  <div class='ocr_page' id='page_1' title='image "/cluster/home/n/w/nwhite01/storage/ocr_20150623/48/pst.000005712458/557.png"; bbox 0 0 4154 6320; ppageno 0'>
   <div class='ocr_carea' id='block_1_1' title="bbox 692 415 823 471">
    <p class='ocr_par' dir='ltr' id='par_1_1' title="bbox 692 415 823 471">
     <span class='ocr_line' id='line_1_1' title="bbox 692 415 823 471; baseline 0.023 -3"><span class='ocrx_word' id='word_1_1' title='bbox 692 415 823 471; x_wconf 74' lang='grc'><strong>1071</strong></span> 
     </span>
    </p>
   </div>
   <div class='ocr_carea' id='block_1_2' title="bbox 694 530 2276 598">
    <p class='ocr_par' dir='ltr' id='par_1_2' title="bbox 694 530 2276 598">
     <span class='ocr_line' id='line_1_2' title="bbox 694 530 2276 598; baseline 0 -17"><span class='ocrx_word' id='word_1_2' title='bbox 694 546 833 585; x_wconf 74' lang='lat' dir='ltr'><strong>titus.</strong></span> <span class='ocrx_word' id='word_1_3' title='bbox 868 530 1219 585; x_wconf 78' lang='lat' dir='ltr'><strong>Attendamus</strong></span> <span class='ocrx_word' id='word_1_4' title='bbox 1274 530 1428 585; x_wconf 85' lang='lat' dir='ltr'><strong>nobis</strong></span> <span class='ocrx_word' id='word_1_5' title='bbox 1456 530 1608 598; x_wconf 84' lang='lat' dir='ltr'><strong>ipsis,</strong></span> <span class='ocrx_word' id='word_1_6' title='bbox 1649 544 1824 598; x_wconf 84' lang='lat' dir='ltr'><strong>neque</strong></span> <span class='ocrx_word' id='word_1_7' title='bbox 1850 544 1916 583; x_wconf 88' lang='lat' dir='ltr'><strong>ex</strong></span> <span class='ocrx_word' id='word_1_8' title='bbox 1966 536 2276 595; x_wconf 81' lang='lat' dir='ltr'><strong>contenqu</strong></span> 
     </span>
    </p>
   </div>
   <div class='ocr_carea' id='block_1_3' title="bbox 697 598 2282 668">
    <p class='ocr_par' dir='ltr' id='par_1_3' title="bbox 697 598 2282 668">
     <span class='ocr_line' id='line_1_3' title="bbox 697 598 2282 668; baseline -0.001 -16"><span class='ocrx_word' id='word_1_9' title='bbox 697 615 833 668; x_wconf 81' lang='lat' dir='ltr'><strong>opus</strong></span> <span class='ocrx_word' id='word_1_10' title='bbox 864 600 1020 665; x_wconf 82' lang='lat' dir='ltr'><strong>hujus</strong></span> <span class='ocrx_word' id='word_1_11' title='bbox 1046 599 1241 657; x_wconf 63' lang='lat' dir='ltr'><strong>divinae</strong></span> <span class='ocrx_word' id='word_1_12' title='bbox 1266 601 1629 655; x_wconf 77' lang='lat' dir='ltr'><strong>similitudinis</strong></span> <span class='ocrx_word' id='word_1_13' title='bbox 1650 600 1990 654; x_wconf 81' lang='lat' dir='ltr'><strong>destruamus</strong></span> <span class='ocrx_word' id='word_1_14' title='bbox 2009 639 2023 662; x_wconf 92' lang='lat'><strong>,</strong></span> <span class='ocrx_word' id='word_1_15' title='bbox 2046 612 2115 651; x_wconf 89' lang='lat' dir='ltr'><strong>eo</strong></span> <span class='ocrx_word' id='word_1_16' title='bbox 2139 598 2282 668; x_wconf 86' lang='lat' dir='ltr'><strong>quod</strong></span> 
     </span>
    </p>
   </div>
   <div class='ocr_carea' id='block_1_4' title="bbox 699 667 2281 725">
    <p class='ocr_par' dir='ltr' id='par_1_4' title="bbox 699 667 2281 725">
     <span class='ocr_line' id='line_1_4' title="bbox 699 667 2281 725; baseline 0 -5"><span class='ocrx_word' id='word_1_17' title='bbox 699 667 905 723; x_wconf 85' lang='lat' dir='ltr'><strong>moram</strong></span> <span class='ocrx_word' id='word_1_18' title='bbox 934 668 1090 723; x_wconf 92' lang='lat' dir='ltr'><strong>faciat</strong></span> <span class='ocrx_word' id='word_1_19' title='bbox 1116 672 1299 725; x_wconf 89' lang='lat' dir='ltr'><strong>venire</strong></span> <span class='ocrx_word' id='word_1_20' title='bbox 1326 670 1581 724; x_wconf 88' lang='lat' dir='ltr'><strong>Dominus</strong></span> <span class='ocrx_word' id='word_1_21' title='bbox 1627 688 1640 723; x_wconf 89' lang='lat'><strong>:</strong></span> <span class='ocrx_word' id='word_1_22' title='bbox 1671 686 1741 724; x_wconf 88' lang='lat' dir='ltr'><strong>ne</strong></span> <span class='ocrx_word' id='word_1_23' title='bbox 1770 669 1912 723; x_wconf 83' lang='lat' dir='ltr'><strong>inani</strong></span> <span class='ocrx_word' id='word_1_24' title='bbox 1947 682 2053 723; x_wconf 78' lang='lat' dir='ltr'><strong>nos</strong></span> <span class='ocrx_word' id='word_1_25' title='bbox 2090 667 2281 720; x_wconf 86' lang='lat' dir='ltr'><strong>fiducia</strong></span> 
     </span>
    </p>
   </div>
   <div class='ocr_carea' id='block_1_5' title="bbox 698 736 2283 809">
    <p class='ocr_par' dir='ltr' id='par_1_5' title="bbox 698 736 2283 809">
     <span class='ocr_line' id='line_1_5' title="bbox 698 736 2283 809; baseline -0.002 -17"><span class='ocrx_word' id='word_1_26' title='bbox 698 738 964 803; x_wconf 78' lang='lat' dir='ltr'><strong>fallamus,</strong></span> <span class='ocrx_word' id='word_1_27' title='bbox 985 748 1041 793; x_wconf 90' lang='lat' dir='ltr'><strong>ut</strong></span> <span class='ocrx_word' id='word_1_28' title='bbox 1073 741 1281 793; x_wconf 87' lang='lat' dir='ltr'><strong>Domini</strong></span> <span class='ocrx_word' id='word_1_29' title='bbox 1308 751 1572 809; x_wconf 63' lang='lat' dir='ltr'><strong>praecepta</strong></span> <span class='ocrx_word' id='word_1_30' title='bbox 1600 740 1860 793; x_wconf 76' lang='lat' dir='ltr'><strong>violemus</strong></span> <span class='ocrx_word' id='word_1_31' title='bbox 1879 779 1894 799; x_wconf 88' lang='lat'><strong>,</strong></span> <span class='ocrx_word' id='word_1_32' title='bbox 1927 753 2060 809; x_wconf 84' lang='lat' dir='ltr'><strong>neve</strong></span> <span class='ocrx_word' id='word_1_33' title='bbox 2084 736 2283 809; x_wconf 61' lang='lat' dir='ltr'><strong>despe«</strong></span> 
     </span>
    </p>
   </div>
   <div class='ocr_carea' id='block_1_6' title="bbox 701 808 2281 878">
    <p class='ocr_par' dir='ltr' id='par_1_6' title="bbox 701 808 2281 878">
     <span class='ocr_line' id='line_1_6' title="bbox 701 808 2281 878; baseline -0.001 -17"><span class='ocrx_word' id='word_1_34' title='bbox 701 819 880 863; x_wconf 85' lang='lat' dir='ltr'><strong>rantes</strong></span> <span class='ocrx_word' id='word_1_35' title='bbox 911 809 1049 862; x_wconf 92' lang='lat' dir='ltr'><strong>istud</strong></span> <span class='ocrx_word' id='word_1_36' title='bbox 1081 826 1179 863; x_wconf 89' lang='lat' dir='ltr'><strong>nos</strong></span> <span class='ocrx_word' id='word_1_37' title='bbox 1206 810 1463 878; x_wconf 82' lang='lat' dir='ltr'><strong>censequi</strong></span> <span class='ocrx_word' id='word_1_38' title='bbox 1488 808 1667 877; x_wconf 81' lang='lat' dir='ltr'><strong>posse,</strong></span> <span class='ocrx_word' id='word_1_39' title='bbox 1715 808 2119 862; x_wconf 75' lang='lat' dir='ltr'><strong>similitudinem</strong></span> <span class='ocrx_word' id='word_1_40' title='bbox 2145 847 2161 867; x_wconf 88' lang='lat'><strong>,</strong></span> <span class='ocrx_word' id='word_1_41' title='bbox 2193 808 2281 878; x_wconf 90' lang='lat' dir='ltr'><strong>in-</strong></span> 
     </span>
    </p>
   </div>
   <div class='ocr_carea' id='block_1_7' title="bbox 701 877 2285 948">
    <p class='ocr_par' dir='ltr' id='par_1_7' title="bbox 701 877 2285 948">
     <span class='ocr_line' id='line_1_7' title="bbox 701 877 2285 948; baseline -0.003 -15"><span class='ocrx_word' id='word_1_42' title='bbox 701 895 880 948; x_wconf 63' lang='lat' dir='ltr'><strong>quam,</strong></span> <span class='ocrx_word' id='word_1_43' title='bbox 916 880 1035 941; x_wconf 89' lang='lat' dir='ltr'><strong>Dei,</strong></span> <span class='ocrx_word' id='word_1_44' title='bbox 1068 890 1339 933; x_wconf 74' lang='lat' dir='ltr'><strong>certamen</strong></span> <span class='ocrx_word' id='word_1_45' title='bbox 1366 877 1679 934; x_wconf 80' lang='lat' dir='ltr'><strong>deseramus</strong></span> <span class='ocrx_word' id='word_1_46' title='bbox 1712 894 1938 933; x_wconf 87' lang='lat' dir='ltr'><strong>:verum</strong></span> <span class='ocrx_word' id='word_1_47' title='bbox 1964 878 2112 948; x_wconf 9' lang='lat' dir='ltr'><strong>adsit;</strong></span> <span class='ocrx_word' id='word_1_48' title='bbox 2130 877 2285 930; x_wconf 87' lang='lat' dir='ltr'><strong>nobis</strong></span> 
     </span>
    </p>
   </div>
   <div class='ocr_carea' id='block_1_8' title="bbox 696 946 2287 1019">
    <p class='ocr_par' dir='ltr' id='par_1_8' title="bbox 696 946 2287 1019">
     <span class='ocr_line' id='line_1_8' title="bbox 696 946 2287 1019; baseline -0.002 -18"><span class='ocrx_word' id='word_1_49' title='bbox 696 946 823 1019; x_wconf 70' lang='lat' dir='ltr'><strong>spes</strong></span> <span class='ocrx_word' id='word_1_50' title='bbox 858 959 1080 1018; x_wconf 77' lang='lat' dir='ltr'><strong>propter</strong></span> <span class='ocrx_word' id='word_1_51' title='bbox 1122 966 1266 1011; x_wconf 86' lang='lat' dir='ltr'><strong>eum,</strong></span> <span class='ocrx_word' id='word_1_52' title='bbox 1292 948 1384 1019; x_wconf 87' lang='lat' dir='ltr'><strong>qui</strong></span> <span class='ocrx_word' id='word_1_53' title='bbox 1409 950 1680 1018; x_wconf 62' lang='lat' dir='ltr'><strong>praecepit,</strong></span> <span class='ocrx_word' id='word_1_54' title='bbox 1723 957 1778 1002; x_wconf 93' lang='lat' dir='ltr'><strong>et</strong></span> <span class='ocrx_word' id='word_1_55' title='bbox 1805 949 1871 1002; x_wconf 87' lang='lat' dir='ltr'><strong>ad</strong></span> <span class='ocrx_word' id='word_1_56' title='bbox 1897 948 1949 1001; x_wconf 88' lang='lat' dir='ltr'><strong>id</strong></span> <span class='ocrx_word' id='word_1_57' title='bbox 1976 946 2287 1019; x_wconf 17' lang='lat' dir='ltr'><strong>quod‘przr-</strong></span> 
     </span>
    </p>
   </div>
   <div class='ocr_carea' id='block_1_9' title="bbox 697 1016 2282 1089">
    <p class='ocr_par' dir='ltr' id='par_1_9' title="bbox 697 1016 2282 1089">
     <span class='ocr_line' id='line_1_9' title="bbox 697 1016 2282 1089; baseline -0.003 -16"><span class='ocrx_word' id='word_1_58' title='bbox 697 1016 914 1087; x_wconf 72' lang='lat' dir='ltr'><strong>ceptum</strong></span> <span class='ocrx_word' id='word_1_59' title='bbox 949 1016 1033 1073; x_wconf 82' lang='lat' dir='ltr'><strong>est</strong></span> <span class='ocrx_word' id='word_1_60' title='bbox 1068 1016 1491 1089; x_wconf 67' lang='lat' dir='ltr'><strong>exsequendum,</strong></span> <span class='ocrx_word' id='word_1_61' title='bbox 1518 1016 1704 1083; x_wconf 86' lang='lat' dir='ltr'><strong>robur,</strong></span> <span class='ocrx_word' id='word_1_62' title='bbox 1736 1019 1985 1089; x_wconf 70' lang='lat' dir='ltr'><strong>viresque</strong></span> <span class='ocrx_word' id='word_1_63' title='bbox 2014 1016 2239 1089; x_wconf 79' lang='lat' dir='ltr'><strong>largitur</strong></span> <span class='ocrx_word' id='word_1_64' title='bbox 2266 1033 2282 1068; x_wconf 93' lang='lat'><strong>:</strong></span> 
     </span>
    </p>
   </div>
   <div class='ocr_carea' id='block_1_10' title="bbox 697 1087 2285 1157">
    <p class='ocr_par' dir='ltr' id='par_1_10' title="bbox 697 1087 2285 1157">
     <span class='ocr_line' id='line_1_10' title="bbox 697 1087 2285 1157; baseline -0.003 -15"><span class='ocrx_word' id='word_1_65' title='bbox 697 1097 1037 1157; x_wconf 81' lang='lat' dir='ltr'><strong>contemptus</strong></span> <span class='ocrx_word' id='word_1_66' title='bbox 1078 1087 1280 1152; x_wconf 86' lang='lat' dir='ltr'><strong>autem,</strong></span> <span class='ocrx_word' id='word_1_67' title='bbox 1322 1098 1377 1143; x_wconf 93' lang='lat' dir='ltr'><strong>et</strong></span> <span class='ocrx_word' id='word_1_68' title='bbox 1420 1089 1623 1143; x_wconf 87' lang='lat' dir='ltr'><strong>incuria</strong></span> <span class='ocrx_word' id='word_1_69' title='bbox 1650 1089 1810 1153; x_wconf 83' lang='lat' dir='ltr'><strong>absit,</strong></span> <span class='ocrx_word' id='word_1_70' title='bbox 1838 1088 1982 1157; x_wconf 89' lang='lat' dir='ltr'><strong>quod</strong></span> <span class='ocrx_word' id='word_1_71' title='bbox 2009 1087 2285 1156; x_wconf 87' lang='lat' dir='ltr'><strong>graviores</strong></span> 
     </span>
    </p>
   </div>
   <div class='ocr_carea' id='block_1_11' title="bbox 700 1157 2283 1228">
    <p class='ocr_par' dir='ltr' id='par_1_11' title="bbox 700 1157 2283 1228">
     <span class='ocr_line' id='line_1_11' title="bbox 700 1157 2283 1228; baseline -0.001 -18"><span class='ocrx_word' id='word_1_72' title='bbox 700 1172 887 1225; x_wconf 65' lang='lat' dir='ltr'><strong>ponas</strong></span> <span class='ocrx_word' id='word_1_73' title='bbox 913 1159 986 1215; x_wconf 84' lang='lat' dir='ltr'><strong>ob</strong></span> <span class='ocrx_word' id='word_1_74' title='bbox 1009 1158 1132 1228; x_wconf 82' lang='lat' dir='ltr'><strong>ejus</strong></span> <span class='ocrx_word' id='word_1_75' title='bbox 1157 1157 1612 1228; x_wconf 86' lang='lat' dir='ltr'><strong>longanimitatem</strong></span> <span class='ocrx_word' id='word_1_76' title='bbox 1639 1168 2015 1226; x_wconf 79' lang='lat' dir='ltr'><strong>exspectemus</strong></span> <span class='ocrx_word' id='word_1_77' title='bbox 2035 1172 2055 1210; x_wconf 90' lang='lat'><strong><em>:</em></strong></span> <span class='ocrx_word' id='word_1_78' title='bbox 2083 1165 2283 1223; x_wconf 86' lang='lat' dir='ltr'><strong>quanto</strong></span> 
     </span>
    </p>
   </div>
   <div class='ocr_carea' id='block_1_12' title="bbox 699 1227 2285 1301">
    <p class='ocr_par' dir='ltr' id='par_1_12' title="bbox 699 1227 2285 1301">
     <span class='ocr_line' id='line_1_12' title="bbox 699 1227 2285 1301; baseline -0.001 -20"><span class='ocrx_word' id='word_1_79' title='bbox 699 1228 843 1301; x_wconf 80' lang='lat' dir='ltr'><strong>enim</strong></span> <span class='ocrx_word' id='word_1_80' title='bbox 862 1227 1142 1284; x_wconf 83' lang='lat' dir='ltr'><strong>cunctatur</strong></span> <span class='ocrx_word' id='word_1_81' title='bbox 1164 1227 1365 1301; x_wconf 71' lang='lat' dir='ltr'><strong>diutius</strong></span> <span class='ocrx_word' id='word_1_82' title='bbox 1380 1229 1717 1301; x_wconf 80' lang='lat' dir='ltr'><strong>longanimis,</strong></span> <span class='ocrx_word' id='word_1_83' title='bbox 1742 1227 2171 1301; x_wconf 81' lang='lat' dir='ltr'><strong>emendationem</strong></span> <span class='ocrx_word' id='word_1_84' title='bbox 2198 1241 2285 1301; x_wconf 76' lang='lat' dir='ltr'><strong>re-</strong></span> 
     </span>
    </p>
   </div>
   <div class='ocr_carea' id='block_1_13' title="bbox 698 1294 2283 1368">
    <p class='ocr_par' dir='ltr' id='par_1_13' title="bbox 698 1294 2283 1368">
     <span class='ocr_line' id='line_1_13' title="bbox 698 1294 2283 1368; baseline -0.001 -18"><span class='ocrx_word' id='word_1_85' title='bbox 698 1298 941 1366; x_wconf 78' lang='lat' dir='ltr'><strong>quirens.</strong></span> <span class='ocrx_word' id='word_1_86' title='bbox 974 1308 1122 1354; x_wconf 91' lang='lat' dir='ltr'><strong>tanto</strong></span> <span class='ocrx_word' id='word_1_87' title='bbox 1146 1294 1361 1368; x_wconf 86' lang='lat' dir='ltr'><strong>gravius</strong></span> <span class='ocrx_word' id='word_1_88' title='bbox 1388 1294 1769 1367; x_wconf 86' lang='lat' dir='ltr'><strong>indignabitur,</strong></span> <span class='ocrx_word' id='word_1_89' title='bbox 1800 1299 1845 1352; x_wconf 86' lang='lat' dir='ltr'><strong>si</strong></span> <span class='ocrx_word' id='word_1_90' title='bbox 1892 1313 2004 1368; x_wconf 86' lang='lat' dir='ltr'><strong>non</strong></span> <span class='ocrx_word' id='word_1_91' title='bbox 2026 1294 2283 1349; x_wconf 83' lang='lat' dir='ltr'><strong>emende-</strong></span> 
     </span>
    </p>
   </div>
   <div class='ocr_carea' id='block_1_14' title="bbox 704 1367 2288 1437">
    <p class='ocr_par' dir='ltr' id='par_1_14' title="bbox 704 1367 2288 1437">
     <span class='ocr_line' id='line_1_14' title="bbox 704 1367 2288 1437; baseline -0.003 -15"><span class='ocrx_word' id='word_1_92' title='bbox 704 1384 846 1434; x_wconf 87' lang='lat' dir='ltr'><strong>mur,</strong></span> <span class='ocrx_word' id='word_1_93' title='bbox 872 1375 929 1423; x_wconf 91' lang='lat' dir='ltr'><strong>et</strong></span> <span class='ocrx_word' id='word_1_94' title='bbox 954 1369 1007 1422; x_wconf 92' lang='lat' dir='ltr'><strong>in</strong></span> <span class='ocrx_word' id='word_1_95' title='bbox 1034 1382 1134 1423; x_wconf 90' lang='lat' dir='ltr'><strong>nos</strong></span> <span class='ocrx_word' id='word_1_96' title='bbox 1156 1367 1219 1422; x_wconf 79' lang='lat' dir='ltr'><strong>ut</strong></span> <span class='ocrx_word' id='word_1_97' title='bbox 1244 1369 1529 1423; x_wconf 75' lang='lat' dir='ltr'><strong>violatores</strong></span> <span class='ocrx_word' id='word_1_98' title='bbox 1550 1368 1738 1437; x_wconf 65' lang='lat' dir='ltr'><strong>gratia:</strong></span> <span class='ocrx_word' id='word_1_99' title='bbox 1761 1382 1873 1421; x_wconf 64' lang='lat' dir='ltr'><strong>sum</strong></span> <span class='ocrx_word' id='word_1_100' title='bbox 1898 1367 2098 1421; x_wconf 82' lang='lat' dir='ltr'><strong>acriter</strong></span> <span class='ocrx_word' id='word_1_101' title='bbox 2118 1368 2288 1433; x_wconf 81' lang='lat' dir='ltr'><strong>impe-</strong></span> 
     </span>
    </p>
   </div>
   <div class='ocr_carea' id='block_1_15' title="bbox 702 1437 2282 1505">
    <p class='ocr_par' dir='ltr' id='par_1_15' title="bbox 702 1437 2282 1505">
     <span class='ocr_line' id='line_1_15' title="bbox 702 1437 2282 1505; baseline 0 -15"><span class='ocrx_word' id='word_1_102' title='bbox 702 1447 814 1493; x_wconf 87' lang='lat' dir='ltr'><strong>tum</strong></span> <span class='ocrx_word' id='word_1_103' title='bbox 854 1437 1029 1494; x_wconf 79' lang='lat' dir='ltr'><strong>faciet.</strong></span> <span class='ocrx_word' id='word_1_104' title='bbox 1076 1438 1499 1493; x_wconf 83' lang='lat' dir='ltr'><strong>Cootemnantur</strong></span> <span class='ocrx_word' id='word_1_105' title='bbox 1536 1449 1715 1492; x_wconf 89' lang='lat' dir='ltr'><strong>autem</strong></span> <span class='ocrx_word' id='word_1_106' title='bbox 1751 1452 1783 1491; x_wconf 92' lang='lat' dir='ltr'><strong>a</strong></span> <span class='ocrx_word' id='word_1_107' title='bbox 1808 1437 1962 1491; x_wconf 90' lang='lat' dir='ltr'><strong>vobis</strong></span> <span class='ocrx_word' id='word_1_108' title='bbox 1996 1438 2171 1505; x_wconf 82' lang='lat' dir='ltr'><strong>potius</strong></span> <span class='ocrx_word' id='word_1_109' title='bbox 2194 1449 2282 1490; x_wconf 87' lang='lat' dir='ltr'><strong>res</strong></span> 
     </span>
    </p>
   </div>
   <div class='ocr_carea' id='block_1_16' title="bbox 703 1507 2284 1576">
    <p class='ocr_par' dir='ltr' id='par_1_16' title="bbox 703 1507 2284 1576">
     <span class='ocr_line' id='line_1_16' title="bbox 703 1507 2284 1576; baseline -0.002 -15"><span class='ocrx_word' id='word_1_110' title='bbox 703 1508 863 1576; x_wconf 80' lang='lat' dir='ltr'><strong>hujus</strong></span> <span class='ocrx_word' id='word_1_111' title='bbox 882 1509 1062 1563; x_wconf 65' lang='lat' dir='ltr'><strong>saeculi</strong></span> <span class='ocrx_word' id='word_1_112' title='bbox 1083 1524 1291 1574; x_wconf 80' lang='lat' dir='ltr'><strong>omnes,</strong></span> <span class='ocrx_word' id='word_1_113' title='bbox 1314 1524 1472 1576; x_wconf 84' lang='lat' dir='ltr'><strong>quam</strong></span> <span class='ocrx_word' id='word_1_114' title='bbox 1490 1508 1727 1562; x_wconf 90' lang='lat' dir='ltr'><strong>divinum</strong></span> <span class='ocrx_word' id='word_1_115' title='bbox 1758 1507 2094 1562; x_wconf 86' lang='lat' dir='ltr'><strong>mandatum:</strong></span> <span class='ocrx_word' id='word_1_116' title='bbox 2118 1507 2284 1558; x_wconf 88' lang='lat' dir='ltr'><strong>multa</strong></span> 
     </span>
    </p>
   </div>
   <div class='ocr_carea' id='block_1_17' title="bbox 700 1576 2283 1649">
    <p class='ocr_par' dir='ltr' id='par_1_17' title="bbox 700 1576 2283 1649">
     <span class='ocr_line' id='line_1_17' title="bbox 700 1576 2283 1649; baseline -0.003 -17"><span class='ocrx_word' id='word_1_117' title='bbox 700 1578 967 1649; x_wconf 78' lang='lat' dir='ltr'><strong>siquidem</strong></span> <span class='ocrx_word' id='word_1_118' title='bbox 996 1588 1138 1649; x_wconf 79' lang='lat' dir='ltr'><strong>sunt,</strong></span> <span class='ocrx_word' id='word_1_119' title='bbox 1166 1594 1287 1649; x_wconf 74' lang='lat' dir='ltr'><strong>qua:</strong></span> <span class='ocrx_word' id='word_1_120' title='bbox 1315 1576 1478 1649; x_wconf 87' lang='lat' dir='ltr'><strong>facile</strong></span> <span class='ocrx_word' id='word_1_121' title='bbox 1496 1578 1948 1649; x_wconf 74' lang='lat' dir='ltr'><strong>excandescentes</strong></span> <span class='ocrx_word' id='word_1_122' title='bbox 1971 1576 2039 1630; x_wconf 93' lang='lat' dir='ltr'><strong>ad</strong></span> <span class='ocrx_word' id='word_1_123' title='bbox 2068 1576 2283 1649; x_wconf 83' lang='lat' dir='ltr'><strong>iracun-</strong></span> 
     </span>
    </p>
   </div>
   <div class='ocr_carea' id='block_1_18' title="bbox 700 1646 2283 1717">
    <p class='ocr_par' dir='ltr' id='par_1_18' title="bbox 700 1646 2283 1717">
     <span class='ocr_line' id='line_1_18' title="bbox 700 1646 2283 1717; baseline -0.001 -17"><span class='ocrx_word' id='word_1_124' title='bbox 700 1646 844 1702; x_wconf 82' lang='lat' dir='ltr'><strong>diam</strong></span> <span class='ocrx_word' id='word_1_125' title='bbox 883 1646 1198 1717; x_wconf 52' lang='lat' dir='ltr'><strong>impellunt;</strong></span> <span class='ocrx_word' id='word_1_126' title='bbox 1224 1648 1326 1714; x_wconf 91' lang='lat' dir='ltr'><strong>Qui</strong></span> <span class='ocrx_word' id='word_1_127' title='bbox 1356 1664 1485 1702; x_wconf 90' lang='lat' dir='ltr'><strong>vero</strong></span> <span class='ocrx_word' id='word_1_128' title='bbox 1519 1646 1779 1702; x_wconf 79' lang='lat' dir='ltr'><strong>tremendi</strong></span> <span class='ocrx_word' id='word_1_129' title='bbox 1810 1648 1950 1715; x_wconf 81' lang='lat' dir='ltr'><strong>regis</strong></span> <span class='ocrx_word' id='word_1_130' title='bbox 1976 1646 2283 1717; x_wconf 82' lang='lat' dir='ltr'><strong>mandatum</strong></span> 
     </span>
    </p>
   </div>
   <div class='ocr_carea' id='block_1_19' title="bbox 704 1716 2287 1786">
    <p class='ocr_par' dir='ltr' id='par_1_19' title="bbox 704 1716 2287 1786">
     <span class='ocr_line' id='line_1_19' title="bbox 704 1716 2287 1786; baseline -0.003 -14"><span class='ocrx_word' id='word_1_131' title='bbox 704 1727 940 1781; x_wconf 78' lang='lat' dir='ltr'><strong>veretur,</strong></span> <span class='ocrx_word' id='word_1_132' title='bbox 966 1716 1038 1773; x_wconf 84' lang='lat' dir='ltr'><strong>ne</strong></span> <span class='ocrx_word' id='word_1_133' title='bbox 1059 1718 1593 1772; x_wconf 85' lang='lat' dir='ltr'><strong>omninoiraseamur</strong></span> <span class='ocrx_word' id='word_1_134' title='bbox 1613 1717 1966 1786; x_wconf 78' lang='lat' dir='ltr'><strong>prohibentis,</strong></span> <span class='ocrx_word' id='word_1_135' title='bbox 1992 1730 2181 1786; x_wconf 78' lang='lat' dir='ltr'><strong>omnes</strong></span> <span class='ocrx_word' id='word_1_136' title='bbox 2210 1716 2287 1786; x_wconf 79' lang='lat' dir='ltr'><strong>fa-</strong></span> 
     </span>
    </p>
   </div>
   <div class='ocr_carea' id='block_1_20' title="bbox 702 1784 2285 1857">
    <p class='ocr_par' dir='ltr' id='par_1_20' title="bbox 702 1784 2285 1857">
     <span class='ocr_line' id='line_1_20' title="bbox 702 1784 2285 1857; baseline -0.001 -16"><span class='ocrx_word' id='word_1_137' title='bbox 702 1788 810 1841; x_wconf 89' lang='lat' dir='ltr'><strong>cile</strong></span> <span class='ocrx_word' id='word_1_138' title='bbox 834 1797 1183 1852; x_wconf 90' lang='lat' dir='ltr'><strong>contemnet,</strong></span> <span class='ocrx_word' id='word_1_139' title='bbox 1214 1789 1302 1857; x_wconf 89' lang='lat' dir='ltr'><strong>qui</strong></span> <span class='ocrx_word' id='word_1_140' title='bbox 1332 1789 1503 1857; x_wconf 85' lang='lat' dir='ltr'><strong>ipsum</strong></span> <span class='ocrx_word' id='word_1_141' title='bbox 1543 1784 1811 1841; x_wconf 85' lang='lat' dir='ltr'><strong>voluerint</strong></span> <span class='ocrx_word' id='word_1_142' title='bbox 1840 1787 2075 1857; x_wconf 75' lang='lat' dir='ltr'><strong>irritare.</strong></span> <span class='ocrx_word' id='word_1_143' title='bbox 2106 1784 2285 1839; x_wconf 84' lang='lat' dir='ltr'><strong>Facile</strong></span> 
     </span>
    </p>
   </div>
   <div class='ocr_carea' id='block_1_21' title="bbox 706 1856 2287 1926">
    <p class='ocr_par' dir='ltr' id='par_1_21' title="bbox 706 1856 2287 1926">
     <span class='ocr_line' id='line_1_21' title="bbox 706 1856 2287 1926; baseline -0.004 -13"><span class='ocrx_word' id='word_1_144' title='bbox 706 1873 865 1925; x_wconf 89' lang='lat' dir='ltr'><strong>porro</strong></span> <span class='ocrx_word' id='word_1_145' title='bbox 888 1872 982 1913; x_wconf 85' lang='lat' dir='ltr'><strong>eos</strong></span> <span class='ocrx_word' id='word_1_146' title='bbox 1008 1856 1274 1919; x_wconf 81' lang='lat' dir='ltr'><strong>tolerabit,</strong></span> <span class='ocrx_word' id='word_1_147' title='bbox 1304 1856 1549 1926; x_wconf 81' lang='lat' dir='ltr'><strong>aquibus</strong></span> <span class='ocrx_word' id='word_1_148' title='bbox 1576 1872 1825 1912; x_wconf 89' lang='lat' dir='ltr'><strong>sermone</strong></span> <span class='ocrx_word' id='word_1_149' title='bbox 1849 1856 2167 1926; x_wconf 73' lang='lat' dir='ltr'><strong>offenditur:</strong></span> <span class='ocrx_word' id='word_1_150' title='bbox 2201 1869 2287 1926; x_wconf 88' lang='lat' dir='ltr'><strong>pa-</strong></span> 
     </span>
    </p>
   </div>
   <div class='ocr_carea' id='block_1_22' title="bbox 705 1924 2287 1995">
    <p class='ocr_par' dir='ltr' id='par_1_22' title="bbox 705 1924 2287 1995">
     <span class='ocr_line' id='line_1_22' title="bbox 705 1924 2287 1995; baseline -0.001 -16"><span class='ocrx_word' id='word_1_151' title='bbox 705 1930 901 1982; x_wconf 72' lang='lat' dir='ltr'><strong>tienter</strong></span> <span class='ocrx_word' id='word_1_152' title='bbox 918 1937 1095 1982; x_wconf 86' lang='lat' dir='ltr'><strong>autem</strong></span> <span class='ocrx_word' id='word_1_153' title='bbox 1124 1944 1310 1981; x_wconf 88' lang='lat' dir='ltr'><strong>eorum</strong></span> <span class='ocrx_word' id='word_1_154' title='bbox 1337 1924 1469 1982; x_wconf 82' lang='lat' dir='ltr'><strong>feret</strong></span> <span class='ocrx_word' id='word_1_155' title='bbox 1486 1927 1729 1995; x_wconf 82' lang='lat' dir='ltr'><strong>injurias.</strong></span> <span class='ocrx_word' id='word_1_156' title='bbox 1758 1942 1787 1979; x_wconf 89' lang='lat' dir='ltr'><strong>a</strong></span> <span class='ocrx_word' id='word_1_157' title='bbox 1808 1926 2001 1994; x_wconf 88' lang='lat' dir='ltr'><strong>quibus</strong></span> <span class='ocrx_word' id='word_1_158' title='bbox 2028 1924 2180 1979; x_wconf 82' lang='lat' dir='ltr'><strong>factis</strong></span> <span class='ocrx_word' id='word_1_159' title='bbox 2207 1925 2287 1993; x_wconf 89' lang='lat' dir='ltr'><strong>ip-</strong></span> 
     </span>
    </p>
   </div>
   <div class='ocr_carea' id='block_1_23' title="bbox 704 1995 2285 2069">
    <p class='ocr_par' dir='ltr' id='par_1_23' title="bbox 704 1995 2285 2069">
     <span class='ocr_line' id='line_1_23' title="bbox 704 1995 2285 2069; baseline -0.001 -19"><span class='ocrx_word' id='word_1_160' title='bbox 704 1999 776 2050; x_wconf 73' lang='lat' dir='ltr'><strong>sis</strong></span> <span class='ocrx_word' id='word_1_161' title='bbox 806 1998 1061 2069; x_wconf 67' lang='lat' dir='ltr'><strong>Imitetur;</strong></span> <span class='ocrx_word' id='word_1_162' title='bbox 1097 2008 1151 2052; x_wconf 85' lang='lat' dir='ltr'><strong>et</strong></span> <span class='ocrx_word' id='word_1_163' title='bbox 1176 1997 1494 2069; x_wconf 85' lang='lat' dir='ltr'><strong>percutienti</strong></span> <span class='ocrx_word' id='word_1_164' title='bbox 1536 1998 1803 2069; x_wconf 78' lang='lat' dir='ltr'><strong>maxillam</strong></span> <span class='ocrx_word' id='word_1_165' title='bbox 1831 1996 2099 2069; x_wconf 66' lang='lat' dir='ltr'><strong>praebebit</strong></span> <span class='ocrx_word' id='word_1_166' title='bbox 2114 2005 2170 2050; x_wconf 92' lang='lat' dir='ltr'><strong>et</strong></span> <span class='ocrx_word' id='word_1_167' title='bbox 2200 1995 2285 2049; x_wconf 86' lang='lat' dir='ltr'><strong>al-</strong></span> 
     </span>
    </p>
   </div>
   <div class='ocr_carea' id='block_1_24' title="bbox 707 2067 2283 2137">
    <p class='ocr_par' dir='ltr' id='par_1_24' title="bbox 707 2067 2283 2137">
     <span class='ocr_line' id='line_1_24' title="bbox 707 2067 2283 2137; baseline -0.001 -17"><span class='ocrx_word' id='word_1_168' title='bbox 707 2079 898 2131; x_wconf 77' lang='lat' dir='ltr'><strong>teram,</strong></span> <span class='ocrx_word' id='word_1_169' title='bbox 919 2067 1249 2137; x_wconf 70' lang='lat' dir='ltr'><strong>verbumqim</strong></span> <span class='ocrx_word' id='word_1_170' title='bbox 1274 2078 1429 2136; x_wconf 85' lang='lat' dir='ltr'><strong>turpe</strong></span> <span class='ocrx_word' id='word_1_171' title='bbox 1456 2068 1795 2121; x_wconf 67' lang='lat' dir='ltr'><strong>contumeliae</strong></span> <span class='ocrx_word' id='word_1_172' title='bbox 1823 2081 1980 2120; x_wconf 73' lang='lat' dir='ltr'><strong>causa</strong></span> <span class='ocrx_word' id='word_1_173' title='bbox 1998 2067 2283 2134; x_wconf 85' lang='lat' dir='ltr'><strong>jacientem</strong></span> 
     </span>
    </p>
   </div>
   <div class='ocr_carea' id='block_1_25' title="bbox 707 2137 2287 2204">
    <p class='ocr_par' dir='ltr' id='par_1_25' title="bbox 707 2137 2287 2204">
     <span class='ocr_line' id='line_1_25' title="bbox 707 2137 2287 2204; baseline -0.001 -13"><span class='ocrx_word' id='word_1_174' title='bbox 707 2143 969 2204; x_wconf 81' lang='lat' dir='ltr'><strong>gen&#39;emse</strong></span> <span class='ocrx_word' id='word_1_175' title='bbox 992 2152 1056 2191; x_wconf 89' lang='lat' dir='ltr'><strong>ac</strong></span> <span class='ocrx_word' id='word_1_176' title='bbox 1079 2138 1289 2192; x_wconf 80' lang='lat' dir='ltr'><strong>fortiter</strong></span> <span class='ocrx_word' id='word_1_177' title='bbox 1320 2139 1475 2201; x_wconf 84' lang='lat' dir='ltr'><strong>feret,</strong></span> <span class='ocrx_word' id='word_1_178' title='bbox 1502 2137 1799 2190; x_wconf 88' lang='lat' dir='ltr'><strong>admirabili</strong></span> <span class='ocrx_word' id='word_1_179' title='bbox 1826 2137 2073 2190; x_wconf 85' lang='lat' dir='ltr'><strong>nimirum</strong></span> <span class='ocrx_word' id='word_1_180' title='bbox 2100 2150 2287 2189; x_wconf 89' lang='lat' dir='ltr'><strong>conso-</strong></span> 
     </span>
    </p>
   </div>
   <div class='ocr_carea' id='block_1_26' title="bbox 708 2206 2287 2275">
    <p class='ocr_par' dir='ltr' id='par_1_26' title="bbox 708 2206 2287 2275">
     <span class='ocr_line' id='line_1_26' title="bbox 708 2206 2287 2275; baseline 0.001 -15"><span class='ocrx_word' id='word_1_181' title='bbox 708 2206 906 2260; x_wconf 82' lang='lat' dir='ltr'><strong>latione</strong></span> <span class='ocrx_word' id='word_1_182' title='bbox 932 2218 1223 2272; x_wconf 85' lang='lat' dir='ltr'><strong>recreatus,</strong></span> <span class='ocrx_word' id='word_1_183' title='bbox 1261 2224 1330 2263; x_wconf 90' lang='lat' dir='ltr'><strong>ex</strong></span> <span class='ocrx_word' id='word_1_184' title='bbox 1366 2207 1599 2274; x_wconf 87' lang='lat' dir='ltr'><strong>eo-quod</strong></span> <span class='ocrx_word' id='word_1_185' title='bbox 1628 2209 1812 2261; x_wconf 81' lang='lat' dir='ltr'><strong>beatus</strong></span> <span class='ocrx_word' id='word_1_186' title='bbox 1842 2207 2160 2275; x_wconf 65' lang='lat' dir='ltr'><strong>pradicetur</strong></span> <span class='ocrx_word' id='word_1_187' title='bbox 2183 2247 2198 2267; x_wconf 90' lang='lat'><strong>,</strong></span> <span class='ocrx_word' id='word_1_188' title='bbox 2222 2221 2287 2261; x_wconf 87' lang='lat' dir='ltr'><strong>ac</strong></span> 
     </span>
    </p>
   </div>
   <div class='ocr_carea' id='block_1_27' title="bbox 709 2276 2287 2347">
    <p class='ocr_par' dir='ltr' id='par_1_27' title="bbox 709 2276 2287 2347">
     <span class='ocr_line' id='line_1_27' title="bbox 709 2276 2287 2347; baseline 0 -18"><span class='ocrx_word' id='word_1_189' title='bbox 709 2278 942 2347; x_wconf 81' lang='lat' dir='ltr'><strong>Domino</strong></span> <span class='ocrx_word' id='word_1_190' title='bbox 953 2278 1207 2347; x_wconf 81' lang='lat' dir='ltr'><strong>ohediens</strong></span> <span class='ocrx_word' id='word_1_191' title='bbox 1237 2279 1535 2347; x_wconf 82' lang='lat' dir='ltr'><strong>reperiatur</strong></span> <span class='ocrx_word' id='word_1_192' title='bbox 1566 2293 1583 2328; x_wconf 85' lang='lat'><strong><em>:</em></strong></span> <span class='ocrx_word' id='word_1_193' title='bbox 1610 2276 1874 2347; x_wconf 82' lang='lat' dir='ltr'><strong>simulque</strong></span> <span class='ocrx_word' id='word_1_194' title='bbox 1902 2277 2157 2347; x_wconf 83' lang='lat' dir='ltr'><strong>reprimat</strong></span> <span class='ocrx_word' id='word_1_195' title='bbox 2179 2276 2287 2329; x_wconf 85' lang='lat' dir='ltr'><strong>ira—</strong></span> 
     </span>
    </p>
   </div>
   <div class='ocr_carea' id='block_1_28' title="bbox 707 2345 2286 2415">
    <p class='ocr_par' dir='ltr' id='par_1_28' title="bbox 707 2345 2286 2415">
     <span class='ocr_line' id='line_1_28' title="bbox 707 2345 2286 2415; baseline -0.001 -14"><span class='ocrx_word' id='word_1_196' title='bbox 707 2346 955 2401; x_wconf 81' lang='lat' dir='ltr'><strong>cundiam</strong></span> <span class='ocrx_word' id='word_1_197' title='bbox 982 2348 1034 2399; x_wconf 91' lang='lat' dir='ltr'><strong>in</strong></span> <span class='ocrx_word' id='word_1_198' title='bbox 1064 2345 1753 2403; x_wconf 49' lang='lat' dir='ltr'><strong>fratremietdenuntiatum</strong></span> <span class='ocrx_word' id='word_1_199' title='bbox 1777 2345 2038 2415; x_wconf 85' lang='lat' dir='ltr'><strong>ejusmodi</strong></span> <span class='ocrx_word' id='word_1_200' title='bbox 2068 2355 2286 2414; x_wconf 89' lang='lat' dir='ltr'><strong>peccato</strong></span> 
     </span>
    </p>
   </div>
   <div class='ocr_carea' id='block_1_29' title="bbox 706 2415 2287 2485">
    <p class='ocr_par' dir='ltr' id='par_1_29' title="bbox 706 2415 2287 2485">
     <span class='ocr_line' id='line_1_29' title="bbox 706 2415 2287 2485; baseline -0.001 -15"><span class='ocrx_word' id='word_1_201' title='bbox 706 2415 1023 2485; x_wconf 72' lang='lat' dir='ltr'><strong>supplicium</strong></span> <span class='ocrx_word' id='word_1_202' title='bbox 1045 2419 1224 2472; x_wconf 78' lang='lat' dir='ltr'><strong>evitet.</strong></span> <span class='ocrx_word' id='word_1_203' title='bbox 1254 2417 1366 2472; x_wconf 82' lang='lat' dir='ltr'><strong>[iac</strong></span> <span class='ocrx_word' id='word_1_204' title='bbox 1400 2419 1599 2471; x_wconf 80' lang='lat' dir='ltr'><strong>etenim</strong></span> <span class='ocrx_word' id='word_1_205' title='bbox 1618 2417 1685 2470; x_wconf 91' lang='lat' dir='ltr'><strong>de</strong></span> <span class='ocrx_word' id='word_1_206' title='bbox 1704 2431 1863 2470; x_wconf 86' lang='lat' dir='ltr'><strong>causa</strong></span> <span class='ocrx_word' id='word_1_207' title='bbox 1891 2431 1991 2471; x_wconf 81' lang='lat' dir='ltr'><strong>nos</strong></span> <span class='ocrx_word' id='word_1_208' title='bbox 2032 2416 2287 2470; x_wconf 86' lang='lat' dir='ltr'><strong>Dominus</strong></span> 
     </span>
    </p>
   </div>
   <div class='ocr_carea' id='block_1_30' title="bbox 705 2486 2285 2556">
    <p class='ocr_par' dir='ltr' id='par_1_30' title="bbox 705 2486 2285 2556">
     <span class='ocr_line' id='line_1_30' title="bbox 705 2486 2285 2556; baseline 0 -15"><span class='ocrx_word' id='word_1_209' title='bbox 705 2486 1041 2548; x_wconf 73' lang='lat' dir='ltr'><strong>cohortatur,</strong></span> <span class='ocrx_word' id='word_1_210' title='bbox 1061 2497 1119 2539; x_wconf 90' lang='lat' dir='ltr'><strong>ut</strong></span> <span class='ocrx_word' id='word_1_211' title='bbox 1136 2502 1236 2541; x_wconf 88' lang='lat' dir='ltr'><strong>nos</strong></span> <span class='ocrx_word' id='word_1_212' title='bbox 1256 2488 1325 2541; x_wconf 87' lang='lat' dir='ltr'><strong>ab</strong></span> <span class='ocrx_word' id='word_1_213' title='bbox 1345 2488 1489 2540; x_wconf 89' lang='lat' dir='ltr'><strong>omni</strong></span> <span class='ocrx_word' id='word_1_214' title='bbox 1516 2486 1992 2555; x_wconf 84' lang='lat' dir='ltr'><strong>perturbationum.</strong></span> <span class='ocrx_word' id='word_1_215' title='bbox 2010 2486 2203 2556; x_wconf 86' lang='lat' dir='ltr'><strong>quibus</strong></span> <span class='ocrx_word' id='word_1_216' title='bbox 2217 2487 2285 2541; x_wconf 85' lang='lat' dir='ltr'><strong>ad</strong></span> 
     </span>
    </p>
   </div>
   <div class='ocr_carea' id='block_1_31' title="bbox 706 2556 2286 2624">
    <p class='ocr_par' dir='ltr' id='par_1_31' title="bbox 706 2556 2286 2624">
     <span class='ocr_line' id='line_1_31' title="bbox 706 2556 2286 2624; baseline 0.001 -14"><span class='ocrx_word' id='word_1_217' title='bbox 706 2571 903 2624; x_wconf 87' lang='lat' dir='ltr'><strong>corpus</strong></span> <span class='ocrx_word' id='word_1_218' title='bbox 938 2557 1221 2619; x_wconf 69' lang='lat' dir='ltr'><strong>afficiuntur,</strong></span> <span class='ocrx_word' id='word_1_219' title='bbox 1278 2559 1598 2624; x_wconf 67' lang='lat' dir='ltr'><strong>contagione</strong></span> <span class='ocrx_word' id='word_1_220' title='bbox 1624 2556 1973 2618; x_wconf 77' lang='lat' dir='ltr'><strong>vindieemus,</strong></span> <span class='ocrx_word' id='word_1_221' title='bbox 2003 2567 2061 2611; x_wconf 93' lang='lat' dir='ltr'><strong>et</strong></span> <span class='ocrx_word' id='word_1_222' title='bbox 2110 2558 2286 2611; x_wconf 83' lang='lat' dir='ltr'><strong>avari-</strong></span> 
     </span>
    </p>
   </div>
   <div class='ocr_carea' id='block_1_32' title="bbox 710 2626 2288 2698">
    <p class='ocr_par' dir='ltr' id='par_1_32' title="bbox 710 2626 2288 2698">
     <span class='ocr_line' id='line_1_32' title="bbox 710 2626 2288 2698; baseline 0 -18"><span class='ocrx_word' id='word_1_223' title='bbox 710 2627 837 2680; x_wconf 86' lang='lat' dir='ltr'><strong>tiam</strong></span> <span class='ocrx_word' id='word_1_224' title='bbox 862 2626 1461 2698; x_wconf 45' lang='lat' dir='ltr'><strong>fugiamuggloriaque</strong></span> <span class='ocrx_word' id='word_1_225' title='bbox 1486 2627 1829 2696; x_wconf 84' lang='lat' dir='ltr'><strong>cupiditatem</strong></span> <span class='ocrx_word' id='word_1_226' title='bbox 1848 2642 2177 2698; x_wconf 83' lang='lat' dir='ltr'><strong>aversemur,</strong></span> <span class='ocrx_word' id='word_1_227' title='bbox 2207 2634 2288 2680; x_wconf 87' lang='lat' dir='ltr'><strong>at-</strong></span> 
     </span>
    </p>
   </div>
   <div class='ocr_carea' id='block_1_33' title="bbox 708 2696 2287 2765">
    <p class='ocr_par' dir='ltr' id='par_1_33' title="bbox 708 2696 2287 2765">
     <span class='ocr_line' id='line_1_33' title="bbox 708 2696 2287 2765; baseline 0.003 -18"><span class='ocrx_word' id='word_1_228' title='bbox 708 2711 815 2764; x_wconf 85' lang='lat' dir='ltr'><strong>que</strong></span> <span class='ocrx_word' id='word_1_229' title='bbox 833 2699 1070 2761; x_wconf 84' lang='lat' dir='ltr'><strong>omnino,</strong></span> <span class='ocrx_word' id='word_1_230' title='bbox 1102 2708 1157 2750; x_wconf 89' lang='lat' dir='ltr'><strong>ut</strong></span> <span class='ocrx_word' id='word_1_231' title='bbox 1174 2696 1241 2752; x_wconf 80' lang='lat' dir='ltr'><strong>ne</strong></span> <span class='ocrx_word' id='word_1_232' title='bbox 1267 2698 1519 2765; x_wconf 87' lang='lat' dir='ltr'><strong>voluptati</strong></span> <span class='ocrx_word' id='word_1_233' title='bbox 1543 2698 1717 2751; x_wconf 90' lang='lat' dir='ltr'><strong>locum</strong></span> <span class='ocrx_word' id='word_1_234' title='bbox 1733 2698 1792 2749; x_wconf 88' lang='lat' dir='ltr'><strong>in</strong></span> <span class='ocrx_word' id='word_1_235' title='bbox 1810 2696 1964 2749; x_wconf 88' lang='lat' dir='ltr'><strong>nobis</strong></span> <span class='ocrx_word' id='word_1_236' title='bbox 1980 2697 2190 2752; x_wconf 88' lang='lat' dir='ltr'><strong>demus.</strong></span> <span class='ocrx_word' id='word_1_237' title='bbox 2221 2712 2287 2751; x_wconf 92' lang='lat' dir='ltr'><strong>ne</strong></span> 
     </span>
    </p>
   </div>
   <div class='ocr_carea' id='block_1_34' title="bbox 708 2766 2281 2834">
    <p class='ocr_par' dir='ltr' id='par_1_34' title="bbox 708 2766 2281 2834">
     <span class='ocr_line' id='line_1_34' title="bbox 708 2766 2281 2834; baseline 0.001 -18"><span class='ocrx_word' id='word_1_238' title='bbox 708 2766 837 2833; x_wconf 78' lang='lat' dir='ltr'><strong>quid</strong></span> <span class='ocrx_word' id='word_1_239' title='bbox 864 2782 929 2820; x_wconf 90' lang='lat' dir='ltr'><strong>ex</strong></span> <span class='ocrx_word' id='word_1_240' title='bbox 976 2768 1091 2822; x_wconf 88' lang='lat' dir='ltr'><strong>istis</strong></span> <span class='ocrx_word' id='word_1_241' title='bbox 1113 2769 1344 2820; x_wconf 88' lang='lat' dir='ltr'><strong>animam</strong></span> <span class='ocrx_word' id='word_1_242' title='bbox 1371 2777 1607 2820; x_wconf 88' lang='lat' dir='ltr'><strong>nostram</strong></span> <span class='ocrx_word' id='word_1_243' title='bbox 1637 2767 1775 2821; x_wconf 87' lang='lat' dir='ltr'><strong>male</strong></span> <span class='ocrx_word' id='word_1_244' title='bbox 1802 2766 2046 2820; x_wconf 79' lang='lat' dir='ltr'><strong>affectam</strong></span> <span class='ocrx_word' id='word_1_245' title='bbox 2070 2766 2281 2834; x_wconf 84' lang='lat' dir='ltr'><strong>reddat,</strong></span> 
     </span>
    </p>
   </div>
   <div class='ocr_carea' id='block_1_35' title="bbox 708 2835 2286 2906">
    <p class='ocr_par' dir='ltr' id='par_1_35' title="bbox 708 2835 2286 2906">
     <span class='ocr_line' id='line_1_35' title="bbox 708 2835 2286 2906; baseline -0.001 -17"><span class='ocrx_word' id='word_1_246' title='bbox 708 2844 765 2891; x_wconf 89' lang='lat' dir='ltr'><strong>et</strong></span> <span class='ocrx_word' id='word_1_247' title='bbox 794 2852 863 2891; x_wconf 91' lang='lat' dir='ltr'><strong>ne</strong></span> <span class='ocrx_word' id='word_1_248' title='bbox 884 2837 1043 2894; x_wconf 88' lang='lat' dir='ltr'><strong>alieni</strong></span> <span class='ocrx_word' id='word_1_249' title='bbox 1069 2853 1098 2890; x_wconf 90' lang='lat' dir='ltr'><strong>a</strong></span> <span class='ocrx_word' id='word_1_250' title='bbox 1120 2837 1321 2905; x_wconf 86' lang='lat' dir='ltr'><strong>Spiritu</strong></span> <span class='ocrx_word' id='word_1_251' title='bbox 1341 2851 1525 2890; x_wconf 87' lang='lat' dir='ltr'><strong>sancto</strong></span> <span class='ocrx_word' id='word_1_252' title='bbox 1556 2837 1860 2891; x_wconf 77' lang='lat' dir='ltr'><strong>reddantur.</strong></span> <span class='ocrx_word' id='word_1_253' title='bbox 1893 2835 1993 2906; x_wconf 85' lang='lat' dir='ltr'><strong>Qui</strong></span> <span class='ocrx_word' id='word_1_254' title='bbox 2019 2837 2161 2890; x_wconf 90' lang='lat' dir='ltr'><strong>enim</strong></span> <span class='ocrx_word' id='word_1_255' title='bbox 2192 2853 2286 2904; x_wconf 85' lang='lat' dir='ltr'><strong>pe-</strong></span> 
     </span>
    </p>
   </div>
   <div class='ocr_carea' id='block_1_36' title="bbox 710 2906 2287 2975">
    <p class='ocr_par' dir='ltr' id='par_1_36' title="bbox 710 2906 2287 2975">
     <span class='ocr_line' id='line_1_36' title="bbox 710 2906 2287 2975; baseline -0.001 -14"><span class='ocrx_word' id='word_1_256' title='bbox 710 2906 896 2961; x_wconf 81' lang='lat' dir='ltr'><strong>cunias</strong></span> <span class='ocrx_word' id='word_1_257' title='bbox 923 2916 1268 2963; x_wconf 75' lang='lat' dir='ltr'><strong>contemnere</strong></span> <span class='ocrx_word' id='word_1_258' title='bbox 1296 2908 1515 2961; x_wconf 89' lang='lat' dir='ltr'><strong>edoctus</strong></span> <span class='ocrx_word' id='word_1_259' title='bbox 1545 2917 1647 2965; x_wconf 76' lang='lat' dir='ltr'><strong>est.</strong></span> <span class='ocrx_word' id='word_1_260' title='bbox 1665 2908 1933 2972; x_wconf 82' lang='lat' dir='ltr'><strong>quoutodo</strong></span> <span class='ocrx_word' id='word_1_261' title='bbox 1963 2917 2287 2975; x_wconf 83' lang='lat' dir='ltr'><strong>prepterpe-</strong></span> 
     </span>
    </p>
   </div>
   <div class='ocr_carea' id='block_1_37' title="bbox 710 2977 2287 3046">
    <p class='ocr_par' dir='ltr' id='par_1_37' title="bbox 710 2977 2287 3046">
     <span class='ocr_line' id='line_1_37' title="bbox 710 2977 2287 3046; baseline -0.001 -15"><span class='ocrx_word' id='word_1_262' title='bbox 710 2978 896 3031; x_wconf 81' lang='lat' dir='ltr'><strong>cunias</strong></span> <span class='ocrx_word' id='word_1_263' title='bbox 948 2977 1241 3032; x_wconf 88' lang='lat' dir='ltr'><strong>irritabitnr</strong></span> <span class='ocrx_word' id='word_1_264' title='bbox 1295 2992 1566 3045; x_wconf 87' lang='lat' dir='ltr'><strong>umquam,</strong></span> <span class='ocrx_word' id='word_1_265' title='bbox 1626 2978 1752 3032; x_wconf 88' lang='lat' dir='ltr'><strong>licet</strong></span> <span class='ocrx_word' id='word_1_266' title='bbox 1791 2978 1880 3039; x_wconf 87' lang='lat' dir='ltr'><strong>sit,</strong></span> <span class='ocrx_word' id='word_1_267' title='bbox 1907 2980 1994 3046; x_wconf 88' lang='lat' dir='ltr'><strong>qui</strong></span> <span class='ocrx_word' id='word_1_268' title='bbox 2028 2990 2121 3031; x_wconf 88' lang='lat' dir='ltr'><strong>eas</strong></span> <span class='ocrx_word' id='word_1_269' title='bbox 2158 2977 2287 3029; x_wconf 88' lang='lat' dir='ltr'><strong>velit</strong></span> 
     </span>
    </p>
   </div>
   <div class='ocr_carea' id='block_1_38' title="bbox 710 3047 2287 3117">
    <p class='ocr_par' dir='ltr' id='par_1_38' title="bbox 710 3047 2287 3117">
     <span class='ocr_line' id='line_1_38' title="bbox 710 3047 2287 3117; baseline -0.001 -17"><span class='ocrx_word' id='word_1_270' title='bbox 710 3047 954 3115; x_wconf 82' lang='lat' dir='ltr'><strong>abripere</strong></span> <span class='ocrx_word' id='word_1_271' title='bbox 977 3048 1001 3101; x_wconf 75' lang='lat' dir='ltr'><strong>l</strong></span> <span class='ocrx_word' id='word_1_272' title='bbox 1023 3048 1086 3101; x_wconf 83' lang='lat' dir='ltr'><strong>Et</strong></span> <span class='ocrx_word' id='word_1_273' title='bbox 1114 3049 1206 3116; x_wconf 85' lang='lat' dir='ltr'><strong>qui</strong></span> <span class='ocrx_word' id='word_1_274' title='bbox 1228 3048 1452 3117; x_wconf 90' lang='lat' dir='ltr'><strong>gloriam</strong></span> <span class='ocrx_word' id='word_1_275' title='bbox 1482 3063 1589 3101; x_wconf 86' lang='lat' dir='ltr'><strong>non</strong></span> <span class='ocrx_word' id='word_1_276' title='bbox 1627 3048 1847 3116; x_wconf 87' lang='lat' dir='ltr'><strong>appetit,</strong></span> <span class='ocrx_word' id='word_1_277' title='bbox 1878 3048 2146 3116; x_wconf 88' lang='lat' dir='ltr'><strong>quomodo</strong></span> <span class='ocrx_word' id='word_1_278' title='bbox 2167 3047 2287 3116; x_wconf 81' lang='lat' dir='ltr'><strong>glo-</strong></span> 
     </span>
    </p>
   </div>
   <div class='ocr_carea' id='block_1_39' title="bbox 713 3117 2289 3186">
    <p class='ocr_par' dir='ltr' id='par_1_39' title="bbox 713 3117 2289 3186">
     <span class='ocr_line' id='line_1_39' title="bbox 713 3117 2289 3186; baseline -0.001 -15"><span class='ocrx_word' id='word_1_279' title='bbox 713 3120 808 3171; x_wconf 68' lang='lat' dir='ltr'><strong>ria</strong></span> <span class='ocrx_word' id='word_1_280' title='bbox 837 3132 995 3172; x_wconf 85' lang='lat' dir='ltr'><strong>causa</strong></span> <span class='ocrx_word' id='word_1_281' title='bbox 1018 3117 1410 3173; x_wconf 75' lang='lat' dir='ltr'><strong>exeandeseetl</strong></span> <span class='ocrx_word' id='word_1_282' title='bbox 1450 3117 1601 3174; x_wconf 84' lang='lat' dir='ltr'><strong>Exue</strong></span> <span class='ocrx_word' id='word_1_283' title='bbox 1644 3118 1820 3186; x_wconf 81' lang='lat' dir='ltr'><strong>itaque</strong></span> <span class='ocrx_word' id='word_1_284' title='bbox 1850 3117 2173 3171; x_wconf 75' lang='lat' dir='ltr'><strong>mundanum</strong></span> <span class='ocrx_word' id='word_1_285' title='bbox 2217 3118 2289 3170; x_wconf 91' lang='lat' dir='ltr'><strong>in-</strong></span> 
     </span>
    </p>
   </div>
   <div class='ocr_carea' id='block_1_40' title="bbox 710 3186 2290 3257">
    <p class='ocr_par' dir='ltr' id='par_1_40' title="bbox 710 3186 2290 3257">
     <span class='ocr_line' id='line_1_40' title="bbox 710 3186 2290 3257; baseline 0 -17"><span class='ocrx_word' id='word_1_286' title='bbox 710 3186 1023 3243; x_wconf 81' lang='lat' dir='ltr'><strong>dumentum</strong></span> <span class='ocrx_word' id='word_1_287' title='bbox 1044 3228 1063 3254; x_wconf 86' lang='lat'><strong>,</strong></span> <span class='ocrx_word' id='word_1_288' title='bbox 1105 3200 1159 3242; x_wconf 90' lang='lat' dir='ltr'><strong>et</strong></span> <span class='ocrx_word' id='word_1_289' title='bbox 1207 3188 1481 3257; x_wconf 82' lang='lat' dir='ltr'><strong>spirituale</strong></span> <span class='ocrx_word' id='word_1_290' title='bbox 1528 3190 1685 3241; x_wconf 83' lang='lat' dir='ltr'><strong>indue</strong></span> <span class='ocrx_word' id='word_1_291' title='bbox 1706 3204 1725 3243; x_wconf 88' lang='lat'><strong>:</strong></span> <span class='ocrx_word' id='word_1_292' title='bbox 1753 3204 1889 3242; x_wconf 86' lang='lat' dir='ltr'><strong>exue</strong></span> <span class='ocrx_word' id='word_1_293' title='bbox 1914 3197 2145 3241; x_wconf 87' lang='lat' dir='ltr'><strong>veterem</strong></span> <span class='ocrx_word' id='word_1_294' title='bbox 2177 3186 2290 3240; x_wconf 84' lang='lat' dir='ltr'><strong>ho—</strong></span> 
     </span>
    </p>
   </div>
   <div class='ocr_carea' id='block_1_41' title="bbox 713 3257 2285 3328">
    <p class='ocr_par' dir='ltr' id='par_1_41' title="bbox 713 3257 2285 3328">
     <span class='ocr_line' id='line_1_41' title="bbox 713 3257 2285 3328; baseline 0.001 -19"><span class='ocrx_word' id='word_1_295' title='bbox 713 3258 911 3312; x_wconf 80' lang='lat' dir='ltr'><strong>minem</strong></span> <span class='ocrx_word' id='word_1_296' title='bbox 932 3300 948 3321; x_wconf 91' lang='lat'><strong>,</strong></span> <span class='ocrx_word' id='word_1_297' title='bbox 978 3268 1038 3311; x_wconf 89' lang='lat' dir='ltr'><strong>ut</strong></span> <span class='ocrx_word' id='word_1_298' title='bbox 1079 3274 1273 3313; x_wconf 83' lang='lat' dir='ltr'><strong>novum</strong></span> <span class='ocrx_word' id='word_1_299' title='bbox 1313 3258 1502 3312; x_wconf 87' lang='lat' dir='ltr'><strong>induas</strong></span> <span class='ocrx_word' id='word_1_300' title='bbox 1533 3279 1548 3312; x_wconf 86' lang='lat'><strong>:</strong></span> <span class='ocrx_word' id='word_1_301' title='bbox 1578 3269 1865 3328; x_wconf 87' lang='lat' dir='ltr'><strong>eapropter</strong></span> <span class='ocrx_word' id='word_1_302' title='bbox 1891 3257 2151 3327; x_wconf 77' lang='lat' dir='ltr'><strong>siquidem</strong></span> <span class='ocrx_word' id='word_1_303' title='bbox 2197 3273 2285 3311; x_wconf 89' lang='lat' dir='ltr'><strong>re-</strong></span> 
     </span>
    </p>
   </div>
   <div class='ocr_carea' id='block_1_42' title="bbox 711 3328 2285 3396">
    <p class='ocr_par' dir='ltr' id='par_1_42' title="bbox 711 3328 2285 3396">
     <span class='ocr_line' id='line_1_42' title="bbox 711 3328 2285 3396; baseline 0.001 -15"><span class='ocrx_word' id='word_1_304' title='bbox 711 3330 985 3395; x_wconf 74' lang='lat' dir='ltr'><strong>generatio</strong></span> <span class='ocrx_word' id='word_1_305' title='bbox 1002 3328 1216 3394; x_wconf 87' lang='lat' dir='ltr'><strong>dicitur,</strong></span> <span class='ocrx_word' id='word_1_306' title='bbox 1242 3338 1299 3384; x_wconf 92' lang='lat' dir='ltr'><strong>et</strong></span> <span class='ocrx_word' id='word_1_307' title='bbox 1323 3329 1376 3382; x_wconf 91' lang='lat' dir='ltr'><strong>iu</strong></span> <span class='ocrx_word' id='word_1_308' title='bbox 1399 3330 1567 3383; x_wconf 88' lang='lat' dir='ltr'><strong>sacris</strong></span> <span class='ocrx_word' id='word_1_309' title='bbox 1583 3328 1778 3383; x_wconf 88' lang='lat' dir='ltr'><strong>Literis</strong></span> <span class='ocrx_word' id='word_1_310' title='bbox 1800 3329 2115 3396; x_wconf 83' lang='lat' dir='ltr'><strong>appellatur.</strong></span> <span class='ocrx_word' id='word_1_311' title='bbox 2154 3328 2285 3382; x_wconf 83' lang='lat' dir='ltr'><strong>Nam</strong></span> 
     </span>
    </p>
   </div>
   <div class='ocr_carea' id='block_1_43' title="bbox 714 3399 2285 3468">
    <p class='ocr_par' dir='ltr' id='par_1_43' title="bbox 714 3399 2285 3468">
     <span class='ocr_line' id='line_1_43' title="bbox 714 3399 2285 3468; baseline 0 -17"><span class='ocrx_word' id='word_1_312' title='bbox 714 3399 907 3465; x_wconf 85' lang='lat' dir='ltr'><strong>prioris</strong></span> <span class='ocrx_word' id='word_1_313' title='bbox 950 3407 1121 3453; x_wconf 83' lang='lat' dir='ltr'><strong>status</strong></span> <span class='ocrx_word' id='word_1_314' title='bbox 1151 3400 1443 3453; x_wconf 90' lang='lat' dir='ltr'><strong>mutatione</strong></span> <span class='ocrx_word' id='word_1_315' title='bbox 1469 3399 1668 3468; x_wconf 86' lang='lat' dir='ltr'><strong>indiget</strong></span> <span class='ocrx_word' id='word_1_316' title='bbox 1696 3400 1842 3453; x_wconf 85' lang='lat' dir='ltr'><strong>salus</strong></span> <span class='ocrx_word' id='word_1_317' title='bbox 1875 3408 2077 3461; x_wconf 84' lang='lat' dir='ltr'><strong>nostra,</strong></span> <span class='ocrx_word' id='word_1_318' title='bbox 2102 3408 2159 3451; x_wconf 93' lang='lat' dir='ltr'><strong>ut</strong></span> <span class='ocrx_word' id='word_1_319' title='bbox 2198 3399 2285 3451; x_wconf 78' lang='lat' dir='ltr'><strong>alii</strong></span> 
     </span>
    </p>
   </div>
   <div class='ocr_carea' id='block_1_44' title="bbox 712 3468 2290 3538">
    <p class='ocr_par' dir='ltr' id='par_1_44' title="bbox 712 3468 2290 3538">
     <span class='ocr_line' id='line_1_44' title="bbox 712 3468 2290 3538; baseline 0.001 -18"><span class='ocrx_word' id='word_1_320' title='bbox 712 3469 782 3521; x_wconf 86' lang='lat' dir='ltr'><strong>ab</strong></span> <span class='ocrx_word' id='word_1_321' title='bbox 805 3484 871 3520; x_wconf 89' lang='lat' dir='ltr'><strong>co</strong></span> <span class='ocrx_word' id='word_1_322' title='bbox 896 3470 1038 3538; x_wconf 89' lang='lat' dir='ltr'><strong>quod</strong></span> <span class='ocrx_word' id='word_1_323' title='bbox 1067 3484 1251 3523; x_wconf 87' lang='lat' dir='ltr'><strong>sumus</strong></span> <span class='ocrx_word' id='word_1_324' title='bbox 1274 3469 1485 3534; x_wconf 86' lang='lat' dir='ltr'><strong>fiamus,</strong></span> <span class='ocrx_word' id='word_1_325' title='bbox 1516 3478 1573 3521; x_wconf 93' lang='lat' dir='ltr'><strong>ut</strong></span> <span class='ocrx_word' id='word_1_326' title='bbox 1592 3469 1731 3537; x_wconf 89' lang='lat' dir='ltr'><strong>quod</strong></span> <span class='ocrx_word' id='word_1_327' title='bbox 1761 3482 1967 3529; x_wconf 76' lang='lat' dir='ltr'><strong>sumus,</strong></span> <span class='ocrx_word' id='word_1_328' title='bbox 1997 3483 2117 3522; x_wconf 87' lang='lat' dir='ltr'><strong>esse</strong></span> <span class='ocrx_word' id='word_1_329' title='bbox 2146 3468 2290 3523; x_wconf 85' lang='lat' dir='ltr'><strong>desi-</strong></span> 
     </span>
    </p>
   </div>
   <div class='ocr_carea' id='block_1_45' title="bbox 711 3539 2290 3607">
    <p class='ocr_par' dir='ltr' id='par_1_45' title="bbox 711 3539 2290 3607">
     <span class='ocr_line' id='line_1_45' title="bbox 711 3539 2290 3607; baseline 0.001 -17"><span class='ocrx_word' id='word_1_330' title='bbox 711 3552 919 3601; x_wconf 81' lang='lat' dir='ltr'><strong>namus,</strong></span> <span class='ocrx_word' id='word_1_331' title='bbox 933 3539 1090 3592; x_wconf 88' lang='lat' dir='ltr'><strong>aliam</strong></span> <span class='ocrx_word' id='word_1_332' title='bbox 1102 3550 1278 3593; x_wconf 90' lang='lat' dir='ltr'><strong>autem</strong></span> <span class='ocrx_word' id='word_1_333' title='bbox 1292 3540 1450 3591; x_wconf 88' lang='lat' dir='ltr'><strong>vitam</strong></span> <span class='ocrx_word' id='word_1_334' title='bbox 1466 3539 1795 3601; x_wconf 79' lang='lat' dir='ltr'><strong>inchoemtts,</strong></span> <span class='ocrx_word' id='word_1_335' title='bbox 1810 3546 2290 3607; x_wconf 86' lang='lat' dir='ltr'><strong>quamantetraus-</strong></span> 
     </span>
    </p>
   </div>
   <div class='ocr_carea' id='block_1_46' title="bbox 708 3608 2283 3677">
    <p class='ocr_par' dir='ltr' id='par_1_46' title="bbox 708 3608 2283 3677">
     <span class='ocr_line' id='line_1_46' title="bbox 708 3608 2283 3677; baseline 0 -15"><span class='ocrx_word' id='word_1_336' title='bbox 708 3610 1037 3673; x_wconf 70' lang='lat' dir='ltr'><strong>gressiouem</strong></span> <span class='ocrx_word' id='word_1_337' title='bbox 1059 3609 1411 3663; x_wconf 80' lang='lat' dir='ltr'><strong>sectabamur.</strong></span> <span class='ocrx_word' id='word_1_338' title='bbox 1426 3608 1542 3663; x_wconf 85' lang='lat' dir='ltr'><strong>Non</strong></span> <span class='ocrx_word' id='word_1_339' title='bbox 1565 3614 1708 3663; x_wconf 91' lang='lat' dir='ltr'><strong>enim</strong></span> <span class='ocrx_word' id='word_1_340' title='bbox 1736 3609 2283 3677; x_wconf 80' lang='lat' dir='ltr'><strong>talisesapudDeum,</strong></span> 
     </span>
    </p>
   </div>
   <div class='ocr_carea' id='block_1_47' title="bbox 708 3677 2287 3796">
    <p class='ocr_par' dir='ltr' id='par_1_47' title="bbox 708 3677 2287 3796">
     <span class='ocr_line' id='line_1_47' title="bbox 708 3677 2287 3796; baseline 0.003 -67"><span class='ocrx_word' id='word_1_341' title='bbox 708 3677 884 3796; x_wconf 68' lang='lat' dir='ltr'><strong>?ttalis</strong></span> <span class='ocrx_word' id='word_1_342' title='bbox 904 3694 933 3731; x_wconf 86' lang='lat' dir='ltr'><strong>a</strong></span> <span class='ocrx_word' id='word_1_343' title='bbox 957 3679 1179 3747; x_wconf 86' lang='lat' dir='ltr'><strong>pueritia</strong></span> <span class='ocrx_word' id='word_1_344' title='bbox 1201 3678 1343 3733; x_wconf 87' lang='lat' dir='ltr'><strong>fuisti</strong></span> <span class='ocrx_word' id='word_1_345' title='bbox 1368 3694 1583 3748; x_wconf 42' lang='lat' dir='ltr'><strong>:tneque</strong></span> <span class='ocrx_word' id='word_1_346' title='bbox 1604 3679 1733 3733; x_wconf 87' lang='lat' dir='ltr'><strong>tales</strong></span> <span class='ocrx_word' id='word_1_347' title='bbox 1749 3693 1817 3733; x_wconf 92' lang='lat' dir='ltr'><strong>ex</strong></span> <span class='ocrx_word' id='word_1_348' title='bbox 1833 3681 2103 3733; x_wconf 87' lang='lat' dir='ltr'><strong>creatione</strong></span> <span class='ocrx_word' id='word_1_349' title='bbox 2129 3693 2160 3732; x_wconf 90' lang='lat' dir='ltr'><strong>a</strong></span> <span class='ocrx_word' id='word_1_350' title='bbox 2178 3679 2287 3734; x_wconf 87' lang='lat' dir='ltr'><strong>Deo</strong></span> 
     </span>
     <span class='ocr_line' id='line_1_48' title="bbox 732 3748 2282 3796; baseline 0 0"><span class='ocrx_word' id='word_1_351' title='bbox 732 3756 846 3796; x_wconf 83' lang='lat' dir='ltr'><strong>:tcta</strong></span> <span class='ocrx_word' id='word_1_352' title='bbox 872 3764 1051 3796; x_wconf 68' lang='lat' dir='ltr'><strong>liuores</strong></span> <span class='ocrx_word' id='word_1_353' title='bbox 1078 3748 1320 3796; x_wconf 71' lang='lat' dir='ltr'><strong>haberes-</strong></span> <span class='ocrx_word' id='word_1_354' title='bbox 1349 3750 1533 3796; x_wconf 68' lang='lat' dir='ltr'><strong>uitales</strong></span> <span class='ocrx_word' id='word_1_355' title='bbox 1561 3765 1625 3796; x_wconf 83' lang='lat' dir='ltr'><strong>ex</strong></span> <span class='ocrx_word' id='word_1_356' title='bbox 1657 3748 1885 3796; x_wconf 80' lang='lat' dir='ltr'><strong>humana</strong></span> <span class='ocrx_word' id='word_1_357' title='bbox 1914 3752 2282 3796; x_wconf 66' lang='lat' dir='ltr'><strong>ueneratione-</strong></span> 
     </span>
    </p>
   </div>
   <div class='ocr_carea' id='block_1_48' title="bbox 732 3748 2282 3815">
    <p class='ocr_par' dir='ltr' id='par_1_48' title="bbox 732 3748 2282 3815">
     <span class='ocr_line' id='line_1_49' title="bbox 732 3748 2282 3815; baseline 0.003 -17"><span class='ocrx_word' id='word_1_358' title='bbox 732 3748 846 3801; x_wconf 72' lang='lat' dir='ltr'><strong>acta</strong></span> <span class='ocrx_word' id='word_1_359' title='bbox 872 3764 1051 3803; x_wconf 89' lang='lat' dir='ltr'><strong>mores</strong></span> <span class='ocrx_word' id='word_1_360' title='bbox 1078 3748 1321 3812; x_wconf 77' lang='lat' dir='ltr'><strong>haberes,</strong></span> <span class='ocrx_word' id='word_1_361' title='bbox 1349 3750 1533 3815; x_wconf 89' lang='lat' dir='ltr'><strong>quales</strong></span> <span class='ocrx_word' id='word_1_362' title='bbox 1561 3765 1627 3802; x_wconf 88' lang='lat' dir='ltr'><strong>ex</strong></span> <span class='ocrx_word' id='word_1_363' title='bbox 1657 3748 1886 3803; x_wconf 89' lang='lat' dir='ltr'><strong>humana</strong></span> <span class='ocrx_word' id='word_1_364' title='bbox 1914 3752 2282 3815; x_wconf 78' lang='lat' dir='ltr'><strong>generatione.</strong></span> 
     </span>
    </p>
   </div>
   <div class='ocr_carea' id='block_1_49' title="bbox 710 3818 2281 3890">
    <p class='ocr_par' dir='ltr' id='par_1_49' title="bbox 710 3818 2281 3890">
     <span class='ocr_line' id='line_1_50' title="bbox 710 3818 2281 3890; baseline 0.001 -19"><span class='ocrx_word' id='word_1_365' title='bbox 710 3818 847 3890; x_wconf 58' lang='lat' dir='ltr'><strong>Audi</strong></span> <span class='ocrx_word' id='word_1_366' title='bbox 862 3820 1037 3887; x_wconf 78' lang='lat' dir='ltr'><strong>itaque</strong></span> <span class='ocrx_word' id='word_1_367' title='bbox 1054 3820 1325 3888; x_wconf 87' lang='lat' dir='ltr'><strong>jurantem</strong></span> <span class='ocrx_word' id='word_1_368' title='bbox 1345 3820 1645 3884; x_wconf 85' lang='lat' dir='ltr'><strong>Dominum,</strong></span> <span class='ocrx_word' id='word_1_369' title='bbox 1665 3826 1721 3890; x_wconf 69' lang='lat' dir='ltr'><strong>et</strong></span> <span class='ocrx_word' id='word_1_370' title='bbox 1740 3819 1887 3885; x_wconf 88' lang='lat' dir='ltr'><strong>time,</strong></span> <span class='ocrx_word' id='word_1_371' title='bbox 1901 3818 2061 3873; x_wconf 78' lang='lat' dir='ltr'><strong>Amen</strong></span> <span class='ocrx_word' id='word_1_372' title='bbox 2076 3821 2281 3889; x_wconf 77' lang='lat' dir='ltr'><strong>quippe,</strong></span> 
     </span>
    </p>
   </div>
   <div class='ocr_carea' id='block_1_50' title="bbox 709 3887 2287 3959">
    <p class='ocr_par' dir='ltr' id='par_1_50' title="bbox 709 3887 2287 3959">
     <span class='ocr_line' id='line_1_51' title="bbox 709 3887 2287 3959; baseline 0.004 -21"><span class='ocrx_word' id='word_1_373' title='bbox 709 3887 898 3955; x_wconf 78' lang='lat' dir='ltr'><strong>inquit,</strong></span> <span class='ocrx_word' id='word_1_374' title='bbox 929 3887 1243 3954; x_wconf 22' lang='lat' dir='ltr'><strong>dico’vobis,</strong></span> <span class='ocrx_word' id='word_1_375' title='bbox 1289 3891 1388 3942; x_wconf 82' lang='lat' dir='ltr'><strong>nisi</strong></span> <span class='ocrx_word' id='word_1_376' title='bbox 1409 3892 1520 3959; x_wconf 84' lang='lat' dir='ltr'><strong>quis</strong></span> <span class='ocrx_word' id='word_1_377' title='bbox 1557 3887 1707 3943; x_wconf 70' lang='lat' dir='ltr'><strong>natus</strong></span> <span class='ocrx_word' id='word_1_378' title='bbox 1737 3892 1886 3958; x_wconf 75' lang='lat' dir='ltr'><strong>fuerit</strong></span> <span class='ocrx_word' id='word_1_379' title='bbox 1923 3887 2287 3957; x_wconf 29' lang='lat' dir='ltr'><strong>deterrent—ton</strong></span> 
     </span>
    </p>
   </div>
   <div class='ocr_carea' id='block_1_51' title="bbox 707 3958 2290 4032">
    <p class='ocr_par' dir='ltr' id='par_1_51' title="bbox 707 3958 2290 4032">
     <span class='ocr_line' id='line_1_52' title="bbox 707 3958 2290 4032; baseline 0.003 -22"><span class='ocrx_word' id='word_1_380' title='bbox 707 3968 869 4032; x_wconf 77' lang='lat' dir='ltr'><strong>potest</strong></span> <span class='ocrx_word' id='word_1_381' title='bbox 910 3960 1121 4032; x_wconf 73' lang='lat' dir='ltr'><strong>introire</strong></span> <span class='ocrx_word' id='word_1_382' title='bbox 1154 3962 1208 4032; x_wconf 66' lang='lat' dir='ltr'><strong>iu</strong></span> <span class='ocrx_word' id='word_1_383' title='bbox 1232 3958 1441 4029; x_wconf 80' lang='lat' dir='ltr'><strong>regnum</strong></span> <span class='ocrx_word' id='word_1_384' title='bbox 1469 3962 1707 4032; x_wconf 66' lang='lat' dir='ltr'><strong>cartorum</strong></span> <span class='ocrx_word' id='word_1_385' title='bbox 1742 3958 1920 4029; x_wconf 74' lang='lat' dir='ltr'><strong>(lauri.</strong></span> <span class='ocrx_word' id='word_1_386' title='bbox 1953 3962 2019 4029; x_wconf 67' lang='grc'><strong>5,</strong></span> <span class='ocrx_word' id='word_1_387' title='bbox 2034 3961 2110 4032; x_wconf 83' lang='grc'><strong>5).</strong></span> <span class='ocrx_word' id='word_1_388' title='bbox 2142 3964 2290 4032; x_wconf 72' lang='lat' dir='ltr'><strong>Quo-‘</strong></span> 
     </span>
    </p>
   </div>
   <div class='ocr_carea' id='block_1_52' title="bbox 706 4029 2283 4099">
    <p class='ocr_par' dir='ltr' id='par_1_52' title="bbox 706 4029 2283 4099">
     <span class='ocr_line' id='line_1_53' title="bbox 706 4029 2283 4099; baseline 0.003 -19"><span class='ocrx_word' id='word_1_389' title='bbox 706 4029 848 4081; x_wconf 64' lang='lat' dir='ltr'><strong>circa</strong></span> <span class='ocrx_word' id='word_1_390' title='bbox 875 4044 1065 4083; x_wconf 87' lang='lat' dir='ltr'><strong>novam</strong></span> <span class='ocrx_word' id='word_1_391' title='bbox 1097 4030 1286 4083; x_wconf 86' lang='lat' dir='ltr'><strong>iucboa</strong></span> <span class='ocrx_word' id='word_1_392' title='bbox 1316 4032 1499 4094; x_wconf 59' lang='lat' dir='ltr'><strong>vitam,</strong></span> <span class='ocrx_word' id='word_1_393' title='bbox 1529 4030 1836 4097; x_wconf 79' lang='lat' dir='ltr'><strong>derelinque</strong></span> <span class='ocrx_word' id='word_1_394' title='bbox 1872 4032 1922 4083; x_wconf 92' lang='lat' dir='ltr'><strong>in</strong></span> <span class='ocrx_word' id='word_1_395' title='bbox 1952 4029 2182 4099; x_wconf 86' lang='lat' dir='ltr'><strong>peccatis</strong></span> <span class='ocrx_word' id='word_1_396' title='bbox 2203 4032 2283 4084; x_wconf 84' lang='lat' dir='ltr'><strong>iu—</strong></span> 
     </span>
    </p>
   </div>
   <div class='ocr_carea' id='block_1_53' title="bbox 707 4099 2284 4169">
    <p class='ocr_par' dir='ltr' id='par_1_53' title="bbox 707 4099 2284 4169">
     <span class='ocr_line' id='line_1_54' title="bbox 707 4099 2284 4169; baseline 0.004 -20"><span class='ocrx_word' id='word_1_397' title='bbox 707 4106 1001 4153; x_wconf 86' lang='lat' dir='ltr'><strong>veteratam</strong></span> <span class='ocrx_word' id='word_1_398' title='bbox 1034 4100 1192 4169; x_wconf 88' lang='lat' dir='ltr'><strong>vitam</strong></span> <span class='ocrx_word' id='word_1_399' title='bbox 1218 4118 1233 4151; x_wconf 88' lang='lat'><strong>:</strong></span> <span class='ocrx_word' id='word_1_400' title='bbox 1262 4101 1350 4169; x_wconf 91' lang='lat' dir='ltr'><strong>qui</strong></span> <span class='ocrx_word' id='word_1_401' title='bbox 1382 4099 1497 4153; x_wconf 91' lang='lat' dir='ltr'><strong>heri</strong></span> <span class='ocrx_word' id='word_1_402' title='bbox 1526 4099 1815 4153; x_wconf 83' lang='lat' dir='ltr'><strong>foruii-ator</strong></span> <span class='ocrx_word' id='word_1_403' title='bbox 1841 4111 1974 4165; x_wconf 88' lang='lat' dir='ltr'><strong>erat,</strong></span> <span class='ocrx_word' id='word_1_404' title='bbox 1999 4100 2159 4155; x_wconf 85' lang='lat' dir='ltr'><strong>hodie</strong></span> <span class='ocrx_word' id='word_1_405' title='bbox 2189 4116 2284 4155; x_wconf 86' lang='lat' dir='ltr'><strong>ca-</strong></span> 
     </span>
    </p>
   </div>
   <div class='ocr_carea' id='block_1_54' title="bbox 704 4168 2274 4240">
    <p class='ocr_par' dir='ltr' id='par_1_54' title="bbox 704 4168 2274 4240">
     <span class='ocr_line' id='line_1_55' title="bbox 704 4168 2274 4240; baseline 0.004 -21"><span class='ocrx_word' id='word_1_406' title='bbox 704 4178 818 4240; x_wconf 80' lang='lat' dir='ltr'><strong>stus</strong></span> <span class='ocrx_word' id='word_1_407' title='bbox 846 4170 931 4221; x_wconf 84' lang='lat' dir='ltr'><strong>liat</strong></span> <span class='ocrx_word' id='word_1_408' title='bbox 964 4168 1094 4237; x_wconf 87' lang='lat' dir='ltr'><strong>:qui</strong></span> <span class='ocrx_word' id='word_1_409' title='bbox 1124 4170 1234 4224; x_wconf 90' lang='lat' dir='ltr'><strong>heri</strong></span> <span class='ocrx_word' id='word_1_410' title='bbox 1258 4168 1606 4224; x_wconf 82' lang='lat' dir='ltr'><strong>immoderate</strong></span> <span class='ocrx_word' id='word_1_411' title='bbox 1632 4170 1985 4236; x_wconf 83' lang='lat' dir='ltr'><strong>helluabatur,</strong></span> <span class='ocrx_word' id='word_1_412' title='bbox 2018 4173 2175 4225; x_wconf 83' lang='lat' dir='ltr'><strong>hodie</strong></span> <span class='ocrx_word' id='word_1_413' title='bbox 2194 4171 2274 4240; x_wconf 86' lang='lat' dir='ltr'><strong>je-</strong></span> 
     </span>
    </p>
   </div>
   <div class='ocr_carea' id='block_1_55' title="bbox 702 4236 2279 4309">
    <p class='ocr_par' dir='ltr' id='par_1_55' title="bbox 702 4236 2279 4309">
     <span class='ocr_line' id='line_1_56' title="bbox 702 4236 2279 4309; baseline 0.006 -22"><span class='ocrx_word' id='word_1_414' title='bbox 702 4236 921 4309; x_wconf 87' lang='lat' dir='ltr'><strong>junator</strong></span> <span class='ocrx_word' id='word_1_415' title='bbox 946 4236 1036 4292; x_wconf 83' lang='lat' dir='ltr'><strong>fiat</strong></span> <span class='ocrx_word' id='word_1_416' title='bbox 1059 4256 1071 4291; x_wconf 92' lang='lat'>:</span> <span class='ocrx_word' id='word_1_417' title='bbox 1102 4240 1242 4307; x_wconf 86' lang='lat' dir='ltr'><strong>quod</strong></span> <span class='ocrx_word' id='word_1_418' title='bbox 1270 4240 1411 4293; x_wconf 88' lang='lat' dir='ltr'><strong>male</strong></span> <span class='ocrx_word' id='word_1_419' title='bbox 1435 4242 1766 4304; x_wconf 80' lang='lat' dir='ltr'><strong>contraxisti,</strong></span> <span class='ocrx_word' id='word_1_420' title='bbox 1797 4242 2061 4309; x_wconf 83' lang='lat' dir='ltr'><strong>posterius</strong></span> <span class='ocrx_word' id='word_1_421' title='bbox 2085 4236 2279 4309; x_wconf 80' lang='lat' dir='ltr'><strong>abjice,</strong></span> 
     </span>
    </p>
   </div>
   <div class='ocr_carea' id='block_1_56' title="bbox 705 4308 2286 4380">
    <p class='ocr_par' dir='ltr' id='par_1_56' title="bbox 705 4308 2286 4380">
     <span class='ocr_line' id='line_1_57' title="bbox 705 4308 2286 4380; baseline 0.004 -20"><span class='ocrx_word' id='word_1_422' title='bbox 705 4308 931 4380; x_wconf 77' lang='lat' dir='ltr'><strong>utquod</strong></span> <span class='ocrx_word' id='word_1_423' title='bbox 962 4318 1160 4380; x_wconf 88' lang='lat' dir='ltr'><strong>rectea</strong></span> <span class='ocrx_word' id='word_1_424' title='bbox 1184 4310 1446 4380; x_wconf 82' lang='lat' dir='ltr'><strong>principio</strong></span> <span class='ocrx_word' id='word_1_425' title='bbox 1469 4310 1652 4363; x_wconf 90' lang='lat' dir='ltr'><strong>datum</strong></span> <span class='ocrx_word' id='word_1_426' title='bbox 1674 4321 1778 4373; x_wconf 91' lang='lat' dir='ltr'><strong>est,</strong></span> <span class='ocrx_word' id='word_1_427' title='bbox 1802 4326 2107 4380; x_wconf 79' lang='lat' dir='ltr'><strong>reettperes.</strong></span> <span class='ocrx_word' id='word_1_428' title='bbox 2149 4308 2286 4367; x_wconf 78' lang='lat' dir='ltr'><strong>l’er-.</strong></span> 
     </span>
    </p>
   </div>
   <div class='ocr_carea' id='block_1_57' title="bbox 702 4377 2285 4453">
    <p class='ocr_par' dir='ltr' id='par_1_57' title="bbox 702 4377 2285 4453">
     <span class='ocr_line' id='line_1_58' title="bbox 702 4377 2285 4453; baseline 0.006 -25"><span class='ocrx_word' id='word_1_429' title='bbox 702 4378 951 4433; x_wconf 73' lang='lat' dir='ltr'><strong>eximunt</strong></span> <span class='ocrx_word' id='word_1_430' title='bbox 976 4389 1060 4433; x_wconf 88' lang='lat' dir='ltr'><strong>est</strong></span> <span class='ocrx_word' id='word_1_431' title='bbox 1082 4377 1202 4434; x_wconf 80' lang='lat' dir='ltr'><strong>sine</strong></span> <span class='ocrx_word' id='word_1_432' title='bbox 1222 4377 1621 4449; x_wconf 81' lang='lat' dir='ltr'><strong>perturbatione</strong></span> <span class='ocrx_word' id='word_1_433' title='bbox 1644 4396 1708 4436; x_wconf 88' lang='lat' dir='ltr'><strong>ac</strong></span> <span class='ocrx_word' id='word_1_434' title='bbox 1731 4382 1848 4435; x_wconf 90' lang='lat' dir='ltr'><strong>sine</strong></span> <span class='ocrx_word' id='word_1_435' title='bbox 1873 4377 2139 4437; x_wconf 82' lang='lat' dir='ltr'><strong>iracundia</strong></span> <span class='ocrx_word' id='word_1_436' title='bbox 2163 4399 2285 4453; x_wconf 86' lang='lat' dir='ltr'><strong>per-</strong></span> 
     </span>
    </p>
   </div>
   <div class='ocr_carea' id='block_1_58' title="bbox 702 4460 939 4501">
    <p class='ocr_par' dir='ltr' id='par_1_58' title="bbox 702 4460 939 4501">
     <span class='ocr_line' id='line_1_59' title="bbox 702 4460 939 4501; baseline 0 -2"><span class='ocrx_word' id='word_1_437' title='bbox 702 4460 939 4501; x_wconf 65' lang='grc' dir='ltr'><strong>ηιληοητ.</strong></span> 
     </span>
    </p>
   </div>
   <div class='ocr_carea' id='block_1_59' title="bbox 773 4515 2279 4586">
    <p class='ocr_par' dir='ltr' id='par_1_59' title="bbox 773 4515 2279 4586">
     <span class='ocr_line' id='line_1_60' title="bbox 773 4515 2279 4586; baseline 0.005 -18"><span class='ocrx_word' id='word_1_438' title='bbox 773 4515 1024 4570; x_wconf 72' lang='lat' dir='ltr'><strong>Hortatur</strong></span> <span class='ocrx_word' id='word_1_439' title='bbox 1047 4520 1115 4571; x_wconf 84' lang='lat' dir='ltr'><strong>ad</strong></span> <span class='ocrx_word' id='word_1_440' title='bbox 1138 4520 1440 4586; x_wconf 74' lang='lat' dir='ltr'><strong>injuriarum</strong></span> <span class='ocrx_word' id='word_1_441' title='bbox 1480 4522 1845 4575; x_wconf 74' lang='lat' dir='ltr'><strong>remissionem.</strong></span> <span class='ocrx_word' id='word_1_442' title='bbox 1865 4551 1939 4560; x_wconf 94' lang='lat'><strong><em>—</em></strong></span> <span class='ocrx_word' id='word_1_443' title='bbox 1964 4521 2062 4586; x_wconf 85' lang='lat' dir='ltr'><strong>Qui</strong></span> <span class='ocrx_word' id='word_1_444' title='bbox 2092 4536 2279 4577; x_wconf 78' lang='lat' dir='ltr'><strong>secun—</strong></span> 
     </span>
    </p>
   </div>
   <div class='ocr_carea' id='block_1_60' title="bbox 700 4586 2283 4660">
    <p class='ocr_par' dir='ltr' id='par_1_60' title="bbox 700 4586 2283 4660">
     <span class='ocr_line' id='line_1_61' title="bbox 700 4586 2283 4660; baseline 0.005 -21"><span class='ocrx_word' id='word_1_445' title='bbox 700 4586 827 4640; x_wconf 89' lang='lat' dir='ltr'><strong>dum</strong></span> <span class='ocrx_word' id='word_1_446' title='bbox 857 4588 1140 4660; x_wconf 73' lang='lat' dir='ltr'><strong>imaginem</strong></span> <span class='ocrx_word' id='word_1_447' title='bbox 1183 4586 1277 4643; x_wconf 83' lang='lat' dir='ltr'><strong>Dei</strong></span> <span class='ocrx_word' id='word_1_448' title='bbox 1304 4593 1483 4646; x_wconf 82' lang='lat' dir='ltr'><strong>vivere</strong></span> <span class='ocrx_word' id='word_1_449' title='bbox 1506 4592 1674 4660; x_wconf 91' lang='lat' dir='ltr'><strong>cupit,</strong></span> <span class='ocrx_word' id='word_1_450' title='bbox 1704 4592 1750 4645; x_wconf 88' lang='lat' dir='ltr'><strong>is</strong></span> <span class='ocrx_word' id='word_1_451' title='bbox 1773 4592 1843 4644; x_wconf 89' lang='lat' dir='ltr'><strong>ab</strong></span> <span class='ocrx_word' id='word_1_452' title='bbox 1859 4592 2116 4647; x_wconf 76' lang='lat' dir='ltr'><strong>omnibus</strong></span> <span class='ocrx_word' id='word_1_453' title='bbox 2151 4607 2283 4646; x_wconf 83' lang='lat' dir='ltr'><strong>con-</strong></span> 
     </span>
    </p>
   </div>
   <div class='ocr_carea' id='block_1_61' title="bbox 705 4658 2277 4727">
    <p class='ocr_par' dir='ltr' id='par_1_61' title="bbox 705 4658 2277 4727">
     <span class='ocr_line' id='line_1_62' title="bbox 705 4658 2277 4727; baseline 0.006 -20"><span class='ocrx_word' id='word_1_454' title='bbox 705 4658 891 4721; x_wconf 91' lang='lat' dir='ltr'><strong>temni,</strong></span> <span class='ocrx_word' id='word_1_455' title='bbox 923 4659 1129 4727; x_wconf 86' lang='lat' dir='ltr'><strong>despui,</strong></span> <span class='ocrx_word' id='word_1_456' title='bbox 1158 4675 1223 4713; x_wconf 88' lang='lat' dir='ltr'><strong>ac</strong></span> <span class='ocrx_word' id='word_1_457' title='bbox 1267 4660 1535 4714; x_wconf 83' lang='lat' dir='ltr'><strong>tioccifieri</strong></span> <span class='ocrx_word' id='word_1_458' title='bbox 1565 4658 1745 4726; x_wconf 81' lang='lat' dir='ltr'><strong>debet,</strong></span> <span class='ocrx_word' id='word_1_459' title='bbox 1790 4676 1912 4715; x_wconf 92' lang='lat' dir='ltr'><strong>cum</strong></span> <span class='ocrx_word' id='word_1_460' title='bbox 1938 4662 2135 4726; x_wconf 84' lang='lat' dir='ltr'><strong>verbis,</strong></span> <span class='ocrx_word' id='word_1_461' title='bbox 2168 4672 2277 4717; x_wconf 91' lang='lat' dir='ltr'><strong>tum</strong></span> 
     </span>
    </p>
   </div>
   <div class='ocr_carea' id='block_1_62' title="bbox 702 4727 2277 4799">
    <p class='ocr_par' dir='ltr' id='par_1_62' title="bbox 702 4727 2277 4799">
     <span class='ocr_line' id='line_1_63' title="bbox 702 4727 2277 4799; baseline 0.006 -22"><span class='ocrx_word' id='word_1_462' title='bbox 702 4727 1021 4799; x_wconf 79' lang='lat' dir='ltr'><strong>factis.Nam</strong></span> <span class='ocrx_word' id='word_1_463' title='bbox 1066 4740 1120 4782; x_wconf 87' lang='lat' dir='ltr'><strong>et</strong></span> <span class='ocrx_word' id='word_1_464' title='bbox 1166 4730 1365 4782; x_wconf 90' lang='lat' dir='ltr'><strong>idcirco</strong></span> <span class='ocrx_word' id='word_1_465' title='bbox 1410 4746 1584 4799; x_wconf 88' lang='lat' dir='ltr'><strong>neque</strong></span> <span class='ocrx_word' id='word_1_466' title='bbox 1620 4747 1715 4799; x_wconf 87' lang='lat' dir='ltr'><strong>par</strong></span> <span class='ocrx_word' id='word_1_467' title='bbox 1750 4732 1949 4785; x_wconf 90' lang='lat' dir='ltr'><strong>referre</strong></span> <span class='ocrx_word' id='word_1_468' title='bbox 1978 4733 2176 4786; x_wconf 90' lang='lat' dir='ltr'><strong>malum</strong></span> <span class='ocrx_word' id='word_1_469' title='bbox 2200 4735 2277 4799; x_wconf 90' lang='lat' dir='ltr'><strong>ei,</strong></span> 
     </span>
    </p>
   </div>
   <div class='ocr_carea' id='block_1_63' title="bbox 699 4798 2281 4919">
    <p class='ocr_par' dir='ltr' id='par_1_63' title="bbox 699 4798 2281 4919">
     <span class='ocr_line' id='line_1_64' title="bbox 699 4798 2281 4919; baseline 0.005 -70"><span class='ocrx_word' id='word_1_470' title='bbox 699 4798 789 4919; x_wconf 41' lang='grc' dir='ltr'><strong>ξιιιί</strong></span> <span class='ocrx_word' id='word_1_471' title='bbox 821 4798 1011 4865; x_wconf 87' lang='lat' dir='ltr'><strong>injuria</strong></span> <span class='ocrx_word' id='word_1_472' title='bbox 1037 4799 1306 4860; x_wconf 83' lang='lat' dir='ltr'><strong>aﬂ&#39;eeerat,</strong></span> <span class='ocrx_word' id='word_1_473' title='bbox 1325 4798 1507 4869; x_wconf 87' lang='lat' dir='ltr'><strong>jussit,</strong></span> <span class='ocrx_word' id='word_1_474' title='bbox 1535 4817 1601 4854; x_wconf 91' lang='lat' dir='ltr'><strong>ne</strong></span> <span class='ocrx_word' id='word_1_475' title='bbox 1626 4798 1670 4856; x_wconf 79' lang='lat' dir='ltr'><strong>Si</strong></span> <span class='ocrx_word' id='word_1_476' title='bbox 1702 4802 1773 4865; x_wconf 92' lang='lat' dir='ltr'><strong>ei,</strong></span> <span class='ocrx_word' id='word_1_477' title='bbox 1796 4802 1886 4871; x_wconf 91' lang='lat' dir='ltr'><strong>qui</strong></span> <span class='ocrx_word' id='word_1_478' title='bbox 1919 4803 2107 4868; x_wconf 85' lang='lat' dir='ltr'><strong>injuria</strong></span> <span class='ocrx_word' id='word_1_479' title='bbox 2136 4812 2189 4856; x_wconf 91' lang='lat' dir='ltr'><strong>te</strong></span> <span class='ocrx_word' id='word_1_480' title='bbox 2209 4798 2281 4857; x_wconf 85' lang='lat' dir='ltr'><strong>af-</strong></span> 
     </span>
     <span class='ocr_line' id='line_1_65' title="bbox 721 4869 2281 4919; baseline 0 0"><span class='ocrx_word' id='word_1_481' title='bbox 871 4884 963 4919; x_wconf 84' lang='lat' dir='ltr'><strong>nar</strong></span> <span class='ocrx_word' id='word_1_482' title='bbox 994 4870 1258 4919; x_wconf 80' lang='lat' dir='ltr'><strong>retuleris.</strong></span> <span class='ocrx_word' id='word_1_483' title='bbox 1288 4870 1666 4919; x_wconf 83' lang='lat' dir='ltr'><strong>humanitatem</strong></span> <span class='ocrx_word' id='word_1_484' title='bbox 1693 4912 1706 4919; x_wconf 83' lang='grc'><strong>-</strong></span> <span class='ocrx_word' id='word_1_485' title='bbox 1730 4887 1850 4919; x_wconf 64' lang='lat' dir='ltr'><strong>num</strong></span> <span class='ocrx_word' id='word_1_486' title='bbox 1875 4872 2165 4919; x_wconf 84' lang='lat' dir='ltr'><strong>secundum</strong></span> <span class='ocrx_word' id='word_1_487' title='bbox 2194 4890 2281 4919; x_wconf 75' lang='lat' dir='ltr'><strong>na.</strong></span> 
     </span>
    </p>
   </div>
   <div class='ocr_carea' id='block_1_64' title="bbox 721 4869 2282 4939">
    <p class='ocr_par' dir='ltr' id='par_1_64' title="bbox 721 4869 2282 4939">
     <span class='ocr_line' id='line_1_66' title="bbox 721 4869 2282 4939; baseline 0.004 -19"><span class='ocrx_word' id='word_1_488' title='bbox 721 4869 845 4933; x_wconf 82' lang='lat' dir='ltr'><strong>&#39;eeit,</strong></span> <span class='ocrx_word' id='word_1_489' title='bbox 871 4884 963 4936; x_wconf 88' lang='lat' dir='ltr'><strong>par</strong></span> <span class='ocrx_word' id='word_1_490' title='bbox 994 4870 1258 4928; x_wconf 83' lang='lat' dir='ltr'><strong>retuleris.</strong></span> <span class='ocrx_word' id='word_1_491' title='bbox 1288 4870 1666 4925; x_wconf 85' lang='lat' dir='ltr'><strong>humanitatem</strong></span> <span class='ocrx_word' id='word_1_492' title='bbox 1693 4912 1706 4931; x_wconf 85' lang='lat'><strong>,</strong></span> <span class='ocrx_word' id='word_1_493' title='bbox 1730 4869 1850 4939; x_wconf 64' lang='lat' dir='ltr'><strong>qui:</strong></span> <span class='ocrx_word' id='word_1_494' title='bbox 1875 4872 2165 4925; x_wconf 86' lang='lat' dir='ltr'><strong>secundum</strong></span> <span class='ocrx_word' id='word_1_495' title='bbox 2193 4890 2282 4927; x_wconf 82' lang='lat' dir='ltr'><strong>na-</strong></span> 
     </span>
    </p>
   </div>
   <div class='ocr_carea' id='block_1_65' title="bbox 702 4941 2274 5009">
    <p class='ocr_par' dir='ltr' id='par_1_65' title="bbox 702 4941 2274 5009">
     <span class='ocr_line' id='line_1_67' title="bbox 702 4941 2274 5009; baseline 0.006 -21"><span class='ocrx_word' id='word_1_496' title='bbox 702 4946 874 4991; x_wconf 78' lang='lat' dir='ltr'><strong>turam</strong></span> <span class='ocrx_word' id='word_1_497' title='bbox 901 4948 1006 5005; x_wconf 82' lang='lat' dir='ltr'><strong>est,</strong></span> <span class='ocrx_word' id='word_1_498' title='bbox 1036 4941 1349 5007; x_wconf 77' lang='lat' dir='ltr'><strong>perdideris.</strong></span> <span class='ocrx_word' id='word_1_499' title='bbox 1367 4942 1482 4994; x_wconf 81' lang='lat' dir='ltr'><strong>Noli</strong></span> <span class='ocrx_word' id='word_1_500' title='bbox 1500 4957 1627 5009; x_wconf 80' lang='lat' dir='ltr'><strong>ergo</strong></span> <span class='ocrx_word' id='word_1_501' title='bbox 1650 4942 1787 5009; x_wconf 87' lang='lat' dir='ltr'><strong>apud</strong></span> <span class='ocrx_word' id='word_1_502' title='bbox 1817 4950 1868 4995; x_wconf 88' lang='lat' dir='ltr'><strong>te</strong></span> <span class='ocrx_word' id='word_1_503' title='bbox 1886 4943 2119 5009; x_wconf 87' lang='lat' dir='ltr'><strong>prudens</strong></span> <span class='ocrx_word' id='word_1_504' title='bbox 2134 4958 2274 5008; x_wconf 87' lang='lat' dir='ltr'><strong>esse,</strong></span> 
     </span>
    </p>
   </div>
   <div class='ocr_carea' id='block_1_66' title="bbox 701 5011 2273 5079">
    <p class='ocr_par' dir='ltr' id='par_1_66' title="bbox 701 5011 2273 5079">
     <span class='ocr_line' id='line_1_68' title="bbox 701 5011 2273 5079; baseline 0.007 -22"><span class='ocrx_word' id='word_1_505' title='bbox 701 5020 886 5079; x_wconf 63' lang='lat' dir='ltr'><strong>iupote</strong></span> <span class='ocrx_word' id='word_1_506' title='bbox 912 5012 1000 5078; x_wconf 89' lang='lat' dir='ltr'><strong>qui</strong></span> <span class='ocrx_word' id='word_1_507' title='bbox 1028 5012 1218 5064; x_wconf 90' lang='lat' dir='ltr'><strong>merito</strong></span> <span class='ocrx_word' id='word_1_508' title='bbox 1233 5026 1377 5072; x_wconf 82' lang='lat' dir='ltr'><strong>eum,</strong></span> <span class='ocrx_word' id='word_1_509' title='bbox 1402 5026 1430 5062; x_wconf 86' lang='lat' dir='ltr'><strong>a</strong></span> <span class='ocrx_word' id='word_1_510' title='bbox 1458 5026 1564 5079; x_wconf 91' lang='lat' dir='ltr'><strong>quo</strong></span> <span class='ocrx_word' id='word_1_511' title='bbox 1591 5012 1751 5064; x_wconf 68' lang='lat' dir='ltr'><strong>lmsus</strong></span> <span class='ocrx_word' id='word_1_512' title='bbox 1776 5011 1959 5075; x_wconf 87' lang='lat' dir='ltr'><strong>fueris,</strong></span> <span class='ocrx_word' id='word_1_513' title='bbox 1978 5012 2273 5068; x_wconf 76' lang='lat' dir='ltr'><strong>ulciscaris.</strong></span> 
     </span>
    </p>
   </div>
   <div class='ocr_carea' id='block_1_67' title="bbox 698 5077 2279 5144">
    <p class='ocr_par' dir='ltr' id='par_1_67' title="bbox 698 5077 2279 5144">
     <span class='ocr_line' id='line_1_69' title="bbox 698 5077 2279 5144; baseline 0.003 -12"><span class='ocrx_word' id='word_1_514' title='bbox 698 5077 1003 5133; x_wconf 71' lang='lat' dir='ltr'><strong>Recordare</strong></span> <span class='ocrx_word' id='word_1_515' title='bbox 1060 5095 1333 5134; x_wconf 80' lang='lat' dir='ltr'><strong>sacrorum</strong></span> <span class='ocrx_word' id='word_1_516' title='bbox 1386 5077 1531 5135; x_wconf 79' lang='lat' dir='ltr'><strong>l’atili</strong></span> <span class='ocrx_word' id='word_1_517' title='bbox 1578 5082 2045 5144; x_wconf 84' lang='lat' dir='ltr'><strong>documentorum,</strong></span> <span class='ocrx_word' id='word_1_518' title='bbox 2104 5082 2279 5137; x_wconf 84' lang='lat' dir='ltr'><strong>Nolite</strong></span> 
     </span>
    </p>
   </div>
   <div class='ocr_carea' id='block_1_68' title="bbox 697 5150 2279 5221">
    <p class='ocr_par' dir='ltr' id='par_1_68' title="bbox 697 5150 2279 5221">
     <span class='ocr_line' id='line_1_70' title="bbox 697 5150 2279 5221; baseline 0.004 -20"><span class='ocrx_word' id='word_1_519' title='bbox 697 5165 804 5203; x_wconf 72' lang='lat' dir='ltr'><strong>esse</strong></span> <span class='ocrx_word' id='word_1_520' title='bbox 857 5150 1125 5221; x_wconf 71' lang='lat' dir='ltr'><strong>prudentes</strong></span> <span class='ocrx_word' id='word_1_521' title='bbox 1164 5152 1305 5221; x_wconf 71' lang='lat' dir='ltr'><strong>apud</strong></span> <span class='ocrx_word' id='word_1_522' title='bbox 1343 5153 1699 5219; x_wconf 62' lang='grc' dir='ltr'><strong>κωπήρεσι,</strong></span> <span class='ocrx_word' id='word_1_523' title='bbox 1741 5168 1899 5220; x_wconf 75' lang='lat' dir='ltr'><strong>neque</strong></span> <span class='ocrx_word' id='word_1_524' title='bbox 1942 5154 2133 5205; x_wconf 80' lang='lat' dir='ltr'><strong>malum</strong></span> <span class='ocrx_word' id='word_1_525' title='bbox 2186 5171 2279 5221; x_wconf 86' lang='lat' dir='ltr'><strong>pro</strong></span> 
     </span>
    </p>
   </div>
   <div class='ocr_carea' id='block_1_69' title="bbox 697 5220 2274 5291">
    <p class='ocr_par' dir='ltr' id='par_1_69' title="bbox 697 5220 2274 5291">
     <span class='ocr_line' id='line_1_71' title="bbox 697 5220 2274 5291; baseline 0.003 -20"><span class='ocrx_word' id='word_1_526' title='bbox 697 5223 829 5272; x_wconf 66' lang='lat' dir='ltr'><strong>male</strong></span> <span class='ocrx_word' id='word_1_527' title='bbox 850 5220 1113 5274; x_wconf 63' lang='lat' dir='ltr'><strong>tradentes</strong></span> <span class='ocrx_word' id='word_1_528' title='bbox 1133 5220 1311 5291; x_wconf 83' lang='lat' dir='ltr'><strong>(Rom.</strong></span> <span class='ocrx_word' id='word_1_529' title='bbox 1344 5221 1429 5274; x_wconf 86' lang='grc'><strong>12.</strong></span> <span class='ocrx_word' id='word_1_530' title='bbox 1462 5222 1548 5277; x_wconf 85' lang='grc'><strong>16.</strong></span> <span class='ocrx_word' id='word_1_531' title='bbox 1580 5223 1693 5290; x_wconf 86' lang='grc'><strong>17).</strong></span> <span class='ocrx_word' id='word_1_532' title='bbox 1724 5221 1839 5276; x_wconf 83' lang='grc' dir='ltr'><strong>Νοιι</strong></span> <span class='ocrx_word' id='word_1_533' title='bbox 1866 5220 2274 5286; x_wconf 71' lang='lat' dir='ltr'><strong>bonestunt,ul-</strong></span> 
     </span>
    </p>
   </div>
   <div class='ocr_carea' id='block_1_70' title="bbox 694 5292 2272 5361">
    <p class='ocr_par' dir='ltr' id='par_1_70' title="bbox 694 5292 2272 5361">
     <span class='ocr_line' id='line_1_72' title="bbox 694 5292 2272 5361; baseline 0.003 -21"><span class='ocrx_word' id='word_1_534' title='bbox 694 5298 868 5361; x_wconf 81' lang='lat' dir='ltr'><strong>torem</strong></span> <span class='ocrx_word' id='word_1_535' title='bbox 888 5305 1027 5355; x_wconf 75' lang='lat' dir='ltr'><strong>esse,</strong></span> <span class='ocrx_word' id='word_1_536' title='bbox 1054 5301 1149 5344; x_wconf 90' lang='lat' dir='ltr'><strong>aut</strong></span> <span class='ocrx_word' id='word_1_537' title='bbox 1172 5293 1251 5343; x_wconf 84' lang='lat' dir='ltr'><strong>sui</strong></span> <span class='ocrx_word' id='word_1_538' title='bbox 1280 5292 1446 5360; x_wconf 79' lang='lat' dir='ltr'><strong>ipsius</strong></span> <span class='ocrx_word' id='word_1_539' title='bbox 1474 5293 1761 5347; x_wconf 87' lang='lat' dir='ltr'><strong>vindictam</strong></span> <span class='ocrx_word' id='word_1_540' title='bbox 1789 5308 2030 5361; x_wconf 65' lang='lat' dir='ltr'><strong>quatrere</strong></span> <span class='ocrx_word' id='word_1_541' title='bbox 2051 5312 2065 5346; x_wconf 95' lang='lat'><strong>:</strong></span> <span class='ocrx_word' id='word_1_542' title='bbox 2088 5309 2272 5345; x_wconf 88' lang='lat' dir='ltr'><strong>verum</strong></span> 
     </span>
    </p>
   </div>
   <div class='ocr_carea' id='block_1_71' title="bbox 694 5360 2275 5431">
    <p class='ocr_par' dir='ltr' id='par_1_71' title="bbox 694 5360 2275 5431">
     <span class='ocr_line' id='line_1_73' title="bbox 694 5360 2275 5431; baseline 0.002 -18"><span class='ocrx_word' id='word_1_543' title='bbox 694 5360 898 5427; x_wconf 76' lang='lat' dir='ltr'><strong>projtee</strong></span> <span class='ocrx_word' id='word_1_544' title='bbox 947 5363 1122 5425; x_wconf 79' lang='lat' dir='ltr'><strong>potius</strong></span> <span class='ocrx_word' id='word_1_545' title='bbox 1166 5369 1319 5414; x_wconf 75' lang='lat' dir='ltr'><strong>tuam.</strong></span> <span class='ocrx_word' id='word_1_546' title='bbox 1337 5363 1625 5417; x_wconf 84' lang='lat' dir='ltr'><strong>vindictam</strong></span> <span class='ocrx_word' id='word_1_547' title='bbox 1666 5365 1721 5417; x_wconf 83' lang='lat' dir='ltr'><strong>in</strong></span> <span class='ocrx_word' id='word_1_548' title='bbox 1766 5360 1954 5428; x_wconf 84' lang='lat' dir='ltr'><strong>Deum,</strong></span> <span class='ocrx_word' id='word_1_549' title='bbox 1984 5364 2075 5431; x_wconf 91' lang='lat' dir='ltr'><strong>qui</strong></span> <span class='ocrx_word' id='word_1_550' title='bbox 2117 5364 2275 5416; x_wconf 85' lang='lat' dir='ltr'><strong>ultio-</strong></span> 
     </span>
    </p>
   </div>
   <div class='ocr_carea' id='block_1_72' title="bbox 691 5432 2271 5501">
    <p class='ocr_par' dir='ltr' id='par_1_72' title="bbox 691 5432 2271 5501">
     <span class='ocr_line' id='line_1_74' title="bbox 691 5432 2271 5501; baseline 0.001 -17"><span class='ocrx_word' id='word_1_551' title='bbox 691 5444 815 5484; x_wconf 69' lang='lat' dir='ltr'><strong>nem</strong></span> <span class='ocrx_word' id='word_1_552' title='bbox 851 5432 968 5501; x_wconf 85' lang='lat' dir='ltr'><strong>sine</strong></span> <span class='ocrx_word' id='word_1_553' title='bbox 994 5432 1263 5485; x_wconf 89' lang='lat' dir='ltr'><strong>iracundia</strong></span> <span class='ocrx_word' id='word_1_554' title='bbox 1288 5434 1341 5486; x_wconf 92' lang='lat' dir='ltr'><strong>in</strong></span> <span class='ocrx_word' id='word_1_555' title='bbox 1368 5448 1483 5497; x_wconf 81' lang='lat' dir='ltr'><strong>eos,</strong></span> <span class='ocrx_word' id='word_1_556' title='bbox 1514 5448 1545 5485; x_wconf 89' lang='lat' dir='ltr'><strong>a</strong></span> <span class='ocrx_word' id='word_1_557' title='bbox 1571 5434 1761 5501; x_wconf 90' lang='lat' dir='ltr'><strong>quibus</strong></span> <span class='ocrx_word' id='word_1_558' title='bbox 1792 5432 1936 5487; x_wconf 87' lang='lat' dir='ltr'><strong>fuisti</strong></span> <span class='ocrx_word' id='word_1_559' title='bbox 1964 5435 2145 5497; x_wconf 62' lang='lat' dir='ltr'><strong>lazsus,</strong></span> <span class='ocrx_word' id='word_1_560' title='bbox 2173 5434 2271 5486; x_wconf 58' lang='lat' dir='ltr'><strong>de-</strong></span> 
     </span>
    </p>
   </div>
   <div class='ocr_carea' id='block_1_73' title="bbox 690 5499 2275 5573">
    <p class='ocr_par' dir='ltr' id='par_1_73' title="bbox 690 5499 2275 5573">
     <span class='ocr_line' id='line_1_75' title="bbox 690 5499 2275 5573; baseline 0.003 -20"><span class='ocrx_word' id='word_1_561' title='bbox 690 5502 865 5573; x_wconf 67' lang='lat' dir='ltr'><strong>mittet</strong></span> <span class='ocrx_word' id='word_1_562' title='bbox 898 5499 1036 5567; x_wconf 36' lang='lat' dir='ltr'><strong>\Non</strong></span> <span class='ocrx_word' id='word_1_563' title='bbox 1063 5504 1389 5571; x_wconf 69' lang='lat' dir='ltr'><strong>vosmetipsos</strong></span> <span class='ocrx_word' id='word_1_564' title='bbox 1431 5499 1745 5568; x_wconf 71' lang='lat' dir='ltr'><strong>ulciscentes,</strong></span> <span class='ocrx_word' id='word_1_565' title='bbox 1795 5504 1985 5573; x_wconf 84' lang='lat' dir='ltr'><strong>inquit,</strong></span> <span class='ocrx_word' id='word_1_566' title='bbox 2029 5502 2119 5559; x_wconf 71' lang='lat' dir='ltr'><strong>sed</strong></span> <span class='ocrx_word' id='word_1_567' title='bbox 2160 5506 2275 5557; x_wconf 79' lang='lat' dir='ltr'><strong>date</strong></span> 
     </span>
    </p>
   </div>
   <div class='ocr_carea' id='block_1_74' title="bbox 691 5572 2273 5644">
    <p class='ocr_par' dir='ltr' id='par_1_74' title="bbox 691 5572 2273 5644">
     <span class='ocr_line' id='line_1_76' title="bbox 691 5572 2273 5644; baseline 0.002 -20"><span class='ocrx_word' id='word_1_568' title='bbox 691 5572 854 5625; x_wconf 70' lang='lat' dir='ltr'><strong>lectam</strong></span> <span class='ocrx_word' id='word_1_569' title='bbox 883 5575 990 5625; x_wconf 82' lang='lat' dir='ltr'><strong>ine.</strong></span> <span class='ocrx_word' id='word_1_570' title='bbox 1022 5573 1285 5640; x_wconf 72' lang='lat' dir='ltr'><strong>Scriptum</strong></span> <span class='ocrx_word' id='word_1_571' title='bbox 1328 5583 1401 5626; x_wconf 79' lang='lat' dir='ltr'><strong>est</strong></span> <span class='ocrx_word' id='word_1_572' title='bbox 1443 5575 1596 5638; x_wconf 72' lang='lat' dir='ltr'><strong>enim,</strong></span> <span class='ocrx_word' id='word_1_573' title='bbox 1626 5574 1760 5626; x_wconf 56' lang='lat' dir='ltr'><strong>Mil?</strong></span> <span class='ocrx_word' id='word_1_574' title='bbox 1788 5572 2049 5640; x_wconf 65' lang='lat' dir='ltr'><strong>uindicta;</strong></span> <span class='ocrx_word' id='word_1_575' title='bbox 2078 5591 2168 5644; x_wconf 61' lang='grc' dir='ltr'><strong>τρο</strong></span> <span class='ocrx_word' id='word_1_576' title='bbox 2196 5592 2273 5627; x_wconf 86' lang='lat' dir='ltr'><strong>re-</strong></span> 
     </span>
    </p>
   </div>
   <div class='ocr_carea' id='block_1_75' title="bbox 690 5644 2272 5716">
    <p class='ocr_par' dir='ltr' id='par_1_75' title="bbox 690 5644 2272 5716">
     <span class='ocr_line' id='line_1_77' title="bbox 690 5644 2272 5716; baseline 0.003 -24"><span class='ocrx_word' id='word_1_577' title='bbox 690 5645 931 5716; x_wconf 57' lang='lat' dir='ltr'><strong>tribuam,</strong></span> <span class='ocrx_word' id='word_1_578' title='bbox 953 5644 1074 5696; x_wconf 76' lang='lat' dir='ltr'><strong>dicit</strong></span> <span class='ocrx_word' id='word_1_579' title='bbox 1094 5644 1353 5716; x_wconf 68' lang='lat' dir='ltr'><strong>Dominus</strong></span> <span class='ocrx_word' id='word_1_580' title='bbox 1380 5644 1486 5715; x_wconf 83' lang='lat' dir='ltr'><strong>(Ib.</strong></span> <span class='ocrx_word' id='word_1_581' title='bbox 1510 5661 1559 5697; x_wconf 78' lang='grc' dir='ltr'><strong>υ.</strong></span> <span class='ocrx_word' id='word_1_582' title='bbox 1592 5645 1701 5716; x_wconf 17' lang='grc'><strong>19..</strong></span> <span class='ocrx_word' id='word_1_583' title='bbox 1720 5646 1797 5699; x_wconf 86' lang='lat' dir='ltr'><strong>Ne</strong></span> <span class='ocrx_word' id='word_1_584' title='bbox 1820 5646 1989 5708; x_wconf 85' lang='lat' dir='ltr'><strong>dicas,</strong></span> <span class='ocrx_word' id='word_1_585' title='bbox 2021 5647 2169 5716; x_wconf 82' lang='lat' dir='ltr'><strong>Deus</strong></span> <span class='ocrx_word' id='word_1_586' title='bbox 2186 5662 2272 5697; x_wconf 85' lang='lat' dir='ltr'><strong>re-</strong></span> 
     </span>
    </p>
   </div>
   <div class='ocr_carea' id='block_1_76' title="bbox 696 5715 2271 5786">
    <p class='ocr_par' dir='ltr' id='par_1_76' title="bbox 696 5715 2271 5786">
     <span class='ocr_line' id='line_1_78' title="bbox 696 5715 2271 5786; baseline -0.002 -14"><span class='ocrx_word' id='word_1_587' title='bbox 696 5715 880 5772; x_wconf 85' lang='lat' dir='ltr'><strong>tribuit</strong></span> <span class='ocrx_word' id='word_1_588' title='bbox 904 5753 919 5778; x_wconf 89' lang='lat'><strong>,</strong></span> <span class='ocrx_word' id='word_1_589' title='bbox 961 5715 1252 5770; x_wconf 84' lang='lat' dir='ltr'><strong>retribuam</strong></span> <span class='ocrx_word' id='word_1_590' title='bbox 1284 5725 1336 5769; x_wconf 90' lang='lat' dir='ltr'><strong>ct</strong></span> <span class='ocrx_word' id='word_1_591' title='bbox 1356 5730 1473 5786; x_wconf 86' lang='lat' dir='ltr'><strong>ego.</strong></span> <span class='ocrx_word' id='word_1_592' title='bbox 1505 5716 1795 5772; x_wconf 83' lang='lat' dir='ltr'><strong>Considera</strong></span> <span class='ocrx_word' id='word_1_593' title='bbox 1831 5716 1955 5785; x_wconf 87' lang='lat' dir='ltr'><strong>quid</strong></span> <span class='ocrx_word' id='word_1_594' title='bbox 1996 5717 2088 5771; x_wconf 88' lang='lat' dir='ltr'><strong>tibi</strong></span> <span class='ocrx_word' id='word_1_595' title='bbox 2116 5715 2271 5770; x_wconf 83' lang='lat' dir='ltr'><strong>Citri-</strong></span> 
     </span>
    </p>
   </div>
   <div class='ocr_carea' id='block_1_77' title="bbox 2101 406 2453 469">
    <p class='ocr_par' dir='ltr' id='par_1_77' title="bbox 2101 406 2453 469">
     <span class='ocr_line' id='line_1_79' title="bbox 2101 406 2453 469; baseline -0.009 1"><span class='ocrx_word' id='word_1_596' title='bbox 2101 406 2125 417; x_wconf 83' lang='lat'><strong>‘</strong></span> <span class='ocrx_word' id='word_1_597' title='bbox 2188 412 2453 469; x_wconf 82' lang='lat' dir='ltr'><strong>SPURIA.</strong></span> 
     </span>
    </p>
   </div>
   <div class='ocr_carea' id='block_1_78' title="bbox 3851 408 3971 466">
    <p class='ocr_par' dir='ltr' id='par_1_78' title="bbox 3851 408 3971 466">
     <span class='ocr_line' id='line_1_80' title="bbox 3851 408 3971 466; baseline 0.033 -4"><span class='ocrx_word' id='word_1_598' title='bbox 3851 408 3971 466; x_wconf 69' lang='lat' dir='ltr'><strong>l0?!</strong></span> 
     </span>
    </p>
   </div>
   <div class='ocr_carea' id='block_1_79' title="bbox 2396 525 3967 590">
    <p class='ocr_par' dir='ltr' id='par_1_79' title="bbox 2396 525 3967 590">
     <span class='ocr_line' id='line_1_81' title="bbox 2396 525 3967 590; baseline -0.001 -10"><span class='ocrx_word' id='word_1_599' title='bbox 2396 537 2510 580; x_wconf 87' lang='lat' dir='ltr'><strong>stus</strong></span> <span class='ocrx_word' id='word_1_600' title='bbox 2538 526 2857 587; x_wconf 87' lang='lat' dir='ltr'><strong>ostenderit,</strong></span> <span class='ocrx_word' id='word_1_601' title='bbox 2884 540 3008 580; x_wconf 89' lang='lat' dir='ltr'><strong>eum</strong></span> <span class='ocrx_word' id='word_1_602' title='bbox 3039 526 3090 578; x_wconf 92' lang='lat' dir='ltr'><strong>in</strong></span> <span class='ocrx_word' id='word_1_603' title='bbox 3122 525 3378 579; x_wconf 84' lang='lat' dir='ltr'><strong>mundum</strong></span> <span class='ocrx_word' id='word_1_604' title='bbox 3408 526 3665 590; x_wconf 82' lang='lat' dir='ltr'><strong>venisset,</strong></span> <span class='ocrx_word' id='word_1_605' title='bbox 3688 534 3753 581; x_wconf 87' lang='lat' dir='ltr'><strong>ut</strong></span> <span class='ocrx_word' id='word_1_606' title='bbox 3780 530 3967 581; x_wconf 77' lang='lat' dir='ltr'><strong>saluta-</strong></span> 
     </span>
    </p>
   </div>
   <div class='ocr_carea' id='block_1_80' title="bbox 2392 596 3969 676">
    <p class='ocr_par' dir='ltr' id='par_1_80' title="bbox 2392 596 3969 676">
     <span class='ocr_line' id='line_1_82' title="bbox 2392 596 3969 676; baseline -0.001 -26"><span class='ocrx_word' id='word_1_607' title='bbox 2392 612 2504 650; x_wconf 76' lang='lat' dir='ltr'><strong>rem</strong></span> <span class='ocrx_word' id='word_1_608' title='bbox 2533 598 2653 676; x_wconf 69' lang='lat' dir='ltr'><strong>vita:</strong></span> <span class='ocrx_word' id='word_1_609' title='bbox 2691 596 2922 676; x_wconf 64' lang='lat' dir='ltr'><strong>formam</strong></span> <span class='ocrx_word' id='word_1_610' title='bbox 2958 605 3284 676; x_wconf 71' lang='lat' dir='ltr'><strong>monstraret</strong></span> <span class='ocrx_word' id='word_1_611' title='bbox 3314 614 3327 649; x_wconf 91' lang='lat'><strong>:</strong></span> <span class='ocrx_word' id='word_1_612' title='bbox 3356 605 3517 676; x_wconf 79' lang='lat' dir='ltr'><strong>atque</strong></span> <span class='ocrx_word' id='word_1_613' title='bbox 3563 600 3709 651; x_wconf 84' lang='lat' dir='ltr'><strong>hunc</strong></span> <span class='ocrx_word' id='word_1_614' title='bbox 3746 598 3969 658; x_wconf 68' lang='lat' dir='ltr'><strong>imitare,</strong></span> 
     </span>
    </p>
   </div>
   <div class='ocr_carea' id='block_1_81' title="bbox 2392 666 3971 734">
    <p class='ocr_par' dir='ltr' id='par_1_81' title="bbox 2392 666 3971 734">
     <span class='ocr_line' id='line_1_83' title="bbox 2392 666 3971 734; baseline 0.001 -14"><span class='ocrx_word' id='word_1_615' title='bbox 2392 677 2449 720; x_wconf 90' lang='lat' dir='ltr'><strong>ut</strong></span> <span class='ocrx_word' id='word_1_616' title='bbox 2476 668 2658 720; x_wconf 87' lang='lat' dir='ltr'><strong>salvus</strong></span> <span class='ocrx_word' id='word_1_617' title='bbox 2687 666 2802 719; x_wconf 84' lang='lat' dir='ltr'><strong>fias.</strong></span> <span class='ocrx_word' id='word_1_618' title='bbox 2832 666 2946 719; x_wconf 88' lang='lat' dir='ltr'><strong>Non</strong></span> <span class='ocrx_word' id='word_1_619' title='bbox 2973 666 3114 719; x_wconf 91' lang='lat' dir='ltr'><strong>enim</strong></span> <span class='ocrx_word' id='word_1_620' title='bbox 3148 667 3314 729; x_wconf 83' lang='lat' dir='ltr'><strong>venit,</strong></span> <span class='ocrx_word' id='word_1_621' title='bbox 3348 666 3584 734; x_wconf 88' lang='lat' dir='ltr'><strong>ntjudex</strong></span> <span class='ocrx_word' id='word_1_622' title='bbox 3605 678 3775 731; x_wconf 78' lang='lat' dir='ltr'><strong>esset,</strong></span> <span class='ocrx_word' id='word_1_623' title='bbox 3804 680 3891 721; x_wconf 89' lang='lat' dir='ltr'><strong>aut</strong></span> <span class='ocrx_word' id='word_1_624' title='bbox 3920 681 3971 721; x_wconf 80' lang='lat' dir='ltr'><strong>ut</strong></span> 
     </span>
    </p>
   </div>
   <div class='ocr_carea' id='block_1_82' title="bbox 2390 735 3973 806">
    <p class='ocr_par' dir='ltr' id='par_1_82' title="bbox 2390 735 3973 806">
     <span class='ocr_line' id='line_1_84' title="bbox 2390 735 3973 806; baseline 0.003 -16"><span class='ocrx_word' id='word_1_625' title='bbox 2390 751 2505 799; x_wconf 89' lang='lat' dir='ltr'><strong>eos,</strong></span> <span class='ocrx_word' id='word_1_626' title='bbox 2528 737 2617 804; x_wconf 91' lang='lat' dir='ltr'><strong>qui</strong></span> <span class='ocrx_word' id='word_1_627' title='bbox 2639 736 2739 790; x_wconf 88' lang='lat' dir='ltr'><strong>sibi</strong></span> <span class='ocrx_word' id='word_1_628' title='bbox 2768 735 3206 806; x_wconf 85' lang='lat' dir='ltr'><strong>adversabantur.</strong></span> <span class='ocrx_word' id='word_1_629' title='bbox 3237 736 3622 806; x_wconf 75' lang='lat' dir='ltr'><strong>ulcisceretur:</strong></span> <span class='ocrx_word' id='word_1_630' title='bbox 3650 753 3973 806; x_wconf 69' lang='lat' dir='ltr'><strong>quamquam</strong></span> 
     </span>
    </p>
   </div>
   <div class='ocr_carea' id='block_1_83' title="bbox 2392 804 3973 875">
    <p class='ocr_par' dir='ltr' id='par_1_83' title="bbox 2392 804 3973 875">
     <span class='ocr_line' id='line_1_85' title="bbox 2392 804 3973 875; baseline 0.001 -16"><span class='ocrx_word' id='word_1_631' title='bbox 2392 809 2507 875; x_wconf 83' lang='lat' dir='ltr'><strong>ipse</strong></span> <span class='ocrx_word' id='word_1_632' title='bbox 2534 807 2750 875; x_wconf 89' lang='lat' dir='ltr'><strong>quidem</strong></span> <span class='ocrx_word' id='word_1_633' title='bbox 2794 821 2902 860; x_wconf 88' lang='lat' dir='ltr'><strong>non</strong></span> <span class='ocrx_word' id='word_1_634' title='bbox 2948 806 3000 859; x_wconf 91' lang='lat' dir='ltr'><strong>id</strong></span> <span class='ocrx_word' id='word_1_635' title='bbox 3032 805 3269 875; x_wconf 82' lang='lat' dir='ltr'><strong>agebat,</strong></span> <span class='ocrx_word' id='word_1_636' title='bbox 3298 815 3367 859; x_wconf 51' lang='lat' dir='ltr'><strong>ut‘</strong></span> <span class='ocrx_word' id='word_1_637' title='bbox 3385 804 3600 875; x_wconf 87' lang='lat' dir='ltr'><strong>aliquod</strong></span> <span class='ocrx_word' id='word_1_638' title='bbox 3626 804 3694 860; x_wconf 84' lang='lat' dir='ltr'><strong>ex</strong></span> <span class='ocrx_word' id='word_1_639' title='bbox 3727 804 3973 875; x_wconf 72' lang='lat' dir='ltr'><strong>patientia</strong></span> 
     </span>
    </p>
   </div>
   <div class='ocr_carea' id='block_1_84' title="bbox 2391 874 3972 941">
    <p class='ocr_par' dir='ltr' id='par_1_84' title="bbox 2391 874 3972 941">
     <span class='ocr_line' id='line_1_86' title="bbox 2391 874 3972 941; baseline 0.001 -12"><span class='ocrx_word' id='word_1_640' title='bbox 2391 874 2595 931; x_wconf 86' lang='lat' dir='ltr'><strong>lucrum</strong></span> <span class='ocrx_word' id='word_1_641' title='bbox 2648 877 2898 941; x_wconf 90' lang='lat' dir='ltr'><strong>ambiret,</strong></span> <span class='ocrx_word' id='word_1_642' title='bbox 2953 874 3049 929; x_wconf 87' lang='lat' dir='ltr'><strong>sed</strong></span> <span class='ocrx_word' id='word_1_643' title='bbox 3100 885 3157 928; x_wconf 91' lang='lat' dir='ltr'><strong>ut</strong></span> <span class='ocrx_word' id='word_1_644' title='bbox 3202 877 3427 930; x_wconf 87' lang='lat' dir='ltr'><strong>salutem</strong></span> <span class='ocrx_word' id='word_1_645' title='bbox 3480 874 3684 930; x_wconf 80' lang='lat' dir='ltr'><strong>mundo</strong></span> <span class='ocrx_word' id='word_1_646' title='bbox 3730 874 3972 932; x_wconf 27' lang='lat' dir='ltr'><strong>’aﬂ&#39;erret.</strong></span> 
     </span>
    </p>
   </div>
   <div class='ocr_carea' id='block_1_85' title="bbox 2390 945 3977 1015">
    <p class='ocr_par' dir='ltr' id='par_1_85' title="bbox 2390 945 3977 1015">
     <span class='ocr_line' id='line_1_87' title="bbox 2390 945 3977 1015; baseline 0.001 -15"><span class='ocrx_word' id='word_1_647' title='bbox 2390 948 2585 1001; x_wconf 87' lang='lat' dir='ltr'><strong>Christi</strong></span> <span class='ocrx_word' id='word_1_648' title='bbox 2617 961 2851 1015; x_wconf 84' lang='lat' dir='ltr'><strong>namque</strong></span> <span class='ocrx_word' id='word_1_649' title='bbox 2890 946 3145 1015; x_wconf 85' lang='lat' dir='ltr'><strong>patientia</strong></span> <span class='ocrx_word' id='word_1_650' title='bbox 3175 945 3385 1015; x_wconf 80' lang='lat' dir='ltr'><strong>diaboli</strong></span> <span class='ocrx_word' id='word_1_651' title='bbox 3405 945 3562 1014; x_wconf 75' lang='lat' dir='ltr'><strong>fregit</strong></span> <span class='ocrx_word' id='word_1_652' title='bbox 3590 946 3894 1011; x_wconf 82' lang='lat' dir='ltr'><strong>audaciam,</strong></span> <span class='ocrx_word' id='word_1_653' title='bbox 3925 958 3977 1001; x_wconf 86' lang='lat' dir='ltr'><strong>et</strong></span> 
     </span>
    </p>
   </div>
   <div class='ocr_carea' id='block_1_86' title="bbox 2392 1014 3979 1085">
    <p class='ocr_par' dir='ltr' id='par_1_86' title="bbox 2392 1014 3979 1085">
     <span class='ocr_line' id='line_1_88' title="bbox 2392 1014 3979 1085; baseline 0.003 -18"><span class='ocrx_word' id='word_1_654' title='bbox 2392 1018 2689 1085; x_wconf 80' lang='lat' dir='ltr'><strong>benignitas</strong></span> <span class='ocrx_word' id='word_1_655' title='bbox 2715 1014 2925 1071; x_wconf 76' lang='lat' dir='ltr'><strong>Domini</strong></span> <span class='ocrx_word' id='word_1_656' title='bbox 2946 1014 3179 1069; x_wconf 85' lang='lat' dir='ltr'><strong>ferocem</strong></span> <span class='ocrx_word' id='word_1_657' title='bbox 3211 1016 3335 1085; x_wconf 90' lang='lat' dir='ltr'><strong>mali</strong></span> <span class='ocrx_word' id='word_1_658' title='bbox 3365 1014 3599 1070; x_wconf 88' lang='lat' dir='ltr'><strong>furorem</strong></span> <span class='ocrx_word' id='word_1_659' title='bbox 3630 1020 3979 1085; x_wconf 76' lang='lat' dir='ltr'><strong>expugnavit:</strong></span> 
     </span>
    </p>
   </div>
   <div class='ocr_carea' id='block_1_87' title="bbox 2389 1084 3974 1155">
    <p class='ocr_par' dir='ltr' id='par_1_87' title="bbox 2389 1084 3974 1155">
     <span class='ocr_line' id='line_1_89' title="bbox 2389 1084 3974 1155; baseline 0.001 -16"><span class='ocrx_word' id='word_1_660' title='bbox 2389 1096 2444 1139; x_wconf 92' lang='lat' dir='ltr'><strong>et</strong></span> <span class='ocrx_word' id='word_1_661' title='bbox 2488 1084 2542 1140; x_wconf 86' lang='lat' dir='ltr'><strong>tu</strong></span> <span class='ocrx_word' id='word_1_662' title='bbox 2572 1101 2700 1155; x_wconf 89' lang='lat' dir='ltr'><strong>ergo</strong></span> <span class='ocrx_word' id='word_1_663' title='bbox 2728 1086 2953 1141; x_wconf 86' lang='lat' dir='ltr'><strong>formam</strong></span> <span class='ocrx_word' id='word_1_664' title='bbox 2985 1085 3124 1139; x_wconf 87' lang='lat' dir='ltr'><strong>banc</strong></span> <span class='ocrx_word' id='word_1_665' title='bbox 3147 1085 3244 1139; x_wconf 90' lang='lat' dir='ltr'><strong>tibi</strong></span> <span class='ocrx_word' id='word_1_666' title='bbox 3273 1084 3339 1139; x_wconf 87' lang='lat' dir='ltr'><strong>ad</strong></span> <span class='ocrx_word' id='word_1_667' title='bbox 3368 1084 3687 1140; x_wconf 85' lang='lat' dir='ltr'><strong>imitandum</strong></span> <span class='ocrx_word' id='word_1_668' title='bbox 3718 1084 3974 1154; x_wconf 85' lang='lat' dir='ltr'><strong>propone.</strong></span> 
     </span>
    </p>
   </div>
   <div class='ocr_carea' id='block_1_88' title="bbox 2389 1156 3977 1225">
    <p class='ocr_par' dir='ltr' id='par_1_88' title="bbox 2389 1156 3977 1225">
     <span class='ocr_line' id='line_1_90' title="bbox 2389 1156 3977 1225; baseline 0 -14"><span class='ocrx_word' id='word_1_669' title='bbox 2389 1156 2506 1211; x_wconf 87' lang='lat' dir='ltr'><strong>Non</strong></span> <span class='ocrx_word' id='word_1_670' title='bbox 2533 1158 2841 1212; x_wconf 84' lang='lat' dir='ltr'><strong>succensuit</strong></span> <span class='ocrx_word' id='word_1_671' title='bbox 2866 1157 2931 1211; x_wconf 89' lang='lat' dir='ltr'><strong>iis</strong></span> <span class='ocrx_word' id='word_1_672' title='bbox 2953 1172 2981 1207; x_wconf 89' lang='lat' dir='ltr'><strong>a</strong></span> <span class='ocrx_word' id='word_1_673' title='bbox 3013 1156 3205 1225; x_wconf 89' lang='lat' dir='ltr'><strong>quibus</strong></span> <span class='ocrx_word' id='word_1_674' title='bbox 3226 1156 3571 1225; x_wconf 82' lang='lat' dir='ltr'><strong>contumeliis</strong></span> <span class='ocrx_word' id='word_1_675' title='bbox 3598 1157 3977 1225; x_wconf 61' lang='lat' dir='ltr'><strong>proscindeba-</strong></span> 
     </span>
    </p>
   </div>
   <div class='ocr_carea' id='block_1_89' title="bbox 2390 1224 3975 1296">
    <p class='ocr_par' dir='ltr' id='par_1_89' title="bbox 2390 1224 3975 1296">
     <span class='ocr_line' id='line_1_91' title="bbox 2390 1224 3975 1296; baseline -0.002 -15"><span class='ocrx_word' id='word_1_676' title='bbox 2390 1238 2476 1281; x_wconf 90' lang='lat' dir='ltr'><strong>tur</strong></span> <span class='ocrx_word' id='word_1_677' title='bbox 2505 1244 2521 1281; x_wconf 90' lang='lat'><strong>:</strong></span> <span class='ocrx_word' id='word_1_678' title='bbox 2548 1227 2643 1282; x_wconf 83' lang='lat' dir='ltr'><strong>sed</strong></span> <span class='ocrx_word' id='word_1_679' title='bbox 2695 1224 3061 1282; x_wconf 84' lang='lat' dir='ltr'><strong>Samaritanus</strong></span> <span class='ocrx_word' id='word_1_680' title='bbox 3108 1234 3176 1296; x_wconf 85' lang='lat' dir='ltr'><strong>et</strong></span> <span class='ocrx_word' id='word_1_681' title='bbox 3203 1224 3471 1296; x_wconf 68' lang='lat' dir='ltr'><strong>daemonio</strong></span> <span class='ocrx_word' id='word_1_682' title='bbox 3516 1224 3801 1296; x_wconf 65' lang='lat' dir='ltr'><strong>correptus</strong></span> <span class='ocrx_word' id='word_1_683' title='bbox 3855 1236 3975 1279; x_wconf 76' lang='lat' dir='ltr'><strong>cum</strong></span> 
     </span>
    </p>
   </div>
   <div class='ocr_carea' id='block_1_90' title="bbox 2388 1294 3971 1367">
    <p class='ocr_par' dir='ltr' id='par_1_90' title="bbox 2388 1294 3971 1367">
     <span class='ocr_line' id='line_1_92' title="bbox 2388 1294 3971 1367; baseline -0.003 -16"><span class='ocrx_word' id='word_1_684' title='bbox 2388 1297 2771 1367; x_wconf 87' lang='lat' dir='ltr'><strong>appellaretur,</strong></span> <span class='ocrx_word' id='word_1_685' title='bbox 2799 1296 3029 1367; x_wconf 76' lang='lat' dir='ltr'><strong>bonignc</strong></span> <span class='ocrx_word' id='word_1_686' title='bbox 3048 1309 3112 1349; x_wconf 93' lang='lat' dir='ltr'><strong>ac</strong></span> <span class='ocrx_word' id='word_1_687' title='bbox 3134 1294 3341 1363; x_wconf 89' lang='lat' dir='ltr'><strong>placide</strong></span> <span class='ocrx_word' id='word_1_688' title='bbox 3366 1295 3433 1349; x_wconf 84' lang='lat' dir='ltr'><strong>iis</strong></span> <span class='ocrx_word' id='word_1_689' title='bbox 3447 1296 3551 1367; x_wconf 84' lang='lat' dir='ltr'><strong>qui</strong></span> <span class='ocrx_word' id='word_1_690' title='bbox 3574 1294 3971 1367; x_wconf 52' lang='lat' dir='ltr'><strong>hoe&#39;dicebant.</strong></span> 
     </span>
    </p>
   </div>
   <div class='ocr_carea' id='block_1_91' title="bbox 2390 1365 3983 1437">
    <p class='ocr_par' dir='ltr' id='par_1_91' title="bbox 2390 1365 3983 1437">
     <span class='ocr_line' id='line_1_93' title="bbox 2390 1365 3983 1437; baseline -0.003 -15"><span class='ocrx_word' id='word_1_691' title='bbox 2390 1365 2750 1431; x_wconf 70' lang='lat' dir='ltr'><strong>respondebat</strong></span> <span class='ocrx_word' id='word_1_692' title='bbox 2776 1384 2789 1420; x_wconf 90' lang='lat'><strong>:</strong></span> <span class='ocrx_word' id='word_1_693' title='bbox 2841 1365 2950 1437; x_wconf 82' lang='lat' dir='ltr'><strong>Ego</strong></span> <span class='ocrx_word' id='word_1_694' title='bbox 2973 1366 3288 1437; x_wconf 65' lang='lat' dir='ltr'><strong>(immanium</strong></span> <span class='ocrx_word' id='word_1_695' title='bbox 3305 1380 3408 1437; x_wconf 73' lang='lat' dir='ltr'><strong>non</strong></span> <span class='ocrx_word' id='word_1_696' title='bbox 3434 1365 3592 1432; x_wconf 64' lang='lat' dir='ltr'><strong>habeo</strong></span> <span class='ocrx_word' id='word_1_697' title='bbox 3619 1406 3635 1431; x_wconf 92' lang='lat'><strong>,</strong></span> <span class='ocrx_word' id='word_1_698' title='bbox 3658 1366 3983 1437; x_wconf 48' lang='lat' dir='ltr'><strong>aedituum-i-</strong></span> 
     </span>
    </p>
   </div>
   <div class='ocr_carea' id='block_1_92' title="bbox 2390 1433 3985 1507">
    <p class='ocr_par' dir='ltr' id='par_1_92' title="bbox 2390 1433 3985 1507">
     <span class='ocr_line' id='line_1_94' title="bbox 2390 1433 3985 1507; baseline -0.004 -15"><span class='ocrx_word' id='word_1_699' title='bbox 2390 1440 2489 1507; x_wconf 73' lang='lat' dir='ltr'><strong>ﬁco</strong></span> <span class='ocrx_word' id='word_1_700' title='bbox 2518 1438 2725 1491; x_wconf 81' lang='lat' dir='ltr'><strong>Patrem</strong></span> <span class='ocrx_word' id='word_1_701' title='bbox 2751 1433 2919 1490; x_wconf 76' lang='grc' dir='ltr'><strong>ηιειηὶι</strong></span> <span class='ocrx_word' id='word_1_702' title='bbox 2945 1451 2966 1499; x_wconf 88' lang='lat'><strong><em>;</em></strong></span> <span class='ocrx_word' id='word_1_703' title='bbox 3009 1452 3096 1489; x_wconf 74' lang='lat' dir='ltr'><strong>eos</strong></span> <span class='ocrx_word' id='word_1_704' title='bbox 3132 1451 3249 1489; x_wconf 67' lang='lat' dir='ltr'><strong>vero</strong></span> <span class='ocrx_word' id='word_1_705' title='bbox 3272 1434 3588 1507; x_wconf 74' lang='lat' dir='ltr'><strong>inhonoratis</strong></span> <span class='ocrx_word' id='word_1_706' title='bbox 3615 1450 3715 1488; x_wconf 71' lang='lat' dir='ltr'><strong>me.</strong></span> <span class='ocrx_word' id='word_1_707' title='bbox 3748 1433 3866 1506; x_wconf 70' lang='lat' dir='ltr'><strong>Ege</strong></span> <span class='ocrx_word' id='word_1_708' title='bbox 3889 1451 3985 1507; x_wconf 59' lang='lat' dir='ltr'><strong>aa-</strong></span> 
     </span>
    </p>
   </div>
   <div class='ocr_carea' id='block_1_93' title="bbox 2389 1504 3981 1576">
    <p class='ocr_par' dir='ltr' id='par_1_93' title="bbox 2389 1504 3981 1576">
     <span class='ocr_line' id='line_1_95' title="bbox 2389 1504 3981 1576; baseline -0.011 -15"><span class='ocrx_word' id='word_1_709' title='bbox 2389 1504 2487 1561; x_wconf 78' lang='lat' dir='ltr'><strong>tem</strong></span> <span class='ocrx_word' id='word_1_710' title='bbox 2512 1524 2626 1574; x_wconf 84' lang='lat' dir='ltr'><strong>non_</strong></span> <span class='ocrx_word' id='word_1_711' title='bbox 2638 1523 2810 1576; x_wconf 65' lang='lat' dir='ltr'><strong>quam</strong></span> <span class='ocrx_word' id='word_1_712' title='bbox 2830 1507 3253 1576; x_wconf 12' lang='lat' dir='ltr'><strong>gloriamimeam,</strong></span> <span class='ocrx_word' id='word_1_713' title='bbox 3278 1513 3350 1557; x_wconf 90' lang='lat' dir='ltr'><strong>est</strong></span> <span class='ocrx_word' id='word_1_714' title='bbox 3373 1506 3462 1574; x_wconf 77' lang='lat' dir='ltr'><strong>qui</strong></span> <span class='ocrx_word' id='word_1_715' title='bbox 3486 1513 3686 1576; x_wconf 69' lang='lat' dir='ltr'><strong>qut-rat</strong></span> <span class='ocrx_word' id='word_1_716' title='bbox 3711 1545 3729 1569; x_wconf 79' lang='lat'><strong>,</strong></span> <span class='ocrx_word' id='word_1_717' title='bbox 3752 1504 3815 1557; x_wconf 70' lang='grc' dir='ltr'><strong>εί</strong></span> <span class='ocrx_word' id='word_1_718' title='bbox 3826 1504 3981 1576; x_wconf 39' lang='lat' dir='ltr'><strong>jar-</strong></span> 
     </span>
    </p>
   </div>
   <div class='ocr_carea' id='block_1_94' title="bbox 2389 1574 3983 1646">
    <p class='ocr_par' dir='ltr' id='par_1_94' title="bbox 2389 1574 3983 1646">
     <span class='ocr_line' id='line_1_96' title="bbox 2389 1574 3983 1646; baseline -0.003 -15"><span class='ocrx_word' id='word_1_719' title='bbox 2389 1589 2466 1632; x_wconf 82' lang='lat' dir='ltr'><strong>cet</strong></span> <span class='ocrx_word' id='word_1_720' title='bbox 2494 1574 2675 1644; x_wconf 73' lang='lat' dir='ltr'><strong>(locu.</strong></span> <span class='ocrx_word' id='word_1_721' title='bbox 2705 1576 2759 1631; x_wconf 90' lang='lat'><strong>8.</strong></span> <span class='ocrx_word' id='word_1_722' title='bbox 2791 1574 3025 1646; x_wconf 69' lang='lat'><strong>49.50).</strong></span> <span class='ocrx_word' id='word_1_723' title='bbox 3056 1575 3237 1646; x_wconf 84' lang='lat' dir='ltr'><strong>Itaque</strong></span> <span class='ocrx_word' id='word_1_724' title='bbox 3264 1583 3322 1646; x_wconf 85' lang='lat' dir='ltr'><strong>et</strong></span> <span class='ocrx_word' id='word_1_725' title='bbox 3346 1583 3402 1628; x_wconf 89' lang='lat' dir='ltr'><strong>tu</strong></span> <span class='ocrx_word' id='word_1_726' title='bbox 3433 1576 3540 1646; x_wconf 74' lang='lat' dir='ltr'><strong>nc&#39;i</strong></span> <span class='ocrx_word' id='word_1_727' title='bbox 3578 1584 3631 1630; x_wconf 90' lang='lat' dir='ltr'><strong>te</strong></span> <span class='ocrx_word' id='word_1_728' title='bbox 3675 1575 3855 1645; x_wconf 85' lang='lat' dir='ltr'><strong>ipsum</strong></span> <span class='ocrx_word' id='word_1_729' title='bbox 3902 1574 3983 1646; x_wconf 80' lang='lat' dir='ltr'><strong>ul-</strong></span> 
     </span>
    </p>
   </div>
   <div class='ocr_carea' id='block_1_95' title="bbox 2389 1644 3982 1715">
    <p class='ocr_par' dir='ltr' id='par_1_95' title="bbox 2389 1644 3982 1715">
     <span class='ocr_line' id='line_1_97' title="bbox 2389 1644 3982 1715; baseline -0.003 -13"><span class='ocrx_word' id='word_1_730' title='bbox 2389 1650 2516 1702; x_wconf 91' lang='lat' dir='ltr'><strong>cisci</strong></span> <span class='ocrx_word' id='word_1_731' title='bbox 2541 1689 2557 1713; x_wconf 93' lang='lat'><strong>,</strong></span> <span class='ocrx_word' id='word_1_732' title='bbox 2584 1656 2840 1715; x_wconf 71' lang='lat' dir='ltr'><strong>exspecta</strong></span> <span class='ocrx_word' id='word_1_733' title='bbox 2858 1644 3115 1715; x_wconf 84' lang='lat' dir='ltr'><strong>judieem.</strong></span> <span class='ocrx_word' id='word_1_734' title='bbox 3150 1644 3206 1700; x_wconf 88' lang='lat' dir='ltr'><strong>Si</strong></span> <span class='ocrx_word' id='word_1_735' title='bbox 3236 1645 3380 1699; x_wconf 88' lang='lat' dir='ltr'><strong>enim</strong></span> <span class='ocrx_word' id='word_1_736' title='bbox 3405 1645 3575 1712; x_wconf 69' lang='lat' dir='ltr'><strong>judex</strong></span> <span class='ocrx_word' id='word_1_737' title='bbox 3599 1644 3753 1715; x_wconf 85' lang='lat' dir='ltr'><strong>ipse,</strong></span> <span class='ocrx_word' id='word_1_738' title='bbox 3778 1660 3903 1700; x_wconf 88' lang='lat' dir='ltr'><strong>eum</strong></span> <span class='ocrx_word' id='word_1_739' title='bbox 3924 1644 3982 1698; x_wconf 87' lang='lat' dir='ltr'><strong>in</strong></span> 
     </span>
    </p>
   </div>
   <div class='ocr_carea' id='block_1_96' title="bbox 2391 1715 3984 1786">
    <p class='ocr_par' dir='ltr' id='par_1_96' title="bbox 2391 1715 3984 1786">
     <span class='ocr_line' id='line_1_98' title="bbox 2391 1715 3984 1786; baseline -0.003 -14"><span class='ocrx_word' id='word_1_740' title='bbox 2391 1718 2621 1772; x_wconf 83' lang='lat' dir='ltr'><strong>humana</strong></span> <span class='ocrx_word' id='word_1_741' title='bbox 2661 1718 2832 1770; x_wconf 87' lang='lat' dir='ltr'><strong>forma</strong></span> <span class='ocrx_word' id='word_1_742' title='bbox 2856 1715 3213 1786; x_wconf 79' lang='lat' dir='ltr'><strong>apparuisset,</strong></span> <span class='ocrx_word' id='word_1_743' title='bbox 3245 1730 3354 1769; x_wconf 88' lang='lat' dir='ltr'><strong>non</strong></span> <span class='ocrx_word' id='word_1_744' title='bbox 3380 1716 3648 1781; x_wconf 86' lang='lat' dir='ltr'><strong>retribuit,</strong></span> <span class='ocrx_word' id='word_1_745' title='bbox 3687 1731 3814 1770; x_wconf 78' lang='lat' dir='ltr'><strong>cum</strong></span> <span class='ocrx_word' id='word_1_746' title='bbox 3856 1730 3984 1783; x_wconf 82' lang='lat' dir='ltr'><strong>pos-</strong></span> 
     </span>
    </p>
   </div>
   <div class='ocr_carea' id='block_1_97' title="bbox 2389 1786 3985 1856">
    <p class='ocr_par' dir='ltr' id='par_1_97' title="bbox 2389 1786 3985 1856">
     <span class='ocr_line' id='line_1_99' title="bbox 2389 1786 3985 1856; baseline -0.002 -14"><span class='ocrx_word' id='word_1_747' title='bbox 2389 1799 2493 1851; x_wconf 87' lang='lat' dir='ltr'><strong>set,</strong></span> <span class='ocrx_word' id='word_1_748' title='bbox 2519 1788 2611 1842; x_wconf 89' lang='lat' dir='ltr'><strong>sed</strong></span> <span class='ocrx_word' id='word_1_749' title='bbox 2645 1787 2751 1841; x_wconf 79' lang='lat' dir='ltr'><strong>Dei.</strong></span> <span class='ocrx_word' id='word_1_750' title='bbox 2767 1786 3027 1856; x_wconf 89' lang='lat' dir='ltr'><strong>judicium</strong></span> <span class='ocrx_word' id='word_1_751' title='bbox 3054 1786 3391 1854; x_wconf 80' lang='lat' dir='ltr'><strong>exspectavit</strong></span> <span class='ocrx_word' id='word_1_752' title='bbox 3417 1803 3434 1841; x_wconf 91' lang='lat'><strong>:</strong></span> <span class='ocrx_word' id='word_1_753' title='bbox 3460 1786 3589 1840; x_wconf 66' lang='lat' dir='ltr'><strong>Cum</strong></span> <span class='ocrx_word' id='word_1_754' title='bbox 3630 1786 3778 1841; x_wconf 90' lang='lat' dir='ltr'><strong>enim</strong></span> <span class='ocrx_word' id='word_1_755' title='bbox 3821 1787 3985 1839; x_wconf 67' lang='lat' dir='ltr'><strong>anale-</strong></span> 
     </span>
    </p>
   </div>
   <div class='ocr_carea' id='block_1_98' title="bbox 2389 1856 3985 1927">
    <p class='ocr_par' dir='ltr' id='par_1_98' title="bbox 2389 1856 3985 1927">
     <span class='ocr_line' id='line_1_100' title="bbox 2389 1856 3985 1927; baseline -0.002 -16"><span class='ocrx_word' id='word_1_756' title='bbox 2389 1859 2640 1911; x_wconf 75' lang='lat' dir='ltr'><strong>diceretur</strong></span> <span class='ocrx_word' id='word_1_757' title='bbox 2662 1899 2677 1921; x_wconf 94' lang='lat'><strong>,</strong></span> <span class='ocrx_word' id='word_1_758' title='bbox 2718 1874 2819 1910; x_wconf 77' lang='lat' dir='ltr'><strong>non</strong></span> <span class='ocrx_word' id='word_1_759' title='bbox 2850 1856 3177 1910; x_wconf 81' lang='lat' dir='ltr'><strong>maledicebat</strong></span> <span class='ocrx_word' id='word_1_760' title='bbox 3201 1872 3223 1909; x_wconf 89' lang='lat'><strong><em>:</em></strong></span> <span class='ocrx_word' id='word_1_761' title='bbox 3246 1872 3362 1927; x_wconf 71' lang='lat' dir='ltr'><strong>eum</strong></span> <span class='ocrx_word' id='word_1_762' title='bbox 3386 1865 3643 1927; x_wconf 72' lang='lat' dir='ltr'><strong>pateretur</strong></span> <span class='ocrx_word' id='word_1_763' title='bbox 3664 1897 3683 1923; x_wconf 93' lang='lat'><strong>,</strong></span> <span class='ocrx_word' id='word_1_764' title='bbox 3713 1872 3817 1909; x_wconf 68' lang='lat' dir='ltr'><strong>non</strong></span> <span class='ocrx_word' id='word_1_765' title='bbox 3842 1872 3985 1927; x_wconf 67' lang='lat' dir='ltr'><strong>gotu-</strong></span> 
     </span>
    </p>
   </div>
   <div class='ocr_carea' id='block_1_99' title="bbox 2388 1925 3982 1998">
    <p class='ocr_par' dir='ltr' id='par_1_99' title="bbox 2388 1925 3982 1998">
     <span class='ocr_line' id='line_1_101' title="bbox 2388 1925 3982 1998; baseline -0.003 -16"><span class='ocrx_word' id='word_1_766' title='bbox 2388 1928 2720 1993; x_wconf 67' lang='lat' dir='ltr'><strong>minabatur;</strong></span> <span class='ocrx_word' id='word_1_767' title='bbox 2750 1927 2978 1980; x_wconf 78' lang='lat' dir='ltr'><strong>tradebat</strong></span> <span class='ocrx_word' id='word_1_768' title='bbox 3026 1941 3193 1998; x_wconf 74' lang='lat' dir='ltr'><strong>autem</strong></span> <span class='ocrx_word' id='word_1_769' title='bbox 3214 1925 3471 1998; x_wconf 67' lang='lat' dir='ltr'><strong>judicdnti</strong></span> <span class='ocrx_word' id='word_1_770' title='bbox 3531 1930 3667 1998; x_wconf 75' lang='lat' dir='ltr'><strong>iuste</strong></span> <span class='ocrx_word' id='word_1_771' title='bbox 3738 1928 3791 1993; x_wconf 87' lang='grc'><strong>(1</strong></span> <span class='ocrx_word' id='word_1_772' title='bbox 3825 1925 3982 1998; x_wconf 13' lang='grc' dir='ltr'><strong>ΫΡριτ.</strong></span> 
     </span>
    </p>
   </div>
   <div class='ocr_carea' id='block_1_100' title="bbox 2389 1995 3981 2065">
    <p class='ocr_par' dir='ltr' id='par_1_100' title="bbox 2389 1995 3981 2065">
     <span class='ocr_line' id='line_1_102' title="bbox 2389 1995 3981 2065; baseline -0.002 -12"><span class='ocrx_word' id='word_1_773' title='bbox 2389 2000 2445 2053; x_wconf 82' lang='grc'><strong>2.</strong></span> <span class='ocrx_word' id='word_1_774' title='bbox 2475 1999 2592 2063; x_wconf 82' lang='grc'><strong>25).</strong></span> <span class='ocrx_word' id='word_1_775' title='bbox 2634 1999 2703 2051; x_wconf 83' lang='grc' dir='ltr'><strong>Ει</strong></span> <span class='ocrx_word' id='word_1_776' title='bbox 2742 2006 2797 2051; x_wconf 81' lang='grc' dir='ltr'><strong>ιιι</strong></span> <span class='ocrx_word' id='word_1_777' title='bbox 2822 2012 2953 2065; x_wconf 89' lang='lat' dir='ltr'><strong>ergo</strong></span> <span class='ocrx_word' id='word_1_778' title='bbox 2999 1998 3071 2050; x_wconf 81' lang='lat' dir='ltr'><strong>i!a</strong></span> <span class='ocrx_word' id='word_1_779' title='bbox 3103 1995 3282 2061; x_wconf 85' lang='lat' dir='ltr'><strong>facito,</strong></span> <span class='ocrx_word' id='word_1_780' title='bbox 3313 2010 3379 2049; x_wconf 87' lang='lat' dir='ltr'><strong>ac</strong></span> <span class='ocrx_word' id='word_1_781' title='bbox 3428 1995 3711 2050; x_wconf 86' lang='lat' dir='ltr'><strong>Dominum</strong></span> <span class='ocrx_word' id='word_1_782' title='bbox 3742 1997 3981 2061; x_wconf 87' lang='lat' dir='ltr'><strong>imitare,</strong></span> 
     </span>
    </p>
   </div>
   <div class='ocr_carea' id='block_1_101' title="bbox 2388 2065 4007 2139">
    <p class='ocr_par' dir='ltr' id='par_1_101' title="bbox 2388 2065 4007 2139">
     <span class='ocr_line' id='line_1_103' title="bbox 2388 2065 4007 2139; baseline -0.002 -16"><span class='ocrx_word' id='word_1_783' title='bbox 2388 2072 2477 2139; x_wconf 92' lang='lat' dir='ltr'><strong>qui</strong></span> <span class='ocrx_word' id='word_1_784' title='bbox 2508 2069 2573 2123; x_wconf 85' lang='lat' dir='ltr'><strong>ad</strong></span> <span class='ocrx_word' id='word_1_785' title='bbox 2598 2083 2811 2122; x_wconf 87' lang='lat' dir='ltr'><strong>crucem</strong></span> <span class='ocrx_word' id='word_1_786' title='bbox 2833 2082 3006 2139; x_wconf 78' lang='lat' dir='ltr'><strong>usque</strong></span> <span class='ocrx_word' id='word_1_787' title='bbox 3028 2067 3273 2139; x_wconf 87' lang='lat' dir='ltr'><strong>injuriam</strong></span> <span class='ocrx_word' id='word_1_788' title='bbox 3302 2065 3521 2139; x_wconf 69' lang='lat' dir='ltr'><strong>pertulit</strong></span> <span class='ocrx_word' id='word_1_789' title='bbox 3538 2066 3799 2139; x_wconf 85' lang='lat' dir='ltr'><strong>impiam_,</strong></span> <span class='ocrx_word' id='word_1_790' title='bbox 3818 2077 4007 2134; x_wconf 87' lang='lat' dir='ltr'><strong>atque-</strong></span> 
     </span>
    </p>
   </div>
   <div class='ocr_carea' id='block_1_102' title="bbox 2389 2135 3983 2207">
    <p class='ocr_par' dir='ltr' id='par_1_102' title="bbox 2389 2135 3983 2207">
     <span class='ocr_line' id='line_1_104' title="bbox 2389 2135 3983 2207; baseline -0.002 -14"><span class='ocrx_word' id='word_1_791' title='bbox 2389 2135 2553 2194; x_wconf 82' lang='lat' dir='ltr'><strong>exitio</strong></span> <span class='ocrx_word' id='word_1_792' title='bbox 2577 2139 2753 2207; x_wconf 86' lang='lat' dir='ltr'><strong>dignis</strong></span> <span class='ocrx_word' id='word_1_793' title='bbox 2773 2135 2998 2207; x_wconf 69' lang='lat' dir='ltr'><strong>salutem</strong></span> <span class='ocrx_word' id='word_1_794' title='bbox 3027 2138 3364 2203; x_wconf 87' lang='lat' dir='ltr'><strong>procurahat.</strong></span> <span class='ocrx_word' id='word_1_795' title='bbox 3391 2135 3481 2191; x_wconf 91' lang='lat' dir='ltr'><strong>Sic</strong></span> <span class='ocrx_word' id='word_1_796' title='bbox 3506 2137 3649 2189; x_wconf 90' lang='lat' dir='ltr'><strong>enim</strong></span> <span class='ocrx_word' id='word_1_797' title='bbox 3675 2138 3742 2189; x_wconf 91' lang='lat' dir='ltr'><strong>ad</strong></span> <span class='ocrx_word' id='word_1_798' title='bbox 3761 2136 3983 2190; x_wconf 74' lang='lat' dir='ltr'><strong>Patrem</strong></span> 
     </span>
    </p>
   </div>
   <div class='ocr_carea' id='block_1_103' title="bbox 2389 2206 3984 2275">
    <p class='ocr_par' dir='ltr' id='par_1_103' title="bbox 2389 2206 3984 2275">
     <span class='ocr_line' id='line_1_105' title="bbox 2389 2206 3984 2275; baseline -0.004 -12"><span class='ocrx_word' id='word_1_799' title='bbox 2389 2210 2587 2269; x_wconf 82' lang='lat' dir='ltr'><strong>aiebat,</strong></span> <span class='ocrx_word' id='word_1_800' title='bbox 2637 2206 2847 2260; x_wconf 80' lang='lat' dir='ltr'><strong>Dimitte</strong></span> <span class='ocrx_word' id='word_1_801' title='bbox 2871 2206 2976 2260; x_wconf 80' lang='lat' dir='ltr'><strong>illis</strong></span> <span class='ocrx_word' id='word_1_802' title='bbox 3018 2208 3115 2260; x_wconf 77' lang='lat' dir='ltr'><strong>hac</strong></span> <span class='ocrx_word' id='word_1_803' title='bbox 3154 2218 3435 2275; x_wconf 74' lang='lat' dir='ltr'><strong>peccatum,</strong></span> <span class='ocrx_word' id='word_1_804' title='bbox 3472 2223 3573 2260; x_wconf 75' lang='lat' dir='ltr'><strong>non</strong></span> <span class='ocrx_word' id='word_1_805' title='bbox 3616 2207 3750 2259; x_wconf 75' lang='lat' dir='ltr'><strong>enim</strong></span> <span class='ocrx_word' id='word_1_806' title='bbox 3786 2208 3984 2272; x_wconf 72' lang='lat' dir='ltr'><strong>sciant,</strong></span> 
     </span>
    </p>
   </div>
   <div class='ocr_carea' id='block_1_104' title="bbox 2388 2276 3981 2351">
    <p class='ocr_par' dir='ltr' id='par_1_104' title="bbox 2388 2276 3981 2351">
     <span class='ocr_line' id='line_1_106' title="bbox 2388 2276 3981 2351; baseline -0.003 -20"><span class='ocrx_word' id='word_1_807' title='bbox 2388 2281 2513 2349; x_wconf 77' lang='lat' dir='ltr'><strong>quid</strong></span> <span class='ocrx_word' id='word_1_808' title='bbox 2538 2280 2733 2351; x_wconf 71' lang='lat' dir='ltr'><strong>faciunt</strong></span> <span class='ocrx_word' id='word_1_809' title='bbox 2758 2277 2909 2351; x_wconf 55' lang='lat' dir='ltr'><strong>(Luc.</strong></span> <span class='ocrx_word' id='word_1_810' title='bbox 3101 2277 3220 2351; x_wconf 64' lang='lat'><strong>34).</strong></span> <span class='ocrx_word' id='word_1_811' title='bbox 3246 2276 3441 2346; x_wconf 80' lang='lat' dir='ltr'><strong>lnjuria</strong></span> <span class='ocrx_word' id='word_1_812' title='bbox 3480 2286 3534 2331; x_wconf 91' lang='lat' dir='ltr'><strong>te</strong></span> <span class='ocrx_word' id='word_1_813' title='bbox 3573 2276 3737 2351; x_wconf 67' lang='lat' dir='ltr'><strong>frater</strong></span> <span class='ocrx_word' id='word_1_814' title='bbox 3772 2276 3981 2351; x_wconf 67' lang='lat' dir='ltr'><strong>aﬂecit,</strong></span> 
     </span>
    </p>
   </div>
   <div class='ocr_carea' id='block_1_105' title="bbox 2388 2345 3985 2417">
    <p class='ocr_par' dir='ltr' id='par_1_105' title="bbox 2388 2345 3985 2417">
     <span class='ocr_line' id='line_1_107' title="bbox 2388 2345 3985 2417; baseline -0.001 -15"><span class='ocrx_word' id='word_1_815' title='bbox 2388 2345 2549 2403; x_wconf 63' lang='lat' dir='ltr'><strong>visus&#39;</strong></span> <span class='ocrx_word' id='word_1_816' title='bbox 2574 2357 2660 2404; x_wconf 89' lang='lat' dir='ltr'><strong>est</strong></span> <span class='ocrx_word' id='word_1_817' title='bbox 2704 2348 2952 2417; x_wconf 85' lang='lat' dir='ltr'><strong>indignus</strong></span> <span class='ocrx_word' id='word_1_818' title='bbox 2987 2345 3320 2402; x_wconf 88' lang='lat' dir='ltr'><strong>fraternitate</strong></span> <span class='ocrx_word' id='word_1_819' title='bbox 3363 2354 3473 2417; x_wconf 77' lang='lat' dir='ltr'><strong>:at</strong></span> <span class='ocrx_word' id='word_1_820' title='bbox 3500 2355 3555 2400; x_wconf 91' lang='lat' dir='ltr'><strong>tu</strong></span> <span class='ocrx_word' id='word_1_821' title='bbox 3584 2345 3985 2400; x_wconf 85' lang='lat' dir='ltr'><strong>fraternitatem</strong></span> 
     </span>
    </p>
   </div>
   <div class='ocr_carea' id='block_1_106' title="bbox 2390 2416 3983 2486">
    <p class='ocr_par' dir='ltr' id='par_1_106' title="bbox 2390 2416 3983 2486">
     <span class='ocr_line' id='line_1_108' title="bbox 2390 2416 3983 2486; baseline -0.003 -12"><span class='ocrx_word' id='word_1_822' title='bbox 2390 2435 2496 2474; x_wconf 91' lang='lat' dir='ltr'><strong>non</strong></span> <span class='ocrx_word' id='word_1_823' title='bbox 2520 2419 2759 2474; x_wconf 84' lang='lat' dir='ltr'><strong>destrue.</strong></span> <span class='ocrx_word' id='word_1_824' title='bbox 2782 2416 2973 2472; x_wconf 80' lang='lat' dir='ltr'><strong>Frater</strong></span> <span class='ocrx_word' id='word_1_825' title='bbox 2998 2427 3121 2472; x_wconf 85' lang='lat' dir='ltr'><strong>tuus</strong></span> <span class='ocrx_word' id='word_1_826' title='bbox 3139 2417 3357 2486; x_wconf 83' lang='lat' dir='ltr'><strong>Josephi</strong></span> <span class='ocrx_word' id='word_1_827' title='bbox 3387 2416 3578 2472; x_wconf 86' lang='lat' dir='ltr'><strong>fratres</strong></span> <span class='ocrx_word' id='word_1_828' title='bbox 3607 2417 3846 2470; x_wconf 85' lang='lat' dir='ltr'><strong>imitatus</strong></span> <span class='ocrx_word' id='word_1_829' title='bbox 3871 2426 3983 2481; x_wconf 84' lang='lat' dir='ltr'><strong>est,</strong></span> 
     </span>
    </p>
   </div>
   <div class='ocr_carea' id='block_1_107' title="bbox 2388 2486 3989 2553">
    <p class='ocr_par' dir='ltr' id='par_1_107' title="bbox 2388 2486 3989 2553">
     <span class='ocr_line' id='line_1_109' title="bbox 2388 2486 3989 2553; baseline -0.003 -7"><span class='ocrx_word' id='word_1_830' title='bbox 2388 2492 2565 2546; x_wconf 85' lang='lat' dir='ltr'><strong>fratris</strong></span> <span class='ocrx_word' id='word_1_831' title='bbox 2589 2488 2789 2545; x_wconf 77' lang='lat' dir='ltr'><strong>czedem</strong></span> <span class='ocrx_word' id='word_1_832' title='bbox 2821 2489 3253 2543; x_wconf 17' lang='lat' dir='ltr'><strong>machinatusiest</strong></span> <span class='ocrx_word' id='word_1_833' title='bbox 3270 2528 3287 2552; x_wconf 87' lang='lat'><strong>,</strong></span> <span class='ocrx_word' id='word_1_834' title='bbox 3313 2487 3585 2542; x_wconf 87' lang='lat' dir='ltr'><strong>inimicum</strong></span> <span class='ocrx_word' id='word_1_835' title='bbox 3606 2502 3665 2541; x_wconf 86' lang='lat' dir='ltr'><strong>se</strong></span> <span class='ocrx_word' id='word_1_836' title='bbox 3686 2502 3779 2553; x_wconf 91' lang='lat' dir='ltr'><strong>pro</strong></span> <span class='ocrx_word' id='word_1_837' title='bbox 3811 2486 3989 2541; x_wconf 83' lang='lat' dir='ltr'><strong>fratre</strong></span> 
     </span>
    </p>
   </div>
   <div class='ocr_carea' id='block_1_108' title="bbox 2388 2558 3985 2630">
    <p class='ocr_par' dir='ltr' id='par_1_108' title="bbox 2388 2558 3985 2630">
     <span class='ocr_line' id='line_1_110' title="bbox 2388 2558 3985 2630; baseline -0.004 -15"><span class='ocrx_word' id='word_1_838' title='bbox 2388 2561 2661 2625; x_wconf 89' lang='lat' dir='ltr'><strong>ostendit,</strong></span> <span class='ocrx_word' id='word_1_839' title='bbox 2712 2568 2874 2630; x_wconf 90' lang='lat' dir='ltr'><strong>teque</strong></span> <span class='ocrx_word' id='word_1_840' title='bbox 2902 2574 2996 2626; x_wconf 87' lang='lat' dir='ltr'><strong>per</strong></span> <span class='ocrx_word' id='word_1_841' title='bbox 3022 2574 3291 2630; x_wconf 84' lang='lat' dir='ltr'><strong>summum</strong></span> <span class='ocrx_word' id='word_1_842' title='bbox 3318 2558 3496 2630; x_wconf 77' lang='lat' dir='ltr'><strong>scelus</strong></span> <span class='ocrx_word' id='word_1_843' title='bbox 3527 2558 3793 2630; x_wconf 80' lang='lat' dir='ltr'><strong>impetiit.</strong></span> <span class='ocrx_word' id='word_1_844' title='bbox 3830 2558 3985 2610; x_wconf 86' lang='lat' dir='ltr'><strong>nulla</strong></span> 
     </span>
    </p>
   </div>
   <div class='ocr_carea' id='block_1_109' title="bbox 2388 2627 3986 2703">
    <p class='ocr_par' dir='ltr' id='par_1_109' title="bbox 2388 2627 3986 2703">
     <span class='ocr_line' id='line_1_111' title="bbox 2388 2627 3986 2703; baseline -0.004 -18"><span class='ocrx_word' id='word_1_845' title='bbox 2388 2640 2710 2703; x_wconf 86' lang='lat' dir='ltr'><strong>provocatus</strong></span> <span class='ocrx_word' id='word_1_846' title='bbox 2754 2627 3028 2703; x_wconf 80' lang='lat' dir='ltr'><strong>injuria_te</strong></span> <span class='ocrx_word' id='word_1_847' title='bbox 3059 2628 3243 2703; x_wconf 36' lang='grc' dir='ltr'><strong>Ι-τιξειίιξΔ</strong></span> <span class='ocrx_word' id='word_1_848' title='bbox 3262 2636 3317 2681; x_wconf 88' lang='lat' dir='ltr'><strong>at</strong></span> <span class='ocrx_word' id='word_1_849' title='bbox 3345 2627 3514 2703; x_wconf 39' lang='lat' dir='ltr'><strong>tuAfac</strong></span> <span class='ocrx_word' id='word_1_850' title='bbox 3537 2628 3894 2703; x_wconf 68' lang='lat' dir='ltr'><strong>contrarium,</strong></span> <span class='ocrx_word' id='word_1_851' title='bbox 3925 2638 3986 2679; x_wconf 89' lang='lat' dir='ltr'><strong>ut</strong></span> 
     </span>
    </p>
   </div>
   <div class='ocr_carea' id='block_1_110' title="bbox 2388 2697 3988 2766">
    <p class='ocr_par' dir='ltr' id='par_1_110' title="bbox 2388 2697 3988 2766">
     <span class='ocr_line' id='line_1_112' title="bbox 2388 2697 3988 2766; baseline -0.004 -10"><span class='ocrx_word' id='word_1_852' title='bbox 2388 2697 2444 2757; x_wconf 76' lang='lat' dir='ltr'><strong>et</strong></span> <span class='ocrx_word' id='word_1_853' title='bbox 2474 2710 2528 2755; x_wconf 90' lang='lat' dir='ltr'><strong>tu</strong></span> <span class='ocrx_word' id='word_1_854' title='bbox 2558 2715 2679 2755; x_wconf 90' lang='lat' dir='ltr'><strong>cum</strong></span> <span class='ocrx_word' id='word_1_855' title='bbox 2708 2697 2925 2758; x_wconf 77' lang='lat' dir='ltr'><strong>cantare</strong></span> <span class='ocrx_word' id='word_1_856' title='bbox 2952 2698 3156 2753; x_wconf 89' lang='lat' dir='ltr'><strong>Davide</strong></span> <span class='ocrx_word' id='word_1_857' title='bbox 3190 2698 3359 2760; x_wconf 89' lang='lat' dir='ltr'><strong>dicas,</strong></span> <span class='ocrx_word' id='word_1_858' title='bbox 3389 2697 3517 2752; x_wconf 79' lang='lat' dir='ltr'><strong>Cum</strong></span> <span class='ocrx_word' id='word_1_859' title='bbox 3543 2699 3623 2752; x_wconf 79' lang='lat' dir='ltr'><strong>his</strong></span> <span class='ocrx_word' id='word_1_860' title='bbox 3648 2700 3733 2766; x_wconf 82' lang='lat' dir='ltr'><strong>qui</strong></span> <span class='ocrx_word' id='word_1_861' title='bbox 3756 2699 3988 2750; x_wconf 77' lang='lat' dir='ltr'><strong>oder-unt</strong></span> 
     </span>
    </p>
   </div>
   <div class='ocr_carea' id='block_1_111' title="bbox 2391 2767 3989 2841">
    <p class='ocr_par' dir='ltr' id='par_1_111' title="bbox 2391 2767 3989 2841">
     <span class='ocr_line' id='line_1_113' title="bbox 2391 2767 3989 2841; baseline -0.003 -17"><span class='ocrx_word' id='word_1_862' title='bbox 2391 2787 2564 2841; x_wconf 83' lang='lat' dir='ltr'><strong>pacem</strong></span> <span class='ocrx_word' id='word_1_863' title='bbox 2598 2812 2612 2835; x_wconf 96' lang='lat'><strong>,</strong></span> <span class='ocrx_word' id='word_1_864' title='bbox 2640 2786 2776 2823; x_wconf 61' lang='lat' dir='ltr'><strong>nam</strong></span> <span class='ocrx_word' id='word_1_865' title='bbox 2800 2769 3045 2841; x_wconf 75' lang='lat' dir='ltr'><strong>paciﬁcus</strong></span> <span class='ocrx_word' id='word_1_866' title='bbox 3074 2768 3243 2841; x_wconf 83' lang='lat' dir='ltr'><strong>(Psal.</strong></span> <span class='ocrx_word' id='word_1_867' title='bbox 3276 2768 3399 2841; x_wconf 85' lang='grc'><strong>119.</strong></span> <span class='ocrx_word' id='word_1_868' title='bbox 3434 2767 3705 2841; x_wconf 73' lang='lat' dir='ltr'><strong>7_)._Vince</strong></span> <span class='ocrx_word' id='word_1_869' title='bbox 3746 2769 3795 2841; x_wconf 82' lang='lat' dir='ltr'><strong>in</strong></span> <span class='ocrx_word' id='word_1_870' title='bbox 3832 2768 3989 2821; x_wconf 83' lang='lat' dir='ltr'><strong>bono</strong></span> 
     </span>
    </p>
   </div>
   <div class='ocr_carea' id='block_1_112' title="bbox 2390 2838 3987 2909">
    <p class='ocr_par' dir='ltr' id='par_1_112' title="bbox 2390 2838 3987 2909">
     <span class='ocr_line' id='line_1_114' title="bbox 2390 2838 3987 2909; baseline -0.003 -14"><span class='ocrx_word' id='word_1_871' title='bbox 2390 2838 2588 2895; x_wconf 77' lang='lat' dir='ltr'><strong>malum</strong></span> <span class='ocrx_word' id='word_1_872' title='bbox 2620 2859 2634 2895; x_wconf 88' lang='lat'><strong>:</strong></span> <span class='ocrx_word' id='word_1_873' title='bbox 2664 2838 2889 2909; x_wconf 74' lang='lat' dir='ltr'><strong>provecti</strong></span> <span class='ocrx_word' id='word_1_874' title='bbox 2908 2838 3105 2906; x_wconf 87' lang='lat' dir='ltr'><strong>ipsum,</strong></span> <span class='ocrx_word' id='word_1_875' title='bbox 3132 2849 3186 2909; x_wconf 82' lang='lat' dir='ltr'><strong>et</strong></span> <span class='ocrx_word' id='word_1_876' title='bbox 3216 2840 3375 2892; x_wconf 85' lang='lat' dir='ltr'><strong>incita</strong></span> <span class='ocrx_word' id='word_1_877' title='bbox 3401 2838 3466 2891; x_wconf 87' lang='lat' dir='ltr'><strong>ad</strong></span> <span class='ocrx_word' id='word_1_878' title='bbox 3514 2839 3728 2902; x_wconf 84' lang='lat' dir='ltr'><strong>bonum,</strong></span> <span class='ocrx_word' id='word_1_879' title='bbox 3756 2838 3987 2891; x_wconf 85' lang='lat' dir='ltr'><strong>iracun-</strong></span> 
     </span>
    </p>
   </div>
   <div class='ocr_carea' id='block_1_113' title="bbox 2391 2908 3988 2980">
    <p class='ocr_par' dir='ltr' id='par_1_113' title="bbox 2391 2908 3988 2980">
     <span class='ocr_line' id='line_1_115' title="bbox 2391 2908 3988 2980; baseline -0.003 -16"><span class='ocrx_word' id='word_1_880' title='bbox 2391 2910 2532 2964; x_wconf 88' lang='lat' dir='ltr'><strong>diam</strong></span> <span class='ocrx_word' id='word_1_881' title='bbox 2563 2908 2743 2980; x_wconf 87' lang='lat' dir='ltr'><strong>frange</strong></span> <span class='ocrx_word' id='word_1_882' title='bbox 2762 2910 3089 2978; x_wconf 84' lang='lat' dir='ltr'><strong>benignitate</strong></span> <span class='ocrx_word' id='word_1_883' title='bbox 3117 2908 3245 2980; x_wconf 79' lang='lat' dir='ltr'><strong>:fac</strong></span> <span class='ocrx_word' id='word_1_884' title='bbox 3270 2909 3531 2977; x_wconf 85' lang='lat' dir='ltr'><strong>intelligat</strong></span> <span class='ocrx_word' id='word_1_885' title='bbox 3549 2924 3609 2964; x_wconf 89' lang='lat' dir='ltr'><strong>se</strong></span> <span class='ocrx_word' id='word_1_886' title='bbox 3638 2909 3829 2980; x_wconf 80' lang='lat' dir='ltr'><strong>injuria</strong></span> <span class='ocrx_word' id='word_1_887' title='bbox 3864 2924 3988 2977; x_wconf 84' lang='lat' dir='ltr'><strong>per-</strong></span> 
     </span>
    </p>
   </div>
   <div class='ocr_carea' id='block_1_114' title="bbox 2389 2979 3992 3050">
    <p class='ocr_par' dir='ltr' id='par_1_114' title="bbox 2389 2979 3992 3050">
     <span class='ocr_line' id='line_1_116' title="bbox 2389 2979 3992 3050; baseline -0.001 -16"><span class='ocrx_word' id='word_1_888' title='bbox 2389 2983 2539 3050; x_wconf 86' lang='lat' dir='ltr'><strong>sequi</strong></span> <span class='ocrx_word' id='word_1_889' title='bbox 2566 2979 2837 3034; x_wconf 87' lang='lat' dir='ltr'><strong>Christum</strong></span> <span class='ocrx_word' id='word_1_890' title='bbox 2861 2980 2913 3033; x_wconf 92' lang='lat' dir='ltr'><strong>in</strong></span> <span class='ocrx_word' id='word_1_891' title='bbox 2944 2989 3015 3045; x_wconf 89' lang='lat' dir='ltr'><strong>te,</strong></span> <span class='ocrx_word' id='word_1_892' title='bbox 3047 2990 3101 3032; x_wconf 92' lang='lat' dir='ltr'><strong>et</strong></span> <span class='ocrx_word' id='word_1_893' title='bbox 3126 2979 3343 3048; x_wconf 89' lang='lat' dir='ltr'><strong>dignum</strong></span> <span class='ocrx_word' id='word_1_894' title='bbox 3367 2994 3471 3032; x_wconf 91' lang='lat' dir='ltr'><strong>non</strong></span> <span class='ocrx_word' id='word_1_895' title='bbox 3493 2993 3613 3033; x_wconf 88' lang='lat' dir='ltr'><strong>esse</strong></span> <span class='ocrx_word' id='word_1_896' title='bbox 3641 2990 3710 3041; x_wconf 89' lang='lat' dir='ltr'><strong>te,</strong></span> <span class='ocrx_word' id='word_1_897' title='bbox 3738 2979 3832 3046; x_wconf 90' lang='lat' dir='ltr'><strong>qui</strong></span> <span class='ocrx_word' id='word_1_898' title='bbox 3861 2994 3992 3046; x_wconf 81' lang='lat' dir='ltr'><strong>pcr-</strong></span> 
     </span>
    </p>
   </div>
   <div class='ocr_carea' id='block_1_115' title="bbox 2390 3050 3989 3120">
    <p class='ocr_par' dir='ltr' id='par_1_115' title="bbox 2390 3050 3989 3120">
     <span class='ocr_line' id='line_1_117' title="bbox 2390 3050 3989 3120; baseline -0.002 -16"><span class='ocrx_word' id='word_1_899' title='bbox 2390 3051 2761 3120; x_wconf 87' lang='lat' dir='ltr'><strong>sequutionem</strong></span> <span class='ocrx_word' id='word_1_900' title='bbox 2794 3050 3031 3119; x_wconf 88' lang='lat' dir='ltr'><strong>patiaris,</strong></span> <span class='ocrx_word' id='word_1_901' title='bbox 3062 3050 3323 3120; x_wconf 83' lang='lat' dir='ltr'><strong>declares.</strong></span> <span class='ocrx_word' id='word_1_902' title='bbox 3355 3051 3425 3103; x_wconf 75' lang='lat' dir='ltr'><strong>At</strong></span> <span class='ocrx_word' id='word_1_903' title='bbox 3444 3050 3586 3120; x_wconf 84' lang='lat' dir='ltr'><strong>enim</strong></span> <span class='ocrx_word' id='word_1_904' title='bbox 3610 3050 3850 3119; x_wconf 76' lang='lat' dir='ltr'><strong>pertinax</strong></span> <span class='ocrx_word' id='word_1_905' title='bbox 3873 3059 3989 3111; x_wconf 58' lang='lat' dir='ltr'><strong>est,</strong></span> 
     </span>
    </p>
   </div>
   <div class='ocr_carea' id='block_1_116' title="bbox 2390 3119 3990 3191">
    <p class='ocr_par' dir='ltr' id='par_1_116' title="bbox 2390 3119 3990 3191">
     <span class='ocr_line' id='line_1_118' title="bbox 2390 3119 3990 3191; baseline -0.005 -14"><span class='ocrx_word' id='word_1_906' title='bbox 2390 3119 2564 3191; x_wconf 81' lang='lat' dir='ltr'><strong>neque</strong></span> <span class='ocrx_word' id='word_1_907' title='bbox 2583 3121 2854 3176; x_wconf 86' lang='lat' dir='ltr'><strong>emendari</strong></span> <span class='ocrx_word' id='word_1_908' title='bbox 2884 3128 3078 3189; x_wconf 86' lang='lat' dir='ltr'><strong>potest,</strong></span> <span class='ocrx_word' id='word_1_909' title='bbox 3109 3130 3209 3191; x_wconf 83' lang='lat' dir='ltr'><strong>aut</strong></span> <span class='ocrx_word' id='word_1_910' title='bbox 3237 3119 3442 3191; x_wconf 59' lang='lat' dir='ltr'><strong>illatua</strong></span> <span class='ocrx_word' id='word_1_911' title='bbox 3465 3119 3787 3191; x_wconf 72' lang='lat' dir='ltr'><strong>benignitate</strong></span> <span class='ocrx_word' id='word_1_912' title='bbox 3811 3132 3990 3191; x_wconf 76' lang='lat' dir='ltr'><strong>com-</strong></span> 
     </span>
    </p>
   </div>
   <div class='ocr_carea' id='block_1_117' title="bbox 2390 3186 3990 3260">
    <p class='ocr_par' dir='ltr' id='par_1_117' title="bbox 2390 3186 3990 3260">
     <span class='ocr_line' id='line_1_119' title="bbox 2390 3186 3990 3260; baseline -0.002 -15"><span class='ocrx_word' id='word_1_913' title='bbox 2390 3186 2596 3246; x_wconf 70' lang='lat' dir='ltr'><strong>moveri</strong></span> <span class='ocrx_word' id='word_1_914' title='bbox 2642 3208 2657 3244; x_wconf 88' lang='lat'><strong>:</strong></span> <span class='ocrx_word' id='word_1_915' title='bbox 2688 3208 2750 3245; x_wconf 88' lang='lat' dir='ltr'><strong>ac</strong></span> <span class='ocrx_word' id='word_1_916' title='bbox 2779 3186 2969 3245; x_wconf 66' lang='lat' dir='ltr'><strong>bellum</strong></span> <span class='ocrx_word' id='word_1_917' title='bbox 2998 3190 3213 3260; x_wconf 90' lang='lat' dir='ltr'><strong>quidem</strong></span> <span class='ocrx_word' id='word_1_918' title='bbox 3239 3190 3305 3244; x_wconf 88' lang='lat' dir='ltr'><strong>ad</strong></span> <span class='ocrx_word' id='word_1_919' title='bbox 3334 3186 3613 3260; x_wconf 80' lang='lat' dir='ltr'><strong>hominum</strong></span> <span class='ocrx_word' id='word_1_920' title='bbox 3636 3188 3990 3242; x_wconf 84' lang='lat' dir='ltr'><strong>familiarita-</strong></span> 
     </span>
    </p>
   </div>
   <div class='ocr_carea' id='block_1_118' title="bbox 2392 3259 3995 3321">
    <p class='ocr_par' dir='ltr' id='par_1_118' title="bbox 2392 3259 3995 3321">
     <span class='ocr_line' id='line_1_120' title="bbox 2392 3259 3995 3321; baseline -0.002 -6"><span class='ocrx_word' id='word_1_921' title='bbox 2392 3270 2498 3315; x_wconf 89' lang='lat' dir='ltr'><strong>tem</strong></span> <span class='ocrx_word' id='word_1_922' title='bbox 2539 3262 2750 3315; x_wconf 88' lang='lat' dir='ltr'><strong>cicures</strong></span> <span class='ocrx_word' id='word_1_923' title='bbox 2802 3261 2957 3316; x_wconf 78' lang='lat' dir='ltr'><strong>fact:e</strong></span> <span class='ocrx_word' id='word_1_924' title='bbox 2998 3259 3364 3321; x_wconf 84' lang='lat' dir='ltr'><strong>traducuntur,</strong></span> <span class='ocrx_word' id='word_1_925' title='bbox 3395 3259 3486 3313; x_wconf 89' lang='lat' dir='ltr'><strong>ille</strong></span> <span class='ocrx_word' id='word_1_926' title='bbox 3525 3274 3650 3313; x_wconf 89' lang='lat' dir='ltr'><strong>vero</strong></span> <span class='ocrx_word' id='word_1_927' title='bbox 3687 3260 3995 3319; x_wconf 75' lang='lat' dir='ltr'><strong>immanior</strong></span> 
     </span>
    </p>
   </div>
   <div class='ocr_carea' id='block_1_119' title="bbox 2390 3328 3991 3397">
    <p class='ocr_par' dir='ltr' id='par_1_119' title="bbox 2390 3328 3991 3397">
     <span class='ocr_line' id='line_1_121' title="bbox 2390 3328 3991 3397; baseline -0.004 -10"><span class='ocrx_word' id='word_1_928' title='bbox 2390 3332 2582 3387; x_wconf 87' lang='lat' dir='ltr'><strong>belluis</strong></span> <span class='ocrx_word' id='word_1_929' title='bbox 2607 3343 2688 3385; x_wconf 89' lang='lat' dir='ltr'><strong>est</strong></span> <span class='ocrx_word' id='word_1_930' title='bbox 2715 3331 2883 3385; x_wconf 86' lang='lat' dir='ltr'><strong>factus</strong></span> <span class='ocrx_word' id='word_1_931' title='bbox 2914 3348 2931 3383; x_wconf 91' lang='lat'>:</span> <span class='ocrx_word' id='word_1_932' title='bbox 2959 3346 3027 3385; x_wconf 90' lang='lat' dir='ltr'><strong>ne</strong></span> <span class='ocrx_word' id='word_1_933' title='bbox 3053 3330 3254 3385; x_wconf 91' lang='lat' dir='ltr'><strong>idcirco</strong></span> <span class='ocrx_word' id='word_1_934' title='bbox 3281 3330 3414 3385; x_wconf 89' lang='lat' dir='ltr'><strong>velis</strong></span> <span class='ocrx_word' id='word_1_935' title='bbox 3438 3342 3559 3383; x_wconf 89' lang='lat' dir='ltr'><strong>eum</strong></span> <span class='ocrx_word' id='word_1_936' title='bbox 3583 3328 3843 3397; x_wconf 76' lang='lat' dir='ltr'><strong>ejusmodi</strong></span> <span class='ocrx_word' id='word_1_937' title='bbox 3883 3329 3991 3382; x_wconf 83' lang='lat' dir='ltr'><strong>ho-</strong></span> 
     </span>
    </p>
   </div>
   <div class='ocr_carea' id='block_1_120' title="bbox 2391 3400 3990 3467">
    <p class='ocr_par' dir='ltr' id='par_1_120' title="bbox 2391 3400 3990 3467">
     <span class='ocr_line' id='line_1_122' title="bbox 2391 3400 3990 3467; baseline -0.003 -9"><span class='ocrx_word' id='word_1_938' title='bbox 2391 3404 2535 3458; x_wconf 90' lang='lat' dir='ltr'><strong>mine</strong></span> <span class='ocrx_word' id='word_1_939' title='bbox 2575 3403 2758 3467; x_wconf 81' lang='lat' dir='ltr'><strong>rixari,</strong></span> <span class='ocrx_word' id='word_1_940' title='bbox 2810 3418 2949 3456; x_wconf 89' lang='lat' dir='ltr'><strong>neve</strong></span> <span class='ocrx_word' id='word_1_941' title='bbox 2995 3401 3322 3456; x_wconf 89' lang='lat' dir='ltr'><strong>iracundiam</strong></span> <span class='ocrx_word' id='word_1_942' title='bbox 3367 3413 3490 3454; x_wconf 83' lang='lat' dir='ltr'><strong>cum</strong></span> <span class='ocrx_word' id='word_1_943' title='bbox 3522 3400 3780 3454; x_wconf 86' lang='lat' dir='ltr'><strong>iracundia</strong></span> <span class='ocrx_word' id='word_1_944' title='bbox 3812 3402 3990 3454; x_wconf 75' lang='lat' dir='ltr'><strong>com~</strong></span> 
     </span>
    </p>
   </div>
   <div class='ocr_carea' id='block_1_121' title="bbox 2389 3470 3992 3542">
    <p class='ocr_par' dir='ltr' id='par_1_121' title="bbox 2389 3470 3992 3542">
     <span class='ocr_line' id='line_1_123' title="bbox 2389 3470 3992 3542; baseline -0.002 -16"><span class='ocrx_word' id='word_1_945' title='bbox 2389 3473 2590 3527; x_wconf 89' lang='lat' dir='ltr'><strong>mittas.</strong></span> <span class='ocrx_word' id='word_1_946' title='bbox 2619 3473 2764 3541; x_wconf 76' lang='lat' dir='ltr'><strong>Fuge</strong></span> <span class='ocrx_word' id='word_1_947' title='bbox 2784 3473 2982 3541; x_wconf 87' lang='lat' dir='ltr'><strong>potius,</strong></span> <span class='ocrx_word' id='word_1_948' title='bbox 3014 3482 3071 3524; x_wconf 92' lang='lat' dir='ltr'><strong>ut</strong></span> <span class='ocrx_word' id='word_1_949' title='bbox 3100 3473 3427 3542; x_wconf 89' lang='lat' dir='ltr'><strong>periculosas</strong></span> <span class='ocrx_word' id='word_1_950' title='bbox 3445 3470 3858 3542; x_wconf 82' lang='lat' dir='ltr'><strong>cautessapiens</strong></span> <span class='ocrx_word' id='word_1_951' title='bbox 3877 3485 3992 3540; x_wconf 85' lang='lat' dir='ltr'><strong>gu-</strong></span> 
     </span>
    </p>
   </div>
   <div class='ocr_carea' id='block_1_122' title="bbox 2388 3540 3989 3610">
    <p class='ocr_par' dir='ltr' id='par_1_122' title="bbox 2388 3540 3989 3610">
     <span class='ocr_line' id='line_1_124' title="bbox 2388 3540 3989 3610; baseline -0.002 -13"><span class='ocrx_word' id='word_1_952' title='bbox 2388 3543 2645 3597; x_wconf 77' lang='lat' dir='ltr'><strong>ben..itor</strong></span> <span class='ocrx_word' id='word_1_953' title='bbox 2674 3558 2689 3600; x_wconf 87' lang='lat'><strong>:</strong></span> <span class='ocrx_word' id='word_1_954' title='bbox 2717 3540 2941 3597; x_wconf 73' lang='lat' dir='ltr'><strong>observa</strong></span> <span class='ocrx_word' id='word_1_955' title='bbox 2978 3540 3157 3596; x_wconf 85' lang='lat' dir='ltr'><strong>autem</strong></span> <span class='ocrx_word' id='word_1_956' title='bbox 3188 3544 3326 3595; x_wconf 90' lang='lat' dir='ltr'><strong>sicut</strong></span> <span class='ocrx_word' id='word_1_957' title='bbox 3352 3540 3498 3610; x_wconf 85' lang='lat' dir='ltr'><strong>aspis</strong></span> <span class='ocrx_word' id='word_1_958' title='bbox 3521 3540 3698 3603; x_wconf 85' lang='lat' dir='ltr'><strong>surda,</strong></span> <span class='ocrx_word' id='word_1_959' title='bbox 3727 3550 3779 3595; x_wconf 89' lang='lat' dir='ltr'><strong>et</strong></span> <span class='ocrx_word' id='word_1_960' title='bbox 3800 3542 3989 3594; x_wconf 75' lang='lat' dir='ltr'><strong>obtu-</strong></span> 
     </span>
    </p>
   </div>
   <div class='ocr_carea' id='block_1_123' title="bbox 2388 3611 3987 3678">
    <p class='ocr_par' dir='ltr' id='par_1_123' title="bbox 2388 3611 3987 3678">
     <span class='ocr_line' id='line_1_125' title="bbox 2388 3611 3987 3678; baseline -0.002 -10"><span class='ocrx_word' id='word_1_961' title='bbox 2388 3628 2515 3669; x_wconf 82' lang='lat' dir='ltr'><strong>rans</strong></span> <span class='ocrx_word' id='word_1_962' title='bbox 2542 3628 2702 3667; x_wconf 88' lang='lat' dir='ltr'><strong>aures</strong></span> <span class='ocrx_word' id='word_1_963' title='bbox 2729 3627 2875 3678; x_wconf 88' lang='lat' dir='ltr'><strong>suas,</strong></span> <span class='ocrx_word' id='word_1_964' title='bbox 2899 3628 3019 3678; x_wconf 67' lang='lat' dir='ltr'><strong>quae</strong></span> <span class='ocrx_word' id='word_1_965' title='bbox 3046 3628 3151 3666; x_wconf 91' lang='lat' dir='ltr'><strong>non</strong></span> <span class='ocrx_word' id='word_1_966' title='bbox 3179 3611 3428 3667; x_wconf 85' lang='lat' dir='ltr'><strong>exaudiet</strong></span> <span class='ocrx_word' id='word_1_967' title='bbox 3456 3626 3639 3665; x_wconf 87' lang='lat' dir='ltr'><strong>vocem</strong></span> <span class='ocrx_word' id='word_1_968' title='bbox 3686 3612 3987 3665; x_wconf 81' lang='lat' dir='ltr'><strong>incantan-</strong></span> 
     </span>
    </p>
   </div>
   <div class='ocr_carea' id='block_1_124' title="bbox 2390 3680 3988 3751">
    <p class='ocr_par' dir='ltr' id='par_1_124' title="bbox 2390 3680 3988 3751">
     <span class='ocr_line' id='line_1_126' title="bbox 2390 3680 3988 3751; baseline -0.001 -14"><span class='ocrx_word' id='word_1_969' title='bbox 2390 3685 2460 3738; x_wconf 90' lang='lat' dir='ltr'><strong>tis</strong></span> <span class='ocrx_word' id='word_1_970' title='bbox 2486 3683 2657 3751; x_wconf 85' lang='lat' dir='ltr'><strong>(Psal.</strong></span> <span class='ocrx_word' id='word_1_971' title='bbox 2706 3683 2795 3738; x_wconf 87' lang='lat'><strong>57.</strong></span> <span class='ocrx_word' id='word_1_972' title='bbox 2824 3684 2877 3736; x_wconf 91' lang='lat'><strong>5.</strong></span> <span class='ocrx_word' id='word_1_973' title='bbox 2904 3680 2986 3744; x_wconf 85' lang='lat'><strong>6).</strong></span> <span class='ocrx_word' id='word_1_974' title='bbox 3030 3682 3256 3737; x_wconf 81' lang='lat' dir='ltr'><strong>Redime</strong></span> <span class='ocrx_word' id='word_1_975' title='bbox 3306 3690 3554 3750; x_wconf 90' lang='lat' dir='ltr'><strong>tempus,</strong></span> <span class='ocrx_word' id='word_1_976' title='bbox 3586 3680 3838 3745; x_wconf 71' lang='lat' dir='ltr'><strong>Quoniam</strong></span> <span class='ocrx_word' id='word_1_977' title='bbox 3868 3682 3988 3737; x_wconf 71' lang='lat' dir='ltr'><strong>dies</strong></span> 
     </span>
    </p>
   </div>
   <div class='ocr_carea' id='block_1_125' title="bbox 2389 3751 3985 3838">
    <p class='ocr_par' dir='ltr' id='par_1_125' title="bbox 2389 3751 3985 3838">
     <span class='ocr_line' id='line_1_127' title="bbox 2389 3751 3985 3838; baseline -0.002 -31"><span class='ocrx_word' id='word_1_978' title='bbox 2389 3755 2514 3808; x_wconf 77' lang='lat' dir='ltr'><strong>mali</strong></span> <span class='ocrx_word' id='word_1_979' title='bbox 2548 3762 2664 3838; x_wconf 58' lang='lat' dir='ltr'><strong>sunt</strong></span> <span class='ocrx_word' id='word_1_980' title='bbox 2712 3753 2873 3838; x_wconf 60' lang='lat' dir='ltr'><strong>(Epit.</strong></span> <span class='ocrx_word' id='word_1_981' title='bbox 2914 3753 3115 3838; x_wconf 62' lang='lat' dir='ltr'><strong>5._i6).</strong></span> <span class='ocrx_word' id='word_1_982' title='bbox 3142 3753 3199 3807; x_wconf 86' lang='lat' dir='ltr'><strong>in</strong></span> <span class='ocrx_word' id='word_1_983' title='bbox 3243 3751 3765 3838; x_wconf 68' lang='lat' dir='ltr'><strong>sapientiaambula,</strong></span> <span class='ocrx_word' id='word_1_984' title='bbox 3783 3752 3985 3838; x_wconf 60' lang='lat' dir='ltr'><strong>sciens</strong></span> 
     </span>
    </p>
   </div>
   <div class='ocr_carea' id='block_1_126' title="bbox 2388 3820 3985 3965">
    <p class='ocr_par' dir='ltr' id='par_1_126' title="bbox 2388 3820 3985 3965">
     <span class='ocr_line' id='line_1_128' title="bbox 2391 3820 3985 3895; baseline -0.002 -15"><span class='ocrx_word' id='word_1_985' title='bbox 2391 3820 2731 3895; x_wconf 72' lang='lat' dir='ltr'><strong>peregrinum</strong></span> <span class='ocrx_word' id='word_1_986' title='bbox 2754 3820 2809 3879; x_wconf 77' lang='lat' dir='ltr'><strong>et</strong></span> <span class='ocrx_word' id='word_1_987' title='bbox 2838 3820 3101 3894; x_wconf 73' lang='lat' dir='ltr'><strong>hospitem</strong></span> <span class='ocrx_word' id='word_1_988' title='bbox 3129 3838 3250 3878; x_wconf 87' lang='lat' dir='ltr'><strong>esse</strong></span> <span class='ocrx_word' id='word_1_989' title='bbox 3274 3820 3327 3877; x_wconf 77' lang='lat' dir='ltr'><strong>te</strong></span> <span class='ocrx_word' id='word_1_990' title='bbox 3351 3823 3405 3876; x_wconf 90' lang='lat' dir='ltr'><strong>in</strong></span> <span class='ocrx_word' id='word_1_991' title='bbox 3427 3831 3589 3885; x_wconf 88' lang='lat' dir='ltr'><strong>terra,</strong></span> <span class='ocrx_word' id='word_1_992' title='bbox 3615 3820 3985 3889; x_wconf 87' lang='lat' dir='ltr'><strong>quemadmo-</strong></span> 
     </span>
     <span class='ocr_line' id='line_1_129' title="bbox 2388 3891 3983 3965; baseline -0.001 -19"><span class='ocrx_word' id='word_1_993' title='bbox 2388 3896 2516 3949; x_wconf 81' lang='lat' dir='ltr'><strong>dum</strong></span> <span class='ocrx_word' id='word_1_994' title='bbox 2564 3904 2619 3949; x_wconf 92' lang='lat' dir='ltr'><strong>ct</strong></span> <span class='ocrx_word' id='word_1_995' title='bbox 2644 3903 2822 3963; x_wconf 87' lang='lat' dir='ltr'><strong>patres</strong></span> <span class='ocrx_word' id='word_1_996' title='bbox 2844 3896 2917 3947; x_wconf 90' lang='lat' dir='ltr'><strong>tui</strong></span> <span class='ocrx_word' id='word_1_997' title='bbox 2964 3894 3111 3949; x_wconf 90' lang='lat' dir='ltr'><strong>fuere</strong></span> <span class='ocrx_word' id='word_1_998' title='bbox 3142 3892 3325 3965; x_wconf 74' lang='lat' dir='ltr'><strong>(Lecit.</strong></span> <span class='ocrx_word' id='word_1_999' title='bbox 3354 3892 3445 3947; x_wconf 88' lang='grc'><strong>19.</strong></span> <span class='ocrx_word' id='word_1_1000' title='bbox 3474 3892 3586 3965; x_wconf 68' lang='lat' dir='ltr'><strong>3i).</strong></span> <span class='ocrx_word' id='word_1_1001' title='bbox 3617 3892 3742 3945; x_wconf 82' lang='lat' dir='ltr'><strong>Ovis</strong></span> <span class='ocrx_word' id='word_1_1002' title='bbox 3769 3891 3819 3945; x_wconf 89' lang='lat' dir='ltr'><strong>in</strong></span> <span class='ocrx_word' id='word_1_1003' title='bbox 3859 3907 3983 3965; x_wconf 68' lang='lat' dir='ltr'><strong>me-</strong></span> 
     </span>
    </p>
   </div>
   <div class='ocr_carea' id='block_1_127' title="bbox 2387 3963 3979 4046">
    <p class='ocr_par' dir='ltr' id='par_1_127' title="bbox 2387 3963 3979 4046">
     <span class='ocr_line' id='line_1_130' title="bbox 2387 3963 3979 4046; baseline 0.001 -28"><span class='ocrx_word' id='word_1_1004' title='bbox 2387 3965 2806 4046; x_wconf 40' lang='lat' dir='ltr'><strong>dium‘luporum</strong></span> <span class='ocrx_word' id='word_1_1005' title='bbox 2856 3965 3053 4046; x_wconf 78' lang='lat' dir='ltr'><strong>missus</strong></span> <span class='ocrx_word' id='word_1_1006' title='bbox 3081 3963 3222 4018; x_wconf 57' lang='lat' dir='ltr'><strong>es&#39;tu</strong></span> <span class='ocrx_word' id='word_1_1007' title='bbox 3250 3978 3465 4046; x_wconf 73' lang='lat' dir='ltr'><strong>quoque</strong></span> <span class='ocrx_word' id='word_1_1008' title='bbox 3488 4004 3504 4028; x_wconf 93' lang='lat'><strong>,</strong></span> <span class='ocrx_word' id='word_1_1009' title='bbox 3531 3963 3927 4046; x_wconf 48' lang='lat' dir='ltr'><strong>sicutapost&#39;oli</strong></span> <span class='ocrx_word' id='word_1_1010' title='bbox 3961 3980 3979 4020; x_wconf 80' lang='lat' dir='ltr'><strong>z</strong></span> 
     </span>
    </p>
   </div>
   <div class='ocr_carea' id='block_1_128' title="bbox 2390 4032 3983 4105">
    <p class='ocr_par' dir='ltr' id='par_1_128' title="bbox 2390 4032 3983 4105">
     <span class='ocr_line' id='line_1_131' title="bbox 2390 4032 3983 4105; baseline 0 -16"><span class='ocrx_word' id='word_1_1011' title='bbox 2390 4037 2497 4089; x_wconf 91' lang='lat' dir='ltr'><strong>noli</strong></span> <span class='ocrx_word' id='word_1_1012' title='bbox 2529 4034 2641 4089; x_wconf 86' lang='lat' dir='ltr'><strong>fieri</strong></span> <span class='ocrx_word' id='word_1_1013' title='bbox 2674 4050 2768 4105; x_wconf 91' lang='lat' dir='ltr'><strong>pro</strong></span> <span class='ocrx_word' id='word_1_1014' title='bbox 2796 4050 2896 4088; x_wconf 88' lang='lat' dir='ltr'><strong>ove</strong></span> <span class='ocrx_word' id='word_1_1015' title='bbox 2924 4037 3098 4103; x_wconf 85' lang='lat' dir='ltr'><strong>lupus,</strong></span> <span class='ocrx_word' id='word_1_1016' title='bbox 3127 4050 3248 4088; x_wconf 91' lang='lat' dir='ltr'><strong>cum</strong></span> <span class='ocrx_word' id='word_1_1017' title='bbox 3278 4032 3420 4101; x_wconf 89' lang='lat' dir='ltr'><strong>lupis</strong></span> <span class='ocrx_word' id='word_1_1018' title='bbox 3444 4032 3793 4105; x_wconf 83' lang='lat' dir='ltr'><strong>contendens.</strong></span> <span class='ocrx_word' id='word_1_1019' title='bbox 3822 4033 3983 4089; x_wconf 76' lang='lat' dir='ltr'><strong>Caro</strong></span> 
     </span>
    </p>
   </div>
   <div class='ocr_carea' id='block_1_129' title="bbox 2388 4103 3983 4173">
    <p class='ocr_par' dir='ltr' id='par_1_129' title="bbox 2388 4103 3983 4173">
     <span class='ocr_line' id='line_1_132' title="bbox 2388 4103 3983 4173; baseline 0 -16"><span class='ocrx_word' id='word_1_1020' title='bbox 2388 4114 2641 4172; x_wconf 89' lang='lat' dir='ltr'><strong>quantum</strong></span> <span class='ocrx_word' id='word_1_1021' title='bbox 2675 4103 2855 4173; x_wconf 87' lang='lat' dir='ltr'><strong>potes,</strong></span> <span class='ocrx_word' id='word_1_1022' title='bbox 2904 4121 2970 4159; x_wconf 88' lang='lat' dir='ltr'><strong>ne</strong></span> <span class='ocrx_word' id='word_1_1023' title='bbox 2993 4105 3302 4159; x_wconf 82' lang='lat' dir='ltr'><strong>thesaurum</strong></span> <span class='ocrx_word' id='word_1_1024' title='bbox 3327 4105 3547 4172; x_wconf 77' lang='lat' dir='ltr'><strong>justitize</strong></span> <span class='ocrx_word' id='word_1_1025' title='bbox 3575 4103 3801 4171; x_wconf 84' lang='lat' dir='ltr'><strong>perdas;</strong></span> <span class='ocrx_word' id='word_1_1026' title='bbox 3835 4117 3983 4158; x_wconf 87' lang='lat' dir='ltr'><strong>cave</strong></span> 
     </span>
    </p>
   </div>
   <div class='ocr_carea' id='block_1_130' title="bbox 2389 4173 3982 4244">
    <p class='ocr_par' dir='ltr' id='par_1_130' title="bbox 2389 4173 3982 4244">
     <span class='ocr_line' id='line_1_133' title="bbox 2389 4173 3982 4244; baseline 0 -16"><span class='ocrx_word' id='word_1_1027' title='bbox 2389 4176 2482 4228; x_wconf 92' lang='lat' dir='ltr'><strong>tibi</strong></span> <span class='ocrx_word' id='word_1_1028' title='bbox 2529 4192 2557 4227; x_wconf 89' lang='lat' dir='ltr'><strong>a</strong></span> <span class='ocrx_word' id='word_1_1029' title='bbox 2596 4176 2957 4244; x_wconf 88' lang='lat' dir='ltr'><strong>direptoribus</strong></span> <span class='ocrx_word' id='word_1_1030' title='bbox 2985 4194 2999 4239; x_wconf 91' lang='lat'><strong>;</strong></span> <span class='ocrx_word' id='word_1_1031' title='bbox 3028 4175 3262 4243; x_wconf 85' lang='lat' dir='ltr'><strong>prudens</strong></span> <span class='ocrx_word' id='word_1_1032' title='bbox 3290 4184 3352 4228; x_wconf 90' lang='lat' dir='ltr'><strong>ut</strong></span> <span class='ocrx_word' id='word_1_1033' title='bbox 3374 4187 3597 4240; x_wconf 84' lang='lat' dir='ltr'><strong>serpens</strong></span> <span class='ocrx_word' id='word_1_1034' title='bbox 3623 4188 3751 4227; x_wconf 87' lang='lat' dir='ltr'><strong>eave</strong></span> <span class='ocrx_word' id='word_1_1035' title='bbox 3778 4173 3878 4227; x_wconf 90' lang='lat' dir='ltr'><strong>tibi</strong></span> <span class='ocrx_word' id='word_1_1036' title='bbox 3912 4176 3982 4228; x_wconf 90' lang='lat' dir='ltr'><strong>ab</strong></span> 
     </span>
    </p>
   </div>
   <div class='ocr_carea' id='block_1_131' title="bbox 2392 4244 3982 4313">
    <p class='ocr_par' dir='ltr' id='par_1_131' title="bbox 2392 4244 3982 4313">
     <span class='ocr_line' id='line_1_134' title="bbox 2392 4244 3982 4313; baseline 0 -14"><span class='ocrx_word' id='word_1_1037' title='bbox 2392 4246 2621 4301; x_wconf 88' lang='lat' dir='ltr'><strong>insidiis.</strong></span> <span class='ocrx_word' id='word_1_1038' title='bbox 2650 4247 2705 4301; x_wconf 91' lang='lat' dir='ltr'><strong>Si</strong></span> <span class='ocrx_word' id='word_1_1039' title='bbox 2728 4261 2857 4300; x_wconf 90' lang='lat' dir='ltr'><strong>vero</strong></span> <span class='ocrx_word' id='word_1_1040' title='bbox 2885 4245 3042 4299; x_wconf 73' lang='lat' dir='ltr'><strong>lredat</strong></span> <span class='ocrx_word' id='word_1_1041' title='bbox 3064 4246 3225 4300; x_wconf 86' lang='lat' dir='ltr'><strong>etiam</strong></span> <span class='ocrx_word' id='word_1_1042' title='bbox 3247 4253 3300 4300; x_wconf 89' lang='lat' dir='ltr'><strong>te</strong></span> <span class='ocrx_word' id='word_1_1043' title='bbox 3324 4246 3501 4313; x_wconf 88' lang='lat' dir='ltr'><strong>lupus,</strong></span> <span class='ocrx_word' id='word_1_1044' title='bbox 3523 4246 3567 4297; x_wconf 89' lang='lat' dir='ltr'><strong>si</strong></span> <span class='ocrx_word' id='word_1_1045' title='bbox 3597 4244 3833 4298; x_wconf 87' lang='lat' dir='ltr'><strong>membra</strong></span> <span class='ocrx_word' id='word_1_1046' title='bbox 3863 4244 3982 4298; x_wconf 86' lang='lat' dir='ltr'><strong>dis-</strong></span> 
     </span>
    </p>
   </div>
   <div class='ocr_carea' id='block_1_132' title="bbox 2385 4314 3979 4465">
    <p class='ocr_par' dir='ltr' id='par_1_132' title="bbox 2385 4314 3979 4465">
     <span class='ocr_line' id='line_1_135' title="bbox 2393 4314 3979 4386; baseline -0.001 -17"><span class='ocrx_word' id='word_1_1047' title='bbox 2393 4328 2674 4386; x_wconf 80' lang='lat' dir='ltr'><strong>ocrpturtts</strong></span> <span class='ocrx_word' id='word_1_1048' title='bbox 2694 4318 2781 4385; x_wconf 88' lang='lat' dir='ltr'><strong>sit,</strong></span> <span class='ocrx_word' id='word_1_1049' title='bbox 2815 4332 3050 4384; x_wconf 77' lang='lat' dir='ltr'><strong>pnepara</strong></span> <span class='ocrx_word' id='word_1_1050' title='bbox 3079 4325 3151 4380; x_wconf 86' lang='lat' dir='ltr'><strong>te,</strong></span> <span class='ocrx_word' id='word_1_1051' title='bbox 3180 4324 3241 4369; x_wconf 91' lang='lat' dir='ltr'><strong>ut</strong></span> <span class='ocrx_word' id='word_1_1052' title='bbox 3265 4314 3439 4379; x_wconf 86' lang='lat' dir='ltr'><strong>feras,</strong></span> <span class='ocrx_word' id='word_1_1053' title='bbox 3465 4328 3674 4377; x_wconf 79' lang='lat' dir='ltr'><strong>memor</strong></span> <span class='ocrx_word' id='word_1_1054' title='bbox 3692 4314 3853 4377; x_wconf 87' lang='lat' dir='ltr'><strong>illius,</strong></span> <span class='ocrx_word' id='word_1_1055' title='bbox 3884 4317 3979 4381; x_wconf 87' lang='lat' dir='ltr'><strong>qui</strong></span> 
     </span>
     <span class='ocr_line' id='line_1_136' title="bbox 2385 4382 3976 4465; baseline -0.003 -25"><span class='ocrx_word' id='word_1_1056' title='bbox 2385 4387 2530 4465; x_wconf 70' lang='lat' dir='ltr'><strong>dicit,</strong></span> <span class='ocrx_word' id='word_1_1057' title='bbox 2564 4386 2931 4465; x_wconf 11' lang='lat' dir='ltr'><strong>Euctigsumus</strong></span> <span class='ocrx_word' id='word_1_1058' title='bbox 2967 4388 3093 4465; x_wconf 67' lang='lat' dir='ltr'><strong>sicut</strong></span> <span class='ocrx_word' id='word_1_1059' title='bbox 3134 4402 3267 4465; x_wconf 45' lang='lat' dir='ltr'><strong>oues</strong></span> <span class='ocrx_word' id='word_1_1060' title='bbox 3282 4385 3547 4465; x_wconf 66' lang='lat' dir='ltr'><strong>occisionis</strong></span> <span class='ocrx_word' id='word_1_1061' title='bbox 3576 4382 3697 4465; x_wconf 57' lang='lat' dir='ltr'><strong>(Ps.</strong></span> <span class='ocrx_word' id='word_1_1062' title='bbox 3726 4384 3817 4438; x_wconf 66' lang='grc'><strong>45.</strong></span> 
     </span>
    </p>
   </div>
   <div class='ocr_carea' id='block_1_133' title="bbox 2385 4428 3981 4525">
    <p class='ocr_par' dir='ltr' id='par_1_133' title="bbox 2385 4428 3981 4525">
     <span class='ocr_line' id='line_1_137' title="bbox 2385 4428 3981 4525; baseline -0.001 -16"><span class='ocrx_word' id='word_1_1063' title='bbox 2385 4428 2539 4510; x_wconf 51' lang='lat' dir='ltr'><strong>iiii}:</strong></span> <span class='ocrx_word' id='word_1_1064' title='bbox 2564 4428 3981 4525; x_wconf 46' lang='grc' dir='ltr'><strong>’έξνὲδῖῖὲρῆιῖἑὶιέἷῖίιῖξιῖἓῖιἮὸῖιὴίιῦἱπιζᾙιιΓυὶ</strong></span> 
     </span>
    </p>
   </div>
   <div class='ocr_carea' id='block_1_134' title="bbox 2384 4526 3975 4590">
    <p class='ocr_par' dir='ltr' id='par_1_134' title="bbox 2384 4526 3975 4590">
     <span class='ocr_line' id='line_1_138' title="bbox 2384 4526 3975 4590; baseline -0.001 -11"><span class='ocrx_word' id='word_1_1065' title='bbox 2384 4529 2489 4580; x_wconf 80' lang='lat' dir='ltr'><strong>ouis</strong></span> <span class='ocrx_word' id='word_1_1066' title='bbox 2522 4528 2590 4579; x_wconf 83' lang='lat' dir='ltr'><strong>ad</strong></span> <span class='ocrx_word' id='word_1_1067' title='bbox 2622 4527 2988 4579; x_wconf 82' lang='lat' dir='ltr'><strong>immolandum</strong></span> <span class='ocrx_word' id='word_1_1068' title='bbox 3016 4526 3197 4578; x_wconf 78' lang='lat' dir='ltr'><strong>ductus</strong></span> <span class='ocrx_word' id='word_1_1069' title='bbox 3217 4536 3291 4579; x_wconf 87' lang='lat' dir='ltr'><strong>est</strong></span> <span class='ocrx_word' id='word_1_1070' title='bbox 3314 4567 3329 4585; x_wconf 80' lang='lat'><strong>.</strong></span> <span class='ocrx_word' id='word_1_1071' title='bbox 3383 4535 3429 4577; x_wconf 88' lang='lat' dir='ltr'><strong>et</strong></span> <span class='ocrx_word' id='word_1_1072' title='bbox 3453 4526 3581 4578; x_wconf 77' lang='lat' dir='ltr'><strong>sicut</strong></span> <span class='ocrx_word' id='word_1_1073' title='bbox 3606 4540 3767 4590; x_wconf 77' lang='lat' dir='ltr'><strong>agnus</strong></span> <span class='ocrx_word' id='word_1_1074' title='bbox 3789 4540 3975 4578; x_wconf 72' lang='lat' dir='ltr'><strong>eam</strong></span> 
     </span>
    </p>
   </div>
   <div class='ocr_carea' id='block_1_135' title="bbox 2380 4592 3984 4677">
    <p class='ocr_par' dir='ltr' id='par_1_135' title="bbox 2380 4592 3984 4677">
     <span class='ocr_line' id='line_1_139' title="bbox 2380 4592 3984 4677; baseline -0.005 -24"><span class='ocrx_word' id='word_1_1075' title='bbox 2380 4599 2625 4653; x_wconf 72' lang='lat' dir='ltr'><strong>tondente</strong></span> <span class='ocrx_word' id='word_1_1076' title='bbox 2654 4613 2733 4660; x_wconf 87' lang='lat' dir='ltr'><strong>se,</strong></span> <span class='ocrx_word' id='word_1_1077' title='bbox 2766 4606 2947 4677; x_wconf 51' lang='lat' dir='ltr'><strong>mutus</strong></span> <span class='ocrx_word' id='word_1_1078' title='bbox 2977 4594 3141 4677; x_wconf 49' lang='lat' dir='ltr'><strong>(Im.-</strong></span> <span class='ocrx_word' id='word_1_1079' title='bbox 3168 4596 3259 4651; x_wconf 75' lang='lat'><strong>53.</strong></span> <span class='ocrx_word' id='word_1_1080' title='bbox 3288 4596 3511 4677; x_wconf 48' lang='grc' dir='ltr'><strong>’ῖς-ῥεῖ.</strong></span> <span class='ocrx_word' id='word_1_1081' title='bbox 3630 4594 3743 4653; x_wconf 73' lang='grc'><strong>52).</strong></span> <span class='ocrx_word' id='word_1_1082' title='bbox 3779 4592 3984 4677; x_wconf 51' lang='lat' dir='ltr'><strong>veniet</strong></span> 
     </span>
    </p>
   </div>
   <div class='ocr_carea' id='block_1_136' title="bbox 2378 4664 3983 4735">
    <p class='ocr_par' dir='ltr' id='par_1_136' title="bbox 2378 4664 3983 4735">
     <span class='ocr_line' id='line_1_140' title="bbox 2378 4664 3983 4735; baseline -0.004 -12"><span class='ocrx_word' id='word_1_1083' title='bbox 2378 4678 2433 4724; x_wconf 92' lang='lat' dir='ltr'><strong>et</strong></span> <span class='ocrx_word' id='word_1_1084' title='bbox 2457 4680 2563 4721; x_wconf 66' lang='lat' dir='ltr'><strong>tute</strong></span> <span class='ocrx_word' id='word_1_1085' title='bbox 2582 4677 2797 4735; x_wconf 91' lang='lat' dir='ltr'><strong>tempus</strong></span> <span class='ocrx_word' id='word_1_1086' title='bbox 2811 4664 3077 4729; x_wconf 64' lang='lat' dir='ltr'><strong>victoriae,</strong></span> <span class='ocrx_word' id='word_1_1087' title='bbox 3108 4682 3256 4729; x_wconf 89' lang='lat' dir='ltr'><strong>cum,</strong></span> <span class='ocrx_word' id='word_1_1088' title='bbox 3275 4668 3464 4720; x_wconf 89' lang='lat' dir='ltr'><strong>multis</strong></span> <span class='ocrx_word' id='word_1_1089' title='bbox 3485 4665 3645 4718; x_wconf 86' lang='lat' dir='ltr'><strong>malis</strong></span> <span class='ocrx_word' id='word_1_1090' title='bbox 3666 4664 3983 4735; x_wconf 10' lang='lat' dir='ltr'><strong>ettmiChri-</strong></span> 
     </span>
    </p>
   </div>
   <div class='ocr_carea' id='block_1_137' title="bbox 2380 4734 3984 4801">
    <p class='ocr_par' dir='ltr' id='par_1_137' title="bbox 2380 4734 3984 4801">
     <span class='ocr_line' id='line_1_141' title="bbox 2380 4734 3984 4801; baseline -0.004 -8"><span class='ocrx_word' id='word_1_1091' title='bbox 2380 4748 2466 4793; x_wconf 90' lang='lat' dir='ltr'><strong>sto</strong></span> <span class='ocrx_word' id='word_1_1092' title='bbox 2490 4734 2759 4801; x_wconf 84' lang='lat' dir='ltr'><strong>toleratis,</strong></span> <span class='ocrx_word' id='word_1_1093' title='bbox 2789 4736 3081 4792; x_wconf 84' lang='lat' dir='ltr'><strong>deviceris.</strong></span> <span class='ocrx_word' id='word_1_1094' title='bbox 3106 4735 3240 4789; x_wconf 83' lang='lat' dir='ltr'><strong>Nam</strong></span> <span class='ocrx_word' id='word_1_1095' title='bbox 3262 4744 3318 4790; x_wconf 88' lang='lat' dir='ltr'><strong>et</strong></span> <span class='ocrx_word' id='word_1_1096' title='bbox 3340 4735 3605 4790; x_wconf 86' lang='lat' dir='ltr'><strong>Dominus</strong></span> <span class='ocrx_word' id='word_1_1097' title='bbox 3628 4749 3736 4787; x_wconf 90' lang='lat' dir='ltr'><strong>non</strong></span> <span class='ocrx_word' id='word_1_1098' title='bbox 3764 4734 3984 4786; x_wconf 87' lang='lat' dir='ltr'><strong>rixatus</strong></span> 
     </span>
    </p>
   </div>
   <div class='ocr_carea' id='block_1_138' title="bbox 2383 4804 3977 4873">
    <p class='ocr_par' dir='ltr' id='par_1_138' title="bbox 2383 4804 3977 4873">
     <span class='ocr_line' id='line_1_142' title="bbox 2383 4804 3977 4873; baseline -0.004 -14"><span class='ocrx_word' id='word_1_1099' title='bbox 2383 4816 2484 4871; x_wconf 80' lang='lat' dir='ltr'><strong>est,</strong></span> <span class='ocrx_word' id='word_1_1100' title='bbox 2539 4825 2642 4859; x_wconf 90' lang='lat' dir='ltr'><strong>non</strong></span> <span class='ocrx_word' id='word_1_1101' title='bbox 2697 4807 3016 4860; x_wconf 87' lang='lat' dir='ltr'><strong>vociferatus</strong></span> <span class='ocrx_word' id='word_1_1102' title='bbox 3064 4814 3167 4867; x_wconf 87' lang='lat' dir='ltr'><strong>est,</strong></span> <span class='ocrx_word' id='word_1_1103' title='bbox 3208 4819 3384 4873; x_wconf 87' lang='lat' dir='ltr'><strong>neque</strong></span> <span class='ocrx_word' id='word_1_1104' title='bbox 3425 4804 3627 4856; x_wconf 81' lang='lat' dir='ltr'><strong>audivit</strong></span> <span class='ocrx_word' id='word_1_1105' title='bbox 3672 4805 3724 4854; x_wconf 92' lang='lat' dir='ltr'><strong>in</strong></span> <span class='ocrx_word' id='word_1_1106' title='bbox 3773 4805 3977 4873; x_wconf 76' lang='lat' dir='ltr'><strong>plateis</strong></span> 
     </span>
    </p>
   </div>
   <div class='ocr_carea' id='block_1_139' title="bbox 2382 4872 3977 4945">
    <p class='ocr_par' dir='ltr' id='par_1_139' title="bbox 2382 4872 3977 4945">
     <span class='ocr_line' id='line_1_143' title="bbox 2382 4872 3977 4945; baseline -0.001 -17"><span class='ocrx_word' id='word_1_1107' title='bbox 2382 4880 2661 4944; x_wconf 86' lang='lat' dir='ltr'><strong>quisquam</strong></span> <span class='ocrx_word' id='word_1_1108' title='bbox 2700 4891 2885 4931; x_wconf 84' lang='lat' dir='ltr'><strong>vocem</strong></span> <span class='ocrx_word' id='word_1_1109' title='bbox 2925 4878 3042 4945; x_wconf 89' lang='lat' dir='ltr'><strong>ejus</strong></span> <span class='ocrx_word' id='word_1_1110' title='bbox 3073 4891 3089 4929; x_wconf 90' lang='lat'>:</span> <span class='ocrx_word' id='word_1_1111' title='bbox 3132 4872 3568 4945; x_wconf 66' lang='lat' dir='ltr'><strong>utApdstolusin</strong></span> <span class='ocrx_word' id='word_1_1112' title='bbox 3600 4872 3977 4945; x_wconf 25' lang='lat' dir='ltr'><strong>promptuAha-</strong></span> 
     </span>
    </p>
   </div>
   <div class='ocr_carea' id='block_1_140' title="bbox 2385 4942 3970 5011">
    <p class='ocr_par' dir='ltr' id='par_1_140' title="bbox 2385 4942 3970 5011">
     <span class='ocr_line' id='line_1_144' title="bbox 2385 4942 3970 5011; baseline -0.001 -13"><span class='ocrx_word' id='word_1_1113' title='bbox 2385 4942 2601 5002; x_wconf 31' lang='lat' dir='ltr'><strong>here&#39;se</strong></span> <span class='ocrx_word' id='word_1_1114' title='bbox 2631 4947 2707 5000; x_wconf 88' lang='lat' dir='ltr'><strong>ait</strong></span> <span class='ocrx_word' id='word_1_1115' title='bbox 2728 4990 2743 5011; x_wconf 93' lang='lat'><strong>,</strong></span> <span class='ocrx_word' id='word_1_1116' title='bbox 2772 4942 2987 5000; x_wconf 85' lang='lat' dir='ltr'><strong>omnem</strong></span> <span class='ocrx_word' id='word_1_1117' title='bbox 3017 4942 3432 4999; x_wconf 83' lang='lat' dir='ltr'><strong>inobedientiam</strong></span> <span class='ocrx_word' id='word_1_1118' title='bbox 3454 4943 3636 4997; x_wconf 89' lang='lat' dir='ltr'><strong>ulcisci</strong></span> <span class='ocrx_word' id='word_1_1119' title='bbox 3663 4981 3683 5007; x_wconf 91' lang='lat'><strong>,</strong></span> <span class='ocrx_word' id='word_1_1120' title='bbox 3708 4957 3829 5011; x_wconf 87' lang='lat' dir='ltr'><strong>cum</strong></span> <span class='ocrx_word' id='word_1_1121' title='bbox 3858 4942 3970 4996; x_wconf 85' lang='lat' dir='ltr'><strong>im-</strong></span> 
     </span>
    </p>
   </div>
   <div class='ocr_carea' id='block_1_141' title="bbox 2387 5010 3981 5083">
    <p class='ocr_par' dir='ltr' id='par_1_141' title="bbox 2387 5010 3981 5083">
     <span class='ocr_line' id='line_1_145' title="bbox 2387 5010 3981 5083; baseline 0 -15"><span class='ocrx_word' id='word_1_1122' title='bbox 2387 5019 2525 5083; x_wconf 85' lang='lat' dir='ltr'><strong>pleta</strong></span> <span class='ocrx_word' id='word_1_1123' title='bbox 2558 5010 2939 5070; x_wconf 86' lang='lat' dir='ltr'><strong>fueriteorum</strong></span> <span class='ocrx_word' id='word_1_1124' title='bbox 2988 5014 3289 5070; x_wconf 82' lang='lat' dir='ltr'><strong>obedientia</strong></span> <span class='ocrx_word' id='word_1_1125' title='bbox 3321 5014 3339 5083; x_wconf 95' lang='lat'>(</span> <span class='ocrx_word' id='word_1_1126' title='bbox 3366 5013 3425 5067; x_wconf 91' lang='grc'><strong>2.</strong></span> <span class='ocrx_word' id='word_1_1127' title='bbox 3478 5014 3595 5067; x_wconf 89' lang='lat' dir='ltr'><strong>Cor.</strong></span> <span class='ocrx_word' id='word_1_1128' title='bbox 3638 5012 3726 5066; x_wconf 86' lang='grc'><strong>10.</strong></span> <span class='ocrx_word' id='word_1_1129' title='bbox 3757 5015 3791 5065; x_wconf 89' lang='lat'><strong>6</strong></span> <span class='ocrx_word' id='word_1_1130' title='bbox 3814 5010 3855 5079; x_wconf 85' lang='lat'><strong>),</strong></span> <span class='ocrx_word' id='word_1_1131' title='bbox 3883 5014 3981 5081; x_wconf 81' lang='lat' dir='ltr'><strong>qui</strong></span> 
     </span>
    </p>
   </div>
   <div class='ocr_carea' id='block_1_142' title="bbox 2379 5084 3975 5153">
    <p class='ocr_par' dir='ltr' id='par_1_142' title="bbox 2379 5084 3975 5153">
     <span class='ocr_line' id='line_1_146' title="bbox 2379 5084 3975 5153; baseline -0.003 -14"><span class='ocrx_word' id='word_1_1132' title='bbox 2379 5088 2657 5149; x_wconf 81' lang='lat' dir='ltr'><strong>obediunt.</strong></span> <span class='ocrx_word' id='word_1_1133' title='bbox 2690 5088 2821 5140; x_wconf 91' lang='lat' dir='ltr'><strong>Dum</strong></span> <span class='ocrx_word' id='word_1_1134' title='bbox 2850 5102 2979 5141; x_wconf 86' lang='lat' dir='ltr'><strong>vero</strong></span> <span class='ocrx_word' id='word_1_1135' title='bbox 3005 5086 3147 5141; x_wconf 88' lang='lat' dir='ltr'><strong>Deus</strong></span> <span class='ocrx_word' id='word_1_1136' title='bbox 3162 5084 3479 5153; x_wconf 87' lang='lat' dir='ltr'><strong>louganimis</strong></span> <span class='ocrx_word' id='word_1_1137' title='bbox 3499 5092 3601 5147; x_wconf 86' lang='lat' dir='ltr'><strong>est,</strong></span> <span class='ocrx_word' id='word_1_1138' title='bbox 3638 5093 3697 5153; x_wconf 80' lang='lat' dir='ltr'><strong>ct</strong></span> <span class='ocrx_word' id='word_1_1139' title='bbox 3734 5092 3789 5135; x_wconf 91' lang='lat' dir='ltr'><strong>tu</strong></span> <span class='ocrx_word' id='word_1_1140' title='bbox 3818 5084 3975 5152; x_wconf 80' lang='lat' dir='ltr'><strong>long-</strong></span> 
     </span>
    </p>
   </div>
   <div class='ocr_carea' id='block_1_143' title="bbox 2380 5152 3982 5224">
    <p class='ocr_par' dir='ltr' id='par_1_143' title="bbox 2380 5152 3982 5224">
     <span class='ocr_line' id='line_1_147' title="bbox 2380 5152 3982 5224; baseline -0.001 -15"><span class='ocrx_word' id='word_1_1141' title='bbox 2380 5159 2576 5210; x_wconf 84' lang='lat' dir='ltr'><strong>animis</strong></span> <span class='ocrx_word' id='word_1_1142' title='bbox 2604 5168 2722 5210; x_wconf 88' lang='lat' dir='ltr'><strong>esto</strong></span> <span class='ocrx_word' id='word_1_1143' title='bbox 2751 5175 2763 5210; x_wconf 94' lang='lat'>:</span> <span class='ocrx_word' id='word_1_1144' title='bbox 2794 5156 2921 5210; x_wconf 91' lang='lat' dir='ltr'><strong>dum</strong></span> <span class='ocrx_word' id='word_1_1145' title='bbox 2952 5156 3114 5211; x_wconf 84' lang='lat' dir='ltr'><strong>hodie</strong></span> <span class='ocrx_word' id='word_1_1146' title='bbox 3147 5152 3360 5224; x_wconf 82' lang='lat' dir='ltr'><strong>quoque</strong></span> <span class='ocrx_word' id='word_1_1147' title='bbox 3388 5152 3895 5224; x_wconf 17' lang='lat' dir='ltr'><strong>patituriChristus,</strong></span> <span class='ocrx_word' id='word_1_1148' title='bbox 3933 5166 3982 5207; x_wconf 91' lang='lat' dir='ltr'><strong>te</strong></span> 
     </span>
    </p>
   </div>
   <div class='ocr_carea' id='block_1_144' title="bbox 2380 5223 3981 5296">
    <p class='ocr_par' dir='ltr' id='par_1_144' title="bbox 2380 5223 3981 5296">
     <span class='ocr_line' id='line_1_148' title="bbox 2380 5223 3981 5296; baseline -0.002 -17"><span class='ocrx_word' id='word_1_1149' title='bbox 2380 5230 2637 5293; x_wconf 33' lang='lat' dir='ltr'><strong>patient...</strong></span> <span class='ocrx_word' id='word_1_1150' title='bbox 2669 5237 2889 5296; x_wconf 91' lang='lat' dir='ltr'><strong>propter</strong></span> <span class='ocrx_word' id='word_1_1151' title='bbox 2930 5223 3202 5282; x_wconf 87' lang='lat' dir='ltr'><strong>Christum</strong></span> <span class='ocrx_word' id='word_1_1152' title='bbox 3248 5227 3476 5280; x_wconf 86' lang='lat' dir='ltr'><strong>tolerare</strong></span> <span class='ocrx_word' id='word_1_1153' title='bbox 3503 5223 3981 5296; x_wconf 79' lang='lat' dir='ltr'><strong>et_Christi_mini-</strong></span> 
     </span>
    </p>
   </div>
   <div class='ocr_carea' id='block_1_145' title="bbox 2378 5293 3977 5367">
    <p class='ocr_par' dir='ltr' id='par_1_145' title="bbox 2378 5293 3977 5367">
     <span class='ocr_line' id='line_1_149' title="bbox 2378 5293 3977 5367; baseline -0.001 -19"><span class='ocrx_word' id='word_1_1154' title='bbox 2378 5308 2546 5350; x_wconf 89' lang='lat' dir='ltr'><strong>strum</strong></span> <span class='ocrx_word' id='word_1_1155' title='bbox 2575 5293 2807 5367; x_wconf 79' lang='lat' dir='ltr'><strong>oportet.</strong></span> <span class='ocrx_word' id='word_1_1156' title='bbox 2840 5298 3019 5351; x_wconf 88' lang='lat' dir='ltr'><strong>Clama</strong></span> <span class='ocrx_word' id='word_1_1157' title='bbox 3046 5297 3111 5351; x_wconf 87' lang='lat' dir='ltr'><strong>ad</strong></span> <span class='ocrx_word' id='word_1_1158' title='bbox 3167 5297 3337 5358; x_wconf 87' lang='lat' dir='ltr'><strong>illttm,</strong></span> <span class='ocrx_word' id='word_1_1159' title='bbox 3368 5305 3424 5349; x_wconf 90' lang='lat' dir='ltr'><strong>et</strong></span> <span class='ocrx_word' id='word_1_1160' title='bbox 3464 5293 3749 5346; x_wconf 85' lang='lat' dir='ltr'><strong>vindictam</strong></span> <span class='ocrx_word' id='word_1_1161' title='bbox 3793 5293 3977 5367; x_wconf 75' lang='lat' dir='ltr'><strong>faciet.</strong></span> 
     </span>
    </p>
   </div>
   <div class='ocr_carea' id='block_1_146' title="bbox 2377 5362 3980 5436">
    <p class='ocr_par' dir='ltr' id='par_1_146' title="bbox 2377 5362 3980 5436">
     <span class='ocr_line' id='line_1_150' title="bbox 2377 5362 3980 5436; baseline -0.003 -16"><span class='ocrx_word' id='word_1_1162' title='bbox 2377 5369 2484 5420; x_wconf 89' lang='lat' dir='ltr'><strong>cito</strong></span> <span class='ocrx_word' id='word_1_1163' title='bbox 2511 5362 2902 5423; x_wconf 74' lang='lat' dir='ltr'><strong>consummabit</strong></span> <span class='ocrx_word' id='word_1_1164' title='bbox 2931 5369 3261 5436; x_wconf 86' lang='lat' dir='ltr'><strong>iniquitatem</strong></span> <span class='ocrx_word' id='word_1_1165' title='bbox 3303 5374 3669 5436; x_wconf 80' lang='lat' dir='ltr'><strong>peccatorum,</strong></span> <span class='ocrx_word' id='word_1_1166' title='bbox 3697 5375 3752 5416; x_wconf 90' lang='lat' dir='ltr'><strong>et</strong></span> <span class='ocrx_word' id='word_1_1167' title='bbox 3781 5362 3980 5436; x_wconf 68' lang='lat' dir='ltr'><strong>diriget</strong></span> 
     </span>
    </p>
   </div>
   <div class='ocr_carea' id='block_1_147' title="bbox 2372 5434 3976 5508">
    <p class='ocr_par' dir='ltr' id='par_1_147' title="bbox 2372 5434 3976 5508">
     <span class='ocr_line' id='line_1_151' title="bbox 2372 5434 3976 5508; baseline -0.002 -20"><span class='ocrx_word' id='word_1_1168' title='bbox 2372 5437 2575 5506; x_wconf 85' lang='lat' dir='ltr'><strong>justum</strong></span> <span class='ocrx_word' id='word_1_1169' title='bbox 2608 5440 2749 5492; x_wconf 88' lang='lat' dir='ltr'><strong>Deus</strong></span> <span class='ocrx_word' id='word_1_1170' title='bbox 2786 5439 2950 5507; x_wconf 87' lang='lat' dir='ltr'><strong>judex</strong></span> <span class='ocrx_word' id='word_1_1171' title='bbox 2992 5434 3173 5508; x_wconf 85' lang='lat' dir='ltr'><strong>justus</strong></span> <span class='ocrx_word' id='word_1_1172' title='bbox 3214 5447 3270 5492; x_wconf 90' lang='lat' dir='ltr'><strong>et</strong></span> <span class='ocrx_word' id='word_1_1173' title='bbox 3308 5434 3506 5505; x_wconf 82' lang='lat' dir='ltr'><strong>potens</strong></span> <span class='ocrx_word' id='word_1_1174' title='bbox 3554 5444 3609 5488; x_wconf 88' lang='lat' dir='ltr'><strong>et</strong></span> <span class='ocrx_word' id='word_1_1175' title='bbox 3650 5434 3976 5502; x_wconf 84' lang='lat' dir='ltr'><strong>longanimis</strong></span> 
     </span>
    </p>
   </div>
   <div class='ocr_carea' id='block_1_148' title="bbox 2378 5508 3974 5580">
    <p class='ocr_par' dir='ltr' id='par_1_148' title="bbox 2378 5508 3974 5580">
     <span class='ocr_line' id='line_1_152' title="bbox 2378 5508 3974 5580; baseline -0.004 -19"><span class='ocrx_word' id='word_1_1176' title='bbox 2378 5508 2603 5580; x_wconf 66' lang='lat' dir='ltr'><strong>(Psalnt.</strong></span> <span class='ocrx_word' id='word_1_1177' title='bbox 2630 5511 2683 5564; x_wconf 88' lang='lat'><strong>7.</strong></span> <span class='ocrx_word' id='word_1_1178' title='bbox 2718 5510 2830 5574; x_wconf 78' lang='lat' dir='ltr'><strong>l2);</strong></span> <span class='ocrx_word' id='word_1_1179' title='bbox 2861 5509 3185 5580; x_wconf 86' lang='lat' dir='ltr'><strong>longanimia</strong></span> <span class='ocrx_word' id='word_1_1180' title='bbox 3204 5508 3347 5563; x_wconf 86' lang='lat' dir='ltr'><strong>enim</strong></span> <span class='ocrx_word' id='word_1_1181' title='bbox 3378 5512 3974 5580; x_wconf 71' lang='lat' dir='ltr'><strong>est_et_cu_nctatur,_ut</strong></span> 
     </span>
    </p>
   </div>
   <div class='ocr_carea' id='block_1_149' title="bbox 2375 5576 3973 5704">
    <p class='ocr_par' dir='ltr' id='par_1_149' title="bbox 2375 5576 3973 5704">
     <span class='ocr_line' id='line_1_153' title="bbox 2375 5576 3973 5704; baseline -0.004 -72"><span class='ocrx_word' id='word_1_1182' title='bbox 2375 5594 2476 5704; x_wconf 55' lang='lat' dir='ltr'><strong>x03</strong></span> <span class='ocrx_word' id='word_1_1183' title='bbox 2521 5579 2589 5634; x_wconf 88' lang='lat' dir='ltr'><strong>ad</strong></span> <span class='ocrx_word' id='word_1_1184' title='bbox 2632 5580 2805 5651; x_wconf 84' lang='lat' dir='ltr'><strong>ipsum</strong></span> <span class='ocrx_word' id='word_1_1185' title='bbox 2849 5576 3271 5636; x_wconf 58' lang='lat' dir='ltr'><strong>coniertamur:</strong></span> <span class='ocrx_word' id='word_1_1186' title='bbox 3320 5577 3405 5631; x_wconf 90' lang='lat' dir='ltr'><strong>cui</strong></span> <span class='ocrx_word' id='word_1_1187' title='bbox 3440 5576 3611 5647; x_wconf 89' lang='lat' dir='ltr'><strong>gloria</strong></span> <span class='ocrx_word' id='word_1_1188' title='bbox 3641 5576 3697 5629; x_wconf 83' lang='lat' dir='ltr'><strong>in</strong></span> <span class='ocrx_word' id='word_1_1189' title='bbox 3746 5577 3973 5628; x_wconf 67' lang='lat' dir='ltr'><strong>amcitia.</strong></span> 
     </span>
     <span class='ocr_line' id='line_1_154' title="bbox 2425 5666 2570 5704; baseline 0 0"><span class='ocrx_word' id='word_1_1190' title='bbox 2425 5666 2570 5704; x_wconf 82' lang='lat' dir='ltr'><strong>men.</strong></span> 
     </span>
    </p>
   </div>
  </div>
