4122 6334
1281 409 1366 462 Μ]
1409 392 1755 466 FUGIENM
1802 403 2152 463 SlMUL.\TA
2195 400 2458 457 SPECIE.

1668 779 2074 842 MONITUM.

229 1003 294 1048 ut
335 1001 465 1047 sunt
496 982 914 1058 ὲπιμορφάζειν,
949 975 1271 1042 ἀτονιάζειν,
1313 987 1370 1032 et
1409 975 1516 1032 alia
1563 991 1684 1045 qua:
1732 984 1813 1029 stu

1922 987 2012 1026 sus
2060 968 2240 1041 quivis
2264 965 2639 1039 Cbrysostomi
2695 951 2865 1019 lector
2893 961 3310 1018 snimatlvertet,
3357 965 3522 1025 atque

230 1084 382 1139 inter
432 1079 618 1151 spuria
665 1078 808 1131 hanc
861 1068 1142 1126 bomiliam
1199 1067 1395 1123 merito
1433 1068 1619 1137 jacere
1660 1081 1770 1120 non
1804 1063 2017 1151 inficias
2061 1061 2180 1116 ibit.

304 1170 684 1244 lnterpretatio
723 1168 913 1222 Latina
939 1177 1023 1222 est
1051 1165 1345 1221 Frontonis
1382 1164 1586 1219 Ducaei.

665 1369 1813 1387 Μ

1922 1351 3400 1377 ____________________________________._.
3452 1345 3497 1355 .-

652 1603 748 1659 DE
782 1599 1165 1658 FUGIENDA
1209 1597 1587 1656 SIMULATA
1634 1593 1932 1660 SPECIE,
1981 1589 2068 1645 AC
2114 1586 2430 1647 HINHIE'
2465 1587 2645 1645 VERA
2674 1632 2688 1656 ,
2733 1585 3086 1645 ιιοιιιιιΑ.

251 1823 289 1832 ι-

299 1999 506 2056 Rursus
558 2000 865 2070 evangelica
923 2000 1079 2056 nobis
1122 2000 1177 2056 in
1231 2014 1421 2054 manus
1451 1999 1711 2053 sumenda
1739 2009 1823 2054 est

211 2071 371 2138 tuba,
403 2081 456 2126 et
485 2073 695 2127 Domini
724 2072 876 2126 vobis
900 2072 1197 2126 admonitio
1224 2071 1542 2126 enarranda.
1568 2071 1824 2138 Attendite

213 2141 386 2214 enim,
417 2143 606 2214 inquit,
636 2160 668 2196 a
698 2142 846 2214 falsis
890 2143 1172 2212 praphetis,
1203 2143 1289 2212 qui
1331 2143 1539 2214 veniunt
1561 2141 1628 2197 ad
1656 2157 1742 2194 vos
1768 2141 1821 2194 in

212 2213 528 2267 vestimentis
549 2216 744 2278 ovium,
767 2213 1068 2267 intrinsecus
1093 2222 1264 2267 autem
1283 2223 1400 2267 sunt
1433 2213 1544 2282 lupi
1570 2228 1782 2281 rapaces
1803 2227 1822 2265 :

213 2299 249 2336 α
300 2285 548 2355 fructibus
597 2301 772 2338 eorum
824 2285 1134 2354 cognoscetis
1183 2300 1267 2338 eos
1317 2282 1344 2406 ς
1370 2283 1561 2336 Matth.
1594 2283 1644 2336 7.
1677 2284 1745 2337 15
1776 2283 1817 2347 ).

213 2353 354 2406 Nam
385 2369 451 2406 ex
481 2355 568 2406 iis.
607 2371 727 2406 uua:
761 2356 813 2406 in
839 2355 955 2406 dies
980 2362 1262 2406 aeruntur.
1293 2371 1324 2406 ιι
1345 2355 1489 2406 tione
1515 2355 1725 2406 sneeies
1746 2354 1817 2406 si-

213 2353 354 2408 Nam
385 2369 451 2408 ex
481 2355 568 2422 iis,
607 2371 727 2422 quae
761 2356 813 2408 in
839 2353 955 2409 dies
980 2362 1262 2424 geruntur,
1293 2353 1489 2422 ubique
1515 2355 1725 2423 Species
1746 2354 1820 2408 si-

215 2425 419 2479 mulata
447 2425 886 2496 deprehenditur.
941 2426 1202 2493 siquidem
1241 2440 1270 2476 a
1323 2425 1598 2479 voluntate
1641 2425 1818 2478 dima-

214 2504 352 2549 nant
379 2498 618 2551 actiones
644 2514 656 2557 ;
688 2497 1017 2550 voluntatem
1047 2511 1208 2565 porro
1238 2496 1576 2549 venerandus
1607 2496 1819 2550 habitus

214 2580 326 2618 non
359 2566 623 2621 immutat.
660 2567 880 2622 Frustra
910 2566 1068 2636 igitur
1095 2567 1306 2620 labores
1350 2567 1571 2635 suscipit
1617 2567 1699 2619 vir
1724 2566 1821 2619 do-

213 2636 365 2692 losus
389 2638 530 2708 apud
559 2640 846 2707 sapientes,
877 2640 966 2707 qui
995 2653 1116 2691 eum
1147 2653 1212 2690 ex
1262 2637 1519 2691 fructibus
1564 2637 1819 2705 indagare

213 2719 481 2776 possunt,
530 2720 584 2762 et
610 2710 854 2778 quisnam
887 2709 954 2762 sit
988 2723 1314 2778 cognoscere
1343 2708 1622 2776 qualisque
1649 2709 1821 2762 videa-

216 2787 332 2832 tur.
386 2779 523 2845 Quid
558 2781 718 2848 igitur
751 2781 978 2847 teipsum
1011 2779 1061 2841 in
1091 2780 1268 2832 alieno
1308 2778 1492 2831 habitu
1525 2780 1765 2833 occultas
1794 2779 1816 2831 ?

212 2849 355 2916 Quid
383 2851 539 2905 ovina
575 2851 713 2916 pelle
741 2852 923 2918 lupum
950 2849 1283 2902 abscondis?
1317 2849 1479 2903 Paulo
1509 2861 1627 2918 post
1660 2865 1815 2902 nam-

212 2934 324 2991 que
360 2931 410 2975 te
456 2921 663 2981 veritas.
697 2920 999 2989 patefaciet,
1030 2929 1084 2974 et
1121 2920 1246 2973 dum
1296 2919 1760 2991 vet'italetnfugis,
1787 2936 1816 2973 a

212 2990 442 3062 veritate
472 2991 908 3062 deprehenderis.
932 2991 1043 3045 Cur
1068 3006 1345 3045 sermones
1363 3005 1484 3062 prae
1510 3001 1560 3062 te
1580 2990 1686 3045 fers
1719 2991 1814 3044 hu-

215 3061 514 3127 manitatis,
546 3060 768 3128 asperos
791 3077 971 3116 mores
1007 3062 1285 3116 occultans
1310 3062 1333 3114 ?
1361 3060 1478 3114 Non
1507 3061 1693 3115 latebit
1725 3076 1815 3114 as-

211 3133 420 3254 peritas
445 3142 554 3196 tua,
587 3132 711 3187 licet
740 3133 1028 3188 admodum
1068 3131 1248 3185 suavis
1275 3147 1398 3185 esse
1437 3132 1679 3186 simules.
1711 3132 1819 3186 Cur

252 3203 456 3254 abitum
481 3203 658 3254 induis
674 3203 942 3254 amicitize.
962 3218 1083 3254 eum
1108 3202 1180 3254 sis
1205 3202 1416 3254 hostis?
1445 3201 1560 3254 Non
1589 3205 1816 3254 vivimus

252 3203 456 3256 abitum
481 3203 658 3258 induis
674 3203 942 3266 amicitize,
962 3218 1083 3256 eum
1108 3202 1180 3255 sis
1205 3202 1416 3254 hHSltS?
1445 3201 1560 3255 Non
1589 3205 1816 3258 vivimus

212 3272 270 3326 in
303 3273 572 3328 tenebris:
598 3274 852 3342 pateﬁunt
874 3273 1160 3334 occulta,et
1193 3272 1333 3341 quo‘d
1362 3273 1729 3328 abscondebas
1753 3291 1815 3327 o-

212 3344 368 3397 dium
401 3346 750 3411 comperitur.
787 3346 894 3399 Cur
931 3344 1222 3397 amicitiam
1252 3344 1516 3396 simulas?
1548 3343 1654 3398 Cur
1681 3345 1816 3399 adu-

215 3413 352 3468 laris
374 3430 494 3468 cum
526 3431 632 3468 non
666 3413 864 3469 atnes‘?
894 3414 1084 3467 Odium
1132 3413 1317 3467 istba-c
1361 3415 1450 3467 tibi
1482 3416 1652 3482 pariet
1680 3416 1815 3469 adu-

209 3484 364 3547 latio,
395 3495 665 3553 tamquam
693 3487 759 3539 ab
787 3486 1002 3538 inimico
1035 3501 1225 3538 noxam
1252 3485 1506 3548 inferens,
1540 3501 1644 3540 non
1667 3503 1816 3540 eom-

213 3554 437 3609 tuodutn
481 3566 539 3610 ut
581 3557 650 3610 ab
679 3556 873 3609 amico.
925 3555 1138 3609 Laudas
1181 3557 1377 3609 etenim
1406 3555 1566 3609 etiam
1598 3573 1661 3612 ea
1696 3573 1816 3624 qua:

213 3641 378 3694 prava
407 3636 527 3679 sunt
556 3627 936 3681 asseutalionis
961 3641 1122 3680 causa
1158 3643 1170 3678 :
1205 3642 1310 3679 non
1339 3635 1423 3679 est
1463 3639 1642 3681 autem
1677 3628 1813 3681 adeo

211 3697 462 3764 stupidus
493 3697 563 3758 is,
615 3697 699 3751 cui
752 3697 1025 3761 adularis;
1076 3697 1201 3765 quin
1237 3698 1414 3765 potius
1444 3697 1621 3752 odisse
1655 3698 1817 3752 debet

208 3782 362 3833 eum,
382 3782 413 3821 a
435 3782 540 3836 quo
571 3778 792 3837 prapter
823 3776 1036 3837 peccata
1068 3769 1336 3821 laudetur.
1365 3768 1622 3837 Curjusti
1652 3778 1814 3838 atque

213 3839 568 3905 temperantis
597 3840 688 3893 tibi
742 3838 962 3907 ﬁguram
1012 3838 1244 3908 aflingis,
1281 3853 1402 3890 cum
1433 3839 1484 3892 in
1518 3839 1813 3894 sceleribus

210 3923 280 3961 ac
329 3909 562 3965 lasciviis
594 3908 952 3979 perseveres?
998 3908 1108 3962 Cur
1155 3910 1515 3978 arrogantiam
1563 3911 1707 3963 cultu
1751 3925 1814 3963 ac

212 3993 469 4033 sermone
505 3980 820 4033 humilitatis
855 3981 1093 4045 obvelas,
1121 3989 1173 4033 et
1195 3981 1536 4035 observantia
1563 3981 1812 4036 invidiam

209 4049 567 4104 dissimulas?
598 4050 750 4104 Nihil
789 4051 922 4104 enim
951 4061 1024 4105 est
1062 4061 1290 4120 opertum
1316 4093 1328 4113 ,
1354 4051 1488 4120 quod
1533 4069 1633 4105 non
1674 4068 1812 4104 rere-

211 4121 443 4194 labitur:
467 4130 510 4174 et
541 4122 832 4194 occultant,
856 4122 991 4194 quod
1018 4139 1119 4175 non
1143 4123 1329 4194 scietur
1347 4119 1569 4194 (Matth.
1588 4123 1674 4177 10.
1695 4122 1810 4194 26).

289 4191 483 4244 Malum
505 4202 588 4246 est
610 4192 842 4245 hominis
864 4193 1117 4261 probrum
1151 4191 1520 4246 mendaeium:
1548 4191 1812 4261 fugiamus

209 4261 285 4314 ob
332 4262 668 4333 mendacium
703 4263 967 4330 objectam
999 4263 1455 4327 criminationem,
1489 4278 1556 4317 ne
1588 4265 1678 4318 tibi
1713 4266 1812 4333 ipsi

209 4331 359 4399 apud
391 4333 621 4387 amicum
649 4333 808 4387 fidem
837 4333 1084 4403 deroges,
1117 4343 1173 4387 ut
1209 4349 1278 4387 ne
1310 4343 1420 4386 tum
1448 4350 1660 4404 quoque
1689 4331 1810 4389 cum

215 4415 343 4475 vera
388 4418 595 4475 narras,
630 4420 734 4457 non
771 4405 1004 4475 amplius
1055 4404 1187 4459 lides
1233 4405 1492 4459 habeatur
1523 4424 1535 4458 :
1576 4422 1696 4458 nam
1724 4407 1813 4475 qui

210 4472 268 4525 in
291 4487 404 4545 uno!
427 4474 657 4545 mendax
688 4474 1057 4542 deprehensus
1088 4484 1190 4541 est,
1226 4490 1330 4529 non
1359 4477 1592 4545 amplius
1619 4472 1812 4545 dignus

208 4543 442 4617 estcui,
463 4544 590 4599 licet
617 4561 743 4600 vera
771 4545 970 4600 dicenti
990 4588 1006 4611 ,
1037 4546 1307 4600 credatur.
1326 4543 1510 4617 gLoq‘ui
1524 4543 1704 4617 justa,
1735 4549 1815 4599 iu-

208 4613 353 4687 quit,
381 4623 430 4668 et
476 4631 702 4668 ueracem
748 4632 873 4687 esse,
909 4617 1097 4685 placita
1147 4627 1264 4670 sunt
1314 4613 1443 4670 Deo,
1471 4613 1634 4687 magis
1660 4635 1814 4686 quam

209 4683 497 4756 hostiarum
519 4687 728 4756 sanguis
756 4686 775 4756 (
808 4683 963 4740 Prov.
995 4688 1087 4740 ‘21.
1126 4688 1161 4742 5
1189 4688 1229 4756 ).
1281 4688 1485 4741 Donum
1530 4683 1812 4756 acceptum

207 4751 412 4809 ollares
435 4756 545 4810 Deo
573 4798 589 4822 ,
615 4751 778 4811 iidem
810 4772 872 4812 ac
903 4751 1202 4814 veritatem;
1227 4758 1405 4812 Facile
1438 4758 1532 4811 tibi
1560 4769 1642 4813 est
1664 4751 1813 4813 ’διιο-

206 4824 343 4892 quin
367 4834 424 4879 ut.
453 4841 562 4893 res,
595 4827 670 4880 uti
694 4837 838 4892 sunt,
866 4829 1156 4898 eloquaris,
1180 4845 1285 4882 non
1312 4837 1371 4882 ut
1398 4844 1512 4893 eas,
1539 4845 1658 4898 quae
1685 4845 1813 4884 nus-

206 4910 377 4964 quam
407 4906 554 4964 sunt,
578 4898 1045 4953 comminiscaris:
1083 4915 1188 4952 non
1221 4900 1364 4954 enim
1395 4899 1664 4954 laborabis
1683 4916 1814 4955 con-

208 4965 438 5040 nitcudo
467 4977 651 5040 nt‘pro
677 4968 902 5024 veritate
924 4970 1259 5024 mendacium
1288 4970 1619 5035 admittatur,
1640 4986 1813 5040 neque

208 5036 325 5110 ulla
353 5038 496 5110 inire
518 5037 742 5110 fatisces
767 5043 1036 5096 contraria
1070 5040 1163 5095 tibi
1193 5041 1292 5110 ipsi
1327 5040 1595 5110 loquendo
1640 5058 1654 5096 :
1702 5036 1810 5097 non

208 5058 325 5091 uua
353 5058 406 5092 In
438 5058 496 5092 re
527 5058 742 5094 lallSCCS
767 5058 1036 5096 contraria
1070 5058 1163 5095 ιιυι
1193 5058 1292 5110 ιρςι
1327 5058 1376 5094 lt)
1420 5058 1595 5094 uendo
1640 5058 1654 5096 ζ
1702 5058 1810 5097 non

204 5109 371 5181 enim
386 5109 486 5164 sibi
513 5109 613 5178 ipsi
633 5123 911 5181 consonus
938 5123 1020 5165 est
1047 5127 1231 5166 sermo
1252 5058 1502 5166 mendax.
1521 5111 1636 5165 Non
1667 5114 1810 5181 quod

205 5178 679 5252 aliisimposueris
700 5181 985 5236 erubesces
1011 5191 1088 5247 tu,
1117 5184 1205 5252 qui
1235 5183 1513 5236 veritatem
1539 5178 1807 5240 custodis:

204 5248 564 5322 jurejurando
611 5250 715 5305 fide
766 5251 1065 5322 digniorem
1115 5248 1272 5307 amici
1325 5262 1470 5307 tuam
1511 5255 1809 5309 orationem

205 5319 532 5393 censebunt,
558 5336 629 5393 ac
681 5319 985 5377 testimonio
1015 5324 1201 5393 quovis
1224 5323 1573 5393 jurejurando
1601 5325 1812 5380 lirmato

205 5390 416 5464 certius
444 5391 572 5447 illud
594 5393 745 5464 quod
789 5393 1006 5456 dixeris,
1034 5390 1309 5464 tamquam
1335 5390 1540 5463 justum
1566 5405 1619 5449 et
1650 5397 1808 5449 indu-

210 5461 445 5536 bitatum
486 5463 870 5536 testimonium
898 5474 1048 5536 tuum
1080 5461 1399 5536 adtnitten‘t;
1434 5466 1801 5536 quandocum-

205 5533 411 5604 quead
444 5535 809 5588 testimonium
844 5535 1131 5590 dicendum
1161 5533 1465 5603 prodieris,
1495 5537 1806 5604 praeclaram

203 5601 432 5672 quidem
462 5604 551 5657 tibi
579 5605 803 5674 gloriam
831 5605 900 5660 ob
929 5601 1228 5668 veritatem,
1261 5601 1600 5661 versantibus
1629 5613 1807 5663 autem

205 5674 266 5729 in
306 5675 543 5747 periculo
570 5676 676 5747 rcis
703 5677 928 5730 salutem
957 5718 972 5743 ,
1001 5687 1054 5731 et
1084 5678 1276 5746 injuria
1321 5679 1594 5747 oppressis
1621 5680 1789 5733 utilita

207 5755 324 5799 tem
355 5745 407 5798 in
430 5745 630 5818 judicio
658 5748 991 5802 eonciliabis.
1018 5745 1176 5818 Labia
1199 5745 1416 5815 veracia,
1446 5750 1638 5818 inquit,
1673 5749 1806 5802 αἰγὶ-ε

205 5817 896 5891 ςιιιιεΑζεειὶηιοιιξιιιιιμυει-ιιηι
927 5834 945 5891 .f
972 5817 1110 5873 testis
1136 5830 1304 5872 autent
1327 5817 1633 5891 iniustorum
1655 5822 1803 5875 dolo-

209 5883 303 5940 ’m
325 5883 513 5955 (Prov.
549 5887 636 5942 1‘2.
659 5888 752 5959 l9)
783 5907 795 5940 :
828 5890 1058 5959 benigno
1086 5893 1227 5946 vultu
1277 5903 1326 5946 te
1355 5883 1695 5948 c'ontuebitur
1717 5892 1804 5961 ju-

1928 1998 2032 2054 dex
2061 2041 2076 2064 ,
2112 2010 2269 2069 teque
2320 1999 2466 2057 ornni
2505 1998 2787 2069 jndiciaria
2845 1998 3219 2069 disquisitione
3266 1998 3535 2057 liberabit.

1929 2071 2410 2125 Verumenimvero
2442 2071 2597 2125 laude
2622 2071 2782 2135 digna
2822 2081 2949 2124 sunt
2990 2070 3131 2140 apud
3167 2071 3333 2126 Deum
3358 2069 3535 2124 Itami-

1929 2141 2094 2196 Iitatis
2136 2151 2282 2196 recte
2328 2144 2486 2204 facta,
2534 2141 2799 2209 siquidem
2853 2143 3071 2211 exsequi
3119 2157 3181 2195 ea
3239 2141 3529 2211 possimus.

1931 2213 2144 2268 Etenim
2184 2213 2334 2266 multi
2377 2227 2500 2267 cum
2550 2211 2749 2280 aliquid
2805 2212 2929 2266 boni
2959 2213 3187 2281 egerint,
3219 2211 3529 2281 deprimere

1927 2284 2249 2353 semetipsos
2278 2290 2541 2337 conantur
2566 2292 2760 2354 praeter
2775 2283 2944 2354 ipsam
2974 2283 3274 2354 veritatem,
3297 2291 3353 2354 et
3373 2298 3525 2335 men-

1927 2355 2012 2409 tiri
2045 2352 2232 2423 contra
2260 2355 2468 2423 seipSos
2499 2353 2719 2407 malunt.
2747 2352 2815 2408 Ai
2838 2370 2937 2422 ego
2969 2353 3059 2407 tibi
3086 2353 3227 2414 dico.
3249 2354 3320 2407 mi
3343 2352 3534 2416 homo,

1934 2435 1988 2479 tu
2019 2422 2298 2479 humiliter
2321 2422 2417 2494 pro
2447 2424 2522 2477 rei
2552 2425 2775 2478 veritate
2819 2425 2887 2478 de
2925 2433 2977 2478 te
3027 2427 3162 2477 senti
3210 2441 3240 2495 :_
3263 2423 3412 2495 apud
3435 2424 3527 2478 Dt-i

1924 2511 2084 2550 aures
2109 2493 2329 2549 humilia
2356 2496 2423 2548 de
2449 2495 2621 2563 teipso
2652 2495 2896 2563 loquere,
2918 2495 3056 2548 sicut
3085 2493 3356 2549 Abraham
3381 2493 3530 2549 dice-

1928 2567 2033 2629 bat,
2069 2567 2180 2637 Ego
2206 2575 2374 2618 autem
2401 2582 2513 2637 sum
2552 2576 2688 2618 terra
2728 2577 2775 2619 et
2789 2565 2926 2637 rcinis
2952 2566 2969 2634 (
2993 2564 3121 2620 Gen.
3155 2566 3245 2637 18.
3274 2565 3344 2619 27
3374 2566 3395 2634 )
3420 2582 3434 2618 :
3471 2575 3532 2637 ut

1928 2633 2380 2701 Paulusdicebat,
2412 2633 2524 2705 Ego
2563 2653 2676 2688 sum
2724 2633 2967 2691 minimus
3017 2633 3412 2704 apostolorum,
3437 2635 3525 2704 qui

1925 2725 2028 2762 non
2056 2725 2168 2762 smn
2193 2707 2378 2775 dignus
2407 2708 2579 2760 vocari
2608 2706 2893 2776 apostolus,
2914 2708 3034 2773 quia
3064 2717 3395 2776 persequutus
3416 2722 3530 2758 sum

1929 2779 2212 2833 Ecclesium
2247 2778 2340 2830 Dei
2371 2777 2389 2846 (
2414 2778 2464 2831 1⁷.
2490 2778 2609 2831 Cor.
2647 2777 2734 2831 l5.
2764 2776 2820 2832 9.
2853 2777 2942 2840 l0)
2970 2796 2982 2831 :
3014 2792 3203 2832 rursus
3226 2789 3405 2831 autem
3435 2791 3527 2831 ve,

1926 2854 2138 2904 ritatem
2175 2849 2527 2918 proloquutus
2548 2848 2778 2915 adjecit,
2813 2846 2998 2901 Gratia
3023 2859 3193 2902 autem
3227 2847 3322 2901 Dei
3341 2864 3454 2901 sum
3476 2848 3531 2900 id

1923 2921 2058 2990 quod
2104 2937 2238 2974 sum.
2269 2920 2362 2973 His
2395 2921 2572 2987 itaque
2601 2920 2680 2972 sic
2709 2918 2776 2972 ad
2805 2919 3103 2990 doctrinam
3129 2927 3364 2990 nostram
3399 2933 3526 2986 pro-

1926 2988 2134 3061 positis,
2166 2990 2469 3043 simulatam
2501 2992 2734 3058 specicm
2781 2989 2926 3042 omni
2964 3005 3029 3043 ex
3061 3000 3213 3058 parte
3239 2988 3527 3061 fugiamus.

1924 3060 2031 3117 Cur
2072 3061 2470 3130 nobismetipsis
2506 3061 2679 3114 larvas
2733 3061 3222 3130 circumponimus,
3246 3074 3369 3113 cum
3385 3060 3531 3130 tales

1925 3150 2029 3187 non
2061 3133 2228 3186 simus
2253 3128 2438 3201 quales
2465 3147 2561 3184 nos
2586 3128 3082 3197 ostendamus—dum
3103 3139 3282 3184 vestes
3309 3128 3523 3199 quidem

1923 3204 1989 3258 ad
2015 3214 2211 3257 terram
2256 3201 2515 3256 trahimus
2570 3202 2622 3254 in
2667 3201 2851 3256 habitu
2893 3212 3201 3255 sanctorum
3230 3241 3247 3266 ,
3290 3201 3532 3254 moribus

1923 3284 2101 3328 autem
2125 3273 2328 3329 efferati
2360 3315 2374 3336 ,
2422 3288 2672 3327 sermone
2720 3273 2933 3342 quidem
2975 3283 3031 3327 et
3081 3273 3279 3325 amictu
3318 3271 3523 3342 sancti,

1921 3346 2102 3400 animo
2133 3360 2260 3398 vero
2299 3353 2354 3398 et
2401 3344 2655 3411 operibus
2705 3341 3030 3398 inhumani?
3073 3343 3189 3397 Non
3217 3341 3553 3411 vestitusiin'

1924 3432 2148 3486 regnum
2178 3410 2756 3486 czelorum’introducit
2779 3457 2794 3477 ,
2823 3414 2915 3486 sed
2959 3428 3122 3486 opera
3141 3413 3387 3486 justitizc.
3408 3410 3525 3486 Non

1923 3482 2248 3553 ita'aspieiet
2294 3485 2455 3539 homo
2479 3527 2495 3550 ,
2531 3493 2589 3538 ut
2630 3485 2854 3553 aSpiciet
2885 3482 3029 3538 Deus
3061 3501 3073 3536 :
3108 3483 3272 3538 homo
3303 3482 3519 3553 quidem

1923 3558 1975 3610 in
2009 3556 2196 3610 faciem
2222 3557 2477 3624 aspiciet:
2509 3556 2649 3610 Deus
2673 3565 2852 3609 autem
2878 3555 3102 3624 aspiciet
3122 3554 3188 3624 ad
3212 3569 3325 3624 cor.
3358 3553 3525 3624 Scru-

1925 3573 1975 3610 ltl
2009 3570 2196 3610 taetem
2222 3570 2477 3624 aspICIet:
2509 3570 2649 3610 ueus
2673 3570 2852 3609 autem
2878 3570 2936 3607 as
2980 3570 3102 3608 tetet
3122 3570 3188 3607 au
3212 3570 3325 3608 cor.
3358 3570 3520 3607 acru-

1925 3638 2040 3682 tans
2070 3628 2237 3688 enim,
2268 3626 2457 3697 inquit,
2492 3627 2647 3679 corda
2677 3637 2722 3678 et
2763 3643 2906 3680 rencs
2936 3570 3077 3680 ἓως
3102 3623 3277 3693 (Psal.
3308 3623 3360 3677 7.
3391 3623 3520 3697 10):

1922 3706 1980 3752 et
2009 3707 2226 3768 propter
2253 3695 2375 3768 eum
2405 3697 2492 3766 qu‘i
2526 3699 2690 3758 venit,
2725 3707 2783 3750 ut
2806 3698 3021 3765 colligat
3060 3697 3343 3768 hominum
3372 3695 3522 3768 cogi-

1923 3765 2153 3827 tationes
2182 3788 2194 3821 :
2223 3765 2585 3825 Omnia’enim
2619 3768 2756 3820 mula
2781 3777 2899 3820 sunt
2929 3778 2976 3820 et
2999 3777 3177 3836 aperta
3207 3765 3370 3818 oculis
3391 3766 3523 3834 ejus.

1925 3838 2046 3892 Non
2077 3851 2146 3892 est
2197 3840 2279 3908 qui
2336 3855 2386 3893 se
2416 3838 2693 3891 abscondat
2718 3855 2750 3891 a
2779 3840 2947 3892 calore
2977 3835 3085 3906 ejus
3115 3835 3300 3904 (Hebr.
3327 3837 3382 3889 4.
3411 3837 3478 3889 13
3509 3852 3524 3899 ;

1926 3909 2069 3963 Psal.
2108 3910 2194 3964 18.
2215 3910 2294 3979 7).
2323 3908 2510 3964 Veniet
2542 3919 2752 3975 tempus
2777 3925 2897 3965 cum
2937 3909 3034 3962 hac
3059 3910 3268 3975 abjecta
3297 3921 3523 3977 persona

1923 3982 2097 4036 nudus
2128 3982 2416 4049 reperietis
2437 4022 2451 4043 ,
2480 3991 2701 4050 tumque
2733 3990 2790 4034 ut
2833 3979 3008 4034 Adam
3059 3990 3180 4047 post
3234 3980 3441 4048 lapsum
3471 3981 3523 4031 in

1920 4061 2218 4120 conspectu
2249 4051 2342 4105 Dei
2371 4066 2632 4120 apparere
2675 4059 2726 4105 te
2779 4050 3000 4120 pudebit
3042 4068 3057 4114 ;
3108 4050 3219 4105 illic
3243 4051 3386 4105 enim
3417 4066 3522 4104 non

1920 4067 2055 4106 cons
2097 4067 2218 4106 eetu
2249 4067 2342 4105 uel
2371 4067 2632 4120 apparere
2675 4067 2726 4105 te
2779 4067 3000 4120 puaebtt
3042 4068 3057 4114 ;
3108 4067 3219 4105 unc
3243 4067 3386 4105 enim
3417 4067 3522 4104 non

1915 4122 2028 4191 jam
2057 4067 2272 4178 iiabitus
2299 4124 2558 4188 quteritur
2583 4163 2597 4185 ,
2640 4121 2735 4176 sed
2776 4137 2962 4190 Opera.
3002 4120 3136 4174 Nam
3191 4120 3276 4175 hic
3304 4121 3522 4189 quidem

1920 4208 2294 4263 srpenumero
2319 4193 2577 4260 fallimus,
2601 4202 2651 4246 et
2684 4192 2937 4247 indicium
2965 4191 3208 4246 criminis
3232 4192 3519 4256 evitamus,

1919 4275 1974 4319 et
1999 4263 2290 4318 venerandi
2323 4264 2532 4333 habitus
2550 4278 2708 4317 causa
2730 4273 3000 4333 tamquam
3023 4263 3154 4332 justi
3176 4279 3520 4331 apparemus,

1921 4350 1985 4390 ac
2009 4349 2383 4403 Stepenumcro
2409 4332 2594 4387 felices
2621 4332 2981 4405 praedicantur
3011 4352 3024 4385 :
3060 4335 3168 4388 illic
3197 4345 3377 4387 autem
3409 4350 3516 4386 non

1917 4406 2026 4474 jatn
2058 4406 2289 4475 amplius
2320 4405 2445 4459 licet
2466 4405 2749 4475 imponere
2780 4423 2794 4459 :
2829 4405 2940 4459 illic
2965 4420 3129 4473 opera
3150 4416 3468 4474 quaeruntur
3495 4445 3512 4468 ,

1920 4491 2026 4531 non
2051 4476 2161 4545 jam
2205 4475 2420 4530 habitus
2460 4475 2817 4540 venerabilis;
2848 4477 2957 4530 imo
2995 4491 3124 4530 vero
3154 4476 3345 4543 majori
3391 4489 3518 4540 sup-

1920 4549 2080 4616 plicio
2107 4562 2168 4600 ac
2194 4547 2537 4600 damnatione
2564 4547 2884 4615 plectemur,
2930 4547 2975 4600 si
3009 4546 3372 4600 venerabilem
3399 4546 3518 4614 qui-

1919 4619 2042 4672 dem
2065 4617 2727 4688 honestumquehabitum
2757 4618 3172 4688 gestaverimus,
3207 4632 3306 4688 nec
3336 4625 3517 4670 tamen

1920 4688 2132 4743 habitus
2160 4704 2324 4758 opera
2357 4686 2929 4757 perfeceritnus.'Audi
2955 4687 3023 4742 de
3053 4687 3256 4742 Judaeis
3285 4686 3516 4756 loquen-

1923 4769 2029 4830 tem
2053 4760 2406 4830 Salvator-em,
2435 4760 2529 4813 sed
2557 4759 2858 4813 doctrinam
2889 4773 3010 4829 qua:
3037 4772 3135 4812 nos
3156 4766 3365 4830 spectat
3397 4774 3521 4830 pro-

1919 4829 2181 4892 ferentem
2217 4848 2231 4883 :
2273 4829 2506 4884 Dilatant
2526 4830 2669 4884 enim
2698 4830 2868 4899 inquit
2896 4828 2918 4896 ,ί
2943 4828 3216 4899 ﬁmbrias}
3244 4838 3292 4881 et
3321 4829 3374 4899 in
3403 4828 3519 4893 pla-

1922 4901 2015 4956 teis
2036 4911 2185 4956 erant
2215 4910 2270 4954 ut
2301 4901 2588 4955 hominibus
2606 4902 2737 4970 justi
2762 4897 3070 4971 uideantur(
3102 4898 3293 4953 Matth.
3326 4897 3428 4971 25.
3461 4899 3516 4955 5.

1917 4983 1964 5024 et
1992 4989 2038 5026 c.
2069 4973 2122 5027 ϐ.
2153 4971 2222 5042 5)
2256 4989 2270 5025 :
2294 4971 2346 5042 bi
2375 4987 2502 5026 vero
2523 4969 3209 5042 accipientdamnationem
3233 4969 3516 5042 majorem.

1919 5041 2209 5100 Desideras
2231 5041 2468 5096 habitum
2496 5043 2883 5110 venerandum,
2912 5050 2968 5097 et
2992 5041 3390 5096 Christianismi
3424 5057 3520 5094 nu-

1917 5129 2041 5167 men
2069 5109 2341 5183 expetisti.
2373 5114 2450 5168 Ne
2481 5113 2568 5167 hic
2612 5123 2819 5168 tantum
2846 5109 3134 5177 Consistas,
3163 5112 3258 5166 sed
3290 5127 3516 5180 operum

1917 5185 2247 5239 exhibitione
2269 5185 2352 5238 fac
2379 5198 2670 5254 appareant
2696 5185 2982 5253 promissa,
2997 5184 3188 5253 quibus
3209 5194 3262 5254 te
3280 5183 3520 5254 obstrin-

1918 5256 2065 5309 xisti.
2098 5256 2205 5311 Cur
2230 5255 2294 5309 ad
2330 5253 2651 5324 promissum
2681 5270 2741 5308 es
2773 5270 3034 5324 praeceps,
3057 5269 3183 5309 cum
3224 5253 3358 5309 illud
3386 5268 3516 5324 ope-

1923 5327 2073 5381 ribus
2121 5343 2225 5380 non
2264 5324 2602 5380 conﬁrmes?
2640 5326 2865 5394 Oportet
2887 5326 3047 5395 igitur
3092 5335 3146 5380 et
3194 5335 3351 5378 caute
3390 5335 3514 5379 vota

1916 5411 2230 5466 nuncupare
2261 5438 2277 5462 ,
2309 5403 2364 5451 et
2419 5397 2704 5466 diligenter
2753 5397 2987 5450 debitum
3034 5397 3144 5450 voti
3179 5396 3511 5465 persolvere.

1927 5465 2111 5522 Vovete
2129 5483 2356 5536 namque
2377 5477 2420 5520 et
2442 5465 2637 5520 reddite
2653 5466 2874 5520 Domino
2904 5466 3013 5519 Deo
3037 5477 3200 5520 vestro
3224 5465 3400 5538 (Psal.
3417 5467 3510 5522 75.

1919 5538 1984 5592 l2
2014 5541 2031 5608 )
2070 5557 2082 5593 :
2113 5549 2297 5593 sancta
2322 5539 2733 5594 conversatione
2757 5554 2880 5592 eum
2914 5538 3004 5591 illo
3028 5538 3377 5608 conjungere,
3407 5538 3509 5592 hoc

1913 5620 1996 5666 est
2024 5624 2253 5677 corpore
2306 5622 2361 5664 et
2388 5610 2601 5678 Spiritu,
2634 5620 2688 5664 et
2739 5611 2916 5663 anima
2966 5627 2978 5662 :
3032 5609 3164 5662 nihil
3220 5608 3506 5663 subtrahas

1913 5680 1983 5735 de
2014 5681 2401 5749 promissione,
2438 5696 2506 5735 ne
2534 5681 2721 5736 eadem
2761 5679 2853 5734 tibi
2893 5678 3158 5742 accidant,
3200 5695 3321 5750 qua:
3361 5681 3505 5733 Ana-

1915 5753 2017 5805 nia:
2051 5759 2124 5822 et,
2154 5750 2454 5822 Sappbirze.
2508 5752 2584 5806 Illi
2612 5753 2754 5807 enim
2785 5767 2907 5806 eum
2933 5751 3002 5805 de
3033 5752 3208 5820 pretio
3237 5751 3350 5820 agri
3376 5766 3500 5819 pro-

1915 5822 2063 5877 missi
2105 5821 2481 5886 fraudassent,
2515 5834 2688 5877 morte
2720 5823 2885 5892 puniti
2917 5830 3062 5887 sunt,
3091 5830 3146 5876 et
3171 5837 3270 5876 uos
3296 5832 3507 5890 oportet

1915 5893 2013 5948 ista
2031 5893 2402 5950 reformidare.
2423 5894 2710 5951 Sciendum
2738 5894 2880 5949 enim
2910 5903 2992 5948 est
3020 5908 3117 5949 nec
3154 5893 3504 5964 iguorandum
