4154 6320
644 347 781 401 tO‘la

642 475 705 513 ea
730 475 852 528 qua:
892 459 1004 513 Deo
1049 459 1430 526 promisimus,
1476 473 1583 513 non
1619 460 1730 528 jam
1780 457 2015 527 amplius
2054 466 2237 509 nostra

640 546 785 593 esse,
810 528 903 583 sed
930 529 998 584 ad
1028 529 1194 583 Deum
1222 530 1513 597 pertinere.
1534 530 1631 583 Dei
1645 529 1920 597 soppellex
1942 537 2023 582 est
2045 540 2099 580 et
2118 528 2239 579 the-

648 615 840 653 saurus
868 600 1154 667 promissio
1182 608 1456 661 nosura,et
1481 601 1523 653 si
1543 600 1669 667 quid
1691 600 1812 652 inde
1840 598 2237 657 subtmhamus,

651 684 751 724 non
775 670 886 739 jam
924 680 1105 733 nostra
1132 671 1420 738 accipimus
1444 712 1459 733 ,
1489 668 1584 724 sed
1614 670 1874 738 saerilege
1903 669 1995 723 Dei
2027 670 2243 739 thesau-

652 755 737 793 ros
778 736 1137 809 compilamus
1166 783 1181 802 ,
1236 736 1470 809 vereque
1501 749 1770 809 tamquam
1811 736 2053 806 sacrilegi
2101 736 2244 806 judi-

654 810 912 864 cabimur.
946 812 1116 866 Porro
1144 827 1249 865 non
1276 812 1622 879 pecuniarum
1653 820 1856 862 tantum
1880 810 1993 871 ,sed
2023 810 2105 861 vel
2129 824 2238 861 scr-

647 882 825 935 monis
869 892 921 935 et
946 882 1237 949 voluntatis
1264 893 1345 934 est
1376 882 1678 949 promissio.
1737 879 1812 932 De
1836 882 1995 941 omni,
2022 880 2193 947 inquit
2224 918 2239 937 .

650 950 797 1003 verba
817 956 978 1006 otioso
1004 953 1185 1005 reddes
1227 954 1473 1004 rationem
1496 953 1546 1002 in
1575 951 1659 1002 die
1672 951 1860 1018 judicii
1892 950 1909 1018 (
1940 949 2125 1002 Matth.
2154 952 2242 1002 12.

651 1019 761 1088 56)
794 1038 807 1073 :
840 1023 1077 1084 divinum
1120 1024 1265 1077 enim
1313 1037 1668 1089 magnumque
1710 1023 2021 1090 mysterium
2054 1036 2161 1073 non
2193 1020 2243 1072 in

657 1094 897 1157 pecuniis
927 1092 1154 1161 positum
1196 1102 1299 1155 est,
1353 1093 1444 1146 sed
1505 1094 1558 1145 in
1615 1092 1849 1159 perlecta
1877 1093 2150 1143 voluntate
2184 1106 2249 1145 ac

651 1164 948 1230 proposito,
967 1174 1021 1217 et
1052 1165 1113 1233 in‘
1132 1164 1297 1229 Deum
1319 1161 1454 1224 ﬁde;
1484 1178 1675 1216 omnes
1702 1164 1844 1216 enim
1883 1163 2243 1233 promisimus,

652 1242 708 1284 et
738 1249 929 1288 omnes
958 1231 1331 1301 promissionis
1356 1235 1629 1286 debitores
1657 1248 1863 1286 sumus.
1915 1231 2098 1299 Itaque
2146 1247 2242 1285 ne-

652 1317 808 1357 cesse
840 1314 922 1357 est
961 1315 1017 1356 ut
1046 1303 1233 1357 reddat
1258 1304 1409 1371 virgo
1435 1303 1650 1372 quidem
1684 1305 2065 1369 virginitatem,
2090 1315 2248 1371 quam

652 1384 707 1425 et
739 1376 985 1442 promisit
1014 1392 1028 1429 :
1060 1376 1344 1437 continens
1368 1390 1515 1437 vero,
1553 1375 1939 1427 continentiam
1972 1388 1986 1425 :
2032 1375 2120 1440 qui
2148 1387 2247 1425 au-

656 1452 761 1496 tem
782 1447 1121 1497 matrimonio
1139 1444 1357 1514 junctus
1379 1454 1480 1506 est,
1506 1446 1934 1511 temperantiam,
1954 1451 2010 1497 et
2029 1442 2095 1495 ad
2117 1444 2253 1495 invi-

655 1528 770 1568 cem
790 1517 1090 1571 caritatvm.
1123 1515 1254 1569 Nam
1280 1531 1399 1582 qua:
1430 1516 1784 1584 virginitatem
1813 1529 1872 1568 se
1889 1524 2250 1575 servaturam,

660 1596 749 1636 aut
780 1585 1114 1645 in’viduitate
1146 1586 1529 1639 continentiam
1574 1586 1829 1653 promittit
1861 1627 1875 1647 ,
1923 1584 1967 1638 si
2003 1584 2253 1651 promissi

660 1656 817 1707 Iidem
851 1654 1116 1715 fefellerit,
1134 1666 1291 1721 atque
1316 1657 1379 1707 ad
1406 1656 1618 1724 nuptias
1643 1670 1701 1707 se
1724 1654 2075 1718 transtulerit,
2099 1655 2253 1706 dam-

659 1726 927 1794 nationem
977 1726 1154 1789 habet,
1186 1727 1305 1794 qnia
1356 1727 1583 1791 primam
1632 1724 1790 1779 [idem
1849 1727 2051 1777 irritam
2106 1724 2253 1777 fecit.

661 1793 848 1847 Merito
867 1807 1043 1848 autem
1073 1806 1127 1849 et
1151 1793 1427 1864 presbyter
1457 1798 1685 1849 reddere
1706 1796 1865 1849 debet
1894 1794 2255 1849 sacerdotium

658 1876 935 1934 acceptum
966 1907 981 1929 ,
1018 1876 1071 1919 et
1100 1867 1361 1920 diaconus
1383 1866 1512 1935 (seu
1560 1867 1804 1919 minister
1834 1866 1853 1935 )
1891 1866 2251 1919 ministerium

2191 344 2435 398 SPURIA
2446 384 2461 397 .

3622 128 4119 329 '1-

3634 128 4119 329 π

3818 340 3977 397 ωτι

2350 454 2845 525 irreprchensihile,
2871 474 2977 513 non
3000 474 3084 519 ca,
3112 474 3231 527 qua:
3259 457 3324 510 ad
3346 458 3557 511 diaconi
3593 458 3960 512 nttnisleritttll

2354 529 2639 594 pertinent,
2669 530 2849 585 furtim
2877 528 3195 591 auferendo,
3236 544 3304 581 ne
3335 530 3733 583 condemnetur
3759 540 3816 581 ut
3855 527 3958 581 Ju-

2351 599 2469 660 das,
2494 599 2621 651 dum
2670 599 2873 653 vendit.
2904 599 3062 653 Multa
3097 600 3255 666 igitur
3286 600 3371 652 hic
3400 615 3537 666 opus
3564 610 3648 653 est
3676 599 3959 668 diligenti:

2352 678 2405 720 et
2435 671 2706 730 cautione,
2739 685 2807 723 ne
2830 670 2950 738 quis
2999 670 3135 723 forte
3189 670 3357 723 Deum
3396 668 3576 731 fallat,
3610 685 3788 736 neque
3819 670 3961 722 inte-

2352 753 2508 808 grom
2542 740 2730 793 reddat
2757 742 3105 809 promissom,
3140 741 3221 792 vel
3265 741 3441 801 potius
3466 740 3775 806 depositum
3814 739 3964 808 quod

2359 811 2887 878 nustrum‘quisque
2930 810 3192 878 promisit.
3250 810 3368 865 Non
3422 811 3654 877 amplius
3717 821 3967 867 nostrum

2354 890 2459 943 est,
2491 881 2585 934 sed
2618 880 2687 934 ita
2720 882 2997 934 nobiscmn
3030 890 3278 946 reputare
3318 882 3613 943 debemus,
3647 896 3676 932 a
3713 880 3825 931 Deo
3864 896 3970 933 nos

2354 950 2656 1016 depositum
2710 952 2983 1019 accepisse
3015 964 3216 1019 :atque
3246 962 3303 1004 ut
3336 966 3457 1005 cum
3491 951 3715 1004 minime
3740 948 3961 1003 defrau-

2353 1021 2535 1073 datum
2584 1024 2905 1089 promissum
2947 1022 3153 1073 orando
3199 1022 3630 1085 servaverimus,
3680 1020 3972 1073 tremendo

2355 1090 2555 1145 Christi
2596 1092 2847 1145 tribunali
2897 1093 3191 1154 sistamus,
3226 1108 3292 1146 ne
3334 1101 3609 1161 tamquam
3637 1092 3805 1145 debiti
3839 1092 3974 1144 inli—

2356 1162 2589 1216 ciatores
2618 1164 2887 1216 sententia
2914 1164 2979 1215 ad
3027 1165 3249 1215 Ananiae
3296 1163 3605 1230 exemplum
3653 1177 3751 1215 nos
3776 1162 3974 1228 oppri-

2357 1240 2488 1286 mat.
2546 1233 2728 1301 Itaque
2772 1236 2939 1286 multa
2971 1234 3126 1286 nobis
3156 1232 3243 1285 hic
3271 1232 3583 1286 adhibenda
3616 1244 3701 1285 est
3725 1232 3917 1285 cautio
3951 1271 3973 1293 ,

2359 1318 2459 1357 nec
2488 1306 2539 1357 in
2571 1304 2753 1371 aliquo
2783 1304 2928 1366 labi,
2969 1313 3061 1355 aut
3105 1302 3173 1355 de
3204 1304 3473 1370 promisso
3502 1304 3802 1371 quidquam
3837 1303 3977 1354 sob-

2362 1373 2595 1435 trahere,
2623 1373 2721 1428 sed
2752 1386 2942 1428 exacte
2973 1374 3295 1440 promissum
3340 1372 3570 1427 reddere
3606 1373 3930 1427 studeamus
3958 1414 3977 1432 .

2362 1460 2431 1500 ne
2464 1445 2647 1497 habitu
2702 1457 2859 1498 tenus
2915 1443 3385 1498 Christianismum
3434 1443 3796 1511 proﬁtendum
3842 1457 3980 1495 esse

2362 1530 2703 1576 censeamus,
2738 1531 2915 1584 neque
2937 1516 3039 1567 hoc
3062 1515 3299 1567 contenti
3340 1529 3690 1584 maneamus,
3719 1512 3816 1567 sed
3844 1526 3979 1567 cum

2364 1601 2459 1653 per
2486 1602 2711 1655 operum
2741 1583 3208 1638 eotiﬁrmationem
3254 1586 3495 1637 veritatis
3522 1600 3587 1636 ac
3627 1583 3854 1655 justiti:
3880 1597 3975 1635 so-

2362 1654 2597 1710 ctatores
2620 1672 2684 1709 ac
2712 1656 2996 1709 domestici
3022 1655 3567 1723 perseveraverimus,
3587 1669 3682 1707 eos
3709 1654 3980 1711 honores.

2364 1728 2451 1793 qui
2477 1727 2736 1793 justitiam
2756 1736 3074 1796 sequuntur.
3093 1723 3292 1779 Christi
3311 1738 3979 1792 munereconsequamur:

2366 1798 2453 1851 cui
2481 1797 2653 1867 gloria
2678 1798 2732 1849 in
2762 1798 2979 1851 saicula.
3010 1801 3207 1850 Amen.

692 2051 2247 2097 mm

2358 2051 3944 2082 MM“

1786 2214 1869 2273 ΙΝ
1904 2211 2323 2272 HOMILIAM
2365 2210 2565 2283 SEQU
2578 2211 2871 2269 ENTEM.

747 2416 864 2471 Hoc
912 2412 1081 2483 inepti
1142 2405 1380 2462 hominis
1425 2401 1822 2472 Chrysostomo
1860 2396 2201 2465 adscriptum
2244 2408 2385 2462 opus
2437 2391 2734 2461 praeferunt
2799 2403 3031 2463 utraque
3090 2393 3281 2460 editio,
3326 2394 3607 2453 Saviliana
3662 2414 3871 2470 nempe
3902 2412 3962 2454 et

670 2494 1022 2563 Morelliana:
1054 2499 1241 2554 omnia
1278 2496 1367 2549 hic
1398 2491 1800 2563 ἀπροσδιόνυσα
1834 2484 1847 2541 ὲ
1886 2488 2061 2559 stylus
2096 2484 2281 2555 sagaci
2318 2484 2437 2537 viro
2482 2484 2764 2553 indignus,
2800 2495 3129 2554 argumenta
3166 2498 3225 2541 ut
3272 2490 3571 2557 plurimum
3607 2491 3744 2545 levia
3769 2503 3829 2547 et
3869 2492 3967 2549 [tt-

672 2602 787 2658 ιίιίει
812 2617 828 2665 ς
858 2598 903 2650 εἰ
931 2611 1039 2665 qua
1075 2605 1206 2645 vero
1231 2585 1471 2655 alicujus
1494 2583 1655 2654 pretii
1678 2582 1811 2643 sint,
1836 2595 1900 2633 ea
1928 2595 1992 2634 ex
2020 2576 2181 2632 modo
2208 2575 2469 2630 narrandi
2502 2573 2922 2633 labefactantur.
2959 2575 3100 2630 Cum
3130 2588 3316 2632 autem
3354 2580 3443 2634 hic
3475 2582 3713 2652 scriptor
3731 2581 3968 2639 Judao-

677 2708 800 2749 rum
842 2692 909 2745 de
935 2682 1251 2743 monarchia
1280 2681 1338 2735 in
1372 2678 1483 2734 Dm
1520 2675 1847 2733 sententiam
1874 2671 2143 2735 confutat,
2180 2684 2314 2723 cave
2354 2676 2515 2738 putes
2540 2682 2665 2721 eum
2700 2668 2969 2721 unitatem
3006 2668 3093 2722 vel
3126 2669 3381 2741 principii
3411 2672 3493 2727 vel
3522 2672 3875 2744 principatus
3906 2678 3967 2731 in

1336 2886 3868 2919 ______—_____—_________________

1782 3041 2253 3125 CONTRA
2299 3034 2813 3133 JUD/EOS,

747 3283 830 3325 ιτ
870 3285 1178 3331 annuas
1227 3292 1306 3333 ετ
1350 3284 1759 3349 ηεητιεοες
1795 3295 1874 3335 ετ
1918 3295 1979 3335 1x
2029 3294 2242 3348 iLLUD,

2362 3286 2561 3334 cuos
2593 3292 2711 3335 εει·
2743 3289 2925 3332 usus
2968 3289 3053 3333 an
3097 3287 3365 3331 nonus
3399 3272 3423 3353 (
3449 3271 3645 3331 Joan.
3672 3270 3733 3329 2.
3781 3271 3826 3331 2
3856 3274 3909 3357 ).

2129 3414 2501 3470 W

740 3537 1093 3617 llirundinum
1126 3544 1249 3617 pulli
1292 3545 1351 3617 in,
1399 3546 1525 3599 nido
1555 3546 1789 3612 sedent,
1842 3558 2261 3617 exspectantque

666 3620 913 3688 parentes
938 3650 955 3674 ,
999 3614 1092 3688 qui
1140 3614 1250 3688 sibi
1290 3616 1537 3688 annicula
1590 3617 1815 3671 all‘erant
1846 3614 2110 3688 :cu'mque
2138 3614 2257 3675 illos

664 3681 979 3757 accedentes
1008 3683 1207 3757 vident.
1240 3685 1338 3738 levi
1372 3686 1444 3755 (ιι)
1486 3686 1587 3757 [ala
1622 3699 1835 3741 movent
1858 3681 2037 3742 aerem
2063 3692 2259 3745 cantil-

668 3748 860 3829 lantes,
889 3761 940 3804 et
969 3752 1034 3803 ad
1065 3754 1273 3807 illorum
1297 3748 1585 3811 adventum
1610 3760 1997 3829 :ipplaudentes
2023 3778 2037 3812 :
2067 3763 2261 3816 simili-

666 3828 748 3871 ter
773 3829 841 3899 et_
869 3836 1352 3899 eornméparentes
1391 3844 1510 3881 cum
1551 3828 1734 3882 nidulo
1778 3832 2207 3899 appropinquant
2241 3872 2256 3896 ,

662 3891 957 3969 cantillant,
993 3894 1155 3960 pullis
1203 3897 1489 3969 adventum
1535 3914 1688 3951 suum
1738 3891 2269 3969 nuntianteSISimié

665 3958 785 4038 liter
812 3958 1003 4016 autem
1024 3974 1078 4017 et
1108 3980 1202 4019 vos
1227 3966 1275 4018 in
1303 3968 1428 4031 nido
1454 3969 1634 4037 templi
1664 3969 1819 4038 hujus
1855 3958 2052 4025 sedetis
2076 3988 2255 4028 meum

662 4028 948 4105 adventum
991 4028 1484 4105 exspectantesiet
1512 4028 1633 4105 quia
1674 4028 1975 4094 venientem
2019 4043 2211 4098 videtis
2238 4085 2253 4105 .

669 4097 807 4181 levi]
837 4104 1032 4181 mentis
1080 4097 1168 4181 ala
1217 4108 1427 4181 volatis.
1461 4097 1579 4161 Pa'ri
1621 4111 1778 4162 modo
1805 4127 1905 4179 ego
1934 4128 2147 4181 quoque
2186 4097 2255 4168 ad

664 4169 807 4223 hunc
826 4175 1183 4251 ﬁspiritualem
1234 4177 1412 4229 nidum
1460 4194 1773 4251 accessurus
1804 4169 2007 4251 ,Vprius
2057 4169 2253 4238 emissa

662 4256 793 4321 voce
826 4242 1303 4321 peo'gratiasago,
1343 4248 1484 4321 quod
1540 4260 1647 4302 tam
1690 4242 1814 4304 mei'
1841 4242 2082 4306 amantes
2115 4254 2254 4309 ﬁlios

661 4310 888 4364 dederit.
921 4310 1115 4367 verum
1171 4310 1481 4371 hirundines
1518 4334 1694 4373 escam
1723 4322 1789 4375 ab
1824 4337 1917 4376 ore
1946 4324 1999 4375 in
2030 4338 2092 4378 οδ
2139 4335 2252 4378 tra-

660 4380 831 4459 dunt;
862 4398 959 4435 nos
983 4399 1116 4459 vero
1142 4400 1327 4459 secus;
1362 4389 1430 4441 ab
1454 4404 1549 4443 ore
1604 4406 1833 4459 namque
1862 4393 1913 4445 in
1941 4409 2123 4447 aurem
2172 4396 2254 4447 in-

660 4449 1069 4530 fundimus._ll_la
1098 4457 1238 4509 enim
1268 4449 1322 4509 in
1364 4449 1759 4527 corruptionem
1790 4464 2101 4530 procedunt,
2150 4480 2248 4517 no.

660 4531 771 4600 stra
800 4538 926 4600 vero
954 4526 1005 4577 in
1023 4526 1596 4600 incorruptibilitatein.
1619 4530 1710 4584 Illa
1729 4526 1951 4600 corpora
1971 4537 2246 4599 nutriunt;

663 4592 775 4645 haec
801 4592 1409 4669 animamimpinguant.
1434 4600 1559 4655 Hmc
1602 4618 1761 4669 porro
1788 4592 1964 4657 omnia
1986 4621 2015 4656 a
2038 4620 2123 4658 me
2142 4592 2247 4659 non

664 4671 985 4744 tenuerenee
1012 4665 1130 4744 sine
1154 4682 1312 4744 causa
1344 4670 1483 4744 dicta
1517 4665 1638 4725 sunt
1666 4690 1680 4736 ;
1715 4674 1807 4727 sed
1840 4674 1963 4742 quia
2018 4676 2246 4743 Evange-

662 4733 714 4784 lii
764 4734 921 4815 Iectio
969 4734 1222 4790 hodierna
1249 4740 1322 4815 ad
1353 4738 1490 4815 hanc
1528 4757 1625 4796 nos
1648 4733 1950 4815 doctrinam
1995 4733 2245 4810 deducit,

657 4811 1016 4884 necessarium
1056 4817 1146 4884 est
1171 4824 1264 4884 vos
1310 4811 1605 4884 instituere.
1648 4813 1865 4867 Vocatus
1892 4826 1963 4868 eu
1987 4856 2001 4880 ,
2034 4817 2200 4884 inquit
2232 4862 2244 4882 δ

656 4871 809 4959 ,ξενία
832 4876 900 4927 ad
923 4879 1125 4959 nuptias
1174 4878 1442 4959 (Joan._2.
1592 4886 1661 4959 At
1689 4884 1925 4959 animum
1948 4871 2196 4940 adhibete

657 4958 839 5010 qumso
861 4986 875 5007 .
906 4957 959 5000 et
988 4949 1155 5025 dictis.
1165 4951 1451 5025 attendite.
1483 4953 1746 5021 Quoniam
1778 4957 1995 5025 quidam
2032 4959 2245 5025 nuptias

660 5024 981 5098 praetexunt,
1006 5019 1092 5071 alii
1125 5018 1282 5098 ﬁlios,
1314 5022 1429 5098 alii
1458 5018 1697 5098 militiam
1724 5068 1740 5090 ,
1782 5018 1872 5098 alii
1928 5018 2244 5096 negotiatio-

656 5099 799 5166 nem,
833 5087 919 5138 alii
952 5098 1142 5166 artem,
1173 5092 1257 5143 alii
1291 5094 1623 5166 servitutem,
1644 5087 1856 5149 divitias
1878 5087 2242 5166 alii,vpauper-

657 5162 816 5209 tatem
873 5160 1112 5237 nonnulli
1144 5178 1158 5225 ;
1187 5173 1241 5214 et
1269 5163 1739 5237 similiaquchue.
1774 5166 1910 5219 Volo
1940 5160 2242 5237 itaque-de-

654 5238 953 5282 monstrare
987 5230 1136 5283 vobis
1167 5272 1181 5295 ,
1230 5248 1402 5303 neque
1431 5230 1645 5290 divitias
1669 5230 2052 5307 impedimento
2079 5252 2198 5292 esse
2226 5280 2241 5304 ,

656 5309 827 5377 neque
849 5310 1214 5377 paupertatem
1242 5343 1257 5364 ,
1310 5320 1483 5374 neque
1510 5307 1772 5371 militiam,
1807 5324 1979 5374 neque
2007 5310 2248 5377 negotia-

660 5372 879 5430 tionem,
915 5385 1017 5423 non
1048 5372 1279 5442 nuptias,
1311 5372 1414 5427 non
1450 5376 1609 5439 ﬁlios,
1641 5394 1743 5431 non
1771 5372 2105 5440 servitutem,
2137 5396 2241 5432 non

654 5446 860 5511 artem,
893 5442 1196 5511 nullamque
1237 5459 1418 5503 rerum
1462 5448 1732 5501 similium.
1784 5448 2002 5503 Vocatur
2031 5459 2101 5501 est
2153 5448 2245 5501 Je-

652 5522 739 5559 ειη
754 5508 823 5559 ad
848 5512 1069 5589 nuptias.
1094 5508 1339 5589 Venitne,
1364 5532 1431 5567 an
1456 5532 1558 5570 non
1582 5520 1760 5571 venit?
1786 5519 1938 5572 Venit
1963 5522 2164 5589 utique.
2188 5521 2243 5574 Si

656 5590 785 5646 ergo
816 5583 959 5633 venit
989 5623 1004 5646 ,
1057 5585 1327 5652 quomodo
1382 5588 1580 5655 nuptia:
1617 5590 1770 5644 mal-.e
1820 5590 2016 5645 fuerint
2042 5583 2072 5645 ?'
2104 5590 2242 5645 Num

712 5738 787 5796 ta)
820 5743 933 5793 Qua
959 5741 1146 5789 uncinis
1170 5741 1455 5792 clauduntur
1482 5749 1654 5794 absunt
1679 5760 1702 5795 a
1729 5753 1908 5795 ϐτεοο.

2380 3551 2507 3620 quid
2537 3550 2705 3604 habes
2732 3548 2797 3603 ad
2825 3548 3191 3605 defensionem
3212 3551 3237 3602 τ
3266 3551 3377 3619 Ego
3405 3566 3535 3606 vero
3554 3552 3696 3617 dico,
3726 3568 3835 3607 non
3866 3566 3990 3608 tan-

2371 3633 2481 3675 tum
2533 3624 2747 3694 venisse
2777 3660 2793 3685 ,
2843 3621 2937 3674 sed
2968 3623 3398 3694 etiatn__munera
3439 3624 3701 3694 _attulisse
3732 3640 3746 3676 :
3773 3639 3986 3694 aquam

2366 3695 2510 3745 enim
2541 3694 2591 3745 in
2620 3693 2800 3744 vinum
2824 3693 3108 3745 convertit.
3134 3691 3213 3745 Ne
3237 3694 3395 3761 igitur
3419 3691 3487 3746 de
3514 3694 3713 3760 nuptiis
3736 3691 3979 3749 cau'sill-

2365 3765 2527 3816 ceris.
2562 3763 2818 3816 Dominus
2841 3772 2961 3815 tuus
2977 3762 3043 3815 ad
3070 3762 3281 3830 nuptias
3306 3762 3470 3828 venit,
3500 3765 3712 3833 nuptias
3729 3768 3987 3821 cohone-

2366 3834 2544 3896 stavit,
2568 3843 2621 3886 et
2644 3843 2701 3886 tu
2729 3833 2943 3900 nuptias
2970 3833 3370 3900 probroaﬂicis,
3399 3843 3453 3887 et
3478 3833 3612 3887 dicis
3628 3838 3844 3902 nuptias
3871 3838 3983 3890 im-

2366 3905 2672 3970 pedimento
2697 3904 2850 3957 esse?
2874 3902 3422 3971 Nulloimpedimento
3444 3916 3569 3956 sunt
3593 3906 3657 3957 ad
3687 3908 3981 3973 pietatem.

2371 3973 2457 4025 Vis
2490 3975 2697 4028 discere
2747 3974 2878 4027 nihil
2907 3989 3124 4046 nocere
3147 3990 3371 4046 uxorem
3399 3982 3455 4046 et
3485 3974 3721 4028 liberos?
3750 3976 3979 4046 Moyses

2364 4060 2786 4118 annoquxorem
2810 4053 2866 4097 et
2906 4044 3104 4097 liberos
3146 4044 3371 4118 habuit?
3401 4044 3577 4118 Helias
3606 4060 3788 4118 nonne
3813 4044 3977 4118 virgo

2362 4113 2458 4185 fuit
2479 4116 2503 4167 7
2526 4115 2713 4167 Nonne
2745 4116 2953 4185 Moyses
2983 4130 3175 4167 manna
3218 4114 3442 4169 deduxit
3491 4115 3560 4167 de
3586 4117 3751 4170 ρωιοῖ
3776 4113 3981 4175 Nonne

2362 4184 2541 4237 lli-lias
2558 4186 2731 4253 ignem
2760 4184 2985 4255 deeielo
3004 4184 3221 4237 deduxit
3248 4186 3271 4235 ἲ
3294 4184 3482 4238 Nonne
3499 4186 3704 4255 Moyses
3716 4192 3977 4243 cnturni-

2361 4271 2477 4307 cem
2500 4256 2753 4309 advolare
2768 4254 2929 4308 fecit?
2948 4255 3138 4309 Nonne
3157 4256 3332 4308 Helias
3354 4256 3518 4310 verbo
3539 4254 3724 4309 caelum
3743 4260 3979 4314 clausit?

2363 4325 2549 4379 Nonne
2575 4326 2809 4394 Moyscm
2846 4326 2984 4378 Deus
3007 4326 3379 4391 alloquebatur
3398 4330 3422 4378 ἲ
3450 4326 3638 4379 Nonne
3657 4344 3777 4379 cum
3806 4329 3976 4385 Helia

2362 4396 2504 4449 Deus
2547 4396 2990 4463 colloquebatur?
3016 4395 3202 4466 Nonne
3239 4397 3454 4466 Moyses
3484 4413 3631 4450 mare
3656 4398 3838 4451 divisit
3866 4440 3883 4460 .
3919 4414 3977 4455 et

2362 4468 2615 4533 populum
2644 4466 2915 4519 traduxit?
2942 4466 3131 4519 Noone
3156 4465 3344 4519 Helias
3362 4468 3516 4535 igneo
3538 4483 3693 4520 cutru
3717 4469 3976 4524 sublatus

2357 4536 2595 4606 est?An
2660 4537 2842 4590 nocuit
2899 4537 3021 4589 huic
3070 4537 3389 4606 virginitas?
3432 4553 3499 4589 an
3570 4538 3973 4606 impedimento

2357 4604 2574 4679 luerunt
2604 4606 2696 4679 illi,
2721 4616 2947 4679 uxor‘et
2985 4600 3179 4679 liberi?
3225 4606 3411 4679 Vidisti
3442 4600 3667 4679 Heliam
3713 4608 3973 4679 aurigam

2360 4677 2411 4729 in
2440 4692 2607 4745 aere;
2646 4677 2829 4730 Vidisti
2872 4676 3107 4739 Moysem
3141 4677 3192 4730 in
3241 4678 3375 4730 mari
3402 4678 3661 4731 viatorem
3709 4695 3722 4729 :
3752 4676 3879 4733 vide
3914 4694 3972 4735 et

2358 4747 2573 4802 Petrum
2621 4746 2878 4801 Ecclesia:
2928 4748 3232 4800 columnam
3268 4788 3283 4808 ,
3341 4748 3430 4816 qui
3483 4758 3536 4800 et
3578 4749 3691 4816 ipse
3732 4766 3969 4807 uxorem

2357 4818 2561 4872 habuit.
2609 4817 2725 4872 Non
2769 4818 3026 4884 scriptum
3053 4828 3135 4871 est
3164 4817 3401 4887 iPetrum
3432 4833 3651 4872 uxorem
3678 4818 3965 4887 habuisse,

2355 4890 2621 4958 undenam
2676 4903 2805 4958 ergo
2836 4888 3000 4956 liquet
3036 4886 3181 4958 quod
3209 4886 3496 4958 habuerit?
3526 4886 3586 4958 Id
3626 4904 3727 4956 ego
3749 4889 3964 4946 dicam.

2355 4957 2623 5029 Ingressus
2648 4956 2760 5026 est,
2794 4958 2987 5026 inquit,
3020 4956 3172 5011 Iesus
3215 4956 3284 5010 ad
3324 4975 3527 5010 socrum
3560 4957 3701 5011 Ρατί
3728 4974 3748 5012 ;
3770 4971 3816 5011 et
3849 4975 3969 5016 erat

2352 5028 2444 5081 illa
2489 5030 2716 5097 inﬁrma,
2760 5039 2813 5099 et
2838 5030 3000 5099 tetigit
3028 5044 3170 5091 eam;
3198 5037 3261 5099 et”
3284 5029 3489 5095 reliquit
3515 5044 3628 5081 eant
3674 5028 3849 5097 febris,
3917 5046 3969 5087 et

2354 5100 2669 5153 ministrabat
2698 5098 2716 5166 (
2749 5098 2937 5152 Matth.
2970 5098 3025 5153 8.
3079 5100 3165 5152 H.
3199 5098 3268 5153 15
3294 5098 3689 5167 ).Viden‘etiam
3735 5100 3966 5158 Petrum

2354 5185 2576 5225 uxorem
2605 5170 2898 5224 habuisse?
2938 5169 3037 5225 Ubi
3076 5184 3305 5235 namque
3335 5184 3523 5223 socrus
3564 5178 3667 5236 est,
3702 5170 3774 5223 ibi
3815 5188 3965 5226 uxo-

2353 5256 2468 5294 rem
2512 5256 2631 5295 esse
2664 5256 2885 5294 necesse
2916 5251 3018 5293 est.
3053 5239 3399 5293 Viden’etiam
3451 5240 3667 5294 Petrum
3729 5256 3962 5296 uxorem

2354 5311 2639 5365 habuisse?
2668 5312 2745 5365 Ne
2802 5312 2979 5380 itaque
3022 5311 3233 5379 nuptias
3263 5311 3622 5364 calumnieris.
3674 5310 3801 5365 Hzec
3830 5328 3966 5379 por-

2350 5396 2412 5434 ro
2442 5382 2562 5435 dico
2594 5394 2649 5435 ut
2683 5398 2750 5435 ne
2774 5381 2895 5451 quis
2944 5392 3202 5450 pnctexat
3233 5396 3451 5435 uxorem
3482 5423 3497 5445 ,
3540 5382 3620 5434 vel
3656 5381 3814 5443 ﬁlios,
3869 5386 3962 5437 vel

2350 5455 2618 5515 militiam,
2654 5453 2734 5505 vel
2782 5454 3218 5521 negotiationem,
3252 5452 3332 5503 vel
3362 5462 3555 5512 artem,
3588 5455 3669 5504 vel
3721 5454 3963 5508 Servitu-

2352 5533 2480 5587 tem,
2515 5525 2599 5575 vel
2650 5524 2895 5579 divitias.
2944 5524 3027 5576 vel
3079 5532 3471 5591 paupertatem.
3534 5523 3661 5576 llmc
3699 5524 3962 5578 obtentis

2349 5605 2501 5657 sunt,
2547 5594 2662 5647 haec
2710 5593 3138 5649 causiﬁcatiooes
3180 5602 3235 5646 et
3302 5592 3506 5646 insidiae
3575 5593 3795 5647 diaboli.
3855 5594 3961 5648 Mi-

2349 5663 2515 5734 litiam
2570 5664 2860 5734 pnetendis
2909 5676 2962 5719 et
3004 5664 3181 5717 dicis:
3216 5663 3370 5718 Miles
3416 5678 3555 5728 sum,
3589 5678 3689 5719 nec
3731 5678 3957 5732 possum

2350 5733 2468 5806 pius
2521 5733 2662 5791 eSSe.
2716 5737 2908 5789 Annon
2975 5734 3219 5790 centurio
3268 5737 3421 5790 miles
3482 5745 3619 5803 erat,
3664 5744 3717 5789 et
3760 5742 3958 5791 tamen
