4122 6334
677 323 816 381 1083

679 449 870 491 nomen
902 431 1071 501 fugis?
1099 431 1193 487 Die
1220 431 1454 501 perjuro,
1473 429 1684 499 periure
1705 446 1717 482 :
1736 437 1790 484 et
1816 444 1912 497 pro
1942 426 2257 484 contumelia

682 504 896 558 habebit
920 517 1136 557 suorum
1152 517 1368 569 operum
1384 501 1813 569 appellationem.
1832 501 1917 554 Sic
1945 509 2128 553 natura
2149 501 2260 568 ipsa

677 574 872 627 clamat
890 572 1026 640 quod
1055 571 1248 625 malum
1275 570 1586 624 sitalienum
1618 570 1684 623 ab
1705 585 1865 693 opere
1892 570 2006 623 Dei.
2035 570 2098 622 Et
2122 569 2261 638 quod

679 642 802 693 fecit
830 645 986 693 Deus.
1018 641 1212 693 bonum
1241 650 1341 693 est.
1370 651 1423 693 et
1452 641 1644 693 bonum
1675 656 1734 691 va
1761 639 1848 693 de.
1876 648 2037 693 atque
2065 640 2132 692 ita
2166 641 2261 692 bo-

679 642 802 697 fecit
830 639 986 702 Deus.
1018 641 1212 694 bonum
1241 650 1341 702 est,
1370 651 1423 695 et
1452 641 1644 693 bonum
1675 639 1848 700 valde,
1876 648 2037 708 atque
2065 640 2132 692 ita
2166 641 2263 692 bo-

680 727 830 774 num,
849 719 907 764 ut
932 721 986 765 et
1001 712 1152 764 malis
1172 711 1553 774 immisceatur,
1578 719 1631 764 et
1657 709 1722 763 de
1745 710 1939 761 malitia
1960 711 2259 763 erubescat.

681 782 778 853 Dic
798 790 963 841 casto.
990 792 1168 853 caste:
1193 789 1244 833 et
1265 779 1446 853 qui_de
1475 795 1635 853 opere
1657 779 1970 853 delectatur,
1993 779 2059 832 de
2083 783 2267 847 appar-

682 849 879 905 latione
907 863 1011 903 non
1038 849 1324 904 erubescit.
1355 849 1497 903 Voca
1511 849 1740 918 'jnstnm,
1769 849 1964 917 justum
1991 867 2002 901 :
2025 858 2076 901 et
2102 863 2264 914 Opere

682 928 984 984 coronatur,
1007 928 1060 972 et
1083 919 1434 987 appellatione
1455 919 1767 973 honestatur
1792 935 1805 972 :
1831 919 1950 973 licet
1976 919 2116 973 enim
2145 933 2264 972 mo-

682 989 866 1043 destia:
904 988 1068 1056 gratia
1102 1004 1291 1042 nomen
1323 990 1513 1056 fugiat,
1547 989 1758 1043 laudem
1789 997 1963 1042 tamen
2005 989 2056 1042 in
2088 990 2271 1045 anim-1

681 1074 776 1113 sua
823 1059 1032 1126 accipit.
1074 1059 1256 1126 Cogita
1313 1069 1563 1126 quantum
1608 1059 1870 1112 malorum
1919 1067 2160 1112 versetur
2211 1058 2262 1110 in

683 1128 920 1186 mundo;
952 1137 1005 1181 et
1033 1143 1311 1197 personam
1343 1143 1446 1181 non
1476 1128 1633 1182 habet
1659 1127 1854 1181 malum
1885 1137 1976 1181 :et
1999 1128 2265 1196 quomodo

737 1213 962 1252 ersonam
991 1214 1094 1251 nou
1128 1197 1326 1251 habet?
1346 1197 1399 1251 Si
1428 1198 1723 1252 minutatim
1741 1199 2041 1260 examines,
2067 1197 2263 1249 nullatu

707 1267 921 1321 uveuics
951 1267 1203 1320 malitiam
1258 1268 1308 1319 in
1353 1283 1444 1321 sua
1490 1276 1831 1336 apparentem
1867 1282 2124 1337 persona;
2159 1282 2263 1320 non

683 1337 824 1393 enim
847 1336 986 1402 ,‘nisi
1034 1351 1320 1405 personam
1361 1345 1596 1391 assumat
1641 1336 1888 1401 virtutis,
1920 1346 2152 1404 apparet.
2201 1337 2267 1389 Et

685 1407 974 1475 quomodo,
1002 1407 1125 1460 audi
1145 1423 1158 1458 :
1178 1406 1265 1472 qui
1293 1408 1564 1472 mentitur,
1587 1423 1689 1460 non
1721 1407 1910 1460 fatetur
1938 1420 1996 1460 se
2020 1405 2261 1470 mentiri,

683 1475 778 1530 sed
806 1476 1078 1529 veritatem
1106 1476 1360 1529 simulans
1389 1475 1603 1543 decipit.
1634 1476 1732 1543 Qui
1760 1476 1951 1542 injuste
1981 1477 2087 1543 agit
2112 1514 2129 1539 ,
2159 1490 2262 1528 non

689 1545 940 1615 praedicat
963 1545 1102 1613 quod
1131 1554 1232 1611 est,
1265 1546 1355 1598 sed
1384 1545 1524 1615 quod
1553 1562 1657 1599 non
1686 1555 1767 1600 est
1791 1545 2035 1609 simulat,
2064 1555 2116 1598 et
2143 1556 2265 1598 tunc

686 1614 999 1682 iniustitiam
1041 1625 1310 1684 Operatnr.
1343 1614 1594 1669 Similiter
1629 1615 1844 1670 dolosus
1885 1631 1988 1668 non
2031 1616 2266 1669 ostendit

685 1684 862 1738 dolum
887 1725 903 1747 ,
937 1684 1030 1738 sed
1077 1686 1299 1737 assumit
1334 1687 1578 1738 amicitiae
1624 1700 1900 1752 personam
1923 1725 1936 1748 ,
1971 1694 2019 1738 et
2049 1686 2124 1738 sic
2152 1701 2261 1738 rem

686 1753 814 1808 facit
840 1754 1294 1824 malam.Adulter
1313 1769 1414 1808 non
1445 1755 1775 1824 illegitimum
1798 1755 2111 1808 adulterium
2138 1769 2267 1807 con-

685 1825 876 1889 fessus,
906 1824 958 1876 in
985 1823 1129 1877 mdes
1159 1824 1412 1891 impetum
1447 1823 1568 1877 facit
1596 1843 1608 1876 :
1635 1824 1728 1878 sed
1754 1826 2059 1892 figmentum
2091 1825 2265 1877 conti-

688 1893 882 1964 nentiae
905 1907 999 1947 ore
1022 1902 1339 1964 prmtexcns,
1369 1894 1544 1948 divina
1571 1894 1684 1961 jura
1721 1895 1899 1947 violat.
1936 1894 2094 1946 Vides
2123 1894 2263 1962 quod

685 1963 954 2031 propriam
989 1963 1270 2032 personam
1319 1978 1420 2016 non
1450 1965 1639 2017 habeat
1669 1964 1907 2017 malitia?
1933 1964 2185 2017 Similiter
2212 1971 2266 2018 et

689 2032 1061 2095 calumniator,
1087 2034 1299 2100 quando
1326 2034 1616 2095 ingreditur
1642 2035 1692 2086 in
1716 2033 1994 2101 judicium,
2025 2050 2129 2086 non
2164 2035 2263 2087 hoc

687 2101 973 2155 confitetur
1021 2101 1160 2171 quod
1203 2111 1314 2164 est,
1349 2103 1440 2155 sed
1489 2105 1685 2159 larvam
1731 2105 1953 2157 assumit
1991 2104 2262 2165 veritatis,

691 2171 840 2239 quasi
872 2172 921 2225 ei
964 2171 1282 2241 patrocinari
1310 2173 1466 2236 velit,
1491 2187 1716 2240 eamque
1746 2188 1808 2227 ex
1843 2173 2118 2227 mcnzlac‘o
2143 2171 2267 2226 facit

687 2241 905 2297 malitia:
924 2240 1133 2295 testem.
1158 2240 1246 2296 Sic
1267 2243 1460 2294 malitia
1491 2257 1716 2310 persona
1743 2243 1950 2310 propria
1974 2253 2136 2297 caret.
2165 2242 2264 2297 nisi

762 2323 970 2365 rsonam
997 2311 1204 2364 virtutis
1231 2321 1482 2364 assumat.
1515 2310 1718 2366 Idcirco
1747 2311 1988 2366 Salvator
2016 2312 2224 2366 dicebat
2249 2327 2262 2364 :

743 2380 906 2434 enicat
928 2381 998 2433 ad
1024 2396 1108 2433 vos
1133 2382 1184 2432 in
1209 2382 1506 2434 vestimentis
1536 2383 1698 2435 ovium
1726 2422 1741 2444 ,
1772 2383 2071 2435 intrinsecus
2099 2391 2264 2434 autem

688 2459 809 2522 sunt
849 2451 958 2517 lupi
993 2466 1202 2520 rapaces
1240 2450 1449 2521 (Matth.
1483 2451 1538 2506 7.
1568 2453 1678 2522 15).
1706 2450 1812 2506 Sed
1856 2451 1923 2506 ad
1971 2451 2266 2507 institutum

688 2520 990 2576 redeamus.

763 2589 818 2644 ἓ.
861 2589 952 2642 Vis
985 2589 1164 2643 videre
1188 2631 1203 2655 ,
1233 2591 1415 2655 frater,
1439 2598 1694 2660 quantum
1723 2591 1894 2646 valeat
1933 2592 2110 2645 innata
2140 2592 2267 2647 lex?

689 2659 879 2714 Anima
923 2661 1344 2728 quoqne\nostra
1371 2701 1387 2724 ,
1419 2659 1656 2728 quamvis
1699 2671 1806 2714 tota
1853 2663 2003 2715 malis
2031 2662 2267 2717 fermen-

694 2738 799 2782 tata
828 2729 896 2783 sit
921 2771 933 2788 .
961 2744 1150 2783 nomen
1185 2739 1358 2783 tamen
1391 2731 1586 2784 bonum
1630 2732 1979 2800 amplexatur.
2007 2731 2268 2800 Saepenu-

693 2813 843 2854 mero
872 2807 1114 2866 potentes
1139 2801 1224 2868 qui
1253 2801 1524 2854 avaritiam
1551 2803 1774 2870 spirant,
1806 2814 1857 2855 et
1889 2801 2017 2856 nihil
2044 2813 2267 2870 prmter-

692 2883 852 2940 quam
903 2870 1246 2940 rapinamict
1297 2870 1604 2938 injustitiam
1660 2872 1931 2940 cogitant,
1982 2873 2269 2927 vincuntur

691 2938 985 3011 aliquorum
1001 2939 1286 3011 precibus,
1310 2950 1371 3011 ut
1397 2938 1758 2995 imminentem
1787 2944 1999 3011 pauperi
2032 2944 2268 2996 necessi-

693 3017 854 3080 tatem
898 3009 1174 3080 sublevent
1194 3049 1210 3071 ,
1242 3009 1326 3063 vel
1353 3024 1414 3063 ex
1445 3011 1626 3065 debito
1651 3009 1918 3080 quidpiam
1968 3013 2264 3077 dimittant,

693 3079 776 3132 vel
806 3093 909 3131 non
939 3079 1261 3132 ulciscantur
1288 3094 1380 3133 eos
1399 3122 1413 3143 ,
1442 3080 1530 3147 qui
1563 3096 1620 3135 se
1651 3079 1918 3147 latseruut,
1954 3083 2040 3136 vel
2070 3083 2269 3138 laesisse

691 3158 990 3204 censentur.
1017 3148 1086 3201 Et
1125 3150 1212 3217 qui
1250 3148 1715 3221 probelcgatione
1753 3151 1984 3221 fungitur
2019 3154 2157 3220 apud
2186 3154 2269 3207 vi-

693 3234 807 3270 rum
837 3228 1100 3286 potentem
1126 3259 1139 3279 ,
1167 3230 1220 3273 et
1251 3220 1547 3289 improbum
1574 3263 1588 3286 ,
1623 3236 1726 3274 non
1771 3220 1946 3276 statim
1975 3238 2004 3276 a
2045 3225 2268 3277 veritate

693 3290 1001 3342 exorditur”:
1026 3302 1134 3340 non
1178 3289 1303 3342 dicit
1342 3289 1391 3342 ei
1443 3289 1491 3343 id
1540 3291 1680 3359 quod
1717 3301 1830 3353 est,
1864 3293 1956 3346 sed
1997 3307 2189 3346 nomen
2219 3293 2267 3347 ei

695 3360 903 3431 virtutis
953 3360 1211 3431 attribuit.
1258 3361 1336 3412 An
1387 3361 1845 3431 nescisdqualibus
1889 3377 2099 3431 semper
2136 3365 2269 3417 insi-

691 3443 820 3500 gues
836 3427 990 3495 legati
1011 3429 1275 3500 coloribus
1294 3431 1538 3482 utantur?
1563 3427 1653 3484 Vir
1672 3446 1752 3497 es,
1777 3427 2036 3500 inquiunt,
2067 3434 2264 3488 bonus:

690 3498 987 3550 celebratur
1041 3498 1230 3565 ubique
1280 3513 1468 3552 nomen
1515 3509 1662 3554 tuum
1703 3518 1715 3553 :
1756 3498 1941 3556 omnes
1999 3513 2080 3556 tua
2131 3506 2269 3561 bona

692 3583 850 3633 opera
899 3567 1178 3637 decantant
1214 3568 1519 3637 :multaquc
1565 3571 1686 3624 talia
1736 3572 2083 3627 exhortationi
2131 3576 2270 3629 inse-

693 3653 837 3713 runt,
863 3645 918 3689 ut
937 3636 1176 3713 flectatur
1201 3636 1461 3713 laudibus,
1488 3641 1675 3713 etipse
1704 3657 1730 3713 a
1763 3643 1992 3710 nequitia
2023 3644 2265 3713 refugiat.

696 3705 830 3780 Vide
861 3705 1128 3780 quomodo
1149 3705 1763 3780 malitiaviptutis'laqde
1787 3705 2043 3766 vincatur.
2082 3705 2268 3770 Nullus

1457 3788 1639 3850 natura
1673 3771 1812 3834 enim
1844 3783 1981 3850 quod
2010 3798 2160 3837 suum
2189 3795 2271 3840 est

693 3845 1045 3921 amplexatur,
1073 3847 1550 3921 etiamstvoluntas
1581 3845 2064 3921 adversum-eligat.
2092 3855 2270 3909 Simus

695 3930 843 3987 ergo,
871 3914 1070 3987 dilecti,
1099 3916 1234 3987 oliva
1270 3916 1556 3980 fructifera,
1575 3930 1626 3972 et
1642 3922 1912 3987 operibus,
1938 3914 2190 3978 fructibus
2216 3935 2271 3979 et

701 3985 838 4038 foliis
862 3986 1032 4038 ornati
1058 4002 1073 4047 ;
1121 3985 1240 4038 folia
1270 3987 1408 4059 enim
1424 3997 1618 4059 _nostra
1649 3985 1772 4042 sunt
1800 4006 2105 4059 sermones,
2160 3996 2270 4049 fru-

695 4063 810 4108 ctus
835 4064 1008 4108 autem
1039 4058 1390 4129 conversatio.
1416 4055 1494 4110 Sit
1523 4059 1682 4125 igitur
1709 4070 1759 4113 et
1787 4061 2039 4117 honestus
2068 4055 2263 4129 sermo,

694 4134 748 4202 et
774 4125 1108 4202 conversatio
1116 4124 1422 4202 fructuosa.
1464 4129 1618 4202 Apud
1651 4131 1800 4202 pium
1833 4134 1971 4184 enim
2001 4150 2168 4202 neque
2196 4124 2273 4188 fu;

693 4194 822 4268 lium
843 4193 1072 4268 decidit;
1105 4193 1307 4247 Folium
1333 4197 1471 4249 enim
1499 4193 1626 4267 ejus,
1648 4193 1815 4268 inquit
1839 4202 1997 4255 David
2021 4245 2033 4267 ,
2059 4193 2155 4257 n'an
2179 4208 2269 4257 de-

691 4265 833 4338 ﬂuat,
865 4272 910 4338 e_t
936 4265 1104 4338 omnia
1124 4281 1453 4338 quotcumque
1478 4265 1624 4336 feciet
1652 4265 2075 4336 prbsperabuntur
2100 4275 2266 4338 (Paul.

693 4335 746 4407 l_.
779 4335 856 4395 5).
1005 4333 1415 4407 o_mi_racul_unil
1455 4333 1935 4407 Cogita-quomodo
1967 4333 2132 4396 Adam
2175 4363 2271 4399 nu-

691 4405 790 4476 dus
814 4402 1002 4476 exierit
1023 4403 1097 4476 de
1125 4404 1399 4468 Paradiso,
1432 4417 1485 4460 et
1514 4402 1973 4476 quomodoliavid
2006 4413 2191 4468 floreat
2215 4418 2264 4470 in

695 4473 856 4551 domo
884 4472 992 4526 Dei.
1023 4473 1115 4551 ille
1140 4475 1352 4551 quidem
1377 4472 1544 4551 exivit
1563 4479 1734 4551 nudus
1770 4492 1988 4550 promer
2017 4488 2267 4551 prmvari-

692 4545 954 4595 cationem
980 4559 994 4595 :
1023 4543 1307 4622 lticnantem
1335 4543 1883 4622 it_itlutu_s_virt_ut_ibus,_
1902 4543 2095 4606 clamat
2119 4573 2132 4606 ε
2157 4555 2268 4622 Ego

691 4623 855 4690 putem
879 4629 1021 4690 quasi
1065 4614 1194 4690 alica
1225 4618 1481 4684 fructifera
1499 4619 1529 4690 ί(
1550 4617 1690 4672 Psal.
1720 4619 1808 4673 51.
1843 4623 1965 4690 10).
2007 4624 2143 4676 Nihil
2172 4614 2268 4681 nos

691 4682 762 4759 ita
798 4683 1013 4750 spoliat,
1043 4691 1111 4736 ut-
1139 4682 1398 4759 fructuum
1433 4682 1656 4759 privatio
1691 4705 1704 4740 :
1742 4690 1870 4743 nihil
1901 4682 1968 4745 ita
1999 4695 2174 4759 vestit,
2209 4708 2266 4751 ιιι

688 4751 950 4834 bonorum
979 4768 1199 4834 Operttm
1214 4751 1484 4834 fertilitas.
1513 4757 1790 4813 Formatus
1811 4771 1892 4814 cst
1912 4763 2077 4816 Atiam
2103 4780 2116 4817 :
2143 4751 2268 4834 ope—

687 4837 762 4901 ra:
789 4823 1010 4890 pretium
1038 4824 1180 4901 enim
1210 4824 1366 4901 fuerit
1396 4837 1636 4901 repetere
1665 4846 1781 4901 qua:
1808 4842 1929 4885 ante
1959 4843 2081 4887 sunt
2102 4823 2262 4901 dicta;

688 4892 949 4945 honorum
981 4894 1123 4945 enim
1147 4895 1409 4961 repetitio,
1434 4892 1724 4951 doctrinam
1753 4900 1802 4952 in
1830 4903 2106 4957 animabus
2133 4892 2266 4959 con;

693 4962 886 5014 firmat.
914 4961 1063 5016 Sicut
1086 4964 1224 5016 enim
1265 4965 1398 5019 laure
1421 4968 1646 5022 subinde
1678 4970 1728 5021 in
1760 4971 2016 5024 tincturas
2047 4974 2266 5030 immer-

684 5041 901 5113 gttntttr,
915 5041 976 5113 Aut
989 5032 1231 5113 tinctura:
1247 5036 1326 5088 vis
1343 5037 1651 5113 profundius
1668 5038 2021 5113 imprimatur;
2048 5045 2114 5097 ita
2133 5061 2267 5113 opus

683 5110 785 5174 est,
803 5111 859 5154 ut
875 5111 927 5155 et
943 5103 1354 5174 animaanostrm’
1369 5106 1670 5174 frequenter
1690 5103 1966 5165 in’diviuos
1993 5103 2268 5169 sermones

683 5172 1090 5251 intingantur,ut
1105 5173 1379 5251 abluamur
1392 5172 1604 5251 quidem
1626 5193 1653 5229 a
1672 5182 1832 5251 veteri
1855 5184 2159 5251 opprobrio,
2184 5186 2264 5238 iu-

684 5243 912 5314 duamur
927 5251 1101 5296 autem
1119 5258 1249 5296 nova
1268 5246 1674 5314 pulchritudine.
1699 5243 1984 5306 Enimvero
2012 5243 2266 5309 lanzeillae

681 5326 801 5364 cum
822 5313 1110 5386 tinguntur,
1125 5313 1323 5367 natura:
1340 5331 1449 5369 sua:
1465 5332 1655 5372 nomen
1670 5322 1935 5386 amittunt,
1951 5334 2004 5376 et
2026 5325 2266 5380 tinctura":

681 5396 879 5438 nomen
892 5384 1156 5462 accipiunt
1175 5400 1186 5435 :
1203 5393 1255 5437 et
1273 5401 1373 5438 non
1391 5386 1533 5462 ultra
1546 5404 1700 5462 vocas
1717 5384 2024 5454 lanam-scd
2048 5397 2126 5447 vel
2145 5411 2269 5462 pur-

683 5467 892 5535 puram,
910 5451 994 5506 vel
1013 5453 1402 5535 coccinum,vel
1421 5458 1813 5535 prasinuvael
1842 5451 1962 5532 quid
1983 5451 2156 5519 simile
2170 5483 2266 5535 pro

683 5525 927 5602 tinctura:
956 5525 1158 5602 ratione
1185 5539 1244 5602 ac
1269 5526 1674 5602 pulchritudine.
1698 5531 1748 5584 Si
1775 5525 1930 5602 igitur
1961 5535 2142 5588 tinctio
2171 5525 2266 5590 na-

679 5599 1019 5647 turmnomen
1042 5592 1521 5651 transformatzcur
1544 5599 1633 5652 Dei
1667 5592 1846 5655 natura
1880 5619 1984 5657 non
2015 5608 2268 5660 transfor-

684 5671 792 5736 tnet
822 5659 1120 5740 hominem,
1154 5667 1218 5741 ita
1260 5673 1315 5719 ιιι
1355 5667 1396 5719 is
1440 5669 1524 5737 qui
1566 5680 1688 5724 ante
1733 5681 1995 5727 terrenam
2051 5679 2267 5741 gerebat

690 5739 993 5802 imaginem,
1031 5743 1150 5803 post
1173 5739 1450 5795 tincturam
1484 5741 1761 5811 imaginem
1790 5756 1934 5814 gerat
1968 5739 2214 5817 fulgidam
2246 5788 2261 5814 ,

2175 314 2446 372 Sl'UlllA.

3801 313 3932 371 1081

2369 439 2523 497 atque
2547 428 2852 484 erelestem?
2873 428 3152 483 Formatus
3170 437 3251 483 est
3278 429 3436 498 igitur
3459 429 3628 485 Adam
3651 445 3853 500 pauper
3873 429 3935 483 de

2368 510 2506 553 terra
2536 517 2549 550 :
2581 500 2794 568 pulvere
2819 501 2958 553 enim
2983 509 3220 565 accepto,
3243 500 3377 553 Deus
3397 515 3521 553 eum
3542 500 3808 554 formavit.
3833 500 3934 553 Sed

2368 571 2586 623 nescivit
2620 569 2784 622 Adam
2815 569 3077 636 quomodo
3120 569 3375 622 formatus
3403 570 3506 631 sit,
3551 581 3608 623 ut
3634 583 3759 622 ante
3793 571 3932 629 dixi;

2367 655 2470 693 non
2510 641 2650 694 enim
2693 639 2971 707 oportebat
3014 654 3132 691 eum
3166 648 3353 692 testem
3388 639 3576 692 adesse
3607 655 3794 693 eorum
3820 655 3937 707 qua:

2365 709 2577 772 fiebant,
2606 718 2659 761 ut
2683 725 2747 761 ne
2766 717 2948 762 contra
2979 707 3144 762 Deum
3164 708 3532 762 extolleretur.
3553 708 3609 763 Si
3630 710 3772 763 enim
3794 719 3938 762 tan'a

2365 780 2719 834 circumdatus
2749 779 2946 832 vilitate
2968 778 3173 846 ignorat
3191 793 3310 831 eum
3339 780 3426 845 qui
3453 794 3511 832 se
3535 781 3738 832 creavit
3769 821 3785 841 ,
3813 780 3936 845 opi-

2366 849 2623 918 ficemque
2649 848 2988 918 contemnit:
3018 848 3060 901 si
3089 847 3211 915 quid
3237 863 3396 918 supra
3431 857 3672 918 naturam
3701 850 3939 915 accepis-

2364 927 2465 979 set,
2497 917 2615 988 quis
2643 919 2905 984 ingentem
2922 917 3038 985 ejus
3063 917 3366 988 superbiam
3392 917 3633 972 tulisset?
3656 919 3942 985 Propterea

2369 986 2646 1042 Deus—cum
2679 988 2830 1041 finxit
2859 988 3123 1040 hominem
3143 1029 3158 1051 ,
3193 986 3440 1056 ﬁgmento
3466 1004 3680 1056 magnas
3719 991 3942 1041 virtutes

2366 1068 2418 1110 et
2447 1073 2546 1111 una
2575 1058 2766 1112 multas
2793 1057 3166 1110 humiliationis
3186 1071 3373 1110 causas
3395 1057 3602 1122 indidit,
3632 1069 3687 1112 ut
3719 1073 3811 1125 per
3833 1059 3946 1109 vir-

2368 1136 2531 1182 tutem
2563 1128 2770 1181 insitam
2818 1128 2984 1195 gratia
3025 1126 3231 1195 opificis
3276 1127 3325 1179 in
3367 1127 3716 1182 admiratione
3755 1137 3945 1182 esset:

2370 1208 2582 1266 prepter
2612 1197 3026 1254 humiliationem
3059 1206 3235 1250 autem
3266 1196 3527 1251 humanus
3562 1199 3727 1251 fastus
3761 1195 3952 1266 drpri-

2367 1275 2618 1320 meretur.
2665 1267 2817 1320 Dedit
2857 1268 2906 1319 ei
2949 1266 3213 1336 linguam,
3254 1281 3370 1333 qum
3399 1267 3723 1335 loqueretur,
3778 1268 3945 1320 Deum

2369 1337 2641 1398 laudaret,
2676 1337 2850 1390 divina
2879 1346 3126 1401 caneret,
3156 1336 3594 1405 pulchritudinem
3624 1349 3826 1390 natura!
3859 1337 3944 1388 in-

2368 1416 2764 1476 terpretaretur.
2802 1407 3023 1460 Disserit
3070 1405 3136 1476 de
3186 1406 3414 1476 c:eloet
3458 1408 3525 1460 de
3560 1417 3694 1461 terra
3722 1448 3738 1471 ,
3770 1408 3952 1460 carnis

2370 1477 2624 1544 particula
2648 1476 2843 1546 lingua,
2871 1491 3043 1544 neque
3067 1475 3292 1529 duorum
3320 1475 3599 1545 digitorum
3633 1477 3834 1529 habens
3862 1476 3947 1529 la-

2371 1546 2665 1602 titudinem.
2694 1558 2747 1599 et
2771 1546 2893 1613 quid
2922 1546 3132 1614 inquam
3155 1546 3471 1612 digitorum?
3494 1561 3666 1615 neque
3686 1547 3951 1599 extremi-

2373 1617 2494 1670 tatis
2522 1615 2729 1684 unguis.
2762 1615 2865 1669 Sed
2899 1615 3025 1668 illud
3050 1615 3119 1668 ita
3152 1631 3389 1684 parvum,
3422 1625 3476 1669 et
3497 1619 3621 1680 vile,
3648 1616 3712 1670 de
3739 1615 3873 1668 ca-lo
3899 1623 3954 1669 et

2370 1695 2510 1740 terra
2549 1685 2799 1754 loquitur.
2850 1686 2914 1738 Et
2947 1693 3002 1737 ut
3045 1700 3112 1738 ne
3152 1694 3297 1753 putet
3341 1701 3399 1739 se
3428 1702 3670 1754 magnam
3715 1687 3949 1753 aliquam

2368 1771 2480 1810 rem
2511 1771 2662 1819 esse,
2705 1771 2836 1809 neve
2871 1756 3088 1809 extollat
3113 1770 3170 1808 se
3194 1769 3354 1823 super
3379 1766 3617 1808 naturam
3642 1798 3657 1818 ,
3690 1771 3836 1823 smpe
3867 1764 3956 1807 tn—

2369 1840 2546 1879 mores
2571 1835 2624 1879 et
2650 1827 2824 1880 ulcera
2866 1826 2916 1877 in
2944 1839 3005 1878 ea
3037 1823 3197 1888 fiunt,
3233 1834 3289 1878 ut
3317 1824 3486 1878 discat
3524 1826 3666 1894 quod
3706 1826 3952 1878 mortalis

2368 1897 2666 1954 exsisteus,
2710 1895 2775 1948 de
2805 1895 3018 1948 aeternis
3061 1905 3113 1948 et
3156 1895 3541 1948 immortalibus
3589 1896 3861 1964 loquatur,
3897 1905 3952 1947 et

2368 1966 2502 2020 sciat
2534 1980 2651 2034 qua-
2677 1965 2842 2018 virtus
2868 1966 2981 2032 ejus
3000 2003 3015 2030 ,
3044 1964 3183 2034 quod
3217 1964 3552 2032 przndicatur,
3584 1975 3638 2018 et
3669 1964 3954 2018 infirmitas

2369 2037 2485 2100 ejus
2520 2032 2609 2101 qui
2640 2035 2911 2102 praedicat.
2947 2034 3098 2087 Dctlit
3126 2032 3174 2087 ei
3203 2035 3412 2088 oculum
3449 2050 3666 2102 parvum
3700 2034 3831 2087 illud
3855 2034 3954 2086 tui-

2370 2107 2520 2159 lium.
2547 2105 2676 2158 Nam
2708 2105 2755 2157 id
2785 2103 2924 2172 quod
2956 2104 3097 2158 videt
3128 2106 3178 2156 in
3208 2103 3412 2171 pupillre
3441 2106 3614 2159 medio
3639 2106 3803 2158 situm
3837 2113 3951 2157 est:

2369 2188 2423 2230 et
2475 2185 2648 2228 tamen
2698 2189 2792 2244 per
2842 2189 3057 2241 parvum
3106 2173 3231 2227 illud
3281 2173 3502 2238 milium,
3529 2175 3676 2228 videt
3719 2189 3939 2226 omnem

2369 2243 2795 2298 creaturam.'Nc
2825 2259 2951 2298 vero
2975 2244 3091 2296 ideo
3111 2244 3413 2306 extollatur,
3445 2244 3584 2312 quod
3617 2244 3801 2296 videat
3834 2259 3950 2296 om-

2372 2330 2490 2368 nem
2507 2322 2826 2379 creaturam;
2847 2328 2988 2382 smpe
3006 2313 3362 2382 lippitudines,
3385 2313 3651 2376 humores,
3678 2314 3953 2381 lacryma',

2369 2397 2420 2439 et
2450 2384 2641 2437 similia
2671 2385 2840 2438 visum
2870 2383 3184 2444 obscuraut,
3213 2390 3269 2437 ut
3291 2382 3359 2437 ab
3381 2382 3684 2436 infirmitate
3709 2385 3948 2450 seipsum

2371 2463 2651 2523 agnoscat;
2685 2469 2714 2506 a
2745 2453 3059 2507 formatione
3087 2461 3260 2523 autem
3289 2451 3550 2523 opificem.
3593 2453 3748 2506 Dedit
3779 2453 3830 2506 ei
3863 2468 3955 2523 cur

2371 2521 2712 2587 ratiocinans,
2743 2523 2973 2577 radicem
3002 2522 3416 2587 ratiociniorum,
3445 2521 3641 2576 fontem
3667 2522 3952 2590 cogitatio-

2371 2611 2496 2649 num
2525 2611 2539 2650 :
2572 2594 2663 2646 sed
2694 2595 2743 2646 in
2774 2593 2960 2646 iisdem
2990 2592 3121 2647 locis
3152 2593 3272 2645 fecit
3300 2594 3526 2658 viscera,
3548 2608 3665 2660 qua:
3694 2594 3954 2645 stercori-

2373 2665 2471 2718 bus
2515 2663 2734 2732 aliisque
2772 2661 3015 2717 sordibus
3060 2663 3360 2730 opplentnr,
3407 2677 3501 2730 per
3543 2678 3662 2731 qtrc
3713 2662 3879 2714 homo
3904 2673 3956 2717 ct

2373 2734 2623 2797 eumedit,
2655 2743 2710 2786 ut
2735 2733 2780 2787 si
2807 2732 3015 2802 quando
3042 2748 3135 2786 cor
3163 2732 3471 2792 extollatur,
3507 2732 3744 2786 lnuniliet
3775 2733 3950 2799 ipsum

2371 2814 2575 2858 venter.
2613 2804 2785 2872 Atque
2815 2805 2885 2856 ita
2915 2812 3098 2857 venter
3127 2813 3179 2856 et
3205 2812 3411 2856 stercus
3438 2811 3631 2856 nostra:
3657 2802 3952 2858 eruditioni

2371 2877 2626 2928 serviunt.
2657 2873 2786 2926 Nam
2820 2873 2980 2926 homo
3005 2882 3208 2926 stercus
3227 2873 3620 2936 circumferens,
3645 2874 3844 2926 audeat
3877 2882 3954 2925 tc-

2370 2945 2665 2997 mcritatem
2697 2951 2985 3006 ostentare,
3013 2952 3068 2996 et
3097 2958 3200 2995 non
3227 2943 3397 2995 solum
3428 2951 3698 2996 ostentare
3731 2944 3954 2996 temeri-

2373 3023 2555 3073 tatem,
2603 3013 2693 3066 sed
2743 3021 2798 3067 et
2825 3023 3008 3067 eontra
3039 3013 3223 3078 Deum,
3253 3013 3388 3066 sicut
3437 3011 3688 3065 barbarus
3733 3013 3954 3081 quidam

2373 3098 2463 3138 rex
2493 3099 2653 3136 ausus
2683 3083 2776 3135 fuit
2803 3084 2980 3152 dicere
3017 3099 3030 3134 :
3078 3081 3265 3152 Supra,
3290 3081 3459 3135 stellas
3488 3099 3671 3152 ponam
3713 3084 3956 3134 thronum

2371 3171 2554 3213 meum,
2580 3163 2624 3206 et
2645 3153 2821 3206 similis
2840 3169 2924 3205 ero
2939 3151 3192 3206 Altissimo
3218 3151 3372 3221 (lsai.
3395 3151 3529 3206 ΜΛ
3547 3153 3615 3272 41).
3640 3153 3692 3205 Si
3723 3163 3952 3214 tantum,

2373 3225 2608 3272 inquam.
2643 3224 2890 3272 stercoris
2920 3232 2972 3272 et
3001 3223 3330 3272 insuavitatis
3358 3223 3558 3272 circum
3583 3238 3738 3272 crens
3762 3224 3846 3272 sic
3881 3224 3952 3272 lo-

2373 3225 2609 3292 iuquam,
2643 3224 2890 3278 stercoris
2920 3232 2972 3274 et
3001 3223 3330 3276 insuavitatis
3358 3223 3738 3276 circumferens
3762 3224 3846 3276 sic
3881 3224 3956 3274 lo—

2372 3305 2584 3360 quatur,
2611 3295 2652 3346 si
2687 3292 2839 3361 hujus
2864 3292 3238 3346 imbecillitatis
3267 3308 3457 3361 expers
3483 3302 3641 3355 esset,
3675 3293 3794 3360 quis
3827 3309 3952 3345 cum

2374 3364 2535 3417 ferret
2563 3363 2889 3417 exaltatum?
2920 3363 3023 3415 Islac
3075 3362 3140 3415 de
3187 3378 3344 3415 causa
3394 3377 3615 3431 magnus
3658 3362 3823 3415 Isaias
3869 3379 3956 3414 sn-

2373 3436 2551 3501 perbis
2577 3434 2703 3487 dicit
2737 3452 2749 3486 :
2786 3432 2918 3496 Quid
2959 3433 3177 3501 superbit
3224 3443 3354 3484 terra
3395 3443 3440 3485 et
3485 3433 3610 3483 cinis
3642 3431 3829 3501 (Eccli.
3871 3434 3951 3486 l0.

2374 3504 2473 3571 9)?
2528 3505 2719 3556 Verum
2775 3504 2963 3556 iterum
3014 3502 3076 3554 ad
3130 3503 3421 3555 institutum
3477 3502 3775 3557 redeamus.
3819 3505 3954 3558 Delta

2373 3575 2571 3628 creavit
2601 3573 2866 3626 hominem
2895 3572 2960 3625 de
2979 3573 3209 3640 pulvere,
3230 3573 3320 3626 SPd
3352 3588 3454 3625 non
3485 3574 3611 3624 vidit
3638 3574 3793 3624 homo
3818 3589 3953 3641 quo-

2375 3645 2534 3696 modo
2564 3644 2733 3706 fieret,
2773 3651 2827 3696 et
2867 3643 2986 3695 ideo
3021 3643 3279 3709 ignoravit
3320 3658 3467 3695 suam
3497 3644 3770 3696 vilitatem.
3811 3642 3952 3696 Deus

2373 3715 2542 3777 enim,
2577 3723 2633 3765 nt
2660 3714 2896 3766 diecham
2923 3754 2935 3773 ,
2964 3715 3192 3765 animam
3230 3713 3397 3765 noluit
3422 3727 3542 3766 esse
3568 3713 3795 3782 priorem
3827 3729 3947 3766 cor-

2373 3800 2523 3850 pore,
2550 3793 2605 3837 ut
2635 3798 2699 3836 ne
2730 3783 2929 3836 videret
2957 3783 3359 3848 formationem;
3394 3793 3786 3844 verumtamen,
3819 3800 3950 3850 quo-

2377 3855 2517 3908 niam
2558 3855 2774 3907 omuiuo
2802 3853 3018 3905 nescivit
3039 3894 3052 3913 .
3083 3870 3144 3906 ex
3173 3868 3271 3922 qua
3305 3853 3599 3906 humilitate
3629 3855 3948 3912 surreXerit.

2373 3934 2428 3980 et
2465 3925 2601 3994 quod
2631 3940 2750 3977 eum
2779 3922 2951 3991 opifex
2983 3923 3051 3978 de
3089 3931 3226 3976 terra
3258 3923 3490 3982 tinxerit,
3521 3923 3726 3976 reducit
3750 3939 3874 3976 enm
3899 3923 3950 3974 in

2378 4006 2594 4056 terram,
2629 4010 2654 4045 a
2687 4009 2785 4062 qua
2818 4002 3057 4059 sumptus
3086 4003 3185 4051 est.
3217 4005 3273 4046 ut
3303 3996 3494 4047 iterum
3524 4008 3673 4046 suam
3701 4003 3948 4060 expertus

2376 4065 2759 4124 infirmitatem,
2782 4072 3033 4131 agnoscat
3057 4075 3108 4116 et
3128 4064 3438 4132 primzevam
3465 4063 3869 4117 beneficentiam
3896 4071 3945 4115 et

2376 4135 2602 4188 futuram
2648 4134 3059 4188 miscricordiam
3086 4149 3099 4194 ;
3130 4133 3339 4201 quando
3366 4134 3506 4187 enim
3540 4133 3793 4186 formatus
3831 4143 3944 4194 est,

2377 4207 2596 4259 nescivit
2636 4205 2773 4272 quod
2800 4205 2865 4257 de
2907 4215 3042 4256 terra
3075 4205 3241 4256 factus
3267 4212 3429 4258 esset.
3473 4204 3948 4270 Attende'diligen-

2379 4288 2474 4338 ter,
2511 4292 2576 4330 ne
2599 4285 2647 4327 te
2674 4275 2833 4342 fugiat
2860 4275 3027 4326 latens
3045 4288 3249 4327 sensus.
3275 4275 3440 4327 Adam
3463 4273 3587 4326 dum
3613 4273 3942 4334 formaretur,

2377 4346 2650 4415 ignorabat
2677 4344 2814 4416 quod
2857 4344 2922 4396 de
2949 4345 3163 4416 pulvere
3203 4355 3478 4416 surgeret:
3512 4343 3725 4416 quando
3770 4345 3820 4397 in
3864 4360 3946 4416 re-

2376 4413 2707 4472 surrectione
2726 4424 2923 4483 surget,
2956 4414 3085 4467 sciet
3119 4415 3257 4481 quod
3289 4414 3616 4482 resurgendo
3643 4422 3805 4467 exuat
3835 4413 3946 4481 pul-

2375 4503 2573 4540 verem.
2596 4485 2726 4542 Naut
2751 4486 2848 4537 etsi
2877 4495 3113 4536 mortuus
3142 4487 3494 4552 semetipsum
3523 4500 3628 4537 non
3654 4484 3854 4546 videat,
3878 4483 3947 4535 vi-

2374 4557 2464 4610 det
2484 4569 2656 4608 tamen
2683 4571 2801 4609 cum
2825 4556 2910 4622 qui
2939 4564 3062 4608 ante
3088 4569 3143 4606 se
3168 4563 3265 4607 est.
3297 4554 3546 4608 Videmus
3567 4569 3667 4608 nos
3686 4564 3941 4616 mortuos,

2373 4639 2425 4679 et
2452 4630 2503 4678 itt
2537 4627 2807 4693 pulverem
2848 4624 3145 4679 resolutos:
3179 4634 3231 4677 et
3259 4639 3352 4692 per
3375 4640 3493 4692 qua:
3534 4625 3799 4687 videmus,
3830 4637 3945 4676 eru-

2372 4697 2566 4749 dimur.
2601 4697 2710 4748 Non
2748 4694 2921 4747 vidisti
2961 4709 3100 4762 smpe
3127 4695 3354 4747 audaces
3395 4695 3540 4748 vires
3581 4707 3636 4749 et
3660 4693 3943 4762 superbos,

2373 4767 2638 4833 quomodo
2683 4764 3005 4818 constet-uati
3042 4761 3099 4817 et
3129 4765 3385 4817 humiliati
3418 4775 3544 4817 sunt
3570 4765 3619 4817 in
3653 4761 3944 4816 mortibus?

2373 4837 2653 4889 Nuntiatur
2680 4850 2822 4887 mors
2841 4877 2855 4897 ,
2884 4843 2938 4887 et
2963 4835 3124 4888 corde
3165 4844 3397 4887 tremunt
3421 4849 3612 4888 omnes
3643 4836 3945 4899 animosque

2373 4907 2644 4974 drjiciunt.
2680 4906 2752 4958 lla
2783 4914 2835 4957 et
2859 4905 2996 4957 circa
3022 4905 3258 4971 sepulcra
3285 4904 3742 4972 philosopltamur,
3770 4902 3943 4955 viden;

2375 4987 2453 5028 ιρδ
2483 4992 2601 5027 OSSII
2644 4976 2780 5028 nuda
2807 5015 2821 5035 ,
2864 4984 2916 5028 Cl
2962 4974 3244 5027 Ιιιιιιιτιητιιὴ
3278 4985 3519 5028 naturam
3564 4989 3858 5029 corrosam.
3898 4982 3946 5026 οι

2373 5047 2703 5109 di~sulutam,
2727 5046 2904 5098 statim
2933 5044 3068 5096 inter
3091 5060 3186 5097 nos
3207 5045 3666 5112 pltilosopbamur,
3689 5043 3939 5098 dicentes:

2373 5117 2530 5177 Errc,
2556 5116 2676 5182 quid
2709 5115 2916 5168 tandem
2943 5129 3007 5168 ex
3037 5115 3188 5167 nobis
3218 5116 3308 5167 fit?
3336 5125 3511 5182 etquo
3538 5113 3786 5166 abimus?
3805 5117 3941 5166 Cou-

2375 5186 2692 5244 fabulamur,
2737 5185 3038 5253 egredimur
3085 5184 3152 5237 de
3198 5185 3504 5252 sepulcris:
3547 5194 3600 5237 et
3645 5183 3944 5236 humilitatis

2373 5267 2568 5309 nostrre
2609 5257 2986 5309 oblivisciutur.
3017 5255 3168 5322 Apud
3199 5255 3439 5323 sepulcra
3480 5255 3550 5306 ita
3593 5253 3943 5322 unusquisque

2372 5327 2621 5395 proximo
2661 5326 2892 5394 loquitur
2923 5342 2934 5376 :
2968 5340 3000 5378 ο
3027 5327 3328 5387 miseriam,
3359 5339 3392 5376 ο
3435 5326 3687 5378 miseram
3720 5332 3942 5376 nostram

2373 5399 2534 5450 vitam
2561 5397 2573 5449 !
2610 5397 2729 5449 vide
2763 5396 2885 5464 quid
2918 5395 3126 5448 tandem
3157 5410 3219 5448 ex
3254 5397 3404 5448 nobis
3436 5396 3547 5448 fiat.
3578 5395 3833 5461 Quamvis
3862 5407 3942 5444 au-

2373 5477 2478 5521 tem
2508 5468 2582 5519 sic
2620 5467 2920 5534 loquamur,
2955 5466 3190 5533 rapimus
3217 5475 3390 5517 tamen
3423 5465 3521 5532 ipsi
3550 5476 3603 5517 et
3631 5467 3939 5519 clamamus.

2373 5548 2427 5592 et
2450 5537 2756 5604 injuriarum
2778 5535 3139 5589 recordamur.
3169 5535 3402 5603 Quisque
3425 5540 3494 5588 ita
3523 5536 3940 5604 philosophatur,

2373 5611 2520 5677 quasi
2559 5608 2770 5660 malitiae
2801 5607 3198 5659 renuntiaturus
3230 5623 3241 5655 :
3275 5617 3328 5658 et
3354 5607 3496 5658 intus
3530 5606 3745 5673 quidem
3787 5605 3943 5677 philo-

2375 5675 2646 5747 sOphatur,
2672 5680 3190 5731 cxtrinsecusantem
3215 5677 3466 5747 operibus
3491 5678 3618 5740 ipsis
3647 5675 3940 5747 Deoadver-

2377 5745 2537 5803 satur.
2570 5749 2862 5819 Eapropter
2892 5747 3029 5802 Deus
3054 5748 3246 5816 ubique
3273 5746 3519 5815 sepulcra
3548 5747 3662 5802 fieri
3686 5745 3866 5811 voluit,
3897 5752 3943 5799 tit
