4154 6320
141 385 281 444 l085

133 492 244 555 illis
279 507 480 554 nostra:
519 496 757 564 ipsorum
791 490 1732 564 iiifirinimtistcmores_tieremus.

138 569 264 624 ideo
307 569 484 622 omnis
525 561 744 631 civitas,
781 579 939 617 omne
964 561 1242 616 castellum
1270 569 1392 613 ante
1440 561 1736 631 ingressum

135 640 383 708 sepulcra
413 637 608 702 habet,
641 628 845 708 ut__qui_s
872 631 1204 708 contendens
1236 631 1434 708 intrare
1463 629 1520 708 ii_i_
1544 628 1734 708 civita-

135 697 250 763 ωἰιι
277 697 653 774 imperantem,
680 697 898 766 divitiis,
928 701 1185 774 potentia,
1204 700 1442 774 aliisque
1471 697 1740 774 dignitati-

135 779 239 831 bus
264 769 573 849 ﬂorentem,
598 769 906 849 priusquam
927 769 1008 849 id.
1037 771 1254 849 quodin
1278 777 1455 849 mente
1482 769 1736 849 concipit,

137 855 364 909 cernat.
392 845 573 900 videat
598 839 734 913 'quis
765 839 891 913 ipse
922 839 1130 913 futurus
1176 841 1262 894 sit.
1295 839 1432 913 Ante
1460 839 1736 902 civitates,

136 925 264 971 ante
293 930 462 985 agros
475 923 598 985 sunt
623 909 867 985 sepulcra
892 930 906 974 ;
941 912 1134 985 ubique
1159 918 1282 985 ante
1304 909 1492 985 oculos
1519 917 1602 985 est
1625 921 1733 985 _no-

139 994 274 1042 stra:
302 976 614 1039 liiimilitzitis
642 976 828 1037 schola
859 1000 869 1033 :
901 992 955 1035 et
979 976 1237 1035 docemur
1265 979 1316 1030 in
1359 976 1486 1046 quid
1525 976 1739 1030 desina-

137 1071 261 1111 mus
291 1055 534 1117 tandem,
566 1061 622 1108 et
649 1061 776 1106 tunc
801 1051 1045 1104 videmus
1071 1065 1189 1118 quae
1214 1051 1356 1103 intus
1380 1056 1505 1118 sunt
1533 1058 1738 1111 specta-

138 1127 260 1181 cula
292 1143 307 1180 :
339 1139 512 1194 neque
539 1123 624 1194 hic
650 1121 848 1187 solum,
879 1122 976 1194 sed
1011 1128 1066 1173 et
1092 1117 1378 1187 ingressuri
1405 1117 1472 1169 ad
1501 1131 1741 1170 commn-

140 1198 362 1250 nionem
412 1191 558 1258 vita),
589 1191 845 1246 docemur
889 1191 1149 1251 vilitatem
1199 1201 1462 1258 summam
1513 1195 1737 1258 naturai.

135 1268 300 1334 Saepe
325 1265 408 1318 vir
428 1256 888 1334 quando_uxorem
910 1260 1107 1334 ducere
1134 1258 1267 1316 vult,
1291 1257 1480 1309 scriba:
1503 1256 1741 1334 suggerit

136 1325 342 1389 dotalia
369 1325 610 1387 munera.
641 1330 889 1388 Nondum
917 1330 1143 1396 copula,
1170 1337 1225 1381 et
1255 1340 1402 1379 mors
1431 1327 1609 1379 statim
1641 1325 1738 1378 de-

137 1405 395 1462 scribitur
434 1419 448 1454 :
494 1402 730 1456 nondum
761 1401 1040 1454 consortio
1063 1408 1118 1452 et
1161 1397 1361 1464 nuptiis
1391 1410 1519 1448 usus
1544 1405 1620 1448 est
1642 1434 1657 1457 ,
1687 1401 1741 1448 et

137 1482 370 1528 mortem
393 1472 571 1525 statim
591 1470 796 1525 definit.
820 1468 1065 1522 Nondum
1090 1477 1307 1534 nuptam
1332 1464 1484 1528 vidit,
1511 1474 1565 1518 et
1595 1479 1739 1516 mor-

137 1547 207 1597 tis
228 1544 489 1596 adversus
515 1542 774 1610 seipsum,
798 1548 854 1593 et
881 1539 1140 1610 adversus
1167 1537 1311 1610 illam
1341 1534 1736 1610 calculos_pro_-

141 1613 331 1680 ponit,
363 1627 426 1666 ac
452 1603 638 1664 seribit
666 1609 718 1663 in
749 1603 1147 1680 honorandum
1182 1623 1195 1659 :
1225 1605 1272 1680 _si
1313 1613 1558 1680 mortuus
1583 1603 1745 1680 fuerit

138 1673 222 1734 vii"-
246 1673 373 1735 ante
399 1681 701 1743 mulierem,
731 1678 774 1731 si
819 1678 1010 1732 mulier
1035 1686 1160 1730 ante
1192 1676 1392 1738 virum,
1423 1675 1525 1727 hoc
1555 1681 1609 1726 et
1639 1673 1742 1726 hoc

138 1753 480 1820 disponatur.
527 1749 616 1804 Sic
646 1749 882 1802 forma’tte
921 1756 1044 1801 sunt
1076 1746 1262 1815 patriai:
1307 1745 1452 1812 leges
1491 1759 1518 1820 :_
1546 1743 1742 1811 ubique

137 1813 392 1875 omnibus
427 1822 630 1873 naturis
665 1819 791 1871 sunt
810 1813 1153 1871 monumenta
1187 1829 1200 1866 :
1235 1813 1290 1869 et
1315 1829 1418 1867 non
1440 1813 1612 1866 solum
1642 1831 1740 1866 eo-

140 1909 260 1949 rum
293 1893 383 1959 qui
408 1899 538 1946 sunt
563 1899 616 1943 et
654 1887 870 1959 vivunt,
910 1886 1382 1959 mortisferuutur
1405 1884 1692 1959 sententia:
1723 1899 1736 1959 ς

135 1962 237 2015 sed
259 1953 324 2014 et
342 1976 526 2015 eorum
556 1960 643 2028 qui
667 1957 900 2028 nondum
932 1958 1063 2021 nati.
1091 1955 1230 2021 Quid
1257 1955 1399 2028 enim
1429 1955 1565 2028 ultra
1591 1953 1747 2007 dict?

138 2032 297 2096 Quod
329 2032 372 2083 si
403 2021 746 2083 natus-fuerit
777 2025 916 2081 ﬂlius
936 2067 951 2090 ,
979 2037 1033 2080 et
1078 2035 1331 2096 mortuus
1349 2021 1508 2096 fuerit
1543 2039 1560 2096 _:
1606 2038 1742 2075 non-

138 2093 268 2154 dum
320 2100 556 2163 fructus,
600 2106 656 2152 et
679 2097 944 2151 sententia
980 2097 1083 2149 lata
1119 2104 1222 2150 est.
1261 2094 1427 2162 Igitur
1456 2093 1510 2146 in
1543 2093 1738 2163 instru-

139 2171 342 2228 mentis
368 2161 584 2237 quidem
613 2168 854 2235 agnoseit
878 2166 1257 2237 naturainpsic
1281 2161 1479 2237 cavens
1508 2180 1520 2214 :
1554 2161 1609 2237 Si
1639 2178 1732 2216 an-

142 2253 252 2294 tem
293 2234 420 2309 quid
473 2234 761 2292 humanum
795 2238 1052 2309 patiatur,
1091 2236 1177 2290 vel
1221 2234 1416 2309 mulier
1462 2234 1739 2309 moriatur,

139 2303 477 2365 ObiiTiSclltll‘
503 2322 689 2363 eorum
721 2303 840 2377 quae
869 2306 1182 2377 scripsitLet
1211 2305 1432 2358 alterius
1467 2303 1741 2377 tragoediae

141 2380 311 2435 verba
357 2380 591 2446 profert,
636 2387 692 2430 et
738 2373 855 2430 limc
883 2373 1050 2430 dicit:
1082 2376 1249 2446 Mene
1291 2373 1575 2442 oportebat
1627 2375 1743 2446 hate

140 2450 293 2521 pati?
325 2443 476 2503 Hunc
502 2456 711 2521 tantum
739 2448 884 2521 potui
916 2461 1136 2521 sperare
1163 2443 1430 2521 dolorem,
1462 2451 1520 2496 ut
1544 2443 1736 2512 conju-

143 2514 236 2590 Lio
285 2517 566 2590 privarer?
611 2517 750 2582 Quid
799 2517 990 2585 igitur?
1019 2514 1365 2590 Oblivisceris
1404 2527 1592 2568 eorum
1621 2529 1743 2590 qua:

140 2585 442 2656 scripsisti?
487 2597 541 2642 et
579 2601 699 2641 cum
731 2595 889 2640 extra
921 2585 1194 2655 negotium
1224 2597 1378 2645 eras,
1412 2585 1743 2656 agnoscebas

145 2653 356 2712 natura
399 2657 637 2711 limites:
681 2657 895 2724 quando
935 2653 1114 2709 autem
1157 2656 1209 2724 in
1241 2668 1424 2708 casum
1471 2653 1740 2719 incidisti,

146 2729 488 2783 Oblivisceris
519 2723 962 2794 legumiiaturaa?
993 2726 1120 2779 Haec
1148 2723 1399 2794 dicuntur
1428 2724 1482 2776 in
1511 2725 1742 2792 castiga-

143 2801 348 2855 tionem
374 2792 634 2862 omniuiii,
662 2804 720 2849 ιιι
741 2810 930 2850 omnes
953 2795 1154 2861 omnia,
1184 2810 1305 2862 qua:
1333 2792 1432 2846 sibi
1460 2794 1738 2858 eveniunt,

143 2868 358 2922 fortiter
385 2869 575 2931 ferant,
604 2875 659 2920 et
687 2882 753 2919 ne
784 2866 901 2928 quis
925 2864 1185 2919 damnosa
1213 2871 1363 2932 putet
1393 2862 1488 2916 Dei
1514 2862 1735 2929 judicia.

143 2939 313 2998 Extra
339 2935 608 2991 aerumnas
633 2950 700 2988 ne
725 2934 1152 3003 philosopheris;
1185 2932 1279 2987 sed
1308 2947 1428 2986 cum
1461 2933 1567 2986 illa:
1595 2933 1746 2986 inva-

145 3010 305 3072 dunt,
332 3005 821 3075 magnanimitatem
860 3005 1105 3058 ostende.
1138 3003 1363 3071 Quando
1399 3017 1596 3075 intrares
1611 3017 1745 3075 ,_re-

144 3071 378 3134 cordare
406 3071 714 3139 verborum,
742 3075 936 3143 quibus
976 3085 1229 3129 nimstnm
1267 3071 1593 3143 consolaris.
1618 3072 1747 3138 Qui-

144 3149 250 3202 bus
269 3155 452 3201 autem
481 3141 822 3202 sermonibus
850 3146 1050 3198 utimur
1075 3143 1214 3212 apud
1243 3143 1520 3212 lugentes?
1550 3141 1739 3196 Nonne

143 3218 221 3275 ita
250 3215 393 3286 apud
418 3229 516 3270 eos
545 3215 1025 3286 philosophantur?
1056 3214 1312 3267 Humana:
1337 3221 1464 3266 sunt
1491 3214 1571 3265 lia:
1599 3212 1744 3286 cala-

145 3282 367 3342 mitates
397 3303 412 3340 :
441 3282 557 3339 nou
590 3282 698 3338 fers
731 3282 879 3338 solus
908 3282 1043 3338 hanc
1073 3298 1369 3337 aerumnam
1401 3302 1412 3331 ε
1447 3297 1555 3335 non
1597 3283 1746 3335 solus

145 3357 338 3410 mortis
363 3355 472 3409 vim
499 3355 793 3408 sustinuisti
826 3373 837 3406 :
868 3364 922 3407 et
963 3368 1115 3422 reges
1140 3353 1334 3406 similia
1366 3352 1545 3405 ferunt
1588 3369 1601 3404 :
1651 3352 1745 3404 da-

146 3440 340 3482 mnum
371 3425 472 3478 hoc
494 3438 639 3492 stepe
658 3434 712 3477 et
743 3424 1010 3493 principes
1035 3424 1326 3493 patiuntur,
1357 3432 1516 3489 atque
1539 3422 1626 3474 alii
1653 3437 1744 3490 po-

145 3505 328 3550 tentes
353 3511 368 3548 :
395 3508 627 3563 agnosce
649 3503 792 3547 tuam
817 3494 982 3562 ipsius
1011 3505 1254 3546 naturam
1280 3511 1294 3546 :
1323 3493 1486 3546 homo
1513 3507 1592 3556 es,
1624 3508 1745 3547 cum

146 3565 401 3621 omnibus
423 3579 738 3630 communes
768 3566 912 3634 leges
941 3565 1126 3617 habes.

219 3637 275 3691 5.
309 3634 434 3688 [huc
463 3643 515 3687 et
555 3635 636 3686 his
679 3631 843 3702 plura'
868 3634 1134 3702 loqueris,
1167 3647 1288 3685 cum
1334 3631 1495 3684 alium
1535 3631 1747 3686 solaris.

146 3705 292 3761 Hum
317 3705 542 3760 aliorum
569 3705 886 3772 magnificus
907 3719 966 3757 es
992 3703 1202 3767 doctor,
1232 3704 1322 3755 tibi
1352 3714 1530 3754 autem
1576 3718 1750 3770 neque

147 3777 317 3830 miser
344 3789 404 3828 cs
438 3773 770 3841 discipulus?
800 3773 1000 3841 Magna:
1029 3782 1083 3826 et
1107 3787 1381 3841 generosa:
1411 3775 1605 3824 anima:
1633 3775 1748 3826 fue-

149 3847 244 3908 rit,
278 3844 330 3897 in
358 3843 747 3897 calamitatibus
774 3843 1146 3910 philosophum
1168 3857 1347 3910 agere.
1374 3843 1430 3894 Si
1462 3842 1630 3910 possit
1655 3843 1751 3894 ali-

147 3916 273 3982 quis
303 3915 355 3966 in
381 3913 567 3981 quavis
593 3914 931 3977 calamitate,
960 3914 1044 3965 vel
1075 3914 1286 3974 tristitia
1329 3914 1412 3965 vel
1438 3925 1636 3965 damno
1659 3911 1744 3964 di-

149 3998 282 4052 cere
312 4000 325 4035 :
355 3982 539 4037 Justus
563 3999 638 4045 es,
656 3982 888 4052 Domine,
933 3992 979 4035 et
1023 3993 1160 4036 recta
1192 3982 1395 4051 judicia
1436 3991 1525 4033 tua
1547 3997 1566 4034 :
1592 3983 1636 4035 is
1659 3982 1754 4034 da-

149 4051 342 4108 mnum
394 4055 497 4106 fert
547 4063 604 4105 ut
659 4051 860 4117 homo,
911 4062 1199 4106 coronatur
1224 4060 1404 4104 autem
1457 4052 1536 4105 uti
1586 4052 1750 4106 Deum

149 4137 362 4177 amans.
397 4121 547 4186 Vita,
579 4121 774 4177 fratres
797 4163 812 4186 ,
843 4124 1005 4175 multa
1033 4121 1344 4176 ditﬂcultate
1371 4120 1524 4189 plena
1566 4131 1668 4186 est,
1699 4132 1755 4176 et

147 4193 618 4262 oportetiomnino
650 4192 854 4260 justum
893 4201 948 4246 et
983 4191 1262 4260 injustum,
1295 4202 1359 4262 et
1380 4193 1522 4262 pium
1554 4201 1608 4244 et
1650 4193 1750 4244 ini-

152 4260 300 4332 pium
334 4261 516 4331 aﬂligi.
552 4260 657 4316 Sed
689 4277 879 4330 magna
917 4270 1000 4315 est
1024 4263 1272 4332 varietas.
1302 4261 1460 4316 Aliud
1487 4264 1630 4315 enim
1673 4271 1757 4315 est

150 4331 353 4401 corripi
397 4342 452 4385 ut
490 4332 842 4386 domesticum
875 4350 888 4385 :
917 4332 1060 4384 aliud
1091 4331 1348 4401 ﬂagellari
1383 4341 1448 4385 ut
1485 4332 1749 4386 alienum.

157 4403 487 4456 Verberatur
531 4403 700 4464 filius,
752 4402 1062 4458 verberatur
1106 4411 1160 4455 et
1199 4401 1425 4454 famulus
1466 4418 1479 4452 :
1522 4403 1615 4456 sed
1671 4403 1756 4456 hic

152 4473 374 4541 quidem
398 4482 454 4525 ut
479 4486 666 4525 servus
686 4476 774 4539 qui
803 4473 1061 4539 peccavit,
1093 4473 1183 4526 ille
1203 4486 1333 4524 vero
1355 4483 1412 4524 ut
1440 4471 1595 4537 liber,
1623 4482 1678 4528 et
1700 4483 1756 4528 ut

155 4544 302 4597 filius
315 4542 594 4611 disciplina
619 4542 880 4612 indigens.
908 4542 1081 4612 Plagae
1101 4542 1204 4595 illa:
1223 4556 1328 4597 non
1351 4543 1550 4601 faciunt
1573 4559 1753 4611 aequa-

153 4615 262 4666 lem
297 4611 579 4666 honorem.
625 4611 682 4667 Si
734 4613 964 4680 patiatur
995 4611 1111 4679 pius
1149 4628 1268 4680 qua:
1297 4614 1494 4680 patitur
1523 4614 1718 4680 impius
1741 4655 1753 4674 ,

157 4699 268 4740 non
301 4682 540 4750 ejusdem
570 4683 893 4738 conditionis
917 4683 1019 4737 erit
1041 4697 1161 4746 cum
1185 4684 1348 4750 impio
1375 4700 1388 4735 :
1419 4681 1515 4736 sed
1547 4693 1757 4751 reputa-

159 4764 250 4806 tur
275 4754 545 4820 correptio
567 4753 690 4806 huic
713 4753 767 4809 in
795 4751 1134 4809 afﬂictionein
1158 4761 1213 4807 et
1239 4753 1758 4821 probatioueni_,.int-

155 4824 247 4892 pio
292 4831 470 4877 autem
524 4822 577 4878 in
624 4822 832 4892 ﬂagella
887 4831 943 4877 et
999 4837 1203 4891 pinnas.
1261 4823 1552 4890 Propterea
1596 4824 1759 4877 Davd

155 4895 337 4946 sciens
359 4892 455 4945 has
483 4893 844 4958 dit‘ticultates,
866 4892 936 4946 de
960 4893 1120 4960 justis
1140 4893 1356 4962 quidem
1382 4893 1548 4949 dicit:
1580 4893 1760 4948 ﬂuitat

159 4963 514 5016 tribulatione:
551 4964 830 5032 justorum.
875 4963 986 5016 Sed
1009 4963 1131 5016 vide
1156 4963 1284 5032 quid
1314 4964 1492 5017 subdit
1536 4981 1548 5015 ε
1593 4963 1671 5018 Et.
1698 4981 1761 5018 ea:

157 5033 395 5105 omnibus
441 5027 567 5105 illis
589 5027 816 5105 ingerebat
860 5049 946 5085 eos
991 5027 1241 5086 Dominus
1273 5032 1464 5105 (Psal.
1489 5034 1580 5087 55.
1617 5035 1684 5088 10
1717 5041 1756 5103 ).

159 5101 410 5157 Nondum
441 5103 573 5155 dixit
597 5101 961 5163 afﬂictionem.
979 5112 1034 5156 et
1063 5101 1379 5157 monstravit
1401 5101 1755 5158 curationem.

163 5174 242 5225 lie
275 5173 596 5225 adversariis
637 5183 813 5226 autem
843 5172 974 5227 dicit
1002 5191 1016 5224 :
1047 5173 1217 5226 Multa

161 5241 342 5313 (Paul.
367 5243 457 5297 51.
492 5241 580 5313 10)
621 5259 634 5295 :
664 5253 717 5296 et
739 5243 877 5313 nihil
912 5243 1014 5297 tale
1056 5241 1270 5306 subdit.
1321 5241 1463 5312 quod
1510 5244 1576 5300 de
1601 5245 1760 5312 justis

161 5312 380 5372 dicebat
409 5329 425 5366 :
453 5314 632 5365 multae
671 5312 990 5367 afﬂictiones
1017 5314 1312 5381 justoruni;
1343 5315 1409 5366 de
1459 5317 1541 5368 his
1581 5325 1758 5369 autent

160 5383 423 5454 omnibus
449 5382 694 5454 liberabit
719 5398 814 5437 eos
837 5384 1114 5440 Dominus.
1151 5385 1295 5454 llaie
1318 5383 1366 5436 si
1388 5385 1508 5454 quis
1545 5388 1723 5440 audiat
1743 5427 1758 5450 ,

163 5466 233 5504 ne
256 5451 326 5506 de
352 5453 530 5524 seipse
554 5453 804 5519 desperet
821 5495 834 5518 ,
868 5469 1041 5522 neque
1067 5455 1207 5507 dicat
1239 5470 1251 5507 :
1281 5453 1336 5508 Si
1366 5451 1523 5522 igitur
1548 5465 1604 5509 ut
1636 5471 1762 5524 pee-

162 5531 316 5575 cator
341 5522 554 5590 vapulo,
583 5533 632 5576 et
659 5537 808 5590 spem
832 5539 943 5578 non
968 5525 1159 5590 habeo,
1189 5524 1513 5579 infructuosa
1542 5522 1762 5580 estcor-

165 5590 361 5661 i-eptio.
392 5593 734 5647 l’eeeatorem
765 5595 906 5647 enim
937 5610 1077 5647 nunc
1107 5597 1379 5663 Scriptura
1403 5597 1630 5659 vocavit,
1657 5612 1760 5650 non

163 5663 386 5718 omnino
411 5678 441 5714 a
475 5663 670 5730 pietate
698 5665 929 5717 alienum
951 5705 966 5726 ,
999 5665 1093 5717 sed
1120 5681 1242 5718 eum
1267 5707 1282 5731 ,
1310 5667 1397 5734 qui
1423 5667 1678 5735 afﬂigitur
1708 5677 1762 5720 et

166 5735 506 5799 aliquatenus
531 5736 647 5801 pius
675 5742 778 5797 est,
808 5735 997 5787 labitur
1023 5748 1198 5789 tamen
1224 5737 1272 5788 in
1305 5737 1460 5789 rebus
1492 5738 1758 5790 humanis.

166 5803 322 5879 Quod
353 5806 492 5878 enim
533 5805 900 5872 peccatoribus
933 5807 1068 5861 Deus
1099 5808 1432 5874 misereatur,
1463 5809 1618 5878 plena
1644 5824 1758 5862 om-

1281 377 1369 432 DE
1397 374 1557 432 FIDE
1595 372 1685 430 ΕΤ
1723 372 1924 431 LEGE.
1947 373 2274 433 NATURA‘I.

1247 5174 1456 5243 ﬂagella
1481 5177 1778 5241 peccatoris

3308 373 3447 428 ωδε
3468 343 3471 347 λ

1854 489 1938 558 nis
1959 488 2236 558 Scriptura
2269 487 2577 558 pignoribus
2602 485 3202 544 divinze'misericordue
3223 501 3247 539 ':
3277 487 3446 554 inquit

1854 505 1938 558 nis
1959 505 2076 545 Scri
2120 505 2236 542 tura
2269 505 2577 558 pignoribus
2602 505 3202 544 divinze'misericoruue
3223 505 3247 539 ‘:
3279 505 3420 554 inqui

1849 559 1992 614 etiim
2023 574 2038 610 :
2083 505 2337 628 Bivoego,
2367 560 2488 612 dicit
2517 556 2770 611 Dominus
2794 579 2814 609 .-
2833 558 2958 628 uolo
2977 568 3190 628 mortem
3215 567 3420 628 peccato

1848 631 1940 699 ris,
1964 628 2054 682 sed
2074 639 2127 681 ut
2145 624 2308 699 magis
2326 638 2647 699 convertatur
2669 636 2717 699 et
2737 628 2865 699 uiuat
2888 624 3099 699 (Eucti.
3131 625 3217 680 18.
3244 626 3451 699 3.33).

1850 697 2006 752 Jurat
2035 699 2196 769 Deus,
2219 695 2327 769 non
2353 699 2503 769 quasi
2529 697 2629 769 sibi
2667 698 2766 765 ipsi
2796 695 2903 749 non
2928 695 3156 769 credens
3177 737 3194 769 _,
3224 695 3319 750 sed
3351 710 3424 769 no

1849 777 2014 822 stram
2048 767 2413 823 infidelitatem
2434 767 2502 822 ad
2525 768 2682 822 fidem
2713 780 2924 834 urgens.
2952 767 3102 820 Dicat
3122 767 3281 887 igitur
3302 767 3451 834 quis,

1849 838 1967 887 auis
1994 836 2373 887 afﬂictionibus
2416 839 2772 887 examinator.
2801 835 2983 887 ‘Justus
3008 851 3081 887 es.
3173 837 3359 887 omine.
3403 846 3451 887 et

1848 838 1967 906 quis
1994 836 2373 892 afﬂictionibus
2416 839 2772 906 examinator,
2801 835 2983 889 ‘Justus
3000 851 3081 906 es,
3123 835 3359 900 Domine,
3403 846 3452 890 et

1848 905 2007 986 recta,
2017 908 2217 976 judicia
2259 918 2347 962 tua
2378 925 2398 963 :
2427 916 2482 986 ει
2508 907 2666 986 simul
2714 905 2906 986 fortem
2926 905 3144 986 exhibet
3171 909 3410 986 animum
3431 945 3452 986 ε

1850 975 2211 1047 pietatemque
2252 993 2358 1032 non
2388 979 2564 1032 solvil.
2603 975 2789 1042 Qualis
2825 984 2942 1047 erat
2965 976 3151 1030 beatus
3179 975 3316 1037 Job.
3353 975 3450 1047 qui

1850 1047 2106 1106 adversus
2129 1046 2330 1102 omnes
2368 1047 2688 1102 afﬂictiones
2721 1047 2888 1099 aciem
2917 1046 3187 1109 instruxit,
3218 1047 3308 1114 qui
3330 1046 3450 1100 dia-

1847 1115 1954 1170 boli
1986 1117 2416 1171 terriculamenta
2443 1118 2592 1180 vicit,
2618 1117 2708 1185 qui
2741 1125 2903 1169 totam
2931 1117 3048 1182 ejus
3084 1116 3288 1169 rabiem
3316 1117 3444 1170 irri-

1855 1195 1961 1239 tam
1991 1186 2136 1250 fecit,
2166 1187 2258 1255 qui
2282 1189 2579 1240 constantia
2617 1185 2810 1241 mentis
2838 1185 3028 1239 ﬂuctus
3058 1186 3253 1239 diaboli
3283 1187 3449 1240 dissi:

1849 1256 2014 1326 pavit,
2043 1257 2132 1325 qui
2164 1258 2414 1326 omnibus
2451 1257 2610 1326 simul
2649 1256 2902 1324 privatus,
2935 1267 3170 1310 attamen
3210 1257 3450 1312 omnium

1849 1325 2125 1379 dominum
2155 1325 2261 1380 non
2287 1327 2524 1395 negavit.
2547 1325 2740 1378 Verum
2773 1326 2912 1379 illius
2937 1335 3314 1395 stratagemata
3353 1343 3449 1395 pe-

1847 1396 2036 1448 Ciiliari
2065 1411 2315 1450 sermone
2337 1394 2747 1450 describentur:
2781 1410 2901 1448 nam
2924 1410 3049 1449 vere
3081 1394 3215 1465 opus
3245 1394 3445 1450 habent

1848 1465 2113 1535 destinato
2148 1475 2387 1533 tempore
2425 1475 2481 1519 ut
2514 1467 2865 1535 exquirautur
2913 1480 2928 1517 :
2979 1480 3047 1535 ne
3086 1466 3447 1532 perfunctorie

1850 1534 2117 1603 loquendo
2145 1536 2260 1604 ejus
2297 1534 2945 1604 certaminacontumelia
2984 1534 3451 1592 afficiaiuus..Pr-.e

1846 1605 2021 1659 oculis
2039 1603 2224 1660 tamen
2255 1605 2545 1660 habeamus
2583 1621 2703 1674 quae
2738 1606 2871 1658 dixit
2913 1603 3066 1658 fortis
3113 1605 3213 1657 ille'
3244 1615 3299 1658 et
3338 1622 3450 1660 ma-

1847 1677 2166 1744 guuspugil.
2197 1676 2459 1741 Quoniam
2497 1676 2643 1730 enim
2676 1677 2907 1745 sigillmu
2945 1675 3101 1729 dictis
3130 1675 3311 1738 infert,
3347 1693 3448 1729 nu-

1848 1745 2002 1797 datus
2045 1746 2320 1811 omnibus,
2371 1747 2606 1814 seipsum
2661 1745 2856 1813 pietate
2906 1760 3010 1798 non
3060 1746 3300 1809 nudavit,
3354 1749 3448 1800 sed

1848 1814 1984 1868 dixit
2013 1832 2027 1868 :
2059 1815 2318 1869 Dominus
2341 1817 2509 1876 dedit,
2544 1814 2791 1868 Dominus
2818 1815 3048 1877 abstulit;
3073 1821 3200 1868 sicut
3231 1814 3450 1870 Domino

1847 1885 2009 1940 visum
2036 1897 2139 1953 est,
2184 1889 2255 1940 ita
2290 1896 2336 1939 et
2373 1891 2567 1953 factum
2594 1895 2665 1939 est
2702 1884 2824 1952 (Job
2873 1887 2923 1940 1.
2955 1885 3018 1940 il
3034 1888 3074 1952 ).
3103 1886 3248 1942 Bene
3289 1887 3446 1951 dicit,

1848 1957 2009 2007 visum
2033 1965 2103 2008 est
2131 1975 2148 2009 .-
2179 1956 2426 2010 eoiicedit
2445 1956 2769 2021 auctoritati,
2804 1972 2908 2010 non
2931 1970 3142 2010 curiose
3166 1956 3451 2025 dispensa-

1850 2025 2046 2078 tionem
2068 2028 2316 2095 explorat
2348 2043 2361 2078 :
2387 2043 2490 2079 non
2520 2026 2654 2080 dixit
2679 2025 2818 2080 sicut
2842 2025 2946 2078 nos‘
2973 2030 2997 2080 ε’
3016 2027 3193 2091 Quare
3219 2027 3448 2096 juvenes

1848 2096 2168 2160 moriuntur,
2212 2107 2265 2150 et
2301 2111 2457 2150 senes
2489 2096 2740 2150 manent?
2768 2096 2952 2163 Qualis
2979 2105 3061 2149 est
3090 2096 3188 2150 ista
3220 2098 3442 2165 dispen-

1848 2165 2026 2218 satio?
2067 2166 2342 2220 Desiderat
2390 2181 2553 2220 senex
2603 2175 2869 2230 mortem,
2919 2167 3128 2220 solutus
3173 2168 3446 2232 carnibus,

1849 2250 2010 2311 opum
2050 2235 2310 2311 indigus,
2361 2247 2418 2294 et
2470 2237 2590 2292 aliis
2629 2237 3084 2311 consolationibus
3131 2236 3444 2302 destitutus,

1847 2304 2260 2375 frustraturqiie-
2289 2313 2448 2370 voto;
2494 2317 2548 2360 et
2596 2320 2729 2374 puer
2771 2306 3016 2377 amabilis
3060 2305 3282 2377 format,
3323 2325 3449 2377 gra-

1853 2382 1940 2430 tus
1991 2377 2335 2444 parentibus,
2382 2377 2700 2430 immaturus
2745 2376 2967 2442 rapitur.
3017 2376 3170 2430 Disce
3215 2376 3344 2431 noni
3375 2389 3446 2432 ta-

1851 2445 1917 2498 lia
1967 2461 2249 2516 quaerere;
2304 2446 2399 2500 sed
2445 2447 2606 2500 dicito
2640 2445 2891 2500 :Judicia
2938 2457 3026 2499 tua
3067 2447 3277 2516 abyssus
3307 2451 3442 2500 mul-

1850 2516 1958 2580 tat
1987 2515 2138 2571 Psal.
2190 2518 2278 2572 55.
2311 2517 2392 2582 7).
2445 2517 2602 2570 Disce
2657 2527 2709 2569 ut
2760 2517 2908 2571 dicas
2946 2517 3174 2571 :Justas
3223 2532 3294 2576 es.
3343 2519 3452 2572 Uo-

1849 2588 2011 2649 mine,
2053 2598 2103 2640 et
2138 2599 2295 2644 .recta
2326 2587 2537 2655 judicia
2564 2599 2656 2638 tua
2688 2584 2863 2654 (Psal.
2911 2585 3034 2638 H8.
3082 2583 3225 2655 liii).
3263 2582 3441 2646 Disce,

1852 2664 1910 2708 ut
1931 2655 2124 2712 dicas:
2164 2652 2575 2711 Sicut'nomino
2605 2652 2772 2710 uisum
2794 2671 2891 2713 est.
2926 2655 3006 2706 ita
3031 2661 3079 2705 ει
3112 2652 3310 2707 factum
3343 2661 3442 2704 est.

1848 2725 2094 2793 Agnosco
2119 2726 2508 2788 auctoritatem,
2536 2733 2596 2779 ιιι
2619 2738 2878 2794 agnoscas
2901 2735 2950 2779 et
2973 2725 3466 2792 pietatemNemnt

1849 2796 2097 2862 quoniam
2137 2795 2321 2850 incidit
2361 2809 2540 2849 sermo
2579 2795 2647 2849 de
2681 2795 2852 2863 gloria
2888 2794 3117 2863 Spiritus
3149 2799 3342 2860 sancti,
3365 2797 3450 2848 di-

1849 2879 2034 2926 camus
2075 2865 2272 2932 aliquid
2319 2880 2385 2919 ex
2424 2865 2761 2933 dogmatibus
2809 2866 2859 2918 in
2904 2875 3140 2918 uestram
3169 2866 3452 2922 utilitatem

1849 2945 1904 2987 et
1933 2936 2293 2990 securitatem.
2326 2935 2458 2988 Nam
2485 2937 2625 2990 sicut
2662 2934 2782 2998 Job,
2815 2949 2938 2990 cum
2968 2935 3121 2997 dixit,
3154 2934 3304 2988 Sicut
3336 2937 3445 2990 Uo-

1851 3005 1988 3057 mino
2013 3006 2175 3059 visum
2217 3013 2310 3068 est,
2339 3007 2710 3060 auctoritatem
2740 3007 3062 3060 monstravit
3104 3015 3160 3059 et
3197 3007 3448 3059 domina.

1852 3075 2074 3138 tionem,
2106 3075 2184 3128 sic
2224 3085 2278 3127 et
2319 3074 2544 3142 apostoli
2592 3075 2814 3128 herilem
2858 3075 3229 3128 auctoritatem
3277 3078 3449 3130 δίιμειὶ

1852 3145 2085 3214 Spiritus
2123 3144 2489 3208 ostendentes,
2538 3145 2756 3215 dicunt:
2797 3143 2972 3198 Visum
3016 3154 3090 3198 est
3123 3157 3301 3199 sancto
3329 3148 3454 3215 Spi-

1851 3217 1973 3284 ritui
2026 3215 2154 3268 nihil
2201 3217 2458 3282 imponere
2501 3214 2638 3267 vobis
2687 3216 2783 3267 nisi
2829 3231 2942 3284 qua:
2985 3219 3267 3268 nrcrssariu
3313 3214 3447 3273 sunt.

1864 3283 2041 3338 Visum
2089 3293 2158 3338 est
2200 3283 2376 3338 sancto
2425 3284 2646 3354 Spiritui
2673 3287 2812 3353 (Act.
2844 3283 2934 3340 15.
2965 3284 3079 3355 23).
3123 3287 3179 3338 Si
3209 3287 3453 3340 subditus

1852 3364 1956 3418 est,
1998 3370 2162 3424 quare
2186 3355 2234 3408 ei
2269 3356 2437 3408 visum
2481 3355 2598 3408 est?
2626 3356 2672 3408 si
2715 3358 2817 3408 sub
2845 3355 2959 3422 lege
2999 3365 3080 3408 est
3107 3357 3362 3423 spiritus,
3395 3368 3451 3410 et

1853 3426 2039 3488 servit,
2070 3425 2339 3492 quomodo
2369 3425 2540 3476 visum
2569 3425 2663 3478 fuit
2692 3425 2944 3480 subdito?
2974 3425 3160 3478 Nonne
3186 3442 3305 3494 qua:
3338 3429 3448 3494 regi

1855 3496 2126 3557 videntur,
2147 3510 2211 3546 ea
2233 3495 2561 3559 efficiuntur,
2587 3505 2641 3549 et
2661 3511 2769 3550 nou
2800 3497 3175 3563 qutesubditis
3203 3496 3454 3564 placent?

1857 3564 2002 3617 Sicut
2023 3564 2247 3617 Domino
2283 3565 2443 3618 visum
2468 3575 2559 3627 est,
2589 3564 2717 3619 dicit
2744 3565 2882 3629 Job;
2916 3565 3139 3631 Spiritui
3167 3577 3341 3620 amicta
3379 3569 3454 3620 vi-

1855 3651 1970 3686 sum
1997 3643 2090 3696 est,
2114 3635 2296 3688 dicunt
2322 3637 2572 3704 apostoli.
2596 3636 2845 3703 Ejusdem
2874 3637 3209 3690 auctoritatis
3249 3647 3305 3692 et
3351 3638 3451 3690 lio-

1858 3705 2004 3776 noris
2047 3704 2211 3776 dictio
2256 3705 2558 3774 utrobique,
2601 3708 2852 3774 quoniam
2905 3707 3132 3763 indivisa
3165 3717 3250 3760 est
3276 3707 3451 3776 gloria

1859 3775 2031 3843 regni.
2046 3775 2116 3828 At
2131 3776 2328 3831 malitia
2349 3776 2717 3829 haereticorum
2743 3778 2934 3832 iterum
2959 3776 3156 3832 invenit
3176 3775 3452 3845 effugium.

1857 3845 2022 3926 lfuiuh
2051 3845 2173 3926 quia
2215 3845 2775 3926 dixeruntnapostoli,
2827 3847 3108 3926 inquiunt:
3158 3845 3344 3926 Visum
3371 3858 3454 3926 _est

1859 3914 2080 3984 Spiritui
2129 3925 2326 3979 sancto,
2357 3916 2710 3975 subdiderunt
2749 3914 2951 3982 autem,
2998 3917 3066 3970 Et
3096 3917 3238 3970 nobis
3263 3934 3278 3972 :
3301 3932 3304 3934 ‘
3330 3919 3455 3972 ideo

1862 3984 2134 4039 habebunt
2185 3993 2240 4038 et
2276 3986 2503 4052 apostoli
2529 3987 2824 4041 divinitatis
2874 3989 3287 4044 auctoritatem?
3331 3988 3457 4042 lla-c

1862 4055 2028 4123 probe
2070 4057 2462 4120 examinentur,
2495 4071 2564 4110 ne
2591 4058 2950 4114 inexercitatis
2988 4072 3098 4112 sum
3129 4058 3458 4116 infidelitatis

1859 4139 2129 4197 venenum
2148 4125 2406 4197 iiijiciant,
2432 4142 2565 4197 nere
2583 4128 2911 4197 simplicium
2928 4129 3459 4196 anribusimpictatis

1861 4195 2110 4250 liazresini
2152 4195 2455 4267 infundant.
2507 4196 2655 4267 Talia
2692 4195 2840 4252 enim
2887 4214 3031 4267 sape
3059 4195 3342 4267 magnifice
3373 4201 3456 4252 lo-

1861 4273 2098 4351 quuiitur
2123 4282 2148 4351 εΔ
2179 4266 2365 4351 Nihil,‘
2389 4267 2556 4351 aiunt.
2613 4266 2801 4351 frater,
2850 4266 3086 4351 te‘dieta
3102 4266 3454 4351 conturbent.

1864 4337 2106 4390 Fratrem
2135 4346 2186 4390 te
2215 4343 2392 4400 vocat,
2421 4346 2471 4390 et
2499 4339 2647 4404 quasi
2679 4339 2888 4394 hostem
2917 4347 2970 4392 te
2998 4341 3212 4397 occidit.
3246 4340 3326 4395 Ne
3354 4343 3456 4392 nii-

1864 4406 2019 4478 reris,
2051 4406 2242 4478 inquit,
2277 4409 2320 4460 si
2347 4406 2416 4462 de
2444 4406 2646 4475 Spiritu
2676 4419 2864 4462 saneto
2894 4409 2945 4464 id
2991 4409 3174 4464 dicunt
3205 4412 3455 4478 apostoli,

1877 4476 2047 4548 Visum
2097 4485 2168 4532 est
2200 4477 2440 4548 Spiritui
2469 4488 2642 4531 sancto
2667 4493 2687 4531 :
2731 4478 2832 4534 sed
2870 4481 2989 4534 vide
3038 4481 3165 4548 quid
3210 4476 3458 4534 addatur.

1876 4547 2051 4618 Visum
2079 4557 2151 4600 est
2181 4547 2409 4616 Spiritui
2433 4561 2627 4614 sancto,
2660 4557 2706 4601 et
2751 4549 2894 4602 nobis
2930 4547 3104 4604 visunt
3132 4561 3216 4604 est
3242 4563 3458 4618 aposto-

1865 4619 1948 4669 lis.
1979 4617 2115 4671 Num
2143 4618 2215 4672 dii
2241 4619 2508 4686 apostoli?
2534 4618 2668 4673 Num
2691 4619 2922 4674 divinam
2947 4617 3457 4680 habentnetorita-

1869 4688 2018 4740 tem?
2086 4685 2311 4752 Quando
2364 4691 2493 4748 Ιιιεε.
2531 4689 2667 4745 dicit
2717 4690 3024 4754 hereticus,
3051 4707 3150 4746 nos
3193 4707 3226 4745 a
3271 4704 3454 4746 sancta

1867 4755 2140 4831 Scriptura
2205 4759 2328 4831 tela,
2357 4761 2717 4831 proferamus.
2777 4761 3005 4831 Sagitta
3042 4763 3185 4821 enim
3240 4765 3457 4830 potentis

1867 4837 2026 4903 (irato:
2056 4826 2496 4903 (PsqlalAlQJ)
2536 4831 2588 4903 _in
2636 4845 2731 4903 cor
2773 4826 3121 4887 inimicorum.
3146 4826 3294 4903 regis
3335 4837 3463 4889 mit-

1870 4898 2222 4973 trnda;._Qnid
2247 4899 2406 4968 igitur
2435 4898 2501 4956 ad
2535 4901 3001 4973 liredicendum?
3025 4905 3080 4958 Si
3110 4898 3480 4973 hoc'Spiritus‘

1868 4971 2035 5048 sancti
2064 4970 2376 5048 dignitatem
2427 4971 2713 5048 imminuit,
2743 4974 2885 5048 quod
2912 4974 2962 5028 ei
2988 4975 3154 5048 juncti
3189 4970 3294 5048 sint
3334 4992 3465 5048 ερον

1867 5040 2014 5119 stoli,
2065 5040 2242 5119 itaque
2280 5049 2332 5119 et
2359 5041 2501 5109 quod
2547 5041 2721 5119 Moses
2759 5040 3080 5119 iuiiijuiietus
3105 5047 3175 5098 sit
3206 5047 3342 5109 Deo,
3370 5040 3474 5119 Dei

1870 5110 2136 5163 imminuit
2169 5111 2500 5180 dignitatem.
2542 5113 2791 5183 _Exempli
2837 5110 3004 5183 gratia
3048 5116 3170 5169 dico
3212 5120 3312 5172 :Si
3358 5110 3474 5178 uoti

1868 5195 2118 5254 maguum
2162 5193 2315 5254 putas
2355 5183 2502 5247 iliud,
2542 5181 2735 5238 Visum’
2763 5181 2860 5254 [iiii
2906 5185 3124 5254 Spiritui
3167 5200 3364 5254 sancto,
3399 5205 3467 5244 eo

1870 5252 2012 5328 quod
2035 5260 2098 5328 et
2113 5252 2368 5328 apOstdlis
2388 5252 2842 5328 siteoujunctuin,
2868 5252 3048 5325 utique
3077 5273 3248 5328 neque
3275 5252 3474 5328 magna

1873 5321 1963 5396 _tihi
1998 5321 2165 5375 videri
2201 5330 2374 5396 potest
2403 5324 2534 5396 fides
2562 5339 2686 5396 erga
2717 5327 2904 5392 Deum,
2938 5321 3064 5396 quia
3088 5337 3143 5381 et
3163 5321 3306 5382 Deus
3333 5321 3470 5385 Mosi

1866 5390 2082 5470 jiinetus
2101 5401 2216 5470 est._
2233 5392 2373 5470 _Dicit
2401 5395 2546 5470 εειιιιι
2576 5390 2853 5470 Scriptura
2872 5390 2899 5470 με’
2925 5390 3147 5459 Credidit
3174 5403 3390 5470 poples
3415 5402 3468 5454 in

1872 5459 2036 5536 Deum
2065 5470 2110 5514 et
2137 5461 2400 5536 in'Mosen
2431 5463 2643 5536 (Exod.
2678 5459 2764 5519 η.
2797 5466 2914 5536 51).
2948 5459 3210 5523 (λθειενυίιι
3241 5459 3465 5525 et'aliud

1873 5531 2034 5610 telum
2064 5531 2400 5610 proferamus
2424 5531 2447 5586 ε’
2468 5535 2511 5587 si
2559 5535 2789 5610 Spiritus
2831 5531 3001 5610 sancti
3032 5540 3345 5608 dignitatem
3376 5543 3470 5595 de.

1874 5602 2032 5674 struit
2056 5602 2304 5670 adjuncta
2345 5602 2614 5667 sententia
2645 5609 3031 5674 apostolorum,
3064 5602 3384 5666 contumelia
3406 5623 3463 5666 et

1873 5671 2144 5747 dignitatis
2182 5673 2480 5747 imminutio
2506 5691 2573 5736 ex
2611 5671 2863 5732 Sainuele
2899 5671 3142 5733 erit'Deo
3168 5695 3180 5732 :
3210 5683 3469 5747 scriptum

1874 5750 1956 5816 est
1982 5741 2454 5816 euiiii.:_h“t_tinmit
2484 5749 2645 5800 mimis
2672 5750 2889 5816 populus
2915 5749 3074 5802 Deum
3103 5762 3147 5802 et
3177 5741 3469 5805 Samuelem

1878 5810 1956 5878 (Ι.
1979 5806 2097 5875 Reg.
2123 5808 2207 5868 12.
2233 5813 2339 5883 19).
2359 5816 2540 5882 Denuo
2567 5829 2619 5873 ct
2656 5806 2881 5890 tertium.
2902 5835 3212 5890 promamtis
3232 5819 3469 5891 iaculum
