4154 6320
683 375 822 435 108⁸1

682 559 918 613 divinam
947 559 1314 636 auctoritatem
1347 559 1942 636 hoc'i_mtninuit,fquod
1968 567 2018 619 ei
2040 566 2272 636 jungan-

683 639 771 681 tur
793 630 1043 702 apostoli,
1067 630 1257 702 minuit
1279 641 1333 685 et
1359 632 1670 702 dignitatem
1694 633 1786 687 Dei
1818 630 2055 689 'Gedcon'
2084 630 2274 702 ad'jun-

679 708 799 774 ctus
814 699 1390 774 eademappellationc.
1412 699 1671 774 Clamavit
1692 705 1832 774 enim
1851 707 2025 774 omnis
2044 699 2273 774 pupillus

682 767 916 845 militans
947 769 1205 845 :_Gladihs
1234 770 1343 845 Deo
1385 782 1431 824 et
1459 770 1684 845 (ἐρόεοηὶ
1712 772 1860 845 (Iud.
1895 774 1946 826 7.
1976 767 2275 845 eoi-Sicut

680 838 840 907 igitur
853 835 1166 920 coniunctus
1182 850 1266 920 est
1283 841 1454 896 Moses
1469 843 1596 905 Deo,
1618 835 1795 897 nonut
1812 842 2013 897 honore
2031 835 2125 913 par
2142 845 2269 906 Deo,

679 907 776 963 sed
809 917 867 961 ut
895 920 1136 962 minister
1166 909 1294 966 Det:
1328 918 1383 964 et
1411 912 1626 965 Samuel
1656 912 1785 966 Deo.
1816 927 1920 965 non
1954 921 2011 966 ut
2054 915 2269 966 :raualis

1245 927 1294 973 l;
1328 927 1383 964 el
1411 927 1626 965 Samuel
1656 927 1785 975 υευ,
1816 927 1920 965 11011
1954 927 2011 966 ιιι
2054 927 2274 975 :I‘QllllllS

679 930 776 963 seu
809 930 867 961 ιιι
895 930 1136 962 intruster
1166 930 1294 973 uel;
1328 930 1383 964 et
1411 930 1626 965 Samuel
1656 930 1785 975 ueo,
1816 930 1920 965 non
1954 930 2011 966 ut
2054 930 2270 983 :I‘quatts

676 977 956 1058 dignitate,
1122 988 1181 1032 ut
1214 979 1471 1058 propheta
1503 982 1595 1035 Dei
1617 990 1714 1058 χει
1755 981 1970 1058 Gedeon
2001 983 2131 1048 Deo,
2153 1000 2270 1058 non

678 1056 734 1101 ut
759 1047 999 1118 ejusdem
1037 1047 1257 1105 honoris
1294 1047 1540 1119 consors,
1568 1051 1665 1107 sed
1703 1061 1759 1106 ιιι
1786 1052 1909 1106 belli
1937 1052 2083 1107 dus:
2120 1054 2199 1108 sic
2223 1063 2276 1109 et

685 1608 788 1629 0.-

2199 385 2472 445 SPURlA.

681 499 866 566 contra
909 488 1258 566 impietatem.
1302 491 1361 566 Si
1390 491 1717 566 dignitatem,
1742 488 1974 566 Spirilus
2009 496 2179 550 sancti
2220 482 2304 550 et.

3849 390 3982 445 l088

2376 497 2619 566 Apostoli
2634 496 2805 571 juncti
2818 508 2942 553 sunt
2956 499 3196 568 Spiritui,
3215 509 3271 555 ut
3284 500 3663 570 pradicatores
3682 502 3977 571 Evangelii.

2378 571 2624 642 agnosce
2664 570 2823 642 igitur
2860 573 3254 642 auctoritatem.
3292 580 3348 625 et
3374 587 3439 642 ne
3467 573 3726 642 suggilles
3749 570 3978 642 Spiritus

2375 635 2730 708 divinitatem.
2802 641 3090 708 Agnoscito
3136 641 3335 696 divina:
3394 635 3682 704 Trinitatis
3743 635 3979 697 divinam

2377 707 2723 779 theologiam,
2774 707 2966 776 Pairis,
2999 722 3051 764 et
3097 710 3234 770 Filii.
3276 722 3330 763 et
3355 711 3586 779 Spiritus
3630 714 3828 766 sancti.
3876 713 3979 766 Ista

2374 788 2456 851 est
2500 778 2731 851 increata
2768 789 2978 851 natura,
3010 796 3134 835 vera
3173 778 3424 851 dignitas,
3468 783 3757 835 indivisum
3804 785 3979 851 impc-

2376 848 2536 920 rium,
2572 848 2907 920 impartibilis
2928 849 3134 920 honor,
3165 848 3453 904 indiscreta
3484 867 3633 920 spes,
3669 848 3976 920 incompre-

2378 917 2655 991 hensibilis
2699 919 2876 991 gloria
2921 919 3114 991 Patris,
3151 921 3312 991 Filii,
3371 931 3426 974 et
3473 917 3710 991 spiritus
3761 917 3976 975 sancti:

2374 1001 2531 1058 quem
2559 987 2714 1042 decet
2734 988 2909 1041 omnis
2934 990 3123 1058 gloria,
3147 990 3340 1058 honor,
3361 1000 3418 1046 et
3437 987 3687 1047 adoratio
3713 995 3768 1047 in
3786 993 3984 1046 secula

2375 1057 2715 1113 seculorum.
2743 1060 2935 1114 Amen.

1469 1690 1550 1751 ΙΝ
1579 1690 2028 1752 SERMONEM
2069 1690 2175 1750 DE
2219 1688 2661 1750 TRINITATE
2717 1687 3126 1752 MONITUM.

742 1787 915 1845 Paulo
944 1789 1190 1846 melioris
1218 1797 1363 1847 notae
1409 1799 1494 1846 est
1527 1791 1643 1846 haec
1699 1791 1923 1846 homilis
1971 1805 2137 1859 quam
2182 1788 2500 1859 praecedens
2531 1807 2544 1844 :
2575 1796 2800 1858 totaque
2835 1799 2920 1844 est
2941 1789 2998 1843 in
3024 1804 3220 1858 genere
3240 1789 3530 1848 dialectico
3558 1799 3614 1848 et
3637 1791 3946 1865 polemieo.

672 1880 958 1952 Strigosus
983 1889 1168 1937 tamen
1196 1883 1420 1937 omnino
1435 1891 1518 1937 est
1546 1883 1637 1937 hic
1660 1883 1916 1954 scriptor,
1935 1894 1990 1939 et
2011 1891 2126 1938 toto
2137 1883 2281 1938 coelo
2313 1880 2496 1938 diﬂ'ert
2526 1881 2595 1935 ab
2629 1881 2718 1935 illa
2743 1881 3125 1952 Chrysostomi
3147 1893 3343 1951 sponte
3368 1883 3569 1939 ﬂuente
3586 1886 3934 1954 eloquentia.

671 1973 785 2027 Nec
809 1982 891 2027 est
913 1973 1061 2043 quod
1096 1973 1153 2029 in
1183 1973 1364 2045 νοθείᾳ
1397 1973 1681 2048 probanda
1734 1974 2119 2034 immoremur.
2149 1973 2347 2035 Incerti
2379 1973 2666 2044 cujusdam
2721 1973 3225 2044 interpretationem
3275 1992 3380 2032 non
3433 1977 3626 2045 paucis
3677 1977 3734 2030 in
3799 1977 3944 2031 locis

680 2063 1114 2128 emendavimus.

662 2167 1952 2192 ψ

1326 2242 1484 2323 DE
1529 2240 1972 2324 SANCTA

735 2519 910 2585 LQui
953 2517 1209 2572 adversus
1236 2522 1474 2569 sanctam
1522 2521 1577 2568 et
1600 2513 2251 2585 consubstantialemi'l‘ri-

661 2584 884 2644 nitatem
913 2589 1118 2653 linguas
1146 2596 1340 2639 acuunt
1361 2595 1415 2638 et
1441 2585 1722 2647 ferncinnt,
1749 2584 2090 2653 nitunturque
2114 2584 2241 2638 Uni-

661 2665 849 2729 geniti,
895 2667 950 2713 et
990 2652 1221 2729 Spiritus
1257 2653 1450 2729 sancti~
1466 2653 1773 2729 dignitatem
1814 2652 2110 2729 destruere,
2158 2669 2242 2706 ar-

671 2721 906 2797 guuntur
933 2721 1147 2797 quidem
1175 2725 1242 2778 ab
1273 2724 1389 2792 ipso
1418 2721 1618 2797 Spiritu
1649 2731 1853 2797 sancto.
1876 2724 2247 2797 quiloqnutus

657 2791 743 2852 Est
793 2811 888 2866 per
928 2791 1242 2866 prophetas,
1282 2791 1336 2846 et
1363 2808 1394 2845 a
1435 2791 1612 2866 Verbo
1650 2792 1790 2861 quod
1823 2793 2128 2860 przedicavit
2164 2793 2246 2846 sui

663 2862 832 2937 ipsius
856 2862 1136 2937 proprium
1173 2865 1224 2917 in
1249 2877 1410 2937 carne
1438 2862 1744 2937 adventum,
1786 2872 2002 2937 propter
2047 2878 2145 2937 nos
2181 2878 2245 2916 ex

660 2931 846 2992 sancta
859 2931 1086 3004 'Virgine
1113 2932 1330 2998 factum,
1359 2931 1683 3004 inelTabilem
1713 2940 1768 2986 et
1791 2933 2122 2986 alterationis
2146 2948 2240 2985 cx-

661 3015 869 3077 pcrtem
925 3002 1140 3077 propter
1182 3017 1310 3077 suas
1338 3002 1682 3077 dignitates:
1735 3011 2021 3077 arguentur
2067 3012 2246 3077 autem

660 3071 939 3146 postremo
961 3071 1307 3146 inidie‘justi
1331 3071 1536 3146 iudicii,
1577 3071 1791 3146 quando
1838 3072 2249 3146 iterum_veni_et

660 3141 730 3200 de
757 3146 891 3200 cazlo
915 3154 973 3224 ut
1000 3141 1326 3224 gloriﬁcet‘ur
1354 3142 1405 3194 in
1437 3142 1633 3220 sanctis
1661 3143 1808 3224 suis,
1829 3149 1883 3194 et
1920 3141 2246 3224 admirabilis

661 3225 916 3298 appareat
939 3210 1100 3292 iniis,
1131 3212 1217 3278 qui
1248 3210 1486 3298 lidem'in
1518 3225 1576 3264 se
1604 3211 1970 3298 custodierunt
1984 3213 2244 3298 immuta.-

662 3279 864 3340 biliter.
889 3283 1015 3337 Ausi
1039 3291 1214 3335 autem
1239 3289 1384 3343 sunt,
1413 3279 1617 3342 fratres,
1640 3281 1956 3332 Arianorum
1977 3279 2243 3347 discipuli,

659 3363 717 3410 et
761 3354 852 3424 qui
899 3353 1100 3406 insania
1153 3351 1652 3403 Macedonianorum
1695 3349 2024 3424 laborabant,
2067 3350 2246 3424 dicere

665 3419 830 3479 Deum
862 3437 1110 3491 magnum
1141 3431 1191 3491 ει
1216 3435 1460 3488 parvum,
1488 3427 1543 3473 et
1570 3419 2023 3491 creatunrDeum,
2050 3419 2244 3491 Genti-

666 3492 872 3548 litatem
913 3486 1064 3544 nobis
1103 3486 1620 3543 subintroducentes.
1653 3486 1942 3542 Gentilium
1976 3489 2116 3541 enim
2165 3497 2248 3541 est

663 3572 964 3616 creaturam
993 3561 1238 3622 adorare,
1278 3568 1334 3611 et
1371 3559 1532 3611 alium
1563 3573 1626 3610 ex
1667 3559 1768 3617 diis
1802 3559 1914 3611 suis
1956 3559 2243 3626 majorem,

661 3633 825 3686 alium
865 3632 1125 3685 minorem
1168 3628 1362 3682 facere.
1395 3629 1684 3680 Enimvero
1715 3629 1758 3680 si
1780 3628 1831 3680 in
1863 3628 2039 3695 aliquo
2067 3628 2247 3681 delicit

661 3702 826 3756 Filius
847 3701 927 3754 vel
949 3701 1176 3768 Spiritus
1200 3706 1437 3761 sanctus,
1465 3713 1568 3768 non
1591 3707 1670 3762 est
1693 3698 1857 3768 Deus.
1884 3697 2076 3750 Paulus
2097 3699 2244 3751 enim

659 3767 1058 3840 reprehendens
1106 3770 1224 3823 illos
1251 3769 1320 3840 _in
1365 3767 1588 3836 epistola
1640 3767 1706 3819 ad
1759 3768 2029 3820 Romanos
2077 3768 2240 3840 dicit:

674 3837 900 3894 venerati
933 3849 1049 3892 sunt
1092 3848 1138 3891 et
1181 3838 1446 3904 coluerunt.
1479 3846 1761 3906 creaturam
1805 3854 1974 3906 supra,
2002 3853 2114 3888 eum
2160 3837 2244 3902 qui

663 3911 907 3975 condidit,
952 3911 1037 3978 qui
1078 3918 1150 3961 est
1178 3909 1230 3960 in
1259 3906 1486 3960 omnibus
1518 3905 1652 3958 Deus
1683 3905 1964 3978 benedictus
1974 3910 2009 3978 _(
2018 3906 2161 3978 liam.
2191 3908 2241 3960 l.

659 3981 774 4050 25).
806 3975 1034 4047 Quodsi
1071 3977 1296 4031 adorant
1324 3977 1940 4050 creatumm,_di_centes,
1973 3975 2162 4030 Filium
2190 3985 2246 4032 et

661 4046 915 4116 Spiritum
946 4059 1188 4101 sanetum
1219 4056 1536 4116 creaturam,
1573 4046 1838 4116 maledicti
1871 4058 2014 4108 sunt,
2047 4061 2243 4101 secun-

658 4115 782 4173 dum
823 4119 1018 4172 Mosem
1069 4117 1332 4170 dicentem
1364 4133 1376 4168 :
1407 4115 1710 4169 Maledictns
1735 4117 1898 4169 omnis
1936 4117 2023 4185 qui
2065 4117 2244 4170 adorat

659 4199 944 4242 creaturam
967 4197 1013 4241 et
1018 4191 1290 4310 (Iacturam
1321 4185 1494 4255 (Deut.
1521 4185 1610 4238 27.
1642 4188 1767 4256 15):
1803 4201 1901 4239 nos
1930 4197 2108 4240 autem
2136 4203 2242 4240 non

659 4269 957 4310 creaturam
985 4273 1013 4309 a
1051 4269 1290 4310 oramus.
1314 4255 1408 4309 sed
1440 4255 1752 4310 Trinitatem
1781 4257 2088 4310 increatam.
2121 4273 2241 4310 mu~

658 4269 957 4314 creaturam
985 4255 1290 4318 adoramus,
1314 4255 1408 4309 sed
1440 4255 1752 4310 Trinitatem
1781 4257 2088 4319 increatam,
2121 4273 2241 4310 mu-

661 4329 875 4382 tationis
904 4337 1175 4394 expertem
1220 4335 1274 4379 et
1306 4325 1832 4388 consubstantialem,
1853 4326 2116 4396 nihilque
2147 4327 2242 4379 ha-

659 4401 874 4453 bentem
900 4396 1246 4450 adventitium
1273 4396 1358 4448 vel
1384 4397 1593 4460 servile,
1617 4397 1701 4449 vel
1727 4395 1864 4465 quod
1897 4395 2245 4464 productione

661 4469 714 4521 in
765 4481 885 4521 esse
918 4466 1144 4527 venerit,
1175 4465 1324 4533 quasi
1355 4465 1499 4534 prius
1544 4465 1756 4533 quidem
1806 4481 1913 4518 non
1957 4468 2241 4532 exsistens,

661 4547 846 4607 postea
876 4546 1052 4589 autem
1073 4533 1379 4607 adveniens.
1405 4533 1556 4607 Vide,
1576 4550 1694 4598 oro,
1723 4537 2024 4589 testimonia
2047 4548 2246 4590 sanctas

658 4605 714 4661 et
741 4606 1208 4660 consubstantialis
1229 4605 1522 4668 Trinitatis,
1554 4614 1607 4658 et
1631 4621 1886 4659 venerare
1911 4607 2052 4659 illam
2076 4617 2241 4672 recte,

659 4692 729 4730 ne
773 4691 979 4744 pereas.
1013 4675 1079 4727 Et
1118 4675 1266 4740 dixit,
1298 4675 1486 4743 inquit,
1520 4674 1655 4727 Deus
1679 4691 1697 4728 :
1727 4677 1973 4746 faciamus
1994 4678 2246 4730 hominem

659 4748 937 4801 secundum
979 4746 1248 4814 imaginem
1294 4754 1536 4810 nostram,
1576 4754 1620 4797 et
1648 4746 1920 4798 secundum
1957 4746 2246 4800 similitudi-

659 4833 772 4869 nem
801 4814 953 4885 (Gen.
983 4817 1035 4869 1.
1064 4814 1179 4883 26).
1217 4814 1318 4886 υἱεῖ
1338 4814 1467 4886 mihi
1496 4830 1646 4884 ergo,
1677 4831 1799 4869 cum
1827 4831 1934 4886 quo
1959 4818 2244 4872 consilium

660 4887 757 4939 init
788 4886 965 4940 Deus?
988 4886 1118 4942 Cum
1149 4884 1376 4953 angelis,
1400 4885 1588 4953 inquit.
1623 4888 1690 4955 At
1721 4901 1826 4939 non
1847 4884 2048 4940 habent
2072 4887 2246 4955 angeli

660 4957 944 5025 imaginem
970 4956 1064 5009 Dei
1084 4955 1363 5025 :rloquitur
1383 4965 1558 5008 autem
1587 4953 1653 5007 ad
1680 4956 1990 5022 coopillcem
2024 4953 2242 5024 Filium,

659 5035 715 5080 et
760 5024 1002 5080 sanctum
1033 5024 1312 5094 Spiritum.
1343 5024 1409 5078 Et
1437 5034 1494 5077 ut
1517 5026 1728 5094 veritas,
1759 5025 1871 5079 haec
1899 5027 1991 5080 tibi
2024 5041 2244 5094 persua-

659 5096 868 5160 deatur,
908 5094 1031 5149 audi
1073 5093 1306 5147 Psaltem
1353 5093 1651 5148 dicentem:
1695 5093 1852 5148 Verbo
1899 5093 2103 5149 Domini
2134 5097 2245 5150 cwli

659 5166 847 5234 ﬁrmati
883 5175 1019 5227 sunt,
1046 5172 1112 5234 et
1146 5165 1334 5234 spiritu
1375 5163 1476 5218 oris
1506 5165 1614 5234 ejus
1663 5166 1825 5218 omnis
1871 5166 2028 5219 virtus
2073 5183 2246 5220 eorum

659 5180 847 5233 prntatt
883 5180 1019 5227 sunt,
1063 5180 1112 5217 et
1151 5181 1174 5216 s
1233 5180 1334 5216 mu
1375 5180 1476 5218 om
1506 5180 1614 5234 ejus
1663 5180 1825 5218 omms
1871 5180 2028 5219 virtus
2073 5183 2240 5220 eorum

657 5233 885 5302 (Psalm.
914 5235 1002 5290 52.
1032 5233 1109 5303 6).
1143 5180 1260 5288 [ign
1287 5235 1499 5303 ignoras
1539 5245 1715 5289 autem
1742 5235 1971 5290 Verbum
2000 5253 2120 5291 esse
2152 5236 2240 5290 Fi-

657 5305 827 5374 lium:
871 5305 1001 5358 dicit
1028 5305 1169 5358 enim
1211 5303 1445 5358 Joannes
1473 5304 1811 5374 Theologus:
1847 5304 1913 5358 Et
1957 5306 2090 5360 Deus
2137 5316 2245 5359 erat

669 5373 887 5455 Verbum
899 5374 1104 5455 Hann;
1189 5375 1254 5455 i)
1276 5383 1372 5455 :hct
1399 5374 1466 5455 de
1493 5373 1715 5455 Spiritu,
1745 5375 1968 5455 Spiritus
2006 5375 2245 5455 εει-ρεαδ

659 5444 783 5570 ut.
1069 5444 1204 5498 Dicit
1230 5444 1403 5530 igitur,
1417 5445 1555 5525 Deus
1593 5454 1649 5501 ει
1677 5445 1830 5526 Pater
1873 5447 1981 5501 Deo
2018 5447 2152 5500 Filio
2191 5456 2246 5501 et

819 5519 1040 5570 Spiritui
1081 5523 1304 5568 sancto:
1354 5513 1629 5568 Faciamus
1677 5522 1927 5570 hominem
1970 5518 2244 5570 secundum

667 5513 774 5585 Deo
812 5513 1040 5587 ,Sniritui
1081 5523 1304 5587 sancto;
1354 5513 1629 5587 Faciamus
1677 5516 1927 5570 hominem
1970 5518 2244 5571 secundum

659 5579 937 5646 imaginem
969 5586 1224 5633 nostram.
1263 5579 1328 5632 Et
1351 5596 1460 5634 non
1491 5582 1651 5647 dixit,
1693 5599 1868 5638 meam
1903 5594 1956 5639 et
1980 5594 2240 5650 vestram,

657 5661 837 5714 neque
868 5661 1040 5728 meam
1079 5657 1142 5728 et_
1167 5656 1336 5702 tuam.
1373 5650 1700 5728 Signiﬁcans
1740 5666 1919 5728 autem
1946 5654 2240 5728 Scriptura

655 5732 777 5789 esse
797 5730 960 5789 u_nam
985 5719 1272 5789 imaginem
1299 5719 1504 5775 sancite
1524 5721 1828 5786 Trinitatis,
1851 5724 1986 5777 dicit
2016 5719 2166 5789 (Gen.
2192 5728 2238 5780 l.

657 5783 772 5852 27).
808 5784 875 5841 Et
905 5783 1199 5864 fecitDeus
1228 5789 1509 5862 hominem,
1536 5783 1824 5849 secundum
1847 5783 2122 5867 imaginem
2147 5796 2240 5851 Dei

2015 2176 2174 2322 ET
2239 2237 3299 2325 CONSUBSTANTIALI

2132 2396 2500 2439 TRINITATB.

2361 2513 2479 2581 fecit
2497 2511 2666 2565 illum.
2708 2511 2854 2567 Sicut
2883 2520 2937 2567 et
2963 2511 3162 2566 Paulus
3185 2512 3380 2566 clamat
3399 2511 3468 2566 de
3495 2511 3666 2566 Filio:
3700 2511 3802 2579 Qui
3842 2530 3960 2566 cum

2349 2584 2414 2634 sit
2433 2583 2673 2653 splendor
2697 2583 2875 2651 gloria:
2901 2593 2947 2653 et
2975 2582 3154 2653 ﬁgura
3167 2583 3491 2646 substantia:(
3505 2581 3658 2653 Ileltr.
3706 2586 3756 2636 l.
3778 2584 3859 2653 ὅ).
3892 2586 3960 2637 Et

2350 2653 2579 2725 iterum:
2639 2651 2740 2725 Qui
2781 2661 2854 2725 est
2905 2652 3074 2725 imago
3101 2651 3214 2725 “Dei
3263 2652 3525 2725 invisibilis
3560 2651 3697 2725 (Col.
3745 2651 3955 2725 LIB).

2360 2722 2553 2775 lterum
2584 2730 2639 2774 et
2661 2721 2766 2774 alio
2794 2722 2911 2775 loco
2939 2719 3064 2775 dicit
3095 2722 3366 2788 Scriptura
3392 2739 3404 2773 :
3449 2719 3645 2786 Venite,
3672 2734 3717 2775 et
3748 2719 3958 2776 descru-

2346 2792 2547 2874 damus,
2597 2799 2642 2844 et
2684 2790 3813 2874 con-fundamus_illorumlittguasJGen.Il1
3845 2795 3903 2865 7)
3937 2812 3955 2874 ξ

2346 2861 2594 2925 dicendo,
2641 2859 2836 2926 venite,
2870 2875 3027 2930 pares
3065 2859 3269 2915 honore
3300 2871 3470 2914 vocat.
3513 2859 3699 2930 Neque
3728 2859 3951 2917 cnim'si

2344 2932 2550 2998 angelis
2577 2931 2911 3000 imperasset,
2957 2929 3136 2984 dicere
3164 2930 3366 2994 debuit,
3399 2929 3730 2991 venitcfsed
3776 2934 3953 3000 impc-

2347 3001 2535 3062 rando,
2562 3001 2652 3052 ite.
2688 2999 2818 3052 Vide
2843 3008 3042 3061 autem,
3072 3001 3320 3063 obsecro,
3343 3000 3615 3068 quomodo
3643 3001 3816 3055 Patris
3849 2999 3950 3055 m

2349 3069 2540 3122 Filium
2570 3079 2623 3122 et
2670 3069 2924 3137 Spiritum
2976 3078 3150 3122 vocet.
3191 3069 3324 3122 Nam
3363 3071 3406 3122 si
3457 3071 3524 3122 ad
3571 3086 3738 3124 unum
3774 3073 3951 3125 solum

2345 3138 2446 3192 hoc
2473 3139 2671 3192 dictum
2716 3148 2878 3201 esset,
2909 3137 3135 3191 debebat
3164 3138 3372 3204 dicere,
3405 3137 3540 3191 Veni
3571 3149 3629 3193 et
3656 3142 3954 3194 descendao

2344 3224 2462 3262 mus
2506 3217 2561 3262 et
2601 3206 2993 3261 confundamus
3042 3207 3252 3261 illorum
3305 3209 3550 3278 linguas;
3596 3211 3720 3278 quia
3769 3221 3952 3264 antem

2342 3278 2494 3342 dixit,
2527 3278 2735 3340 Venite,
2763 3278 2918 3348 unitas
2947 3286 3030 3330 est
3059 3292 3163 3348 vox
3192 3280 3256 3330 ad
3287 3276 3423 3331 duos
3455 3276 3660 3332 honore
3685 3281 3941 3348 aequales.

2342 3349 2480 3400 Audi
2525 3362 2732 3415 quoque
2760 3357 2814 3399 ct
2845 3347 3055 3399 beatum
3089 3346 3210 3409 Job,
3253 3347 3342 3416 qui
3391 3349 3672 3402 manileste
3710 3346 3951 3404 declarat

2343 3417 2749 3484 inseparabilem
2775 3417 3110 3470 Trinitatem.
3141 3416 3273 3469 Dicit
3297 3417 3442 3471 enim
3465 3434 3478 3468 :
3515 3416 3647 3470 Vivit
3674 3417 3946 3484 Dominus,

2343 3488 2523 3560 quisic
2549 3503 2626 3560 me
2638 3486 2908 3555 judicavit,
2942 3496 2986 3538 et
3015 3488 3469 3560 omnipotens,»q_ui
3491 3489 3833 3560 amaritudine
3856 3492 3945 3560 af"

2339 3559 2458 3626 fecit
2506 3558 2730 3608 animam
2755 3572 2939 3619 meam,
2987 3567 3033 3607 et
3071 3557 3280 3626 spiritus
3323 3556 3522 3610 divinus
3549 3559 3633 3622 qui
3663 3567 3856 3612 tenetur
3888 3556 3945 3611 in

2341 3624 2547 3679 naribus
2563 3627 2684 3678 meis
2703 3626 2753 3696 (J
2762 3627 2843 3705 ab.
2857 3626 2949 3678 27.
2967 3624 3124 3705 2³15).
3151 3626 3384 3680 Dicenda
3406 3627 3761 3705 Dominumet
3774 3628 3948 3705 on_tn_i-

2341 3706 2611 3764 potentem
2642 3705 2695 3749 et
2721 3697 2960 3764 spiritum
2988 3696 3224 3749 divinum
3243 3736 3259 3760 ,
3287 3697 3799 3750 consubstantialem
3825 3697 3944 3751 Tri-

2340 3767 2559 3818 nitatem
2576 3765 2846 3833 praedicat.
2872 3766 3024 3819 Disce
3049 3777 3102 3819 et
3118 3767 3373 3835 hymnum
3395 3766 3678 3835 Seraphim
3704 3767 3942 3828 claman-

2341 3836 2470 3888 tium
2505 3837 2687 3897 tertio,
2722 3837 2976 3899 Sanctus,
3008 3834 3249 3901 sanctus,
3291 3845 3493 3888 sanctus
3537 3834 3702 3906 (lsai.
3749 3840 3802 3889 6.
3834 3838 3940 3898 5):

2339 3921 2446 3958 non
2477 3907 2618 3959 enim
2651 3905 2832 3958 dicunt
2871 3906 3037 3960 semel
3073 3914 3300 3969 tantum,
3331 3905 3593 3970 Sanctus,
3643 3921 3816 3975 neque
3855 3907 3935 3959 bis

2339 3976 2589 4041 Sanctus,
2619 3990 2793 4043 neque
2818 3984 3030 4041 quater,
3060 3990 3233 4042 neque
3253 3974 3472 4038 dicunt,
3503 3975 3709 4038 Sancti,
3733 3974 3936 4040 sancti,

2350 4047 2541 4109 Sancti,
2572 4054 2630 4098 ut
2654 4060 2722 4098 ne
2742 4045 2921 4098 multis
2945 4045 3252 4098 nominibus
3281 4045 3476 4098 multos
3503 4044 3638 4099 deos
3668 4046 3822 4099 nobis
3860 4044 3937 4098 in-

2338 4115 2612 4179 ducerent,
2640 4114 2735 4168 sed
2756 4130 2916 4167 unum
2938 4115 3131 4167 solum.
3149 4114 3254 4167 Ter
3273 4125 3448 4167 autem
3465 4114 3673 4178 dicunt,
3695 4114 3935 4179 Sanctus,

2339 4196 2562 4249 sanctus,
2589 4194 2823 4247 sanctus;
2855 4184 2935 4236 his
2961 4185 3105 4254 enim
3129 4183 3472 4237 manifestam
3494 4199 3654 4238 unam
3684 4194 3742 4239 et
3760 4201 3934 4254 xequa-

2340 4255 2444 4307 lem
2483 4256 2703 4324 gloriam
2738 4254 2930 4316 Patris,
2963 4261 3017 4306 et
3049 4252 3184 4317 Filii,
3212 4263 3267 4324 et
3296 4254 3527 4324 Spiritus
3571 4258 3770 4310 saneti.
3807 4252 3935 4308 Audi

2340 4326 2468 4378 item
2493 4323 2545 4378 et
2568 4325 2884 4394 prepbctam
2901 4323 3166 4395 dicentem
3190 4341 3204 4374 :
3230 4323 3456 4391 Spiritus
3479 4323 3689 4395 Domini
3708 4328 3936 4395 loquutus

2338 4407 2408 4448 est
2440 4396 2492 4447 in
2522 4391 2619 4460 me,
2651 4391 2696 4446 et
2722 4410 2887 4446 sermo
2915 4391 3055 4464 illius
3085 4395 3137 4445 in
3179 4409 3402 4464 oreﬂmeo
3435 4393 3525 4458 (2.
3557 4395 3689 4464 Reg.
3724 4391 3816 4448 23.
3846 4394 3932 4458 2).

2339 4465 2511 4533 Supra
2535 4465 2732 4518 dictum
2775 4473 2893 4528 cst,
2931 4462 3070 4516 Deus
3110 4472 3216 4516 erat
3256 4461 3490 4515 Verbum.
3533 4461 3674 4518 Ecce
3714 4466 3932 4519 dicendo

2339 4537 2583 4604 Spiritum
2614 4535 2846 4604 Domini,
2875 4543 2930 4596 et
2967 4533 3296 4604 verbum,et
3331 4533 3637 4596 Dominum,
3686 4535 3932 4603 praedicat

2339 4603 2745 4674 inseparabilem
2773 4603 3109 4657 Trinitatem.
3142 4603 3482 4674 Vide_autem
3523 4615 3579 4658 et
3609 4615 3718 4658 tres
3746 4619 3930 4674 pueros

2339 4676 2392 4730 in
2418 4671 2653 4740 camino,
2684 4688 2873 4728 omnes
2897 4682 3172 4728 creaturas
3195 4684 3249 4727 et
3276 4671 3529 4736 facturas,
3559 4684 3617 4727 ut
3644 4671 3929 4742 gloriﬁcent

2339 4746 2530 4813 Deum,
2561 4753 2834 4807 vocantes,
2879 4743 3075 4809 solem,
3116 4743 3320 4809 lunam,
3365 4744 3573 4808 stellas,
3620 4747 3807 4809 caalos,
3840 4759 3926 4798 an-

2339 4818 2507 4884 gelos,
2542 4816 2785 4879 virtutes,
2821 4814 3089 4876 homines,
3121 4815 3362 4883 spiritus,
3393 4829 3608 4884 omnem
3635 4827 3928 4869 creaturam

2339 4883 2600 4940 visibilem
2640 4893 2697 4939 et
2740 4884 3061 4938 invisibilem
3089 4894 3144 4938 et
3171 4893 3349 4937 mente
3378 4883 3683 4952 praeditam,
3727 4897 3782 4939 et
3810 4899 3926 4938 nus-

2338 4970 2495 5024 quam
2517 4963 2905 5009 connumerant
2924 4954 3117 5007 Filium
3143 4953 3228 5008 vel
3254 4953 3779 5024 Spiritumisanctum
3803 4957 3924 5008 inter

2339 5023 2567 5094 opilicia.
2599 5025 2750 5094 Quod
2779 5025 2822 5077 si
2862 5024 3145 5094 contendis
3183 5024 3324 5092 quod
3362 5037 3484 5077 cum
3509 5023 3682 5077 Judaei
3720 5035 3922 5082 essent.

2340 5095 2636 5165 ignorarint
2663 5093 2919 5163 Spiritum
2926 5102 3003 5165 _et
3035 5093 3248 5156 Filium,
3278 5093 3693 5165 reprehenderis
3716 5110 3834 5148 mox
3864 5095 3925 5147 ab

2339 5161 2525 5219 eadem
2555 5161 2875 5235 Scriptura;
2917 5161 3047 5235 Erat
3088 5165 3230 5235 enim
3272 5161 3515 5235 quartus,
3562 5164 3758 5232 inquit,
3797 5165 3922 5235 quasi

2337 5236 2616 5289 similitudo
2665 5232 2790 5288 Filii
2833 5233 2927 5288 Dei
2971 5233 3132 5303 (Dan.
3183 5234 3237 5287 5.
3269 5232 3385 5303 92).
3416 5234 3490 5288 De
3535 5246 3728 5289 saneto
3762 5232 3921 5288 autem

2337 5306 2536 5374 Spiritu
2577 5304 2741 5358 dicit:
2783 5303 3037 5374 Excitauit
3077 5302 3234 5374 Deus‘
3256 5302 3459 5374 Spiritu
3496 5313 3676 5374 sancto
3727 5321 3920 5374 puerum

2339 5372 2611 5440 iuniorem,
2637 5375 2719 5428 cui
2748 5389 2930 5428 nomen
2959 5373 3145 5428 Daniel
3174 5372 3334 5442 (Dan.
3362 5375 3450 5427 15.
3482 5373 3596 5443 45).
3629 5373 3698 5428 Ει
3728 5372 3793 5426 in
3819 5375 3916 5426 aliis

2341 5446 2523 5499 multis
2549 5446 2682 5515 locis
2706 5445 3094 5515 praenuntiatus
3121 5454 3204 5498 est
3231 5443 3464 5515 Spiritus
3481 5447 3535 5497 in
3556 5445 3723 5499 veteri
3747 5444 3891 5498 Testa

2337 5526 2539 5570 mento.
2575 5514 2755 5585 Itaque
2785 5524 2982 5569 norant
3029 5515 3244 5582 quidem
3290 5514 3503 5568 Patrem
3549 5526 3605 5568 ει
3646 5515 3832 5569 Filium
3872 5524 3925 5568 et

2337 5586 2594 5654 Spiritum
2619 5586 2778 5639 unius
2803 5600 2924 5640 esse
2951 5585 3163 5638 deitatis
3179 5593 3232 5638 et
3260 5587 3512 5654 potentiae
3533 5602 3548 5647 ;
3573 5594 3627 5639 et
3647 5585 3792 5655 gnari
3808 5598 3916 5655 cum

2340 5653 2541 5719 essent,
2566 5670 2628 5710 ea
2655 5671 2774 5724 qua:
2801 5656 2874 5710 illi
2901 5655 3230 5719 serviebant,
3261 5653 3621 5723 provocarunt
3640 5653 3705 5709 ad
3734 5653 3922 5723 gloriﬁ-

2335 5728 2562 5781 candum
2589 5727 2863 5779 deitatem.
2898 5726 2968 5781 Ut
2997 5735 3172 5779 autem
3198 5727 3338 5778 scias
3366 5725 3507 5794 quod
3537 5725 3666 5785 nihil
3688 5725 3910 5778 adventi-

2339 5798 2470 5854 tium
2498 5798 2578 5854 vel
2620 5808 2859 5855 creatum
2891 5796 3138 5852 Trinitati
3176 5794 3418 5865 accedat,
3458 5795 3676 5862 Paulus,
3702 5797 3786 5866 qui
3821 5794 3920 5848 Ιί-
