4122 6334
702 376 831 428 10111

699 482 1059 537 'l'estamenti?
1102 482 1231 537 Nam
1277 481 1415 552 quod
1472 497 1661 537 novam
1708 483 1877 552 legem
1925 482 2035 549 ipse
2070 482 2273 548 tulerit,

701 569 873 623 iit-que
891 564 942 605 ιιι
964 554 1162 607 inficias
1186 551 1327 606 ieris.
1354 551 1419 606 Et
1442 564 1516 623 tu,
1536 553 1806 623 Bethleem,
1828 552 2005 606 domus
2027 552 2274 623 Ephrata,

700 618 802 675 non
827 623 1031 674 minima
1053 638 1124 686 es,
1140 632 1193 674 ut
1222 624 1290 675 sis
1314 624 1367 676 in
1391 618 1609 675 millibus
1633 622 1669 675 Ι
1673 622 1774 676 uda
1796 638 1817 677 :
1844 639 1905 675 ea;
1930 632 1977 675 te
1994 625 2126 674 enim
2154 622 2279 675 mihi

697 692 979 758 egredietur
1005 692 1125 753 dux,
1154 700 1199 743 et
1223 694 1527 761 egressiones
1565 692 1775 761 ejusiab
1820 693 1963 755 initio
1989 692 2206 758 dierum,
2228 702 2278 745 et

697 763 803 825 ipse
824 772 953 830 reget
975 762 1219 829 populum
1249 760 1413 815 meum
1434 760 1596 815 Israel
1624 760 1805 829 (Mich.
1834 762 1887 815 5.
1922 761 1974 821 2;
2008 761 2193 814 Matth.
2217 762 2273 815 2.

808 828 1153 913 Videsn‘nuui
1187 831 1436 913 populum
1464 828 1639 913 Patris
1653 842 1707 885 et
1735 830 1898 913 Filii
1925 830 2273 913 Filiqsdicit:

702 900 803 951 Ero
820 901 887 953 eis
912 902 964 953 in
994 900 1173 969 Deum,
1214 911 1258 953 et
1302 901 1399 969 ipsi
1451 901 1575 953 mihi
1619 902 1673 953 in
1725 900 1989 969 populum.
2022 900 2178 954 Pater
2206 900 2274 955 de

700 970 909 1024 Christo
935 970 1105 1025 dicit:
1134 968 1199 1021 Et
1242 968 1375 1040 reget
1400 971 1642 1041 papulam
1682 968 1846 1024 meum
1893 971 2075 1024 Israel.
2125 971 2278 1025 Disce

699 1054 860 1092 unum
885 1055 1103 1110 regnum
1132 1041 1302 1093 Patris
1327 1050 1380 1094 et
1406 1040 1547 1094 Filii.
1573 1040 1931 1110 Quacumque
1959 1049 2134 1095 autem
2158 1050 2277 1109 post

703 1111 815 1163 haec
843 1109 960 1178 ipso
990 1112 1237 1179 loquente
1258 1109 1407 1164 audis
1440 1109 1681 1175 humilia,
1716 1109 1993 1178 posttjuam
2014 1126 2078 1163 ex
2106 1110 2273 1164 bene-

701 1180 896 1244 placito
922 1195 1018 1234 suo
1042 1181 1343 1234 incarnatus
1362 1189 1463 1245 est,
1494 1190 1547 1233 et
1569 1195 1688 1234 sese
1728 1180 2020 1235 huniiliavit
2059 1188 2277 1249 propter

704 1250 975 1303 hominum
997 1250 1243 1313 salutem,
1268 1249 1380 1303 hinc
1401 1259 1459 1303 ut
1481 1249 1697 1319 dignum
1744 1260 1825 1303 est
1866 1250 1978 1304 Deo
2021 1249 2274 1319 intelligo.

703 1320 831 1391 Nam
863 1320 1010 1374 litera
1042 1321 1256 1384 occidit,
1284 1321 1497 1389 spiritus
1517 1318 1691 1374 autem
1725 1319 1951 1374 vivificat
1972 1319 2048 1391 (2.
2070 1318 2187 1374 Cor.
2219 1321 2272 1374 5.

701 1392 778 1458 6).
810 1390 1083 1461 Eteninisi
1113 1391 1363 1461 apostolis
1383 1395 1475 1459 qui
1509 1391 1754 1444 viderant
1801 1406 1895 1444 sua
1942 1391 2194 1461 miracula
2222 1399 2277 1444 et

702 1462 753 1513 in
778 1461 991 1513 nomine
1020 1460 1184 1528 ipsius
1211 1475 1395 1515 omnes
1420 1461 1633 1515 morbos
1659 1468 1993 1524 curaverant,
2024 1460 2232 1514 dicebat
2258 1476 2272 1511 :

701 1530 867 1583 Multa
888 1529 1022 1583 vobis
1053 1532 1208 1584 habeo
1231 1530 1416 1597 dicere,
1442 1530 1530 1585 sed
1552 1548 1651 1584 non
1675 1532 1879 1599 potestis
1902 1538 2108 1598 portare
2125 1531 2275 1599 modo

724 1600 875 1653 Joan.
896 1600 998 1671 716.
1030 1600 1119 1671 12)
1150 1601 1312 1668 :quid
1332 1615 1481 1671 ergo
1524 1601 1589 1671 ad
1621 1598 1787 1654 multo
1834 1601 2150 1671 crassiorem
2178 1598 2275 1671 liu-

737 1670 908 1725 ;t:tim?
935 1671 1063 1724 Nam
1092 1669 1134 1724 Si
1163 1687 1281 1725 cum
1310 1670 1531 1731 diceret.
1565 1669 1868 1738 Priusquam
1899 1669 2153 1722 Abraham
2179 1670 2273 1734 ﬁe-

699 1751 792 1804 ret,
820 1757 910 1811 ego
938 1758 1050 1794 sum
1091 1739 1251 1809 (Ibid.
1284 1745 1335 1795 8.
1364 1741 1473 1809 58),
1511 1742 1735 1811 tulerunt
1770 1739 2003 1811 lapides,
2043 1739 2279 1811 utglapi-

705 1808 893 1863 darent
915 1813 1084 1881 ipsum
1102 1808 1129 1865 ':
1157 1811 1423 1881 quomodq
1448 1811 1571 1878 quid
1594 1810 1872 1881 sublimius
1898 1809 1997 1881 sibi
2025 1808 2275 1881 dici‘sus-

706 1878 1024 1935 tinuissent?
1077 1878 1240 1935 Sic’et
1286 1882 1336 1934 in
1383 1879 1561 1935 Veteri
1606 1880 1772 1934 multa
1802 1880 2035 1935 inveniet
2063 1878 2181 1946 quis
2209 1879 2275 1931 de

704 1950 860 2003 Patre
887 1950 987 2003 diei
1038 1967 1131 2015 pro
1180 1950 1529 2005 crassitudine
1579 1950 1877 2003 auditorum
1906 1968 1918 2001 :
1947 1957 2024 2011 ut,
2070 1949 2272 2016 Septem

697 2021 829 2073 oculi
857 2019 1061 2072 Domini
1087 2021 1399 2089 respicientes
1424 2022 1591 2075 orbem
1607 2030 1849 2073 terrarunt
1867 2018 2046 2089 (Zarh.
2067 2017 2272 2089 4.710):

700 2100 773 2153 ct,
808 2089 873 2143 In
898 2088 1173 2143 velamento
1209 2090 1406 2143 alarum
1455 2101 1657 2155 tuarum
1700 2088 1924 2160 proteges
1969 2088 2093 2160 me(
2128 2088 2269 2160 I_'sal.

700 2162 787 2214 16.
820 2160 875 2229 8)
907 2171 1015 2226 :et,
1046 2160 1297 2221 Excitare,
1329 2171 1381 2212 ut
1410 2161 1529 2229 quid
1554 2156 2268 2225 obdormis,'DominelPsal.

698 2232 789 2284 43.
818 2228 946 2300 25)?
976 2240 1051 2291 et,
1085 2229 1199 2282 Nisi
1239 2228 1461 2282 conversi
1504 2231 1726 2299 fueritis,
1766 2231 1993 2299 gladium
2031 2228 2275 2300 suum‘ri-

701 2301 857 2352 bravit
890 2299 907 2351 ἐ
930 2316 1104 2351 arcum
1132 2316 1276 2351 suum
1303 2300 1534 2357 intendit.
1560 2310 1607 2350 et
1636 2300 1831 2364 paravit
1852 2300 1993 2350 illum
2023 2314 2041 2350 :
2066 2299 2272 2365 sagittas

696 2386 813 2423 suas
834 2370 1118 2423 ardentibus
1142 2368 1301 2435 e/fecit
1326 2368 1495 2438 (Psal.
1527 2369 1579 2422 7.
1606 2370 1691 2423 15.
1716 2369 1826 2435 14).
1858 2369 1919 2421 Ει
1957 2368 2223 2435 quomodo
2249 2370 2271 2419 ?

697 2439 879 2508 Neque
909 2442 1047 2493 enim
1081 2440 1307 2492 volatilis
1350 2450 1431 2492 est
1485 2440 1642 2503 Deus,
1670 2454 1842 2507 neque
1871 2453 2055 2493 somno
2080 2451 2272 2506 grava-

698 2520 800 2573 tur,
830 2525 999 2577 neque
1030 2510 1109 2562 vel
1132 2510 1335 2577 gladius
1363 2508 1501 2576 apud
1534 2509 1718 2569 Deum,
1754 2509 1832 2561 vel
1864 2524 2038 2573 arcus,
2067 2511 2149 2560 vel
2176 2523 2265 2560 sa-

696 2580 841 2647 gilltﬁ
875 2598 887 2631 :
923 2581 1263 2648 incorporeus
1284 2581 1424 2632 enim
1458 2580 1594 2632 Deus
1620 2588 1719 2632 est.
1744 2578 1937 2631 Verum
1967 2577 2079 2631 hinc
2106 2577 2271 2630 inter-

699 2660 930 2703 nunatur
950 2650 1225 2718 propheta,
1246 2649 1502 2702 utexcitet
1518 2648 1813 2701 auditorum
1844 2648 2266 2718 crassitudinem:

699 2720 771 2771 ita
798 2728 850 2772 et
883 2717 1019 2772 Deus
1047 2719 1282 2772 Verbum
1316 2728 1531 2787 propter
1571 2732 1667 2770 nos
1709 2719 2011 2771 incarnatus
2061 2717 2272 2771 imitans

701 2789 911 2843 Patrem
937 2804 1089 2841 suum
1128 2788 1345 2840 humilia‘
1387 2790 1638 2856 loquitur,
1682 2788 1749 2841 ad
1779 2798 2015 2840 nostram
2047 2788 2270 2840 salutent

698 2860 1008 2926 respiciens.
1046 2858 1313 2927 Quoniam
1359 2858 1498 2927 cnim
1546 2860 1713 2927 ipsum
1766 2858 2124 2927 adversarium
2166 2860 2271 2927 l'eo

701 2929 956 2997 putabant
979 2970 995 2995 ,
1024 2926 1262 2982 dicentes
1287 2946 1299 2979 :
1332 2926 1450 2980 Non
1475 2938 1546 2980 est
1574 2929 1654 2979 hic
1674 2944 1705 2979 a
1729 2927 1831 2981 Deo
1853 2926 2027 2993 (Joan.
2058 2926 2110 2980 9.
2144 2926 2265 2995 lli):

696 3010 777 3076 et._
807 2998 1031 3076 De_bono
1056 3014 1202 3076 apere
1228 3015 1328 3050 non
1359 2998 1646 3076 lapidamus
1677 2998 1873 3076 te_,_s.ed
1920 2998 2268 3076 propterﬁbla-

694 3070 976 3136 sphemiam
998 3109 1010 3127 ,
1047 3066 1163 3134 quia
1191 3079 1243 3121 tu
1271 3085 1384 3120 cum
1410 3069 1556 3119 homo
1596 3070 1685 3128 sis,
1715 3068 1839 3135 facis
1866 3066 2079 3135 teipsum
2106 3066 2269 3136 Deum

699 3135 863 3206 (Ibid.
899 3139 986 3193 10.
1016 3139 1104 3207 55)
1140 3156 1153 3191 :
1186 3148 1238 3191 et
1280 3148 1492 3207 propter
1515 3138 1617 3191 hoc
1644 3138 1949 3205 qu.erebaut
1989 3152 2107 3207 eum
2134 3135 2273 3204 lupi.

693 3204 839 3273 dare,
868 3210 1004 3277 quod
1032 3204 1134 3262 neu
1163 3204 1331 3261 solum
1356 3204 1584 3262 solveret
1609 3204 1903 3270 sabbatum,
1933 3204 2025 3259 sed
2049 3207 2185 3273 quod
2216 3216 2270 3260 et

697 3280 904 3334 Patrem
946 3294 1095 3332 suum
1124 3279 1321 3333 diceret
1370 3279 1568 3343 Deum,
1610 3278 1865 3341 mqualem
1907 3277 2137 3343 seipsum
2192 3277 2268 3329 fa-

694 3351 842 3402 ciens
866 3350 977 3401 Deo
1011 3367 1022 3401 :
1051 3357 1103 3401 et
1143 3348 1261 3401 ideo
1285 3350 1403 3417 quia
1436 3365 1539 3400 non
1580 3347 1856 3414 capiebant
1902 3347 2147 3399 sublimia
2171 3387 2184 3408 ,
2217 3356 2270 3399 et

693 3434 787 3472 sua
814 3420 1009 3473 deitate
1036 3419 1213 3487 digna,
1263 3419 1445 3486 incipit
1486 3417 1700 3471 humilia
1726 3418 1931 3487 dicere,
1975 3431 2067 3487 per
2094 3417 2268 3469 omnia

694 3489 974 3543 declarans
997 3504 1056 3542 se
1088 3485 1190 3541 non
1222 3503 1340 3543 che
1372 3485 1479 3541 Deo
1507 3489 1848 3541 contrarium.
1901 3486 1960 3539 Si
1992 3485 2269 3555 diligeretis

698 3576 793 3619 me,
824 3559 1105 3626 gauderetis
1136 3559 1322 3627 utique,
1357 3559 1476 3627 quia
1518 3574 1607 3627 ego
1638 3556 1764 3609 vado
1798 3557 1864 3608 ad
1889 3573 1997 3608 eam
2026 3559 2109 3627 qui
2139 3558 2270 3627 misit

699 3646 776 3680 me
806 3624 1033 3691 Patrem,
1058 3624 1294 3696 quoniam
1323 3624 1476 3680 Pater
1514 3624 1650 3679 meus
1677 3628 1839 3695 major
1866 3642 1943 3679 me
1968 3637 2038 3678 est
2087 3624 2266 3697 (Ibid.

702 3701 785 3753 l4.
814 3699 905 3767 28)
935 3718 945 3748 :
978 3699 1187 3767 quando
1214 3698 1353 3751 enim
1382 3699 1613 3766 scipsum
1649 3697 1902 3767 aqualem
1922 3696 2072 3767 Patri
2100 3696 2269 3749 facie-

700 3770 806 3831 bat,
842 3766 1071 3835 lapidare
1094 3768 1261 3836 ipsum
1289 3768 1636 3821 conabantur.
1659 3766 1809 3831 Quod
1840 3766 1885 3819 si
1920 3766 2033 3818 haec
2059 3781 2164 3836 non
2190 3768 2269 3819 sic

699 3855 758 3892 se
812 3839 1086 3903 haberent,
1115 3835 1382 3907 cogereris
1422 3837 1639 3891 laudare
1679 3837 1910 3901 Judaros,
1942 3835 2083 3907 quod
2127 3835 2270 3904 juste

696 3910 1076 3962 erueilixissent
1105 3905 1391 3971 Christum,
1424 3907 1854 3961 utadvet‘sarium
1885 3907 1997 3960 Dei.
2027 3905 2157 3959 Nam
2180 3907 2271 3975 qui

696 3980 1039 4047 semetipsum
1069 3981 1324 4045 aequalem
1358 3978 1466 4030 Deo
1494 3988 1547 4031 et
1576 3978 1714 4047 Patri
1747 3978 1887 4039 facit,
1924 3991 2044 4030 cum
2074 3992 2177 4029 non
2202 3977 2271 4029 sit

697 4050 837 4112 talis,
869 4046 912 4103 is
938 4050 1046 4101 Deo
1072 4048 1408 4101 adversarius
1431 4057 1531 4101 est.
1563 4046 1823 4101 Cteterum
1848 4046 2072 4099 mendax
2098 4047 2197 4100 erit
2217 4056 2269 4100 et

696 4118 913 4183 Paulus,
963 4119 1182 4172 dicens:
1212 4117 1333 4170 Non
1374 4118 1607 4185 rapinam
1652 4118 1921 4169 arbitratus
1958 4127 2026 4168 est
2067 4132 2119 4169 se
2166 4133 2272 4170 esse

693 4191 935 4259 aqualem
956 4188 1064 4241 Deo
1086 4188 1342 4258 (Philipp.
1369 4186 1422 4241 2.
1453 4188 1529 4259 6).
1560 4187 1695 4253 Quid
1718 4188 1871 4259 igitur
1897 4185 2268 4259 estHSalvator,

696 4256 988 4313 secundum
1011 4256 1151 4327 quad
1182 4256 1495 4312 incarnatus
1512 4274 1617 4312 non
1644 4262 1761 4311 est?
1790 4257 1948 4327 Sicin
1976 4256 2064 4309 illo
2090 4273 2101 4308 :
2128 4256 2270 4309 Vada

692 4330 761 4381 ad
792 4328 993 4385 Patrem
1017 4326 1201 4393 meum,
1226 4338 1270 4382 et
1300 4327 1503 4380 Patrem
1530 4338 1764 4392 vestrum,
1792 4338 1837 4379 et
1864 4326 2027 4378 Deum
2074 4343 2263 4392 meum,

692 4412 739 4455 et
760 4398 924 4454 Deum
948 4412 1163 4455 vestrum
1203 4400 1220 4470 (
1253 4398 1407 4454 Joan.
1440 4399 1529 4452 20.
1563 4399 1627 4451 17
1655 4399 1672 4466 )
1706 4417 1717 4450 :
1747 4397 1900 4450 aliter
1923 4405 2075 4470 vocat
2114 4411 2267 4449 smim

692 4472 981 4526 secundum
1009 4466 1267 4537 naturam,
1301 4482 1354 4525 et
1385 4471 1542 4525 aliter
1565 4477 1803 4522 nostrum
1827 4466 2119 4537 secundum
2149 4482 2270 4534 gra—

693 4544 818 4616 tiam
850 4553 904 4595 et
924 4542 1259 4611 adoptionem
1288 4559 1299 4596 :
1326 4543 1481 4595 aliter
1506 4555 1663 4594 suum
1698 4548 1915 4616 propter
1959 4536 2271 4616 bonam-vo-

694 4613 970 4679 luntatem,
1000 4607 1052 4665 ei
1083 4624 1294 4680 propter
1314 4623 1545 4665 creatam
1566 4608 2019 4680 assuuiptiouem;
2044 4614 2100 4659 et
2117 4607 2272 4659 aliter

692 4693 932 4737 nostrum
954 4676 1020 4736 ut
1058 4676 1442 4735 creaturarum.
1485 4681 1635 4748 Quod
1674 4682 1716 4733 si
1762 4678 1814 4733 iu
1859 4678 1943 4729 his
1968 4676 2267 4748 disceptas,

693 4756 862 4821 potuit
882 4752 1059 4823 dicere
1088 4753 1297 4807 Patrem
1322 4746 1559 4805 nostruin
1581 4761 1634 4804 et
1655 4760 1910 4823 vestrum,
1926 4762 2030 4801 non
2059 4746 2268 4823 Pati-eui

692 4816 867 4878 iuenm
898 4820 951 4875 ct
977 4832 1209 4876 vestrum
1243 4838 1256 4873 :
1285 4823 1435 4891 cujus
1462 4836 1589 4891 ergo
1613 4822 1780 4890 gratia
1798 4821 1987 4891 divisit
2020 4831 2123 4891 ise-,7
2150 4816 2270 4891 _nisi

693 4904 749 4945 ut
778 4895 911 4946 hanc
938 4908 1033 4945 nos
1060 4891 1169 4946 Deo
1195 4886 1404 4961 dignam
1433 4886 1749 4945 seuieuiiam
1779 4890 1991 4961 doceret
2014 4886 2227 4961 ?_Vides
2249 4928 2264 4953 ,

696 4964 883 5033 inquit,
912 4962 1179 5032 quomodo
1208 4958 1493 5033 iiidiguerit
1532 4971 1753 5033 paterno
1774 4959 2007 5033 (auxilio,
2038 4958 2221 5033 dicens
2250 4976 2265 5015 :

695 5027 847 5086 Nunc
872 5027 1047 5085 anima
1091 5048 1202 5085 mea
1231 5027 1429 5084 turbata
1458 5027 1551 5084 est.
1592 5030 1655 5083 Et
1697 5030 1818 5095 quid
1853 5028 2059 5082 dicam?
2088 5027 2265 5095 Pater,

695 5047 847 5086 :vunc
876 5048 1047 5085 anima
1091 5048 1202 5085 mea
1231 5047 1429 5084 turbata
1458 5047 1551 5084 est.
1592 5047 1655 5083 nt
1734 5047 1816 5082 uta
1853 5047 2057 5082 aleam:
2088 5047 2265 5095 rater,

690 5105 831 5157 salva
854 5119 930 5155 me
961 5117 1024 5154 ea:
1046 5102 1171 5155 hora
1216 5102 1310 5153 hac
1341 5100 1499 5169 (Ibid.
1522 5100 1608 5153 12.
1631 5047 1745 5171 271).
1770 5101 2057 5171 Perperam
2086 5099 2219 5171 legis
2252 5116 2267 5152 :

692 5172 827 5227 dixit
852 5189 865 5227 :
896 5170 1048 5223 Nunc
1073 5172 1242 5224 animo
1270 5187 1379 5224 mea
1400 5174 1595 5222 turbata
1614 5180 1685 5221 est
1704 5169 1731 5222 ἐ
1752 5179 1805 5222 et
1839 5184 1957 5223 cum
1976 5169 2271 5222 distinctio-

694 5258 815 5297 nem
845 5242 913 5295 ibi
948 5240 1179 5305 fecisset,
1208 5241 1423 5295 subdit:
1449 5237 1516 5293 Et
1552 5239 1672 5310 quid
1706 5236 2269 5310 dicaniigPaterLsalua

691 5329 769 5365 me
787 5329 849 5366 ea:
864 5314 991 5391 hora
1012 5311 1123 5372 hac,
1140 5310 1225 5391 sed
1242 5321 1503 5391 propterea
1524 5306 1631 5363 veni
1650 5311 1701 5362 in
1722 5308 1897 5389 horam
1917 5308 2068 5391 hanc.
2087 5306 2270 5391 binim-

690 5398 815 5437 vero
846 5397 938 5451 per
964 5380 1065 5434 hoc
1081 5380 1221 5451 quod
1238 5378 1387 5445 dixit,
1410 5378 1686 5450 Ριόριενεα
1707 5379 1816 5431 veni
1840 5379 1892 5430 in
1909 5378 2085 5451 liora_m
2115 5379 2266 5451 lianc,

688 5445 922 5507 ostendit
949 5465 1007 5504 se
1032 5445 1321 5505 salutarem
1353 5445 1576 5503 mortem
1608 5464 1711 5501 non
1741 5450 1921 5517 fugere
1948 5465 1962 5511 ;
2005 5445 2268 5517 Desiderio

689 5524 819 5575 enim
856 5520 1133 5573 desideravi
1152 5520 1247 5572 hoc
1276 5520 1463 5588 pascha
1490 5519 1789 5571 manducare
1806 5516 2067 5570 vobiscum
2096 5524 2113 5586 (
2140 5516 2266 5588 Luc.

688 5590 775 5643 22.
816 5591 923 5657 15),
966 5590 1155 5656 inquit.
1205 5586 1284 5643 Si'
1310 5589 1541 5657 possibile
1569 5599 1660 5651 est,
1701 5598 1917 5640 transeat
1959 5605 1989 5638 a
2031 5586 2269 5657 mecalia:

688 5662 783 5713 iste
802 5675 820 5711 :
839 5656 1173 5712 uerumtamen
1201 5656 1557 5721 nonvoluntas
1587 5658 1818 5718 mea,sed
1840 5671 1925 5709 tua
1947 5656 2264 5725 ﬁat(Matth.

686 5729 778 5784 26.
812 5730 921 5793 59).
953 5728 1214 5797 Numquid
1243 5740 1465 5783 mortem
1517 5728 1795 5792 formidat,
1844 5727 1946 5797 vel;
1977 5729 2168 5779 invitus
2199 5726 2265 5778 ad

690 5801 995 5869 passionem
1041 5792 1265 5869 accedit,
1293 5802 1381 5870 qui
1405 5800 1537 5854 dixit
1569 5818 1580 5851 :
1615 5792 2262 5868 OportetFiliumhomiuis

2188 373 2460 431 Si‘lllllA.

3826 381 3948 438 1092

2389 484 2548 559 multa
2583 482 2707 559 pa_ti,
2727 492 2783 559 _et_
2812 484 2991 559 occidi,
3015 497 3070 559 _e_t
3090 491 3315 559 μορφή,
3335 495 3395 559 et
3418 486 3563 540 tertia
3597 487 3683 542 die
3706 505 3946 559 raurgere

2389 550 2592 625 (Marc,
2622 554 2680 625 78.
2726 554 2857 621 δην
2877 554 2965 625 qui
2994 554 3130 625 dixit
3151 550 3170 607 ἐ
3203 554 3393 608 Solrite
3418 559 3660 625 templum
3687 560 3802 622 hoc,
3832 550 3878 613 ει
3902 564 3944 617 ia

2390 624 2549 675 tribus
2594 624 2764 676 diebus
2815 624 3040 677 excitabo
3091 624 3223 677 illud
3253 640 3272 676 :
3295 626 3386 693 qui
3438 624 3572 680 una
3603 646 3618 681 :
3652 626 3945 683 Potestateni

2386 692 2544 745 habeo
2590 693 2807 761 ponendi
2862 694 3082 745 animam
3129 692 3327 759 meant,
3372 705 3420 746 et
3466 706 3758 762 potestatem
3800 700 3946 753 habeo

2384 762 2565 814 iterant
2616 763 2890 831 recipiendi
2939 763 3080 816 illam
3111 778 3130 815 :
3158 771 3212 816 et
3241 804 3256 825 ,
3310 762 3500 817 Nullus
3552 767 3683 819 tollit
3736 768 3878 821 illam
3918 788 3945 821 a

2385 847 2481 903 me,
2510 848 2599 903 ego
2623 850 2653 903 a
2674 833 2961 903 memetipso
2984 849 3117 902 pono
3146 833 3285 886 illam
3308 849 3327 885 :
3353 844 3399 885 et
3425 850 3513 903 ego
3543 837 3723 888 iterum
3766 840 3945 898 accipio

2383 901 2545 975 illam
2573 902 2592 973 (
2618 901 2772 955 Joan.
2818 901 2878 955 2.
2906 901 2994 975 f9.
3033 913 3078 955 et
3110 903 3312 975 10._l7.
3349 903 3415 958 18
3444 901 3505 973 ):
3536 905 3627 975 qui
3668 905 3946 975 increpavit

2385 970 2619 1035 Petrum,
2651 987 2807 1040 quem
2837 972 2994 1040 paulo
3022 982 3175 1025 antea
3203 970 3859 1040 beatumpra’dicaverat'.
3890 993 3946 1031 eo

2382 1041 2522 1111 quod
2547 1038 2783 1105 dixisset,
2798 1038 2885 1111 Tu
2901 1058 2952 1095 es
2970 1042 3199 1095 Christus
3219 1040 3268 1094 F
3268 1041 3384 1096 ilius
3407 1038 3500 1095 Dei
3514 1044 3720 1098 viventis
3742 1044 3941 1111 (Matth.

2384 1110 2475 1165 16.
2507 1111 2595 1180 16)
2622 1128 2635 1162 :
2665 1113 2755 1164 sed
2779 1110 2970 1180 deinde
2989 1127 3109 1175 cum
3136 1112 3401 1180 indignum
3428 1112 3500 1165 illi
3518 1110 3787 1168 videretur
3808 1117 3940 1180 quod

2384 1176 2672 1251 pateretur,
2703 1182 2835 1235 dixit
2862 1176 2955 1245 illi,
3002 1180 3138 1234 Vade
3178 1176 3288 1251 post
3317 1181 3643 1251 nte,Satana,
3671 1176 3943 1250 oﬂ'eadicu~

2382 1250 2485 1322 lunt
2514 1250 2636 1303 mihi
2660 1267 2732 1322 es,
2759 1252 2877 1322 quia
2898 1268 2997 1304 non
3021 1251 3157 1322 sapis
3182 1267 3291 1321 qua
3313 1250 3410 1304 Dei
3434 1264 3572 1317 sunt,
3598 1256 3689 1306 sed
3711 1270 3828 1322 qua:
3852 1255 3939 1308 hoc

2383 1321 2573 1372 minam
2594 1336 2614 1373 :
2634 1321 2721 1379 qui
2739 1320 3069 1374 continuavit
3099 1320 3285 1375 faciem
3312 1335 3460 1374 suam
3483 1337 3603 1376 cum
3638 1320 3944 1379 ascenderet

2382 1390 2434 1442 in
2459 1389 2775 1455 Jerusalem,
2806 1400 2863 1444 ut
2904 1390 3125 1445 salutem
3152 1407 3244 1459 per
3269 1392 3564 1459 passionem
3595 1407 3745 1446 suam
3776 1395 3941 1448 omni-

2381 1459 2479 1514 bus
2504 1461 2860 1528 suppeditaret
2892 1477 2905 1514 :
2934 1460 3021 1529 qui
3052 1476 3145 1529 per
3173 1460 3455 1529 prophetas
3484 1462 3651 1529 ipsam
3683 1465 3937 1530 passionis

2379 1543 2489 1582 sum.
2511 1533 2741 1597 speciem
2774 1530 3032 1598 praedixit.
3058 1530 3159 1584 Per
3177 1529 3458 1584 Jeremiam
3486 1534 3628 1585 enim
3649 1529 3779 1586 dicit
3807 1548 3822 1586 :
3849 1533 3943 1587 Su-

2382 1615 2485 1670 peri
2514 1616 2593 1652 me
2631 1600 2976 1669 cogitarerunt
3014 1601 3364 1670 cogitationem
3406 1602 3595 1653 malam
3617 1641 3634 1666 ,
3683 1602 3900 1655 dicentes
3925 1619 3943 1656 :

2380 1669 2561 1731 uenite,
2592 1681 2637 1722 et
2663 1670 2991 1738 intmittamus
3017 1669 3209 1738 lignum
3227 1670 3277 1721 in
3300 1686 3479 1738 partem
3503 1671 3659 1733 illius,
3691 1682 3736 1725 et
3762 1673 3941 1725 erada-

2380 1754 2491 1791 mus
2519 1740 2664 1792 illum
2690 1739 2751 1792 de
2777 1748 2909 1791 terra
2933 1737 3067 1809 (λεν.
3090 1739 3176 1793 11.
3208 1737 3343 1808 i9);
3371 1754 3583 1809 crucem
3610 1742 3940 1809 significans;

2383 1822 2475 1881 per
2506 1809 2665 1881 David
2691 1818 2867 1862 autem
2900 1824 2914 1863 :
2948 1808 3285 1881 Dederuntin
3314 1808 3478 1881 cibum
3508 1808 3679 1881 meum
3702 1812 3791 1881 fel,
3812 1823 3867 1881 iet
3893 1814 3941 1866 in

2378 1880 2462 1929 siti
2490 1894 2597 1930 mea
2625 1875 2915 1948 potaverunt
2941 1895 3018 1939 me
3046 1888 3180 1931 aceto
3203 1878 3371 1945 (Psal.
3397 1882 3483 1933 68.
3511 1879 3640 1945 22);
3668 1875 3739 1943 et,
3776 1880 3940 1935 Fode-

2377 1956 2497 2021 ruut
2525 1965 2705 2002 manus
2733 1965 2867 2001 meas
2893 1959 2938 2000 et
2969 1949 3117 2015 pedes
3144 1965 3295 2002 meos.
3340 1948 3523 2001 Partiti
3546 1960 3663 2003 sunt
3696 1953 3791 2004 sibi
3826 1953 3945 2021 ipsis

2378 2020 2665 2070 vestimenta
2698 2035 2805 2071 mea
2842 2028 2888 2070 et
2912 2034 3062 2086 super
3088 2027 3267 2071 vestem
3295 2034 3456 2071 meam
3487 2021 3731 2073 miserunt
3761 2020 3939 2075 sortem

2380 2086 2549 2160 (Psal.
2578 2088 2942 2155 2Ι.17.19);
2974 2097 3030 2141 ct
3080 2102 3174 2156 per
3216 2088 3399 2142 lsaiam
3453 2104 3468 2142 :
3523 2088 3737 2160 Tergum
3781 2108 3941 2144 meum

2378 2157 2493 2209 dedi
2522 2159 2589 2210 ad
2615 2160 2818 2227 ﬂagella
2838 2199 2853 2221 ,
2876 2174 3036 2227 .genas
3061 2175 3195 2210 meas
3230 2160 3297 2210 ad
3334 2159 3538 2228 alapas,
3568 2157 3747 2226 faciem
3786 2178 3943 2213 meum

2377 2244 2475 2304 nop
2501 2231 2656 2304 averti
2686 2246 2717 2279 a
2746 2230 3037 2304 confusione
3062 2237 3319 2304 sputoram
3350 2227 3501 2299 (Isai.
3532 2230 3619 2283 50.
3644 2230 3729 2304 ti).
3759 2230 3940 2304 Vidisti

2376 2298 2504 2349 sane
2532 2299 2645 2350 haec
2672 2300 2847 2351 omnia
2875 2298 3103 2366 perfecta
3138 2300 3187 2349 in
3218 2298 3375 2352 cruce
3403 2314 3419 2353 :
3449 2314 3569 2351 nam
3598 2315 3628 2351 a
3657 2298 3826 2355 Pilato
3847 2302 3939 2353 lla-

2374 2367 2600 2434 gellatus
2621 2376 2701 2421 est
2723 2410 2736 2430 ,
2780 2378 2832 2421 et
2870 2386 2896 2419 a
2922 2384 3075 2421 servo
3103 2368 3253 2436 alapa
3276 2383 3444 2423 c:csus
3468 2410 3482 2431 ,
3514 2368 3584 2421 ab
3611 2368 3789 2437 impiis
3814 2388 3940 2423 con-

2375 2450 2563 2506 sputus
2587 2479 2599 2497 ,
2630 2453 2658 2490 a
2687 2438 2938 2491 militibus
2965 2438 3126 2491 clavis
3153 2440 3203 2490 in
3244 2454 3400 2493 cruce
3439 2441 3597 2503 fixus,
3630 2440 3719 2507 qui
3745 2441 3938 2496 divise-

2378 2508 2500 2559 ruiit
2538 2509 2701 2576 ipsius
2734 2510 3066 2572 vestimenta,
3099 2518 3152 2561 ct
3177 2519 3371 2561 sortem
3398 2508 3681 2561 miserunt.
3724 2510 3823 2576 Qui
3853 2528 3943 2577 per

2377 2585 2480 2629 tam
2512 2578 2673 2630 multa
2702 2579 3000 2647 passionem
3030 2578 3360 2646 significavit.
3384 2579 3651 2646 quomodo
3681 2595 3823 2634 nunc
3851 2581 3939 2634 tle-

2376 2648 2598 2709 trectat?
2624 2648 2795 2713 Quare
2822 2648 2977 2714 igitur
2997 2648 3143 2712 dicit,
3169 2647 3339 2703 Pater.
3360 2650 3403 2700 si
3426 2647 3664 2715 possibile
3683 2660 3777 2713 est,
3800 2661 3939 2702 tran-

2374 2727 2478 2768 seat
2504 2735 2535 2769 a
2564 2735 2640 2769 me
2668 2719 2803 2770 calix
2829 2720 2918 2769 iste
2947 2716 3156 2787 (Matth.
3184 2717 3272 2770 26.
3306 2717 3433 2781 59)?
3462 2716 3744 2787 Ignoraliat
3762 2719 3938 2772 diabo-

2375 2786 2455 2838 lus
2490 2790 2608 2854 quis
2646 2797 2829 2841 esset:
2865 2786 3047 2841 videus
3076 2790 3215 2840 enim
3253 2804 3372 2841 eum
3416 2786 3587 2855 ipsum
3629 2790 3899 2844 sitientem
3922 2830 3938 2852 ,

2376 2861 2724 2921 esurientem,
2756 2860 2947 2910 lassum
2969 2898 2982 2919 ,
3009 2869 3061 2911 et
3085 2858 3215 2910 alias
3239 2858 3353 2927 ejus
3375 2858 3815 2927 dispensationes,
3856 2875 3940 2914 re-

2374 2929 2575 2993 putavit
2620 2944 2739 2980 eum
2790 2928 3055 2981 hominem
3102 2943 3219 2981 esse
3266 2943 3485 2995 parum;
3535 2928 3724 2982 videns
3763 2937 3938 2983 autem

2373 2995 2491 3063 ejus
2518 2997 2693 3050 divina
2724 2998 3003 3060 miracula,
3043 2999 3204 3049 Deutn
3236 2997 3603 3065 suspicabatur
3629 3016 3643 3051 :
3673 2998 3942 3051 dubitabat

2375 3067 2532 3133 igitur
2558 3067 2624 3120 tle
2648 3082 2731 3131 eo,
2766 3066 3012 3135 ignorans
3040 3068 3203 3121 illum.
3233 3066 3361 3119 Nam
3392 3068 3434 3119 si
3463 3069 3739 3121 evidenter
3758 3070 3940 3122 scisset

2374 3138 2513 3203 quod
2544 3137 2681 3190 Deus
2706 3148 2866 3200 esset,
2885 3153 2989 3190 non
3015 3152 3175 3203 ausus
3200 3136 3387 3190 fuisset
3407 3136 3473 3190 ad
3500 3154 3621 3190 eum
3643 3137 3935 3191 accedere:

2374 3206 2509 3277 sicut
2552 3215 2604 3258 et
2646 3207 2836 3260 Paulus
2872 3207 3038 3261 dicit:
3081 3206 3140 3260 Si
3178 3207 3309 3259 enim
3350 3208 3748 3277 cognovissent,
3772 3209 3945 3275 utique

2376 3274 2645 3352 Dominum
2678 3277 2853 3352 gloria!
2877 3294 2975 3352 non
3001 3277 3364 3352 cruci/imissenl
3394 3274 3443 3342 (⁷1
3476 3275 3595 3352 Cor.
3618 3275 3779 3352 2.__8).
3804 3274 3943 3331 Phn-

2377 3346 2542 3397 tcadit
2570 3347 2726 3413 igitur
2750 3347 3002 3399 Dominus
3025 3346 3379 3409 fortuidiuem,
3399 3362 3505 3416 quo
3530 3348 3618 3401 ille
3638 3346 3937 3410 iniceretur,

2375 3426 2432 3467 ut
2458 3431 2576 3469 cum
2604 3417 2881 3470 accederet
2922 3425 2978 3469 ut
3015 3416 3080 3469 ad
3108 3416 3378 3470 hominem
3398 3458 3412 3480 ,
3442 3418 3511 3469 ab
3539 3418 3657 3484 ipso
3686 3420 3737 3470 in
3768 3417 3942 3486 fugam

2374 3495 2691 3550 verteretur,
2724 3496 2777 3539 et
2792 3486 3190 3540 redimerentur
3216 3499 3401 3540 omnes
3422 3488 3615 3554 captivi
3638 3488 3704 3539 ab
3732 3488 3821 3539 illo
3850 3489 3941 3540 de—

2377 3558 2530 3609 tenti.
2578 3556 3034 3621 Quemadmodum
3074 3571 3166 3609 rex
3212 3556 3404 3624 aliquis
3442 3558 3723 3609 invasurus
3766 3566 3941 3625 tyran-

2375 3641 2499 3679 num
2525 3627 2911 3691 invalidiorem,
2941 3641 3059 3680 cum
3086 3626 3233 3679 illum
3268 3628 3548 3694 fugiturum
3578 3642 3637 3680 se
3662 3628 3813 3687 sciat,
3848 3628 3942 3679 lin-

2373 3696 2449 3762 git
2480 3707 2695 3760 metum,
2729 3697 2909 3749 dicens
2936 3697 3254 3750 exercitibus
3284 3696 3393 3749 suis
3427 3711 3441 3748 :
3472 3697 3733 3763 fugiamus
3764 3697 3885 3749 hinc
3911 3712 3936 3747 a

2374 3765 2506 3819 facie
2529 3768 2687 3829 illius,
2720 3776 2775 3818 ut
2802 3784 2867 3819 uc
2892 3781 2921 3819 a
2952 3766 3104 3820 nobis
3128 3766 3316 3833 fugiat,
3344 3765 3436 3818 sed
3460 3775 3804 3834 persequatur
3822 3782 3937 3826 nos,

2374 3846 2427 3887 et
2450 3837 2528 3891 sic
2552 3838 2792 3890 conversi
2821 3836 3331 3903 comprehendamus
3360 3836 3503 3889 illum
3537 3851 3551 3888 :
3585 3837 3654 3888 ita
3684 3846 3738 3888 et
3766 3836 3939 3889 Domi-

2374 3921 2473 3959 nus
2506 3906 2825 3974 praetexebat
2851 3904 3226 3968 formidinem,
3260 3914 3315 3958 ut
3338 3919 3457 3958 cum
3500 3904 3745 3959 diabolus
3774 3907 3939 3974 ipsum

2374 3978 2523 4043 quasi
2559 3977 2824 4046 hominem
2847 3975 3243 4046 aggrederetur,
3277 3976 3544 4046 inveniret
3570 3974 3740 4046 Deum
3764 3975 3852 4046 qui
3881 3974 3941 4027 il—

2375 4046 2481 4098 lum
2512 4044 2861 4111 interimeret,
2886 4044 2941 4099 et
2958 4044 3208 4099 liberaret
3227 4059 3412 4098 omnes
3430 4045 3520 4113 qui
3540 4050 3607 4098 ab
3632 4045 3723 4099 illo
3745 4044 3940 4099 detine-

2373 4116 2567 4170 bantur
2596 4117 2648 4169 in
2679 4114 2905 4169 inferno.
2951 4114 3040 4169 Sie
3074 4117 3215 4168 enim
3256 4114 3421 4167 dicit:
3454 4114 3706 4182 Apparuit
3738 4116 3940 4182 angelus

2375 4186 2663 4254 confortans
2691 4202 2802 4238 eum
2828 4184 2976 4253 (Luc.
3007 4183 3096 4237 22.
3131 4185 3222 4253 65)
3252 4200 3268 4237 :
3300 4184 3387 4251 qui
3428 4183 3495 4254 ab
3528 4185 3733 4253 angelis
3758 4183 3941 4237 adora.

2375 4253 2496 4319 tur,
2528 4264 2584 4310 et
2620 4256 2704 4309 cui
2742 4255 2975 4308 ﬂectitur
3007 4269 3166 4323 omne
3194 4269 3329 4323 genu
3358 4253 3653 4307 cmlestium
3690 4263 3746 4309 et
3771 4264 3935 4307 terre-

2374 4327 2563 4379 strium
2588 4335 2643 4380 et
2684 4325 3011 4379 inferuerunt
3043 4322 3298 4393 (Philipp.
3320 4323 3373 4376 2.
3405 4323 3496 4392 t0)
3517 4364 3538 4387 ,
3562 4338 3669 4392 quo
3692 4333 3843 4392 pacto
3875 4323 3939 4377 ab

2373 4397 2560 4464 angelo
2586 4396 2749 4451 robur
2769 4395 3056 4462 accipiebat
3074 4395 3096 4435 ’θ
3124 4393 3427 4464 Non_robur
3452 4396 3679 4461 accepit,
3712 4394 3804 4449 sed
3823 4394 3937 4461 glo-

2374 4462 2720 4520 riticationcm
2750 4464 3209 4533 angelidicentis:
3244 4462 3405 4533 Tuum
3428 4472 3499 4516 est
3528 4480 3737 4531 regnum
3764 4474 3809 4515 et
3840 4466 3932 4514 ini-

2375 4539 2588 4605 periam,
2621 4532 2855 4588 Domine.
2888 4532 3079 4605 ullus
3101 4535 3193 4605 scit
3220 4532 3353 4605 diem
3375 4533 3517 4605 illam
3542 4535 3618 4605 vel
3644 4534 3843 4605 horam,
3860 4548 3942 4585 reb

2406 4623 2467 4661 ue
2489 4607 2677 4676 angeli,
2710 4622 2865 4676 neque
2891 4603 3078 4669 Filius,
3110 4604 3205 4676 nisi
3233 4600 3392 4676 Pater»
3414 4600 3630 4676 (Matth.
3658 4601 3748 4655 24.
3894 4612 3941 4653 et

2435 4692 2541 4729 arc.
2560 4673 2654 4729 ⁷13.
2680 4673 2791 4744 52).
2815 4675 2881 4727 Et
2907 4674 3171 4743 quomodo
3193 4688 3317 4744 ergo
3335 4713 3348 4735 ,
3383 4673 3587 4744 inquit,
3625 4673 3842 4742 :cqualis
3864 4680 3943 4724 est

2376 4746 2539 4811 Patri,
2573 4747 2663 4814 qui
2691 4742 2859 4799 nescit
2884 4742 3024 4799 diem
3054 4744 3197 4798 illam
3217 4743 3361 4814 ?Qui
3391 4742 3515 4795 fecit
3538 4743 3701 4814 illam,
3735 4748 3940 4814 ignora-

2373 4818 2531 4871 batne
2564 4810 2745 4869 illam?
2766 4815 2832 4869 Et
2853 4828 3017 4883 quare
3046 4814 3205 4883 igitur
3224 4813 3565 4883 dicit,gneque
3586 4810 3789 4865 Filius?
3815 4811 3942 4883 Vide

2375 4886 2635 4940 tlieoriaiu
2666 4882 3091 4955 exquisitiorem.
3130 4883 3271 4937 Duas
3300 4882 3420 4951 quis
3450 4884 3699 4955 scientias
3726 4893 3781 4935 et
3807 4882 3940 4934 noti-

2372 4958 2473 5011 tias
2516 4957 2568 5009 in
2608 4952 2877 5023 Scriptura
2922 4954 3196 5007 inveniet:
3227 4968 3385 5006 unam
3422 4952 3673 5021 quidem,
3718 4968 3839 5023 qua
3878 4965 3940 5023 ex

2372 5041 2537 5095 opere
2564 5021 2788 5079 sumitur
2808 5068 2821 5089 ,
2850 5025 3070 5095 alteram
3100 5038 3223 5077 vero
3252 5038 3317 5076 ex
3347 5023 3669 5095 cognitione.
3704 5021 3941 5095 cognorit

2375 5090 2538 5161 enim,
2570 5096 2758 5164 inquit,
2791 5094 2951 5147 Adam
2980 5091 3141 5146 Evam
3170 5108 3377 5146 uxorein
3410 5090 3555 5164 suam
3581 5090 3734 5160 (Gen.
3761 5090 3816 5145 ἱ.
3856 5092 3940 5164 l);

2375 5182 2481 5220 non
2503 5161 2657 5236 quod
2661 5180 2820 5236 prius
2845 5164 3161 5233 ignoraverit
3187 5162 3491 5236 :quomodo
3518 5164 3833 5231 ignorasset,
3857 5161 3942 5231 qui

2372 5232 2578 5289 dixerat
2606 5251 2621 5289 :
2651 5232 2764 5287 Hoc
2788 5232 2916 5286 nunc
2942 5249 2999 5286 os
3023 5248 3086 5286 ea:
3106 5233 3295 5286 ossibus
3323 5232 3467 5297 meis,
3488 5243 3536 5284 et
3564 5248 3683 5285 caro
3706 5247 3771 5285 ea:
3794 5244 3945 5283 carus

2373 5323 2483 5359 mea
2512 5304 2671 5375 (Ibid.
2695 5304 2750 5357 2.
2782 5302 2911 5375 23)?
2934 5302 3777 5375 Ειεοευονίμιξηῲςιξῃξενίῃ]
3813 5313 3944 5375 tixo-

2374 5391 2487 5429 rem
2518 5370 2690 5438 suam,
2719 5383 2772 5427 et
2800 5370 2965 5427 Ja'cob
2992 5370 3137 5426 Liain
3171 5382 3225 5426 et
3252 5371 3451 5442 Rachel
3472 5370 3638 5440 (Ibid.
3661 5370 3941 5442 29).7Num

2374 5445 2651 5514 ignorabat
2678 5444 2815 5505 illas,
2848 5445 2935 5512 qui
2968 5441 3327 5514 propternillas
3350 5456 3521 5514 annos
3548 5441 3943 5510 quatuOrdeciin

2374 5510 2669 5569 scrvierat?
2693 5510 2904 5568 Sciebat
2922 5513 3134 5582 quidem
3160 5510 3627 5582 illas_cognitione,
3663 5528 3825 5582 opere
3848 5526 3942 5563 au-

2375 5595 2480 5639 tem
2522 5594 2702 5654 postea
2745 5579 3010 5654 cognovit.
3058 5581 3236 5654 itaque
3279 5579 3944 5654 Paterqqi__iion_judicat

2375 5649 2713 5723 queinquam,
2746 5649 2840 5707 sed
2870 5667 3029 5707 omne
3050 5649 3303 5720 judicium
3330 5649 3476 5703 dedit
3506 5649 3643 5703 Filio
3664 5649 3859 5723 _(.l_oan.
3890 5656 3943 5703 5.

2374 5719 2483 5794 22),
2520 5719 2618 5776 scit
2640 5724 2778 5776 diem
2810 5730 2913 5774 tam
2941 5719 3242 5794 cognitione
3264 5735 3420 5787 quam
3447 5734 3627 5787 Opere.
3663 5719 3830 5794 Filius
3852 5736 3940 5771 au-

2382 5789 2485 5851 tcm
2517 5796 2603 5865 qui
2634 5795 2777 5849 venit
2804 5803 2858 5847 ut
2886 5793 3054 5847 salvct
3085 5790 3372 5857 mundum,
3404 5800 3459 5845 et
3497 5804 3604 5845 non
3631 5798 3687 5845 ut
3709 5789 3913 5862 judicet
