4122 6334
641 371 784 428 1095

649 490 750 545 suit
781 503 864 540 vos
896 486 1122 555 Spiritus
1143 495 1345 541 sanctus
1365 487 1626 556 episcopos
1647 495 1693 541 et
1713 487 1955 542 diaconos
1981 485 2113 552 (Act.
2138 486 2228 542 20.

647 559 764 628 9.8).
799 556 930 612 Vide
957 558 1202 612 virtutem
1239 557 1464 626 Spiritus
1502 557 1691 621 sancti,
1735 567 1791 612 et
1833 559 2227 628 auctoritatem,

644 626 1112 698 et’potestatem,
1161 643 1286 680 num
1337 628 1542 698 alienus
1597 643 1628 683 a
1691 629 1800 682 Deo
1855 628 1924 683 sit
1977 626 2227 698 Spiritus.

658 697 803 766 Vidi,
855 698 1023 766 inquit
1073 697 1319 763 Hesaias,
1371 697 1533 750 Deum
1583 715 1736 763 super
1781 697 2029 754 thronum
2064 699 2229 752 excel-

647 787 763 824 sum
819 778 864 821 et
921 769 1200 832 eleuatum,
1268 778 1315 820 et
1383 768 1657 836 Seraphim
1713 770 1764 821 in
1820 770 2034 822 circuitu
2086 770 2231 839 ejus;

649 850 702 898 et
747 851 866 907 quae
909 848 1218 906 sequuntur.
1265 839 1336 890 Ac
1381 839 1528 891 dixi:
1577 856 1606 892 o
1650 840 1884 892 miserum
1934 855 2051 902 me,
2105 855 2231 905 quo-

649 913 786 963 niam
829 920 1159 976 compunctus
1201 925 1347 971 sum,
1397 909 1636 977 quoniam
1665 909 1925 962 immunda
1960 909 2094 962 labia
2139 911 2233 962 ha-

656 982 790 1041 bens,
831 979 884 1031 in
919 981 1083 1031 medio
1112 978 1285 1045 populi
1311 979 1570 1032 immunda
1609 979 1742 1032 labia
1765 979 1989 1033 habentis
2022 994 2111 1048 ego
2143 979 2233 1048 ho-

648 1053 748 1104 bito
768 1090 784 1114 ,
817 1060 862 1102 et
902 1065 1068 1118 regem
1110 1049 1384 1102 Dominum
1416 1048 1641 1103 Sabaoth
1671 1051 1769 1102 vidi
1797 1050 1954 1103 oculis
1980 1047 2120 1104 meis.
2165 1047 2233 1102 Et

646 1121 772 1174 dixit
796 1134 816 1174 :
842 1120 954 1188 quis
994 1121 1082 1172 ibit
1110 1119 1177 1171 ad
1208 1118 1454 1188 populum
1481 1120 1656 1172 hunc?
1684 1119 1747 1171 Et
1795 1121 1904 1174 dixi
1927 1136 1944 1172 :
1966 1135 2078 1174 ecce
2099 1136 2195 1189 ego
2213 1160 2227 1182 ,

648 1191 789 1244 mitte
817 1206 913 1242 me.
939 1189 1197 1242 Nimirum
1219 1190 1306 1258 qui
1331 1189 1546 1244 sedebat
1571 1191 1621 1243 in
1649 1190 1863 1254 throno,
1897 1191 2028 1244 dixit
2052 1208 2065 1243 :
2097 1188 2234 1242 Vade

650 1261 725 1308 ad
752 1259 997 1328 populum
1036 1259 1190 1323 hunc,
1221 1271 1263 1312 et
1292 1261 1410 1312 dic:
1439 1260 1616 1312 auditu
1655 1261 1872 1314 audietis
1892 1301 1907 1325 ,
1940 1269 1986 1313 et
2021 1276 2120 1313 non
2149 1261 2229 1312 in-

647 1331 878 1400 telligetis
925 1345 942 1383 :
995 1338 1040 1400 et
1097 1331 1314 1383 uidentes
1364 1331 1624 1394 videbitis,
1676 1341 1722 1383 et
1772 1348 1871 1384 non
1920 1331 2233 1400 perspicietis

649 1400 836 1525 {13.6.
933 1399 1057 1481 5:8.
1079 1400 1160 1481 91.
1189 1401 1317 1468 Quis
1339 1403 1525 1481 est‘qui
1549 1402 1767 1481 sedebat
1784 1399 1942 1470 super
1962 1400 2233 1480 thronum?

695 1481 830 1525 ater.
860 1479 1026 1525 tnautt
1057 1489 1070 1523 :
1101 1487 1146 1525 st
1173 1480 1350 1524 autem
1383 1472 1636 1524 dtdtcerts
1664 1487 1693 1524 a
1726 1473 1909 1525 Paulo.
1941 1471 2082 1525 quod
2112 1473 2232 1525 Sm-

695 1481 830 1533 nter,
858 1470 1026 1540 inquit
1057 1489 1070 1523 :
1101 1471 1146 1525 si
1173 1480 1350 1524 autem
1383 1472 1636 1524 didiceris
1664 1487 1693 1524 a
1726 1473 1909 1536 Paulo,
1941 1471 2082 1538 quod
2112 1471 2232 1539 Spi-

649 1543 789 1596 ritus
817 1540 906 1605 sit,
948 1541 1290 1595 conﬁteberis
1310 1541 1463 1595 illum
1496 1542 1701 1596 Deum?
1733 1541 1988 1606 Ostende,
2028 1542 2229 1606 inquit,

648 1623 702 1665 et
723 1610 904 1666 credo.
952 1611 1088 1664 Audi
1131 1612 1276 1664 illum
1313 1611 1579 1665 dicentem
1611 1631 1622 1665 :
1667 1610 1801 1665 Bene
1837 1611 1967 1665 dixit
2007 1609 2232 1677 Spiritus

645 1692 850 1735 sanctus
911 1698 1000 1751 per
1048 1679 1240 1734 Isaiam
1293 1683 1590 1750 prophetam
1631 1698 1647 1733 :
1692 1683 1817 1734 uade
1872 1683 1940 1734 ad
1991 1682 2232 1750 populum

649 1755 814 1816 hunc,
851 1761 896 1822 et
940 1753 1021 1804 dic
1047 1770 1065 1806 :
1108 1751 1312 1804 auribus
1359 1753 1620 1806 audietis:
1664 1762 1718 1806 et
1770 1767 1890 1822 qua:
1939 1762 2235 1818 sequuntur

652 1824 790 1893 (Act.
841 1821 1086 1893 23.735.
1135 1822 1250 1893 26).
1305 1822 1499 1893 Paulus
1555 1823 1758 1891 inquit,
1791 1821 1952 1876 ’Dixit
1983 1822 2234 1893 iSpiritus

647 1878 884 1954 sanctus;
920 1891 1154 1946 'llesaias
1209 1878 1425 1959 inquit:
1476 1878 1641 1945 Dixit'
1668 1878 1917 1946 Dominus
1969 1878 2228 1947 Sabaoth:

650 1964 770 2032 quia
804 1962 1111 2016 indifferens
1135 1971 1216 2015 est
1245 1962 1533 2032 Scriptura:
1559 1963 1702 2027 loqui
1730 1963 1797 2018 de
1825 1964 1982 2016 Patre
2011 1973 2064 2016 et
2095 1962 2230 2015 Filio

649 2043 703 2086 et
723 2034 921 2101 Spiritu
955 2042 1160 2087 sancto.
1206 2033 1366 2101 Igitur
1412 2049 1477 2088 ne
1505 2032 1591 2086 dic
1618 2033 1869 2102 deinceps
1907 2049 2152 2102 magnum
2180 2039 2235 2085 et

654 2118 873 2171 parvum
905 2104 1092 2165 Deum,
1122 2103 1362 2156 incidens
1399 2104 1451 2157 in
1496 2103 1781 2158 Gentilium
1812 2119 2070 2156 errorem.
2101 2102 2232 2155 Nam

649 2175 694 2244 si
737 2189 933 2244 parvus
961 2174 1099 2228 Deus
1127 2182 1211 2227 est
1259 2173 1442 2238 Filius,
1493 2175 1749 2227 mentitur
1780 2174 1974 2244 Paulus
2007 2173 2190 2227 dicens
2218 2190 2229 2224 :

653 2243 1020 2313 Exspectantes
1060 2245 1270 2313 beatam
1297 2260 1436 2311 spem
1482 2245 1659 2313 gloria:
1683 2245 1856 2313 magni
1897 2243 1991 2296 Dei
2017 2254 2062 2297 et
2108 2243 2231 2297 Sal-

652 2301 837 2393 uatoris
881 2314 1040 2366 nostri
1076 2312 1201 2366 Jesu
1235 2301 1418 2393 Christi
1448 2301 1582 2393 (Tit.
1606 2313 1660 2366 2.
1864 2313 2032 2393 Quem
2078 2315 2235 2382 igitur

647 2384 850 2438 Paulus
871 2393 1024 2437 vocat
1050 2399 1298 2450 magnum
1349 2385 1536 2446 Deum,
1570 2391 1627 2437 tu
1657 2398 1724 2438 ne
1749 2383 1948 2437 dixeris
1977 2399 2228 2451 parvum;

650 2470 772 2508 nam
821 2456 872 2508 in
916 2455 1026 2506 Deo
1057 2453 1289 2523 perlecta
1335 2463 1459 2506 sunt
1501 2455 1700 2507 omnia.
1747 2453 1813 2507 Et
1857 2470 2111 2509 rursum:
2154 2453 2236 2506 Ex

649 2526 829 2594 auibus
851 2524 1079 2579 Christus
1108 2525 1380 2577 secundum
1420 2541 1641 2594 carnem,
1674 2525 1759 2592 qui
1783 2533 1856 2577 est
1889 2541 2038 2594 super
2067 2525 2235 2577 omnia

651 2593 790 2649 Deus
820 2596 1107 2648 benedictus
1135 2595 1188 2646 in
1232 2594 1420 2647 saecula
1451 2593 1627 2664 (Rom.
1660 2595 1714 2649 9.
1747 2595 1826 2664 5).
1860 2594 2043 2663 Neque
2085 2609 2234 2647 crea-

655 2675 762 2720 tum
809 2666 976 2719 Deum
1023 2665 1319 2718 nominabis
1349 2665 1602 2734 unquam
1647 2683 1658 2718 :
1706 2666 1900 2734 impius
1941 2667 2082 2720 enim
2131 2674 2232 2728 est,

649 2737 739 2803 qui
764 2746 1067 2789 creaturam
1094 2735 1299 2788 adorat.
1327 2733 1464 2800 Quid
1497 2734 1693 2803 igitur?
1720 2733 1838 2789 Nan
1865 2734 2011 2788 dices
2041 2748 2234 2802 corpus

652 2806 862 2861 Domini
904 2806 1178 2859 creatum?
1212 2805 1338 2858 Vide
1387 2820 1513 2873 ergo
1557 2805 1700 2874 quod
1749 2813 1803 2860 et
1845 2816 1896 2859 tu
1937 2814 2234 2859 creaturam

651 2877 846 2930 adoras
874 2877 1148 2945 insipiens.
1195 2875 1380 2929 Nullus
1423 2876 1551 2930 dicit
1579 2876 1689 2946 regi
1720 2894 1731 2928 :
1766 2890 1904 2930 exue
1949 2889 2234 2946 purpuram

653 2955 832 3010 tuam;
862 2948 990 3000 vel:
1032 2961 1188 3015 surge
1232 2961 1260 2999 a
1308 2946 1500 3000 throno
1548 2945 1654 3010 tuo,
1685 2953 1743 2999 ut
1789 2955 1841 3001 te
1868 2945 2066 2999 nudum
2107 2945 2234 2999 ado-

652 3032 766 3070 rem
800 3034 812 3070 :
842 3017 935 3070 scd
963 3016 1148 3069 adurat
1175 3031 1354 3082 regem
1388 3031 1549 3084 super
1577 3017 1826 3070 thronum
1853 3016 2150 3077 sedentem,
2178 3024 2231 3070 et

653 3103 886 3154 purpura
913 3087 1183 3141 vestitum.
1209 3085 1597 3154 Complacitum
1624 3088 1766 3140 enim
1793 3086 1891 3140 fuit
1912 3086 2021 3141 Deo
2047 3086 2230 3149 verbo,

653 3167 712 3212 ut
760 3167 993 3212 creatam
1049 3172 1264 3210 carnem
1323 3168 1558 3210 nostram
1613 3157 1712 3211 sibi
1769 3156 1971 3226 absque
2027 3157 2232 3210 macula

655 3229 846 3298 tmiret.
877 3227 972 3281 Est
992 3227 1150 3298 igitur
1179 3227 1447 3282 adoranda
1470 3242 1592 3298 eum
1622 3228 1732 3298 Deo
1748 3228 1941 3298 verbo,
1974 3235 2234 3298 quatenus

651 3297 833 3351 deitati
860 3295 1034 3354 adest;
1077 3298 1143 3352 Et
1189 3299 1288 3353 hoc
1319 3297 1620 3371 significans
1651 3295 1864 3354 divinus
1906 3296 2092 3362 David,
2123 3297 2232 3351 cla-

2154 361 2413 419 SPURIA.

3787 372 3911 427 £096

2339 495 2490 540 mat:
2532 485 2772 541 Exaltats
2817 487 3090 543 Dominum
3141 487 3299 542 Deum
3349 500 3576 543 nostrum
3619 500 3665 542 et
3694 491 3916 544 adorata

2337 557 2609 630 scabellum
2656 559 2836 630 pedum
2879 560 3017 629 ejus,
3064 562 3299 630 quoniam
3346 571 3553 614 sanctus
3584 569 3655 612 est
3693 559 3912 628 (Psalm.

2337 626 2425 681 98.
2453 626 2528 697 5).
2566 627 2619 680 In
2643 629 2748 682 alio
2775 626 3038 684 loco’dicit
3066 626 3085 681 τ’
3112 630 3302 685 Cretum
3329 631 3454 683 mihi
3480 631 3643 692 sedes,
3669 626 3803 682 terra
3830 647 3915 682 au-

2337 706 2435 750 tem
2464 699 2749 771 scabellum
2779 700 2961 766 pedum
2991 717 3215 771 meorum
3260 699 3408 771 (Isaia.
3439 701 3527 756 66.
3559 703 3582 753 ί
3609 699 3648 766 ).
3675 699 3915 771 Ατεζτξηιι

2338 782 2434 839 nos
2455 767 2611 836 jubes
2631 768 2876 833 adorare,
2907 786 2938 821 o
2965 771 3120 824 beate
3145 770 3337 824 David!
3368 770 3434 824 Et
3455 769 3726 839 quomodo
3758 767 3918 824 Hostis

2337 838 2508 910 legem
2534 840 2700 906 ponit,
2735 853 2907 910 neque
2928 841 3137 903 cadum,
3162 856 3332 910 neque
3361 838 3578 903 terram,
3609 856 3788 908 neque
3810 856 3918 906 qua:

2340 908 2394 961 in
2435 909 2513 961 eis
2553 919 2694 974 sunt,
2743 909 3009 964 adoranda
3055 926 3174 966 csse
3221 908 3393 973 (Deut.
3425 910 3458 964 5
3495 920 3542 963 et
3574 911 3708 978 18)?
3743 911 3921 963 Videte

2338 979 2668 1048 mysterium.
2697 980 2956 1046 Quoniam
2985 981 3084 1036 sibi
3102 984 3381 1048 juncturus
3404 990 3518 1033 erat
3547 991 3786 1033 nostram
3813 995 3921 1032 car-

2339 1064 2458 1101 nem
2510 1049 2711 1117 absque
2761 1061 2980 1118 peccato
3025 1051 3091 1104 ad
3144 1067 3301 1104 unam
3351 1051 3752 1112 adorationem;
3805 1065 3920 1103 caro

2338 1128 2519 1173 autem
2548 1129 2727 1173 nostra
2756 1136 2824 1174 cx
2852 1120 3018 1175 Adam
3039 1162 3053 1184 ,
3083 1138 3144 1175 ex
3175 1129 3314 1174 terra
3344 1128 3458 1184 est;
3499 1121 3796 1174 secundum
3832 1119 3923 1173 boc

2337 1188 2511 1243 dicit:
2563 1189 2630 1242 Et
2678 1190 2886 1244 adorate
2920 1192 3190 1245 scabellum
3240 1191 3425 1260 pedum
3464 1193 3590 1258 ejus.
3636 1190 3746 1260 Nos
3787 1191 3919 1242 enim

2342 1267 2537 1312 terram
2567 1276 2670 1314 non
2703 1263 2986 1315 adoramus
3006 1304 3019 1325 ,
3049 1264 3141 1316 sed
3171 1259 3331 1315 Deum
3359 1261 3604 1325 verbum,
3630 1259 3722 1328 qui
3757 1261 3921 1312 nnivit

2338 1331 2438 1384 sibi
2467 1331 2666 1399 absque
2687 1342 2902 1398 peccato
2948 1348 3159 1386 carnem
3190 1332 3342 1396 Adae,
3373 1345 3491 1399 quae
3532 1347 3598 1384 ex
3643 1341 3788 1383 terra
3817 1329 3922 1382 for-

2339 1408 2479 1470 mata
2506 1411 2606 1454 est.
2641 1401 2717 1454 Ne
2746 1401 2902 1470 igitur
2928 1403 3064 1456 ultra
3104 1403 3268 1465 dicas,
3293 1411 3531 1454 creatum
3564 1399 3786 1460 Filium,
3835 1399 3924 1453 sed

2339 1469 2446 1532 dic,
2483 1471 2567 1524 ubi
2599 1471 2729 1524 dixit
2761 1469 2956 1525 Pater:
2987 1472 3161 1526 creavi
3196 1471 3323 1524 mihi
3350 1471 3544 1525 Filium
3582 1489 3592 1522 :
3629 1472 3710 1525 vel
3739 1470 3920 1530 Filius.

2338 1541 2539 1610 creavit
2583 1556 2668 1594 me
2709 1542 2903 1594 Pater?
2932 1541 3115 1610 Neque
3157 1545 3416 1595 humanas
3457 1556 3617 1595 voces
3645 1540 3846 1595 Christi
3876 1543 3922 1593 in

2340 1609 2454 1677 ejus
2485 1612 2894 1666 diminutionem
2943 1609 3148 1680 accipe.
3175 1612 3304 1665 Nam
3338 1613 3382 1665 si
3415 1612 3496 1666 his
3536 1610 3716 1674 dictis,
3747 1619 3804 1664 et
3831 1610 3924 1664 hu-

2339 1681 2512 1751 manis
2541 1681 2592 1734 in
2627 1697 2692 1735 eo
2717 1682 3097 1737 demonstratis
3118 1725 3131 1746 ,
3159 1684 3272 1736 ausi
3323 1693 3450 1736 sunt
3493 1682 3708 1751 quidam
3745 1682 3927 1751 dicere

2340 1750 2616 1818 phantasia
2646 1760 2701 1805 et
2725 1753 2903 1820 specie
2936 1763 3138 1807 tantum
3170 1755 3340 1822 ipsum
3373 1750 3707 1806 incarnatum
3732 1750 3928 1812 fuisse;

2338 1822 2382 1874 si
2412 1822 2524 1874 haec
2551 1837 2654 1892 non
2679 1832 2863 1876 essent
2888 1822 3046 1885 facta,
3079 1826 3129 1878 in
3154 1839 3314 1892 quam
3349 1838 3454 1876 non
3477 1823 3810 1875 excidissent
3835 1823 3926 1874 ini-

2341 1891 2636 1963 pietatem?
2662 1893 2892 1948 Proinde
2921 1896 3093 1947 omnis
3121 1891 3208 1963 qui
3251 1896 3448 1947 sanctis
3492 1893 3792 1960 Scripturis
3821 1906 3928 1945 cre-

2339 1961 2438 2026 dit,
2466 1962 2652 2016 adoret
2683 1964 2998 2018 Trinitatem
3032 1961 3320 2018 increatam
3341 2003 3356 2026 ,
3399 1963 3925 2022 inconnnutabilem,

2340 2032 2731 2096 invariabilcm,
2760 2036 3181 2102 omnipotentem
3207 2075 3222 2098 ,
3251 2035 3404 2086 simul
3438 2035 3703 2101 principio
3740 2047 3926 2086 caren-

2340 2110 2483 2166 tem,
2532 2113 2853 2157 coaeternam
2895 2113 2947 2158 et
2993 2103 3497 2158 c0nsubstantinlcm
3529 2120 3540 2154 :
3575 2103 3792 2156 Patrem
3817 2145 3832 2160 .
3883 2113 3929 2156 et

2341 2172 2556 2238 Filium,
2591 2176 2736 2242 prius
2784 2175 2999 2242 quidem
3047 2177 3249 2243 absque
3288 2189 3471 2238 carne,
3509 2173 3708 2226 deinde
3760 2182 3929 2225 autem

2342 2244 2616 2315 voluntate
2646 2244 2935 2312 prepriaiu
2962 2249 3063 2298 line
3085 2247 3379 2315 perfectum
3405 2243 3678 2315 hominem
3714 2244 3928 2302 factum,

2341 2313 2543 2384 absque
2571 2326 2810 2382 peccato,
2845 2316 3045 2384 absque
3086 2313 3339 2368 versione
3369 2324 3421 2367 et
3462 2313 3768 2367 mutatione
3807 2316 3885 2368 sui
3919 2334 3928 2366 :

2343 2381 2501 2437 homo
2522 2381 2665 2439 enim
2694 2384 2885 2450 factus,
2911 2381 3104 2438 mansit
3125 2385 3176 2438 id
3199 2385 3338 2453 quod
3365 2396 3500 2446 erat,
3523 2399 3726 2451 nempe
3757 2384 3891 2438 Deus
3920 2405 3929 2438 :

2339 2468 2447 2507 non
2468 2456 2608 2508 enim
2633 2456 2827 2525 excidit
2852 2469 2881 2508 a
2899 2457 3062 2525 gloria
3083 2465 3140 2509 et
3163 2454 3420 2524 dignitate
3441 2470 3535 2509 sua
3563 2473 3575 2508 :
3601 2463 3654 2508 et
3679 2455 3932 2522 Spiritum

2339 2535 2606 2594 sanctum,
2650 2523 2929 2592 Spiritum,
2973 2527 3060 2594 qui
3099 2523 3348 2594 loquutus
3388 2536 3469 2577 est
3499 2541 3590 2594 per
3619 2527 3929 2593 prophetas.

2342 2593 2448 2648 Eos
2469 2606 2649 2649 autem
2679 2597 2767 2662 qui
2812 2593 3210 2650 dicunt’Filium
3238 2638 3251 2659 ,
3285 2605 3375 2649 aut
3400 2593 3655 2664 Spiritum
3689 2606 3930 2650 sanctum

2341 2678 2551 2718 versum
2580 2707 2594 2729 ,
2628 2667 2709 2717 vel
2754 2675 3044 2730 mutatum,
3090 2667 3170 2719 vel
3217 2667 3438 2720 alterius
3467 2667 3796 2719 substantiae
3821 2709 3833 2731 ,
3862 2669 3933 2722 vel

2341 2748 2406 2789 ex
2439 2735 2603 2789 nihilo
2634 2735 2850 2801 factum,
2885 2737 2967 2790 vel
2989 2736 3128 2805 quod
3162 2735 3320 2790 fuerit
3345 2744 3556 2803 tempus
3580 2737 3808 2802 quando
3839 2752 3933 2790 non

2343 2815 2479 2870 erat,
2507 2806 2847 2860 anathemate
2893 2806 3112 2860 damnet
3152 2805 3387 2860 Ecclesia
3431 2806 3731 2860 catholica.
3772 2807 3928 2862 Sufﬁ-

2343 2875 2489 2928 ciunt
2543 2876 2641 2930 ista
2691 2877 2884 2940 cuivis,
2939 2878 3147 2930 tametsi
3185 2891 3348 2944 pauca
3379 2876 3519 2938 sint;
3566 2879 3759 2931 omnia
3805 2880 3935 2934 enim

2342 2953 2598 3013 tractare,
2645 2945 3011 3015 impossibile;
3038 2946 3320 3000 docentem
3365 2949 3508 3000 enim
3537 2963 3627 3001 me
3679 2949 3935 3003 deﬂectet

2343 3025 2574 3084 tempus.
2605 3015 2787 3085 Neque
2817 3017 2986 3084 ipsum
3021 3017 3274 3070 mundum
3302 3017 3494 3083 opinor
3521 3033 3728 3085 capere
3757 3021 3934 3081 libros,

2342 3088 2432 3155 qui
2463 3086 2768 3140 scribuntur
2797 3105 2808 3139 ε
2845 3101 2943 3139 nos
2970 3095 3146 3140 autem
3181 3086 3378 3155 indigni
3406 3087 3495 3155 qui
3526 3097 3736 3142 tantam
3771 3106 3835 3144 ex
3862 3105 3937 3142 sa-

2339 3158 2447 3210 cris
2473 3157 2761 3224 Scriptnris
2793 3157 3069 3210 utilitatem
3100 3171 3446 3226 assequamur
3469 3198 3483 3222 ,
3521 3159 3821 3214 adoremus
3847 3161 3937 3215 Pa-

2343 3236 2478 3301 trem
2506 3238 2559 3301 et
2593 3227 2782 3301 Filium
2813 3226 3153 3301 et_Spiritu_m
3182 3235 3452 3301 sanctum,
3483 3230 3572 3282 cui
3602 3231 3866 3301 sitgloria
3893 3239 3935 3280 et

2340 3298 2624 3367 imperium
2655 3299 2706 3352 in
2733 3297 2926 3352 srecula
2956 3297 3298 3353 saeculorum.
3332 3297 3528 3352 Amen.
