4020 6412
301 302 336 306 «Α
353 303 378 306 ά-
449 304 464 307 ,
485 303 716 311 -———--
737 304 976 312 -_‘,______-
989 307 1244 314 _———_-_—.--
1265 308 1481 316 .———»--——_.—-
1497 313 1502 315 _
1569 312 1574 316 ι
1591 312 1602 316 ν
1669 312 1699 316 -.
1713 312 1730 317 _
1763 311 1830 318 “-7
1853 311 1948 317 νος-*ι
1969 309 2288 317 --κση-.-.α
2309 308 2468 315 ...ρι’-ν
2489 307 2532 313 ..-
2547 307 2602 313 -σ-
2621 304 2924 312 «ος-ω-ν-ο----..
2943 299 3496 310 Ψονμρκ--

345 331 400 335 ε--
419 330 600 338 ~o————-
955 334 1729 346 -.—._.—__-—__..—____
1741 338 1854 345 ,ᾠ-
1865 336 2390 346 --ν---“μ’-ν
2407 328 3400 342 —;--_—_~—————.————-—~————.
3433 327 3482 334 --.ι-ι

610 501 751 591 ἰΝ
852 504 1313 595 tie-nun
1416 505 1565 593 DE
1670 505 2477 598 VlRGlNITATE
2586 502 3210 595 nonnum.

322 901 479 961 lianc
508 902 770 961 eximium
808 902 875 957 de
906 901 1222 973 Virginitate
1257 903 1454 958 libmm
1494 900 1791 979 Antiochia:
1816 915 1848 962 a

250 996 645 1068 Chrysostomo
672 993 874 1049 editum
919 991 1115 1057 fuisse,
1155 993 1270 1061 ipse
1314 994 1627 1049 testilicatur
1658 996 1711 1049 in
1744 995 1850 1049 ﬁne

252 1088 502 1143 Ilomilize
528 1085 596 1140 t9
621 1085 672 1139 in
706 1084 995 1152 Epistulam
1027 1085 1050 1137 l
1086 1083 1153 1137 ad
1181 1082 1487 1139 Corinthios
1520 1086 1601 1139 his
1629 1086 1845 1139 verbis:
1874 1140 1877 1143 λ

255 1178 323 1233 Si
346 1187 514 1231 autem
541 1175 878 1245 praeteriimus
907 1189 966 1226 ea
999 1189 1113 1242 qna:
1140 1174 1355 1231 dicenda
1389 1185 1552 1235 essent
1580 1176 1644 1230 de
1677 1174 1847 1246 Virgi-

256 1271 442 1333 nitate,
474 1283 620 1321 nemo
647 1282 738 1319 nos
762 1264 1078 1335 negligentia:
1102 1265 1341 1331 damnet;
1366 1267 1558 1336 integer
1575 1266 1707 1323 enim
1727 1267 1850 1320 liber

258 1360 320 1413 in
359 1360 491 1412 hunc
521 1356 690 1411 locum
715 1373 748 1409 a
780 1357 921 1409 nobis
949 1365 1021 1409 est
1050 1342 1252 1410 editust
1271 1366 1318 1410 et
1346 1374 1462 1413 cum
1499 1374 1649 1427 want
1677 1359 1847 1428 potui-

258 1466 374 1501 mus
394 1447 768 1501 accuratissime
788 1456 834 1499 et
855 1446 1236 1516 diligentissime
1250 1448 1419 1500 omnia
1438 1447 1545 1503 illic
1565 1446 1849 1518 persequuti

258 1541 441 1606 simus,
468 1553 889 1608 supervacaneum
919 1553 1025 1590 esse
1048 1537 1287 1592 duximus
1312 1554 1371 1591 ea
1394 1553 1567 1593 rursus
1586 1539 1669 1593 hic
1688 1555 1846 1606 expo-

260 1648 403 1685 nere.
433 1632 628 1685 Locum
660 1644 820 1698 porro
850 1630 1017 1694 illum,
1046 1644 1204 1698 quem
1239 1628 1464 1684 Humilia
1496 1631 1563 1685 i9
1594 1632 1644 1684 in
1676 1631 1843 1700 Epist.

263 1725 291 1777 1
326 1722 393 1776 ad
415 1720 719 1777 Corinthios
737 1721 789 1773 in
811 1720 1303 1797 argumentmnsibi
1327 1722 1589 1790 proponit,
1608 1723 1842 1777 scilicet:

262 1815 470 1868 Bonum
496 1821 567 1865 est
595 1811 785 1864 homini
815 1810 1071 1863 mulierem
1099 1825 1199 1863 non
1229 1819 1475 1881 tangere,
1498 1821 1625 1875 etc.,
1664 1812 1715 1866 in
1748 1814 1849 1867 hoc

261 1906 337 1960 de
362 1904 675 1973 Virginitate
721 1902 856 1955 libro
891 1908 1147 1970 perpetuo
1179 1909 1355 1955 versat
1395 1914 1450 1955 et
1487 1903 1730 1968 discutit;
1776 1902 1847 1957 ita

264 2005 327 2049 ut
359 1991 576 2063 perinde
605 2000 811 2045 certum
848 1991 918 2043 sit
948 1992 1089 2044 hunc
1115 1989 1185 2045 de
1208 1990 1527 2067 Virginitate
1562 1992 1753 2051 librum
1790 1990 1846 2049 in

268 2083 501 2139 Humilia
540 2082 627 2135 illa
673 2081 1117 2145 commemorari,
1145 2089 1204 2133 ut
1228 2070 1431 2135 eertum
1460 2090 1543 2136 est
1569 2081 1685 2151 ipso
1714 2090 1848 2138 teste

264 2176 651 2246 Chrysostomo
680 2172 933 2227 Homilies
968 2172 1021 2225 in
1063 2171 1353 2241 Epistulam
1388 2174 1410 2226 l
1445 2173 1511 2226 ad
1538 2172 1845 2230 Corinthios

267 2266 565 2325 Antiochia:
592 2265 799 2337 habitas
824 2264 1007 2318 fuisse.
1029 2264 1326 2318 Antiochia:
1352 2265 1527 2333 igitur,
1554 2266 1637 2320 vel
1659 2265 1849 2320 Ionas-

266 2358 344 2411 sis
371 2357 424 2410 in
449 2355 735 2410 solitudine
761 2354 845 2408 isti
874 2354 989 2408 urbi
1018 2355 1187 2408 vicina
1219 2354 1411 2413 librum
1449 2355 1516 2410 de
1534 2354 1848 2426 Virginitate

266 2447 449 2501 emisit
471 2446 881 2516 Chrysostomus
908 2461 921 2496 :
946 2453 1123 2497 utrum
1151 2445 1291 2503 enim
1319 2458 1440 2499 cum
1467 2446 1746 2516 presbyter
1762 2461 1846 2500 es.

271 2547 387 2601 set,
416 2552 481 2589 an
511 2552 630 2589 cum
659 2534 917 2589 diaconus
940 2575 955 2599 ,
983 2548 1049 2587 an
1082 2549 1207 2588 vero
1236 2544 1391 2588 antea
1433 2550 1553 2588 cum
1582 2535 1633 2588 in
1661 2536 1848 2590 solitu-

270 2628 395 2683 dine
423 2628 679 2697 degeret,
709 2642 815 2680 non
847 2628 916 2680 ita
944 2625 1289 2695 conspicuum
1314 2664 1330 2692 ,
1361 2636 1419 2681 ut
1447 2627 1576 2681 infra
1618 2627 1845 2683 dicetur.

340 2731 531 2787 Verum
560 2729 933 2785 Tillemontius
962 2737 1163 2785 tantam
1200 2729 1324 2786 huic
1360 2733 1679 2788 enervandte
1704 2747 1844 2789 sen-

266 2824 447 2877 tentitu
474 2820 834 2875 difficultatem
871 2821 1179 2890 quodam'in
1212 2822 1330 2876 loco
1367 2823 1586 2892 hujusce
1623 2826 1689 2880 de
1724 2826 1845 2882 Vir-

264 2916 485 2983 ginitate
517 2914 633 2966 lihri
664 2928 727 2968 se
750 2915 1013 2983 reperisse
1035 2924 1201 2981 putat,
1230 2924 1287 2967 ut
1312 2914 1401 2968 illa
1422 2915 1679 2969 adductus
1705 2917 1844 2972 hunc

266 3005 457 3057 librum
487 3003 537 3055 in
565 3003 924 3072 episcopatum
948 3003 1062 3072 ejus
1087 3003 1342 3063 conferat.
1368 3005 1672 3075 editumque
1702 3008 1842 3061 Con-

263 3095 604 3163 stantinOpuli
633 3105 795 3164 putet.
822 3096 869 3148 Is
897 3096 1043 3149 locus
1062 3104 1143 3149 est
1161 3110 1310 3150 num.
1336 3096 1392 3160 9,
1412 3095 1499 3149 ubi
1517 3098 1593 3151 sic
1611 3100 1843 3165 loquitur

259 3183 678 3254 Chrysoslomus
708 3201 721 3236 :
758 3184 1022 3249 Quomodo
1062 3186 1217 3254 igitur
1257 3186 1548 3255 conjugittm
1588 3197 1724 3251 veto,
1752 3189 1842 3259 qui

260 3276 504 3343 conjuges
528 3291 631 3328 non
653 3276 921 3329 accusem?
944 3276 1137 3342 Stupro
1176 3285 1283 3329 ueto
1321 3286 1373 3329 et
1409 3277 1661 3339 adulteria
1680 3326 1694 3343 .
1724 3300 1836 3335 ma-

258 3364 548 3417 trimonium
587 3382 695 3418 non»
717 3366 835 3417 item
859 3380 877 3417 :
896 3374 945 3418 et
969 3365 1063 3418 illa
1087 3364 1329 3418 audentes
1355 3364 1546 3430 castigo
1561 3404 1576 3427 ,
1605 3374 1756 3433 atque
1777 3366 1841 3418 ab

238 3452 507 3507 Ecclesia:
544 3464 674 3507 coetu
713 3442 992 3523 proscribo.
1030 3453 1183 3516 Hice,
1226 3452 1398 3522 inquit
1422 3451 1837 3514 .Tillcmoutius,

257 3542 471 3595 nonnisi
516 3544 799 3611 episcopus
827 3541 1075 3613 proferre
1103 3558 1267 3613 posse
1294 3542 1520 3606 videtur,
1547 3541 1843 3609 quia-solus

254 3632 536 3700 episcopus
563 3632 911 3689 abEcelesite
949 3642 1088 3688 metu
1118 3630 1343 3691 arcendi
1389 3630 1698 3686 facultatem
1744 3631 1841 3687 ha-

254 3725 345 3778 bet
376 3743 390 3777 :
421 3733 580 3794 atque
626 3726 713 3778 illa
764 3725 955 3780 ductus
998 3724 1207 3778 ratione
1248 3723 1687 3795 Chrysostomum
1731 3723 1840 3793 jam

255 3816 561 3884 episcopum
592 3816 734 3871 hunc
762 3817 1003 3871 emisisse
1030 3818 1223 3872 librum
1271 3817 1536 3886 opinatur.
1564 3816 1652 3872 Sic
1678 3816 1841 3872 levis-

256 3905 388 3957 sima
408 3904 494 3959 ille
520 3905 823 3975 conjectura
848 3915 1051 3961 eertum
1081 3906 1545 3976 indubitatumque
1574 3906 1839 3979 Chrysos-

259 3994 385 4047 tomi
427 3996 786 4050 testimonium
836 3996 1159 4051 labefactare
1203 3998 1405 4052 nititur.
1436 3996 1839 4069 Etiamsilenim

258 4081 666 4154 Chrysostontus
681 4085 781 4139 hoc
793 4085 912 4140 loco
928 4101 991 4140 ex
1008 4101 1233 4154 persona
1251 4100 1343 4140 sua
1360 4086 1685 4156 loqueretur,
1698 4088 1839 4157 quod

259 4184 430 4228 tamen
462 4190 565 4228 non
604 4176 886 4240 existimo,
916 4193 1020 4230 non
1065 4176 1258 4231 desunt
1296 4177 1538 4246 exempla
1570 4179 1655 4231 ubi
1687 4178 1838 4232 illum

258 4262 427 4316 adhuc
442 4264 807 4334 presbyterum
835 4267 1154 4333 imperiosius
1184 4266 1458 4335 luqiunum
1481 4267 1841 4335 deprehendi—

260 4368 394 4407 mus.
417 4357 509 4409 Sic
532 4355 668 4409 infra
696 4356 925 4413 Humilia
953 4355 1026 4409 22
1053 4357 1118 4410 ad
1158 4357 1411 4426 populum
1447 4357 1838 4413 Antiochenam

258 4458 410 4511 quam
424 4443 690 4499 homiliam
705 4446 1017 4511 sinedubio,
1035 4446 1256 4516 ipsoque
1268 4446 1837 4513 iatcnte'l‘illemontio,

259 4536 546 4590 Antiochia:
573 4537 850 4607 presbyter
876 4536 1079 4602 habuit,
1104 4554 1169 4592 ex
1194 4552 1424 4606 persona
1445 4553 1539 4593 sua
1561 4538 1641 4594 sic
1664 4538 1837 4607 loqui-

263 4631 345 4676 tur
377 4642 391 4677 :
424 4624 774 4695 Quadraginta
816 4625 921 4679 dies
959 4627 1071 4697 jam
1111 4628 1457 4697 pra'terierunt
1489 4645 1510 4679 :
1536 4628 1595 4685 ,εἰ
1637 4626 1840 4681 Pascha

258 4730 447 4783 quoque
487 4733 687 4770 sacrum
736 4719 1060 4786 prieterierit,
1112 4719 1237 4771 nulli
1272 4718 1390 4788 jam
1427 4718 1609 4772 deinde
1646 4722 1840 4773 reniam

259 4805 401 4868 dabo,
424 4824 521 4860 non
559 4808 977 4873 admonitionem,
1004 4810 1091 4862 sed
1117 4811 1214 4862 vim
1234 4811 1433 4878 imperii
1458 4821 1504 4863 et
1530 4824 1840 4864 severitatem

259 4913 355 4950 non
401 4900 815 4954 contemnendam
865 4900 1127 4955 adhibebo.
1160 4900 1281 4955 Jnnt
1321 4901 1474 4970 igitur
1515 4901 1754 4957 denuntio
1793 4912 1839 4955 et

257 4998 512 5056 protestor,
544 4992 589 5045 si
617 4991 913 5045 conveniam
947 4992 1204 5063 singulos,
1249 5001 1293 5044 et
1322 4992 1715 5058 experimentum
1741 5010 1829 5045 su-

580 5758 862 5844 Ριιιξιιοι.
897 5752 1012 5817 Gn.
1046 5756 1305 5821 XLVIII.

1961 918 2098 956 mam
2126 919 2144 956 :
2172 918 2290 957 nam
2320 907 2458 958 haud
2485 888 2634 961 dubie
2661 916 2896 975 s‘umam;
2919 909 3056 979 quod
3092 911 3138 963 si
3178 911 3548 980 deprehendam

1961 995 2156 1064 aliquos
2187 995 2293 1049 Iitec
2318 998 2438 1049 vitia
2468 1014 2568 1051 non
2596 1001 2895 1062 correxisse,
2919 1016 3120 1068 pcenam
3142 1001 3409 1072 irrogabo,
3440 1005 3548 1057 edi-

1961 1101 2072 1138 cam
2099 1095 2153 1138 ut
2180 1088 2305 1157 [oris
2343 1098 2486 1141 extra
2520 1105 2666 1142 sacra
2694 1092 2932 1160 mysteria
2972 1094 3269 1147 consistant.
3317 1094 3448 1159 llic,
3492 1108 3549 1151 ut

1940 1184 2218 1245 1.pat.et,.ex
2247 1193 2595 1246 persquasua
2624 1180 2855 1249 loquitur
2876 1182 3290 1255 Chrysostomus
3322 1188 3546 1258 presby-

1959 1275 2060 1333 ter,
2102 1268 2353 1338 episcopo
2387 1270 2432 1323 si
2468 1285 2573 1331 non
2619 1283 2915 1341 prtesente,
2947 1276 3137 1332 saltem
3183 1277 3235 1330 in
3275 1280 3407 1333 urbe
3435 1290 3544 1334 tum

1957 1357 2203 1428 (legente.
2234 1360 2591 1429 Quamobrem
2631 1364 2952 1421 Tillemontii
2998 1381 3310 1438 argumento
3355 1386 3423 1427 ne
3461 1373 3542 1428 vel

1958 1451 2234 1505 minimum
2283 1452 2494 1522 quidem
2541 1456 2810 1524 impetitur
2847 1470 3049 1513 asserta
3098 1462 3262 1529 ipsius
3285 1461 3543 1532 Chrysos-

1930 1550 1931 1553 ‘
1959 1544 2087 1596 tomi
2117 1546 2424 1600 testimonio
2452 1553 2735 1603 sententia.

2019 1622 2157 1689 Quid
2187 1625 2328 1693 quod
2355 1626 2405 1678 iu
2435 1636 2734 1681 memorato
2758 1626 2827 1683 de
2855 1626 3168 1697 Virginitate
3193 1628 3313 1684 loco
3342 1646 3447 1685 non
3475 1646 3540 1687 ex

1946 1714 2181 1776 lla,'sed
2207 1730 2285 1771 ex:
2298 1716 2444 1769 Pauli
2467 1732 2696 1787 persona
2718 1718 2865 1788 loqui
2895 1735 3114 1789 prorsus
3140 1719 3350 1776 videtur
3369 1723 3543 1794 Chry-

1948 1804 2416 1860 sostomus‘lNam
2448 1816 2560 1861 toto
2589 1808 2746 1877 hujus
2784 1809 2853 1864 de
2885 1809 3200 1879 Virginitate
3228 1810 3351 1866 libri
3392 1813 3541 1881 prin-

1944 1893 2087 1965 cipio
2144 1904 2329 1950 contra
2384 1897 2671 1953 haereticos
2720 1898 3062 1955 Marcionitas
3112 1909 3166 1954 et
3221 1901 3543 1959 Maniclneos

1945 1985 2074 2055 agit,
2102 1988 2196 2057 qui
2225 1988 2624 2049 matrimonium
2646 1989 2971 2045 damnabunt
2991 2008 3004 2044 :
3026 1991 3374 2064 adductisque
3392 1994 3539 2049 Pauli

1943 2074 2073 2129 locis
2094 2117 2109 2141 ,
2137 2077 2331 2146 quibus
2361 2076 2449 2137 ille
2475 2077 2541 2133 ad
2569 2079 2927 2151 virginitatem
2967 2081 3233 2144 hortatur,
3278 2092 3399 2153 post
3440 2085 3542 2138 ali-

1941 2177 2074 2238 quot
2096 2181 2409 2240 argumenta
2437 2171 2654 2228 demum
2695 2190 2844 2230 num.
2883 2176 2917 2231 9
2944 2177 3228 2233 bmreticos
3255 2177 3372 2234 haec
3399 2179 3539 2249 obji—

1942 2258 2148 2314 cientes
2196 2261 2449 2319 inducit:
2491 2263 2573 2317 Tu
2621 2280 2739 2319 vero
2783 2283 2888 2320 non
2944 2278 3087 2322 vetas
3137 2270 3536 2323 matrimonium.

1904 2408 1909 2411 _
1941 2350 2116 2423 Apage
2141 2351 2463 2424 (respondet
2488 2356 2721 2429 Paulus)
2745 2369 2800 2412 ut
2823 2369 2986 2415 tecum
3006 2376 3147 2433 aeque
3169 2363 3446 2417 insaniam.
3471 2364 3539 2419 Et

1941 2460 2034 2499 cur
2054 2446 2253 2515 (inquit
2276 2446 2583 2521 hatreticus)
2613 2450 2831 2509 hortaris
2873 2453 3252 2508 matrimonium
3288 2472 3389 2510 non
3418 2472 3540 2510 con—
3587 2496 3591 2501 υ

1943 2536 2141 2590 trahere
2156 2537 2183 2590 Ρ
2201 2538 2350 2604 Quod
2374 2540 2709 2610 virginitatem
2728 2542 2960 2613 (reponit
2988 2544 3203 2617 Paulus)
3217 2548 3539 2602 matrimonio

1942 2625 2092 2697 longe
2116 2631 2518 2699 praestantiorem
2556 2633 2785 2686 sentiant.
2814 2632 2911 2688 llic
2950 2644 3098 2689 certe
3126 2636 3348 2690 Paulum
3390 2638 3534 2709 loqui
3596 2688 3599 2695 .

1944 2717 2287 2776 manifestum
2324 2721 2571 2776 videtur:
2604 2738 2727 2780 nam
2779 2724 2870 2780 ille
2914 2735 2996 2780 est
3038 2726 3126 2795 qui
3175 2729 3421 2798 superius
3469 2727 3536 2783 ad

1941 2811 2297 2880 virginitatem
2340 2812 2630 2868 cohortaris
2681 2815 2949 2872 inducitur
2995 2817 3080 2872 his
3130 2820 3359 2875 verbis:
3409 2820 3536 2875 Volo

1937 2918 2109 2956 omnes
2150 2903 2378 2958 homines
2406 2920 2511 2958 esse
2531 2946 2546 2971 ,
2578 2917 2633 2958 ut
2663 2922 2753 2976 ego
2781 2923 2896 2961 sum
2916 2949 2930 2974 ,
2962 2910 3272 2964 continentes
3294 2927 3315 2975 ;
3340 2920 3428 2979 et,
3458 2910 3539 2966 De

1938 2992 2211 3062 virginibus
2236 3005 2547 3064 pra-ceptum
2576 2994 2784 3051 Domini
2813 3014 2914 3052 non
2941 2999 3119 3065 habeo,
3149 3001 3418 3055 consilium
3440 3018 3539 3056 au-

1930 3093 2036 3138 tem
2070 3085 2161 3138 do.
2195 3085 2400 3141 Deinde
2442 3102 2572 3142 vero
2616 3096 2898 3159 postquam
2951 3090 3329 3146 bsereticisrut
3372 3107 3536 3161 supra

1919 3174 2318 3243 .responderat,
2353 3177 2536 3246 paucis
2565 3177 2895 3248 interpositis
2936 3196 3041 3235 una
3080 3182 3221 3237 serie
3260 3183 3534 3238 resumit:
3628 3240 3641 3251 υ

1938 3264 2018 3319 Λα
2060 3266 2166 3319 Ιιωσ
2203 3266 2290 3335 qui
2325 3271 2583 3333 cohortor,
2612 3285 2716 3321 rem
2751 3269 2832 3341 (i.
2867 3285 2918 3326 e.
2951 3272 3395 3343 matrimonium)
3430 3289 3534 3326 non

1935 3350 2200 3419 improbo;
2229 3366 2318 3403 nec
2360 3349 2447 3421 qui
2485 3365 2538 3404 se
2563 3350 2733 3403 induci
2770 3367 2872 3404 non
2909 3350 3194 3419 patiantur,
3232 3366 3535 3409 Μαλθακη.

1937 3440 2205 3505 Quomodo
2231 3441 2386 3512 igitur
2413 3441 2709 3510 conjuginm
2731 3450 2858 3506 veto,
2885 3441 2971 3511 qui
2992 3442 3230 3512 coujnges
3256 3458 3355 3497 non
3384 3458 3536 3495 accu-
3580 3440 3583 3443 ’

1933 3532 2081 3586 sem?
2101 3531 2299 3601 Stupro
2329 3541 2435 3586 veto
2464 3542 2511 3586 et
2536 3532 2808 3598 adulteria,
2832 3533 3214 3586 matrinioninm
3236 3550 3338 3587 non
3370 3535 3488 3588 item
3518 3553 3536 3588 :

1932 3632 1980 3676 et
2009 3621 2102 3676 illa
2141 3623 2383 3679 audentes
2414 3625 2641 3695 castigo,
2673 3635 2823 3695 atque
2862 3625 2925 3679 ab
2966 3623 3212 3681 Ecclesia:
3247 3636 3375 3680 coetu
3416 3638 3561 3697 pro-‘

1932 3715 2121 3777 scribo.
2140 3715 2267 3769 litae
2293 3731 2423 3771 sane
2449 3714 2591 3770 dieta
2623 3716 2770 3770 Pauli
2800 3725 2943 3780 sunt,
2973 3732 3067 3771 seu
3099 3719 3275 3786 potius
3298 3716 3539 3789 Chryso-

1935 3805 2095 3860 stomi
2144 3806 2368 3860 Paulum
2412 3807 2717 3876 loquentem
2752 3808 3052 3871 inducentis
3079 3826 3091 3860 :
3120 3808 3209 3877 qui
3244 3817 3431 3876 tmpus
3462 3808 3534 3861 ita

1933 3897 2320 3971 Chrysostomo
2351 3900 2627 3955 familiaris
2653 3909 2735 3955 est
2756 3943 2769 3965 ,
2794 3900 2933 3969 quod
2957 3900 3067 3969 jam
3099 3914 3240 3969 saepe
3268 3900 3530 3963 vidimus,

1933 4003 1992 4048 ut
2017 3995 2105 4064 qui
2154 3993 2281 4049 velit
2311 3994 2489 4048 omnia
2520 4009 2640 4063 quae
2686 4009 2749 4048 ex
2782 3978 3025 4047 aliorum
3074 4007 3302 4062 persona
3334 3992 3535 4064 profert
3572 4022 3577 4025 Ἴ

1930 4083 2370 4156 Chrysostomus,
2400 4086 2553 4156 quasi
2585 4085 2749 4154 ipsius
2773 4084 2912 4139 dicta
2940 4084 3005 4137 ad
3035 4080 3243 4138 lituram
3265 4084 3530 4153 accipere,

1932 4191 2182 4246 tnagnam
2226 4178 2388 4231 rebus
2432 4175 2499 4230 ad
2544 4185 2786 4229 sanetum
2837 4175 3113 4229 doctorem
3165 4175 3532 4243 Spectantibus

1875 4302 1908 4333 te
1930 4268 2212 4338 caliginem
2242 4267 2458 4321 inducat
2487 4280 2709 4321 necesse
2732 4267 2822 4320 sit.

2006 4359 2188 4428 Itaque
2222 4358 2364 4411 hunc
2391 4356 2460 4412 de
2489 4357 2805 4426 Virginitale
2834 4357 3030 4412 librum
3076 4356 3322 4413 emisisse
3350 4356 3528 4428 Chry-

1928 4456 2228 4503 sostomum
2257 4455 2382 4502 ante
2406 4462 2569 4516 quam
2590 4447 2876 4518 episcopus
2902 4457 3040 4503 esset
3070 4463 3136 4503 ex
3180 4448 3345 4517 ipsius
3370 4463 3532 4517 supra

1930 4539 2098 4594 allato
2126 4538 2435 4594 testimonio
2459 4537 2591 4593 satis
2620 4553 2890 4608 superque
2926 4539 3204 4609 probatur.
3228 4538 3365 4593 Num
3404 4555 3534 4594 vero

1933 4631 2211 4703 presbyter
2240 4642 2349 4684 tum
2379 4640 2667 4696 esset,,an
2710 4631 3096 4698 diaconus,tan
3147 4631 3199 4685 in
3248 4629 3535 4687 solitudine

1932 4721 2170 4792 degeret,
2198 4723 2397 4790 pariter
2420 4722 2679 4776 incertum
2705 4739 2717 4772 :
2743 4737 2807 4777 ex
2834 4722 3047 4792 set-iptis
3077 4722 3221 4777 enim
3252 4722 3367 4791 ejus
3396 4721 3532 4776 nihil

1935 4812 2242 4883 hujusmodi
2275 4813 2539 4883 expiscari
2570 4828 2876 4882 possumus.
2910 4812 3134 4869 Joannis
3160 4813 3365 4868 Livinei
3389 4813 3533 4867 Gan-

1935 4904 2184 4959 davensis
2210 4903 2733 4974 interpretationem,
2748 4904 2929 4961 multis
2952 4905 3002 4961 iu
3020 4905 3154 4960 locis
3171 4904 3529 4972 emendatam,

1935 4993 2272 5050 retinendam
2301 4994 2626 5051 censuimus.
