4020 6394
245 269 337 325 5ἶῦ

1582 255 1668 310 DE
1707 252 2179 310 VIRGINITATE.

299 465 3490 509 mm

1118 883 1538 975 SANC’I‘I
1651 879 2078 970 PATRIS
2184 875 2624 969 NOSTBI

270 1171 1374 1543 JOANNIS
1565 1279 3600 1532 CHRYSOSTOMI.

1046 1880 1287 1942 ARCHI
1301 1877 1646 1944 EPISCOPI
1721 1874 2660 1942 CONSTANTINOPOLITANI
2678 1918 2695 1946 ,

1186 2341 1368 2454 DE
1471 2336 2425 2458 VIRGINITATE
2485 2325 2563 2450 ¹.

328 3398 362 3451 1.
399 3395 749 3451 Hernicorum
773 3393 1107 3464 virginitate»:
1133 3393 1394 3462 prwmimn
1423 3407 1522 3445 non
1545 3391 1824 3445 habere.—

264 3486 566 3559 Yirgimtatis
598 3486 805 3541 laudem
830 3485 999 3540 Judaai
1029 3493 1343 3540 aversantur
1369 3501 1381 3537 :
1407 3498 1579 3552 neque
1607 3485 1824 3548 mirum,

266 3581 342 3650 qui
366 3580 526 3650 ipsum
552 3592 762 3648 quoque
790 3587 973 3631 natum
1017 3589 1083 3630 ex
1123 3575 1330 3643 virgine
1372 3574 1642 3628 Christum
1675 3574 1828 3643 igno-

266 3671 425 3724 miniis
465 3669 734 3724 aﬂ’cceriut
766 3687 778 3721 :
810 3667 1140 3722 admirantur
1183 3681 1246 3721 ac
1284 3665 1583 3735 suspiciunt
1623 3664 1823 3730 exteri,

267 3762 364 3814 sola
389 3770 555 3816 autem
585 3761 712 3814 colit
739 3759 975 3814 Ecclesia
1007 3759 1122 3812 Dei.
1146 3757 1279 3812 Nam
1313 3757 1685 3812 hmreticorum
1712 3756 1826 3810 vir-

265 3853 402 3924 giues‘
440 3869 536 3924 ego
578 3853 808 3922 virgines
849 3867 969 3906 esse
1014 3851 1235 3905 minime
1281 3849 1508 3903 dixerim
1548 3866 1562 3898 τ
1597 3849 1826 3918 primum

265 3945 390 4016 Quod
417 3955 574 4001 castae
602 3961 706 3999 non
735 3945 876 3998 sint:
907 3958 1080 4013 neque
1106 3943 1251 3998 enim
1282 3942 1371 3996 uni
1409 3942 1522 3995 viro
1545 3940 1828 4011 desponsa:

267 4044 395 4099 sunt,
423 4043 476 4088 ut
503 4034 614 4088 vult
640 4034 828 4088 beatus
855 4033 944 4087 ille
974 4032 1170 4088 Christi
1205 4031 1514 4101 pronubas:
1545 4028 1828 4099 Despondi,

267 4124 435 4192 inquit,
463 4140 545 4178 vos
572 4125 658 4176 uni
689 4125 794 4177 viro
814 4124 1059 4193 virginem
1081 4132 1274 4175 castam
1303 4121 1501 4175 Christo
1527 4119 1828 4173 tradendam

273 4212 353 4283 (2.
382 4214 492 4269 Cor.
526 4217 610 4269 ll.
636 4215 730 4284 2).
776 4214 906 4269 Nam
945 4214 995 4267 id
1026 4214 1125 4269 etsi
1153 4214 1219 4267 de
1261 4221 1372 4266 toto
1408 4212 1661 4266 Ecclesiae
1687 4221 1828 4266 creto

268 4303 444 4360 dictum
487 4315 564 4361 est
586 4317 829 4372 ,-tamen
875 4305 992 4359 illas
1034 4320 1246 4374 quoque
1298 4304 1413 4359 hzec
1460 4304 1832 4374 complectitur

270 4396 439 4452 oratio.
466 4397 744 4466 Quomodo
772 4398 931 4465 igitur
955 4413 1075 4466 qua:
1113 4397 1228 4450 viro
1255 4412 1365 4450 uno
1392 4411 1497 4450 non
1528 4404 1828 4461 conteutm,

270 4486 470 4542 alterum
496 4489 582 4557 qui
612 4502 716 4543 non
744 4497 826 4543 est
852 4488 984 4542 deus
1022 4487 1475 4556 superinducunt,
1503 4495 1665 4540 casta:
1706 4501 1831 4542 esse

270 4577 511 4644 possunt?
559 4578 741 4648 Itaque
791 4579 1020 4647 primum
1069 4578 1380 4633 eamobrem
1436 4577 1672 4648 virgines
1726 4589 1834 4628 non

268 4675 408 4722 sunt:
434 4669 622 4724 deinde
648 4668 793 4738 quod
827 4669 1222 4724 matrimonium
1247 4668 1550 4722 damnando
1576 4667 1642 4722 ad
1662 4665 1834 4724 decli-

272 4760 446 4814 nandas
475 4762 685 4830 nuptias
707 4769 831 4814 sunt
850 4775 1144 4830 progressae
1169 4778 1182 4815 :
1209 4775 1331 4814 nam
1353 4775 1473 4814 cum
1497 4775 1588 4814 eas
1612 4760 1833 4814 vitiosas

269 4863 369 4905 esse
391 4855 681 4918 sanxerint,
711 4853 928 4921 praemia
956 4853 1057 4908 sibi
1080 4853 1398 4924 virginitatis
1421 4853 1829 4922 prmripuerunt.

269 4937 364 4993 Non
388 4945 522 4998 enim
563 4944 654 5014 qui
699 4943 826 4997 vitia
869 4953 1061 4998 cavent
1098 4959 1297 4999 corona
1347 4944 1573 5007 donari,
1599 4943 1694 4999 scd
1727 4958 1833 4998 non

266 5034 404 5101 plecti
425 5035 697 5091 dumtaxat
724 5051 821 5104 par
848 5035 950 5089 eSt.
984 5037 1155 5104 Atque
1189 5035 1240 5088 id
1267 5035 1481 5106 quidem
1519 5035 1705 5090 videre
1749 5045 1835 5090 est

266 5139 354 5178 non
400 5128 565 5182 soluat
616 5127 854 5185 nostris.
899 5125 994 5181 sed
1041 5128 1282 5183 externis
1322 5128 1483 5181 etiam
1528 5127 1736 5196 legibus
1762 5125 1832 5180 ita

262 5221 583 5276 constitutum
613 5219 760 5288 τρυε
792 5219 994 5273 cmdem
1030 5220 1238 5285 fecerit,
1272 5221 1462 5288 inquit,
1492 5229 1750 5284 necator;
1781 5229 1835 5275 at

261 5319 353 5364 non
394 5313 548 5367 etiam
593 5312 837 5374 additur,
877 5311 978 5379 Qui
1019 5311 1222 5366 caedem
1249 5326 1356 5365 nou
1385 5310 1594 5376 fecerit,
1629 5310 1835 5366 honore

260 5400 633 5459 allicitorzFur
684 5405 966 5474 plectitor;
1015 5411 1070 5458 at
1121 5418 1226 5457 non
1275 5419 1397 5458 eum
1449 5418 1709 5477 quoque,
1743 5403 1834 5473 qui

261 5492 412 5548 aliena
438 5510 542 5549 non
574 5495 837 5565 rapuerit,
871 5492 1074 5550 donum
1099 5509 1292 5564 capere
1317 5494 1594 5564 jusserunt
1620 5511 1633 5548 :
1662 5507 1838 5565 neque

312 5625 327 5656 ³
359 5627 584 5678 Collatum
617 5641 729 5678 cum
753 5627 877 5677 Fdit.
901 5626 1196 5679 l‘lantiniana
1219 5639 1346 5677 anno
1382 5627 1522 5686 1575,
1554 5641 1663 5677 cum
1692 5629 1833 5678 Savll.

254 5699 299 5741 et
322 5701 424 5738 trum
453 5691 562 5739 ουιι.
590 5698 711 5754 πρε.
737 5688 882 5752 1974,
915 5692 999 5754 qui
1039 5689 1203 5741 multis
1226 5688 1415 5739 mendis
1446 5699 1703 5752 respersus
1740 5699 1834 5740 est.

1936 3387 2239 3444 adulterum
2272 3385 2610 3451 occidentes,
2643 3391 2692 3444 ei
2720 3391 2806 3461 qui
2851 3391 3071 3446 alterius
3101 3393 3278 3451 cubile
3317 3412 3419 3451 non
3455 3398 3526 3454 ef-

1934 3478 2162 3552 fringet,
2214 3481 2475 3535 honorem
2515 3481 2806 3537 sciverunt.
2854 3483 2920 3539 Et
2966 3487 3158 3542 merito
3205 3504 3377 3545 sane:
3410 3507 3532 3546 nam

1935 3573 2146 3626 laudem
2175 3579 2229 3626 et
2254 3571 2660 3628 admirationem
2693 3573 2888 3630 habere
2918 3590 3102 3631 eorum
3135 3587 3214 3632 est
3234 3620 3248 3643 ,
3283 3579 3371 3649 qui
3414 3581 3530 3634 vir-

1937 3673 2048 3718 tute
2091 3661 2496 3732 pert'ungautur,
2542 3680 2648 3718 non
2690 3666 2778 3735 qui
2825 3665 2949 3720 vilia
2991 3666 3304 3722 declinent:
3335 3686 3458 3724 nam
3489 3670 3536 3726 is

1935 3753 2016 3807 eis
2045 3753 2218 3807 honor
2244 3754 2374 3808 satis
2399 3763 2502 3820 est,
2531 3755 2575 3808 si
2605 3770 2815 3824 ptenam
2849 3756 3048 3811 nullam
3079 3759 3330 3813 sentiant.
3357 3759 3538 3830 Itaque

1938 3845 2194 3898 Dominus
2219 3855 2403 3900 noster
2430 3845 2649 3917 (Matth.
2678 3848 2731 3901 5.
2758 3845 2888 3913 η),
2917 3848 3011 3918 qui
3040 3856 3239 3904 temere
3269 3858 3324 3904 et
3345 3850 3538 3904 imme—
3630 3866 3638 3873 ε

1935 3937 2039 3991 rito
2054 3935 2202 3991 fratri
2231 3952 2329 3990 suo
2358 3937 2616 3992 irascatur
2641 3955 2704 3993 ac
2732 3939 2931 3994 fatuum
2960 3949 3132 4006 vocet,
3159 3942 3205 3996 ei
3232 3943 3534 4012 gehennam

1935 4040 2017 4085 est
2046 4031 2402 4087 comminatus
2430 4048 2443 4085 :
2478 4045 2583 4086 nun
2610 4033 2770 4087 etiam
2794 4035 2879 4101 iis,
2901 4033 2990 4103 qui
3017 4049 3115 4090 nec
3136 4035 3402 4091 immerito
3424 4037 3535 4091 ira-

1935 4130 2174 4187 scantur,
2213 4129 2268 4176 et
2305 4137 2334 4174 a
2375 4122 2632 4176 conviciis
2676 4123 3012 4186 abstineant,
3055 4124 3269 4178 caeleste
3312 4141 3536 4196 regnum

1937 4211 2183 4282 promisit
2207 4228 2221 4265 :
2250 4213 2343 4267 sed
2378 4212 2495 4281 plus
2521 4228 2588 4268 eo
2615 4213 2866 4282 quiddam
2911 4212 3188 4283 majusque
3219 4215 3534 4283 requisivit,

1937 4301 2164 4374 Diligite,
2185 4304 2451 4372 inquiens,
2476 4302 2710 4357 inimicos
2726 4314 2912 4358 vestras
2935 4303 3148 4375 (Matth.
3169 4307 3221 4361 5.
3241 4307 3353 4377 44).
3377 4305 3539 4363 Cum.-

1935 4409 2041 4464 que
2068 4394 2228 4448 vellet
2255 4394 2572 4457 ostendere,
2606 4394 2952 4464 perexiguum
2981 4404 3037 4450 et
3067 4395 3171 4450 vile
3196 4405 3359 4468 atque
3400 4399 3538 4455 indi-

1936 4500 2097 4556 gnum
2129 4487 2353 4556 prmmio
2381 4495 2523 4551 esse,
2553 4485 2746 4541 fratres
2773 4502 2877 4541 non
2923 4486 3103 4542 odisse
3123 4530 3138 4553 ,
3170 4491 3444 4558 proposito
3471 4506 3538 4547 eo

1937 4575 2078 4648 quod
2109 4577 2274 4632 multo
2303 4578 2476 4648 majus
2501 4586 2616 4643 est,
2647 4593 2769 4633 eum
2797 4578 3021 4649 diligere
3051 4588 3105 4634 et
3137 4595 3321 4637 amare
3343 4622 3358 4647 ,
3386 4598 3456 4637 ne
3485 4583 3536 4638 id

1939 4673 2156 4744 quidem
2183 4675 2336 4729 nobis
2364 4674 2610 4729 sufﬁcere
2641 4673 2734 4739 ait,
2771 4683 2828 4729 ut
2853 4673 3114 4729 honorem
3148 4676 3314 4731 ullum
3343 4692 3536 4732 conse-

1937 4779 2165 4835 quamur
2190 4783 2203 4818 :
2225 4765 2350 4833 quid
2379 4765 2546 4830 enim,
2573 4765 2614 4819 si
2638 4779 2698 4819 ea
2724 4779 2784 4818 re
2811 4764 2939 4818 nihil
2965 4764 3160 4819 exteris
3185 4766 3538 4834 prmstamns?

1939 4856 2120 4925 Itaque
2149 4856 2249 4909 alia
2285 4855 2438 4910 nobis
2467 4870 2601 4926 Opus
2629 4863 2712 4910 est
2740 4855 2978 4910 accessio
3007 4856 3177 4909 multo
3217 4857 3317 4911 hac
3343 4857 3536 4926 major,

1938 4948 1982 5001 si
2014 4947 2227 5017 quidem
2257 4948 2561 5002 mercedem
2587 4946 2912 5017 ﬂagitamus.
2935 4945 3116 5016 Neque
3145 4948 3285 5001 enim
3317 4948 3437 5018 quia
3462 4958 3535 5014 te,

1941 5039 2131 5108 inquit,
2160 5030 2422 5108 gehenna:
2451 5054 2554 5093 non
2581 5039 2797 5100 damno,
2829 5039 2917 5108 qui
2946 5039 3244 5094 maledictis
3265 5047 3424 5109 atque
3456 5039 3537 5096 ira

1941 5130 1993 5185 in
2029 5128 2248 5211 fratrem
2276 5130 2582 5192 abstineas,
2622 5142 2904 5198 propterea
2943 5139 2995 5184 te
3023 5144 3219 5183 corona
3264 5130 3425 5185 etiam
3455 5131 3539 5185 di-

1940 5239 2100 5294 gnum
2131 5211 2398 5278 existima.
2425 5222 2539 5278 Non
2579 5221 2722 5276 enim
2768 5221 3034 5276 tantillum
3076 5221 3420 5278 humanitatis
3450 5237 3539 5277 so-

1941 5313 2047 5368 lum
2079 5313 2360 5377 desidero;
2399 5312 2494 5367 sed
2531 5311 2748 5367 etiamsi
2789 5325 2890 5365 nec
2931 5310 3232 5365 convicium
3261 5310 3458 5376 facias,
3481 5320 3540 5367 et

1942 5422 2063 5461 eum
2113 5421 2296 5462 amare
2341 5406 2501 5461 etiam
2551 5405 2734 5468 dicas,
2784 5403 2959 5459 adlmc
3005 5401 3143 5457 infra
3182 5402 3376 5467 haeres,
3405 5414 3460 5459 et
3485 5417 3539 5462 te

1941 5499 2079 5568 apud
2111 5499 2422 5569 publicanos
2451 5497 2706 5553 collocas.
2736 5495 2888 5562 Quod
2930 5496 2975 5551 si
3019 5494 3288 5566 perlectus
3318 5511 3379 5551 ac
3404 5499 3539 5552 caelo

1941 5588 2134 5662 dignus
2161 5604 2281 5646 esse
2306 5591 2421 5658 vis,
2451 5590 2570 5644 istic
2613 5588 2773 5642 modo
2817 5602 2886 5641 ne
2932 5588 3200 5652 consiste,
3241 5587 3334 5642 sed
3379 5589 3538 5648 altius

1940 5681 2262 5752 conscende,
2294 5691 2347 5737 et
2377 5691 2563 5737 natura
2595 5678 2708 5751 ipsa
2762 5678 3126 5736 sublimiorem
3158 5680 3537 5751 cogitationem
