4020 6420
482 281 587 338 555

488 404 701 472 suscipe
729 419 746 454 :
776 399 827 455 id
856 407 1033 454 autem
1062 405 1146 453 est
1184 395 1432 451 inimicos
1479 394 1720 463 diligere.
1750 392 1883 447 Cum
1923 392 2082 460 igitur

491 494 724 563 undique
753 492 854 546 hoc
879 489 1034 545 nobis
1063 497 1305 552 constet,
1332 487 1593 541 desistant
1622 484 1854 538 haeretici
1888 483 2083 536 frustra

493 600 551 642 se
575 585 847 653 affligere;
875 581 1071 669 nullam
1112 593 1255 633 etum
1302 575 1605 633 mercedem
1647 575 1907 643 accipient
1937 589 1949 625 :
1976 586 2082 625 tton

490 677 611 746 quia
640 677 707 729 sit
737 673 966 744 injustus
995 662 1270 728 Dominus.
1298 666 1574 737 apago-sis;
1605 663 1698 720 sed
1727 662 1870 734 qmid
1912 662 2082 730 itnpe-

490 770 573 824 riti
619 767 717 837 ipsi
754 775 809 819 et
863 762 1109 834 improbi.
1155 759 1293 828 Quid
1336 757 1485 812 ita‘?
1530 757 1960 812 Detnonstratum
2001 761 2085 807 est

489 861 625 930 fugae
672 868 876 913 tantum
920 873 950 912 a
996 855 1139 911 vitiis
1179 854 1380 908 nullum
1427 852 1758 922 propositum
1796 864 1917 905 esse
1945 864 2084 919 pne-

486 956 651 1008 mium
684 970 697 1006 :
730 952 829 1022 ipsi
857 959 1033 1004 autent
1074 947 1218 1019 quod
1260 946 1659 1000 matrimonium
1700 943 1950 997 vitiosum
1980 941 2082 996 du-’

486 1054 690 1110 errent,
714 1060 779 1098 eo
800 1044 1196 1099 abstinuerunt.
1220 1038 1338 1107 Quo
1361 1047 1516 1109 pacto
1543 1038 1702 1104 igitur
1727 1036 1796 1091 ob
1828 1035 2078 1088 vitiorum

482 1136 659 1206 fugam
693 1133 993 1189 mercedem
1024 1131 1285 1202 poscent?
1313 1129 1447 1185 Nam
1475 1138 1533 1181 ut
1565 1142 1663 1181 nos
1685 1128 1773 1197 qui
1798 1141 1903 1180 non
1931 1124 2082 1178 adul-

485 1242 722 1301 teretntts
752 1228 894 1298 digni
928 1243 1033 1281 non
1065 1225 1266 1280 erimus
1301 1224 1389 1293 qui
1421 1237 1764 1301 coronemur,
1798 1222 1874 1275 sic
1909 1235 2081 1290 neque

483 1321 556 1374 illi
586 1323 673 1391 qui
705 1334 924 1373 uxorem
954 1332 1066 1372 next
1096 1317 1318 1372 ducant.
1354 1314 1429 1369 ita
1471 1300 1613 1370 enim
1642 1330 1736 1368 eos
1764 1314 1850 1368 illa
1881 1312 1967 1367 die
1997 1311 2079 1365 al-

482 1417 763 1485 loquetur,
781 1415 867 1483 qui
900 1412 953 1467 in
996 1426 1094 1466 uos
1135 1409 1459 1465 sententiam
1503 1408 1744 1465 dicturus
1793 1414 1875 1459 est
1896 1422 1924 1485 7:
1959 1404 2077 1459 Non

482 1484 729 1576 equidem
762 1504 826 1558 iis
856 1504 1092 1558 honores
1132 1501 1419 1566 constitui,
1460 1500 1548 1569 qui
1587 1515 1615 1552 a
1647 1499 1789 1553 vitiis
1816 1484 1989 1554 solum
2020 1510 2081 1552 se

480 1601 827 1653 contineant:
857 1612 976 1650 nam
1022 1596 1075 1651 id
1119 1594 1259 1664 apud
1307 1608 1393 1648 me
1430 1593 1680 1663 exiguum
1711 1602 1824 1657 est;
1855 1590 1950 1646 sed
1988 1590 2079 1661 qui

481 1692 731 1744 vir:tttcm
780 1703 993 1744 onmem
1038 1687 1345 1758 persequuti
1390 1686 1530 1749 sint,
1572 1700 1666 1739 eos
1704 1700 1757 1737 tn
1791 1698 2078 1753 perennem

482 1781 734 1834 czclornm
763 1778 1132 1833 luereditatcm
1165 1776 1466 1831 introdueo.
1491 1774 1772 1844 Quomodo
1804 1774 1961 1844 igitur
1989 1772 2078 1841 qui

482 1870 882 1925 matrimonium
912 1868 1115 1925 foedum
1142 1883 1206 1922 ac
1235 1866 1552 1937 flagitiosum
1575 1864 1810 1920 credatis
1829 1903 1844 1929 ,
1886 1862 1956 1917 ob
1986 1863 2081 1915 fla-

481 1966 734 2035 gitiorum
765 1964 962 2033 fugam,
990 1962 1208 2032 prtemia
1238 1960 1301 2013 iis
1334 1959 1602 2029 proposita
1627 1999 1642 2024 ,
1672 1958 1764 2027 qui
1793 1954 2079 2027 praeclaras

481 2070 567 2109 res
595 2054 878 2123 gesserint,
904 2050 1221 2121 postulatis?
1242 2050 1323 2104 Ob
1346 2048 1397 2102 id
1426 2048 1567 2102 enim
1596 2056 1650 2101 et
1674 2061 1840 2118 agnos
1859 2044 2080 2100 dextros

477 2145 708 2200 eollticat
733 2144 752 2214 (
778 2143 963 2196 Matth.
986 2142 1077 2197 35.
1104 2142 1173 2196 55
1192 2139 1235 2210 ),
1280 2148 1335 2195 et
1362 2138 1630 2192 collaudat
1653 2179 1668 2203 ,
1697 2146 1752 2191 et
1777 2136 1829 2191 in
1857 2148 2077 2204 regnum

478 2237 745 2303 admittit,
779 2250 883 2290 non
931 2233 1073 2304 quod
1117 2233 1290 2287 aliena
1334 2246 1439 2284 non
1482 2229 1776 2300 rapuerint,
1809 2227 1903 2283 sed
1935 2224 2077 2297 quod

479 2329 640 2383 etiam
671 2342 765 2382 sua
804 2326 922 2379 aliis
966 2323 1217 2393 lmpertiti
1265 2322 1373 2377 sint
1406 2330 1502 2405 :et
1545 2336 1667 2375 eum
1709 2317 1795 2374 cui
1844 2317 2080 2405 quinque

482 2422 678 2475 talenta
710 2418 1025 2474 credidisset
1051 2415 1411 2482 commendat,
1432 2398 1548 2468 'non
1579 2411 1723 2483 quod
1754 2398 2073 2466 non-immi-

485 2513 725 2577 nuisset,
759 2510 850 2564 sed
892 2508 1030 2578 quod
1062 2507 1324 2562 creditum
1355 2489 1628 2576 auxisset,
1659 2518 1721 2558 ac
1751 2502 2078 2572 duplicatum

479 2603 778 2672 depositum
821 2600 1089 2654 redderet.
1130 2597 1419 2667 Quousque
1451 2594 1610 2663 igitu'r
1656 2608 1762 2648 non
1808 2592 2079 2647 desistetis

480 2695 675 2751 frustra
706 2708 924 2747 currere
943 2734 958 2759 ,
990 2691 1343 2761 nequicquam
1374 2690 1618 2743 laborare
1638 2728 1654 2755 ,
1697 2696 1901 2742 temere
1928 2686 2079 2756 pugi-

482 2786 591 2840 latu
617 2793 847 2848 certare,
875 2797 1053 2837 acrem
1084 2781 1373 2836 verberare
1401 2778 1662 2849 (Philipp.
1683 2777 1740 2831 2.
1772 2778 1864 2841 16;
1897 2778 1921 2831 1
1959 2776 2077 2830 Cor.

481 2876 532 2931 9.
557 2876 688 2945 26)?
710 2877 889 2945 Atque
913 2874 1113 2928 utinam
1143 2871 1343 2926 frustra
1372 2870 1531 2925 modo
1557 2889 1569 2924 :
1594 2871 1692 2925 etsi
1723 2886 1829 2925 non
1862 2869 2067 2924 medio-

479 2968 586 3021 cris
628 2967 809 3035 utique
849 2979 1006 3034 pmna
1050 2973 1166 3030 est,
1214 2963 1302 3032 qui
1332 2962 1570 3032 graviter
1613 2961 1996 3025 laboraverint,
2024 2970 2080 3016 et

481 3056 760 3127 prmmium
802 3064 1020 3125 sperent
1067 3053 1338 3108 laboribus
1362 3052 1585 3120 omajus,
1624 3067 1782 3122 quem
1810 3051 1950 3106 diem
1979 3051 2078 3105 sibi

482 3149 771 3219 gloriosum
805 3147 919 3203 fore
943 3147 1158 3213 ducant,
1189 3160 1255 3201 eo
1286 3147 1426 3199 inter
1453 3145 1712 3219 inglorios
1739 3145 1944 3199 haberi.

556 3241 620 3297 ll.
672 3240 949 3295 llwreticos
992 3220 1292 3309 virginitatis
1334 3238 1485 3291 etiam
1520 3253 1694 3305 poenas
1740 3237 1977 3305 pendere.
2009 3265 2079 3275 —

484 3332 639 3389 Nunc
663 3346 771 3386 non
796 3331 847 3385 id
874 3330 1046 3385 solum
1073 3330 1268 3384 malum
1298 3336 1408 3403 est,
1437 3342 1610 3396 neque
1647 3328 1692 3380 is
1719 3326 1835 3394 ejus
1855 3326 2080 3395 jactura:

487 3423 717 3489 modus,
766 3429 825 3475 ut
865 3418 1097 3475 fructum
1136 3417 1341 3473 nullum
1386 3417 1618 3481 faciant,
1664 3415 1759 3469 sed
1814 3416 2083 3491 excipient

484 3516 585 3568 alia
612 3513 781 3568 multo
804 3512 867 3566 iis
887 3510 1152 3583 graviora,
1184 3508 1320 3578 ignis
1351 3506 1720 3570 inexstinctus,
1748 3505 1945 3559 vermis
1977 3507 2078 3559 im-

486 3604 747 3675 mortalis,
805 3601 1041 3657 tenebrte
1091 3599 1425 3666 exteriores,
1467 3612 1737 3663 mruntncc,
1785 3596 2076 3652 alllictatio.

487 3696 666 3765 Itaque
717 3701 929 3748 centum
976 3690 1133 3746 nobis
1180 3690 1372 3760 linguis
1413 3696 1468 3744 et
1509 3688 1745 3758 angelica
1772 3688 2005 3759 quadam
2029 3689 2079 3743 vi

484 3799 621 3856 Opus
647 3785 755 3849 sit,
787 3793 846 3837 ut
887 3782 1000 3837 Deo
1029 3797 1126 3852 pro
1169 3780 1286 3850 ejus
1323 3781 1375 3833 in
1415 3793 1514 3834 nos
1543 3794 1670 3834 cura
1704 3779 1892 3848 dignas
1922 3794 2080 3850 agere

458 3877 680 3949 gratias
710 3876 1002 3946 possimus;
1046 3889 1108 3927 ac
1138 3888 1206 3938 ne
1251 3872 1329 3927 sic
1371 3886 1584 3942 quoque
1626 3873 1895 3940 possimus
1928 3889 1941 3923 ε
1973 3887 2080 3941 quo

460 3978 641 4042 paeto
670 3967 855 4023 enim?
896 3965 1227 4035 Virginitatis
1261 3963 1413 4018 labor
1452 3973 1505 4018 et
1536 3963 1690 4017 nobis
1719 3972 1776 4017 et
1815 3963 2080 4018 hmreticis

487 4078 583 4133 par
610 4069 725 4125 est;
751 4069 909 4129 atque
936 4057 1039 4112 illis
1069 4058 1292 4111 fortasse
1317 4055 1483 4109 multo
1507 4055 1863 4123 etiam-major
1892 4073 1905 4108 :
1933 4054 2081 4109 labo-

485 4170 603 4210 rum
634 4154 834 4208 fructus
863 4152 1033 4221 impar
1061 4149 1154 4204 sed
1181 4148 1302 4203 illos
1331 4156 1387 4204 et
1412 4148 1641 4215 vincula,
1676 4160 1729 4203 et
1760 4148 2006 4222 lacryma:
2029 4156 2084 4202 et

450 4226 461 4313 ξ
487 4228 724 4316 ploratus
756 4254 812 4299 et
841 4242 1168 4297 immortales
1199 4249 1415 4295 manent
1443 4239 1746 4306 cruciatus;
1786 4254 1887 4295 nos
1916 4254 2080 4310 ange-

488 4347 660 4392 lorum
693 4346 886 4409 sortes,
925 4332 1218 4405 splendidae
1247 4332 1513 4403 lucernae,
1546 4339 1603 4386 et
1644 4330 1786 4401 quod
1817 4331 2080 4407 bonorum

452 4482 455 4487 λ
486 4428 725 4484 omnium
766 4434 923 4494 caput
953 4434 1031 4478 est
1051 4463 1068 4489 ,
1108 4423 1290 4491 sponsi
1316 4421 1667 4476 consuetudo.
1694 4421 1800 4477 Sed
1821 4420 2081 4491 quamob-

488 4534 601 4574 rem
649 4515 960 4572 eorumdcm
1010 4514 1253 4571 laborum
1318 4513 1584 4567 contraria
1635 4515 1857 4584 prtemia
1923 4514 2082 4569 sunt?

454 4588 459 4595 ’
488 4608 640 4678 Quod
671 4608 744 4661 illi
772 4605 1063 4661 sanciendo
1101 4604 1269 4674 legem
1298 4604 1490 4658 divinae
1523 4603 1884 4681 adversariam
1915 4605 2080 4676 virgi-

489 4703 712 4759 nitatem
737 4712 861 4756 sunt
888 4698 1117 4768 amplexi
1154 4714 1166 4750 :
1209 4712 1309 4752 nos
1345 4705 1402 4750 ιιι
1431 4696 1547 4767 ejus
1574 4696 1897 4753 voluntatem
1928 4711 2083 4775 exse-

488 4810 733 4867 quamur,
763 4792 816 4846 id
849 4792 1094 4847 facimus.
1123 4791 1288 4845 Deum
1325 4804 1551 4859 namque
1590 4788 1726 4844 velle
1766 4804 1952 4846 omnes
1980 4789 2081 4845 ho-

454 4870 461 4879 ’
487 4887 660 4943 mines
680 4902 709 4940 a
734 4879 981 4955 conjugio
1005 4882 1295 4947 abstinere,
1319 4881 1362 4934 is
1386 4880 1536 4935 testis
1563 4888 1664 4946 est,
1692 4882 1781 4951 qui
1809 4881 2079 4935 Christum

454 4958 461 4967 ’
489 4983 544 5036 in
574 4996 633 5035 se
662 4979 967 5050 loquentem
998 4975 1158 5032 habet
1186 4989 1199 5026 :
1237 4973 1366 5028 Volo
1383 4973 1547 5037 enim,
1580 4973 1768 5043 inquit,
1792 4990 1962 5028 omnes
1984 4976 2079 5027 ho-

487 5073 645 5143 mines
670 5072 742 5125 sic
766 5085 909 5141 esse,
940 5076 996 5121 ut
1023 5083 1113 5137 ego
1138 5082 1282 5133 sum,
1303 5065 1638 5121 continentes
1665 5064 1745 5133 (Ι.
1773 5062 1891 5120 Cor.
1915 5064 1970 5118 7.
2000 5064 2079 5136 7).

489 5162 597 5237 Sed
628 5161 872 5215 balvalor
898 5161 1060 5219 nobis
1089 5176 1341 5232 parcens,
1373 5170 1429 5216 et
1460 5160 1711 5231 spiritum
1739 5168 2077 5233 promptum,

488 5266 707 5306 carnem
739 5250 1012 5308 inﬁrmam
1047 5267 1171 5308 esse
1198 5253 1379 5323 sciens
1398 5250 1868 5335 ,(Μαιιιωθηιι),
1897 5251 1953 5309 id
1977 5249 2082 5305 sub

489 5335 739 5407 prarecpti
780 5335 1150 5389 necessitatem
1176 5349 1280 5388 non
1313 5334 1606 5401 conclusit,
1634 5334 1726 5390 sed
1754 5335 1871 5406 ejus
1901 5337 2079 5406 optio-

487 5442 610 5481 nem
633 5425 826 5480 animis
854 5424 1051 5480 nostris
1075 5424 1335 5494 permisit.
1358 5423 1491 5480 Nam
1517 5425 1563 5479 si
1594 5426 1963 5496 praescriptum
1984 5442 2082 5485 es-

454 5574 469 5589 ,_
487 5526 569 5573 set
595 5525 753 5587 atque
776 5518 860 5572 lex
880 5558 895 5585 ,
920 5518 1009 5586 qui
1040 5515 1094 5571 id
1125 5515 1495 5597 perfecissent,
1526 5516 1783 5573 honorem
1810 5534 1916 5574 non
1947 5534 2083 5574 con-

487 5617 860 5677 sequerentur,
886 5608 982 5663 sed
1022 5609 1154 5665 illud
1182 5609 1458 5678 audirent,
1485 5609 1712 5669 Fecistis
1737 5613 1878 5686 quod
1906 5612 2082 5687 facere

550 5723 575 5756 ι
608 5728 778 5784 voces,
802 5720 926 5787 om
947 5721 1061 5775 ita?
1082 5725 1134 5775 in
1153 5702 1487 5790 uagae-sunt.

1195 276 1254 334 S.
1295 274 1576 332 JOANNIS
1603 271 2081 331 CllRYSOSTOMl
2125 271 2452 334 ARCHIEP.
2493 277 3039 341 CONSTANTINOP.

3680 296 3807 352 536

2199 394 2457 453 debuistis
2497 399 2515 464 (
2536 398 2664 457 Luc.
2698 403 2787 472 i7,
2840 402 2944 478 10)
2985 419 2999 456 :
3052 420 3227 477 neque
3258 407 3325 463 iis
3347 408 3435 480 qui
3476 424 3581 464 non
3607 422 3813 466 essent

2194 493 2463 561 assequuti
2501 493 2889 563 ignosceretur,
2921 496 3015 550 sed
3056 499 3303 568 exlegunt
3345 515 3530 569 poenas
3559 502 3807 555 luerent.

2192 582 2345 638 Nunc
2390 599 2511 639 cunt
2542 586 2755 653 dixerit,
2790 589 2889 657 Qui
2938 601 3099 661 potest
3126 609 3321 664 capere,
3355 598 3525 666 capiat
3572 597 3807 668 (Matth.

2195 676 2281 731 19.
2314 676 2416 748 12)
2437 719 2452 743 ,
2492 678 2582 748 qui
2640 694 2747 735 non
2776 693 2995 750 possent
3022 684 3160 737 haud
3195 684 3467 741 damnavit
3497 705 3509 739 :
3542 694 3632 756 qui
3664 704 3803 758 pos—

2192 776 2332 833 sent,
2359 770 2422 823 iis
2446 785 2607 839 grave
2635 781 2796 842 atque
2825 773 3011 843 ingens
3035 764 3312 831 certamen
3358 781 3651 846 proposuit.
3683 779 3793 832 Ita-

2189 875 2293 929 que
2315 871 2368 915 et
2388 858 2604 926 Paulus,
2645 854 2878 933 Magistri
2905 866 3140 935 vestigiis
3171 866 3444 931 insistens,
3476 869 3552 924 De
3573 871 3806 940 virgini-

2191 950 2282 1003 bus
2307 952 2322 981 ¹
2350 992 2364 1015 ,
2401 952 2601 1021 inquit,
2642 965 2944 1024 prteceptum
2963 955 3168 1010 Domini
3188 975 3288 1013 non
3318 960 3496 1028 habeo,
3519 963 3808 1016 consilium

2192 1053 2361 1096 autent
2380 1043 2446 1098 do
2476 1043 2551 1115 (Ι.
2576 1045 2693 1099 Cor.
2726 1047 2778 1101 7.
2807 1046 2921 1119 25).

2260 1132 2348 1188 Ill.
2390 1133 2705 1190 Matrimonii
2744 1138 3122 1193 detestationem
3163 1143 3407 1196 satanicar
3456 1142 3805 1198 immanitatis

2188 1241 2315 1280 esse.
2347 1255 2417 1267 -
2447 1228 2516 1280 At
2541 1243 2671 1309 vero
2700 1245 2873 1303 neque
2912 1229 3146 1286 Marcion
3168 1273 3183 1297 ,
3216 1249 3389 1311 neque
3436 1234 3746 1312 Valentinus
3773 1278 3796 1302 ,

2190 1332 2363 1395 neque
2398 1317 2579 1373 Manes
2608 1334 2728 1375 eam
2776 1321 3197 1378 moderationem
3241 1333 3527 1380 tenuerunt
3565 1344 3579 1381 :
3613 1341 3798 1396 neque

2187 1409 2330 1485 enim
2374 1404 2646 1466 Christum
2681 1413 2732 1467 in
2775 1426 2834 1468 se
2874 1414 3176 1489 loquentem
3219 1414 3521 1493 habebant,
3557 1406 3798 1495 qui‘nvi-

2187 1501 2288 1557 bus
2321 1504 2432 1557 suis
2473 1504 2675 1573 parcit,
2715 1513 2767 1558 et
2800 1521 2895 1573 pro
2921 1506 2986 1559 iis
3025 1506 3185 1560 vitam
3220 1507 3513 1576 impendit,
3545 1508 3639 1564 sed
3681 1508 3796 1561 hu-

2192 1589 2449 1642 mieidam
2480 1589 2940 1653 illu'm,mendacii
2966 1600 3245 1659 parentem
3272 1589 3457 1660 (Joan.
3490 1591 3579 1646 10.
3611 1593 3699 1658 ll;
3722 1595 3789 1647 8.

2192 1680 2306 1754 44).
2328 1681 2510 1751 Itaque
2536 1682 2629 1751 qui
2660 1698 2720 1738 se
2750 1682 3023 1748 audirent,
3058 1697 3249 1738 omnes
3279 1683 3653 1751 perdiderunt,
3680 1699 3791 1737 eos

2196 1774 2284 1828 hic
2311 1773 2597 1829 inutilibus
2623 1784 2786 1843 atque
2815 1776 3173 1831 intolerandis
3208 1776 3494 1831 laboribus
3524 1791 3788 1846 premen-

2194 1871 2295 1926 tes,
2327 1864 2438 1919 illic
2458 1864 2512 1918 in
2532 1873 2779 1934 paratum
2800 1865 2903 1919 sibi
2927 1866 3104 1935 ignem
3133 1882 3241 1920 una
3264 1882 3450 1921 secum
3478 1867 3781 1919 trahentes.

2256 1956 2346 2012 IV.
2404 1956 2681 2013 ereticos
2731 1958 2949 2028 virgines
3007 1959 3158 2012 etiam
3205 1960 3433 2029 gentibus
3500 1960 3792 2013 miseriores

2185 2065 2310 2103 esse.
2335 2079 2408 2090 —
2426 2047 2472 2104 Ο
2500 2064 2596 2103 vos
2625 2049 2783 2103 etiam
2813 2048 3061 2119 gentibus
3084 2049 3421 2105 miseriores!
3449 2066 3567 2104 nam
3592 2060 3789 2120 gentes

2183 2137 2398 2208 quidem
2428 2138 2528 2193 etsi
2551 2138 2809 2209 gcltcnnm
2835 2139 3091 2209 supplicia
3119 2149 3457 2208 exspectant,
3486 2150 3540 2195 at
3561 2141 3644 2195 hic
3665 2141 3782 2195 sal-

2186 2237 2291 2283 tem
2322 2229 2641 2299 volnptatetn
2671 2230 2867 2298 nuptiis
2896 2229 3294 2299 frequentattdis
3315 2273 3330 2296 ,
3365 2233 3586 2300 pecunia
3613 2240 3782 2287 eicie-

2184 2319 2363 2389 risque
2388 2319 2507 2373 vita:
2536 2312 2884 2391 suavitatibus
2910 2322 3221 2387 tractandis,
3247 2325 3466 2393 capiunt
3496 2342 3511 2379 :
3544 2340 3636 2381 vos
3664 2334 3783 2378 tor-

2184 2420 2365 2466 menta
2408 2419 2462 2465 ct
2506 2402 2772 2465 terumnas
2817 2412 3117 2482 utrobique,
3148 2424 3203 2468 et
3233 2414 3319 2469 hic
3346 2424 3557 2485 sponte,
3588 2424 3641 2470 et
3672 2416 3787 2470 illic

2184 2503 2335 2558 inviti
2380 2503 2673 2558 sustinetis.
2706 2502 2813 2557 Illis
2864 2519 2962 2575 pro
2984 2504 3192 2576 jejunio
3238 2514 3294 2560 et
3336 2507 3636 2576 virginitate
3679 2520 3785 2562 nec

2184 2593 2487 2671 mercedem
2512 2594 2703 2648 tribuat
2726 2595 3029 2665 quisquam,
3061 2612 3162 2650 nec
3188 2597 3509 2667 supplicium
3538 2599 3735 2667 irroget
3759 2616 3777 2653 :

2186 2701 2281 2741 vos
2301 2701 2528 2757 quorum
2567 2688 2782 2742 nomine
2810 2688 3099 2743 immensas
3125 2689 3307 2744 laudes
3341 2690 3588 2760 speratis,
3614 2691 3683 2745 ob
3710 2705 3780 2745 ea

2184 2787 2452 2832 extremas
2484 2793 2669 2846 poenas
2698 2779 2878 2843 luetis,
2923 2788 2980 2834 et
3007 2795 3128 2833 cum
3156 2781 3275 2835 aliis
3305 2781 3564 2849 audietis,
3597 2781 3749 2836 Disce
3779 2812 3785 2818 -

2185 2868 2290 2921 dite
2316 2884 2348 2920 a
2370 2884 2451 2920 me
2468 2869 2521 2920 in
2540 2868 2707 2938 ignem
2734 2878 2990 2934 retentum,
3027 2880 3264 2938 paratum
3284 2872 3487 2925 diabolo
3508 2883 3555 2925 et
3582 2872 3786 2942 angelis

2186 2960 2295 3029 ejus
2325 2957 2536 3028 (Matth.
2561 2958 2653 3015 25.
2686 2959 2799 3030 41),
2831 2976 2950 3015 cum
2979 2960 3080 3016 hoc
3109 2973 3288 3017 vestro
3313 2963 3516 3033 jejunio
3545 2972 3596 3019 ct
3616 2963 3784 3030 virgi.~

2185 3050 2371 3105 nitate.
2394 3049 2526 3104 Nam
2557 3066 2656 3105 nec
2673 3051 2931 3121 jejunium
2952 3094 2967 3119 ,
3007 3069 3106 3109 nec
3132 3055 3406 3123 virginitas
3436 3070 3532 3125 per
3558 3071 3616 3110 se
3636 3055 3783 3109 bona

2184 3145 2267 3197 vel
2300 3144 2438 3197 mala
2470 3154 2616 3208 sunt,
2645 3145 2738 3199 sed
2766 3159 2830 3199 ex
2859 3161 3043 3200 eorum
3072 3148 3160 3213 qui
3194 3163 3256 3202 ea
3287 3156 3541 3203 exercent
3580 3162 3789 3216 propn-

2186 3238 2290 3292 silo
2319 3237 2636 3291 alterutrum
2668 3237 2825 3292 ﬁunt.
2854 3239 2919 3293 Ει
2945 3240 3192 3309 gentibus
3226 3239 3551 3294 infructuosa
3578 3256 3640 3295 ea
3664 3241 3784 3293 vir-

2185 3339 2270 3386 tus
2298 3339 2418 3386 est:
2452 3346 2559 3385 non
2590 3330 2792 3399 habent
2819 3332 2959 3387 enim
2982 3348 3132 3388 suam
3156 3333 3479 3398 mercedem,
3501 3333 3641 3403 quod
3669 3347 3782 3386 non

2186 3422 2280 3476 Dei
2323 3430 2467 3477 metu
2506 3437 2622 3477 eam
2655 3422 2885 3478 obierint
2914 3442 2927 3476 :
2968 3438 3065 3477 vos
3092 3424 3179 3493 qui
3218 3424 3357 3479 bello
3397 3438 3518 3477 cuut
3551 3423 3660 3478 Deo
3685 3437 3789 3491 δεμ

2186 3515 2373 3581 reudo,
2403 3525 2562 3585 atque
2582 3516 2698 3585 ejus
2725 3516 2977 3585 operibus
3002 3516 3350 3572 criutinandis
3374 3533 3491 3571 eam
3515 3516 3785 3583 obieritis,

2188 3621 2291 3660 non
2323 3605 2485 3660 modo
2528 3605 2829 3660 mercedem
2870 3614 3100 3660 vestram
3150 3621 3255 3658 non
3309 3605 3550 3670 habetis,
3598 3604 3788 3661 sedet

2187 3697 2490 3766 plectemini
2525 3715 2538 3750 :
2571 3690 2634 3751 ac
2674 3697 2813 3769 quod
2861 3698 3051 3751 attinet
3092 3696 3159 3751 ad
3201 3697 3485 3768 dogmata,
3516 3712 3635 3750 cum
3676 3698 3787 3751 illis

2186 3788 2558 3853 censebimiui,
2585 3789 2674 3857 qui
2707 3788 2929 3864 perinde
2953 3798 3112 3859 atque
3136 3789 3380 3859 gentiles,
3403 3804 3531 3844 vero
3558 3788 3667 3841 Deo
3690 3802 3785 3843 re-

2180 3881 2345 3951 jccto,
2375 3882 2595 3937 deorum
2629 3882 3018 3936 multitudinem
3050 3882 3357 3936 invexeritis
3388 3899 3400 3934 :
3437 3880 3576 3951 qttod
3602 3880 3668 3934 ad
3697 3880 3785 3934 vi-

2189 3979 2294 4026 tam
2322 3982 2524 4038 autem,
2557 3973 2747 4027 melius
2768 3990 2889 4028 ctttn
2918 3974 3025 4027 illis
3055 3988 3213 4043 quam
3244 3972 3516 4027 vobiscum
3543 3981 3730 4040 agetur
3760 3990 3779 4026 :

2187 4077 2311 4116 nam
2340 4062 2444 4117 illis
2473 4063 2573 4117 hoc
2602 4065 2773 4117 solum
2800 4063 2980 4118 damni
3009 4074 3121 4130 est,
3163 4064 3291 4117 nihil
3327 4064 3449 4118 boni
3490 4065 3782 4132 consequi,

2187 4152 2338 4207 vobis
2365 4154 2525 4207 etiam
2548 4155 2804 4223 supplicia
2838 4160 2943 4223 pati
2967 4172 2981 4207 :
3010 4163 3169 4224 atque
3197 4155 3299 4209 illis
3326 4155 3377 4209 itt
3409 4156 3506 4209 hac
3533 4156 3633 4208 vita
3664 4171 3785 4208 ont-

2190 4244 2344 4300 nibus
2369 4246 2471 4300 frui
2513 4246 2680 4309 licuit,
2712 4262 2808 4301 vos
2834 4246 3072 4317 utrisque
3110 4246 3326 4300 caretis.
3363 4247 3444 4323 An
3491 4262 3645 4315 poma
3675 4246 3784 4316 ulla

2186 4338 2400 4408 gravior
2428 4352 2545 4392 esse
2574 4347 2767 4406 potcSI,
2791 4352 2947 4406 quam
2978 4337 3231 4405 supplicia
3257 4336 3497 4390 laborum
3530 4351 3591 4389 ac
3613 4336 3781 4395 sudo-

2188 4445 2306 4503 rum
2335 4430 2609 4497 prtemiutn
2637 4428 2864 4496 capere?
2890 4427 3131 4491 Adulter,
3156 4426 3520 4492 defraudatur,
3543 4444 3631 4497 qut
3652 4428 3786 4480 alic-

2189 4538 2255 4577 na
2297 4525 2532 4578 suaviter
2553 4520 2866 4589 abligttriat,
2902 4529 2957 4572 et
2998 4518 3226 4587 proximi
3254 4518 3390 4572 bona
3418 4521 3607 4589 rapiat,
3636 4518 3782 4572 sola-

2184 4613 2319 4667 tium
2343 4609 2557 4681 aliquod
2588 4609 2804 4675 habent,
2834 4609 2993 4663 breve
3024 4608 3074 4662 id
3101 4608 3336 4677 quidem,
3360 4609 3455 4663 sed
3482 4609 3676 4663 habent
3701 4618 3781 4661 ta-

2190 4723 2311 4763 men
2338 4746 2354 4774 ,
2400 4702 2542 4774 quod
2570 4718 2754 4757 eorum
2786 4702 3001 4755 nomine
3042 4702 3371 4771 plectantur,
3421 4716 3645 4771 quorum
3697 4702 3784 4755 hic

2190 4800 2418 4854 fructum
2461 4795 2780 4849 habuerunt.
2811 4797 2880 4848 At
2907 4794 2997 4863 qui
3029 4803 3392 4862 paupertatem
3435 4805 3627 4863 sponte
3663 4794 3780 4859 iuit,

2158 4946 2161 4951 .
2189 4901 2249 4947 ttt
2279 4892 2384 4946 illic
2423 4877 2814 4958 locupletetur,
2834 4887 2925 4956 qui
2966 4886 3285 4956 virginitatis
3313 4886 3558 4953 labores,
3587 4895 3646 4941 ut
3675 4886 3786 4941 illic

2188 4998 2311 5038 cum
2341 4980 2546 5052 angelis
2586 4979 2812 5034 choreas
2838 4978 3032 5033 ducat:
3073 4979 3119 5033 is
3155 4978 3199 5032 si
3243 4989 3464 5049 repente
3489 4994 3551 5034 ac
3591 4987 3787 5048 pnrter

2189 5088 2405 5130 omnem
2434 5071 2888 5141 exspectationem
2910 5071 2979 5125 ob
3006 5085 3068 5124 ea
3099 5084 3285 5139 poenas
3310 5070 3423 5136 det,
3454 5068 3524 5123 ob
3544 5084 3663 5139 qttte
3696 5068 3785 5122 in-

2189 5180 2321 5237 gens
2345 5164 2622 5235 praemium
2653 5172 2993 5230 speraverat,
3024 5162 3293 5217 infandum
3325 5170 3582 5230 quantum
3608 5177 3674 5216 ex
3703 5161 3792 5215 in-

2190 5268 2406 5330 sperato
2436 5264 2629 5312 eventu
2667 5254 2910 5311 dolorem
2938 5257 3135 5325 capiat.
3180 5254 3290 5323 Ego
3316 5253 3461 5309 enim
3497 5269 3620 5310 eum
3647 5268 3789 5309 con-

2189 5348 2413 5406 scientia
2437 5362 2591 5419 :cque
2623 5356 2784 5418 atque
2821 5346 3033 5401 flamma
3061 5345 3353 5400 crueiatum
3395 5346 3459 5400 iri
3495 5346 3789 5414 existimo,

2190 5458 2313 5499 eum
2344 5442 2397 5496 in
2424 5450 2658 5495 mentem
2681 5438 2877 5506 veniet,
2899 5438 2990 5509 qui
3017 5452 3197 5507 parem
3219 5451 3400 5492 secum
3429 5436 3666 5492 laborem
3696 5450 3795 5491 ce-

2189 5535 2391 5607 perint,
2416 5547 2536 5587 cum
2579 5531 2795 5587 Christo
2833 5531 3071 5602 degere':
3105 5545 3164 5584 se
3210 5538 3388 5584 autem
3412 5569 3428 5594 ,
3455 5526 3526 5582 ob
3554 5543 3672 5598 qua:
3712 5527 3790 5584 illi

2153 5686 2159 5694 ·
2256 5670 2273 5700 ί
2298 5670 2439 5722 "Haec.
2464 5664 2528 5715 de
2550 5659 2832 5723 virginibus,
2868 5659 3051 5711 desunt
3094 5662 3141 5710 in
3162 5659 3330 5711 ωσι-οι.
3365 5667 3418 5711 et
3447 5658 3670 5719 Planum,
3694 5660 3788 5709 sed

2193 5731 2436 5782 habentur
2459 5728 2509 5777 iu
2529 5726 2669 5776 savii.
2696 5725 2818 5775 etin
2842 5729 2959 5784 Reg.
