4020 6390
1472 362 1480 391 ι

151 420 235 479 τε
1537 424 1625 481 DE
1661 418 2128 480 VIRGINITATE.
3395 424 3498 482 556

150 536 331 603 uém
376 536 449 591 τὺ
484 541 648 605 τοὺς
684 541 953 614 ἐχθροὺς
975 544 1213 615 ἀγαπᾷν.
1250 526 1403 596 Ἐπεὶ
1428 536 1523 596 οὖν
1548 536 1815 594 πάντοθεν
1924 533 2171 604 ποιῆσαι,
2225 537 2588 609 πεποιήκατε,
2618 537 2743 592 οὑτε
2785 539 2835 591 οί
2884 537 3346 609 διαμαρτάνοντες
3370 558 3505 611 συγ-

152 623 262 693 ήειῖν
296 622 479 677 τοῦτο
514 628 1063 699 συνωμολόγηται,
1111 627 1517 681 παυσάσθωσαν
1556 626 1734 697 μάτην
1766 624 1815 676 οἱ
1922 617 2148 690 γνώμης
2201 619 2410 691 ἔτυχον,
2466 621 2604 676 ἀλλά
2644 621 2743 694 τὴν
2777 622 2888 675 τῶν
2934 622 3397 693 παρανομούντων
3441 626 3507 680 ἂν

152 705 418 777 ιίρετικοὶ
472 709 843 777 κόπτοντες
887 712 1144 776 ἐαυτούς·
1193 712 1382 766 οὑδένα
1415 711 1526 781 γὰρ
1551 708 1813 779 λήψονται
1921 700 2237 773 ὑπέστησαν
2264 705 2422 775 δίκην
2443 722 2456 736 ·
2486 706 2582 761 νῦν
2613 706 2670 760 δέ
2698 705 2892 767 εἰπὼν.
2936 707 2999 760 '0
3028 705 3366 777 δυνάμενος
3391 727 3509 778 χω-

158 791 492 859 μισθόνόῦκ
510 794 1253 869 ὲπειδὴόΚύριοςᾶδικος,
1273 795 1475 865 ἄπαγε,
1495 793 1611 849 ἀλλ’
1629 789 1816 863 ἐπειδὴ
1912 786 2045 869 pair
2086 789 2368 856 χωρείτω.
2410 791 2539 853 τοὺς
2602 790 2700 861 μὲν
2753 789 2828 861 μὴ
2878 786 3214 861 δυναμένους
3254 792 3315 844 οὐ
3374 810 3509 846 κατ-ο

160 877 302 931 αὖτοὶ
349 877 737 950 ἀγνώμονες
779 882 884 935 καὶ
922 868 1170 953 πονηροί.
1212 883 1366 947 Πῶς;
1417 878 1817 932 Ἀποδέδεικται
1922 868 2124 942 ἔκρινε,
2152 870 2259 924 τῶν
2305 872 2362 924 δὲ
2390 873 2704 944 δυναμένων
2735 873 2902 928 πολὺν
2942 874 3035 928 καὶ
3076 874 3382 946 ὑπέρογκον
3417 874 3539 947 τὸν,

172 960 444 1032 μηδεμίαν
476 965 743 1019 κεῖσθαι
766 965 986 1036 δωρεὰν
1017 966 1154 1041 μόνῃ
1174 968 1242 1037 τῇ
1255 965 1365 1018 τῶν
1388 964 1607 1034 φαύλων
1629 964 1778 1033 φυγῇ
1800 978 1812 991 ·
1918 953 2107 1041 ἀγῶνα
2145 955 2416 1041 ἀπέδειξε.
2457 954 2557 1010 Διά
2589 957 2863 1041 τοῦτο-καῖ
2897 956 3168 1041 ὁ-Παῦλος
3210 960 3332 1012 κατ’
3364 960 3510 1029 ἴχνος

176 1045 261 1099 τὴν
311 1046 371 1103 δε
415 1047 630 1118 γάμον
686 1048 862 1102 αὑτοὶ
899 1046 1102 1117 φαῦλον
1133 1048 1455 1119 νομίσαντες
1493 1045 1667 1110 οὑτως
1689 1043 1818 1111 ἐφυ-

185 1147 305 1205 γον·
345 1131 473 1195 πῶς
515 1128 630 1186 οὖν
667 1133 829 1205 ὑπὲρ
856 1133 959 1203 τῆς
998 1132 1107 1186 τῶν
1152 1131 1373 1200 φαύλων
1414 1129 1820 1200 ἀναχωρήσεως

195 1216 519 1289 δυνήσονται
555 1217 778 1287 μισθὸν
808 1213 1097 1280 ἀπαιτεῖνς
1125 1216 1338 1286 Ὥσπερ
1359 1213 1469 1285 γὰρ
1493 1215 1652 1284 ἡμεῖς
1677 1210 1818 1286 ὑπὲρ

204 1300 290 1355 τοῦ
327 1303 405 1373 μὴ
442 1300 750 1372 μοιχεύειν
783 1299 1180 1371 στεφανοῦσθαι
1225 1300 1325 1353 οὑκ
1361 1297 1689 1367 ἀξιώσομεν,
1724 1294 1817 1349 οὑ-
1840 1337 1851 1345 .

213 1404 313 1450 τως
342 1387 469 1441 οὑδέ
494 1387 652 1457 ὑπὲρ
669 1384 774 1439 τοῦ
805 1386 879 1458 μὴ
898 1387 1096 1456 γαμεῖν
1127 1386 1342 1438 ἐκεῖνοι.
1387 1383 1535 1449 Ἐρεῖ
1554 1381 1662 1452 γὰρ
1682 1379 1821 1451 πρὸς

222 1472 410 1535 αὐτοὺς
426 1473 457 1524 6
470 1474 601 1524 κατ’
622 1470 851 1541 ἐκείνην
866 1470 964 1541 τὴν
993 1470 1207 1540 ἡμέραν
1227 1469 1430 1539 κρίνων
1450 1467 1598 1538 ἡμᾶς
1613 1478 1659 1507 δι’
1681 1464 1821 1531 Ἐγὼ

228 1556 321 1619 τὰς
350 1554 520 1625 τιμὰς
561 1552 727 1625 [270]
752 1555 813 1606 οὑ
842 1556 955 1615 τοῖς
986 1553 1094 1607 τῶν
1137 1550 1390 1623 πονηρῶν
1417 1549 1821 1620 ἀπεσχημένοις

229 1641 445 1693 τέθεικα
473 1639 644 1709 μόνον
677 1638 693 1694 ί
703 1637 901 1709 μικρὸν
923 1636 1030 1708 γὰρ
1054 1638 1184 1707 παρ’
1202 1636 1327 1706 ἐμοὶ
1343 1633 1503 1687 τοῦτο
1528 1633 1587 1686 τὸ
1611 1631 1820 1704 μέρος),

233 1724 366 1777 ἀλλὰ
381 1724 511 1785 τοὺς
535 1722 763 1776 ἃπασαν
780 1719 1099 1783 ἐπελθόντας
1121 1720 1347 1791 ἀρετὴν,
1373 1717 1599 1780 τούτους
1616 1721 1694 1780 εἰς
1723 1715 1823 1785 τὴν

234 1809 430 1877 ἀγήρω
475 1805 590 1859 τῶν
619 1804 867 1875 οὐρανῶν
901 1803 1106 1871 εἰσάγω
1148 1802 1537 1874 κληρονομίαν.
1579 1799 1706 1864 Πῶς
1731 1795 1824 1854 οὖν

235 1892 392 1963 ὑμεῖς
425 1891 665 1960 πρᾶγμα
688 1888 998 1959 ἀκάθαρτον
1030 1889 1125 1940 καὶ
1154 1887 1345 1954 ἐναγὲς
1367 1880 1507 1939 εἶναι
1530 1885 1622 1939 τὸν
1647 1885 1824 1955 γάμον

236 1973 586 2043 νομίσαντες,
618 1972 719 2042 τῆς
746 1971 855 2024 τῶν
895 1971 1106 2039 ἐναγῶν
1139 1970 1459 2038 ἀπαλλαγῆς
1498 1967 1569 2022 τὰ
1596 1968 1827 2039 κείμενα

234 2060 350 2119 τοῖς
392 2058 658 2127 ἐργάταις
688 2054 796 2108 τῶν
844 2054 1064 2123 ἀγαθῶν
1103 2056 1387 2109 ἀπαιτεῖτε
1435 2051 1680 2118 ἐπαθλα;
1727 2050 1827 2104 Διά

234 2139 399 2192 τοῦτο
420 2140 529 2209 γὰρ
553 2140 645 2191 καὶ
674 2139 800 2201 τοὺς
824 2136 994 2208 ἄρνας
1019 2144 1085 2194 ὲκ
1112 2137 1301 2202 δεξιῶν
1323 2137 1351 2177 δ
1380 2137 1582 2208 ἵστησι,
1617 2137 1712 2189 καὶ
1737 2136 1828 2189 εὖ·

235 2225 414 2291 λογεῖ,
462 2224 559 2276 καὶ
601 2223 683 2287 είς
719 2221 817 2293 τὴν
851 2220 1132 2292 βασιλείαν
1192 2223 1422 2292 εἰσάγει,
1458 2221 1557 2292 οὑχ
1603 2221 1684 2273 ὅτι
1729 2218 1828 2290 οὑχ

233 2309 503 2377 ἥρπασαν
526 2305 597 2359 τά
628 2304 911 2378 ἀλλότρια,
927 2305 1137 2358 ἀλλ’ὅτι
1169 2307 1264 2359 καὶ
1280 2306 1349 2360 τὰ
1379 2306 1587 2358 ἑαυτῶν
1618 2303 1828 2375 ἐτέροις

234 2392 546 2461 διένειμαν.
568 2392 678 2445 Καὶ
701 2390 792 2443 τὸν
811 2389 879 2443 τὰ
905 2389 1067 2443 πέντε
1087 2389 1322 2459 τάλαντα
1340 2388 1397 2441 δὲ
1418 2387 1829 2459 ἐγχειρισθέντα

239 2475 602 2545 ἀποδέχεται,
631 2475 730 2543 οὑχ
755 2474 837 2527 ὃτι
859 2473 959 2527 οὐκ
980 2471 1268 2543 ἐμείωσεν,
1289 2472 1405 2524 ἀλλ’
1425 2475 1506 2525 ὅτι
1534 2470 1826 2525 ἐπλεόνασε

243 2558 308 2611 τὸ
341 2557 521 2623 δοθὲν,
554 2558 646 2610 καῖ⁵
688 2556 884 2626 διπλῆν
916 2556 1014 2627 τήν
1044 2555 1516 2627 παρακαταθήκην
1556 2554 1826 2609 ἀπέδωκε.

238 2641 431 2712 Μέχρι
467 2638 614 2704 τίνος
655 2636 747 2694 οὖν
791 2641 851 2694 οὑ
884 2640 1147 2712 στήσεσθε
1197 2641 1485 2712 τρέχοντες
1530 2641 1609 2702 είς
1650 2637 1828 2702 κενὸν,

237 2728 340 2779 καὶ
386 2724 690 2788 κοπιῶντες
744 2723 947 2796 μάτην,
998 2726 1093 2779 καὶ
1146 2726 1271 2796 εἰκῆ
1312 2724 1696 2788 πυκτεύοντες,
1735 2724 1833 2776 καὶ

236 2811 337 2864 τὸν
365 2810 507 2881 ἀέρα
539 2810 818 2882 δέροντες;
864 2808 976 2862 Καὶ
1004 2808 1116 2863 εῐθε
1143 2809 1302 2879 μόνον
1333 2808 1483 2878 είκῆ,
1503 2807 1679 2862 καίτοι
1708 2805 1832 2859 οὑδὲ

235 2895 407 2948 τοῦτο
434 2894 631 2965 μικρὸν
650 2895 726 2956 εἰς
761 2893 1037 2956 κολάσεως
1056 2892 1215 2962 λόγον
1234 2892 1296 2947 τὸ
1324 2891 1494 2945 πολλά
1527 2890 1827 2960 καμόντας,

243 2981 347 3034 καὶ
384 2978 610 3051 μείζονα
644 2977 756 3031 τῶν
801 2977 981 3031 πόνων
1046 2977 1529 3049 προσδοκήσαντας
1591 2973 1829 3038 ἔπαθλα,

238 3064 389 3116 κατὰ
404 3063 502 3115 τὸν
532 3061 721 3133 καιρὸν
747 3071 769 3098 ε
786 3060 888 3130 τῆς
905 3062 1071 3131 τιμῆς
1093 3062 1151 3113 ἐν
1173 3062 1285 3125 τοῖς
1313 3060 1528 3130 ἀτίμοις
1549 3056 1830 3126 τετάχθαι.

316 3148 391 3200 Β.
411 3146 441 3183 ά
458 3146 613 3199 Ἔστι
639 3144 696 3197 δέ
724 3145 820 3197 νῦν
850 3144 909 3197 οὑ
931 3143 1087 3196 τοῦτο
1115 3143 1275 3214 μόνον
1295 3142 1356 3197 τὸ
1384 3142 1575 3206 δεινὸν,
1600 3139 1721 3195 οὑδέ
1746 3138 1833 3209 μέ-

239 3248 338 3302 χρι
356 3231 454 3283 τοῦ
482 3230 557 3300 μὴ
587 3228 846 3299 κερδᾶναι
862 3229 931 3280 τά
948 3227 1046 3297 τῆς
1063 3227 1127 3298 ζη
1138 3227 1266 3298 μίας
1292 3228 1498 3290 αὑτοῖς,
1525 3224 1640 3278 ἀλλ’
1668 3224 1834 3295 ἐτερα

236 3314 430 3386 πολλῷ
458 3312 662 3367 τούτων
685 3310 961 3376 ἐκδέξεται
982 3310 1361 3384 χαλεπώτερα,
1380 3310 1441 3363 τὺ
1460 3308 1572 3381 πῦρ
1592 3309 1654 3363 τὸ
1670 3308 1834 3364 ἄσϐε-

241 3418 393 3466 στον,
432 3399 467 3451 6
498 3396 714 3468 σκώληξ
752 3399 780 3450 6
820 3394 1200 3466 ἀτελεύτητος,
1232 3396 1294 3448 τὸ
1324 3395 1515 3460 σκότος
1546 3395 1606 3449 τὸ
1637 3393 1835 3459 ἐξώτε-

243 3502 361 3553 ρον,
389 3485 426 3553 ή
466 3480 675 3551 θλῖψις,
710 3482 744 3551 ἡ
781 3479 1133 3550 στενοχωρία.
1163 3479 1324 3532 Ὥστε
1356 3479 1566 3553 μυρίων
1595 3480 1728 3550 ήμῖν
1753 3479 1836 3532 δεῖ

243 3564 535 3636 στομάτων
561 3562 654 3617 καὶ
682 3563 781 3632 τῆς
809 3561 1057 3631 ἀγγέλων
1076 3561 1379 3633 δυνάμεως,
1400 3561 1488 3615 ἵνα
1514 3561 1833 3633 δυνηθῶμεν

238 3649 344 3719 τῆς
372 3650 458 3711 είς
484 3650 635 3718 ἡμᾶς
659 3645 988 3718 κηδεμονίας
1022 3645 1373 3718 εὐχαριστίαν
1418 3644 1711 3699 ἀποδοῦναι
1757 3645 1835 3717 τῷ

241 3731 367 3803 Θεῷ
415 3731 515 3803 τὴν
567 3730 753 3796 ἀξίαν·
788 3730 988 3802 μᾶλλον
1020 3729 1079 3783 δέ
1100 3730 1221 3783 οὑδέ
1251 3728 1395 3783 οὑτω
1423 3728 1667 3783 δυνατόν.
1707 3728 1835 3793 Πῶς

241 3817 391 3888 γάρς
434 3815 495 3869 '0
524 3815 624 3886 μὲν
655 3819 814 3879 πόνος
844 3825 867 3853 θ
899 3814 1040 3886 ὑπὲρ
1088 3815 1186 3885 τῆς
1218 3813 1518 3886 παρθενίας
1562 3815 1694 3884 ἡμῖν
1740 3815 1835 3866 καὶ

241 3904 359 3963 τοῖς
390 3901 693 3970 αῖρετικοῖς
715 3898 850 3963 ἴσος,
878 3898 1019 3970 τάχα
1048 3897 1104 3951 δὲ
1124 3896 1219 3951 καὶ
1241 3896 1421 3968 πολλῷ
1455 3896 1655 3951 πλείων
1685 3896 1833 3951 ἐκεί-

242 4000 360 4047 νοις
380 4001 393 4014 ·
420 3986 452 4036 6
472 3983 529 4037 δὲ
576 3982 790 4051 καρπὸς
813 3980 922 4034 τῶν
954 3981 1132 4035 πόνων
1156 3980 1257 4035 οὑκ
1293 3980 1427 4045 ἴσος,
1460 3979 1575 4033 ἀλλ’
1602 3981 1835 4043 ἐκείνοις

247 4067 352 4138 μὲν
374 4065 553 4136 δεσμά
576 4066 668 4118 καὶ
686 4065 897 4136 δάκρυα
918 4065 1014 4119 καὶ
1040 4065 1279 4135 οἰμωγαὶ
1302 4066 1393 4118 καὶ
1419 4064 1481 4117 τὸ
1506 4063 1834 4139 κολάζεσθαι

245 4152 517 4214 ἀθάνατα,
541 4150 748 4220 ήμίνδὲ
774 4151 832 4203 αἱ
861 4148 971 4202 τῶν
997 4149 1245 4217 ἀγγέλων
1263 4148 1466 4220 λήξεις,
1498 4149 1592 4202 καὶ
1620 4150 1677 4203 αἱ
1706 4166 1834 4218 φαι-

243 4235 372 4308 δριὶ
399 4235 710 4306 λαμπάδες,
733 4234 909 4288 καὶτὸ
932 4234 1149 4288 πάντων
1175 4232 1469 4302 κεφάλαιον
1484 4232 1591 4286 τῶν
1613 4232 1833 4301 ἀγαθῶν

246 4321 283 4387 ἡ
325 4319 466 4387 μετά
487 4317 587 4369 τοῦ
615 4317 852 4389 νυμφίου
878 4317 1143 4388 διαγωγή.
1176 4317 1242 4369 Τί
1264 4316 1462 4387 δήποτε
1486 4312 1579 4370 οὖν
1600 4315 1709 4369 τῶν
1737 4316 1835 4368 αὑ-

246 4402 358 4454 τῶν
401 4401 587 4453 πόνων
629 4402 845 4454 ἐναντία
880 4400 950 4454 τὰ
989 4402 1272 4472 ἐπίχειρα;
1305 4400 1430 4452 Ὅτι
1466 4401 1665 4453 ἐκεῖνοι
1713 4399 1834 4470 μὲν,

249 4488 342 4539 ἵνα
364 4485 899 4557 ἀντινομοθετήσωσι
914 4485 992 4557 τῷ
1011 4485 1265 4556 Θεῷ,τὴν
1282 4484 1582 4557 παρθενίαν
1607 4484 1832 4550 εἵλοντο,

247 4574 412 4640 ἡμεῖς
441 4570 499 4623 δὲ
528 4571 617 4624 ἵνα
637 4569 923 4640 ἀνύσωμεν
938 4569 1104 4624 αὑτοῦ
1135 4570 1196 4623 τὸ
1218 4569 1454 4640 θέλημα,
1473 4570 1632 4623 τοῦτο
1662 4568 1838 4639 πράτ-

246 4672 437 4723 τομεν.
471 4655 595 4707 Ὅτι
636 4654 745 4726 γὰρ
776 4656 805 4708 6
831 4654 1244 4725 Θεὸς-βούλεται
1274 4654 1483 4717 πάντας
1516 4653 1836 4726 ἀνθρώπους

250 4739 562 4810 ἀπέχεσθαι
591 4741 794 4811 γάμου,
826 4741 920 4793 καὶ
956 4741 1165 4811 μάρτυς
1194 4740 1328 4793 ὀτὸν
1355 4739 1588 4811 Χριστὸν
1619 4739 1758 4810 ἔχων
1780 4741 1837 4792 ἐν

250 4825 433 4895 ἐαυτῷ
466 4824 731 4878 λαλοῦντα
751 4841 764 4853 ⁸
789 4826 1093 4894 Βούλομαι
1121 4825 1252 4896 γάρ,
1292 4826 1445 4894 φησι,
1472 4823 1705 4890 πάντας
1733 4824 1839 4877 ἀν-

250 4909 527 4976 θρώπους
552 4906 704 4963 εἶναι
736 4910 815 4976 ὡς
844 4910 943 4963 καί
967 4910 1247 4979 ἐμαυτὸν,
1276 4911 1332 4963 ἐν
1366 4907 1681 4980 ἐγκρατείᾳ.
1716 4908 1841 4962 Φει-

248 4994 479 5062 ὃόμενος
524 4992 545 5031 ί
582 4994 639 5047 δὲ
689 4995 849 5068 ήμῶν
885 4997 914 5049 6
955 4994 1147 5068 Σωτήρ
1179 4996 1227 5060 ⁸,
1289 4995 1386 5048 καὶ
1431 4992 1588 5057 εἰδὼς
1652 4993 1734 5046 ὅτι
1776 4994 1838 5047 τὸ

254 5078 355 5147 μὲν
386 5077 609 5141 πνεῦμα
643 5077 944 5149 πρόθυμον,
989 5079 1022 5150 ή
1060 5079 1117 5133 δὲ
1153 5078 1290 5150 σὰρξ
1330 5078 1584 5149 ἀσθενὴς,
1619 5077 1719 5130 οὑκ
1759 5078 1840 5141 είς

248 5161 475 5231 ἐντολῆς
507 5163 753 5232 ἀνάγκην
787 5161 850 5215 τὸ
902 5163 1137 5233 πρᾶγμα
1179 5161 1551 5225 κατέκλεισεν,
1594 5159 1708 5213 ἀλλ’
1742 5161 1840 5213 ἐπ-

250 5246 483 5313 έτρεψεν
516 5244 681 5298 αὑτοῦ
698 5245 795 5316 τὴν
824 5245 1036 5315 αἵρεσιν
1066 5247 1184 5307 ταῖς
1209 5245 1509 5316 ἡμετέραις
1529 5244 1748 5314 ψυχαῖς.
1778 5243 1839 5295 Εἰ

250 5330 360 5399 γὰρ
380 5324 453 5397 ἦν
478 5328 760 5399 ἐπίταγμα
785 5328 878 5405 καὶ
899 5328 1085 5398 νόμος,
1117 5329 1216 5382 οὑκ
1233 5329 1299 5383 ἂν
1312 5330 1363 5383 of.
1391 5327 1840 5400 κατορθώσαντες

254 5412 419 5482 τιμῆς
471 5410 813 5481 ἀπήλαυσαν,
862 5412 975 5465 ἀλλ’
1037 5412 1279 5483 ἥκουσαν
1339 5412 1428 5480 ἂν,
1474 5415 1541 5465 "A
1580 5411 1841 5480 ὠφείλετε

313 5553 338 5618 f
369 5552 527 5614 Ἱῐμᾶς
547 5554 759 5618 (188817Ῐο
782 5555 912 5618 Reg.

316 5613 609 5681 b_ﬂeg._xa_1
648 5617 709 5665 τὰ
745 5613 963 5681 πρόϐατα
991 5618 1047 5666 ἐκ
1076 5618 1254 5675 δεξιῶν.
1291 5616 1421 5666 Infra
1444 5617 1495 5665 δέ
1542 5622 1653 5679 post
1670 5615 1844 5665 τάλαν-

249 5691 311 5722 τα
335 5678 483 5725 deest
503 5678 552 5725 in
578 5679 699 5739 Reg.

318 5742 341 5802 ’ξ
366 5739 495 5802 ᾒνεῖ
517 5740 652 5788 solus
678 5741 855 5788 ἔπαθλα
875 5740 1102 5789 ἐνστάντα
1122 5741 1204 5789 τὸν
1221 5740 1403 5802 καιρόν.

314 5799 340 5837 ἀ
364 5799 533 5865 Hicin
559 5805 777 5863 margine
800 5802 995 5865 Rege!
1013 5804 1163 5851 Savil.
1190 5799 1534 5865 argumentum
1556 5800 1845 5863 Iegitur,6n

252 5865 333 5929 ιαξ
355 5863 635 5929 κολάζονται
659 5862 703 5911 δι
723 5862 950 5929 αἱρετικοὶ
969 5864 1048 5913 διὰ
1063 5865 1119 5913 τὸ
1141 5862 1471 5929 παρθενεῦσαι.

313 5927 342 5988 Ἀ
365 5927 488 5985 Heg.
518 5927 546 5973 6
571 5926 651 5986 μὲν
673 5942 762 5988 γαρ
778 5926 942 5983 πόνος.

321 5984 343 6050 ξ
371 5984 493 6050 Βρε.
522 5984 581 6034 ἐν
594 5984 838 6050 ἐγκρατείᾳ
865 5988 1098 6045 δηλονότι.
1125 5990 1257 6037 τῐιειδ.

315 6049 343 6091 8
365 6049 453 6099 Sic
475 6062 505 6099 e
531 6051 739 6113 Smilio;
767 6049 936 6101 aberat
970 6053 1152 6117 Σωτήρ.
1175 6051 1309 6101 lim-1'.

1922 1037 2118 1109 βαίνων
2142 1038 2237 1092 τοῦ
2258 1040 2613 1106 Διδασκάλου,
2638 1024 2777 1104 Περὶ
2792 1034 2860 1088 δὲ
2875 1035 2995 1093 τῶν
3008 1040 3323 1111 παρθένων
3338 1044 3366 1084 ιι
3384 1024 3525 1115 ἔπιέ

1918 1121 2113 1191 σαγὴν
2132 1123 2377 1191 Κυρίου,
2410 1125 2596 1196 φησὶν,
2625 1128 2739 1180 οὐκ
2765 1124 2905 1196 ἔχω,
2931 1124 3174 1196 γνώμην
3190 1126 3257 1181 δὲ
3277 1127 3506 1197 δίδωμι.

1991 1218 2032 1271 Γ
2033 1223 2068 1273 ’.
2085 1217 2224 1272 Ἀλλ’
2237 1220 2359 1274 οὑδέ
2370 1220 2654 1292 Μαρκίων,
2668 1221 2789 1275 οὑδέ
2801 1221 3172 1289 Οὐαλεντῖνος,
3186 1224 3307 1278 οὑδὲ
3318 1226 3510 1296 Μάνης

1921 1302 2125 1375 ταύτης
2148 1305 2407 1376 ἠνέσχετο
2434 1307 2531 1376 τῆς
2553 1306 2916 1379 συμμετρίας.
2944 1308 3021 1360 Οὑ
3044 1308 3155 1379 γὰρ
3185 1304 3330 1379 εἶχον
3356 1308 3509 1381 [271]

1923 1389 1983 1442 ὲν
2007 1390 2220 1454 ἑαυτοῖς
2247 1390 2513 1446 λαλοῦντα
2538 1391 2630 1444 τὸν
2660 1391 2919 1463 Χριστὸν,
2954 1393 3048 1446 τὸν
3071 1393 3181 1448 τῶν
3210 1394 3353 1448 ἰδίων
3378 1412 3514 1467 προ-

1924 1471 2105 1527 ϐάτων
2130 1473 2468 1544 φειδόμενον,
2492 1474 2587 1528 καὶ
2606 1475 2705 1548 τὴν
2728 1475 2906 1546 ψυχὴν
2928 1475 3092 1529 αὑτοῦ
3119 1475 3340 1531 τιθέντα
3374 1478 3513 1549 ὑπὲρ

1924 1558 2125 1623 αὐτῶν,
2154 1557 2289 1611 ἀλλά
2322 1558 2412 1611 τὸν
2440 1557 2887 1630 ἀνθρωποκτόνον
2913 1559 3005 1612 τὸν
3037 1560 3131 1612 τοῦ
3161 1560 3392 1630 ψεύδους
3417 1579 3517 1615 πα-

1922 1641 2078 1711 τέρα.
2101 1641 2201 1694 Διά
2228 1658 2311 1695 τοι
2332 1641 2491 1695 τοῦτο
2521 1643 2615 1695 καὶ
2637 1643 2764 1705 τοὺς
2794 1641 3150 1712 πειθομένους
3172 1645 3356 1709 αὑτοῖς
3385 1647 3519 1701 πάν-

1924 1743 2024 1789 τας
2057 1725 2368 1788 ἀπώλεσαν,
2416 1725 2654 1780 ἐνταῦθα
2706 1728 2806 1797 μὲν
2849 1726 3050 1789 αὐτοὺς
3092 1729 3373 1800 ἀνονήτοις
3421 1734 3517 1788 καὶ

1926 1809 2221 1881 ἀφορήτοις
2247 1809 2571 1880 βαρύνοντες
2604 1811 2809 1875 πόνοις,
2849 1813 2967 1865 ἐκεῖ
3003 1814 3059 1867 δὲ
3089 1814 3170 1877 εἰς
3201 1814 3262 1867 τὸ
3288 1817 3517 1888 ἡτοιμα-

1929 1894 2126 1967 σμένον
2158 1893 2388 1957 ἐκείνοις
2420 1892 2534 1967 πῦρ
2567 1888 3125 1965 συγκατασπάσαντες
3153 1899 3386 1964 ἑαυτοῖς.

1997 1974 2070 2030 Δ’.
2107 1971 2178 2029 Ὦ
2194 1978 2288 2031 καὶ
2315 1976 2582 2049 Ἑλλήνων
2602 1977 2760 2049 ὑμεῖς
2774 1978 3113 2052 ἀθλιώτεροι·
3130 1983 3397 2054 Ἕλληνας
3419 1987 3517 2056 μὲν

1876 2102 1883 2109 .
1930 2060 2039 2133 γὰρ
2067 2063 2116 2114 εί
2140 2063 2234 2116 καὶ
2260 2061 2326 2116 τὰ
2354 2063 2454 2133 τῆς
2476 2062 2701 2135 γεέννης
2730 2064 3010 2135 ἐκδέχεται
3033 2065 3201 2134 δεινὰ,
3230 2068 3345 2122 ἀλλ’
3368 2070 3517 2141 ὅμως
3570 2110 3581 2139 ,

1928 2146 1989 2199 16
2020 2145 2149 2215 γοῦν
2190 2146 2425 2201 ἐνταῦθα
2469 2147 2809 2220 καρποῦνται
2855 2149 2974 2222 ήδὺ,
3021 2150 3221 2221 γάμοις
3264 2153 3530 2224 ὁμιλοῦν-1

1927 2247 2041 2297 τες,
2084 2231 2179 2284 καὶ
2209 2231 2509 2302 χρημάτων
2539 2231 2926 2298 ἀπολαύοντες,
2957 2234 3048 2288 καὶ
3079 2235 3178 2305 τῆς
3233 2234 3399 2307 ἄλλης
3426 2240 3521 2292 ἀν-

1930 2316 2099 2379 έσεως
2139 2318 2240 2387 τῆς
2280 2314 2567 2386 βιωτικῆς’
2601 2317 2729 2387 ὑμῖν
2775 2316 2831 2370 δὲ
2878 2319 2938 2372 τὸ
2989 2318 3377 2388 βασανίζεσθαι
3426 2324 3520 2377 καὶ

1928 2399 2397 2471 ταλαιπωρεῖσθαι
2440 2401 2803 2473 ἑκατέρωθεν,
2851 2402 3086 2457 ἐνταῦθα
3139 2406 3237 2475 μὲν
3276 2406 3516 2473 ἑκοῦσιν,

1930 2485 2050 2537 ἐκεῖ
2084 2485 2141 2537 δέ
2176 2486 2251 2555 μὴ
2285 2480 2646 2554 βουλομένοις.
2678 2486 2797 2539 Καὶ
2827 2486 3055 2557 Ἕλλησι
3092 2487 3191 2559 μὲν
3239 2490 3380 2562 ὑπὲρ
3422 2508 3521 2563 νη-

1934 2568 2115 2632 στείας
2150 2568 2245 2622 καὶ
2283 2568 2583 2639 παρθενίας
2623 2566 2747 2621 οὔτε
2806 2569 2997 2639 μισθὸν
3041 2570 3202 2625 δώσει
3249 2591 3354 2638 τις,
3396 2574 3521 2628 οὑτε

1933 2650 2152 2713 κόλασις
2170 2651 2521 2704 ἀποκείσεται
2538 2665 2554 2681 ’
2582 2652 2739 2722 ὑμεῖς
2759 2652 2816 2706 δὲ
2844 2653 2985 2724 ὑπὲρ
3007 2646 3081 2708 ὧν
3103 2656 3328 2727 μυρίους
3354 2675 3523 2730 προσ-

1933 2736 2225 2808 εδοκήσατε
2266 2737 2542 2800 ἐπαίνους,
2580 2737 2722 2806 ὑπὲρ
2768 2737 2972 2791 τούτων
3013 2740 3114 2809 τὴν
3158 2742 3395 2813 ἐσχάτην
3427 2742 3525 2796 δώ-

1935 2822 2091 2874 σετεί
2115 2821 2294 2890 δίκην,
2327 2820 2423 2873 καὶ
2450 2819 2590 2892 μετὰ
2609 2820 2718 2873 τῶν
2747 2820 2922 2876 ἄλλων
2953 2822 3274 2891 ἀκούσεσθε,
3319 2827 3526 2881 Ἀπέλ-

1934 2905 2064 2957 θετε
2101 2905 2202 2958 ἀπ’
2249 2903 2397 2973 ἐμοῦ
2436 2907 2526 2971 εἰς
2552 2903 2619 2958 τὸ
2644 2904 2764 2974 πῦρ
2805 2906 2874 2959 τὸ
2915 2907 3156 2962 αἰώνιον
3184 2907 3252 2963 τὸ
3282 2910 3526 2980 ἡτοιμα-

1933 2988 2165 3057 σμένον
2194 2986 2273 3052 τῷ
2303 2986 2562 3050 διαϐόλῳ
2600 2989 2698 3042 καὶ
2733 2987 2858 3055 τοῖς
2886 2990 3164 3059 ἀγγέλοις
3195 2992 3406 3055 αὑτοῦ,
3441 2994 3524 3048 ὅτι

1933 3071 2318 3144 ὲνηστεύσατε,
2350 3071 2433 3124 ὃτι
2454 3071 2916 3141 ἐπαρθενεύσατε.
2956 3075 3019 3126 Ἡ
3049 3073 3159 3146 γὰρ
3184 3076 3404 3146 νηστεία
3429 3078 3525 3131 καὶ

1932 3160 1966 3228 ἡ
2011 3155 2278 3228 παρθενία
2321 3156 2443 3210 οῦτε
2476 3154 2642 3212 καλὸν
2666 3156 2790 3212 καθ’
2822 3157 3000 3220 ἑαυτὸ,
3033 3157 3156 3210 οὔτε
3189 3159 3379 3228 κακὸν,
3408 3160 3525 3214 ἀλλ’

1935 3243 2044 3304 ἀπὸ
2074 3243 2171 3313 τῆς
2198 3242 2307 3295 τῶν
2340 3242 2632 3309 μετιόντων
2675 3240 3049 3315 προαιρέσεως
3083 3243 3346 3313 ἑκάτερον
3378 3244 3524 3314 γίνε-

1935 3344 2044 3381 ται.
2073 3326 2182 3380 Καὶ
2211 3326 2438 3398 Ἕλλησι
2466 3328 2563 3398 μὲν
2593 3326 2841 3399 ἄκαρπος
2869 3330 2903 3400 ἡ
2931 3329 3153 3402 τοιαύτη
3181 3329 3383 3406 ἀρετή·
3427 3336 3526 3390 ἀπ-

1937 3414 2123 3486 έχουσι
2156 3413 2264 3485 γὰρ
2308 3413 2487 3468 αὑτῶν
2533 3413 2625 3467 τὸν
2661 3412 2873 3484 μισθὸν,
2922 3414 3004 3468 ὅτι
3047 3415 3122 3487 μὴ
3168 3402 3257 3471 διά
3298 3402 3390 3472 16v
3429 3402 3535 3474 τοῦ

1935 3500 2072 3553 Θεοῦ
2121 3499 2285 3569 φόϐον
2328 3495 2593 3574 μετῆλθον
2640 3498 2846 3569 αὑτήν’
2891 3498 3049 3570 ὑμεῖς
3081 3498 3137 3552 δὲ
3175 3500 3258 3552 ὅτι
3303 3500 3379 3571 τῷ
3408 3501 3524 3574 Θεῷ

1939 3568 2237 3657 μαχόμενοι
2280 3582 2375 3636 καὶ
2409 3568 2791 3646 διαϐάλλοντες
2824 3568 2990 3637 αὑτοῦ
3023 3582 3094 3636 τὰ
3131 3568 3428 3656 κτίσματα,
3462 3568 3523 3641 οὑ

1938 3671 2100 3742 μόνον
2132 3668 2365 3738 ἀπέχετε
2394 3667 2484 3720 τὸν
2531 3667 2721 3738 μισθὸν
2752 3667 2925 3738 ὑμῶν,
2955 3667 3091 3722 ἀλλά
3123 3668 3219 3722 καὶ
3253 3669 3525 3741 κολασθή-

1938 3752 2118 3813 σεσθε,
2145 3753 2241 3805 καὶ
2259 3751 2547 3822 δογμάτων
2574 3753 2671 3823 μὲν
2700 3752 2888 3805 ἕνεκεν
2919 3753 3041 3822 μετ’
3068 3753 3292 3808 ἐκείνων
3311 3755 3528 3821 τετάξε-

1938 3835 2052 3902 σθε,
2088 3837 2170 3889 ὅτι
2214 3835 2417 3906 ὁμοίιος
2460 3835 2648 3899 αὑτοῖς
2691 3835 2783 3890 τὸν
2828 3834 2958 3889 ὄντα
2996 3835 3128 3889 Θεὸν
3161 3836 3527 3910 ἀθετήσαντες

1939 3914 2230 3975 πολυθεῗαν
2291 3921 2653 3992 εῖσηγάγετε·
2712 3920 2815 3989 τῆς
2867 3921 2925 3974 δέ
2987 3920 3263 3986 πολιτείας
3316 3923 3524 3989 ἕνεκεν,

1936 4006 2162 4078 ἄμεινον
2198 4005 2352 4076 ὑμῶν
2376 4007 2576 4058 ἐκεῖνοι
2600 4004 3048 4075 πράξουσιηΤοῖς
3078 4005 3178 4075 μὲν
3212 4007 3321 4078 γὰρ
3359 4008 3392 4078 ή
3426 4009 3527 4079 ζη-

1940 4091 2037 4162 μία
2075 4090 2235 4161 μέχρι
2263 4088 2358 4143 τοῦ
2394 4088 2560 4160 μηδὲν
2596 4087 2781 4141 λαϐεῖν
2817 4089 3041 4156 ἀγαθὸν,
3076 4089 3204 4160 ὑμῖν
3230 4089 3287 4144 δὲ
3311 4091 3527 4145 καὶτοῦ

1937 4173 2085 4230 κακά
2119 4173 2484 4245 προσλαϐεῖν·
2532 4172 2628 4225 καὶ
2667 4175 2782 4235 τοῖς
2829 4172 2928 4239 μὲν
2968 4173 3112 4225 κατὰ
3156 4173 3248 4227 τὸν
3282 4175 3527 4244 παρόντα

1940 4256 2052 4326 βίον
2072 4252 2379 4310 ἀπολαῦσαι
2402 4254 2620 4308 πάντων
2641 4251 2902 4326 ὑπῆρξεν,
2933 4254 3090 4324 ὑμεῖς
3110 4253 3167 4306 δὲ
3200 4255 3528 4327 ἀμφοτέρων

1936 4335 2254 4407 ἐστέρησθε.
2307 4329 2457 4404 *Λρά
2501 4333 2586 4397 τίς
2628 4334 2744 4385 ἐστι
2776 4333 2980 4403 ταύτης
3020 4333 3243 4398 κόλασις
3274 4335 3528 4405 χαλεπω-

1936 4415 2092 4486 τέρα,
2139 4413 2318 4467 πόνων
2367 4413 2463 4466 καὶ
2508 4410 2750 4485 ἱδρώτων
2800 4412 3071 4484 τιμωρίας
3117 4414 3529 4486 ἀπολαμϐάνειν

1937 4495 2036 4558 τὰς
2057 4494 2324 4565 ἀμοιϐάς
2365 4494 2423 4547 '0
2449 4493 2657 4565 μοιχὸς,
2689 4492 2784 4547 καὶ
2815 4494 2843 4545 6
2866 4492 3216 4564 πλεονέκτης,
3249 4497 3342 4549 καὶ
3366 4498 3393 4549 ὀ
3416 4499 3527 4561 τοῖς

1938 4575 2241 4646 ἀλλοτρίοις
2275 4573 2578 4645 ἐντρυφῶν,
2626 4574 2722 4627 καὶ
2751 4572 2819 4626 τά
2846 4571 2942 4625 τοῦ
2983 4572 3212 4644 πλησίον
3243 4576 3528 4646 ἁρπάζων,

1939 4654 2123 4725 ἔχουσί
2175 4671 2296 4708 τινα
2339 4651 2719 4726 παραμυθίαν,
2774 4651 3036 4723 βραχεῖαν
3079 4653 3199 4724 μὲν,
3245 4656 3427 4727 έχουσι
3471 4658 3530 4711 δὲ

1937 4736 2110 4806 ὅμως,
2143 4735 2206 4788 τὸ
2234 4734 2374 4805 ὑπὲρ
2400 4733 2607 4787 τούτων
2646 4731 2972 4797 κολάζεσθαι
3001 4735 3139 4808 ὑπὲρ
3175 4729 3251 4789 ὧν
3292 4736 3529 4791 ἐνταῦθα

1942 4814 2290 4870 ἀπέλαυσαν’·
2333 4816 2361 4867 6
2392 4813 2449 4867 δὲ
2489 4811 2682 4866 πενίαν
2722 4812 2820 4883 μὲν
2860 4812 3110 4868 ἑκούσιον
3144 4815 3408 4883 ὑποστὰς,
3444 4818 3533 4872 ἵνα

1942 4898 2060 4948 ἐκεῖ
2095 4894 2322 4964 πλουτῇ,
2372 4893 2466 4946 καὶ
2509 4888 2645 4957 ’τοὺς
2690 4893 2787 4962 τῆς
2835 4892 3136 4964 παρθενίας
3187 4895 3401 4962 πόνους,
3443 4898 3530 4950 ῖνα

1940 4977 2059 5029 ἐκεῖ
2090 4972 2228 5044 μετά
2259 4973 2506 5041 ἀγγέλων
2551 4971 2775 5043 χορεύῃ,
2806 4967 2926 5026 εἶτα
2959 4971 3219 5043 ἐξαίφνης
3254 4977 3347 5029 καὶ
3379 4977 3531 5047 παρά

1942 5057 2125 5129 πᾶσαν
2170 5053 2500 5125 προσδοκίαν
2543 5052 2685 5123 ὑπὲρ
2714 5052 2920 5105 τούτων
2960 5052 3344 5125 κολαζόμενος,
3388 5057 3530 5129 ὑπὲρ

1939 5128 2014 5188 ὧν
2050 5131 2261 5204 μυρίων
2288 5132 2517 5203 ἤλπισεν
2552 5130 2958 5184 ἀπολαύσεσθαι
2988 5132 3193 5197 καλῶν,
3225 5133 3345 5186 οὑδέ
3384 5128 3533 5191 ἐστιν

1942 5215 2117 5267 εἰπεῖν
2142 5215 2275 5283 ὅσην
2304 5211 2596 5281 ὑφίσταται
2618 5209 2717 5281 τὴν
2748 5209 3019 5280 ἀλγηδόνα
3050 5210 3129 5282 τῷ
3148 5215 3278 5282 παρ’
3309 5213 3534 5280 ἐλπίδας

1942 5292 2115 5348 ταῦτα
2145 5292 2357 5346 παθεῖν.
2414 5290 2557 5359 Ἐγὼ
2599 5289 2707 5362 γὰρ
2734 5290 2794 5354 ἐξ
2826 5289 2947 5361 ἴσης
2977 5290 3072 5343 τοῦ
3100 5293 3269 5365 πυρὸς
3305 5293 3409 5346 ὑπὸ
3437 5296 3531 5365 τοῦ

1945 5372 2246 5436 συνειδότος
2292 5370 2455 5425 αὐτὸν
2488 5366 2645 5442 οἶμαι
2697 5370 3071 5440 μαστίξεσθαι,
3124 5362 3254 5425 ὅταν
3304 5362 3534 5446 ἐννοήσῃ

1942 5454 2069 5516 τοὺς
2089 5452 2189 5524 μὲν
2215 5452 2285 5506 τά
2310 5452 2450 5505 αὑτὰ
2479 5451 2628 5521 αὑτῷ
2657 5451 3036 5520 πεπονηκότας
3058 5451 3137 5521 τῷ
3161 5453 3381 5524 Χριστῷ
3404 5471 3535 5509 συν-

1944 5537 2125 5598 όντας,
2183 5532 2345 5586 αὑτὸν
2391 5533 2449 5585 δὲ
2492 5531 2634 5603 ὑπὲρ
2670 5526 2745 5586 ὧν
2793 5534 2989 5586 ἐκεῖνοι
3042 5532 3152 5585 τῶν
3200 5534 3533 5607 ἀπορρήτων

1946 5613 2313 5686 ἀπολαύουσιν
2358 5612 2602 5686 ἀγαθῶν,
2633 5612 3022 5686 ὑπέρλτούτων
3053 5612 3161 5686 τὴν
3184 5614 3420 5686 ἐσχάτην
3450 5615 3532 5668 τί-

1947 5630 2313 5671 απολαυουσιν
2358 5630 2602 5680 αγαυων,
2633 5630 2734 5666 υπε
2816 5630 3022 5666 τουτων
3053 5630 3152 5666 αττ-ν
3184 5631 3420 5686 εσχατην
3450 5630 3532 5668 τι-

1947 5704 2107 5741 νοντα
2147 5685 2322 5754 δίκην,
2357 5684 2453 5736 καὶ
2502 5683 2609 5736 τῶν
2636 5630 2952 5738 ἀκολάστων
2984 5687 3077 5737 καὶ
3104 5648 3320 5757 λάγνων
3346 5686 3437 5741 τὸν
3472 5687 3532 5739 ἐν

1950 5765 2242 5836 σεμνότητι
2268 5764 2597 5833 διαγαγόντα
2627 5763 2985 5834 χαλεπώτερα
3007 5763 3307 5834 πάσχοντα.

2010 5857 2039 5897 h
2062 5856 2325 5927 HwQ,_f:=§pi
2351 5856 2404 5927 δὲ
2424 5857 2521 5927 τῶν
2538 5854 2803 5927 παρθένων,
2829 5855 3011 5927 ἀξευηι
3030 5857 3081 5906 iu‘
3102 5856 3277 5906 Morel.
3307 5861 3361 5906 et
3383 5855 3536 5907 Plan-

1950 5924 2063 5977 tim,
2084 5919 2171 5966 scd
2199 5917 2444 5967 habemur
2466 5917 2514 5966 in
2537 5917 2688 5967 Saw‘il.
2716 5927 2766 5967 et
2791 5921 2838 5967 in
2867 5917 2988 5978 Reg.

2018 5978 2216 6046 iﬁayil.
2254 5982 2302 6027 in
2329 5986 2489 6046 ιοδιιι,
2516 5979 2691 6030 Morel.
2733 5988 2789 6030 el
2809 5980 3026 6031 Plautio.
3065 5981 3296 6041 δὼσεσθε,
3318 5980 3446 6046 Reg.
3485 5990 3539 6037 ct

1955 6044 2105 6095 Smil.
2128 6044 2179 6092 in
2202 6055 2353 6106 marg.
2382 6042 2579 6092 δώσετε.
