4020 6388
753 365 772 394 Ι

244 414 344 471 537

247 531 457 587 arcanis
495 527 654 588 bonis
684 531 954 600 fruantur,
984 531 1053 588 ob
1079 545 1140 587 ea
1169 541 1435 588 extremas
1463 545 1652 601 pceuas
1679 532 1849 600 luere,

253 632 306 679 et
330 624 422 693 qui
454 625 622 680 vitam
657 624 832 697 egerit
865 639 1105 680 severam
1125 665 1139 692 ,
1163 625 1378 696 gravius
1404 623 1651 680 mulctari
1693 639 1854 694 quam

255 716 544 770 dissolutos
575 731 638 771 ac
664 716 792 770 luxu
823 716 1083 788 perditos.

326 807 393 862 γ.
427 807 807 863 Hereticorum
837 809 1174 880 virginitatem
1201 807 1277 861 vel
1313 807 1562 861 adulterio
1595 807 1854 879 fcediorem

261 918 383 956 esse.
412 932 482 940 —
498 901 707 956 Etenim
731 902 1102 957 haereticorum
1125 901 1449 956 continentia
1469 903 1614 957 omni
1634 910 1717 956 est
1734 901 1853 956 libi-

262 994 383 1049 dine
414 993 582 1064 pejor.
631 992 757 1048 Haec
799 1009 1028 1064 namque
1070 993 1316 1063 injuriam
1345 993 1650 1048 hominibus
1677 994 1850 1048 solum

261 1088 437 1149 infert,
466 1087 554 1140 illa
577 1102 698 1140 cum
731 1086 839 1140 Deo
865 1094 1081 1155 pugnat,
1111 1094 1271 1156 atque
1304 1086 1562 1140 infinitam
1594 1086 1736 1140 illam
1761 1101 1852 1140 sa-

263 1180 519 1248 pientiam
548 1178 728 1233 lmdit:
757 1177 1018 1247 ejusmodi
1047 1179 1263 1249 laqueos
1289 1179 1400 1233 suis
1419 1179 1711 1234 cultoribus
1738 1179 1854 1233 dia-

260 1273 418 1326 bolus
451 1271 636 1325 tendit.
680 1270 810 1325 Nam
839 1271 1210 1325 htereticorum
1240 1271 1594 1340 virginitatem
1623 1271 1849 1325 vafritiei

259 1361 377 1430 ejus
412 1361 599 1431 procul
619 1361 780 1416 dubio
803 1360 1075 1416 inventum
1105 1376 1247 1428 esse,
1280 1378 1384 1416 non
1411 1377 1528 1432 ego,
1562 1361 1654 1416 sed
1679 1363 1721 1416 is
1748 1377 1848 1416 au-

260 1463 378 1506 ctor
402 1460 507 1517 est,
535 1452 625 1522 qui
645 1451 760 1522 ejus
794 1452 1015 1506 consilia
1046 1468 1150 1508 non
1183 1453 1406 1522 ignorat.
1431 1453 1570 1520 Quid
1615 1454 1773 1524 igitur
1803 1455 1847 1508 is

259 1547 331 1599 ait
348 1547 374 1597 τ
396 1545 624 1615 Spiritus
648 1546 912 1616 manifeste
945 1545 1085 1611 dicit,
1115 1547 1233 1616 quia
1259 1547 1311 1599 in
1340 1547 1625 1600 novissimis
1650 1556 1846 1616 tempo-

258 1635 396 1689 ribus
421 1637 676 1690 discedent
703 1636 909 1706 quidam
939 1653 969 1688 a
991 1636 1112 1704 ﬁde,
1139 1637 1447 1690 attendentes
1474 1636 1733 1706 spiritibus
1762 1653 1846 1691 er-

260 1730 412 1794 roris,
437 1737 485 1782 et
514 1728 751 1782 doctrinis
771 1728 1155 1795 dtemoniorum,
1179 1729 1230 1782 in
1251 1730 1505 1800 hypocrisi
1540 1731 1846 1800 loquentium

257 1820 579 1874 mendacium
603 1862 617 1886 ,
649 1829 696 1873 et
735 1820 1062 1875 canteriatam
1102 1820 1392 1874 habentium
1417 1838 1560 1875 suam
1587 1821 1848 1876 conscien-

257 1913 401 1976 tiam,
432 1911 798 1980 prohibentium
826 1912 1029 1978 nubere,
1061 1913 1309 1967 abstinere
1334 1929 1364 1966 a
1389 1914 1512 1968 cibis
1553 1929 1676 1984 quos
1706 1913 1845 1967 Deus

256 2003 445 2056 creavit
472 2001 549 2071 (l.
582 2001 710 2056 Tim.
739 2003 795 2058 4.
826 2003 965 2073 1-5).
997 2003 1096 2070 Qui
1125 2004 1283 2074 igitur
1309 2004 1460 2074 virgo
1481 2003 1643 2060 fuerit
1669 2021 1785 2074 quas
1811 2019 1844 2060 a

257 2091 362 2146 lide
381 2091 580 2160 deﬁcit,
602 2108 719 2162 qua:
740 2092 926 2162 planos
946 2093 1113 2161 audit,
1145 2111 1260 2164 quae
1282 2095 1614 2151 daemonibus
1637 2097 1845 2152 obtem-

259 2194 428 2253 perat,
461 2200 580 2254 qua:
612 2185 948 2240 mendacium
972 2187 1139 2240 colit?
1174 2188 1385 2258 ecquid,
1427 2189 1663 2258 inquam,
1694 2190 1844 2259 virgo

256 2285 360 2343 est,
384 2293 501 2347 qua:
529 2278 766 2333 cauterio
802 2279 1032 2332 inustam
1061 2279 1220 2334 habet
1254 2281 1675 2336 conscientiam?
1707 2281 1844 2337 Nam

255 2370 406 2440 virgo
451 2383 557 2424 non
589 2369 760 2424 solum
789 2385 1048 2440 corpore,
1079 2370 1171 2425 sed
1196 2372 1356 2426 etiam
1387 2373 1568 2426 animo
1604 2387 1734 2442 pura
1774 2373 1844 2428 sit

253 2473 488 2533 oportet,
518 2479 639 2534 qua:
667 2473 909 2519 sanctum
949 2464 1095 2518 illum
1123 2478 1376 2534 Sponsum
1409 2475 1694 2536 exceptura
1715 2474 1797 2521 est
1825 2482 1838 2520 :

254 2556 373 2612 haec
392 2565 470 2611 tot
495 2557 686 2611 inustis
713 2557 854 2610 notis
882 2557 970 2626 qui
991 2555 1203 2611 tandem
1224 2573 1353 2626 pura
1377 2556 1484 2611 sit?
1503 2556 1634 2611 Nam
1661 2557 1708 2611 si
1736 2566 1844 2612 ter-

253 2664 412 2704 renas
436 2649 596 2704 etiam
621 2663 779 2704 curas
803 2649 869 2704 ab
893 2648 994 2704 hoc
1020 2649 1254 2703 thalamo
1279 2658 1457 2704 arceat
1486 2663 1711 2705 necesse
1735 2656 1839 2714 est,

254 2751 309 2795 ut
334 2757 454 2811 qua?
474 2755 594 2795 cum
623 2741 692 2796 iis
721 2742 922 2796 ornata'
935 2755 1054 2796 esse
1081 2749 1329 2811 nequeat,
1351 2741 1621 2812 quomodo
1641 2741 1841 2810 cogita-

254 2836 400 2889 tione
429 2835 688 2904 sacrilega
720 2835 863 2889 intus
887 2834 1205 2890 observante
1244 2833 1561 2905 virginitatis
1590 2832 1846 2904 splendo-

251 2941 366 2982 rem
390 2935 598 2981 tueatur
610 2926 637 2979 ?

323 3017 414 3072 Vl.
450 3016 729 3071 ereticos
756 3017 972 3088 virgines
1001 3033 1101 3071 non
1129 3016 1325 3070 animas
1352 3017 1546 3083 solum,
1580 3016 1669 3071 sed
1689 3017 1842 3071 etiam

253 3129 472 3184 corpora
499 3111 743 3183 polluere.
775 3139 847 3152 --
883 3110 1015 3165 Nam
1041 3111 1139 3165 etsi
1166 3111 1214 3165 ei
1253 3125 1448 3180 corpus
1487 3110 1690 3164 salvum
1720 3118 1838 3177 est,

252 3205 415 3258 animi
444 3213 640 3268 tamen,
669 3218 790 3272 quae
819 3219 939 3271 pars
965 3212 1047 3258 est
1071 3204 1267 3273 potior,
1295 3211 1420 3258 sunt
1439 3210 1687 3272 corrupta
1713 3216 1841 3257 con-

251 3296 391 3352 silia.
413 3294 548 3364 Quid
576 3304 754 3350 autem
782 3294 940 3350 refert
961 3293 1186 3364 disjecto
1208 3294 1407 3364 templo
1434 3301 1583 3364 septa
1613 3291 1840 3348 restare?

252 3397 344 3442 aut
371 3386 554 3457 quanti
583 3387 805 3440 interest
831 3399 1022 3455 purum
1047 3400 1166 3439 esse
1187 3385 1305 3440 solii
1331 3385 1528 3452 locum,
1561 3384 1696 3439 solio
1725 3399 1845 3439 sor-

251 3478 408 3533 dibus
453 3476 771 3547 inquinato?
819 3475 1150 3546 Quamquam
1190 3490 1291 3530 nec
1337 3477 1489 3530 abest
1517 3490 1544 3529 a
1583 3476 1838 3546 piaculo:

251 3570 578 3640 blasphemia
622 3570 765 3624 enim
795 3577 953 3639 atque
999 3569 1176 3638 impia:
1204 3583 1364 3624 voces
1401 3583 1523 3623 cum
1553 3571 1696 3622 intus
1725 3568 1835 3623 for-

252 3671 498 3728 mentur,
540 3661 685 3716 intus
711 3661 763 3715 in
793 3660 973 3715 animo
1000 3676 1104 3714 non
1137 3669 1372 3724 manent,
1405 3659 1502 3715 sed
1528 3667 1583 3715 et
1604 3659 1838 3730 linguam

252 3769 347 3809 ore
376 3755 596 3829 prolatas
623 3761 680 3808 et
707 3767 864 3808 aures
884 3767 1002 3822 quae
1023 3752 1314 3820 suscipiant
1338 3751 1598 3821 polluunt,
1625 3759 1680 3806 et
1699 3751 1842 3804 velut

251 3845 524 3900 mortifera
553 3859 756 3900 venena
790 3843 845 3898 in
874 3842 1108 3898 animum
1150 3843 1358 3914 illapsa,
1385 3842 1619 3897 radicem
1651 3856 1838 3896 corro-

249 3940 384 3996 dunt
409 3940 596 4010 quavis
623 3939 764 3992 tinea
793 3937 1023 4007 gravius,
1050 3950 1170 3991 cum
1196 3950 1365 4004 eaque
1389 3935 1649 4003 reliquum
1681 3946 1842 3988 omne

249 4045 446 4102 corpus
482 4029 727 4098 perdunt.
759 4027 936 4096 Quare
976 4027 1020 4082 si
1047 4026 1362 4097 virginitatis
1387 4023 1626 4080 deﬁnitio
1655 4033 1757 4090 est,
1788 4032 1844 4079 ct

249 4123 430 4176 animo
456 4131 510 4176 et
541 4135 768 4190 corpore
813 4126 1050 4173 sanctam
1081 4131 1200 4172 esse
1225 4135 1238 4170 :
1271 4117 1386 4172 haec
1413 4132 1530 4186 qua:
1560 4125 1842 4185 utramque

252 4214 306 4267 in
337 4221 543 4281 partem
574 4209 791 4281 profana
822 4219 876 4265 et
910 4209 1168 4266 scelerata
1190 4208 1288 4271 sit,
1317 4208 1407 4277 qui
1449 4207 1660 4262 tandem
1694 4207 1842 4277 virgo

252 4303 444 4358 fuerit?
481 4305 546 4355 At
575 4305 716 4357 enim
748 4301 878 4355 mihi
907 4309 960 4355 et
989 4315 1052 4354 os
1086 4299 1372 4369 pallidum,
1409 4306 1464 4352 ct
1495 4298 1723 4368 graciles
1749 4313 1839 4352 ar-

252 4406 357 4460 tus,
381 4405 434 4449 et
477 4395 636 4448 vilem
668 4393 921 4448 amictum
953 4400 1007 4446 et
1037 4401 1308 4461 aspectum
1339 4390 1557 4460 praefert
1586 4405 1840 4446 mansuc-

252 4496 384 4539 tum.
410 4485 478 4539 Et
497 4485 622 4555 quid
644 4494 753 4538 tum
776 4493 980 4553 postea,
1004 4483 1050 4537 si
1073 4481 1352 4552 impudens
1373 4489 1456 4536 est
1477 4482 1698 4537 interior
1716 4496 1845 4537 ocu-

251 4578 366 4632 lus?
394 4577 534 4644 Quid
565 4577 706 4632 enim
736 4591 803 4630 eo
832 4583 1051 4644 aspectu
1093 4573 1454 4644 impudentius
1497 4582 1598 4640 est,
1629 4575 1718 4643 qui
1747 4589 1843 4628 ex-

253 4670 479 4724 teriores
528 4667 709 4722 oculos
761 4665 1009 4733 inducat,
1063 4680 1151 4720 res
1203 4680 1231 4717 a
1289 4665 1398 4719 Deo
1449 4674 1656 4718 creatas
1698 4665 1843 4722 velut

253 4764 469 4817 vitiosas
497 4761 793 4832 usurpare?
826 4760 1002 4815 Omnis
1030 4759 1193 4831 gloria
1219 4760 1341 4829 ﬁlice
1366 4761 1496 4830 regis
1523 4769 1594 4814 est
1635 4760 1843 4816 interior

254 4856 374 4925 (Ps.
402 4857 494 4910 44.
521 4856 627 4927 li)
656 4872 670 4909 :
702 4853 818 4909 inec
847 4854 1101 4908 orationis
1135 4853 1328 4908 seriem
1370 4853 1604 4918 invertit,
1633 4862 1685 4907 et
1711 4852 1843 4908 furis

251 4947 420 5017 gloria
445 4949 638 5000 amicta
663 4945 806 4998 omni
835 4943 978 4998 intus
1003 4943 1242 4998 [teditate
1271 4943 1498 4998 laborat.
1524 4944 1656 4998 Illud
1685 4960 1839 4998 natu-

255 5054 358 5110 que
383 5038 654 5108 indignum
678 5037 882 5092 facinus
908 5046 1010 5100 est,
1033 5052 1151 5106 quae
1179 5036 1492 5091 mochIiam
1515 5051 1640 5106 erga
1663 5035 1841 5090 homi-

255 5147 350 5186 nes
379 5145 642 5184 summam
668 5137 906 5200 praestet,
938 5143 1056 5183 eam
1088 5128 1138 5181 in
1172 5129 1336 5182 Deum
1365 5136 1660 5182 creatorem
1686 5141 1842 5182 suum

253 5236 494 5278 eXtrema
513 5222 711 5276 insania
735 5222 848 5286 uti;
871 5229 926 5275 et
943 5236 1062 5291 qua:
1079 5221 1249 5274 virum
1272 5221 1353 5275 vel
1378 5220 1573 5276 intueri
1596 5235 1700 5274 non
1723 5235 1842 5275 sus-

255 5316 441 5378 tineat,
476 5314 519 5367 si
540 5329 658 5383 qua":
682 5323 858 5368 tamen
882 5313 935 5368 in
965 5313 1029 5367 iis
1065 5313 1197 5368 tales
1226 5322 1370 5379 sunt,
1395 5312 1698 5368 mortalium
1733 5313 1841 5368 Do-

255 5406 458 5460 minum
485 5401 877 5473 impudentibus
905 5403 1073 5459 oculis
1101 5413 1342 5474 spectare
1361 5446 1376 5472 ,
1418 5414 1710 5476 contraque
1745 5420 1844 5458 ex-

255 5501 457 5554 celsum
495 5496 693 5552 nefaria
717 5498 864 5568 loqui
898 5514 911 5553 :
939 5497 1111 5553 buxea
1134 5498 1199 5552 iis
1223 5497 1386 5553 facies
1415 5505 1518 5564 est,
1544 5498 1844 5568 mortuique

256 5589 465 5644 similis.
489 5588 566 5644 0b
589 5589 642 5645 id
665 5590 807 5644 enim
830 5589 1010 5644 multis
1039 5589 1291 5661 lacrymis
1311 5604 1374 5643 ac
1400 5589 1648 5646 lamentis
1670 5590 1844 5660 digna).

256 5689 399 5747 sunt,
433 5680 574 5752 quod
603 5698 709 5737 non
737 5682 909 5737 solum
939 5681 1156 5749 frustra,
1189 5680 1282 5736 sed
1309 5680 1468 5735 etiam
1503 5682 1555 5734 in
1585 5680 1667 5736 sui
1700 5682 1846 5751 capi-

258 5775 322 5830 tis
347 5775 631 5843 perniciem
656 5783 860 5830 tantum
883 5789 1242 5850 aerumnarum
1272 5773 1628 5844 susceperint.

328 5862 438 5922 γυ.
492 5864 742 5939 Virginem
788 5882 886 5923 non
927 5865 1140 5933 vestitu,
1169 5863 1258 5920 sed
1302 5864 1471 5921 animo
1515 5862 1842 5935 spectandam

1615 416 1701 472 DE
1740 415 2202 474 VIRGINITATE.

3448 424 3552 482 533

1968 548 2094 587 esse.
2123 562 2195 575 —
2222 531 2355 588 Vilis
2382 541 2463 590 est
2483 535 2708 591 amictus
2741 552 2754 590 :
2786 543 2841 591 at
2869 551 2974 592 non
3007 537 3061 593 in
3087 539 3320 596 vestibus
3349 551 3441 597 aut
3461 559 3552 597 co-

1963 621 2099 690 lore,
2125 624 2219 678 sed
2251 625 2303 678 in
2328 626 2508 680 animo
2543 636 2703 696 atque
2726 643 2951 700 corpore
2980 631 3254 700 virginitas
3284 642 3383 688 cst.
3418 633 3550 688 Nam

1963 729 2084 769 cum
2114 731 2214 770 nec
2239 715 2611 786 philosophum
2637 733 2791 773 coma
2811 761 2824 786 ,
2853 729 2946 775 aut
2967 720 3158 776 baculo
3177 764 3190 787 ,
3225 731 3315 777 aut
3345 724 3548 790 abolla,

1962 806 2056 861 sed
2084 807 2322 862 moribus
2341 816 2394 861 ct
2418 808 2599 862 animo
2621 809 2932 877 metiamur;
2964 828 3060 867 nec
3081 814 3303 868 militent
3335 815 3552 882 paluda-

1960 910 2165 968 mento,
2195 909 2287 955 aut
2314 902 2513 968 balteo,
2546 902 2641 956 scd
2667 903 2860 958 robore
2883 915 2935 959 et
2972 906 3406 976 magnanimitate
3439 925 3450 959 :
3482 923 3550 961 an

1960 1009 2064 1048 non
2091 994 2377 1048 absurdum
2406 995 2475 1050 sit
2511 995 2700 1065 virgini
2722 1037 2738 1064 ,
2767 997 2845 1050 rei
2870 1005 2974 1051 tam
3015 1000 3284 1068 pra-clara:
3303 1040 3318 1064 ,
3353 1009 3404 1054 et
3433 1016 3551 1070 quas

1959 1085 2194 1139 humana
2223 1086 2402 1139 omnia
2429 1094 2671 1155 superet,
2698 1087 2876 1157 capilli
2898 1090 3220 1158 squalorem,
3254 1091 3431 1144 vultus
3456 1092 3552 1146 dc-

1957 1177 2287 1244 missionem,
2316 1193 2380 1233 ac
2403 1177 2600 1248 pullam
2626 1189 2852 1247 vestem,
2885 1189 3086 1236 temere
3114 1198 3242 1236 sane
3267 1198 3327 1237 ac
3357 1185 3548 1252 supine

1956 1270 2136 1324 virtuti
2163 1269 2380 1337 dueere,
2409 1286 2510 1326 nec
2535 1271 2654 1340 ejus
2684 1271 2864 1326 animo
2891 1272 3157 1327 denudato
3177 1316 3191 1340 ,
3223 1273 3347 1328 inde
3374 1274 3547 1329 studia

1955 1361 2071 1430 ejus
2095 1372 2343 1418 accurate
2382 1365 2702 1434 explorare?
2731 1368 2801 1418 At
2827 1381 2930 1420 non
2964 1366 3013 1420 id
3045 1369 3321 1437 permittit,
3349 1369 3436 1438 qui
3460 1369 3548 1422 lu-

1953 1461 2053 1507 cta;
2083 1453 2241 1522 hujus
2261 1454 2404 1525 leges
2447 1457 2621 1510 sanxit
2655 1475 2666 1509 :
2703 1473 2874 1528 neque
2912 1458 3054 1512 enim
3084 1474 3198 1525 eos,
3241 1460 3331 1530 qui
3362 1461 3414 1514 in
3447 1460 3548 1516 hoc

1954 1552 2225 1600 certamen
2270 1561 2329 1601 se
2373 1547 2685 1617 conjiciunt,
2733 1549 2950 1616 vestitu,
3002 1550 3096 1605 sed
3137 1550 3469 1621 dogmatibus
3493 1560 3549 1607 et

1952 1635 2132 1689 animo
2160 1638 2580 1706 spectarijubet.
2617 1639 2718 1707 Qui
2743 1641 2874 1693 enim
2900 1651 3092 1707 certat,
3127 1644 3316 1714 inquit,
3349 1645 3409 1698 ab
3437 1661 3549 1700 om-

1952 1727 2097 1780 nibus
2113 1743 2166 1780 se
2203 1729 2418 1783 continet
2443 1729 2518 1800 (l.
2541 1728 2658 1786 Cor.
2683 1731 2736 1786 9.
2758 1732 2875 1803 25),
2911 1734 3115 1788 scilicet
3141 1752 3258 1805 quae
3283 1737 3444 1790 animi
3463 1755 3549 1792 sa-

1951 1818 2169 1872 nitatem
2215 1819 2500 1875 infestent:
2530 1831 2604 1884 et,
2657 1820 2822 1875 Nemo
2849 1834 3137 1891 coronatur,
3187 1827 3286 1879 nisi
3329 1828 3554 1896 legitime

1951 1910 2209 1961 certaverit
2238 1908 2314 1981 (2.
2344 1909 2478 1963 Tim.
2503 1910 2557 1963 2.
2588 1910 2662 1982 5).
2709 1911 2839 1979 Qua:
2866 1923 2990 1966 sunt
3017 1913 3176 1984 igitur
3205 1914 3358 1969 lucta:
3390 1917 3548 1986 hujus

1949 1997 2132 2068 leges?
2153 2000 2290 2054 Audi
2317 2001 2566 2056 eumdem
2593 2001 2880 2069 dicentem,
2908 2005 2988 2058 vel
3018 2007 3195 2075 potius
3223 2007 3274 2060 in
3302 2022 3367 2061 eo
3390 2007 3547 2062 Chri-

1950 2099 2091 2144 stum
2136 2092 2448 2146 certaminis
2491 2103 2762 2148 auctorem
2798 2111 2812 2149 :
2845 2094 3157 2150 Honorabile
3187 2106 3260 2150 est
3286 2099 3547 2153 matrimo—

1949 2183 2091 2234 nium
2119 2191 2165 2234 et
2191 2191 2330 2235 torus
2357 2183 2710 2238 immaculata:
2743 2184 2899 2259 (Heb.
2933 2188 3019 2242 15.
3048 2185 3125 2258 4).

2022 2273 2156 2328 Vill.
2201 2273 2393 2346 Virgini
2430 2293 2547 2346 erga
2592 2278 2830 2348 conjuges
2863 2285 3051 2348 fastum
3090 2281 3390 2336 detrimento
3417 2299 3541 2338 esse.

1947 2395 2019 2406 —
2047 2366 2182 2434 Quid
2215 2383 2342 2423 vero
2383 2368 2488 2424 hoc
2513 2369 2580 2424 ad
2611 2386 2726 2436 me,
2761 2372 2964 2442 inquit,
3013 2389 3133 2444 quae
3163 2376 3406 2430 nuntium
3432 2393 3550 2431 ma-

1950 2459 2202 2514 trimonio
2226 2461 2447 2515 remisi?
2468 2460 2525 2515 ld
2551 2462 2715 2527 enim,
2741 2464 2956 2529 misera,
2982 2465 3031 2518 id
3061 2474 3110 2519 te
3132 2466 3376 2535 perdidit,
3403 2469 3544 2538 quod

1946 2551 2078 2606 nihil
2105 2552 2198 2606 tibi
2219 2567 2338 2606 cum
2368 2567 2434 2608 eo
2460 2551 2710 2623 dogmate
2737 2569 3021 2610 commune
3043 2557 3338 2612 existimas.
3362 2559 3550 2629 itaque

1949 2661 2063 2702 rem
2077 2661 2193 2702 eam
2209 2655 2450 2701 extremo
2469 2655 2777 2716 contemptu
2797 2658 3140 2720 prosequuta,
3156 2662 3211 2705 et
3224 2650 3314 2705 Dei
3333 2665 3387 2705 sa
3396 2652 3556 2721 pieu-‘

1946 2738 2034 2792 tia:
2076 2738 2453 2793 contumeliam
2502 2737 2693 2806 fecisti,
2723 2748 2780 2795 et
2825 2751 3067 2796 naturam
3096 2758 3273 2798 rerum
3321 2759 3538 2799 omnem

1946 2829 2225 2884 criminata
2246 2844 2325 2884 es.
2348 2828 2480 2884 Nam
2504 2829 2548 2884 si
2577 2830 2842 2900 impurum
2868 2833 3270 2887 matrimonium
3298 2843 3400 2901 est,
3424 2835 3539 2888 ani-

1945 2931 2157 2976 mantes
2195 2922 2354 2976 etiam
2395 2937 2465 2976 ex
2497 2936 2561 2975 eo
2603 2930 2864 2992 suscepta:
2906 2923 3127 2994 impura:
3157 2940 3346 2980 omnes
3375 2937 3500 2981 sunt
3523 2967 3538 2994 ,

1945 3021 2106 3084 atque
2135 3012 2268 3068 adeo
2291 3021 2345 3067 et
2371 3027 2469 3067 vos
2494 3031 2507 3067 ε
2533 3028 2705 3083 neque
2731 3014 2872 3068 enim
2897 3013 3120 3069 dixerim
3149 3014 3422 3070 hominum
3448 3033 3543 3071 na-

1945 3111 2141 3158 turam.
2170 3103 2450 3170 Quomodo
2481 3103 2640 3173 igitur
2661 3105 2811 3174 virgo
2837 3114 2952 3171 cst;
2985 3123 3104 3176 quae.
3133 3106 3382 3178 impura?
3406 3108 3538 3162 Nam

1945 3196 2112 3251 altera
2144 3196 2258 3250 lnec
2280 3238 2294 3264 ,
2336 3195 2446 3250 imo
2472 3206 2526 3251 et
2555 3196 2709 3251 tertia
2741 3199 3037 3268 excogitata
3074 3201 3222 3254 vobis
3247 3201 3458 3256 foeditas
3487 3213 3542 3257 et

1946 3286 2224 3357 impuritas
2251 3295 2363 3352 est;
2387 3302 2448 3342 ac
2478 3302 2596 3358 quae
2623 3288 3020 3343 matrimonium
3056 3290 3200 3345 velut
3219 3291 3540 3362 flagitiosum

1945 3379 2240 3449 retugistis,
2272 3395 2338 3435 eo
2367 3379 2483 3449 ipso
2511 3379 2652 3449 quod
2683 3380 2974 3451 rcfugistis,
3020 3383 3259 3439 omnium
3282 3387 3411 3441 estis
3441 3387 3540 3443 lla-

1945 3471 2331 3541 gitiosissimae,
2356 3471 2661 3542 virginitate
2681 3481 2866 3542 stupro
2886 3472 3108 3529 foediore
3135 3475 3368 3532 inventa.
3391 3479 3542 3548 Quo-

1946 3576 2068 3616 nam
2101 3561 2262 3632 igitur
2291 3562 2409 3616 loco
2438 3577 2537 3618 vos
2575 3563 2880 3634 ponemus?
2906 3580 3025 3619 cum
3056 3565 3291 3622 Judzzcis?
3325 3570 3394 3624 At
3433 3587 3544 3628 non

1945 3653 2284 3708 sustinebunt
2319 3670 2332 3705 :
2375 3669 2496 3708 nam
2545 3662 2600 3708 ct
2644 3655 3044 3710 matrimonium
3085 3657 3305 3726 colunt,
3358 3669 3413 3716 et
3444 3662 3542 3718 Dei

1947 3746 2272 3801 creationem
2303 3746 2622 3816 suspiciunt.
2670 3750 2752 3801 An
2786 3747 3101 3804 nobiscum?
3151 3751 3220 3804 At
3265 3751 3538 3810 Christum

1947 3853 2044 3908 per
2068 3838 2287 3892 Paulum
2319 3837 2585 3894 dicentem
2613 3839 2799 3896 audire
2827 3840 3094 3910 noluistis,
3121 3841 3436 3900 Honorabile
3465 3856 3543 3901 est

1947 3929 2322 4010 matrimonium
2347 3939 2394 3984 et
2434 3941 2572 3984 torus
2610 3931 2963 3988 immaculatns
2984 3933 3138 4004 (Heb.
3173 3936 3260 3990 l3.
3291 3937 3366 4006 4).
3396 3938 3545 3992 Reli-

1946 4037 2108 4092 quum
2140 4030 2224 4077 est
2244 4022 2401 4093 igitur
2425 4034 2480 4078 ut
2513 4038 2632 4079 cum
2666 4025 2913 4095 gentibus
2933 4042 3093 4097 porro
3123 4030 3448 4085 consistatis.
3472 4033 3542 4086 At

1947 4113 2052 4168 illte
2073 4113 2232 4168 etiam
2261 4129 2358 4168 vos
2385 4123 2440 4168 ut
2467 4130 2526 4170 se
2553 4116 2720 4184 magis
2746 4116 2936 4186 impios
2963 4117 3243 4187 repellent.
3267 4118 3398 4174 Nam
3418 4121 3543 4176 Pla-

1947 4203 2086 4260 tonis
2118 4205 2379 4260 sententia
2407 4213 2490 4259 est
2520 4204 2608 4273 (In
2633 4205 2868 4277 Tinneo),
2899 4207 3102 4262 Bonum
3134 4208 3294 4265 fuisse
3312 4213 3401 4282 qui
3432 4211 3535 4269 hoc

1947 4311 2106 4352 omne
2136 4297 2353 4350 molitus
2381 4306 2481 4359 est,
2522 4304 2608 4361 et,
2639 4297 2846 4352 Bonum
2873 4300 3069 4354 nullius
3095 4285 3327 4373 reierga
3356 4321 3542 4375 quem-

1946 4403 2105 4457 quam
2133 4387 2326 4442 invidia
2355 4387 2517 4456 tangi.
2540 4388 2618 4442 Tu
2644 4388 2843 4443 malum
2871 4389 3044 4460 ipsum
3071 4393 3326 4462 appellas,
3350 4407 3402 4450 et
3427 4413 3542 4450 tua-

1949 4479 2120 4533 larnm
2151 4494 2328 4534 rerum
2350 4488 2670 4536 creatorem.
2699 4479 2898 4536 Verum
2923 4497 2990 4536 ne
3016 4486 3306 4540 extimesce
3333 4505 3344 4540 :
3377 4487 3542 4544 habes

1947 4571 2205 4626 doctrina:
2247 4581 2525 4626 consortes
2571 4569 2840 4626 diabolum
2869 4573 3090 4644 ejusque
3133 4578 3386 4647 angelos;
3433 4579 3542 4634 imo

1946 4681 2048 4721 nec
2075 4681 2169 4721 eos
2193 4664 2407 4736 quidem
2441 4681 2453 4717 :
2485 4680 2660 4735 neque
2693 4667 2834 4720 enim
2865 4668 2953 4737 qui
2987 4677 3037 4723 te
3067 4669 3120 4723 in
3157 4685 3279 4724 eum
3308 4671 3547 4727 furorem.

1949 4757 2276 4821 induxeriut,
2303 4757 2442 4812 idem
2469 4757 2628 4812 etiam
2649 4758 2848 4812 sentire
2876 4759 3214 4815 existimandi
3242 4771 3384 4817 sunt.
3408 4763 3538 4818 Nam

1948 4849 2088 4904 scire
2113 4863 2208 4903 eos
2236 4848 2402 4904 Deum
2430 4848 2629 4902 bonum
2673 4863 2813 4914 esse,
2863 4849 2986 4903 audi
3031 4850 3344 4921 clamantes,
3376 4871 3545 4925 nunc,

1951 4937 2156 4993 Scimus
2193 4948 2239 4991 te
2266 4939 2352 5008 qui
2384 4938 2453 4991 sis
2474 4981 2488 5002 ,
2528 4937 2746 4993 Sanctus
2775 4938 2872 4993 Dei
2897 4939 3090 5010 (Marc.
3120 4943 3172 4997 1.
3205 4943 3330 5014 2i);
3364 4961 3550 5014 nunc,

1955 5029 2022 5084 Ili
2049 5029 2273 5084 homines
2297 5030 2427 5082 servi
2448 5029 2545 5082 Dei
2569 5029 2752 5084 excelsi
2771 5039 2904 5097 sunt,
2935 5033 3019 5104 qui
3048 5033 3182 5087 vobis
3204 5035 3336 5088 viam
3362 5035 3542 5090 salutis

1949 5122 2188 5177 nuntiant
2222 5121 2355 5193 (Act.
2387 5121 2472 5176 16.
2511 5121 2618 5192 17).
2650 5122 2717 5176 Et
2740 5123 2914 5179 adhuc
2937 5125 3291 5196 virginitatem
3316 5128 3535 5198 jactabi-

1951 5215 2040 5280 tis,
2072 5213 2138 5269 de
2169 5229 2338 5283 caque
2365 5213 2739 5284 gloriabimini,
2793 5231 2856 5271 ac
2896 5233 3000 5271 non
3055 5219 3234 5288 potius
3282 5222 3536 5278 abeuntes

1949 5315 2183 5362 vestram
2225 5305 2573 5375 deplorahitis
2598 5321 2660 5360 ac
2690 5305 2936 5376 lugebitis
2977 5311 3286 5378 amentiam,
3314 5328 3416 5383 qua
3445 5328 3538 5370 vos

1951 5401 2196 5456 diabolus
2247 5399 2394 5454 velut
2435 5414 2597 5453 manu
2644 5409 2829 5468 captos
2882 5401 3158 5472 colligatos
3187 5405 3240 5459 in
3279 5406 3538 5475 gehennae

1952 5477 2128 5563 ignem
2175 5489 2375 5545 trahit?
2417 5488 2813 5544 Matrimonium
2864 5506 2969 5546 non
3019 5493 3223 5550 iniisti?
3251 5505 3306 5550 at
3355 5511 3462 5554 nou
3489 5499 3539 5554 id

1953 5584 2230 5656 virginitas
2262 5591 2345 5637 est
2374 5599 2388 5636 :
2419 5597 2541 5635 nam
2571 5598 2690 5650 qua:
2715 5597 2835 5637 cum
2866 5584 3129 5655 integrum
3169 5597 3313 5644 esset
3339 5590 3536 5648 nubere

1951 5677 2348 5741 detrectaverit,
2376 5689 2495 5729 eam
2533 5688 2631 5745 ego
2656 5675 2914 5746 virginem
2948 5677 3174 5735 dixerim
3203 5699 3218 5736 :
3245 5692 3298 5736 at
3323 5697 3445 5738 cum
3479 5703 3542 5740 eo

1953 5769 2293 5826 interdictum
2324 5767 2491 5834 dicas,
2515 5783 2620 5821 non
2647 5767 2760 5836 jam
2794 5767 2844 5823 id
2873 5778 3020 5827 recte
3050 5770 3245 5829 factum
3280 5776 3385 5830 tuis
3411 5791 3542 5833 con-

1951 5862 2105 5931 siliis,
2155 5859 2246 5917 sed
2297 5860 2430 5932 legis
2481 5858 2786 5916 necessitati
2832 5863 3171 5922 tribuendum
3215 5876 3317 5924 est.
3368 5869 3544 5936 Quare
