4020 6418
361 419 464 475 539

362 531 552 586 Persas
593 526 682 598 qni
731 533 931 582 matres
976 539 1177 579 uxores
1219 540 1325 578 non
1356 523 1558 579 ducunt
1598 521 1945 587 admiramur,

363 622 634 677 Romanos
660 636 766 675 non
799 620 927 674 item
958 635 971 671 :
1004 617 1092 671 hic
1117 632 1349 686 namque
1382 615 1452 669 ad
1485 630 1652 670 unum
1695 612 1946 667 omnibus

360 712 412 767 id
440 711 829 767 exsecrandum
860 710 1087 774 videtur,
1121 708 1228 763 illic
1254 706 1544 776 impunitas
1570 720 1635 759 ca
1663 704 1949 775 designanv

362 805 414 860 di
440 802 643 865 effecit.
672 812 737 859 ut
757 802 847 873 qui
883 802 951 856 ab
988 815 1055 855 eo
1075 798 1363 855 concubitu
1405 797 1739 851 abstinerent
1764 794 1948 849 laudas

363 908 566 953 rentur.
602 895 682 950 Ad
729 894 977 952 eumdem
1020 890 1235 947 modum
1276 899 1331 944 et
1368 888 1437 944 de
1474 887 1816 943 matrimonio
1855 885 1950 940 lia-

364 989 545 1044 hcnda
564 987 789 1059 quaestio
816 993 917 1040 est.
957 982 1067 1039 Nos
1099 981 1267 1047 enim,
1294 979 1433 1050 apud
1462 992 1598 1049 quos
1627 976 1679 1032 id
1701 976 1948 1032 omnibus

366 1080 681 1150 permissum
709 1077 799 1143 sit,
825 1076 1016 1130 merito
1044 1087 1139 1129 eos
1158 1073 1246 1142 qui
1271 1071 1671 1125 matrimonium
1695 1082 1802 1123 non
1822 1081 1951 1122 con-

366 1175 577 1226 trahant
606 1168 863 1223 miramur
918 1184 932 1219 :
984 1178 1081 1218 vos
1108 1163 1199 1234 qui
1235 1162 1287 1217 id
1337 1162 1390 1216 in
1420 1160 1686 1215 malorum
1724 1158 1948 1215 classem

366 1259 680 1331 rejeceritis,
707 1255 838 1311 nihil
865 1264 948 1311 est
972 1253 1126 1324 quod
1156 1251 1367 1307 laudem
1398 1267 1465 1306 ex
1489 1250 1592 1306 hac
1622 1265 1681 1305 re
1701 1250 1947 1319 captetis.

364 1353 495 1408 Nam
527 1350 710 1406 vetitis
746 1348 1022 1404 abstinere
1042 1387 1058 1413 ,
1094 1345 1146 1400 id
1175 1360 1301 1401 vero
1325 1359 1431 1399 non
1459 1352 1542 1399 est
1561 1342 1723 1397 animi
1752 1340 1950 1397 excelsi

363 1428 521 1515 atque
542 1441 785 1498 strenui:
818 1437 1070 1509 perfectae
1094 1436 1237 1492 enim
1255 1435 1467 1490 virtutis
1493 1444 1596 1502 est,
1624 1449 1732 1488 non
1760 1447 1822 1488 ea
1844 1447 1952 1487 non

363 1556 378 1585 â€¹
394 1536 720 1599 ommittere,
750 1546 870 1602 qum
886 1530 932 1584 si
961 1528 1359 1583 committamus
1379 1525 1519 1596 apud
1543 1537 1731 1581 omnes
1756 1524 1953 1593 impro-

365 1626 416 1683 bi
450 1626 764 1688 habeamur,
816 1619 914 1676 sed
944 1620 1011 1674 iis
1048 1618 1333 1683 excellere,
1375 1631 1495 1687 quas
1524 1629 1699 1686 neque
1726 1628 1821 1670 eos
1862 1613 1953 1709 qui

364 1717 685 1781 detrectent,
711 1729 777 1770 eo
810 1713 1028 1768 nomine
1051 1710 1255 1779 culpari
1283 1709 1572 1779 patiantur,
1596 1714 1652 1760 et
1676 1705 1765 1776 qui
1786 1704 1954 1760 susei-

350 1786 512 1881 Ipiant
537 1824 603 1865 ac
627 1807 1030 1880 perfungantur,
1061 1818 1168 1858 non
1198 1801 1452 1871 opinione
1482 1798 1839 1870 improbitatis
1865 1812 1956 1852 so-

367 1906 476 1961 lum
504 1901 752 1964 libcrcnt,
782 1897 879 1954 sed
904 1898 1066 1953 etiam
1090 1894 1244 1948 bonis
1268 1901 1603 1948 accenseant.
1627 1890 1761 1946 Nam
1780 1900 1839 1944 ut
1862 1904 1957 1945 eu-

365 1995 571 2052 nuchos
596 1993 666 2049 de
702 1989 1003 2061 virginitate
1032 1985 1214 2041 laudet
1234 1999 1412 2050 nemo,
1436 1984 1528 2054 qui
1550 1982 1952 2037 matrimonium

372 2106 472 2147 non
514 2084 859 2150 contrahant,
898 2082 977 2136 sic
1002 2094 1101 2135 nec
1126 2093 1226 2133 vos
1251 2095 1265 2131 :
1302 2092 1424 2131 cum
1452 2075 1595 2146 quod
1622 2075 1731 2130 illis
1753 2081 1958 2129 natura;

364 2176 687 2242 necessitas,
715 2173 771 2229 id
796 2172 949 2229 vobis
973 2170 1043 2224 sit
1077 2176 1344 2236 corruptis
1384 2166 1732 2222 conscientiae
1772 2164 1959 2219 amici-

366 2269 512 2340 patio
548 2285 562 2321 :
604 2280 668 2322 ac
711 2260 1162 2335 quemadmodum
1192 2257 1469 2313 eunuchos
1498 2255 1745 2325 corporis
1773 2255 1958 2310 vitium

365 2362 547 2431 ejusce
572 2359 650 2415 rei
679 2355 846 2429 gloria
871 2354 1098 2424 dejecit,
1126 2353 1198 2406 ita
1220 2367 1315 2405 vos
1338 2349 1583 2404 diabolus
1605 2390 1620 2415 ,
1649 2358 1839 2402 natura
1862 2361 1958 2401 vo-

366 2454 451 2508 bis
473 2453 620 2507 salva
661 2455 1034 2521 permanente,
1058 2445 1203 2499 sanis
1228 2443 1471 2500 consiliis
1509 2442 1737 2497 resectis
1757 2482 1773 2508 ,
1799 2449 1963 2511 atque

368 2546 424 2599 in
451 2539 828 2597 necessitatem
874 2535 1148 2606 coniectos
1193 2533 1486 2597 crelibatus,
1519 2547 1642 2588 cum
1686 2530 1961 2587 laboribus

369 2642 547 2705 urget,
595 2640 708 2687 tum
756 2627 960 2684 laudari
1003 2642 1110 2682 non
1158 2625 1302 2681 sinit.
1336 2624 1735 2679 Matrimonium
1776 2624 1963 2680 vetas?

367 2722 672 2780 eamobrem
701 2727 757 2776 et
779 2719 1056 2775 crelibatus
1079 2715 1383 2772 mercedem
1414 2729 1522 2770 non
1550 2715 1803 2786 accipies,
1836 2716 1946 2771 imo

368 2827 557 2886 [muas
579 2813 740 2868 etiam
768 2825 833 2865 ac
860 2809 1181 2880 supplicium
1209 2808 1347 2863 lues.

442 2905 531 2960 IX.
554 2904 635 2959 Ad
663 2901 996 2972 virginitatem
1021 2898 1234 2967 hortari,
1259 2913 1579 2971 nequaquam
1604 2899 1715 2970 ejus
1745 2913 1852 2952 esse
1877 2898 1966 2968 qui

369 2994 745 3050 matrimonium
784 3000 931 3046 vetet.
966 3019 1038 3030 --
1077 2990 1155 3045 Tu
1186 3004 1350 3058 vero,
1385 2991 1586 3060 inquit,
1632 3005 1736 3051 non
1769 2989 1965 3044 vetas?

371 3091 553 3159 Apage
575 3096 633 3141 ut
660 3081 834 3140 tecum
862 3097 1013 3154 :equc
1036 3082 1320 3138 insaniam.
1353 3082 1424 3137 Et
1452 3083 1545 3153 qui
1567 3122 1583 3149 ,
1612 3082 1811 3152 inquit,
1841 3081 1966 3136 bor-

374 3180 501 3237 taris
529 3176 926 3233 matrimonium
957 3189 1065 3229 non
1102 3172 1461 3229 contrahere?
1501 3172 1652 3241 Quod
1682 3173 1964 3243 virginita-

372 3286 480 3348 tem
519 3269 864 3327 matrimonio
905 3268 1063 3339 longe
1095 3266 1523 3338 prmstantlorem
1554 3267 1782 3323 sentiam
1816 3286 1830 3323 :
1859 3282 1962 3323 nec

371 3380 501 3420 vero
529 3371 810 3433 propterea
836 3358 1234 3415 matrimonium
1264 3357 1319 3412 in
1346 3356 1502 3413 malis
1529 3372 1690 3428 pono,
1718 3357 1846 3427 quin
1874 3373 1964 3412 ve-

374 3456 651 3511 hementer
677 3453 838 3508 etiam
869 3448 1060 3517 laudo;
1102 3459 1186 3509 est
1213 3450 1356 3505 enim
1388 3449 1453 3505 iis
1478 3448 1569 3519 qui
1611 3458 1757 3504 recte
1782 3464 1851 3506 eo
1888 3449 1965 3505 uti

371 3547 539 3600 velint
564 3542 908 3598 continentiae
939 3549 1124 3609 portus
1142 3581 1158 3604 ,
1188 3548 1432 3595 naturam
1461 3536 1673 3595 efferari
1701 3554 1805 3594 non
1830 3555 1955 3610 per-

374 3638 612 3693 mittens.
655 3633 791 3689 Nam
816 3630 1054 3702 legitimo
1081 3628 1256 3697 coitu,
1287 3629 1438 3698 quasi
1474 3630 1708 3701 scopulis
1736 3629 1962 3700 quibus-

373 3729 495 3782 dam
523 3723 748 3793 objectis
786 3721 852 3775 ad
880 3718 1223 3789 excipiendos
1250 3718 1485 3774 libidinis
1512 3719 1736 3784 fluctus,
1784 3734 1884 3774 nos
1911 3720 1962 3774 in

372 3832 582 3874 summa
616 3812 1007 3891 tranquillitate
1037 3809 1265 3865 collocat
1289 3823 1353 3864 ac
1383 3818 1580 3864 tuetur.
1612 3808 1809 3865 Verum
1840 3796 1965 3866 sunt

371 3908 570 3978 quibus
599 3904 731 3960 nihil
758 3917 895 3972 opus
923 3900 993 3955 sit
1021 3914 1087 3957 eo
1116 3899 1383 3969 praesidio,
1417 3899 1511 3955 sed
1541 3899 1657 3969 ejus
1683 3900 1803 3955 loco
1824 3899 1965 3970 jeju-

380 3998 504 4062 niis,
527 3994 739 4065 vigiliis,
764 3989 1114 4055 chameuniis,
1142 3998 1197 4044 et
1221 3989 1421 4059 reliqua
1446 3988 1496 4043 id
1521 4003 1690 4060 genus
1710 3989 1962 4055 duritate,

377 4098 580 4145 natura.
606 4082 837 4140 furorem
865 4082 1106 4137 cicurent
1134 4097 1149 4134 :
1172 4076 1272 4136 hos
1292 4079 1546 4135 cohortor
1564 4080 1963 4135 matrimonium

378 4197 484 4236 non
509 4175 830 4234 contrahere
847 4214 864 4241 ,
890 4186 993 4228 nec
1015 4171 1412 4227 matrimonium
1441 4180 1582 4225 veto.
1614 4170 1839 4226 Interest
1865 4186 1959 4225 au-

376 4287 484 4331 tem
512 4272 655 4328 inter
684 4271 788 4325 hoc
827 4277 882 4323 et
922 4263 1052 4322 illud
1099 4263 1381 4334 plurimum
1405 4304 1419 4329 ,
1465 4274 1722 4333 quantum
1761 4263 1966 4318 scilicet

378 4364 664 4420 discrimen
708 4368 792 4418 est
833 4361 972 4413 inter
1015 4357 1389 4412 necessitatem
1432 4364 1486 4410 et
1527 4356 1819 4426 optionem.
1863 4356 1964 4425 Qui

380 4454 523 4512 enim
552 4453 802 4517 consulit,
832 4450 1060 4505 liberum
1093 4448 1346 4517 relinquit
1370 4447 1596 4502 auditori
1622 4463 1740 4518 qua:
1768 4463 1964 4503 consu-

378 4550 453 4602 lat
477 4538 632 4614 sequi
659 4560 673 4597 :
700 4541 790 4611 qui
832 4548 996 4602 vetat,
1028 4538 1074 4592 is
1112 4538 1158 4593 ei
1203 4537 1505 4592 facultatem
1546 4553 1662 4591 eam
1704 4539 1960 4608 przeripit.

375 4635 459 4693 Ad
490 4634 605 4689 haec
632 4631 721 4703 qui
752 4628 1035 4693 cohortor,
1064 4642 1175 4681 rem
1204 4641 1311 4681 non
1350 4626 1630 4696 improbo;
1661 4642 1762 4682 nec
1788 4629 1876 4697 qui
1903 4643 1964 4683 se

375 4723 555 4781 induci
581 4738 689 4779 non
725 4720 955 4790 patiatur
983 4732 1215 4773 accuso:
1252 4727 1307 4771 tu
1338 4717 1426 4787 qui
1458 4716 1509 4771 id
1538 4716 1760 4773 damnes
1792 4732 1855 4774 ac
1877 4719 1961 4773 vi-

373 4820 569 4872 tiosum
591 4814 776 4877 ducas,
799 4822 853 4866 et
874 4808 1210 4879 legislatoris,
1234 4823 1339 4863 non
1362 4808 1648 4862 consiliarii
1676 4823 1958 4878 personam

370 4907 596 4977 arripias
615 4947 632 4971 ,
658 4903 853 4960 merito
886 4916 982 4956 eos
1004 4901 1095 4971 qui
1124 4916 1227 4955 non
1257 4900 1511 4955 obediant
1535 4900 1695 4956 odisti
1727 4919 1742 4968 ;
1772 4911 1828 4956 at
1853 4918 1957 4957 non

375 5012 502 5071 rgo,
529 4996 621 5053 sed
647 5010 767 5051 cum
798 5007 894 5048 eos
921 4993 1157 5046 admiror
1195 4992 1283 5060 qui
1310 4989 1377 5045 ad
1407 4989 1509 5046 hoc
1536 5002 1807 5046 certamen
1858 5008 1958 5046 no-

375 5090 517 5144 mina
545 5084 813 5154 dederint,
846 5095 971 5138 tum
984 5082 1264 5153 qui'cxtra
1289 5090 1575 5147 maneant,
1606 5096 1712 5149 non
1743 5097 1956 5136 accuso.

372 5181 507 5236 Nam
535 5177 805 5233 accusatio
841 5175 1055 5230 domum
1083 5172 1223 5243 justa
1264 5172 1367 5239 sit,
1415 5172 1460 5226 si
1505 5172 1625 5243 quis
1650 5170 1790 5242 quod
1822 5171 1959 5227 haud

371 5270 533 5335 dubie
557 5269 810 5323 vitiosum
833 5267 922 5331 sit,
949 5273 1304 5335 prosequatur
1330 5281 1343 5317 :
1376 5273 1431 5317 at
1453 5262 1543 5333 qui
1571 5262 1830 5317 minorem
1853 5266 1959 5316 virâ€”

371 5372 539 5418 tutem
571 5368 788 5423 nactus,
826 5360 1083 5430 majorem
1130 5373 1234 5411 non
1282 5357 1477 5421 adeat,
1520 5356 1566 5411 is
1594 5354 1808 5426 quidem
1851 5370 1956 5408 non

374 5469 495 5508 cum
528 5451 734 5507 fortiori
753 5449 1053 5505 laudandus
1080 5460 1133 5503 et
1157 5448 1500 5507 admirandus
1521 5455 1623 5512 est,
1656 5461 1756 5501 nec
1780 5454 1955 5500 tamen

376 5543 496 5597 idco
538 5541 853 5611 culpandus.
896 5539 1097 5609 Ecquid
1139 5538 1297 5609 igitur
1333 5536 1634 5613 conjugium
1664 5545 1824 5603 veto,
1869 5535 1957 5605 qui

375 5636 632 5704 conjuges
680 5649 785 5687 non
829 5632 1117 5688 accusem?
1165 5632 1359 5700 Stupra
1402 5642 1526 5684 veto
1571 5640 1625 5684 et
1672 5627 1953 5691 adulteria,

375 5724 771 5782 matrimonium
818 5737 921 5774 non
968 5722 1093 5775 item
1141 5740 1153 5775 :
1196 5731 1250 5775 ct
1298 5721 1385 5774 illa
1433 5722 1689 5774 audentes
1728 5720 1951 5788 castigo,

374 5822 534 5887 atque
579 5814 647 5869 ab
695 5811 945 5867 Ecclesia:
996 5819 1137 5867 ctetu
1187 5809 1502 5883 proscribO'l
1545 5809 1646 5863 hoc
1693 5824 1816 5865 vero
1862 5808 1950 5882 qui

1060 413 1118 471 S.
1141 412 1436 471 â€˜JOANNIS
1473 407 1953 469 (Ï„Î¹Î¹Î¹Î¹á¿–ÎµÎ¿ÎµÏ€Î¿Î¹Î¹á½·

2068 406 2310 467 Î¹ÎµÎ™Î™Î•Î¡.
2350 408 2893 467 CONSTANTINOP.

3529 408 3636 464 Î´Î¹Î¿

2055 524 2270 591 faciane,
2294 524 2432 578 dum-
2445 523 2701 591 niodcste,
2725 523 2945 581 assidue
2957 522 3119 580 etiam
3137 522 3311 579 laudo.
3338 522 3419 578 Ita
3436 522 3636 594 duplex

2054 614 2257 670 lucrum
2288 614 2350 669 nt
2381 632 2395 667 :
2425 629 2627 681 unum,
2663 614 2803 686 quod
2835 614 3227 684 Deivomï¬eium
3265 630 3373 668 non
3411 612 3640 670 damne-

2055 720 2207 767 mus;
2234 705 2498 772 alterum,
2524 705 2667 774 quod
2716 721 2822 759 non
2862 705 3037 761 solum
3076 706 3351 775 uirginitas
3377 703 3640 775 dignitate

2053 811 2153 852 sua
2175 812 2280 851 non
2305 794 2644 866 dispolietur,
2674 795 2771 852 sed
2797 796 2966 852 multo
2987 797 3146 851 etiarn
3175 795 3435 851 illustrior
3456 795 3636 851 decla-

2054 895 2220 942 retur.

2125 976 2194 1032 Î§.
2221 976 2325 1046 Qui
2346 976 2726 1031 matrimonium
2747 977 2971 1044 damnet,
2992 994 3113 1032 cum
3128 979 3459 1047 virginith
3483 979 3643 1033 etiam

2056 1067 2257 1123 (ardere.
2286 1097 2359 1111 -â€”
2394 1069 2602 1125 Etenim
2627 1069 2721 1141 qui
2749 1069 3143 1124 matrimonium
3181 1070 3505 1139 damnathis
3530 1071 3642 1123 vir-

2054 1160 2297 1231 giuitatis
2329 1161 2490 1218 etiam
2521 1162 2742 1233 gloriam
2762 1160 2972 1232 carpit;
3002 1161 3090 1231 qui
3116 1161 3318 1228 laudat,
3346 1162 3392 1216 is
3418 1161 3641 1231 virgini-

2059 1262 2220 1307 tatem
2259 1252 2711 1308 admirabiliorem
2752 1253 3229 1323 augustioremque
3265 1252 3462 1308 rcddit.
3506 1251 3643 1307 Nam

2056 1344 2196 1413 quod
2218 1343 2505 1400 deterioris
2526 1344 2927 1413 comparatione
2947 1343 3145 1401 bonum
3167 1341 3396 1409 videtur,
3423 1341 3485 1397 id
3497 1341 3644 1397 haud

2058 1451 2188 1490 sane
2213 1435 2501 1490 admodum
2527 1436 2731 1491 bonum
2748 1445 2867 1501 est;
2892 1435 3035 1505 quod
3054 1444 3237 1491 autem
3255 1435 3493 1491 manium
3517 1450 3648 1489 seu.-

2058 1527 2223 1583 tentia
2249 1526 2404 1582 bonis
2432 1528 2655 1592 melius,
2696 1527 2751 1583 id
2775 1528 3045 1583 excellens
3083 1527 3287 1583 bonum
3314 1535 3399 1584 est
3424 1545 3438 1581 :
3462 1527 3646 1597 cujus-

2059 1618 2201 1674 modi
2245 1632 2349 1673 nos
2367 1618 2726 1689 virginitatem
2766 1633 2888 1675 esse
2926 1618 3200 1673 docemus.
3237 1618 3417 1684 Quare
3448 1628 3507 1673 ut
3546 1620 3645 1688 qui

2059 1709 2456 1764 matrimonium
2512 1709 2797 1777 damnant,
2852 1708 3010 1778 hujus
3058 1709 3321 1765 cncomiis
3364 1708 3645 1765 fraudandi

2059 1808 2204 1867 sunt,
2235 1800 2306 1854 ita
2333 1801 2423 1871 qui
2452 1799 2507 1856 id
2530 1816 2560 1855 a
2588 1800 2815 1857 crimine
2853 1801 3063 1867 liberat,
3093 1815 3201 1855 non
3227 1809 3333 1855 tam
3366 1800 3417 1863 id
3437 1840 3453 1869 ,
3482 1816 3649 1872 quam

2061 1893 2417 1962 virginitatem
2450 1893 2648 1948 laudat.
2680 1892 2813 1948 Nam
2839 1901 2893 1948 et
2917 1908 3172 1963 corpora,
3202 1907 3310 1948 non
3337 1908 3459 1963 quin
3483 1895 3648 1950 muti-

2063 1984 2130 2038 lis
2151 2026 2167 2050 ,
2198 1984 2292 2039 sed
2321 2000 2441 2054 quae
2467 1985 2686 2055 integris
2712 1994 2769 2043 et
2791 1984 2920 2039 vitio
2950 1984 3107 2039 nullo
3138 1984 3443 2054 praepeditis
3466 1985 3651 2041 excel-

2062 2076 2207 2141 lant,
2236 2092 2299 2132 ea
2339 2077 2565 2148 pulchra
2588 2077 2837 2135 dicimus.
2868 2077 3074 2132 Bonum
3099 2086 3181 2135 est
3209 2077 3644 2144 matrimonium;

2064 2178 2347 2239 propterea
2372 2169 2682 2225 admiranda
2706 2170 2984 2240 virginitas
3009 2178 3113 2237 est,
3143 2185 3265 2240 qum
3288 2169 3432 2226 bono
3456 2170 3650 2226 melior

2063 2260 2154 2326 sit,
2182 2275 2356 2331 eoque
2379 2260 2588 2326 melior,
2617 2277 2725 2330 quo
2748 2261 2923 2315 nautis
2940 2261 3288 2330 gubernator,
3308 2270 3364 2316 et
3390 2261 3650 2316 militibus

2064 2348 2191 2405 dux.
2221 2350 2324 2406 Sed
2352 2351 2803 2419 quemadmodum
2829 2351 3104 2407 subductis
3129 2366 3162 2407 e
3199 2352 3324 2407 navi
3361 2352 3649 2422 remigibus

2066 2444 2242 2498 navim
2273 2443 2582 2514 demerges,
2615 2453 2670 2499 et
2693 2444 2948 2499 militibus
2970 2459 3035 2500 ex
3060 2444 3176 2500 acie
3202 2444 3427 2500 semotis
3455 2445 3649 2500 ducem

2067 2533 2312 2589 hostibus
2337 2534 2571 2589 vinctum
2604 2535 2785 2590 tradas
2815 2553 2830 2591 :
2857 2535 2929 2590 ita
2954 2544 3010 2590 et
3033 2534 3155 2601 hic,
3178 2536 3228 2591 si
3251 2536 3647 2593 matrimonium

2066 2624 2139 2681 de
2161 2640 2371 2680 summo
2392 2625 2562 2701 gradu
2587 2625 2827 2697 dejicias,
2849 2627 3168 2698 virginitatis
3182 2627 3395 2683 laudem
3427 2628 3651 2697 prodas,

2066 2727 2227 2788 atque
2252 2716 2319 2773 ad
2345 2726 2649 2773 extremm
2665 2718 2864 2775 malum
2887 2719 3121 2790 redigas.
3148 2719 3355 2776 Bonum
3381 2728 3469 2776 est
3488 2721 3651 2792 virgi.

2064 2813 2241 2878 nitas;
2268 2819 2324 2867 et
2342 2826 2445 2881 ego
2463 2812 2779 2877 consentio;
2808 2827 2873 2868 ac
2895 2812 3237 2867 matrimonio
3255 2812 3417 2867 etiam
3438 2813 3647 2879 melior,

2067 2902 2251 2958 ethoc
2279 2901 2559 2957 confiteor.
2599 2899 2670 2956 Et
2702 2903 2746 2956 si
2784 2903 2994 2973 placet,
3034 2910 3233 2973 quanto
3260 2904 3421 2958 etiam
3455 2903 3649 2960 melior

2067 2994 2137 3048 sit
2174 2992 2365 3048 addam
2393 3010 2407 3046 :
2435 3001 2637 3063 quanto
2673 2992 2870 3048 caelum
2910 3001 3090 3061 terra,
3120 3002 3319 3065 quanto
3349 2994 3652 3049 hominibus

2068 3086 2262 3158 angeli.
2294 3085 2406 3141 lmo
2432 3096 2488 3141 ut
2530 3085 2719 3140 fortius
2743 3084 2945 3157 aliquid
2971 3086 3145 3140 dicam
3166 3127 3186 3154 ,
3213 3086 3375 3142 etiam
3400 3087 3650 3156 amplius.

2069 3175 2202 3231 Nam
2230 3175 2407 3247 angeli
2443 3176 2544 3232 etsi
2575 3190 2675 3231 nec
2714 3174 2917 3231 ducunt
2952 3190 3184 3243 uxores,
3224 3191 3324 3232 nec
3362 3176 3651 3242 ducuntur,

2069 3277 2125 3322 at
2152 3283 2258 3323 non
2297 3277 2422 3322 sunt
2461 3282 2626 3322 carne
2661 3274 2717 3323 et
2754 3267 3010 3338 Sanguine
3044 3252 3435 3337 coagmentati,
3464 3283 3570 3322 non
3598 3267 3653 3325 in

2072 3360 2227 3415 terris
2265 3368 2704 3425 commorantur,
2744 3374 2851 3415 non
2881 3359 3161 3415 libidinum
3188 3369 3350 3415 aestus
3391 3360 3653 3427 sentiunt,

2070 3467 2176 3507 non
2199 3452 2304 3509 cibi
2332 3462 2422 3508 aut
2450 3461 2607 3521 potus
2633 3451 2892 3522 indigent,
2920 3467 3027 3519 non
3055 3452 3203 3507 suavi
3230 3461 3389 3506 cantu
3415 3451 3652 3517 deliniri,

2070 3559 2175 3600 non
2216 3543 2420 3600 liberali
2451 3545 2655 3611 forma,
2683 3552 2776 3599 aut
2818 3544 2925 3598 alio
2965 3543 3082 3613 ejus
3110 3546 3323 3613 generis
3363 3544 3473 3600 ullo
3512 3544 3655 3601 flecti

2070 3644 2329 3706 possunt;
2376 3635 2471 3691 sed
2510 3636 2650 3690 sicut
2699 3650 2912 3691 summo
2955 3636 3179 3690 meridie
3222 3628 3453 3703 ca-lum,
3505 3636 3652 3691 nulla

2069 3728 2318 3783 allectum
2346 3727 2486 3789 nube
2515 3743 2704 3798 purum
2749 3736 3042 3796 spectatur,
3072 3728 3142 3782 ita
3172 3736 3228 3783 ct
3254 3728 3465 3783 illorum
3493 3738 3654 3783 natu-

2069 3835 2164 3883 ne,
2192 3834 2225 3874 a
2246 3819 2466 3893 libidine
2490 3820 2706 3890 quietm,
2739 3819 2977 3875 illustres
3003 3834 3067 3876 ac
3095 3819 3383 3890 perlucida:
3404 3828 3656 3877 maneant

2068 3920 2299 3981 oportet.

2138 4002 2231 4058 XI.
2267 4001 2615 4075 Virginin
2661 4017 2746 4057 eos
2771 4043 2788 4067 ,
2814 4001 2903 4071 qui
2928 4000 3073 4055 illam
3101 4017 3213 4056 vere
3238 4011 3603 4072 persequuntur
3633 4046 3652 4070 ,
3692 4032 3711 4042 Îº

2068 4094 2276 4166 angelos
2324 4111 2389 4149 ea:
2445 4094 2731 4148 hominibus
2776 4093 2869 4163 ÎµÎ¸á½¶Î¹
2884 4109 2985 4147 ere.
3016 4123 3089 4134 -â€”
3130 4093 3431 4149 Humanum
3472 4105 3653 4150 autem

2067 4202 2237 4257 genus
2280 4195 2468 4241 natura
2520 4186 2690 4241 beatis
2737 4184 2753 4216 á½·
2799 4186 2905 4240 illis
2941 4184 3279 4252 concedens,
3332 4186 3477 4241 vires
3526 4200 3656 4241 suas

2071 4285 2256 4347 urget,
2298 4292 2420 4331 cum
2450 4277 2622 4346 iisque
2651 4291 2750 4346 pro
2775 4276 2912 4331 virili
2942 4275 3142 4346 aequari
3162 4289 3369 4330 summa
3397 4290 3498 4345 ope
3520 4276 3655 4329 niti-

2071 4376 2174 4423 tur.
2197 4368 2314 4435 Quo
2343 4367 2530 4438 pacto?
2555 4366 2665 4422 Nec
2700 4366 2904 4422 ducunt
2945 4380 3138 4421 uxores
3169 4366 3345 4436 angeli
3375 4407 3391 4432 ,
3419 4381 3518 4421 nec
3544 4365 3651 4420 du-

2068 4470 2279 4516 cuntur.
2303 4460 2374 4514 At
2396 4474 2496 4514 nec
2520 4459 2688 4529 virgo.
2708 4459 2976 4513 Assistunt
2992 4467 3246 4527 perpetuo
3262 4472 3326 4512 ac
3349 4456 3654 4511 ministrant

2069 4552 2202 4609 Deo.
2228 4550 2416 4606 itidem
2442 4558 2497 4606 et
2522 4549 2689 4619 virgo.
2714 4549 2887 4616 Quare
2901 4547 3060 4602 etiam
3079 4547 3274 4601 Paulus
3301 4560 3393 4601 eas
3410 4546 3479 4601 ab
3504 4544 3650 4600 omni

2079 4645 2451 4702 sollicitudine
2478 4655 2652 4710 arcet,
2683 4657 2744 4701 ut
2777 4647 3014 4704 assiduae
3030 4647 3145 4703 sint
3168 4655 3225 4703 et
3253 4647 3541 4703 indivulsa?
3559 4648 3637 4719 (l.

2068 4733 2268 4789 (á¼”Î¿Î¹-,7.
2297 4735 2410 4807 54).
2441 4735 2599 4803 Quod
2624 4736 2672 4791 si
2698 4745 2757 4792 ut
2777 4737 2858 4792 illi
2884 4738 2940 4793 in
2966 4739 3168 4793 cmlum
3196 4737 3644 4795 hincascendere

2080 4842 2190 4882 non
2230 4836 2483 4899 possunt,
2505 4844 2673 4885 carne
2692 4845 2789 4886 cas
2817 4830 3182 4900 deprimente,
3226 4839 3281 4884 at
3306 4831 3395 4887 hic
3422 4847 3645 4901 quoque

2069 4919 2343 4989 insignem
2379 4920 3047 4987 habentconsolationem,
3066 4937 3189 4992 qua:
3205 4922 3383 4991 ipsum
3400 4923 3525 4978 caeli
3544 4921 3647 4976 Do-

2069 5006 2280 5061 minum
2302 5007 2601 5077 excipiant,
2627 5007 2673 5062 si
2700 5007 2923 5077 quidem
2943 5009 3059 5062 sint
3083 5023 3319 5078 corpore
3341 5020 3507 5079 atque
3529 5010 3644 5079 spiâ€”

2068 5100 2181 5154 ritu
2211 5108 2436 5156 sanctaz.
2457 5099 2649 5157 Videnâ€™
2668 5102 3001 5173 virginitatis
3033 5103 3242 5159 decus?
3264 5119 3454 5159 eorum
3474 5105 3566 5173 qui
3590 5106 3643 5158 in

2073 5190 2240 5248 terris
2257 5191 2463 5257 degunt
2479 5207 2603 5247 cum
2621 5194 2899 5250 cmlitibus
2916 5195 3040 5249 vita:
3052 5193 3644 5250 similitudinetmnoli-

2077 5289 2188 5347 tur,
2214 5297 2448 5352 corpore
2465 5284 2701 5340 vestitos.
2721 5286 2865 5341 vinci
2882 5287 2952 5341 ab
2969 5286 3310 5354 incorporeis
3334 5284 3645 5342 Virtutibus

2072 5387 2179 5427 non
2209 5373 2494 5444 permittit,
2519 5378 2782 5432 mortales
2813 5379 3132 5448 angelorum
3179 5376 3411 5432 aemulos
3444 5378 3641 5434 reddit.

2074 5462 2184 5519 Sed
2203 5466 2341 5519 nihil
2362 5465 2465 5519 hoc
2482 5466 2548 5520 ad
2568 5483 2685 5532 vos,
2700 5469 2794 5538 qui
2813 5476 2868 5523 et
2889 5483 3002 5523 rem
3025 5474 3235 5521 tantam
3254 5469 3640 5537 corrumpatis,

2070 5564 2122 5610 et
2152 5556 2442 5610 Dominum
2461 5559 2720 5628 culpctis,
2752 5560 3066 5628 malumque
3086 5559 3383 5615 nominctis
3403 5578 3418 5613 Îµ
3437 5563 3641 5615 etenim

2072 5662 2170 5701 vos
2196 5648 2430 5717 improbi
2465 5652 2607 5706 servi
2639 5649 2970 5721 supplicium
2989 5648 3466 5708 manct.Ecclcsia:
3483 5650 3639 5721 virgi-

2127 5813 2142 5846 â¸
2183 5819 2318 5875 licet,
2348 5812 2491 5863 beatis
2513 5778 2710 5875 angblis.
