4020 6440
277 580 403 633 εἶναι
443 583 556 655 τῇς
608 578 816 659 [an],
863 580 1049 636 οὐκέτι
1092 581 1192 651 τῆς
1253 578 1356 650 σῆς
1402 578 1779 651 προαιρέσεως
1829 578 1892 634 τὸ

286 662 616 735 κατόρθωμα
641 666 898 733 γίνεται,
915 663 1050 718 ἀλλά
1078 664 1180 731 τῆς
1199 663 1446 733 ἀνάγκης
1470 661 1566 716 τοῦ
1584 662 1773 733 νόμου.
1793 663 1897 717 Δειά

293 747 442 802 τοῦτο
474 747 702 817 Πέρσας
740 749 845 819 μὲν
885 750 961 820 μὴ
994 744 1482 819 μητρογαμοῦντας
1518 744 1891 817 θαυμάζομεν,

313 831 612 900 Ῥωμαίους
675 831 735 884 δέ
797 830 1014 884 οὐκέτιο
1069 828 1306 887 ἐνταῦθα
1360 830 1463 900 μὲν
1520 827 1631 899 γὰρ
1687 828 1894 883 άπασιν

303 916 494 983 ὲαεξῆς
520 915 585 968 τὸ
629 915 869 985 πρᾶγμα
918 913 1172 984 βδελυρὸν
1217 908 1363 965 εἶναι
1395 912 1562 978 δοκεῖ,
1604 913 1725 966 ἐκεῖ
1759 911 1816 966 δὲ
1857 913 1893 982 ἡ

299 1000 406 1053 τῶν
433 998 613 1052 ταῦτα
640 997 965 1070 τολμώντων
995 997 1147 1051 ἄδεια
1179 997 1310 1060 τοὺς
1344 994 1454 1050 τῶν
1496 994 1754 1051 τοιούτων
1785 995 1895 1049 ἀπ-

302 1083 592 1154 εχομένους
622 1082 824 1152 μίξεων
841 1080 1180 1135 ἐπαινεῖσθαι
1205 1078 1498 1150 πεποίηκε.
1513 1079 1674 1133 Κατά
1694 1078 1785 1132 τὸν
1805 1079 1895 1132 αὑ-

298 1167 389 1219 τὸν
419 1166 484 1236 δὴ
516 1165 680 1233 λόγον
722 1165 815 1216 καὶ
849 1164 943 1219 ἐπὶ
982 1162 1077 1217 τοῦ
1106 1162 1292 1234 γάμου
1320 1163 1421 1234 τὴν
1459 1162 1706 1227 ἐξέτασιν
1735 1163 1895 1234 ποιή-

299 1250 499 1303 σασθαι
536 1250 669 1320 χρή.
710 1248 903 1319 Ἡμεῖς
933 1247 1033 1318 μὲν
1066 1246 1177 1318 γάρ
1203 1246 1391 1317 ἐπειδὴ
1428 1246 1490 1299 τὸ
1521 1247 1754 1317 πρᾶγμα
1783 1246 1894 1305 πᾶ·-

297 1350 384 1386 σιν
424 1333 639 1400 ἐφεῖται
678 1331 809 1401 παρ’
837 1332 991 1401 ἡμῖν,
1036 1330 1265 1393 εἰκότως
1304 1330 1433 1393 τοὺς
1472 1328 1547 1401 μὴ
1577 1328 1894 1401 γαμοῦντας

296 1416 678 1485 θαυμάζομεν·
704 1416 860 1485 ὑμεῖς
875 1415 932 1468 δὲ
950 1416 1029 1478 είς
1051 1414 1152 1485 τὴν
1173 1413 1284 1467 τῶν
1308 1413 1569 1485 χειρόνων
1592 1414 1723 1467 αὑτὸ
1737 1412 1893 1479 τάξιν

293 1503 560 1565 ὤσαντες,
593 1501 773 1554 οὐκέτ’
799 1500 867 1554 ἂν
893 1499 1146 1554 δύναισθε
1171 1498 1282 1552 τῶν
1308 1498 1420 1552 ἀπὸ
1446 1496 1542 1551 τοῦ
1565 1498 1891 1569 πράγματος

293 1586 701 1640 ἀντιποιεῖσθαι
730 1583 991 1637 ἐπαίνων.
1028 1582 1103 1637 Τὸ
1135 1582 1247 1653 γὰρ
1279 1581 1389 1634 τῶν
1423 1581 1892 1653 ἀπηγορευμένων

292 1668 627 1740 ἀπέχεσθαι,
657 1667 809 1721 οὔπω
839 1666 1093 1735 γενναίας
1127 1665 1224 1719 καὶ
1260 1666 1517 1736 νεανικῆς
1547 1666 1750 1736 ψυχῆς.
1791 1665 1893 1718 Τε-

289 1752 448 1818 λείας
485 1752 598 1822 γὰρ
634 1751 834 1823 ἀρετῆς
869 1750 933 1802 οὑ
962 1749 1023 1802 τὸ
1050 1748 1228 1803 ταῦτα
1261 1747 1335 1820 μὴ
1371 1748 1637 1819 πράττειν
1673 1749 1713 1803 ἃ.
1750 1748 1893 1819 πρά-

293 1836 494 1903 ξαντες
528 1834 680 1906 παρά
718 1836 885 1888 πᾶσιν
918 1828 1059 1887 εἶναι
1099 1831 1326 1902 δόξομεν
1356 1833 1539 1896 κακοὶ,
1570 1830 1708 1885 ἀλλά
1739 1831 1801 1885 τὸ
1833 1832 1894 1886 ἐν

290 1920 512 1983 τούτοις
541 1915 679 1972 εἶναι
713 1918 1030 1990 λαμπροὺς,
1063 1916 1099 1971 ά
1132 1918 1272 1988 μήτε
1299 1919 1428 1980 τοὺς
1472 1916 1547 1987 μὴ
1602 1916 1893 1987 ἑλομένους

291 2003 493 2073 ἀφίησι
521 2016 548 2043 ι
572 2002 661 2056 διά
687 2003 846 2056 τοῦτο
862 2001 1209 2066 κακίζεσθαι,
1241 2001 1370 2065 τούς
1391 2018 1452 2054 τε
1484 2001 1777 2073 ἑλομένους
1797 2003 1893 2055 καὶ

294 2086 753 2158 κατορθώσαντας
774 2087 843 2139 οὐ.
864 2086 1022 2156 μόνον
1047 2086 1152 2155 τῆς
1179 2085 1290 2139 τῶν
1310 2083 1533 2154 φαύλων
1560 2085 1891 2140 ἀπαλλάττει

291 2171 489 2240 δόξης,
525 2170 662 2223 ἀλλά
690 2169 787 2225 καλ⁵
816 2172 897 2232 είς
923 2168 1022 2240 τὴν
1055 2168 1165 2222 τῶν
1195 2168 1418 2237 ἀγαθῶν
1443 2169 1686 2238 ἐγκρίνει
1714 2168 1888 2234 τάξιν.

294 2254 513 2325 Ὥσπερ
544 2253 653 2326 γὰρ
682 2253 808 2317 τοὺς
835 2252 1125 2325 εὐνούχους
1153 2253 1328 2316 οὐδεὶς
1354 2253 1423 2307 ἂν
1446 2254 1787 2307 ἐπαινέσειεν
1810 2255 1891 2317 εἰς

292 2337 595 2408 παρθενίας
616 2338 794 2406 λόγον,
822 2339 906 2392 ὅτι
942 2337 1014 2408 μὴ
1046 2336 1338 2408 γαμοῦσιν,
1370 2336 1550 2401 οὕτως
1578 2337 1702 2391 οὐδὲ
1721 2338 1886 2408 ὑμᾶς.

297 2424 364 2475 '0
393 2422 503 2493 γὰρ
525 2422 753 2486 ἐκείνοις
779 2424 812 2494 ἡ
846 2422 947 2492 τῆς
980 2421 1197 2492 φύσεως
1231 2421 1470 2492 ἀνάγκη,
1501 2420 1668 2475 τοῦτο
1692 2421 1823 2492 ὑμῖν
1850 2423 1885 2491 ἡ

289 2506 394 2574 τῆς
414 2506 662 2577 πονηρᾶς
679 2506 1037 2577 συνειδήσεως
1055 2504 1329 2577 πρόληψις
1352 2506 1545 2575 γέγονε
1564 2523 1579 2537 ο
1603 2506 1701 2559 καὶ
1721 2505 1889 2559 καθά-

292 2607 402 2659 περ
440 2590 572 2651 τοὺς
597 2588 890 2660 εὐνούχους
917 2591 951 2661 ἡ
979 2588 1074 2642 τοῦ
1106 2587 1361 2659 σώματος
1387 2590 1643 2662 πήρωσις
1660 2590 1763 2659 τῆς
1795 2589 1891 2643 ἐπὶ

293 2673 371 2742 τῷ
402 2676 688 2745 πράγματι
716 2673 1032 2744 φιλοτιμίας
1052 2673 1329 2739 ἐξέϐαλεν,
1352 2672 1531 2737 οὕτως
1560 2674 1705 2745 ὑμᾶς
1725 2675 1755 2726 6
1772 2674 1891 2728 διά-

293 2758 468 2819 ϐολος,
489 2758 586 2827 τῆς
617 2755 833 2826 φύσεως
865 2758 996 2828 ὑμῖν
1023 2757 1285 2824 ἀκεραίου
1326 2756 1617 2826 μενούσης,
1651 2757 1778 2819 τοὺς
1796 2756 1892 2827 ὁρ-

294 2841 423 2903 θοὺς
446 2840 750 2913 περικόψας
768 2841 1082 2912 λογισμοὺς,
1107 2842 1204 2894 καὶ
1224 2839 1399 2903 οὕτως
1422 2843 1502 2904 εἰς
1517 2841 1618 2910 τὴν
1639 2839 1889 2910 ἀνάγκην

292 2924 390 2979 τοῦ
422 2925 498 2995 μὴ
534 2929 733 2994 γαμεῖν
768 2924 1119 2996 καταστήσας
1138 2965 1153 2991 ,
1182 2924 1491 2977 κατατείνει
1522 2924 1620 2996 μὲν
1646 2926 1760 2987 τοῖς
1791 2923 1889 2975 πό-

293 3026 440 3073 νοις,
471 3007 739 3078 τιμᾶσθαι
770 3008 826 3062 δὲ
861 3009 960 3062 οὑκ
997 3007 1211 3077 ἀφίησι.
1245 3006 1496 3071 κωλύεις
1534 3010 1765 3078 γαμεῖν;
1798 3006 1888 3061 διὰ

292 3092 451 3146 τοῦτο
476 3091 571 3145 τοῦ
596 3091 670 3164 μὴ
689 3094 892 3163 γαμεῖν
917 3092 979 3145 οὐ
1002 3090 1246 3145 κείσεται
1270 3107 1353 3144 σοι
1385 3091 1601 3162 μισθὸς,
1631 3090 1770 3145 ἀλλὰ
1793 3091 1890 3149 καὶ

292 3175 535 3247 τιμωρία
563 3177 658 3228 καὶ
681 3175 927 3240 κόλασις.

359 3259 438 3313 Θν.
467 3260 541 3313 Σὺ
561 3258 639 3325 δὲ,
665 3259 853 3331 φησὶν,
878 3259 939 3312 οὑ
970 3256 1235 3326 κωλύεις;
1271 3259 1511 3327 ΙἌπαγε,
1547 3257 1621 3327 μή
1651 3273 1783 3311 ποτε
1818 3256 1889 3311 τὰ

291 3344 433 3399 αὑτά
462 3361 546 3397 σοι
595 3344 847 3415 μανείην.
888 3342 1014 3407 Πῶς
1045 3338 1161 3407 οὖν,
1204 3344 1374 3414 φησὶ,
1418 3340 1763 3412 παρακαλεῖς
1810 3343 1886 3413 μὴ

292 3430 527 3498 γαμεῖν;
561 3427 684 3480 Ὅτι
722 3427 986 3499 πείθομαι
1019 3425 1200 3497 πολλῷ
1237 3423 1574 3496 τιμιωτέραν
1620 3419 1763 3477 εἷναι
1791 3423 1884 3477 τοῦ

291 3513 472 3582 γάμου
491 3510 592 3582 τὴν
612 3509 915 3580 παρθενίαν
932 3526 945 3539 °
974 3510 1036 3563 οὑ
1066 3510 1174 3581 μὴν
1199 3507 1287 3563 διά
1312 3507 1473 3561 τοῦτο
1497 3510 1554 3560 ἐν
1582 3510 1696 3572 τοῖς
1718 3523 1887 3579 πονη-

298 3599 412 3666 ροῖς
434 3597 529 3650 τὸν
548 3596 725 3667 γάμον
750 3594 994 3666 τίθεμαι,
1026 3592 1163 3648 ἀλλά
1185 3594 1280 3648 καὶ
1312 3592 1433 3646 λίαν
1455 3592 1618 3647 αὑτὸν
1650 3593 1880 3647 ἐπαινῶ.

297 3680 477 3751 Λιμῆν
507 3680 617 3751 γάρ
655 3680 772 3732 ἐστι
813 3676 1170 3749 σωφροσύνης
1204 3678 1319 3740 τοῖς
1356 3675 1704 3747 βουλομένοις
1735 3675 1886 3747 αὑτῷ

293 3762 530 3833 χρῆσθαι
582 3761 800 3825 καλῶς,
840 3762 943 3813 οὑκ
985 3761 1166 3830 ἀφιεὶς
1214 3759 1519 3831 ἀγριαίνειν
1557 3758 1659 3829 τὴν
1695 3759 1880 3827 φύσιν.

307 3847 450 3900 Ἀντὶ
464 3845 575 3917 γὰρ
598 3845 878 3917 προϐόλων
900 3835 1214 3915 προστήσας
1227 3842 1328 3913 τὴν
1350 3841 1577 3913 ἔννομον
1599 3842 1767 3913 μίξιν,
1788 3843 1884 3897 καὶ

290 3930 461 4000 ταύτῃ
491 3928 563 3981 τὰ
578 3928 677 3998 τῆς
696 3928 991 3997 ἐπιθυμίας
1011 3926 1304 3998 δεχόμενος
1325 3924 1570 3997 κύματα,
1597 3926 1657 3978 ἐν
1674 3926 1883 3999 γαλήνῃ

293 4014 460 4085 πολλῇ
491 4012 816 4084 καθίστησιν
838 4012 985 4083 ἡμᾶς
1009 4011 1104 4064 καὶ
1133 4009 1400 4084 διατηρεῖ.
1440 4009 1581 4062 Ἀλλ’
1606 4010 1714 4063 είσί
1739 4027 1885 4085 τινες

290 4100 341 4153 οἱ
375 4082 722 4169 μιῇ-δεόμενοί
746 4082 955 4168 ταύτης
981 4093 1083 4164 τῆς
1109 4082 1434 4163 ἀσφαλείας,
1459 4091 1575 4146 ἀλλ’
1599 4091 1723 4146 ἀντὶ
1751 4082 1885 4147 ταύ-

291 4199 392 4251 της
440 4183 719 4250 νηστείαις
743 4221 759 4247 ,
808 4170 1172 4249 ἀγρυπνίαις,
1222 4176 1588 4252 χαμευνίαις,
1617 4178 1685 4248 τῇ
1720 4175 1881 4246 λοιπῇ

294 4266 687 4337 σκληραγωγίᾳ
713 4263 1098 4318 τιθασσεύουσι
1123 4260 1226 4333 τὴν
1268 4261 1368 4331 τῆς
1400 4260 1614 4329 φύσεως
1648 4259 1846 4331 μανίαν
1865 4277 1879 4292 °

291 4350 501 4415 τούτοις
527 4349 778 4421 παραινῶ
798 4348 871 4422 μὴ
888 4348 1108 4417 γαμεῖν,
1134 4346 1196 4398 οὐ
1229 4344 1454 4402 κωλύων
1484 4347 1707 4416 γαμεῖν.
1740 4344 1883 4399 Πολὺ

290 4432 348 4486 δὲ
368 4433 560 4486 τούτου
586 4431 840 4487 κάκείνου
862 4430 925 4483 τὸ
947 4428 1133 4501 μέσον,
1155 4428 1250 4482 καὶ
1269 4427 1548 4492 τοσοῦτον,
1566 4427 1692 4481 ὅσον
1712 4427 1885 4496 ἀνάγ-

289 4534 398 4588 κης
426 4518 525 4571 καὶ
570 4517 944 4589 προαιρέσεως
969 4513 1030 4567 τὸ
1061 4513 1336 4585 διάφορον.
1379 4513 1438 4566 '0
1481 4511 1580 4583 μὲν
1608 4512 1717 4583 γὰρ
1745 4528 1885 4582 συμ-

290 4601 562 4655 ϐουλεύων
591 4600 784 4671 ἀφίησι
808 4599 903 4652 τὸν
931 4595 1197 4652 ἀκούοντα
1236 4594 1427 4666 κύριον
1464 4590 1605 4649 εἶναι
1634 4595 1736 4666 τῆς
1772 4594 1884 4648 τῶν

292 4686 639 4757 πραγμάτων
664 4682 930 4754 αἱρέσεως
962 4680 1105 4751 ὑπὲρ
1134 4672 1210 4734 ὧν
1243 4682 1484 4733 ποιεῖται
1510 4678 1612 4749 τὴν
1641 4677 1883 4748 συμϐου-

292 4767 389 4840 λήν
409 4785 426 4799 ’
472 4770 504 4822 6
531 4767 593 4821 ’δὲ
622 4765 848 4820 κωλύων
879 4766 1232 4836 παραιρεῖται
1269 4763 1365 4817 καὶ
1390 4762 1563 4832 αὐτὴν
1595 4761 1695 4831 τὴν
1727 4759 1883 4827 ἐξου-

295 4854 414 4906 σίαν
452 4848 621 4907 αὑτοῦ
656 4850 706 4904 δ.
759 4849 904 4920 Πρὸς
942 4846 1156 4909 τούτοις
1185 4845 1300 4916 ἐγὼ
1346 4846 1446 4917 μὲν
1492 4843 1779 4917 παραινῶν
1819 4844 1880 4897 οὐ

290 4936 505 5000 κακίζω
523 4935 584 4988 τὸ
599 4936 853 5005 πρᾶγμα,
871 4933 992 4987 οὑδὲ
1012 4929 1107 4985 τοῦ
1129 4932 1205 5003 μὴ
1230 4930 1547 4994 πεισθέντος
1563 4927 1880 4999 κατηγορῶο

292 5020 358 5073 σὺ
388 5019 445 5072 δὲ
470 5018 772 5072 διαϐάλλων
806 5017 960 5079 αὑτὸ,
1001 5015 1097 5071 καὶ
1134 5014 1341 5086 φαῦλον
1375 5010 1529 5068 εἶναι
1555 5013 1753 5082 λέγων,
1785 5012 1883 5067 καὶ

291 5103 390 5175 τὴν
408 5102 506 5158 τοῦ
535 5102 972 5173 νομοθετοῦντος,
996 5100 1114 5156 ἀλλ’
1136 5101 1197 5153 οὐ
1224 5099 1324 5172 τὴν
1350 5097 1447 5153 τοῦ
1479 5095 1883 5168 συμϐουλεύον-

292 5206 381 5251 τος
406 5188 561 5254 τάξιν
588 5188 867 5259 ἀρπάζων,
901 5186 1126 5248 εἰκότως
1153 5186 1282 5248 τοὺς
1303 5184 1378 5255 μὴ
1409 5181 1767 5254 πειθομένους
1795 5200 1885 5253 μι-

294 5275 411 5336 σεῖς
429 5290 442 5303 ·
466 5271 584 5325 ἀλλ’
604 5272 704 5325 οὑκ
728 5268 861 5340 ἐγὼ,
885 5268 1025 5324 ἀλλὰ
1047 5267 1313 5339 θαυμάζω
1337 5268 1435 5338 μὲν
1454 5266 1581 5329 τοὺς
1601 5267 1683 5328 είς
1696 5263 1884 5318 τοῦτον

291 5354 789 5427 ἀπογραψαμένους
824 5354 920 5408 τὸν
964 5350 1172 5421 ἀγῶνα,
1215 5352 1278 5404 οὑ
1308 5350 1601 5421 κατηγορῶ
1639 5349 1696 5402 δὲ
1726 5348 1881 5421 [275]

291 5441 400 5494 τῶν
422 5441 531 5505 ἔξω
552 5439 649 5509 τῆς
663 5438 945 5507 ἀθλήσεως
971 5436 1263 5507 μενόντων.
1286 5433 1608 5506 Κατηγορία
1630 5432 1743 5505 γὰρ
1760 5432 1883 5487 τότε

293 5528 360 5579 ἂν
393 5525 606 5594 γένοιτο
646 5523 893 5585 δικαίως.
934 5523 1062 5575 ὅταν
1095 5537 1180 5583 τις
1206 5519 1343 5590 πρὸς
1366 5519 1430 5572 τὸ
1456 5517 1884 5589 ὡμολογημένον

294 5610 436 5681 ρέψη
456 5608 627 5662 κακόν
647 5626 661 5639 ·
683 5609 711 5661 ό
728 5607 787 5660 δὲ
801 5607 861 5659 τὸ
883 5605 1103 5658 ἔλαττον
1129 5605 1226 5675 μὲν
1250 5604 1390 5675 ἔχων
1404 5602 1630 5670 ἀγαθὸν,
1647 5601 1744 5656 τοῦ
1764 5600 1880 5673 μεί-

294 5695 445 5758 ζονος
473 5693 532 5746 δὲ
555 5693 653 5745 οὑκ
683 5689 1096 5760 ὲφικνούμενος,
1125 5688 1220 5742 τοῦ
1252 5690 1352 5759 μὲν
1381 5689 1728 5741 ἐπαινεῖσθαι
1764 5686 1882 5758 μετ’

293 5777 504 5831 ἐκείνου
527 5777 619 5829 καὶ
642 5772 1018 5844 θαυμάζεσθαι
1042 5771 1437 5842 ἀπεστέρηται,
1455 5769 1884 5841 κατηγορεῖσθαι

293 5865 349 5917 δὲ
375 5864 480 5916 οὐκ
517 5862 581 5915 ἂν
606 5862 691 5931 εἴη
730 5860 960 5922 δίκαιος.
1005 5856 1131 5919 Πῶς
1168 5851 1263 5909 οὖν
1295 5853 1494 5908 κωλύω
1525 5857 1749 5923 γαμεῖν,
1776 5852 1885 5906 τῶν

294 5945 616 6016 γαμούντων
637 5945 713 6015 μὴ
737 5940 1084 6013 κατηγορῶν;
1110 5937 1403 6010 Πορνεύειν
1427 5936 1620 5991 κωλύω
1645 5937 1738 5992 καὶ
1769 5954 1881 6008 μοι·

359 6076 385 6102 ⁸
412 6074 535 6133 Reg.
564 6073 594 6120 ἃ
614 6072 693 6119 καὶ
715 6070 822 6135 τοὺς
844 6069 907 6131 μὴ
930 6066 1286 6135 ἑλομένουςοὺκ
1311 6064 1495 6135 opina}.

360 6137 385 6176 Ι)
413 6125 533 6195 Rei.
561 6125 855 6198 παρατρξῖταί
880 6125 1051 6187 ταύτης
1075 6135 1156 6185 τῆς
1180 6125 1389 6183 ἐξαισίοις
1416 6125 1575 6174 αὐτόν.

1649 465 1738 523 DE
1776 465 2247 525 VIRGINITA'PE.

1994 580 2197 653 χεύειν,
2229 584 2429 653 γαμεῖν
2455 583 2514 639 δὲ
2533 584 2814 639 οὐδέποτε.
2838 584 2951 643 Καὶ
2969 584 3097 649 τοὺς
3126 584 3227 656 μὲν
3250 584 3436 640 ἐκεῖνα
3463 588 3586 641 τολ-

1996 660 2216 730 μῶντας
2239 660 2473 727 κολάζω,
2511 664 2607 717 καὶ
2633 662 2728 717 τοῦ
2759 662 3130 736 πληρώματος
3157 665 3451 720 ἀπελαύνω
3483 668 3586 737 τῆς

2005 744 2352 816 Ἐκκλησίας,
2378 747 2507 811 τοὺς
2533 748 2592 801 δὲ
2621 746 2783 801 τοῦτο
2808 748 3117 813 ποιοῦντας,
3141 749 3191 801 εί
3219 750 3583 821 σωφρονοῦσι,

1993 828 2087 881 καὶ
2108 829 2350 883 ἐπαινῶν
2370 829 2621 884 διατελῶ.
2647 830 2804 887 Οὕτω
2827 831 2936 903 γὰρ
2958 831 3052 887 δύο
3069 831 3279 900 γίνεται
3299 833 3368 887 τὰ
3392 834 3583 904 κέρδη,

1992 911 2052 965 ἓν
2086 912 2186 983 μὲν
2226 913 2287 967 τὸ
2317 913 2392 986 μὴ
2421 915 2725 973 διαϐάλλειν
2759 915 2858 987 τὴν
2895 916 2990 969 τοῦ
3025 915 3160 969 Θεοῦ
3192 916 3591 989 δημιουργίαν,

1982 995 2243 1068 δεύτερον
2259 997 2317 1050 δὲ
2335 998 2397 1050 τὸ
2423 994 2498 1071 μὴ
2517 998 2802 1069 καθαιρεῖν
2823 998 2885 1051 τὸ
2904 999 3003 1070 τῆς
3019 998 3319 1071 παρθενίας
3340 1000 3584 1073 ἀξίωμα,

1990 1078 2131 1133 ἀλλὰ
2154 1078 2335 1149 πολιλῷ
2365 1081 2699 1154 σεμνοτέραν
2729 1082 3055 1151 ἀποφαίνειν
3089 1083 3283 1152 αὑτήν.

2062 1161 2114 1215 l'.
2136 1162 2193 1215 '0
2211 1163 2312 1230 μὲν
2326 1164 2438 1235 γάρ
2451 1164 2542 1217 τὸν
2554 1166 2733 1235 γάμον
2751 1165 2994 1230 κακίζων
3019 1166 3114 1219 καὶ
3137 1165 3235 1237 τὴν
3258 1167 3359 1237 τῆς
3379 1166 3585 1239 παρθε-

1990 1244 2109 1308 νίας
2137 1245 2502 1317 ὑποτέμνεται
2535 1249 2694 1316 δόξαν
2712 1265 2724 1278 ·
2761 1252 2789 1303 6
2817 1249 2874 1302 δὲ
2900 1250 3091 1305 τοῦτον
3114 1250 3356 1305 ἐπαινῶν
3383 1252 3586 1323 μᾶλλον

1991 1328 2211 1400 ἐκείνης
2242 1330 2464 1403 ἐπαίρει
2491 1330 2555 1384 τὸ
2577 1331 2765 1403 θαῦμα
2796 1333 2891 1386 καὶ
2913 1332 3293 1406 λαμπρότερον
3324 1338 3485 1390 ποιεῖ.
3510 1336 3583 1390 Tt

1994 1412 2094 1499 μὲν
2118 1411 2228 1499 γὰρ
2253 1417 2321 1499 τῇ
2350 1415 2487 1486 πρὸς
2507 1415 2568 1469 τὺ
2595 1419 2777 1488 χεῖρον
2808 1416 3110 1499 παραθέσει
3131 1419 3456 1490 φαινόμενον
3486 1437 3586 1474 και

1991 1495 2081 1551 λον
2109 1498 2211 1552 οὐκ
2236 1496 2304 1552 ἂν
2328 1499 2414 1571 εἴη
2445 1500 2651 1572 σφόδρα
2678 1495 2865 1564 καλὸν,
2898 1500 2959 1554 τὺ
2985 1502 3043 1557 δὲ
3067 1501 3178 1554 τῶν
3209 1502 3582 1574 ὁμολογουμέ-

1990 1597 2099 1636 νων
2132 1581 2355 1650 ἀγαθῶν
2394 1583 2640 1653 ἀμεινον,
2675 1584 2836 1638 τοῦτό
2874 1586 2991 1638 ἐστι
3025 1584 3086 1638 τὸ
3118 1584 3239 1657 μεθ’
3274 1587 3585 1659 ὑπερϐολῆς

1991 1666 2156 1721 καλόν
2171 1684 2184 1699 ·
2213 1668 2353 1738 ὅπερ
2366 1667 2464 1739 τὴν
2486 1668 2784 1740 παρθενίαν
2807 1670 3203 1741 ἀποδείκνυμεν
3221 1668 3385 1724 οὖσαν
3399 1674 3582 1742 ἡμεῖς.

1992 1752 2204 1822 Ὥσπερ
2234 1748 2329 1806 οὖν
2356 1753 2404 1806 of
2436 1752 2528 1805 τὸν
2565 1754 2744 1824 γάμον
2774 1753 3093 1818 κακίζοντες
3119 1758 3232 1817 τοῖς
3255 1754 3460 1827 ταύτης
3487 1758 3583 1824 ὲγ-
3646 1812 3651 1817 ,

1991 1834 2222 1905 κωμίοις
2249 1836 2625 1906 λυμαίνονται,
2649 1835 2793 1890 οὕτω
2821 1836 3078 1907 διαϐολῆς
3101 1837 3462 1897 ἀπαλλάττων
3488 1840 3585 1893 αὑ-

1988 1920 2081 1973 τὸν
2102 1920 2162 1977 οὑ
2185 1919 2375 1972 τοῦτον
2406 1919 2608 1990 μᾶλλον
2642 1920 2677 1989 ἢ
2712 1920 2811 1988 τὴν
2840 1919 3143 1991 παρθενίαν
3180 1921 3434 1992 ἐπῄνεσε.
3473 1921 3585 1976 Καὶ

1988 2002 2098 2074 γὰρ
2141 2004 2238 2057 ἐπὶ
2262 2003 2374 2058 τῶν
2422 2004 2695 2074 σωμάτων
2725 2005 2822 2074 οὑχ
2859 2004 2960 2056 ὅσα
2996 2003 3105 2056 τῶν
3136 1998 3581 2077 πεπηρωμένων,

1988 2087 2101 2140 ἀλλ’
2136 2088 2236 2142 ὅσα
2269 2088 2377 2143 τῶν
2426 2086 2627 2159 ἀρτίων
2659 2087 2755 2140 καὶ
2778 2086 3050 2158 μηδεμίαν
3079 2086 3261 2159 λώϐην
3286 2099 3313 2126 ε
3352 2088 3585 2158 ἐχόντων

1987 2174 2133 2228 ἐστὶν
2170 2172 2417 2243 ἀμείνω,
2468 2170 2644 2229 ταῦτα
2679 2171 2860 2243 ὡραῖα
2892 2167 3033 2224 εἷναί
3078 2189 3283 2240 φαμεν.
3332 2171 3515 2226 Καλὸν
3557 2175 3586 2226 6

1986 2257 2184 2328 γάμος
2211 2257 2306 2311 καὶ
2320 2254 2408 2309 διὰ
2427 2253 2632 2327 τοῦτοὴ
2654 2254 2922 2327 παρθενία
2950 2255 3287 2326 θαυμαστὸν,
3311 2256 3393 2309 ὅτι
3416 2254 3584 2317 καλοῦ

1987 2340 2234 2412 κρεῖττόν
2262 2342 2402 2406 ἐστι,
2426 2339 2520 2393 καὶ
2544 2338 2786 2411 τοσούτῳ
2814 2341 3084 2412 κρεῖττον,
3107 2341 3220 2411 ὅσῳ
3241 2340 3351 2394 τῶν
3371 2339 3586 2393 ναυτῶν

1985 2427 2013 2479 ὀ
2029 2426 2395 2497 κυϐερνήτης,
2423 2425 2517 2481 καὶ
2541 2424 2650 2479 τῶν
2670 2423 3022 2495 στρατιωτῶν
3041 2426 3070 2478 ό
3095 2424 3425 2496 στρατηγός.
3444 2422 3587 2476 Ἀλλ’

1985 2509 2176 2577 ῶσπερ
2201 2510 2294 2564 ἐπὶ
2325 2508 2425 2562 τοῦ
2456 2508 2642 2562 πλοίου
2668 2509 2794 2575 τοὺς
2820 2506 3142 2578 ἐρέττοντας
3173 2507 3240 2564 ἂν
3266 2508 3495 2579 ἀφέλῃς,
3522 2507 3585 2560 τὸ

1987 2588 2197 2656 σκάφος
2226 2587 2550 2651 κατέδυσας,
2578 2587 2672 2640 καὶ
2702 2587 2793 2639 ἐπὶ
2816 2586 3056 2657 πολέμου
3080 2588 3208 2650 τοὺς
3241 2584 3586 2658 στρατιώτας

1986 2667 2053 2720 ἂν
2087 2668 2430 2739 ἀποστήσῃς,
2471 2667 2799 2739 παρέδωκας
2832 2666 3119 2734 δεδεμένον
3150 2667 3265 2729 τοῖς
3303 2666 3585 2737 πολεμίοις

1984 2745 2077 2801 τὸν
2115 2747 2452 2819 στρατηγόν·
2492 2746 2637 2801 οὕτω
2686 2746 2781 2801 καὶ
2819 2745 3059 2803 ἐνταῦθα
3093 2745 3161 2799 ἂν
3206 2746 3309 2815 τῆς
3352 2746 3586 2815 ἀρίστης

1982 2826 2191 2891 τάξεως
2217 2826 2488 2899 ἐκϐάλλῃς
2509 2825 2537 2869 ἀ
2567 2826 2659 2879 τὸν
2680 2826 2879 2895 γάμον,
2914 2825 3015 2895 τῆς
3046 2824 3349 2896 παρθενίας
3370 2826 3471 2895 τὴν
3499 2825 3586 2878 δό-

1986 2902 2083 2981 ξαν
2110 2904 2434 2976 προύδωκας
2455 2946 2468 2966 ,
2495 2904 2591 2958 καὶ
2613 2904 2693 2967 είς
2714 2903 2939 2973 ἔσχατον
2968 2904 3175 2974 ἤγαγες
3192 2908 3379 2961 κακόν.
3405 2902 3585 2957 Καλὸν

1984 2986 2018 3056 ὴ
2066 2985 2363 3055 παρθενία·
2422 2983 2682 3054 σύμφημι
2723 2982 2916 3051 κάγώ·
2953 2983 3091 3041 ἀλλὰ
3136 2983 3367 3037 καὶ-τοῦ
3403 2984 3584 3054 γάμου

1982 3064 2250 3135 κρείττων
2270 3080 2281 3092 ·
2317 3064 2412 3117 καὶ
2439 3063 2599 3116 τοῦτο
2634 3061 3007 3133 συνομολογῶ.
3039 3063 3153 3116 Καὶ
3178 3064 3227 3116 εἰ
3258 3061 3461 3132 βούλει,
3488 3063 3585 3117 καὶ

1982 3145 2044 3197 τὸ
2072 3146 2196 3197 ὅσον
2228 3143 2495 3215 κρείττων
2531 3142 2891 3214 προστίθημι,
2924 3144 3050 3195 ὅσον
3078 3145 3182 3212 τῆς
3214 3142 3320 3211 γῆς
3349 3144 3378 3195 ό
3414 3143 3584 3213 οὑρα-

1982 3222 2092 3286 νὸς,
2117 3221 2242 3275 ὅσον
2268 3221 2378 3274 τῶν
2411 3219 2718 3291 ἀνθρώπων
2743 3223 2792 3273 οἱ
2820 3220 3077 3289 ἄγγελοιο
3107 3223 3156 3273 εἰ
3178 3220 3234 3273 δὲ
3265 3222 3371 3292 χρὴ
3403 3239 3457 3274 τι
3488 3223 3585 3276 καὶ

1954 3298 2312 3371 ’βιασάμενον
2351 3301 2549 3362 εἰπεῖν,
2582 3300 2678 3352 καὶ
2717 3299 2902 3353 πλέον.
2933 3299 3195 3367 Ἀγγελοι
3229 3300 3328 3369 μὲν
3362 3299 3492 3371 γὰρ,
3534 3302 3583 3355 εί

1894 3410 1902 3421 ο
1982 3379 2077 3434 καὶ
2115 3380 2190 3449 μὴ
2224 3378 2464 3449 γαμοῦσι
2504 3378 2641 3450 μηδὲ
2693 3378 3125 3447 ἐκγαμίζονται,
3175 3379 3292 3432 ἀλλ’
3332 3381 3433 3434 οὐκ
3476 3380 3585 3434 εἰσὶ

1984 3457 2464 3529 συμπεπλεγμένοι
2519 3457 2685 3528 σαρκὶ
2714 3456 2809 3510 καὶ
2829 3458 3045 3526 αἵματι,
3076 3456 3199 3509 οὑδὲ
3223 3458 3317 3511 ἐπὶ
3350 3459 3447 3529 τῆς
3478 3457 3584 3528 γῆς

1981 3539 2166 3610 ἔχουσι
2196 3538 2296 3603 τάς
2321 3537 2631 3610 διατριϐάς,
2672 3538 2795 3590 οὑδὲ
2828 3537 2985 3608 ὄχλον
3016 3538 3326 3608 ἐπιθυμιῶν
3354 3538 3584 3608 ἀνέχον-

1979 3605 2092 3683 ται,
2123 3605 2245 3672 οὐδὲ
2274 3619 2421 3672 σίτου
2450 3605 2666 3670 δέονται
2699 3618 2796 3670 καὶ
2819 3605 3016 3681 ποτοῦ,
3044 3617 3167 3672 οὑδὲ
3187 3605 3355 3689 μέλος
3382 3605 3583 3682 αὐτοὺς

1981 3700 2080 3771 ἡδὺ
2117 3698 2355 3770 μαλάξαι
2386 3698 2594 3751 δύναιτ’
2626 3696 2716 3764 ἂν,
2757 3697 2880 3751 οὐδὲ
2915 3696 3038 3767 θψις
3076 3697 3395 3768 ἐπικάμψαι
3435 3696 3581 3768 λαμ-

1981 3778 2118 3849 πρά,
2150 3777 2275 3831 οὐδὲ
2313 3776 2444 3832 ἄλλο
2469 3776 2579 3832 τῶν
2611 3775 2876 3830 τοιούτων
2922 3776 3106 3829 οὐδέν’
3154 3775 3293 3831 ἀλλὰ
3326 3775 3583 3846 καθάπερ

1978 3857 2070 3912 τὸν
2096 3857 2325 3929 οὐρανὸν
2348 3860 2406 3913 ἐν
2425 3856 2747 3929 μεσημϐρίᾳ
2763 3855 3023 3927 σταθερᾷ,
3052 3855 3283 3926 μηδενὸς
3303 3855 3584 3926 ἐνοχλοῦν-

1978 3955 2071 4002 τος
2088 3938 2304 4008 νέφους,
2335 3937 2484 3991 ἐστιν
2509 3937 2637 3990 ἰδεῖν
2665 3936 2927 4007 καθαρὸν,
2949 3935 3093 3992 οὕτω
3120 3937 3217 3991 καὶ
3234 3937 3335 3999 τὰς
3356 3936 3582 3990 ἐκείνων

1981 4018 2195 4087 φύσεις,
2211 4019 2471 4096 οὐδεμιᾶς
2483 4016 2809 4089 ἐνοχλούσης
2824 4016 2987 4071 ἐπιθυ
2995 4016 3145 4096 μίας.
3164 4017 3348 4096 μένειν
3364 4016 3580 4088 ἀνάγκη

1978 4096 2225 4166 διαυγεῖς
2252 4097 2349 4150 καὶ
2375 4095 2660 4167 λαμπράς.
3000 4092 3007 4096 ⁷
3326 4092 3334 4096 ⁴

2052 4177 2151 4230 ΙΑ’.
2168 4175 2242 4229 Τὸ
2254 4174 2310 4228 δὲ
2320 4174 2429 4228 τῶν
2444 4174 2540 4229 ἀνθ
2550 4175 2748 4245 ρώπων
2761 4174 2915 4243 γένος
2928 4172 3037 4227 τῶν
3053 4172 3341 4244 μακαρίων
3354 4173 3581 4227 ἐκείνων

1978 4259 2047 4328 τῇ
2074 4254 2238 4327 φύσει
2268 4266 2292 4295 ο
2313 4256 2639 4326 λειπόμενον
2671 4252 2922 4324 βιάζεται
2945 4252 3042 4322 τὴν
3063 4252 3243 4305 οἰκίαν
3280 4253 3456 4321 ίσχὺν,
3485 4253 3581 4307 καὶ

1980 4335 2281 4404 φιλονεικεῖ
2309 4332 2399 4387 διά
2423 4333 2523 4402 τῆς
2547 4331 2785 4401 σπουδῆς
2816 4329 2960 4387 κατά
2988 4328 3220 4398 δύναμιν
3249 4328 3581 4402 ἐξισωθῆναι

1980 4413 2231 4478 ἐκείνοις.
2284 4411 2411 4473 Πῶς
2457 4405 2589 4476 οῦν;
2631 4410 2706 4462 Οὐ
2753 4409 3046 4481 γαμοῦσιν,
3086 4408 3208 4462 οὑδὲ
3254 4407 3582 4479 γαμίζονται

1978 4491 2231 4562 ἄγγελον
2256 4490 2372 4545 ἀλλ’
2400 4489 2525 4544 οὑδὲ
2554 4493 2587 4562 ἡ
2613 4489 2905 4559 παρθένος.
2930 4488 3320 4559 Παρεστήκασι
3350 4488 3582 4543 διαπαν-

1977 4574 2069 4638 τὸς
2095 4574 2190 4627 καὶ
2215 4568 2596 4644 λειτουργοῦσι
2617 4570 2693 4642 τῷ
2720 4568 2841 4640 Θεῷ
2864 4585 2879 4599 '
2912 4567 3073 4623 τοῦτο
3093 4569 3190 4623 καὶ⁸
3211 4571 3244 4639 ἡ
3284 4569 3577 4642 παρθένος.

1978 4653 2069 4707 Διὸ
2103 4653 2200 4708 καὶ
2230 4651 2444 4715 Παῦλος
2473 4650 2643 4714 αὑτάς
2669 4650 2891 4704 πάντων
2915 4648 3195 4720 ἀπέστησε
3226 4647 3337 4701 τῶν
3358 4648 3580 4719 φροντί-

1976 4734 2106 4798 δων,
2140 4730 2231 4786 διά
2252 4733 2315 4786 τὸ
2343 4729 2712 4801 εὑπρόσεδρον
2746 4729 2843 4782 καὶ
2874 4728 3309 4801 ἀπερίσπαστον.
3337 4726 3491 4800 [276]
3516 4730 3582 4784 Εἰ

1977 4811 2035 4865 δὲ
2061 4810 2136 4882 μὴ
2163 4808 2411 4863 δύναιντο
2442 4811 2522 4872 είς
2542 4808 2634 4863 τὸν
2661 4806 2890 4879 οὐρανὸν
2913 4807 3181 4876 ἀναϐῆναι
3206 4805 3344 4870 τέως
3362 4848 3376 4868 ,
3408 4808 3580 4862 καθά-

1979 4907 2087 4962 περ
2117 4891 2340 4953 ἐκεῖνοι,
2364 4891 2467 4961 τῆς
2495 4889 2698 4960 σαρκὸς
2714 4887 3090 4959 καθελκούσης
3107 4887 3298 4950 αὑτάς,
3329 4887 3465 4940 ἀλλά
3484 4890 3579 4942 καὶ

1979 4972 2039 5023 ἐν
2068 4968 2246 5038 τούτῳ
2278 4967 2483 5039 πολλὴν
2510 4967 2698 5040 έχουσι
2730 4967 2830 5039 τὴν
2876 4966 3453 5040 παραμυθίαν,ῗαὺτδν
3485 4967 3578 5021 τὸν

1977 5048 2087 5103 τῶν
2117 5046 2363 5118 οὐρανῶν
2391 5039 2789 5117 ὑποδεχόμεναι
2817 5046 3121 5114 Δεσπότην,
3154 5045 3221 5103 ἂν
3257 5039 3391 5098 ῶσιν
3420 5046 3576 5113 ἅγιαι
3674 5086 3675 5091 η

1978 5128 2058 5197 τῷ
2098 5124 2315 5197 σώματι
2356 5126 2452 5180 καὶ
2487 5124 2568 5196 τῷ
2607 5125 2901 5195 πνεύματι.
2942 5121 3102 5188 Εἶδες
3131 5124 3230 5194 τῆς
3275 5124 3577 5192 παρθενίας

1978 5207 2041 5259 τὸ
2066 5204 2308 5274 ἀξίωμα,
2339 5204 2457 5267 πῶς
2485 5201 2504 5241 ί
2530 5204 2659 5268 τοὺς
2688 5204 2784 5257 ἐπὶ
2804 5205 2904 5273 τῆς
2932 5203 3039 5272 γῆς
3060 5200 3439 5271 διατρίϐοντας
3464 5205 3577 5264 τοῖς

1979 5287 2039 5338 ἐν
2062 5285 2313 5355 οὐρανοῖς
2338 5283 2720 5354 διαιτωμένοις
2746 5282 2951 5353 ὁμοίως
2984 5281 3364 5335 πολιτεύεσθαι
3400 5285 3574 5344 ποιεῖ;

1979 5364 2105 5428 τοὺς
2127 5363 2357 5434 σώματα
2375 5364 2793 5433 περικειμένους
2810 5360 2921 5414 τῶν
2938 5360 3247 5430 ἀσωμάτων
3264 5360 3364 5412 οὐκ
3381 5359 3515 5428 ἁφίη
3525 5377 3575 5412 σι

1979 5442 2263 5498 λείπεσθαι
2297 5443 2603 5513 δυνάμεων,
2631 5440 2954 5513 ἀνθρώπους
2983 5439 3146 5504 ὑντας
3176 5439 3256 5502 είς
3288 5438 3381 5491 τὸν
3412 5438 3578 5490 αὑτὸν

1979 5524 2090 5578 τῶν
2130 5523 2382 5593 ἀγγέλων
2423 5523 2548 5591 άγει
2591 5519 2773 5593 ζῆλον.
2816 5519 2956 5573 Ἀλλ’
2999 5518 3154 5571 οὐδὲν
3188 5519 3394 5571 τούτων
3438 5518 3577 5588 πρὸς

1982 5604 2148 5674 ὑμᾶς,
2191 5604 2321 5666 τοὺς
2354 5600 2579 5654 τοσοῦτο
2605 5602 2842 5671 πρᾶγμα
2870 5598 3327 5670 λυμαινομένους,
3356 5599 3450 5650 καὶ
3481 5596 3574 5650 τὸν

1980 5683 2260 5752 Δεσπότην
2297 5681 2704 5745 διαϐάλλοντας,
2735 5681 2832 5736 καὶ
2865 5680 3101 5752 πονηρὸν
3131 5678 3574 5741 ἀποκαλοῦντας.

1995 5764 2058 5818 Ἡ
2089 5763 2199 5835 γὰρ
2224 5760 2319 5816 τοῦ
2346 5760 2586 5833 πονηροῦ
2616 5759 2803 5814 δούλου
2837 5759 3058 5825 κόλασις
3088 5761 3231 5831 ὑμᾶς
3264 5758 3543 5825 ἐκδέξεται

2044 5870 2069 5901 ο
2092 5870 2217 5940 βςε.
2244 5867 2478 5940 μηδεμίαν
2520 5865 2717 5940 βλάϐην.
2748 5864 2875 5915 Infra
2921 5866 3053 5916 idem
3093 5864 3376 5929 στρατηγὸς,
3411 5864 3577 5927 ὥσπερ

1984 5930 2071 5995 γὰρ
2093 5933 2167 5980 ἐπὶ
2176 5930 2274 5979 ήτοῦ
2294 5930 2478 5995 πλοίου.
2508 5930 2547 5995 ςί

2054 5987 2078 6033 il
2106 5995 2225 6054 Reg.
2254 5999 2306 6040 et
2326 5990 2476 6041 Savil.
2504 5994 2552 6041 in
2580 6002 2732 6054 marg.
2768 5987 3110 6054 exsangAlii
3135 5987 3381 6048 ἐκϐάλλῃς-

2053 6058 2069 6078 '
2096 6052 2216 6118 Ιίιξέ.
2240 6056 2336 6102 τῶν
2375 6054 2618 6118 μακαρίων
2644 6052 2851 6118 ἀγγέλων
2955 6052 3107 6118 φύσει.

2064 6118 2081 6157 ί
2109 6107 2291 6169 Αίῖςωι
2314 6107 2430 6173 τῶς,
2455 6107 2577 6165 hinc
2608 6107 2826 6162 x'oétilanl
2852 6126 2877 6163 ρ
2905 6107 3087 6163 Sa'vilio
3117 6112 3412 6174 recepimus.
3437 6107 3566 6158 Eon.
3630 6154 3643 6160 Α
