4020 6394
397 413 497 469 6-H

383 527 502 589 ταῖς
533 524 591 578 δέ
636 524 735 594 τῆς
780 521 1108 597 Ἐκκλησίας
1143 521 1435 596 παρθένοις
1479 522 1851 592 ἀπαντήσεται
1888 520 1958 574 τά

382 606 555 662 πολλά
594 606 687 660 καὶ
728 605 941 678 μεγάλα
986 603 1187 675 ἀγαθά,
1226 607 1321 660 καὶ
1350 602 1628 675 ὀφθαλμὸν
1664 604 1758 657 καί⁵
1790 603 1961 674 ἀκοήν

382 691 478 744 καὶ
510 688 746 742 διάνοιαν
791 688 1186 761 ὑπερϐαίνοντα
1217 689 1316 760 τὴν
1350 688 1718 758 ἀνθρωπίνην.
1756 687 1961 758 Διόπερ

381 772 623 836 ἐκείνους
652 773 885 843 ἀφέντες
924 773 1040 844 (καὶ
1067 774 1177 844 7&9
1200 773 1311 826 τῶν
1344 771 1481 843 πρὸς
1511 773 1709 835 αὐτοὺς
1735 772 1962 844 εἰρημέ-

379 873 485 909 νων
521 852 639 919 ἀλις
658 855 698 927 ),
722 858 835 920 τοῖς
859 853 1068 920 τέκνοις
1099 856 1199 927 τῆς
1234 854 1557 926 Ἐκκλησίας
1587 852 1959 925 διαλεξώμεθα

378 936 586 991 λοιπόν.

447 1022 546 1076 IB‘.
569 1021 738 1075 Πόθεν
752 1015 846 1074 οὗν
858 1020 1122 1093 ἄρξασθαι
1139 1018 1235 1075 τοῦ
1250 1019 1408 1090 λόγου
1425 1021 1609 1087 καλόν;
1638 1020 1760 1073 Ἀπ’
1779 1017 1957 1073 αὐτῶν

376 1104 486 1159 τῶν
512 1104 602 1158 τοῦ
626 1104 827 1176 Κυρίου
854 1104 1137 1175 ῥημάτων,
1163 1096 1238 1158 ὧν
1258 1103 1349 1157 διά
1365 1102 1458 1156 τοῦ
1491 1103 1762 1175 μακαρίου
1788 1101 1956 1171 φθέγ-

377 1206 529 1257 γεται
554 1188 766 1242 Παύλου
784 1205 798 1219 ·
826 1189 925 1260 τὴν
954 1187 1063 1260 7&9
1081 1188 1271 1242 τούτου
1301 1186 1624 1259 παραίνεσιν
1642 1186 1738 1239 τοῦ
1755 1184 1955 1256 Κυρίου

376 1273 696 1343 παραίνεσιν
717 1268 857 1325 εἶναι
892 1269 1169 1325 πιστεύειν
1196 1271 1325 1342 χρή.
1366 1271 1475 1324 Καὶ
1503 1270 1615 1342 7&9
1642 1272 1768 1323 ὅταν
1795 1268 1951 1339 λέγῃ,

379 1353 509 1420 Τοῖς
537 1353 606 1407 δὲ
644 1355 1012 1425 γεγαμηκόσι
1054 1354 1469 1424 παραγγέλλω,
1508 1358 1621 1409 οὐκ
1648 1353 1780 1423 ἐγὼ,
1814 1350 1954 1406 ἀλλ’

374 1440 408 1491 ὀ
442 1438 655 1505 Κύριος
677 1452 692 1469 ’
734 1439 830 1491 καὶ
869 1437 1050 1503 πάλιν,
1094 1438 1221 1503 Τοῖς
1258 1437 1328 1491 δὲ
1363 1437 1600 1504 λοιποῖς
1634 1435 1751 1506 ἐγὼ
1774 1435 1949 1505 λέγω,

371 1524 487 1588 οὐχ
516 1524 549 1575 ό
582 1521 820 1590 Κύριος,
850 1522 948 1591 οὐχ
975 1521 1051 1585 ὼς
1078 1521 1280 1592 ἐτέρων
1309 1521 1407 1591 μὲν
1428 1521 1596 1574 ὄντων
1621 1520 1730 1573 τῶν
1761 1518 1948 1583 αὑτοῦ,

372 1604 576 1676 ἐτέρων
600 1603 656 1657 δέ
678 1604 786 1657 τῶν
812 1603 907 1657 τοῦ
933 1603 1159 1675 Κυρίου,
1193 1604 1367 1659 ταῦτά
1394 1620 1580 1675 φησιν.
1618 1605 1678 1656 '0
1710 1603 1819 1674 7&9
1856 1602 1951 1656 τὸν

369 1686 605 1756 Χριστὸν
630 1684 769 1756 έχων
797 1685 855 1739 ἐν
872 1684 1048 1755 ἐαυτῷ
1071 1685 1357 1751 λαλοῦντα,
1385 1688 1415 1738 6
1441 1685 1575 1757 μηδὲ
1602 1684 1702 1756 ζῇν
1722 1684 1952 1738 σπουδά-

370 1767 498 1832 ζων,
526 1768 663 1824 ὥστε
684 1770 776 1823 τὸν
795 1769 1029 1840 Χριστὸν
1049 1771 1107 1825 ἐν
1128 1769 1305 1841 ἐαυτῷ
1332 1770 1452 1841 ζῇν,
1476 1771 1505 1823 6
1528 1770 1619 1823 καὶ
1648 1767 1945 1839 βασιλείαν,

368 1852 465 1905 καὶ
502 1852 668 1925 ζωὴν,
704 1856 800 1910 καὶ
838 1852 1133 1923 ἀγγέλους,
1178 1855 1274 1909 καὶ
1305 1854 1583 1924 δυνάμεις,
1630 1854 1725 1907 καὶ
1768 1852 1948 1905 κτίσιν

366 1936 579 2007 ἑτέραν,
607 1937 703 1991 καὶ
730 1942 909 1991 πάντα
938 1937 1126 2002 ἁπλῶς
1148 1938 1378 2008 δεύτερα
1396 1937 1497 2007 τῆς
1525 1939 1746 2007 ἀγάπης
1776 1935 1943 1990 αὑτοῦ

364 2018 663 2091 τιθέμενος,
687 2021 805 2085 πῶς
822 2021 942 2091 ἂνῆ
967 2019 1300 2091 φθέγξασθαι
1327 2022 1360 2093 ἢ
1386 2022 1481 2075 καὶ
1496 2021 1747 2091 ἐννοῆσαί
1766 2019 1943 2075 τιτῶν

363 2104 427 2157 06
466 2103 767 2159 δοκούντων
793 2103 1054 2184 ήνέσχετο
1086 2103 1165 2175 τῷ
1187 2104 1428 2175 Χριστῷ,
1458 2106 1554 2158 καὶ
1576 2102 1753 2158 ταῦτα
1782 2120 1944 2175 νομο-

363 2184 567 2249 θετῶν;
595 2185 660 2238 Τί
696 2182 822 2239 ποτί
849 2182 943 2240 οῦν
975 2188 1122 2240 ἐστιν
1150 2187 1179 2241 δ
1220 2186 1403 2255 λέγει,
1446 2185 1627 2257 Ἐγὼ,
1658 2187 1783 2253 καὶ,
1816 2187 1940 2240 Οὐκ

359 2268 515 2339 671'»;
551 2269 674 2323 Τῶν
713 2270 897 2340 νόμων
941 2271 1034 2325 καὶ
1066 2270 1174 2325 τῶν
1217 2271 1504 2342 δογμάτων
1542 2272 1669 2334 τοὺς
1721 2269 1820 2340 μέν
1869 2269 1939 2323 δι’

360 2348 579 2416 ἐαυτοῦ,
612 2351 739 2415 τοὺς
778 2353 836 2405 δέ
868 2351 957 2406 διὰ
995 2352 1107 2407 τῶν
1151 2353 1466 2407 ἀποστόλων
1498 2351 1700 2406 ἔδωκεν
1739 2353 1873 2423 ⁴ήμῖν
1909 2353 1941 2405 6

359 2434 617 2505 Χριστός.
634 2435 755 2489 Ὅτι
773 2435 884 2506 7&9
895 2437 957 2490 οὐ
975 2438 1181 2501 πάντας
1196 2437 1359 2501 αὐτὸς
1371 2436 1440 2490 δι’
1454 2435 1647 2491 ἐαυτοῦ
1659 2435 1870 2505 τίθησιν
1884 2449 1934 2499 ι,

357 2516 590 2571 ἄκουσον
609 2518 664 2572 τί
693 2535 826 2590 φησι
845 2536 860 2551 ο
895 2519 1102 2575 Πολλά
1133 2520 1252 2589 ἔχω
1277 2520 1482 2590 λέγειν
1505 2519 1667 2590 ὑμῖν,
1698 2521 1837 2575 ἀλλ’
1862 2523 1938 2576 οὐ

356 2600 622 2654 δύνασθε
636 2601 970 2668 βαστάζειν
989 2602 1143 2672 ἄρτι.
1175 2604 1249 2656 Πε
1258 2604 1313 2674 ρὶ
1332 2604 1429 2674 μὲν
1445 2600 1538 2658 οὖν
1564 2602 1683 2666 τοῦ,
1702 2607 1937 2673 γυναῖκα

355 2680 465 2737 ἀπὸ
494 2682 686 2753 ἀνδρὸς
726 2682 800 2755 μὴ
848 2684 1198 2756 χωρίζεσθαι,
1238 2686 1525 2756 προλαϐὼν
1550 2688 1712 2751 αὐτὸς
1742 2689 1937 2756 ἐνομο-

356 2763 584 2836 θέτησεν
604 2765 769 2837 ήνίκα
795 2769 855 2822 ἐν
882 2768 1047 2840 σαρκὶ
1070 2769 1163 2822 ἐπὶ
1185 2770 1284 2841 τῆς
1306 2770 1408 2841 γῆς
1432 2766 1500 2842 ἦν
1515 2787 1530 2803 ο
1553 2771 1648 2824 καὶ
1670 2771 1759 2825 διὰ
1776 2771 1936 2825 τοῦτό

355 2864 522 2916 φησι·
559 2848 687 2916 Τοῖς
707 2849 777 2903 δὲ
800 2854 1172 2921 γεγαμηκόσι
1202 2852 1618 2923 παραγγέλλω,
1653 2856 1765 2909 οὐκ
1795 2855 1933 2926 ἐγὼ,

354 2932 493 2986 ἀλλ’
534 2935 568 2987 ὁ
601 2934 840 3002 Κύριος.
876 2935 998 2988 Τῶν
1034 2936 1091 2989 δέ
1128 2936 1370 2991 ἀπίστων
1407 2938 1594 2991 ἕνεκεν
1631 2938 1795 3002 αὐτὸς
1834 2938 1934 3010 μὲν

354 3016 486 3085 ήμῖν
512 3016 662 3071 οὐδὲν
696 3013 815 3071 εἷπε
847 3017 915 3071 δι’
954 3018 1174 3084 ἑαυτοῦ,
1209 3019 1308 3089 τὴν
1335 3019 1393 3073 δὲ
1421 3018 1515 3073 τοῦ
1549 3021 1761 3075 Παύλου
1796 3022 1933 3094 πρὸς

352 3096 512 3152 τοῦτο
540 3100 770 3172 κινήσας
795 3099 971 3172 ψυχὴν
1000 3101 1330 3172 ἐνομοθέτει.
1363 3104 1476 3156 Καὶ
1506 3102 1595 3157 διά
1630 3104 1787 3159 τοῦτο
1814 3106 1930 3159 ἐλε-

352 3197 481 3250 γεν·
529 3184 655 3252 Οὐχ
700 3187 735 3239 ό
772 3184 1006 3253 Κύριος,
1037 3187 1173 3241 ἀλλ’
1214 3186 1358 3257 ἐγώ·
1399 3189 1459 3242 οὐ
1511 3187 1539 3229 δ
1567 3188 1725 3243 τοῦτο
1762 3189 1929 3258 δεῖξαι

354 3272 691 3344 βουλόμενος,
733 3278 817 3331 δτι
861 3276 1201 3349 ἀνθρώπινον
1232 3274 1303 3351 ἦν
1350 3281 1412 3334 τὸ
1447 3279 1739 3350 λεγόμενον
1791 3281 1928 3350 (πῶς

348 3356 527 3426 γάρς),
546 3357 659 3411 ἀλλ’
671 3360 752 3411 ὅτι
767 3359 866 3431 τὴν
883 3360 1105 3431 ἐντολὴν
1119 3361 1320 3434 ταύτην
1335 3362 1433 3433 οὐχ
1451 3362 1615 3434 ἡνίκα
1629 3364 1809 3434 παρῆν
1818 3368 1931 3429 τοῖς

354 3439 623 3523 μαθηταῖς
650 3440 818 3512 αὐτὴν
850 3442 1102 3508 δέδωκεν,
1130 3444 1266 3498 ἀλλά
1287 3444 1382 3499 νῦν
1409 3447 1476 3500 δι’
1502 3446 1688 3501 αὐτοῦ.
1719 3449 1930 3523 Ὠσπερ

348 3518 444 3576 οὖν
470 3523 550 3587 16,
589 3524 654 3578 '0
680 3527 913 3594 Κύριος,
930 3529 1042 3581 οὐκ
1066 3527 1200 3598 ἐγὼ,
1218 3529 1317 3583 οὐκ
1338 3529 1485 3583 ἐστιν
1513 3518 1927 3602 ἐναντιουμένου

348 3605 427 3676 τῷ
455 3608 833 3679 προστάγματι
865 3609 961 3664 τοῦ
997 3611 1257 3682 Χριστοῦ,
1293 3612 1466 3677 οὕτως
1497 3615 1578 3679 16,
1624 3616 1790 3685 Ἐγὼ,
1813 3618 1928 3686 οὐχ

349 3692 384 3743 ό
409 3690 642 3758 Κύριος,
670 3691 771 3746 οὐκ
794 3693 926 3747 ῖδιόν
952 3711 1005 3748 τι
1027 3694 1177 3767 παρὰ
1202 3696 1264 3749 16
1286 3696 1365 3768 τῷ
1388 3695 1507 3769 Θεῷ
1529 3698 1721 3753 δοκοῦν
1742 3698 1927 3769 λέγον-

347 3788 460 3837 τος,
493 3772 629 3827 ἀλλά
652 3774 810 3829 τοῦτο
842 3776 999 3847 μόνον
1027 3776 1355 3844 δεικνύντος.
1387 3780 1453 3834 δι’
1478 3781 1646 3836 αὑτοῦ
1672 3782 1766 3837 νῦν
1784 3783 1925 3838 6:60-

351 3854 521 3927 μένην
557 3855 658 3928 τὴν
688 3858 928 3927 ἐντολήν.
964 3861 1073 3913 Καὶ
1103 3860 1214 3933 7&9
1251 3863 1377 3935 περὶ
1406 3864 1505 3935 τῆς
1537 3866 1718 3937 χήρας
1747 3866 1926 3921 διαλε-

344 3938 577 4010 γόμενος
605 3949 653 4002 ο,
693 3942 1111 4011 Μακαριωτέρα
1136 3944 1206 3999 δέ
1240 3945 1392 4012 ἐστι,
1422 3949 1607 4017 φησὶν,
1641 3950 1751 4004 ἐὰν
1770 3951 1925 4005 οὕτω

339 4021 543 4091 μείνῃ,
573 4024 725 4078 κατὰ
754 4024 867 4091 τὴν
898 4025 1054 4095 ἐμὴν
1089 4026 1348 4098 γνώμην.
1384 4025 1518 4083 Εἶτα
1552 4031 1639 4085 ἵνα
1676 4033 1773 4103 μή,
1804 4034 1925 4102 Τὴν

342 4104 498 4174 ἐμὴν
522 4106 766 4176 γνώμην
812 4108 1073 4175 ἀκούσας,
1112 4110 1452 4184 ἀνθρώπινον
1498 4110 1638 4168 εἶναι
1692 4116 1923 4189 νομίσῃς

340 4189 432 4242 16v
457 4189 731 4261 λογισμὸν,
758 4197 821 4265 τῇ
850 4194 1136 4268 προσθήκῃ
1159 4196 1258 4267 τὴν
1287 4195 1517 4266 ὑποψίαν
1542 4198 1813 4269 ἐξέκοψεν,
1846 4203 1922 4255 εί·

342 4270 494 4325 πώνο
544 4271 691 4352 (9.77)
741 4275 905 4331 Δοκῶ
945 4276 1014 4331 δὲ
1053 4278 1214 4348 κάγὼ
1256 4280 1489 4349 πνεῦμα
1538 4282 1689 4336 Θεοῦ
1733 4281 1918 4352 ἔχειν.

343 4354 556 4425 Ὥσπερ
589 4351 682 4410 οῦν
722 4356 792 4410 τά
834 4357 928 4411 τοῦ
977 4360 1288 4430 πνεύματος
1316 4362 1708 4435 φθεγγόμενος,
1751 4351 1917 4420 αύτοῦ

340 4435 491 4503 λέγει
511 4434 738 4520 γνώμην
760 4436 919 4500 εἶναι,
943 4442 1038 4494 καὶ
1066 4444 1127 4497 οὐ
1153 4443 1243 4497 διὰ
1263 4443 1421 4497 τοῦτο
1445 4434 1687 4517 φήσομεν
1708 4449 1920 4520 ἀνθρω-

342 4520 504 4590 πίνην
533 4515 672 4575 εἷναι
692 4522 791 4594 τὴν
811 4523 1082 4592 ἀπόφασιν
1107 4542 1121 4556 ·
1148 4525 1290 4579 οὕτω
1319 4529 1413 4581 καὶ
1444 4515 1560 4592 νῦν,
1587 4515 1714 4582 ῦταν
1746 4515 1873 4603 εἴπῃ
1899 4572 1914 4597 ,

352 4602 502 4672 Ἐγὼ
536 4603 726 4673 λέγω.
766 4607 877 4675 οὐχ
917 4609 950 4672 d
990 4607 1236 4675 Κύριος,
1273 4608 1347 4679 μὴ
1384 4608 1472 4662 διά
1505 4610 1663 4665 τοῦτο
1699 4602 1914 4669 Παύλου

339 4684 570 4757 νομίσῃς
615 4679 755 4741 εἶναι
795 4686 888 4742 τὸν
915 4687 1090 4758 λόγον.
1136 4690 1239 4744 Τὸν
1281 4694 1389 4763 γὰρ
1421 4694 1655 4764 Χριστὸν
1687 4691 1831 4768 εἶχεν
1857 4699 1916 4753 ἐν

340 4768 519 4839 ἐαυτῷ
551 4769 835 4835 λαλοῦντα,
864 4772 960 4827 καὶ
986 4773 1087 4827 οὐκ
1119 4772 1186 4828 ἂν
1230 4772 1528 4845 ἐτόλμησεν
1557 4778 1615 4830 ἐν
1640 4779 1915 4849 ἀποφάσει

337 4853 517 4924 δόγμα
552 4853 724 4908 θεῖναι
749 4857 1021 4921 τοσοῦτον,
1056 4859 1105 4910 εί
1128 4859 1323 4929 μὴ’τὺν
1354 4860 1517 4930 νόμον
1546 4863 1677 4932 ήμῖν
1703 4864 1914 4922 ἐκεῖθεν

338 4934 532 5017 ἐφερεν
593 4933 728 4991 Εἶπε
756 4938 863 5013 γὰρ
897 4940 962 4994 ἀν
988 4957 1072 5003 τις
1098 4941 1236 5012 πρὸς
1265 4941 1459 4995 αὐτόν·
1498 4944 1615 4998 Οὐκ
1644 4946 1913 5017 ἀνέχομαι

336 5014 477 5074 εἶναι
510 5021 649 5103 μετά
678 5023 779 5093 τῆς
818 5023 1051 5078 ἀπίστου
1084 5025 1274 5090 πιστὸς
1304 5025 1381 5079 ὼν
1420 5028 1603 5095 αὐτὸς,
1633 5014 1776 5101 μετά
1812 5014 1912 5103 τῆς

335 5102 573 5170 ἐναγοῦς.
605 5105 635 5157 6
663 5105 930 5178 καθαρόςο
978 5108 1141 5173 αὐτὸς
1187 5108 1474 5181 προλαϐὼν
1515 5108 1670 5177 εἶπες
1715 5116 1797 5169 ὅτι
1845 5102 1910 5171 σὺ

334 5185 507 5240 ταῦτα
526 5186 724 5257 λέγεις,
747 5191 843 5260 οὐχ
864 5191 894 5242 6
910 5189 1131 5261 Κύριος.
1156 5192 1327 5247 Πόθεν
1354 5189 1449 5250 οὖν
1474 5213 1564 5265 μοι
1585 5196 1646 5250 16
1670 5198 1911 5267 ἀσφαλὲς

335 5268 512 5323 καὶτὸ
542 5269 776 5339 βέϐαιον;
817 5272 958 5326 Ἀλλ’
992 5270 1147 5327 εἶπεν
1165 5274 1231 5328 ἂν
1259 5277 1395 5348 πρὸς
1426 5278 1588 5332 αὑτὸν
1612 5282 1640 5334 6
1665 5281 1906 5344 Παῦλος·

332 5352 425 5424 Μὴ
451 5351 635 5427 δείσῃς
669 5352 723 5423 ἀ,
765 5354 853 5409 διὰ
886 5354 997 5427 γὰρ
1026 5357 1187 5411 τοῦτο
1223 5356 1399 5426 εἷπον,
1436 5361 1519 5415 ὃτι
1548 5362 1640 5416 τὸν
1672 5363 1907 5435 Χριστὸν

394 5563 420 5626 9
444 5562 571 5626 Beg.
594 5569 647 5613 et
670 5565 822 5615 Savil.
843 5569 1063 5620 τέθεικεν.

389 5622 650 5705 Ρέἓέχεξ
672 5629 820 5705 ερνεια
1135 5632 1307 5705 τίγριν.
1353 5633 1683 5705 «mw.
1705 5633 1907 5705 ηιναῖκα

1093 411 1152 467 S.
1192 410 1480 468 JOANNIS
1512 402 2012 467 CIIRYSOSTOMI
2039 405 2364 463 ARCIIIEP.
2398 404 2953 464 CONS'I‘ANTINOP.

3534 402 3646 461 ΜΞ

2071 519 2181 591 ἐχω
2194 520 2460 576 λαλοῦντα
2482 523 2541 575 ἐν
2562 519 2805 592 ἐμαυτῷο
2829 520 2923 573 καὶ
2943 517 3197 574 δτιΔοκῶ
3217 518 3455 589 πνεῦμα
3476 519 3647 590 ἔχειν

2069 605 2240 671 Θεοῦ,
2268 606 2357 660 ῖνα
2405 605 2571 676 μηδὲν
2599 603 2939 676 ἀνθρώπινον
2975 602 3323 676 ὑποπτεύσῃς
3364 600 3505 659 εἶναι
3531 601 3643 658 τῶν

2065 687 2390 760 λεγομένων.
2408 689 2589 760 Είγάρ
2607 690 2682 761 μὴ
2700 689 2858 742 τοῦτο
2871 684 2956 759 ἦν.
2978 689 3079 743 οὐκ
3096 687 3160 742 ἂν
3177 685 3446 759 τοσαύτην
3466 685 3645 740 ἔδωκα

2063 775 2179 836 τοῖς
2217 773 2371 842 ἐμοῖς
2400 772 2682 843 λογισμοῖς
2712 771 2812 843 τὴν
2833 771 3102 838 ἐξουσίαν.
3125 771 3388 841 Λογισμοὶ
3416 769 3524 841 7&9
3546 771 3645 825 ἀν-

2066 854 2300 926 θρώπων
2341 855 2524 919 δειλοὶ,
2568 856 2665 909 καὶ⁸
2699 855 3017 923 ἐπισφαλεῖς
3062 855 3121 909 αί
3144 854 3394 907 ’ἐπίνοιαι
3433 852 3642 909 αὐτῶν.

2062 937 2314 993 Δείκνυσι
2336 939 2393 992 δέ
2432 940 2527 993 καὶ
2559 939 2592 1009 ή
2619 938 2896 1009 πανταχοῦ
2930 938 3029 1008 τῆς
3049 937 3372 1008 οἰκουμένης
3411 935 3645 1007 Ἐκκλη-

2065 1020 2155 1073 σία
2183 1020 2278 1075 τοῦ
2308 1021 2475 1092 νόμου
2511 1021 2611 1091 τὴν
2653 1022 2807 1091 ἰσχὺν
2832 1022 2971 1092 μετά
3009 1020 3296 1091 ἀκριϐείας
3338 1020 3501 1073 αὐτὸν
3538 1037 3642 1089 φυ-

2061 1102 2347 1169 λάττουσα,
2389 1105 2490 1157 οὐκ
2527 1103 2593 1161 ἃν
2634 1103 2942 1174 φυλάξασα,
2985 1106 3034 1157 εί
3077 1102 3151 1174 μή
3182 1103 3441 1156 πέπειστο
3486 1103 3645 1174 ἀκριτ

2060 1186 2171 1250 ϐῶς
2204 1183 2343 1240 εἶναι
2376 1185 2611 1257 Χριστοῦ
2656 1187 2989 1258 πρόσταγμα
3037 1185 3099 1239 16
3136 1185 3345 1256 λεχθέν.
3381 1186 3447 1238 Τί
3481 1181 3575 1239 οῦν
3609 1188 3641 1240 6

2059 1269 2272 1334 Παῦλος
2302 1268 2665 1340 ἐνηχούμενος
2688 1270 2794 1323 ὑπὸ
2818 1270 2913 1323 τοῦ
2950 1270 3155 1340 Κυρίου
3190 1269 3322 1338 φησί
3347 1286 3361 1335 ;
3397 1268 3537 1336 Περὶ
3566 1268 3641 1323 δὲ

2056 1345 2146 1404 ὧν
2177 1351 2478 1421 ἐγράψατέ
2517 1369 2642 1421 μοι,
2683 1352 2875 1406 καλὸν
2916 1352 3205 1419 ἀνθρώπῳ
3242 1352 3527 1422 γυναικὸς
3545 1351 3637 1420 μὴ

2057 1433 2373 1490 ἅπτεσθαι.
2427 1435 2774 1502 ’Δποδέξαιτο
2816 1435 2880 1490 ἀν
2905 1452 2991 1498 τις
3020 1435 3254 1489 ἐνταῦθα
3286 1435 3411 1498 τοὺς
3438 1436 3639 1503 Κοριν⁶

2057 1519 2226 1582 θίους,
2256 1520 2338 1573 ὅτι
2369 1519 2639 1590 μηδεμίαν
2664 1518 2796 1573 ποτέ
2825 1519 2976 1590 παρὰ
2996 1517 3091 1572 τοῦ
3123 1517 3445 1572 διδασκάλου
3479 1517 3635 1585 δεξά-

2059 1618 2209 1671 μενοι
2253 1603 2564 1675 συμϐουλὴν
2603 1601 2734 1673 περὶ
2781 1602 3100 1673 παρθενίας,
3132 1601 3287 1654 αὐτοὶ
3328 1600 3638 1669 φθάσαντες

2055 1684 2334 1756 ἐρωτῶσιν
2372 1684 2556 1740 αὐτόν.
2592 1685 2877 1740 Ἐντεῦθεν
2907 1685 3007 1757 ήδη
3053 1685 3292 1738 δείκνυσι
3329 1695 3353 1723 ο
3391 1685 3489 1755 τὴν
3521 1684 3637 1740 ἀπὸ

2051 1767 2153 1837 τῆς
2180 1769 2399 1840 χάριτος
2424 1768 2665 1823 ἐπίδοσιν
2685 1769 2985 1840 γενομένην
3015 1769 3201 1832 αὐτοῖς
3221 1785 3234 1799 ·
3264 1766 3373 1821 ἀπὸ
3400 1768 3509 1839 γὰρ
3528 1768 3635 1839 τῆς

2051 1849 2297 1914 Παλαιᾶς
2318 1853 2595 1922 Διαθήκης
2615 1853 2715 1906 οὐκ
2742 1847 2811 1921 ἦν
2842 1852 2905 1905 τὸ
2934 1853 3167 1922 πρᾶγμα
3199 1850 3497 1922 ἀμφίϐολον
3516 1868 3530 1881 ο
3565 1853 3633 1905 οὐ

2048 1932 2158 2005 7&9
2190 1932 2351 2005 μόνον
2384 1936 2433 1988 οἱ
2476 1934 2657 1988 λοιποὶ
2697 1936 2920 1999 πάντες,
2959 1935 3094 1990 ἀλλά
3126 1935 3221 1989 καὶ
3268 1933 3490 1988 Λευῖται
3537 1936 3635 1989 καὶ

2048 2015 2326 2087 ἀρχιερεῖς
2368 2017 2667 2082 καὶκαύτὸς
2698 2021 2726 2074 6
2777 2018 2948 2088 μέγας
2979 2018 3270 2091 ἀρχιερεὺς
3325 2018 3527 2090 πολλὴν
3576 2020 3635 2073 ἐ-

2048 2102 2251 2155 ποιεῖτο
2275 2098 2371 2154 τοῦ
2389 2100 2569 2171 γάμου
2603 2101 2865 2171 σπουδήν.

2119 2181 2215 2236 ΙΓ¹.
2252 2180 2536 2238 Πόθενοῦν
2551 2180 2715 2255 ἦλθον
2734 2185 2830 2237 ἐπὶ
2851 2184 2951 2254 τὴν
2972 2181 3271 2256 ἐρώτησιν;
3293 2178 3450 2239 Εἶδον
3468 2183 3634 2239 τοῦτο

2044 2263 2211 2330 ὀξέως
2252 2269 2450 2320 ἐκεῖνοι
2499 2268 2596 2322 καὶ
2640 2267 2854 2334 καλῶς,
2890 2269 2972 2321 ὅτι
3023 2268 3273 2337 μείζονος
3309 2268 3491 2332 αὐτοῖς
3520 2269 3631 2324 ἔδει

2043 2346 2146 2417 τῆς
2177 2349 2401 2421 ἀρετῆς,
2427 2351 2616 2420 ἐπειδὴ
2650 2350 2746 2405 καὶ
2778 2350 3021 2423 μείζονος
3054 2350 3368 2423 ἠξιώθησαν
3405 2351 3503 2421 τῆς
3524 2350 3630 2405 δω-

2046 2433 2197 2502 ρεᾶς.
2237 2433 2422 2500 ’Δξιον
2454 2434 2513 2488 δέ
2559 2436 2816 2502 ἐξετάσαι
2858 2436 3099 2501 κάκεῖνο,
3127 2434 3218 2489 διὰ
3250 2436 3304 2488 τί
3352 2435 3627 2506 μηδέποτε

2042 2515 2226 2579 αὐτοῖς
2249 2516 2455 2587 ταύτην
2481 2520 2810 2590 εἰσηγήσατο
2828 2519 2927 2591 τὴν
2950 2518 3281 2591 συμϐουλήν.
3305 2520 3382 2573 Οὐ
3400 2518 3507 2591 γὰρ
3534 2518 3625 2586 ἂν,

2042 2598 2096 2652 εῐ
2124 2615 2189 2667 γε
2221 2600 2460 2671 ήκουσάν
2497 2619 2551 2655 τι
2578 2602 2845 2669 τοιοῦτον,
2881 2602 3041 2657 πάλιν
3076 2601 3142 2657 ἂν
3179 2601 3447 2675 ἔγραψαν,
3481 2603 3627 2674 ὑπὲρ

2041 2681 2149 2736 τῶν
2185 2683 2444 2738 τοιούτων
2464 2683 2623 2750 αὖθις
2653 2687 2986 2758 ἐρωτῶντες.
3012 2685 3123 2741 Καὶ
3143 2685 3214 2755 γά
3223 2704 3253 2758 ρ
3272 2687 3366 2740 καὶ
3388 2685 3625 2741 ἐνταῦθα

2039 2764 2103 2818 16
2129 2764 2290 2835 βάθος
2315 2768 2415 2839 τῆς
2448 2769 2641 2837 σοφίας
2660 2769 2775 2823 ἐστι
2808 2769 2901 2823 τοῦ
2927 2768 3139 2824 Παύλου
3168 2770 3522 2840 κατανοῆσαι.
3543 2770 3624 2823 Ού

2039 2848 2149 2921 γὰρ
2197 2849 2386 2914 ἁπλῶς
2422 2852 2542 2906 οὐδὲ
2564 2853 2696 2924 εικῆ
2737 2855 2951 2926 παρῆκε
2994 2855 3319 2925 πράγματος
3364 2853 3622 2908 τοσούτου

2041 2932 2385 3001 παραίνεσιν,
2414 2936 2529 2989 ἀλλ’
2571 2938 2801 3007 ἀνέμενε
2842 2936 3093 3009 πρώτους
3137 2938 3335 3000 αὐτοὺς
3377 2937 3457 3001 εἰς
3495 2938 3622 2990 ἐπι-
3648 2948 3655 2955 ‘

2040 3014 2243 3086 θυμίαν
2270 3017 2467 3085 ἐλθεῖν,
2497 3021 2591 3073 καὶ
2614 3020 2823 3075 ἔννοιάν
2850 3038 2972 3074 τινα
3006 3021 3134 3092 περὶ
3165 3019 3261 3073 τοῦ
3293 3020 3623 3092 πράγματος

2037 3098 2226 3153 τούτου
2260 3100 2464 3166 λαϐεῖν,
2496 3102 2562 3156 ἵν’
2594 3103 2946 3175 ᾠκειωμένας
2973 3104 3153 3157 αὐτῶν
3185 3104 3287 3176 ήδη
3314 3106 3381 3175 τῇ
3414 3104 3624 3175 παρθε-

2035 3182 2127 3254 νίᾳ
2153 3183 2333 3238 λαϐὼν
2360 3184 2461 3248 τάς
2506 3185 2704 3257 ψυχὰς,
2746 3188 3033 3259 χρησίμως
3078 3189 3206 3253 τοὺς
3253 3187 3621 3257 περὶτούτων

2037 3267 2382 3341 κατασπείρῃ
2418 3268 2630 3338 λόγους,
2655 3271 2755 3341 τῆς
2788 3271 2896 3325 τῶν
2917 3272 3221 3325 ἀκουόντων
3244 3272 3372 3343 περὶ
3396 3271 3456 3324 16
3477 3273 3620 3343 πρᾶ-

2036 3367 2155 3422 γμα
2188 3352 2427 3423 σχέσεως
2461 3354 2662 3425 πολλὴν
2704 3356 2951 3410 εὐκολίαν
2993 3356 3131 3427 πρὸς
3156 3356 3253 3428 τὴν
3284 3356 3385 3427 τῆς
3416 3374 3619 3429 παραι-

2035 3434 2236 3498 νέσεως
2266 3435 2533 3508 ὑποδοχὴν
2578 3438 2953 3510 παρεχούσης·
2989 3439 3085 3493 καὶ
3122 3439 3298 3503 ἄλλως
3339 3440 3398 3494 δὲ
3426 3440 3487 3494 16
3518 3441 3616 3495 τοῦ

2035 3518 2359 3591 πράγματος
2393 3520 2635 3575 δείκνυσι
2687 3523 2918 3593 μέγεθος
2957 3524 3051 3578 καὶ
3088 3523 3179 3578 τὸν
3212 3523 3374 3593 ὄγκον
3422 3523 3615 3580 πολύν.

2035 3600 2172 3655 Οὐδὲ
2203 3602 2313 3673 γὰρ
2343 3602 2434 3663 ἀν,
2474 3604 2524 3657 εί
2551 3603 2626 3675 μὴ
2655 3604 2815 3659 τοῦτο
2839 3602 2928 3679 ἦν,
2958 3606 3057 3677 τήν
3106 3607 3333 3661 ἐκείνων
3364 3606 3427 3660 ἂν
3452 3624 3615 3678 περι-

2018 3683 2195 3755 ,έμενε
2217 3685 2546 3758 προθυμίαν,
2581 3687 2718 3743 ἀλλά
2743 3688 3028 3760 προλαϐὼν
3073 3689 3236 3754 αὐτὸς
3287 3690 3353 3743 ἂν
3385 3692 3615 3763 εἰσηγή-

2036 3785 2167 3823 σατο
2199 3767 2244 3836 τ,
2287 3772 2337 3823 εί
2382 3770 2477 3825 καὶ
2523 3770 2600 3843 μὴ
2633 3771 2709 3836 ὼς
2755 3772 3059 3843 ἐπίταγμα,
3099 3773 3235 3844 μηδὲ
3264 3773 3341 3837 ὼς
3369 3774 3612 3846 ἐντολὴν,

2030 3853 2147 3907 ἀλλ’
2184 3853 2260 3919 ὡς
2293 3856 2612 3927 παραίνεσιν
2634 3857 2729 3910 καὶ
2749 3857 3080 3929 συμϐουλήν.
3113 3858 3173 3911 '0
3202 3857 3259 3912 δὲ
3291 3858 3426 3930 μηδὲ
3451 3858 3613 3914 τοῦτο

2030 3937 2400 4009 ἀνασχόμενος
2430 3941 2653 4010 ποιῆσαι
2687 3941 2903 4012 πρῶτος
2924 3941 3157 4014 φανερὸν
3181 3944 3314 4014 ἡμῖν
3336 3943 3610 4014 κατέστη-

2031 4038 2144 4089 σεν,
2186 4022 2267 4076 ὅτι
2318 4023 2530 4079 πολλῶν
2561 4025 2798 4096 ἱδρώτων
2846 4027 2942 4080 καὶ⁵
2974 4027 3218 4098 μεγάλης
3256 4028 3290 4098 ή
3341 4027 3612 4099 παρθενία

2026 4102 2194 4157 δεῖται
2224 4105 2325 4177 τῆς
2352 4106 2589 4174 ἀγωνίας
2610 4124 2626 4140 ο
2657 4110 2750 4162 καὶ
2767 4109 2999 4163 ἐνταῦθα
3023 4110 3081 4164 δὲ
3116 4109 3209 4163 τδν
3250 4110 3428 4164 κοινὸν
3450 4109 3609 4182 ήμῶν

2027 4187 2306 4260 Δεσπότην
2341 4190 2682 4261 μιμούμενος
2701 4192 2874 4257 οὕτως
2906 4194 3149 4263 ἐποίησε.
3186 4193 3299 4247 Καὶ
3330 4195 3440 4264 γάρ
3470 4196 3610 4249 ἐκεῖ-

2026 4286 2116 4334 νος
2140 4271 2263 4325 τότε
2294 4271 2541 4347 διελέχθη
2585 4276 2715 4348 περὶ
2746 4278 2847 4349 τῆς
2884 4276 3203 4349 παρθενίας,
3240 4278 3327 4332 ὅτε
3356 4280 3518 4333 αὐτὸν
3554 4282 3605 4333 οἱ

2028 4354 2269 4426 μαθηταὶ
2315 4357 2530 4429 ἤροντο.
2581 4360 2860 4416 Εἰπόντων
2891 4362 3020 4433 7&9,
3043 4364 3113 4416 El
3145 4362 3334 4429 οὕτως
3361 4362 3530 4417 ἐστὶν
3562 4365 3603 4433 ἡ

2022 4440 2184 4492 αἰτία
2203 4439 2309 4494 τοῦ
2332 4441 2649 4511 ἀνθρώπου
2670 4444 2823 4513 μετά
2846 4444 2959 4513 τῆς
2986 4444 3291 4514 γυναικὸς,
3310 4446 3607 4515 συμφέρει

2017 4521 2105 4590 μὴ
2138 4523 2440 4592 γαμῆσαιο
2492 4526 2614 4579 τότε
2644 4526 2795 4599 [278]
2843 4527 3073 4598 ἔφησενο
3109 4528 3285 4582 Είσὶν
3320 4529 3605 4600 εὐνοῦχοι

2021 4605 2239 4672 οἵτινες
2289 4608 2659 4678 εὐνούχισαν
2691 4609 2944 4676 ἑαυτοὺς
2991 4610 3090 4665 διὰ
3124 4609 3239 4679 τὴν
3276 4612 3606 4677 ,ϐασιλείαν

2021 4685 2140 4741 τῶν
2170 4689 2464 4757 οὐρανῶν.
2496 4692 2667 4746 Ὅταν
2691 4692 2799 4764 γὰρ
2826 4691 3023 4769 μέγαῇ
3050 4695 3110 4748 16
3142 4694 3599 4767 κατορθούμενον,

2022 4771 2116 4824 καὶ
2140 4770 2229 4855 διά
2251 4771 2411 4826 τοῦτο
2448 4775 2585 4846 μηδὲ
2615 4778 2698 4841 είς
2736 4778 2959 4848 ἐντολῆς
3000 4780 3250 4851 ἀνάγκην
3274 4782 3603 4855 κατακλείη-

2018 4869 2130 4917 ται,
2160 4854 2283 4908 τότε
2330 4856 2438 4910 τῶν
2478 4857 2781 4928 μελλόντων
2831 4862 3129 4934 κατορθοῦν
3160 4865 3259 4936 τὴν
3288 4854 3603 4938 προθυμίαν

2019 4938 2311 5006 ἀναμένειν
2338 4940 2466 5012 χρὴ,
2503 4942 2674 5013 ἐτέρῳ
2709 4943 2817 4997 τινὶ
2838 4946 3026 5017 τρόπῳ
3055 4948 3150 5001 καὶ
3182 4949 3507 5015 ἀνυπόπτως
3538 4950 3602 5005 16

2018 5020 2376 5100 θελῆσαικαὶ
2407 5022 2734 5095 βουληθῆναι
2766 5030 3275 5097 κατασκευάζοντας
3300 5035 3358 5087 ἐν
3382 5035 3594 5097 αὐτοῖς·

2015 5102 2207 5176 ὥσπερ
2241 5100 2335 5159 οῦν
2362 5108 2457 5161 καὶ
2485 5110 2514 5160 6
2534 5108 2767 5177 Χριστὸς
2794 5111 3069 5182 ἐποίησεν.
3105 5116 3181 5168 υύ
3209 5115 3321 5184 γὰρ
3350 5116 3458 5170 ἀπὸ
3487 5117 3598 5174 τῶν

2015 5187 2146 5258 περὶ
2176 5188 2476 5260 παρθενίας
2498 5190 2670 5259 λόγων
2697 5195 2776 5256 είς
2804 5195 2905 5266 τήν
2937 5198 3038 5267 τῆς
3069 5197 3368 5267 παρθενίας
3398 5199 3597 5266 αὐτοὺς

2013 5271 2308 5342 ἐπιθυμίαν
2341 5272 2616 5337 ἐνέϐαλεν.
2642 5275 2779 5331 ἀλλά
2809 5280 2938 5350 περὶ
2964 5279 3060 5332 τοῦ
3082 5280 3263 5351 γάμου
3296 5283 3456 5352 μόνον
3479 5284 3597 5339 δια-

2012 5352 2246 5423 λεχθεὶς,
2285 5355 2382 5410 καὶ
2425 5358 2486 5409 16
2527 5356 2691 5428 βάρος
2734 5360 2830 5413 τοῦ
2882 5362 3207 5432 πράγματος
3250 5365 3452 5432 δείξας,
3498 5368 3595 5423 καὶ

2014 5436 2176 5508 μέχρι
2203 5437 2391 5520 τούτου
2434 5442 2635 5511 στήσας
2666 5442 2757 5497 τὸν
2799 5443 2975 5513 λόγον,
3012 5443 3153 5499 οὕτω
3186 5448 3363 5517 σοφῶς
3389 5449 3593 5520 ᾠκονό-

2013 5534 2206 5589 μησεν,
2237 5518 2313 5584 ὼς
2340 5522 2467 5586 τοὺς
2494 5523 2661 5594 μηδὲν
2686 5527 2814 5597 περὶ
2847 5525 2940 5580 τοῦ
2980 5528 3056 5598 μὴ
3093 5532 3292 5600 γαμεῖν
3321 5518 3591 5589 ἀκούσαν-

2006 5617 2108 5686 τας
2139 5601 2336 5686 αὐτοὺς
2358 5604 2452 5673 ἀφ’
2486 5607 2697 5686 ἑαυτῶν
2718 5610 2916 5674 εἰπεῖν,
2946 5609 3029 5663 ὃτι
3055 5612 3349 5682 Συμφέρει
3365 5613 3453 5683 μὴ
3489 5631 3591 5686 γα-

326 5684 653 5771 ἐπι-ῖτσνὶκαῖ
819 5684 1089 5771 augebam?
1120 5684 1266 5771 οἰκεῖν
1295 5684 1406 5757 ’μετ’
1437 5684 1692 5771 αρτὸξῗμὴ
1718 5684 1902 5771 ’ἀφιέέω
2001 5684 2159 5771 μεῖν.
2188 5685 2288 5740 Διά
2313 5686 2471 5741 τοῦτο
2500 5684 2594 5743 οὖν
2627 5690 2783 5771 καὶ
2809 5690 3021 5756 Παῦλος
3048 5692 3253 5764 ἔλεγεν,
3287 5698 3316 5750 6
3338 5696 3433 5750 τοῦ
3455 5684 3589 5771 Χρι-

325 5748 853 5829 ῗῗέἧῖἶῖξῗὶιῇτὶς
870 5752 967 5829 εχει
988 5753 1135 5829 ἐνδρα
1155 5748 1373 5829 ἀπξσῖὸνι
1396 5758 1498 5829 nea.
1518 5748 1655 5827 οὗτοὶ

324 5810 399 5857 κεῖ
423 5810 567 5856 οἰκεῖν
594 5811 696 5872 μετ’
722 5810 961 5875 αὐτῆς,μή
985 5810 1162 5877 ἀφιέτω
1188 5816 1345 5865 αὐτόν.
1363 5810 1395 5861 ⁷»
1421 5818 1510 5867 Διά
1532 5810 1674 5867 τοῦτο
1695 5816 1776 5867 οὖν
1800 5819 1902 5868 ἐλε-

324 5883 419 5936 γεν,
442 5884 472 5936 1
488 5870 594 5934 Οὐχ
624 5873 652 5920 6
671 5871 859 5936 Κύριος.
882 5874 985 5922 ἀλλ’
1007 5875 1102 5936 ἐγὼ
1119 5878 1260 5936 λέγω.
1289 5896 1313 5920 ν
1338 5881 1426 5928 Οὐ.

323 5883 419 6005 τεξ
440 5883 1441 6005 ιξκεῖξξεςξίηάαξξυῖτὲξξιτ

382 5995 413 6066 ξι
439 5991 688 6045 εἰσδανὶι.
718 6002 767 6046 el
801 5997 924 6061 Reg.
950 5991 1122 6049 M0121.
1146 5991 1400 6054 ευωῑῑϊω
1420 5991 1637 6068 Thulin.
1681 6002 1802 6053 am
1831 6005 1893 6068 μῆ

326 6053 497 6116 ἰιῐσῃς.

2007 5767 2134 5822 στοῦ
2161 5772 2405 5843 μιμητής
2423 5789 2437 5804 ·
2460 5773 2601 5841 Περὶ
2626 5773 2695 5827 δὲ
2720 5769 2808 5828 ὧν
2825 5775 3126 5845 ἐγράψατέ
3145 5794 3281 5847 μοι·
3312 5781 3471 5851 μόνον
3488 5767 3587 5837 οὐκ

2005 5854 2443 5927 ἀπολογούμενος
2492 5858 2677 5923 αὐτοῖς
2708 5858 2796 5915 διὰ
2843 5860 3082 5923 τούτων.
3128 5863 3223 5918 καὶ
3266 5864 3471 5935 λέγων.
3501 5868 3585 5922 ὅτι

2068 5948 2091 5976 ε
2115 5946 2243 6025 Βοβ.
2272 5951 2327 6025 εει
2362 5946 2774 6025 εειίοἱικὶαωπε.
2806 5953 3078 6011 δεικνύντες.
3111 5955 3267 6007 Paulo
3304 5964 3416 6021 post
3460 5962 3582 6025 Reg.

2002 6010 2090 6073 οὔτε
2109 6008 2167 6073 ἦν
2185 6008 2212 6055 ὁ
2233 6008 2381 6073 γάμος
2412 6010 2689 6073 ἀμφίϐολος.

2069 6062 2090 6106 τ
2120 6062 3053 6136 [πεζοι5⁷ηνί1.ἐίσηγξσατο.Ριεηιὶη.
3078 6083 3129 6129 ει
3153 6078 3575 6157 Μοτε1.ἡγήσατο.
