4020 6376
1131 408 1212 434 νῆ

1114 451 1123 461 ο
1173 439 1212 460 ’δι’

315 622 471 676 nibus
493 618 660 672 multa
684 631 750 672 ac
775 631 978 688 magna
1001 609 1296 669 obvenient
1324 607 1489 665 bona,
1517 616 1638 672 qua:
1675 607 1731 653 et
1757 611 1890 651 ocu-

317 723 416 774 tos.
450 722 504 768 et
536 727 720 774 aures,
756 719 813 764 et
847 710 1143 763 humanam
1181 697 1571 771 cogitationem
1608 695 1893 761 superent.

321 807 505 875 Itaque
529 804 596 858 iis
618 801 869 858 dimissis
901 799 1060 870 (satis
1090 803 1173 850 est
1193 793 1337 848 enim
1359 790 1472 859 jam
1509 798 1635 839 cum
1668 782 1737 836 iis
1772 794 1896 834 ver-

322 897 541 963 borum)
578 899 645 949 ad
676 893 939 949 Ecclesiae
974 890 1113 944 ﬁlios
1139 895 1451 942 sermonem
1482 875 1856 932 conferamus.

392 993 508 1049 XII.
538 989 759 1044 Paulum
785 984 872 1055 qui
897 982 1065 1042 dicat,
1094 976 1332 1044 Reliquis
1358 987 1456 1042 ego
1478 971 1596 1026 dico
1613 1009 1628 1034 ,
1660 981 1768 1021 non
1795 964 1904 1017 Do-

323 1087 522 1150 minus,
564 1083 842 1134 humanum
869 1073 923 1126 id
953 1070 1218 1127 consilium
1247 1081 1354 1120 esse
1379 1080 1480 1116 non
1507 1059 1812 1130 signi/icore.
1835 1081 1908 1093 -—-

326 1177 480 1236 Unde
510 1143 700 1245 vigitur
758 1174 976 1239 praestat
1018 1163 1314 1218 orationem
1365 1151 1642 1211 exordiri?
1707 1147 1790 1203 Ab
1843 1143 1909 1198 iis

326 1267 536 1325 Domini
565 1239 740 1319 verbis
771 1303 787 1328 ,
819 1275 940 1330 quae
980 1273 1074 1326 per
1117 1255 1328 1308 beatum
1367 1247 1588 1303 Paulum
1624 1239 1904 1312 profatur:

325 1376 449 1416 nam
478 1357 634 1427 hujus
658 1351 1077 1410 cohortationem
1105 1343 1318 1400 Domini
1349 1337 1770 1396 cohortationem
1791 1346 1911 1386 esse

326 1450 651 1508 credendum
697 1455 797 1502 est.
826 1445 961 1499 Cum
1000 1441 1144 1494 enim
1180 1438 1354 1500 dicit,
1396 1431 1706 1503 Conjugibus
1744 1435 1912 1480 autem

327 1543 602 1617 precipio,
646 1554 745 1593 non
766 1553 857 1606 ego
880 1577 896 1601 ,
924 1533 1013 1588 sed
1033 1531 1286 1585 Dominus
1313 1536 1401 1581 :et
1441 1537 1675 1587 rursum,
1707 1517 1913 1573 Cteteris

335 1613 431 1697 ego
457 1630 600 1692 dico,
631 1641 736 1679 non
769 1622 1029 1677 Dominus
1053 1621 1130 1690 (1,
1154 1619 1275 1675 Cor.
1297 1618 1346 1672 7.
1371 1616 1438 1671 10
1475 1627 1523 1671 et
1552 1617 1669 1680 12);
1700 1631 1811 1669 non
1857 1613 1912 1667 id

338 1719 498 1782 dicit,
523 1716 628 1770 alia
656 1729 756 1770 sua
771 1729 918 1777 esse,
937 1713 1044 1767 alia
1063 1711 1301 1765 Domini.
1324 1708 1458 1762 Nam
1480 1709 1573 1779 qui
1598 1708 1912 1777 loquentem

340 1813 401 1866 in
430 1825 490 1865 se
517 1807 794 1863 Christum
818 1804 1060 1868 haberet,
1081 1802 1173 1872 qui
1209 1817 1311 1857 nec
1333 1801 1516 1854 vivere
1542 1803 1836 1867 satageret,
1854 1801 1915 1847 ut

342 1903 404 1956 in
434 1917 495 1956 se
517 1898 774 1954 Christus
804 1897 1028 1960 viveret,
1047 1895 1141 1964 qui
1165 1908 1418 1964 regnum,
1445 1891 1636 1956 vitam,
1669 1889 1913 1961 angelos,

344 1995 682 2054 Potestates,
710 2002 1040 2056 omnemque
1056 1992 1368 2041 creaturam
1391 1985 1576 2048 aliam,
1613 1993 1781 2051 atque
1802 1996 1920 2034 om-

345 2083 482 2138 nino
525 2081 708 2136 omnia
739 2079 858 2144 ejus
882 2078 1054 2132 amori
1087 2083 1463 2146 postponeret,
1498 2089 1608 2144 quo
1632 2082 1791 2143 pacto
1825 2078 1919 2124 aut

347 2172 533 2242 eloqui
563 2179 656 2225 aut
689 2170 934 2239 cogitare
955 2167 1161 2237 aliquid
1195 2168 1249 2221 in
1294 2167 1538 2220 animum
1585 2163 1919 2226 induxisset,

346 2265 493 2335 quod
527 2262 752 2318 Christo
782 2277 892 2316 non
921 2261 1182 2330 placeret,
1201 2259 1502 2330 praesertim
1526 2275 1648 2312 cum
1673 2257 1815 2312 hanc
1845 2258 1922 2312 le-

344 2367 468 2424 gem
501 2351 801 2406 conderet?
833 2349 976 2415 Quid
1003 2359 1087 2404 est
1116 2364 1250 2419 ergo
1275 2348 1424 2416 quod
1459 2347 1614 2410 dicit,
1649 2344 1784 2415 Ego,
1819 2361 1922 2397 non

344 2439 471 2509 ego?
490 2438 658 2508 Leges
677 2437 839 2491 nobis
860 2451 925 2490 ac
953 2435 1204 2505 dogmata
1223 2435 1423 2504 partim
1448 2449 1545 2503 per
1566 2447 1623 2486 se
1643 2431 1922 2494 Christus,

347 2525 550 2596 partim
579 2539 674 2594 per
695 2523 974 2592 apostolos
1003 2520 1264 2592 prodidit.
1285 2518 1420 2574 Nam
1448 2536 1557 2573 non
1585 2518 1768 2572 omnia
1798 2532 1923 2572 eum

347 2625 448 2680 per
465 2624 526 2664 se
543 2608 829 2672 statuisse,
861 2605 989 2660 audi
1008 2604 1140 2674 quid
1165 2605 1312 2659 dicat
1337 2623 1349 2659 :
1385 2603 1564 2657 Multa
1590 2603 1756 2656 habeo
1782 2601 1924 2656 vobis

350 2698 550 2760 dicere,
582 2697 672 2750 sed
700 2711 802 2748 non
822 2694 1040 2762 potestis
1067 2706 1281 2761 portare
1301 2691 1455 2745 modo
1481 2689 1662 2760 (Joan.
1699 2689 1788 2744 16.
1816 2689 1924 2759 12).

349 2785 546 2854 Itaque
583 2782 714 2838 illud
740 2800 753 2834 :
777 2780 921 2835 Uxor
952 2798 982 2834 a
1005 2781 1117 2834 viro
1139 2796 1202 2833 ne
1225 2778 1463 2832 discedat
1487 2778 1563 2848 (1.
1588 2778 1712 2833 Cor.
1742 2776 1926 2847 7.10),

347 2873 465 2944 jam
499 2879 623 2925 ante
649 2877 929 2934 sanxerat,
965 2883 1088 2923 cum
1120 2867 1175 2920 in
1208 2867 1372 2921 terris
1397 2880 1564 2921 carne
1584 2865 1810 2919 indutus
1833 2864 1930 2918 de-

351 2968 509 3033 geret
543 2978 557 3014 :
595 2959 827 3027 ideoque
873 2957 1027 3021 dicit,
1073 2954 1396 3025 Conjugibus
1439 2963 1615 3007 autem
1655 2953 1927 3022 pra’cipio,

351 3066 460 3106 non
486 3063 600 3120 ego,
625 3045 716 3100 sed
752 3045 1035 3098 Dominus.
1073 3041 1229 3109 Quod
1265 3041 1332 3096 ad
1363 3041 1608 3096 inﬁdeles
1651 3042 1927 3104 attineret,

353 3151 601 3207 prasens
633 3132 768 3188 nihil
792 3131 1060 3192 edixerat,
1087 3132 1182 3186 sed
1207 3130 1273 3184 ad
1304 3129 1357 3184 id
1392 3129 1548 3182 Pauli
1578 3136 1812 3182 mentem
1841 3128 1932 3182 in-

352 3226 538 3279 citans
570 3224 737 3296 legem
777 3220 988 3276 ferebat
1024 3219 1040 3250 ¹
1075 3238 1086 3272 :
1121 3218 1327 3288 itaque,
1371 3215 1496 3271 Non
1530 3215 1813 3287 Dyminus,
1846 3214 1932 3267 in-

352 3313 498 3384 quit,
539 3312 631 3368 sed
667 3327 758 3377 ego
791 3325 810 3363 :
849 3325 957 3363 non
997 3309 1088 3380 qui
1126 3307 1496 3377 signiﬁcatum
1525 3305 1706 3368 vellet,
1745 3303 1934 3357 huma-

354 3419 488 3457 num
513 3415 635 3456 esse
667 3397 814 3468 quod
840 3398 1116 3453 diceretur
1143 3415 1156 3449 :
1195 3394 1332 3449 nihil
1362 3393 1544 3448 minus
1569 3410 1584 3459 ;
1613 3391 1707 3446 sed
1729 3405 1933 3461 praece-

357 3496 515 3558 ptum
552 3487 606 3541 id
640 3487 708 3542 ab
740 3501 807 3540 eo
855 3491 1127 3559 praesente
1163 3480 1454 3550 discipulis
1502 3478 1782 3550 proditum
1823 3491 1934 3530 non

357 3591 507 3639 esse,
541 3575 635 3630 sed
666 3589 815 3628 nunc
840 3573 1060 3627 demum
1094 3586 1192 3641 per
1223 3585 1300 3625 se.
1335 3567 1518 3634 Quare
1547 3574 1606 3622 ut
1638 3566 1791 3629 illud,
1823 3564 1936 3618 Do-

357 3664 554 3727 minus,
585 3679 688 3716 non
712 3677 827 3731 ego,
863 3659 1006 3713 haud
1038 3659 1158 3728 ejus
1191 3667 1274 3712 est
1297 3657 1392 3727 qui
1423 3655 1627 3710 Christi
1649 3653 1807 3724 jusso
1838 3652 1937 3707 ad-

358 3760 609 3805 versetur
635 3767 648 3802 :
674 3749 750 3802 ita
773 3747 900 3810 hoc,
930 3743 1064 3815 Ego,
1088 3761 1192 3799 non
1213 3743 1497 3807 Dominus,
1531 3757 1640 3796 non
1660 3741 1932 3811 privatum

357 3838 644 3907 quiddam,
675 3845 731 3891 et
759 3843 956 3905 praeter
987 3831 1082 3887 Dei
1120 3839 1356 3886 mentem
1393 3829 1664 3885 edicentis
1693 3838 1798 3894 est,
1839 3827 1935 3882 sed

358 3929 466 3980 hoc
500 3928 678 3980 solum
720 3921 1041 3986 indicantis,
1079 3935 1177 3992 per
1209 3935 1268 3975 se
1318 3929 1648 3989 praeceptum
1690 3918 1742 3972 id
1791 3931 1938 3971 nunc

358 4013 538 4083 prodi.
570 4011 706 4066 Nam
739 4010 809 4067 de
838 4010 1004 4064 vidua
1047 4008 1300 4078 loquens,
1337 4005 1558 4062 Beatior
1593 4015 1694 4068 est,
1731 4005 1933 4073 inquit,

355 4103 486 4160 sisic
515 4099 844 4170 permanserit
862 4140 877 4161 ,
907 4097 1181 4152 secundum
1207 4113 1371 4150 meum
1394 4095 1663 4150 consilium
1697 4091 1790 4165 (1.
1818 4090 1939 4146 Cor.

351 4194 410 4246 7.
437 4192 566 4261 40);
594 4204 657 4245 ac
685 4204 753 4246 ne
779 4189 1004 4244 audiens
1028 4229 1045 4254 ,
1101 4186 1396 4243 Secundum
1434 4201 1600 4239 meum
1639 4183 1904 4240 consilium
1925 4223 1940 4248 ,

356 4283 649 4337 humanum
677 4289 1038 4336 commentum
1065 4277 1313 4333 crederes
1333 4317 1349 4342 ,
1387 4275 1746 4344 suspicionem
1775 4272 1932 4327 addi-

356 4382 596 4429 tamento
618 4388 683 4428 eo
710 4372 958 4438 sustulit,
989 4371 1122 4425 Puto
1147 4380 1316 4424 autem
1351 4369 1488 4440 quod
1515 4377 1561 4422 et
1590 4384 1680 4438 ego
1711 4367 1948 4437 spiritum

357 4467 458 4523 Dei
485 4466 716 4520 habeam.
748 4465 929 4536 Itaque
960 4473 1015 4520 ut
1040 4480 1160 4535 qua:
1188 4463 1410 4532 Spiritus
1439 4468 1623 4516 essent
1648 4461 1903 4528 eloquens
1926 4497 1944 4526 ,

354 4573 511 4612 suam
557 4557 872 4613 sententiam
920 4565 1116 4622 vocat,
1173 4569 1274 4610 nec
1320 4562 1602 4624 pr0pterea
1654 4551 1945 4604 humanum

358 4648 552 4703 scitum
581 4647 850 4702 dicemus:
881 4646 952 4701 ita
979 4653 1034 4700 et
1069 4661 1209 4700 nunc
1235 4660 1354 4699 cum
1387 4644 1594 4714 inquit,
1635 4641 1750 4713 Ego
1790 4641 1903 4695 dico
1929 4683 1946 4708 ,

358 4757 463 4795 non
487 4739 739 4795 Dominus
765 4781 782 4807 ,
810 4755 878 4794 ne
905 4737 1034 4792 mihi
1068 4737 1266 4792 idcirco
1301 4735 1451 4796 Pauli
1492 4748 1794 4790 sermonem
1831 4748 1951 4788 esse

359 4835 668 4890 existimes:
694 4833 1135 4902 habebatquippe
1161 4832 1466 4902 loquentem
1490 4829 1542 4885 in
1564 4844 1624 4884 se
1653 4828 1946 4893 Christum;

369 4939 548 4995 neque
586 4940 749 4980 ausus
803 4923 992 4979 fuisset
1018 4931 1219 4977 tantum
1258 4923 1450 4992 dogma
1492 4921 1773 4976 sententia:
1800 4933 1952 4974 more

362 5035 600 5092 ponere,
628 5020 726 5074 nisi
753 5018 924 5089 legem
968 5016 1093 5072 inde
1139 5015 1400 5085 petiisset.
1443 5013 1518 5068 Ita
1553 5014 1694 5069 enim
1739 5027 1859 5067 cum
1887 5026 1954 5066 eo

363 5111 627 5182 quispiam
673 5111 926 5179 loquutus
969 5107 1191 5163 fuisset:
1232 5106 1349 5162 Non
1389 5105 1628 5161 sustineo
1654 5103 1746 5174 qui
1781 5101 1953 5158 ﬁdelis

362 5203 471 5258 sim
502 5217 621 5256 cum
651 5201 875 5264 inﬁdeli,
899 5201 987 5270 qui
1018 5215 1182 5270 purus
1204 5216 1326 5256 cum
1355 5199 1560 5269 impura
1581 5197 1777 5267 degere
1801 5212 1816 5260 ;
1845 5204 1955 5250 tute

367 5293 475 5347 iam
507 5292 719 5347 dicebas
750 5334 764 5358 ,
804 5295 921 5347 hzcc
947 5301 999 5346 te
1043 5291 1228 5346 dicere
1258 5330 1274 5355 ,
1317 5306 1424 5346 non
1467 5288 1772 5343 Dominum.
1801 5287 1956 5342 Unde

368 5383 529 5452 igitur
552 5382 684 5437 mihi
710 5383 903 5454 pignus
918 5392 1078 5452 atque
1096 5380 1300 5438 ﬁdem?
1327 5382 1394 5435 At
1409 5379 1630 5434 dixisset
1655 5379 1705 5433 ei
1734 5379 1952 5434 Paulus:

365 5476 444 5533 Ne
474 5477 710 5532 verearis
735 5495 751 5542 ;
780 5475 902 5532 ideo
926 5475 1070 5531 enim
1097 5474 1212 5530 dixi
1239 5517 1254 5542 ,
1299 5473 1498 5528 habere
1528 5486 1614 5527 me
1644 5471 1954 5541 loquentem

436 5689 448 5718 ι
487 5688 612 5755 περ..
630 5689 683 5755 et
703 5682 844 5755 savii:
869 5682 1054 5755 habent
1083 5689 1300 5755 _:_I.egem
1322 5677 1504 5755 ferebat
1541 5675 1705 5755 dicens
1734 5689 1750 5728 :
1774 5675 1824 5728 si
1852 5675 1960 5755 (mis

370 5737 583 5817 uxorein
594 5743 1021 5817 habetinﬁdelem,
1046 5751 1094 5793 et
1110 5737 1216 5794 hazE
1235 5737 1709 5817 consentithabitare
1726 5737 1958 5817 cpnilillo,

371 5820 464 5882 ne!
481 5808 692 5882 μίητίιιαι
707 5799 882 5882 etei";
899 5813 944 5882 ξι
966 5799 1017 5882 εἰ
1031 5819 1126 5882 σιω
1149 5804 1321 5882 "cilia
1344 5803 1482 5882 ζιαθςς
1503 5801 1660 5882 “iter
1691 5799 1955 5882 ξηβάειενξο

371 5877 421 5942 et
441 5861 1160 5942 hicconsenljthabitaregcum
1181 5866 1286 5925 illa,
1310 5878 1404 5942 non
1427 5863 1637 5942 diariiztat
1661 5861 1835 5915 virum.
1878 5861 1961 5914 ld~

373 5933 504 6010 circa
523 5931 668 6000 igitur
693 5929 818 5988 dicit
846 5944 865 5985 :
890 5941 990 5984 Non
1012 5924 1372 5993 Dominus,sed
1393 5940 1480 5993 ego
1501 5924 1625 5978 dico.

1645 480 1734 537 DE
1777 469 2236 533 VIRGINITATE.

3492 443 3600 498 542

2010 589 2066 644 in
2085 603 2172 644 me
2198 586 2470 644 Christum
2497 601 2510 638 :
2539 589 2594 638 et
2615 625 2631 650 ,
2667 579 2836 636 videri
2862 593 2949 634 me
2983 589 3194 648 quoque
3223 569 3459 626 divinum
3488 564 3586 621 ha-

2010 679 2140 734 bere
2165 678 2407 749 spiritum
2441 716 2456 742 ,
2498 689 2565 728 ne
2587 670 2713 742 quid
2747 683 2934 726 eorum
2973 682 3090 737 qua:
3115 663 3369 720 dixissem
3399 659 3591 714 huma-

2012 786 2138 825 num
2167 763 2662 838 suspicarere.'Nisi
2685 763 2826 816 enim
2861 761 2930 814 ita
2956 766 3097 813 esset
3116 797 3131 820 ,
3160 766 3448 823 numquam
3475 763 3593 802 eam

2011 861 2380 918 auctoritatem
2434 855 2569 912 meis
2618 851 3027 924 cogitationibus
3074 847 3400 902 tribuissem.
3459 840 3596 894 Sunt

2012 954 2142 1006 enim
2193 949 2480 1004 mortalium
2526 944 2851 1017 cogitationes
2905 940 3115 1003 timidaz,
3150 950 3416 1003 eorumque
3459 947 3602 985 com-

2012 1055 2178 1099 menta
2206 1041 2488 1112 periculosa
2528 1037 2684 1109 (Sap.
2713 1035 2766 1091 9.
2800 1034 2912 1103 14).
2941 1031 3058 1087 iam
3106 1044 3235 1084 vero
3277 1026 3407 1095 legis
3435 1024 3598 1077 etiam

2013 1139 2120 1192 vim
2141 1135 2288 1192 orbis
2319 1143 2581 1190 terrarum
2611 1127 2849 1183 Ecclesia
2890 1126 3260 1186 demonstrat,
3302 1133 3419 1172 eam
3442 1129 3599 1169 accu—

2017 1237 2134 1284 rate
2161 1239 2401 1290 servans,
2440 1221 2849 1290 haudquaquam
2872 1225 3170 1277 servatura,
3198 1211 3297 1264 nisi
3326 1206 3603 1276 explorate

2016 1325 2382 1390 cognosceret,
2407 1313 2457 1368 id
2487 1312 2688 1368 dictum
2724 1309 2919 1363 Christi
2955 1320 3074 1361 esse
3101 1300 3430 1357 mandatum.
3459 1294 3599 1362 Quid

2018 1386 2177 1481 igiiur
2219 1406 2413 1462 Paulus
2472 1402 2680 1458 Domini
2720 1399 2974 1454 instinctu
3019 1396 3266 1450 incitatus
3313 1388 3484 1444 dicit?
3526 1386 3606 1440 De

2016 1501 2194 1570 quibus
2221 1509 2390 1552 autem
2417 1493 2826 1564 mihiscripsistis
2856 1534 2871 1558 ,
2904 1488 3090 1544 bonum
3119 1495 3243 1540 esset
3266 1481 3456 1536 homini
3487 1496 3602 1531 mu-

2018 1593 2188 1646 lierem
2215 1608 2316 1643 non
2336 1597 2538 1658 tangere
2561 1587 2638 1654 (1.
2666 1582 2784 1638 Cor.
2815 1584 2870 1636 7.
2897 1579 2974 1652 1).
3005 1579 3102 1633 ilic
3129 1572 3455 1646 approbandi
3483 1577 3607 1624 sunt

2017 1683 2299 1746 Corinthii,
2323 1682 2413 1750 qui
2443 1679 2588 1733 nullo
2615 1685 2834 1744 accepto
2856 1689 2887 1727 a
2917 1681 3246 1742 praeceptore
3277 1665 3504 1721 consilio
3531 1662 3602 1716 de

2018 1774 2342 1844 virginitate,
2371 1771 2470 1840 ipsi
2500 1776 2741 1838 quterere
2762 1769 3116 1820 antevertant.
3141 1762 3318 1828 Atque
3349 1758 3472 1809 hinc
3494 1755 3605 1823 jam

2020 1869 2098 1924 eis
2123 1866 2307 1936 gratia:
2333 1878 2495 1933 Opera
2526 1863 2719 1916 factam
2750 1857 3116 1913 accessionem
3162 1849 3414 1906 ostendit.
3466 1846 3601 1901 Nam

2020 1977 2088 2015 ex
2116 1957 2281 2013 veteri
2309 1956 2652 2011 Testamento
2680 1965 2767 2006 res
2793 1947 2951 2002 dubia
2979 1961 3085 2000 non
3124 1951 3259 2008 erat,
3291 1954 3396 1994 non
3424 1937 3600 1992 solum

2022 2050 2240 2119 reliquis
2267 2046 2518 2102 omnibus
2549 2085 2564 2108 ,
2596 2040 2691 2097 sed
2721 2038 2918 2094 Levitis
2944 2037 3105 2092 etiam
3135 2041 3189 2088 et
3212 2028 3557 2102 pontiﬁcibus
3586 2067 3602 2091 ,

2023 2151 2181 2210 atque
2218 2139 2335 2208 ipso
2372 2133 2626 2206 pontiﬁce
2665 2129 2899 2186 maximo
2919 2167 2934 2193 ,
2965 2121 3306 2181 matrimonio
3333 2120 3388 2174 in
3415 2116 3604 2189 primis

2024 2245 2244 2302 operam
2270 2227 2542 2282 dantibus.

2094 2321 2235 2378 Xlll.
2276 2319 2378 2376 Cur
2395 2319 2462 2372 ad
2487 2333 2600 2371 eum
2628 2314 2691 2369 de
2717 2312 3003 2384 virginitate
3020 2306 3266 2363 Corinthii
3292 2301 3604 2371 scripserint,

2025 2432 2117 2470 nec
2161 2416 2270 2485 ipse
2315 2428 2400 2467 eos
2446 2410 2586 2482 prior
2632 2408 2924 2461 cohortatus
2974 2398 3320 2456 sit.—Uude
3362 2396 3521 2467 igitur
3561 2394 3616 2448 in

2027 2505 2377 2578 quzestiouem
2399 2499 2702 2557 venerunt?
2724 2501 2892 2552 Acute
2915 2495 2967 2550 id
2987 2509 3048 2546 ac
3072 2491 3328 2562 praeclare
3347 2487 3616 2552 viderunt,

2028 2598 2220 2669 majori
2249 2596 2354 2652 sibi
2380 2596 2576 2648 virtute
2601 2607 2735 2660 opus
2762 2604 2907 2654 esse,
2936 2586 3024 2657 qui
3052 2584 3222 2652 majus
3245 2581 3445 2636 donum
3467 2593 3622 2632 accc.

2031 2694 2255 2764 pissent.
2298 2689 2430 2745 lllud
2459 2687 2617 2742 etiam
2648 2680 3110 2738 animadversione
3138 2676 3356 2746 dignum
3381 2680 3490 2736 est,
3523 2685 3621 2724 cur

2033 2785 2085 2842 id
2109 2785 2188 2840 eis
2213 2783 2492 2838 consilium
2523 2795 2628 2833 non
2658 2761 2998 2844 exposuerit;
3032 2785 3205 2842 neque
3230 2768 3376 2823 enim
3404 2766 3448 2820 si
3492 2763 3619 2834 quid

2031 2875 2296 2948 ejusmodi
2337 2873 2644 2937 audissent,
2695 2870 2886 2922 iterum
2935 2879 2999 2918 ex
3043 2878 3107 2916 eo
3150 2876 3245 2930 per
3271 2859 3450 2912 literas
3480 2855 3622 2910 idem

2033 2967 2420 3040 quaesivissent.
2449 2962 2583 3017 Nam
2624 2969 2677 3016 et
2705 2958 2792 3012 hic
2833 2953 3201 3010 admirabilem
3233 2948 3382 3003 Pauli
3409 2946 3624 3015 sapien-

2033 3063 2160 3116 tiam
2203 3069 2528 3128 cognoscere
2575 3063 2676 3108 est.
2726 3049 2910 3118 Neque
2955 3044 3099 3101 enim
3147 3051 3347 3096 temere
3399 3053 3464 3092 ac
3510 3036 3626 3091 sine

2034 3167 2194 3208 causa
2218 3165 2333 3205 rem
2363 3156 2563 3202 tantam
2593 3157 2813 3198 monere
2842 3137 3055 3203 omisit,
3098 3134 3192 3190 sed
3221 3131 3472 3188 sustinuit
3497 3130 3626 3184 dum

2035 3245 2134 3316 ipsi
2161 3244 2308 3314 prius
2336 3241 2566 3310 aliquam
2603 3236 2720 3308 ejus
2755 3232 2996 3288 notitiam
3037 3224 3352 3295 consequuti
3391 3223 3446 3278 in
3472 3221 3626 3290 cupi-

2036 3339 2254 3394 ditatem
2282 3334 2550 3398 venirent,
2582 3338 2638 3384 ut
2667 3343 2851 3383 eorum
2879 3323 3085 3378 animos
3114 3329 3301 3374 nactus
3322 3317 3431 3386 jam
3463 3315 3627 3384 virgi-

2038 3428 2190 3484 nitati
2218 3411 2449 3487 deditos,
2481 3422 2685 3476 utiliter
2712 3417 2863 3472 hisce
2890 3413 2957 3469 de
2987 3412 3148 3466 rebus
3173 3421 3451 3464 Sermones
3477 3420 3628 3461 sere-

2037 3531 2142 3588 ret,
2169 3519 2470 3575 auditorum
2500 3516 2551 3570 in
2583 3528 2696 3568 rem
2725 3509 2900 3565 studio
2928 3507 3116 3576 ingens
3168 3501 3532 3571 adjumentum
3563 3497 3630 3551 ad

2039 3609 2425 3669 cohortationis
2467 3605 2850 3662 admissionem
2898 3603 3300 3669 praestanlezet
3324 3590 3522 3660 alioqui
3553 3589 3635 3644 rei

2041 3703 2476 3777 magnitudinem
2515 3709 2674 3770 atque
2721 3696 2984 3764 insignem
3031 3689 3346 3762 gravitatem
3377 3683 3634 3740 ostendit.

2041 3797 2176 3853 Nam
2225 3797 2279 3851 ni
2325 3797 2396 3850 ita
2424 3801 2588 3857 esset,
2622 3804 2729 3843 non
2755 3793 3066 3856 exspectato
3095 3795 3281 3837 eorum
3313 3778 3490 3833 studio
3521 3777 3636 3845 ipse

2045 3893 2099 3948 id
2127 3891 2294 3962 prior,
2319 3890 2365 3944 si
2397 3904 2501 3944 non
2535 3893 2591 3939 ut
2615 3885 2823 3955 jussum
2847 3895 2910 3935 ac
2935 3883 3282 3950 praeceptum,
3317 3881 3372 3927 at
3409 3879 3555 3926 certe
3580 3875 3639 3923 ut

2045 3961 2471 4039 cohortationem
2500 3987 2660 4047 atque
2689 3972 2970 4030 consilhtm
2999 3967 3338 4040 prodidisset.
3370 3963 3520 4019 Nunc
3544 3961 3637 4031 qui

2048 4088 2222 4143 neque
2265 4071 2318 4126 id
2364 4070 2510 4140 prior
2556 4067 2733 4121 facere
2772 4063 3007 4117 animum
3062 4055 3367 4120 induxerit,
3419 4052 3639 4106 evidens

2049 4166 2204 4222 nobis
2236 4163 2359 4218 fecit
2382 4204 2397 4228 ,
2433 4173 2591 4230 egere
2617 4155 2969 4225 virginitatem
2997 4149 3148 4204 multi
3173 4146 3386 4201 sudoris
3416 4152 3642 4197 conten-

2052 4255 2318 4324 tionisque
2335 4263 2661 4322 permagnam
2678 4248 2848 4314 Atque
2866 4242 2916 4296 id
2935 4241 3022 4295 hic
3037 4251 3376 4294 communem
3399 4243 3640 4288 nostrum

2051 4344 2337 4401 Dominum
2385 4342 2623 4396 imitatus
2659 4337 2802 4400 iecit,
2842 4334 2932 4404 qui
2969 4332 3036 4387 de
3063 4329 3364 4399 virginitate
3395 4338 3503 4380 tum
3533 4324 3644 4379 dis-

2053 4437 2242 4502 seruit,
2271 4450 2390 4492 cum
2420 4448 2542 4488 eum
2570 4428 2816 4499 discipuli
2861 4432 3139 4496 rogarunt.
3169 4421 3301 4476 Nam
3329 4425 3448 4474 cuin
3475 4416 3645 4471 dixis-

2053 4540 2195 4594 sent,
2226 4528 2286 4583 Si
2313 4545 2372 4581 ea
2398 4535 2470 4581 est
2507 4525 2602 4580 viri
2625 4539 2740 4576 cum
2780 4536 2938 4574 uxore
2964 4516 3206 4581 conditio,
3240 4511 3440 4580 expedit
3473 4507 3648 4560 matri.

2055 4621 2281 4678 monium
2321 4635 2424 4672 non
2451 4614 2768 4677 contrahere,
2801 4607 3098 4679 respondit,
3129 4605 3262 4660 Sunt
3290 4599 3529 4662 eunuchi,
3559 4597 3647 4666 qui

2055 4717 2125 4771 sei
2129 4730 2244 4785 psos
2258 4721 2465 4783 propter
2479 4707 2674 4762 cmleste
2690 4719 2900 4775 regnum
2919 4705 3201 4754 castrarunt
3219 4693 3432 4764 (Matth.
3452 4691 3536 4746 19.
3556 4690 3644 4744 10.

2057 4783 2169 4876 12).
2195 4802 2294 4859 Ubi
2321 4801 2463 4857 enim
2489 4799 2676 4869 ingens
2697 4803 2778 4849 est
2807 4799 2951 4847 recte
2972 4790 3186 4852 factum,
3211 4795 3370 4855 atque
3401 4783 3519 4838 ideo
3548 4797 3648 4836 nec

2057 4871 2159 4953 sub
2187 4892 2442 4964 praecepti
2491 4889 2811 4945 necessitate
2840 4881 3197 4944 concluditur,
3232 4871 3650 4944 exspectandum

2061 4997 2146 5046 est
2167 4963 2496 5043 desiderium
2525 4995 2711 5036 eorum
2738 4976 2827 5046 qui
2856 4989 2922 5029 eo
2951 4969 3278 5044 perfuncturi
3302 4975 3442 5028 sunt,
3474 4973 3529 5018 et
3551 4963 3650 5016 alia

2062 5078 2289 5151 quadam
2334 5075 2543 5131 ratione
2573 5085 2675 5126 nec
2709 5075 2956 5137 suspecta
2991 5064 3199 5117 animus
3244 5059 3307 5111 iis
3351 5065 3510 5125 atque
3540 5065 3650 5109 stu-

2061 5147 2208 5228 dium
2237 5176 2321 5225 est
2346 5165 2640 5238 parandum
2670 5179 2683 5214 :
2714 5159 2855 5231 quod
2895 5155 3111 5230 quidem
3148 5160 3202 5208 et
3240 5149 3480 5205 Christus
3508 5147 3652 5201 fecit.

2059 5263 2244 5332 Neque
2282 5260 2425 5315 enim
2469 5271 2562 5312 eos
2593 5253 2697 5308 ulla
2747 5251 2815 5306 de
2855 5247 3154 5319 virginitate
3197 5240 3557 5310 (Ιὶειιυιειιὶοηε
3589 5240 3643 5292 in

2061 5331 2383 5424 virginitatis
2430 5348 2664 5406 studium
2719 5342 2986 5413 conjecit,
3041 5337 3135 5393 sed
3192 5335 3258 5390 de
3306 5331 3648 5386 matrinwuio

2067 5451 2243 5507 solum
2270 5449 2542 5518 loquutus,
2567 5443 2618 5496 in
2643 5439 2864 5511 ejusque
2889 5430 3203 5489 difﬁcultate
3225 5433 3656 5481 commonstran-

2065 5545 2131 5600 da
2172 5517 2381 5597 haerens
2425 5547 2584 5607 atque
2609 5533 3012 5602 conquiescens,
3040 5539 3152 5580 rem
3198 5521 3334 5576 adeo
3371 5517 3660 5588 prudenter

2066 5638 2376 5695 moderatus
2400 5641 2500 5698 est,
2525 5639 2582 5684 ut
2602 5628 2692 5698 qui
2715 5625 2782 5681 de
2806 5637 2910 5677 non
2933 5614 3297 5675 contrahendo
3320 5609 3660 5669 matrimonio

2068 5731 2199 5787 nihil
2225 5727 2535 5790 audissent,
2569 5736 2664 5777 sua
2694 5725 2883 5789 sponte
2911 5711 3182 5774 dicerent,
3232 5706 3453 5779 Expedit
3479 5711 3656 5757 matri-

2069 5822 2296 5878 monium
2339 5833 2439 5871 non
2488 5811 2783 5868 contrahere
2823 5803 2996 5876 (Ibid.
3042 5818 3090 5856 υ.
3137 5798 3260 5870 10).
3312 5799 3484 5864 Atque
3539 5791 3661 5846 ideo

2077 5915 2236 5973 ctiam
2270 5911 2488 5979 Paulus,
2517 5902 2715 5964 Christi
2747 5901 3000 5963 imitator,
3032 5894 3108 5950 De
3133 5889 3311 5965 quibus
3335 5899 3536 5953 autem,
3578 5883 3652 5938 in-
