4020 6382
1157 250 1173 275 /

311 415 417 473 543

307 530 443 600 quit,
474 528 599 585 mihi
622 526 897 601 scripsistis
918 543 938 580 :
957 525 1103 583 vein:
1139 541 1199 581 se
1227 523 1292 580 iis
1318 521 1495 593 verbis
1520 521 1574 575 in
1601 520 1739 589 hanc
1766 532 1894 573 sen-

309 623 531 677 tentiam
559 635 795 691 purgans
820 637 833 672 :
862 616 1120 688 Equidem
1156 629 1253 669 vos
1278 614 1343 668 ad
1371 611 1594 666 sublime
1618 609 1717 664 hoc
1744 607 1894 663 fasti-

306 713 450 783 gium
474 722 691 781 propter
715 710 791 766 rei
812 708 1177 764 difltcultatem
1199 703 1464 760 adducere
1483 716 1587 755 non
1608 698 1891 753 audebam.

307 802 458 858 Nunc
495 816 626 863 vero
675 817 798 856 cum
851 801 1058 871 priores
1112 797 1210 867 ipsi
1272 795 1339 849 ad
1387 808 1474 849 me
1528 791 1891 861 scripseritis,

308 895 479 951 fidens
504 894 720 949 demtmi
749 876 992 946 consulo.
1030 887 1137 949 Cur
1168 888 1309 941 enim
1351 900 1472 941 cum
1502 884 1682 937 multis
1708 882 1775 936 de
1806 897 1893 935 re-

308 984 407 1047 bus
433 984 782 1051 scripserint,
828 994 1089 1049 nusquam
1132 977 1183 1032 id
1227 976 1465 1048 adjecit?
1508 973 1662 1029 Nulla
1691 972 1796 1027 alia
1826 970 1895 1025 de

304 1090 487 1139 Causa,
518 1089 675 1144 quam
702 1088 762 1127 ea
784 1112 799 1136 ,
844 1086 1003 1142 quam
1045 1083 1187 1123 nunc
1213 1066 1358 1133 dixi;
1387 1082 1456 1121 ne
1483 1065 1602 1135 quis
1627 1062 1768 1118 enim
1796 1076 1892 1115 co-

228 1172 237 1193 ‘
308 1165 666 1227 hortationem
693 1164 871 1234 inique
897 1161 1197 1231 acciperet,
1225 1157 1409 1213 literas
1432 1157 1535 1221 eis,
1563 1167 1694 1224 quas
1720 1152 1895 1207 misis-

315 1259 456 1311 sent,
481 1255 546 1297 au
578 1247 893 1298 ItlL‘lIlOflatll
921 1255 1164 1299 revocat.
1192 1245 1269 1300 Ac
1291 1263 1360 1302 ne
1377 1249 1457 1302 sic
1486 1247 1706 1317 quidem
1724 1259 1888 1299 occa-

315 1340 523 1393 sionem
545 1354 664 1392 eam
689 1347 885 1392 nactus
902 1338 1363 1413 vehementiorem
1393 1339 1616 1394 adhibet
1640 1335 1890 1392 admoni-

316 1433 544 1497 tionem,
575 1430 671 1486 sed
703 1429 996 1484 admodum
1029 1430 1341 1500 benignam,
1367 1432 1421 1485 in
1450 1446 1516 1486 eo
1543 1431 1703 1485 etiam
1731 1429 1891 1483 Chri-

314 1531 469 1593 stum,
489 1523 733 1576 imitatus
768 1541 781 1576 :
808 1538 933 1576 nam
964 1520 1225 1577 Servator
1257 1523 1509 1577 absoluto
1542 1537 1793 1577 sermone
1820 1521 1889 1576 de

313 1614 627 1687 virginitate
640 1610 1168 1681 addiditﬂuipotest
1181 1629 1365 1682 capere
1379 1615 1551 1682 capiat
1574 1612 1786 1683 (Matth.
1798 1613 1818 1663 l
1830 1611 1885 1667 9.

313 1708 423 1774 i2).
453 1706 593 1772 Quid
616 1706 781 1775 igitur
798 1708 907 1775 ait?
927 1706 1000 1761 De
1017 1707 1205 1778 quibus
1225 1717 1403 1760 autem
1422 1701 1877 1775 miltiscripsistis,

311 1796 503 1850 bonum
524 1795 815 1859 estltomt'ni
832 1796 1102 1873 mulierem
1127 1814 1230 1853 non
1248 1806 1457 1867 tangere
1487 1796 1532 1869 (l
1550 1837 1561 1849 .
1587 1795 1714 1852 Cor.
1736 1796 1788 1851 7.
1810 1795 1886 1867 1).

375 1881 511 1937 XIV.
559 1880 783 1953 Objectio
829 1897 1001 1934 eorum
1050 1880 1136 1949 qui
1180 1878 1513 1949 virginitatem
1562 1876 1802 1947 ejiciunt,
1844 1884 1890 1927 et

301 1971 720 2027 tolutim—Sed
770 1970 998 2025 fortasse
1040 1970 1182 2024 dicat
1223 1969 1451 2037 aliquis:
1477 1968 1545 2021 At
1587 1967 1633 2020 si
1672 1973 1889 2035 prtestet

300 2064 582 2118 mulierem
620 2050 726 2137 non
759 2072 995 2132 tangere,
1023 2077 1124 2130 qua
1149 2059 1216 2114 de
1244 2074 1401 2113 causa
1430 2060 1481 2112 in
1508 2059 1666 2111 vitam
1698 2056 1890 2111 invasit

301 2155 731 2211 matrimonium?
755 2155 1019 2223 Quorsum
1045 2164 1219 2208 autem
1248 2152 1470 2207 muliere
1501 2162 1734 2218 utemur,
1766 2167 1886 2222 qua:

300 2262 471 2317 neque
516 2247 584 2301 ad
624 2245 1055 2312 matrimonium,
1102 2260 1276 2315 neque
1316 2244 1382 2299 ad
1422 2244 1713 2298 liberorum
1754 2259 1887 2317 pro-

300 2340 627 2393 creationem
673 2338 906 2395 serviat?
960 2337 1163 2408 Ecquid
1205 2352 1334 2393 vero
1381 2336 1681 2407 prohibebit
1727 2352 1888 2411 omne

300 2432 576 2499 hominum
602 2447 769 2502 genus
809 2431 976 2486 deleri
996 2472 1012 2498 ,
1045 2446 1167 2485 cum
1195 2439 1249 2484 et
1278 2444 1423 2485 mors
1451 2429 1502 2485 id
1527 2429 1764 2500 quotidie
1788 2429 1886 2483 de-

299 2531 482 2591 pascat
510 2538 574 2597 ac
600 2521 867 2589 concidat,
897 2531 949 2577 et
976 2537 1036 2576 ea
1064 2521 1326 2576 sententia
1357 2521 1488 2576 alios
1516 2521 1569 2575 in
1604 2521 1884 2576 defuncto-

301 2631 417 2667 rum
447 2614 619 2669 locum
646 2614 927 2673 restituere
955 2629 1059 2668 non
1089 2614 1391 2683 permittat?
1426 2613 1561 2668 Nam
1600 2615 1644 2668 si
1686 2614 1884 2669 bonum

296 2710 353 2773 id
383 2708 612 2781 universi
639 2717 1011 2762 consectemur
1033 2747 1049 2772 ,
1098 2721 1197 2761 nec
1244 2707 1495 2761 mulieres
1522 2705 1842 2777 attingamus
1864 2747 1880 2773 ,

296 2800 476 2877 omnia
521 2798 852 2871 dilabentur,
891 2808 945 2853 ct
997 2798 1191 2865 urbes,
1246 2807 1302 2853 et
1353 2797 1572 2863 domus,
1626 2807 1681 2854 et
1726 2798 1875 2869 agri,

291 2902 349 2969 et
381 2901 544 2956 artes,
602 2899 657 2946 et
705 2891 1039 2956 animantes,
1093 2899 1147 2945 et
1194 2891 1409 2961 stirpes.
1453 2891 1522 2953 Ut
1566 2891 1709 2945 enim
1752 2907 1881 2962 pro-

291 2991 460 3036 strato
498 2983 819 3051 imperatore
864 2982 1006 3051 cogit
1043 2982 1333 3037 necessitas
1361 2997 1574 3037 omnem
1617 2983 1882 3038 exercitus

290 3074 532 3128 ordinem
564 3073 809 3144 dissipari
838 3074 952 3128 :sic
980 3074 1225 3138 homine,
1273 3076 1603 3130 terrestrium
1641 3078 1879 3131 omnium

291 3180 437 3239 rege,
468 3163 789 3218 matrimonii
820 3163 1052 3232 defectu,
1084 3165 1366 3232 exstincto,
1411 3176 1726 3222 cacterorum
1750 3168 1880 3223 nihil

292 3257 709 3329 incolumitatem
737 3272 886 3312 suam
916 3257 1267 3328 ordinemque
1290 3259 1548 3326 tuebitur;
1580 3261 1652 3316 ita
1678 3260 1879 3317 bellum

294 3332 395 3401 hoc
450 3348 732 3402 consilium
786 3348 1079 3403 innumeris
1129 3349 1314 3403 orbem
1365 3349 1521 3404 malis
1570 3350 1876 3420 complebit.

290 3438 580 3507 Enimvero
601 3439 644 3492 si
665 3438 779 3493 hrcc
802 3439 1031 3493 hostium
1055 3438 1225 3494 solum
1247 3449 1405 3509 atque
1426 3439 1715 3495 infidelium
1737 3441 1878 3496 dicta

289 3540 498 3595 essent,
530 3545 593 3584 ea
623 3531 773 3601 parvi
812 3530 1116 3587 duxissem:
1147 3530 1240 3585 sed
1270 3546 1389 3587 cum
1424 3546 1486 3590 ea
1514 3531 1669 3587 multi
1694 3535 1877 3603 etiam,

285 3621 376 3690 qui
404 3620 472 3675 ad
502 3620 791 3689 Ecclesium
823 3629 1066 3699 spectare
1086 3625 1397 3694 videantur,
1417 3628 1650 3698 jactent,
1684 3629 1878 3699 in‘genii

289 3712 495 3790 ignavia
549 3713 866 3801 virginitatis
921 3718 1145 3776 sudores
1197 3721 1586 3776 detrectantes?
1627 3724 1877 3792 illamque

286 3810 590 3881 damnando
616 3820 670 3866 et
697 3811 850 3877 nauci
892 3808 1137 3864 faciendo
1180 3811 1478 3866 socordiam
1519 3828 1667 3867 suam
1696 3825 1877 3884 tegere

287 3903 527 3975 volentes
550 3943 566 3969 ,
600 3910 657 3961 ut
684 3918 790 3956 non
823 3902 1142 3973 negligentia
1171 3902 1398 3971 quadam
1425 3943 1441 3968 ,
1481 3903 1573 3957 sed
1610 3916 1757 3958 recto
1790 3920 1875 3958 ra-

286 3996 447 4049 tionis
481 3993 681 4063 judicio
709 3994 777 4049 ab
805 4007 872 4049 eo
915 3993 1205 4049 certamine
1258 3993 1515 4063 refugisse
1564 3996 1873 4050 vidcantur:

284 4100 402 4162 age,
432 4085 674 4141 hostibus
698 4085 967 4152 dimissis;
997 4086 1243 4140 Animalia
1264 4087 1395 4139 enim
1419 4088 1567 4140 homo
1613 4106 1714 4143 non
1736 4090 1873 4159 capit

283 4193 396 4243 qtae
412 4176 636 4245 Spiritus
652 4186 788 4243 sunt,
808 4177 996 4248 quippe
1017 4192 1132 4248 qum
1156 4179 1255 4231 sint
1272 4178 1316 4231 ci
1337 4178 1552 4232 stultitia
1577 4180 1650 4251 (1.
1674 4179 1791 4233 Cor.
1814 4180 1868 4233 2.

285 4267 399 4338 Η),
431 4268 519 4337 qui
548 4282 607 4322 se
638 4280 849 4322 nostros
880 4268 1118 4340 fingunt,
1153 4276 1443 4347 utrumque
1477 4270 1786 4337 doceamus,
1818 4280 1872 4326 et

290 4368 492 4413 tantum
524 4359 711 4414 abesse
742 4369 799 4413 ut
826 4374 916 4415 res
941 4361 1096 4415 nauci
1126 4360 1232 4428 sit,
1276 4371 1334 4416 ut
1361 4362 1514 4418 valde
1539 4364 1700 4417 etiam
1729 4364 1871 4419 utilis

281 4451 353 4502 sit
399 4464 462 4502 ac
510 4449 809 4504 necessaria
836 4490 850 4513 ,
900 4465 1073 4519 neque
1117 4452 1512 4506 accusationem
1559 4469 1679 4508 eam
1727 4454 1872 4523 ipsos

282 4540 499 4611 impune
539 4541 772 4603 laturos,
817 4540 913 4596 sed
961 4550 1163 4596 tainum
1196 4542 1259 4597 iis
1289 4544 1509 4612 periculi
1550 4545 1865 4613 allaturam,

280 4642 537 4700 quantum
560 4632 901 4703 przumiorum
925 4638 1085 4702 atque
1108 4633 1276 4687 laudis
1300 4634 1383 4698 iis,
1402 4635 1491 4704 qui
1513 4635 1867 4706 virginitatem

278 4723 560 4778 coluerint.
592 4722 724 4778 Nam
758 4724 860 4779 hoc
885 4733 1193 4779 constructo
1222 4722 1442 4791 mundo,
1474 4736 1530 4783 et
1554 4728 1618 4782 iis
1644 4728 1865 4798 paratis,

277 4829 399 4885 qua:
429 4814 496 4868 ad
526 4815 756 4887 quietem
787 4826 840 4871 ct
868 4832 1017 4871 usum
1048 4826 1287 4872 nostrum
1314 4818 1700 4886 conducebant,
1726 4822 1866 4877 Deus

279 4906 551 4963 hominem
577 4907 745 4970 finxit,
768 4908 920 4978 cujus
940 4909 1096 4962 etiam
1120 4923 1281 4964 causa
1302 4910 1556 4965 mundum
1580 4911 1868 4971 fabricatus

277 5007 379 5052 est.
414 4998 463 5052 ls
494 5014 621 5053 vero
651 4998 908 5054 formatus
938 5000 989 5053 in
1018 5000 1263 5070 paradiso
1286 5002 1533 5072 degebat,
1559 5019 1657 5058 nec
1678 5005 1865 5060 matri-

276 5090 442 5143 monii
473 5090 578 5145 ulla
606 5094 840 5158 mentio;
869 5107 1006 5162 opus
1040 5100 1155 5147 erat
1183 5093 1233 5148 ei
1258 5094 1422 5149 etiam
1450 5095 1740 5164 adjutrice;
1770 5097 1866 5152 ad-

275 5182 441 5239 hibita
469 5168 585 5238 cst:
610 5200 677 5239 ne
713 5184 791 5239 sic
817 5185 1033 5255 quidem
1060 5186 1452 5242 matrimonium
1482 5189 1651 5242 visum
1681 5204 1867 5244 neces-

273 5274 471 5326 sarium
498 5282 595 5327 est.
625 5273 704 5328 Ac
749 5289 922 5345 neque
956 5274 1081 5329 dum
1112 5277 1385 5342 exstabat,
1418 5286 1472 5332 et
1518 5278 1571 5332 in
1615 5279 1863 5349 paradiso

274 5363 419 5416 velut
442 5364 574 5418 cano
598 5364 827 5435 quodam
859 5367 975 5436 ejus
1015 5376 1265 5437 expertes
1288 5367 1584 5438 degebant,
1615 5382 1774 5441 atque
1808 5372 1862 5426 in

279 5456 368 5508 Dei
407 5456 792 5512 consuetudine
836 5458 1152 5512 suavissime
1195 5459 1560 5529 quiescebant.
1606 5461 1860 5516 Miscendi

276 5553 450 5598 autem
495 5546 735 5616 corporis
784 5545 973 5613 ardor,
1019 5549 1322 5618 conceptio,
1370 5548 1604 5616 dolores,
1639 5562 1855 5619 partus,

275 5648 434 5707 atque
459 5654 617 5692 omne
646 5654 813 5709 genus
841 5642 1158 5711 corruptela:
1183 5657 1250 5698 ex
1276 5657 1462 5698 eorum
1482 5646 1675 5699 animis
1701 5663 1858 5701 exsu-

271 5727 449 5794 labat,
497 5739 551 5783 et
586 5730 729 5784 velut
758 5730 929 5784 amnis
952 5732 1263 5802 perspicuus
1286 5748 1316 5788 e
1342 5733 1543 5803 liquido
1571 5735 1716 5792 fonte
1745 5752 1856 5791 ma-

272 5830 427 5889 nans,
455 5821 533 5877 sic
562 5819 690 5875 inibi
713 5821 938 5892 agebant
964 5822 1263 5894 virginitate
1286 5826 1482 5883 ornati.
1505 5827 1583 5883 Ac
1607 5838 1715 5887 tum
1738 5840 1852 5885 crat

1023 409 1081 467 S.
1119 406 1396 465 JOANNIS
1431 399 1913 463 CHRYSOSTOMI
1952 397 2270 456 ARCHIEP.
2310 398 2851 456 CUNSTANTINOP.

3488 402 3597 460 544

2006 525 2147 571 terra
2175 517 2242 571 ab
2266 514 2569 571 hominibus
2593 532 2793 583 vacua;
2833 515 2884 573 id
2914 514 3057 588 quod
3089 531 3230 573 nunc
3255 528 3509 573 verentur
3535 517 3595 574 hi

2001 608 2148 663 orbis
2167 617 2464 675 curatores,
2484 609 2574 678 qui
2597 624 2718 663 cum
2741 607 2812 664 de
2830 609 3022 663 alienis
3044 610 3190 665 serio
3213 610 3592 679 sollicitentur,

2001 700 2079 755 de
2095 701 2206 753 suis
2234 714 2302 753 ne
2345 700 2580 771 cogitare
2605 700 2819 769 quidem
2850 700 3149 765 sustinent;
3196 699 3369 769 deque
3413 699 3593 753 homi-

2002 805 2129 845 num
2155 791 2538 845 communitate
2567 806 2635 845 ne
2661 790 2889 844 intereat
2926 789 3106 857 anxii,
3151 789 3388 844 animum
3434 804 3591 847 suum

2005 889 2272 951 tamquam
2319 881 2548 936 alienum
2596 881 2788 951 singuli
2836 881 3128 951 negligunt,
3176 896 3297 935 cum
3345 881 3412 936 ad
3467 898 3590 938 eum

2001 973 2142 1044 quod
2170 975 2380 1038 attinet,
2411 975 2495 1029 vel
2524 973 2590 1029 de
2617 972 2852 1027 minimis
2880 972 3040 1027 rebus
3066 987 3256 1027 severe
3277 973 3342 1026 ad
3374 987 3591 1042 pinnam

2001 1065 2225 1120 vocandi
2256 1066 2382 1131 sint,
2409 1074 2463 1120 et
2487 1065 2627 1135 quod
2649 1064 2717 1120 ad
2741 1064 3013 1118 hominum
3034 1064 3224 1119 attinet
3246 1066 3592 1132 paucitatem,

2000 1175 2102 1215 nec
2146 1160 2414 1216 levissime
2467 1162 2727 1216 rationem
2774 1160 3057 1216 reddituri.
3107 1160 3224 1216 Non
3274 1172 3429 1217 erant
3478 1171 3592 1216 tum

1999 1250 2223 1320 oppida,
2256 1267 2361 1306 non
2389 1261 2564 1316 artes,
2595 1267 2702 1306 non
2726 1251 2953 1316 domus;
2990 1253 3186 1306 etenim
3227 1250 3343 1306 haec
3378 1266 3593 1321 quoque

2000 1356 2106 1394 non
2149 1341 2427 1395 minimum
2455 1342 2688 1428 curatis;
2732 1341 2843 1428 sed
2867 1341 2982 1395 haec
3011 1357 3117 1398 non
3148 1348 3336 1407 erant,
3377 1350 3433 1395 et
3457 1340 3592 1395 nihil

2001 1440 2175 1487 tamen
2203 1434 2410 1488 beatam
2442 1417 2583 1489 illam
2606 1435 2770 1488 vitam
2808 1417 2969 1502 atque
2998 1436 3098 1489 liae
3130 1434 3287 1504 longe
3312 1434 3589 1499 meliorem

1997 1525 2317 1595 impediebat
2333 1537 2427 1581 aut
2444 1528 2711 1582 turbabat.
2731 1530 2798 1581 At
2813 1537 3092 1597 postquam
3118 1528 3226 1582 Deo
3246 1544 3351 1581 non
3373 1527 3590 1583 obtem»

1997 1628 2274 1687 perarunt,
2304 1628 2360 1673 et
2386 1627 2527 1673 terra
2555 1627 2715 1689 atque
2742 1618 2877 1673 cinis
2907 1618 3078 1672 eﬂ‘ecti
3109 1626 3253 1683 sunt,
3281 1633 3403 1673 cum
3431 1618 3590 1673 beata

1995 1724 2057 1764 ea
2106 1710 2209 1764 vita
2254 1710 2572 1781 virginitatis
2613 1712 2774 1766 etiam
2822 1711 2988 1767 decus
3034 1712 3397 1781 perdiderunt,
3423 1722 3591 1781 atque

1995 1816 2099 1858 una
2125 1818 2249 1857 cum
2280 1803 2391 1858 Deo
2415 1805 2576 1858 etiam
2604 1804 2693 1859 illa
2730 1819 2826 1859 eos
2859 1804 3115 1860 deserens
3142 1804 3416 1859 abscessit.
3442 1804 3581 1861 Nam

1993 1893 2246 1962 quamdiu
2275 1909 2307 1948 a
2333 1893 2548 1949 diabolo
2568 1895 2748 1949 invicti
2772 1894 3056 1949 Dominum
3081 1909 3236 1950 suum
3265 1894 3588 1949 revereban-

1996 1995 2103 2051 tur,
2144 1986 2396 2041 manebat
2437 1987 2735 2057 virginitas,
2785 2002 2879 2042 eos
2906 2002 3172 2043 exornans
3215 1988 3384 2057 magis
3421 2003 3587 2058 quam

1994 2092 2149 2147 reges
2172 2077 2419 2134 diadema
2465 2089 2521 2133 et
2561 2093 2722 2133 aurea
2767 2079 3103 2133 vestimenta.
3135 2080 3206 2133 At
3234 2079 3322 2133 ubi
3347 2078 3569 2147 captivi,

1990 2167 2141 2236 regio
2172 2167 2273 2222 hoc
2301 2169 2499 2223 amictu
2528 2166 2750 2238 erepto,
2777 2168 3093 2239 abjectoque
3116 2170 3313 2224 caelesti
3344 2179 3536 2224 ornatu
3561 2211 3581 2238 ,

1991 2259 2178 2312 mortis
2203 2258 2588 2327 corruptelam,
2617 2260 2724 2313 iras
2740 2300 2755 2325 ,
2778 2260 3064 2324 cruciatus,
3096 2273 3160 2312 ac
3188 2273 3455 2314 aerumnas
3479 2271 3574 2312 ae—

1991 2358 2271 2418 ccpcrunt,
2333 2358 2441 2403 tum
2490 2364 2620 2403 vero
2663 2365 2786 2404 cum
2834 2350 2901 2403 iis
2941 2348 3341 2403 matrimonium
3383 2353 3567 2415 subiit,

1991 2439 2218 2493 mortale
2263 2438 2365 2493 hoc
2402 2447 2457 2494 et
2499 2439 2693 2495 servile
2736 2440 3142 2504 veStimentum;
3190 2455 3311 2493 nam
3341 2440 3583 2505 Quicum

1988 2545 2146 2582 uxore
2174 2538 2267 2594 est,
2301 2530 2490 2601 inquit,
2521 2546 2696 2584 eorum
2726 2531 2975 2584 sollicitus
2998 2539 3092 2597 est,
3122 2546 3236 2600 quae
3256 2540 3377 2585 sunt
3404 2537 3584 2590 mundi

1990 2621 2069 2691 (l.
2101 2618 2220 2675 Cor.
2255 2622 2308 2674 7.
2341 2621 2455 2694 35).
2494 2621 2680 2677 Viden’
2708 2622 2849 2676 unde
2878 2622 3087 2677 initium
3118 2622 3363 2677 habuerit
3390 2625 3578 2678 matri.

1990 2713 2248 2775 lliOlIiltm,
2277 2714 2419 2768 unde
2446 2714 2807 2768 necessarium
2832 2713 3002 2767 visum
3025 2713 3129 2768 sit?
3156 2713 3239 2768 Ab
3266 2713 3579 2770 inobedicn-

1991 2802 2083 2865 tia,
2115 2802 2247 2857 diris
2275 2813 2434 2873 atque
2470 2814 2663 2858 morte.
2698 2803 2831 2858 Nam
2864 2803 2951 2857 ubi
2980 2818 3124 2858 mors
3148 2813 3266 2870 est,
3295 2804 3366 2858 ibi
3395 2806 3578 2859 matri-

1988 2894 2221 2946 monium
2247 2934 2263 2960 ,
2293 2909 2399 2964 quo
2426 2894 2637 2949 sublato
2676 2910 2851 2965 neque
2876 2894 2966 2949 illa
2990 2896 3353 2967 consequitur.
3377 2898 3447 2951 At
3471 2913 3575 2951 non

1987 2985 2344 3055 virginitatem
2373 2984 2486 3040 haec
2514 2995 2837 3055 sequuntur,
2865 2985 2961 3041 sed
2985 3001 3199 3056 semper
3227 2988 3400 3054 utilis,
3435 3003 3577 3044 sem.

1987 3093 2083 3151 per
2106 3077 2275 3131 fausta
2297 3088 2456 3147 atque
2478 3076 2623 3143 felix,
2647 3088 2701 3132 et
2721 3086 2844 3132 ante
2860 3086 3087 3133 mortem
3110 3089 3164 3132 et
3186 3088 3304 3148 post
3325 3088 3572 3147 mortem,

1984 3179 2039 3237 et
2082 3179 2205 3225 ante
2247 3170 2646 3225 matrimonium
2697 3178 2753 3223 et
2802 3177 2922 3238 post
2966 3170 3382 3224 matrimonium.
3431 3170 3575 3226 Cedo

1984 3259 2124 3335 enim
2152 3298 2167 3324 ,
2217 3258 2359 3329 quod
2391 3256 2788 3313 matrimonium
2829 3257 3091 3312 Adamum
3135 3261 3457 3328 procrearit,
3485 3261 3573 3330 qui

1984 3351 2150 3406 Evam
2183 3362 2365 3421 partus
2384 3351 2633 3407 dolores?
2662 3350 3005 3422 Nequaquam
3025 3351 3244 3406 dixeris.
3262 3349 3400 3418 Quid
3417 3353 3575 3423 igitur

1983 3458 2120 3498 vane
2164 3443 2351 3498 tremis
2379 3458 2443 3499 ac
2470 3442 2762 3509 formidas,
2801 3458 2872 3498 ne
2910 3443 3251 3498 matrimonio
3295 3443 3573 3500 desinente

1992 3541 2293 3597 humanum
2317 3539 2478 3593 etiam
2513 3549 2683 3606 genus
2712 3533 3013 3623 desiturum
3038 3538 3111 3593 sit
3166 3534 3327 3611 (Dan.
3357 3536 3412 3593 Ἰ.
3441 3535 3572 3611 10)?

1984 3630 2174 3686 Decies
2203 3630 2402 3686 millies
2424 3630 2560 3687 dena
2587 3629 2755 3684 millia
2775 3629 3085 3700 angelorum
3110 3630 3220 3686 Deo
3241 3631 3575 3703 ministrant,

1982 3720 2132 3786 mille
2158 3720 2323 3774 millia
2347 3720 2790 3790 archangelorum
2817 3719 2955 3789 apud
2978 3734 3098 3783 eum
3120 3721 3370 3787 adstant;
3399 3738 3573 3789 neque

1980 3827 2165 3867 eorum
2195 3813 2475 3883 quisquam
2507 3813 2906 3883 propagatione,
2935 3820 3029 3867 aut
3057 3825 3231 3883 partu,
3274 3829 3339 3869 ac
3374 3815 3572 3870 dolori-

1980 3906 2121 3971 bus,
2169 3916 2226 3962 et
2269 3907 2622 3976 conceptione
2670 3916 2981 3977 procreatus
3025 3914 3128 3961 est.
3177 3907 3360 3976 Itaque
3402 3909 3570 3962 multo

1979 4001 2150 4071 magis
2173 3999 2419 4055 homines
2440 3999 2573 4053 citra
2594 3999 2991 4057 matrimonium
3011 3998 3283 4064 finxisset;
3314 3999 3570 4068 quemad-

1984 4093 2201 4148 modum
2232 4101 2289 4149 et
2323 4092 2524 4162 primos
2550 4091 2730 4157 linxit,
2776 4090 2921 4146 unde
2957 4091 3203 4146 homines
3227 4106 3415 4147 omnes
3442 4090 3565 4145 orti.

2048 4183 2166 4239 XV.
2213 4183 2591 4239 Matrimonium
2616 4198 2771 4254 genus
2794 4192 3020 4236 nostrum
3044 4198 3146 4236 non
3175 4198 3380 4251 augere.
3406 4183 3569 4237 —Ac

1978 4293 2121 4333 nunc
2140 4292 2310 4348 genus
2348 4285 2593 4331 nostrum
2624 4275 2926 4345 frequentat
2952 4290 3060 4329 non
3106 4274 3433 4329 matrimonii
3465 4273 3565 4337 vis,

1976 4370 2071 4426 sed
2103 4370 2311 4425 Domini
2339 4369 2451 4439 jam
2479 4367 2636 4424 initio
2659 4368 2883 4432 dictum,
2915 4367 3133 4421 Crescite
3168 4375 3215 4420 et
3254 4366 3566 4436 multiplica-

1979 4477 2009 4511 τι
2030 4462 2122 4528 ini,
2150 4471 2199 4516 et
2223 4462 2409 4530 replete
2430 4470 2624 4515 terram
2653 4459 2804 4531 (Gen.
2829 4462 2881 4514 1.
2906 4457 3022 4531 28).
3053 4458 3190 4527 Quid
3219 4459 3364 4512 enim
3400 4458 3564 4511 Abra-

1977 4553 2137 4610 hamo
2162 4553 2229 4609 ad
2269 4553 2470 4608 liberos
2500 4551 2795 4623 gignendos
2822 4566 2909 4605 res
2938 4550 3038 4604 ista
3082 4550 3320 4621 proluit?
3348 4564 3415 4602 an
3457 4564 3564 4603 non

1975 4661 2040 4703 ea
2067 4654 2145 4701 tot
2168 4660 2341 4700 annos
2380 4659 2530 4710 usus,
2565 4643 2779 4698 tandem
2827 4642 2965 4697 hanc
2989 4656 3174 4697 vocem
3202 4641 3420 4696 emisit:
3452 4641 3566 4694 Do-

1974 4741 2128 4807 mine,
2156 4738 2399 4809 quidnam
2425 4738 2551 4791 mihi
2579 4738 2792 4790 daturus
2819 4752 2891 4801 es,
2921 4752 3037 4789 cum
3069 4735 3179 4788 sine
3205 4734 3374 4789 liberis
3415 4737 3565 4787 dece-

1973 4831 2093 4884 dam
2125 4828 2276 4901 (Gen.
2302 4829 2388 4884 l5.
2410 4825 2508 4899 2)?
2534 4826 2716 4896 Itaque
2738 4834 2795 4880 ut
2823 4834 2934 4879 tum
2962 4839 3030 4880 ex
3054 4823 3228 4879 effetis
3246 4824 3565 4892 corporibus

1975 4923 2115 4976 Deus
2159 4928 2241 4976 tot
2267 4919 2504 4975 millibus
2542 4917 2805 4987 originem
2833 4924 2993 4984 atque
3023 4914 3231 4968 initium
3275 4914 3441 4980 dedit,
3484 4916 3571 4969 sic

1974 5011 2255 5083 principio,
2284 5010 2330 5063 si
2356 5009 2475 5077 ejus
2501 5007 2664 5078 jussis
2693 5006 2955 5060 obediens
2982 5005 3219 5059 Adamus
3239 5005 3450 5060 arboris
3470 5020 3564 5058 vo.

1971 5104 2229 5173 luptatem
2255 5101 2522 5171 fregisset,
2553 5097 2694 5152 haud
2720 5112 2852 5153 sane
2878 5096 2946 5151 de
2971 5096 3055 5149 via
3101 5096 3417 5159 laborasset,
3457 5111 3562 5164 qua

1972 5194 2267 5249 humanum
2296 5208 2468 5263 genus
2499 5198 2739 5260 augeret.
2768 5186 2956 5258 Neque
2983 5187 3127 5242 enim
3158 5195 3250 5239 aut
3281 5186 3565 5240 matrimo-

1970 5274 2149 5350 nium,
2159 5286 2374 5340 nolente
2393 5285 2519 5347 Deo,
2542 5282 2788 5336 homines
2809 5279 3117 5350 frequentes
3138 5277 3355 5333 efficere
3376 5288 3561 5348 queat,

1969 5389 2063 5431 aut
2090 5377 2385 5446 virginitas,
2413 5374 2627 5428 volente
2652 5389 2717 5428 eo
2746 5372 3049 5441 frequentes
3086 5383 3230 5432 esse,
3265 5369 3562 5422 multitudi-

1970 5484 2093 5524 nem
2134 5468 2360 5522 minuct.
2403 5469 2475 5520 At
2515 5466 2585 5520 ita
2632 5464 2821 5531 voluit,
2865 5462 3058 5532 inquit,
3109 5470 3325 5530 prepter
3354 5475 3453 5513 nos
3497 5474 3561 5512 ac

1968 5573 2211 5617 nostram
2258 5561 2633 5630 pervicaciam.
2665 5557 2799 5613 Nam
2840 5571 2938 5611 cur
2987 5571 3093 5609 non
3123 5563 3247 5608 ante
3291 5554 3562 5621 deceptio-

1968 5669 2090 5709 nem
2132 5652 2531 5707 matrimonium
2564 5646 2801 5720 prodiit?
2828 5662 2924 5700 cur
2953 5660 3059 5698 non
3088 5645 3139 5697 in
3171 5644 3417 5712 paradiso
3448 5642 3563 5696 coi-

1969 5746 2091 5801 tus?
2137 5760 2234 5800 cur
2282 5759 2388 5798 non
2438 5752 2562 5797 ante
2591 5739 3018 5794 maledictionem
3071 5746 3253 5805 partus
3306 5734 3558 5787 dolores?

1969 5838 2131 5892 Erant
2161 5849 2353 5905 nempe
2381 5832 2496 5888 haec
2534 5843 2958 5902 supervacanea;
3005 5826 3058 5882 in
3107 5836 3377 5897 posterum
3431 5838 3559 5878 vero
