4020 6380
296 324 396 379 5&3

305 435 443 505 Ἐγὼ
471 434 569 506 μὲν
608 434 705 487 ἐπὶ
732 436 835 504 τὴν
863 433 1073 507 ὑψηλὴν
1105 435 1311 506 ταύτην
1350 432 1595 507 κορυφὴν
1621 433 1723 485 οὐκ
1746 431 1892 485 ἐτόλ-

300 532 451 591 μωνα
479 520 628 590 ὑμᾶς
658 521 893 588 ἀγαγεῖν
908 519 994 572 διὰ
1017 520 1080 572 τὸ
1110 517 1206 572 τοῦ
1236 517 1561 589 πράγματος
1592 514 1893 586 δυσκατόρ-

299 604 504 658 θωτον·
554 603 747 675 ἐπειδὴ
798 604 857 658 δὲ
900 604 1055 657 αὐτοὶ
1099 603 1407 673 φθάσαντες
1453 599 1731 672 ἐγράψατέ
1781 617 1895 670 μοι,

302 688 440 760 μετά
476 686 572 740 τοῦ
601 687 828 759 θαρρεῖν
871 687 1128 757 ποιοῦμαι
1174 686 1272 758 τὴν
1322 683 1655 757 συμϐουλήν.
1703 681 1804 735 Διά
1844 681 1897 733 τί

301 775 410 844 γάρ
442 773 583 844 ὑπὲρ
609 770 823 826 πολλῶν
848 770 1178 843 γραψάντων
1206 770 1434 824 ἐκείνων
1466 766 1705 838 οὐδαμοῦ
1739 764 1898 818 τοῦτο

302 855 644 927 προσέθηκε;
675 856 753 907 Δι’
792 854 942 908 οὐδὲν
978 854 1165 924 ἕτερον
1200 852 1236 924 ἢ
1273 852 1361 907 διά
1391 852 1547 905 τοῦτο
1579 851 1717 921 ὅπερ
1744 845 1897 901 εἷπον

303 939 397 992 νῦν
418 956 433 968 ·
457 939 546 992 ῖνα
570 939 679 1009 γάρ
709 939 783 1008 μή
825 955 909 1002 τις
948 936 1256 1007 δυσχεράνῃ
1288 936 1387 1004 τὴν
1412 933 1757 1005 παραίνεσιν,
1787 929 1897 983 τῶν

305 1021 651 1092 γραμμάτων
686 1021 913 1085 αὐτοὺς,
967 1013 1041 1072 ῶν
1077 1019 1329 1089 ἔπεμψαν
1354 1019 1404 1082 b,
1447 1015 1890 1086 ὑπομιμνήσκει*

307 1106 402 1159 καὶ
424 1105 548 1159 οὐδέ
580 1103 722 1157 οὓτω
757 1103 895 1174 μετὰ
914 1102 1275 1174 σφοδρότητος
1302 1102 1566 1173 κέχρηται
1595 1102 1662 1171 τῇ
1695 1112 1897 1169 παραι-

210 1208 221 1225 ί
305 1190 475 1254 νέσει,
508 1189 601 1242 καὶ
629 1186 803 1242 ταῦτα
831 1186 1101 1259 τοσαύτην
1116 1185 1297 1241 λαϐὼν
1325 1184 1601 1257 ἀφορμὴν,
1633 1182 1772 1237 ἀλλά
1802 1181 1897 1235 καὶ

304 1277 447 1342 ἄγαν
480 1272 807 1343 ὑφειμένως,
842 1273 945 1325 κάν
972 1272 1147 1342 τούτῳ
1178 1271 1513 1342 μιμούμενος
1530 1268 1622 1322 τὸν
1640 1266 1896 1339 Χριστόν.

307 1360 419 1411 Καὶ
467 1357 577 1428 γάρ
629 1359 657 1409 6
692 1357 883 1426 Σωτὴρ
918 1355 1058 1426 μετά
1086 1355 1148 1408 τὸ
1175 1354 1464 1427 πληρῶσαι
1511 1352 1603 1406 τὸν
1642 1351 1899 1420 περὶτῆς

306 1439 607 1511 παρθενίας
635 1438 790 1507 λόγον
817 1439 1186 1510 προσέθηκεν·
1236 1438 1289 1490 '0
1326 1435 1662 1506 δυνάμενος
1686 1432 1899 1503 χωρεῖν

306 1526 585 1593 χωρείτω.
622 1524 687 1576 Τί
718 1518 812 1576 οῦν
847 1539 1013 1593 φησις
1057 1522 1193 1592 Περὶ
1226 1521 1295 1575 δὲ
1324 1516 1413 1575 ὧν
1451 1519 1752 1591 ἐπράψατέ
1771 1534 1894 1587 μοι,

304 1607 504 1662 καλὸν
534 1606 821 1674 ἀνθρώπῳ
840 1607 1128 1674 γυναικὸς
1146 1605 1235 1677 μὴ
1264 1605 1575 1661 ἅπτεσθαι.

377 1693 477 1744 IA'.
507 1691 643 1743 Ἀλλ’
662 1690 791 1754 ἴσως
805 1690 948 1743 εἴποι
964 1708 1046 1754 τις
1063 1690 1147 1744 ἄν·
1169 1691 1279 1743 Καὶ
1296 1692 1342 1742 εί
1359 1686 1522 1742 καλὸν
1544 1685 1800 1757 γυναικὸς
1818 1684 1894 1755 μὴ

306 1775 601 1840 ἅπτεσθαι,
629 1775 770 1838 τίνος
794 1774 983 1827 ἕνεκεν
1010 1774 1185 1845 γάμος
1207 1772 1501 1843 ἐπεισῆλθε
1530 1772 1609 1849 τῷ
1632 1771 1761 1841 βίῳς
1784 1768 1893 1822 Ποῦ

304 1858 363 1910 δὲ
406 1858 593 1911 λοιπὸν
629 1857 948 1929 χρησόμεθα
978 1860 1043 1929 τῇ
1092 1855 1350 1926 γυναικὶ,
1399 1856 1535 1926 μήτε
1585 1856 1664 1917 εἰς
1690 1852 1894 1923 γάμον,

310 1942 448 2011 μήτε
476 1941 556 2001 εἰς
585 1939 925 1992 παιδοποιίαν
955 1942 1086 2011 ἡμῖν
1119 1938 1562 2012 χρησιμευούσῃς
1596 1938 1660 1989 Τί
1683 1938 1739 1990 δὲ
1789 1952 1899 1987 κω-

306 2022 462 2076 λύσει
492 2022 549 2077 τὸ
578 2024 685 2076 τῶν
706 2022 1013 2094 ἀνθρώπων
1048 2024 1193 2077 ἂπαν
1225 2021 1587 2092 ἀφανισθῆναι
1605 2021 1782 2088 γένος,
1800 2017 1896 2074 τοῦ

310 2108 410 2177 μὲν
435 2106 667 2159 θανάτου
703 2106 825 2160 καθ’
847 2106 1087 2177 ἑκάστην
1110 2106 1243 2158 αὐτὸ
1276 2106 1376 2175 τὴν
1399 2104 1615 2175 ἡμέραν
1645 2107 1899 2176 ἐπινεμο-

308 2191 473 2260 μένου
506 2191 598 2245 xu".
622 2192 935 2254 κόπτοντος,
965 2190 1062 2243 τοῦ
1092 2190 1147 2242 δὲ
1166 2188 1548 2258 λόγουίτούτου
1577 2188 1677 2240 οὐκ
1699 2186 1899 2252 ἐῶντος

306 2276 429 2327 ἀντὶ
454 2274 563 2326 τῶν
595 2274 904 2327 πιπτόντων
938 2274 1159 2343 ἐτέρους
1188 2269 1566 2335 ’ἀνίστασθαι;
1604 2272 1668 2324 Εἰ
1695 2271 1803 2342 γάρ
1838 2271 1900 2324 τὸ

307 2346 474 2411 καλὸν
501 2357 658 2410 τοῦτο
682 2355 1028 2428 ζηλώσαιμεν
1067 2356 1323 2419 ἅπαντες,
1364 2358 1459 2410 καὶ
1508 2355 1583 2428 μὴ
1620 2354 1899 2427 ἀψαίμεθα

307 2440 608 2508 γυναικῶν,
638 2439 816 2493 πάντα
842 2441 1144 2510 οἰχήσεται,
1180 2440 1274 2492 καὶ
1310 2438 1528 2504 πόλεις,
1573 2440 1668 2492 καὶ
1707 2438 1899 2504 οἰκίαι,

308 2526 403 2578 καὶ
426 2524 607 2593 ἀγρώ,
631 2525 727 2577 καὶ
754 2524 964 2594 τέχναι,
994 2524 1089 2576 καὶ
1118 2522 1254 2586 ζῶα,
1298 2523 1393 2577 καὶ
1424 2523 1586 2591 φυτά.
1632 2522 1901 2593 Καθάπερ

308 2608 420 2678 γάρ
450 2607 544 2660 τοῦ
569 2607 879 2678 στρατηγοῦ
913 2607 1171 2671 πεσόντος
1202 2608 1353 2660 πᾶσα
1372 2606 1589 2677 ἀνάγκη
1616 2605 1710 2660 τοῦ
1739 2623 1903 2677 στρα-

306 2691 580 2761 τεύματος
610 2689 1010 2771 διασπασθῇναι
1043 2691 1141 2762 τὴν
1170 2690 1444 2757 εὐταξίαν,
1468 2689 1613 2744 οὕτω
1642 2690 1736 2744 τοῦ
1763 2691 1902 2744 πάν-

309 2792 419 2827 των
449 2774 558 2826 τῶν
582 2773 674 2826 ἐπὶ
706 2773 810 2844 γῆς
844 2773 1221 2844 βασιλεύοντος
1248 2773 1538 2858 ἀνθρώπου
1572 2772 1662 2826 διά
1697 2772 1792 2826 τοῦ
1827 2772 1901 2845 μὴ

309 2860 510 2928 γαμεῖν
541 2858 931 2927 ἀφανισθέντος
952 2897 966 2921 ,
1009 2858 1162 2911 οὐδὲν
1192 2858 1301 2911 τῶν
1325 2857 1528 2911 λοιπῶν
1562 2858 1655 2911 ἐπὶ
1680 2858 1775 2929 τῆς
1807 2860 1903 2911 αὐο

314 2943 409 3013 τῆς
438 2942 739 3012 ἀσφαλείας
773 2930 886 2995 καὶΔ
917 2940 1170 3006 εὐταξίας
1200 2941 1465 3012 διαμενεῖ,
1494 2944 1589 2994 καὶ
1640 2941 1701 2994 τὸ
1740 2940 1902 2994 καλὸν

310 3027 469 3079 τοῦτο
503 3025 874 3098 παράγγελμα
913 3025 1123 3096 μυρίων
1145 3025 1415 3096 ἐμπλήσει
1456 3025 1553 3096 τὴν
1575 3023 1903 3096 οἰκουμένην

302 3101 523 3164 κακῶν.
572 3109 715 3179 Ἐγὼ
742 3110 819 3175 δέ,
854 3111 901 3162 εί
936 3109 1035 3181 μὲν
1063 3109 1173 3162 τῶν
1201 3109 1414 3181 ἐχθρῶν
1444 3112 1537 3161 καὶ
1559 3109 1808 3162 ἀπίστων
1834 3104 1902 3180 ἦν

310 3194 469 3249 ταυτὶ
497 3194 655 3264 μόνον
681 3192 751 3246 τὰ
780 3194 1021 3265 ῥήματα,
1061 3192 1267 3264 βραχὺν
1304 3193 1370 3246 ἂν
1416 3192 1596 3246 αὐτῶν
1636 3194 1902 3263 ἐποιησά-

318 3296 423 3352 μην
441 3278 628 3345 λόγον’
662 3276 851 3348 ἐπειδὴ
880 3275 937 3328 δέ
972 3276 1063 3329 καὶ
1087 3276 1196 3329 τῶν
1224 3277 1305 3340 εἰς
1330 3276 1430 3347 τὴν
1460 3276 1793 3349 Ἐκκλησίαν
1818 3276 1903 3329 δο-

310 3359 553 3415 κούντων
582 3359 853 3413 συντελεῖν
876 3359 1061 3413 πολλοὶ
1080 3358 1254 3413 ταῦτα
1274 3360 1602 3430 φθέγγονται
1623 3401 1637 3422 ,
1658 3360 1724 3413 δι’
1747 3361 1904 3414 ἀσθέ-

308 3462 459 3499 νειαν
493 3443 593 3514 μὲν
628 3443 1005 3515 προαιρέσεως
1036 3443 1465 3513 ἀπολειφθέντες
1498 3444 1604 3497 τῶν
1634 3445 1775 3515 ὐπέρ
1804 3445 1900 3516 τῆς

310 3526 613 3599 παρθενίας
650 3527 890 3599 ἱδρώτων
912 3567 926 3587 ,
956 3526 1033 3597 τῷ
1063 3526 1120 3579 δέ
1158 3527 1220 3580 τὸ
1251 3528 1485 3599 πρᾶγμα
1522 3527 1770 3592 κακίζειν
1808 3529 1903 3582 καὶ

310 3610 565 3681 περιττὸν
591 3610 918 3679 ἀποφαίνειν
963 3608 1280 3680 βουλόμενοι
1303 3610 1620 3675 συσκιάζειν
1651 3610 1748 3682 τὴν
1772 3614 1902 3664 ἐαυ-

310 3694 422 3749 τῶν
446 3694 741 3766 ρᾳθυμίαν,
766 3694 854 3747 ἵνα
891 3693 964 3764 μὴ
983 3693 1182 3746 δοκῶσι
1204 3693 1269 3745 δι’
1296 3693 1606 3765 ὀλιγωρίαν,
1636 3694 1771 3748 ἀλλά
1815 3695 1903 3749 διά

313 3780 495 3849 κρίσιν
523 3778 690 3849 ὀρθὴν
715 3776 990 3848 λογισμῶν
1011 3777 1118 3830 τῶν
1142 3776 1370 3846 ἀγώνων
1396 3779 1760 3849 ὑστερηκέναι
1780 3780 1903 3834 τού-

312 3881 456 3926 των,
495 3862 626 3933 φέρε
652 3903 666 3925 ,
705 3860 857 3933 [279]
889 3861 1014 3923 τούς
1062 3859 1291 3932 ἐχθροὺς
1343 3860 1904 3932 ἀφέντες(Ψυχίκός

312 3944 424 4015 γάρ
446 3946 755 4014 ἅνθρωπος
788 3947 859 4017 οὐ
889 3942 1122 4013 δέχεται
1149 3942 1358 3998 τὰτοῦ
1383 3944 1730 4013 Πνεύματος
1748 3962 1761 3975 ⁸
1782 3964 1904 4014 μω-

305 4038 410 4104 ρία
440 4036 549 4106 γὰρ
588 4036 748 4101 αὐτῷ
792 4037 1020 4106 ἐστιν),
1052 4036 1178 4098 τοὺς
1210 4036 1711 4106 προσποιουμένους
1764 4035 1903 4091 εἶναι

317 4120 437 4190 μεθ’
465 4123 500 4189 ή
511 4120 646 4189 μῶν,
676 4118 979 4190 διδάξωμεν
999 4119 1307 4189 ἀμφότερα,
1332 4116 1408 4182 ῶς
1432 4118 1555 4172 οὐτε
1584 4119 1646 4173 τὸ
1674 4123 1905 4191 πρᾶγμα

314 4202 593 4272 περιττὸν,
624 4201 762 4254 ἀλλά
795 4202 891 4255 καὶ
913 4202 1119 4271 σφόδρα.
1161 4203 1430 4273 χρήσιμον
1473 4203 1569 4255 καὶ
1609 4203 1905 4271 ἀναγκαῖόν

314 4288 488 4350 ἐστιν,
520 4285 646 4339 οὐτε
698 4288 883 4350 αὐτοῖς
937 4286 1173 4356 ἀζήμιος
1222 4288 1256 4356 ή
1301 4285 1528 4357 τοιαύτη
1575 4289 1903 4358 κατηγορία,

315 4370 455 4423 ἀλλά
482 4369 735 4423 τοσοῦτον
781 4370 964 4430 αὐτοῖς
1003 4371 1137 4423 οίσει
1194 4369 1283 4422 τὸν
1330 4368 1595 4431 κίνδυνον,
1633 4370 1756 4422 ὅσον
1793 4373 1906 4433 τοῖς

315 4450 645 4521 κατορθοῦσι
678 4452 768 4504 τὸν
802 4451 993 4522 μισθὸν
1024 4452 1117 4505 καί⁸
1147 4451 1237 4504 τὸν
1275 4450 1517 4505 ἔπαινον.
1549 4451 1769 4521 Ἐπειδὴ
1797 4451 1904 4522 γάρ

315 4537 344 4588 ὀ
378 4535 601 4604 σύμπας
626 4524 779 4597 οὗτος
800 4534 1002 4604 κόσμος
1026 4535 1352 4605 ἀπήρτιστο,
1380 4537 1473 4587 καὶ
1506 4536 1680 4589 πάντα
1705 4535 1904 4606 ηὐτρέ-

318 4635 481 4672 πιστο
512 4618 581 4670 τά
613 4617 749 4688 πρὸς
789 4618 1094 4671 ἀνάπαυσιν
1134 4618 1226 4670 καὶ
1255 4618 1453 4688 χρῆσιν
1477 4618 1577 4690 τὴν
1607 4618 1902 4689 ἡμετέραν,

317 4700 522 4753 ἔπλασε
555 4699 646 4753 τὸν
682 4700 969 4771 ἄνθρωπον
1004 4702 1032 4752 6
1064 4699 1197 4764 Θεὸς
1222 4741 1237 4763 ,
1265 4701 1331 4753 δι’
1365 4700 1423 4753 ὃν
1452 4701 1548 4753 καὶ
1577 4701 1668 4754 τὸν
1701 4702 1906 4772 κόσμον

315 4785 564 4855 ἐποίησε.
592 4772 867 4847 ’Πλασθεὶς
897 4783 951 4836 δὲ
986 4785 1194 4847 ὲκεῦκος
1232 4784 1445 4854 ἔμεινεν
1480 4785 1537 4836 ἐν
1568 4785 1902 4854 παραδείσῳ,

318 4869 414 4921 καὶ
438 4869 620 4937 γάμου
635 4867 794 4935 λόγος
815 4865 990 4931 οὐδεὶς
1005 4862 1073 4937 ἦν
1095 4885 1108 4896 ·
1137 4866 1356 4938 ἐδέησεν
1371 4866 1519 4938 αὐτῷ
1533 4868 1785 4936 γενέσθαι
1812 4870 1906 4921 καὶ

317 4951 537 5023 βοηθὸν,
577 4951 671 5007 καὶ
718 4950 967 5020 ἐγένετοο
1000 4951 1097 5004 καὶ
1119 4950 1239 5004 οὐδέ
1260 4950 1437 5015 οὐτως
1464 4954 1492 5005 6
1524 4951 1703 5022 γάμος
1731 4955 1905 5021 ἀναγ-

316 5041 476 5101 καῖος
515 5032 654 5092 εἶναι
689 5036 887 5090 ἐδόκει.
936 5035 1075 5089 Ἀλλ’
1110 5036 1229 5091 οὐδὲ
1262 5036 1516 5106 ἐφαίνετό
1561 5054 1650 5090 πω
1693 5048 1750 5101 ε,
1787 5037 1904 5091 ἀλλ’

317 5122 513 5191 ἔμενον
539 5122 735 5174 ἐκεῖνοι
779 5119 969 5174 τούτου
998 5120 1170 5193 χωρὶς
1200 5121 1452 5193 καθάπερ
1484 5121 1543 5175 ἐν
1581 5120 1796 5192 οὐρανῷ
1829 5122 1906 5194 τῷ

315 5205 634 5277 παραδείσῳ
674 5203 1040 5274 διαιτώμενοι.
1078 5205 1173 5258 καὶ
1228 5204 1602 5276 ἐντρυφῶντες
1650 5209 1718 5276 τῇ
1770 5205 1906 5276 πρὸς

316 5290 454 5343 Θεὸν
483 5287 669 5360 ὁμιλία
694 5306 708 5319 ο
746 5285 947 5359 μίξεως
984 5287 1042 5341 δὲ
1070 5286 1336 5358 ἐπιθυμία
1369 5288 1464 5340 καὶ
1514 5286 1777 5357 σύλληψις
1809 5288 1908 5347 καὶ

315 5371 507 5434 ὠδῖνες
535 5371 629 5423 καὶ
648 5370 797 5424 τόκοι
837 5370 934 5424 καὶ⁹
965 5371 1075 5423 πᾶν
1109 5365 1250 5434 εἶδος
1294 5369 1500 5441 φθορᾶς
1523 5368 1786 5442 ἐξώριστο
1809 5371 1909 5442 τῆς

316 5455 546 5509 ἐκείνων
574 5453 753 5525 ψυχῆς
774 5471 786 5483 ·
817 5454 1007 5527 ὥσπερ
1030 5454 1086 5508 δέ
1114 5454 1328 5526 ῥεῖθρον
1351 5453 1544 5518 διειδὲς
1573 5456 1638 5509 ἐκ
1658 5455 1910 5526 καθαρᾶς

318 5537 509 5608 πηγῆς
538 5528 748 5610 προϊὸν,
792 5536 964 5603 οὐτως
1014 5534 1156 5606 ἦσαν
1183 5539 1242 5591 ὲν
1288 5537 1484 5609 ἐκείνῳ
1515 5536 1595 5609 τῷ
1621 5539 1807 5609 χωρίῳ
1839 5540 1907 5609 τῇ

382 5648 561 5724 .3103.
584 5649 845 5724 ἐτόλμησα.
870 5649 998 5724 ξυΐιδο
1018 5655 1128 5724 ρρξι
1149 5649 1262 5724 Ιιωεξ
1395 5649 1669 5724 συμϐουλήν
1686 5649 1811 5724 Reg.
1858 5653 1914 5724 ει

319 5712 474 5760 Savil.
498 5710 546 5759 ii]
565 5710 719 5773 marg.
733 5713 802 5761 sic
817 5710 1159 5772 habent,"’01:
1180 5711 1329 5760 καλὸν
1348 5710 1581 5774 ἀνθρώπῳ
1602 5710 1822 5773 γυναικὸς
1844 5712 1908 5774 μὴ

317 5774 566 5834 ἅπτεσθαι.
594 5774 684 5821 Διά
703 5772 751 5820 τε
768 5772 876 5834 γάρ.
1300 5832 1319 5834 ᾼ

380 5790 566 5821 meum.
594 5790 684 5821 Δια
703 5790 750 5820 τι
768 5790 876 5837 γαρ.

380 5833 412 5898 ᾗ
435 5834 562 5898 με.
579 5836 676 5898 τῶν
694 5833 1074 5898 προσταγμάτων
1094 5836 1159 5892 ὡς
1177 5832 1536 5898 αὐτοῦεάφξῶν
1559 5835 1788 5898 ἔπεμψαν.

386 5897 417 5929 ⁸
436 5894 585 5944 Savil.
611 5894 663 5943 in
684 5894 1050 5959 rle';tu_et'Reg.
1070 5911 1182 5959 που.
1209 5894 1416 5959 Μοτει.,’
1433 5894 1655 5947 Plautini
1675 5894 1729 5948 ἐι
1749 5896 1900 5951 Savil.

311 5957 363 6010 in
391 5973 647 6025 ωπκθτω.
674 5958 803 6009 Infra
820 5955 946 6018 Reg.
993 5955 1207 6022 καθάπερ
1229 5958 1433 6037 οὐρανῷ.

1657 322 1745 376 DE
1788 320 2246 379 VIRGINITATE.

3486 322 3593 377 5ίὲ

2003 434 2271 506 παρθενίᾳ
2307 432 2694 506 κοσμούμενοι.
2744 434 2855 487 Καὶ
2884 435 3034 487 πᾶσα
3067 434 3247 507 τότεὴ
3280 436 3353 509 γῆ
3388 437 3595 508 ἔρημος

3662 288 3675 317 J

1994 512 2065 587 ἦν
2099 516 2432 587 ἀνθρώπωνο
2483 516 2643 570 τοῦτο
2684 516 2713 568 6
2739 515 2836 571 νῦν
2875 516 3181 571 δεδοίκασιν
3224 514 3373 574 οῦτοι
3406 525 3456 572 οἱ
3493 518 3593 591 τῆς
3661 512 3670 533 ¹

1995 602 2325 672 οἰκουμένης
2355 601 2710 672 μεριμνηταὶ,
2734 602 2784 654 οί
2815 602 2884 655 τά
2907 602 3006 673 μέν
3038 601 3244 672 ἐτέρων
3285 602 3599 671 σπουδαίως

2000 684 2396 755 μεριμνῶντες,
2423 684 2491 737 τὰ
2518 683 2576 737 δὲ
2603 682 2814 736 ἑαυτῶν
2839 685 2960 737 οὐδέ
3002 685 3204 739 ἐννοεῖν
3248 686 3595 757 ἀνεχόμενοι,

1997 769 2093 822 καὶ
2121 768 2261 840 ὐπέρ
2304 768 2403 840 μὲν
2434 766 2530 821 τοῦ
2575 767 2755 821 κοινοῦ
2791 767 2904 820 τῶν
2949 768 3256 840 ἀνθρώπων
3292 769 3594 834 δεδοικότες

1996 851 2189 920 γένους
2237 853 2311 923 μή
2358 870 2492 906 ποτε
2523 851 2778 923 ἐπιλείπῃ
2802 869 2815 881 ⁸
2851 852 2950 922 τῆς
2996 853 3055 906 δὲ
3086 853 3222 917 ἰδίας
3259 853 3490 917 ἕκαστος
3518 854 3596 916 ὡς

1997 935 2288 1007 ἀλλοτρίας
2315 933 2488 998 οὕτως
2517 933 2845 1005 ἀμελοῦντες
2877 934 3080 1005 ψυχῆς,
3134 936 3427 989 καὶταῦτα
3460 936 3593 1006 μέλ-

1996 1019 2181 1083 λοντες
2209 1020 2350 1089 ὑπὲρ
2380 1019 2478 1089 μὲν
2504 1018 2709 1089 ταύτης
2737 1017 2831 1070 καὶ
2859 1018 2969 1073 τῶν
3020 1020 3363 1090 μικροτάτων
3406 1020 3596 1073 ἕνεκεν

1999 1104 2247 1175 ἀκριϐεῖς
2269 1103 2623 1177 ,ἀπαιτεῖσθαι
2652 1103 2752 1165 τὰς
2783 1100 3016 1165 εὐθύνας
3038 1143 3052 1166 ,
3082 1103 3224 1173 ὑπὲρ
3264 1103 3319 1155 δὲ
3355 1103 3457 1172 τῆς
3485 1104 3594 1156 τῶν

1998 1183 2303 1258 ἀνθρώπων
2345 1185 2661 1256 ὀλιγότητος
2698 1184 2820 1236 οὐδέ
2870 1185 2964 1237 τὸν
3009 1185 3243 1255 τυχόντα
3271 1184 3431 1253 λόγον
3491 1186 3596 1254 ὐφ-

1999 1269 2166 1334 έξειν.
2200 1268 2315 1321 Οὐκ
2333 1264 2473 1338 ἦσαν
2489 1268 2612 1320 τότε
2640 1266 2846 1329 πόλεις,
2868 1267 2988 1319 οὐδέ
3009 1264 3214 1336 τέχναι,
3238 1267 3359 1320 οὐδέ
3386 1268 3556 1321 οἰκίαι
3573 1284 3595 1301 ο

1999 1353 2095 1406 καὶ
2127 1352 2238 1422 γάρ
2274 1354 2373 1407 καί
2410 1350 2620 1405 τούτων
2656 1352 2786 1422 ὑμῖν
2814 1352 2913 1421 οὐχ
2948 1351 3023 1414 ὡς
3060 1352 3217 1422 ἔτυχε
3257 1350 3442 1421 μέλει·
3475 1352 3593 1403 ἀλλ’

1997 1437 2098 1488 οὐκ
2125 1431 2194 1506 ἦν
2226 1436 2346 1489 τότε
2368 1436 2568 1499 ταῦτα,
2596 1434 2693 1488 καὶ
2729 1435 2881 1504 ὅμως
2914 1433 3013 1504 τὴν
3054 1434 3331 1505 μακαρίαν
3373 1434 3595 1505 ἐκείνην

1999 1516 2147 1590 ζωὴν
2176 1520 2272 1572 καὶ
2312 1517 2495 1588 πολλῷ
2526 1518 2733 1589 ταύτης
2757 1516 2968 1587 ἀμείνω
3000 1516 3154 1569 οὐδὲν
3186 1515 3310 1569 οὐτε
3344 1517 3593 1571 ἐνεπόδι-

1997 1602 2030 1663 ζ’
2033 1618 2111 1669 εν,
2141 1600 2267 1655 οὔτε
2294 1601 2604 1655 ἐνέκοπτεν.
2623 1600 2845 1670 Ἐπειδὴ
2864 1599 2921 1653 δὲ
2948 1600 3306 1671 παρήκουσαν
3325 1599 3417 1654 τοῦ
3434 1600 3597 1669 Θεοῦ,

1997 1686 2092 1739 καὶ
2115 1685 2332 1753 ἐγένετο
2371 1685 2443 1755 γῆ
2471 1684 2567 1739 καὶ
2593 1684 2808 1746 σποδὸς,
2851 1682 3143 1735 ἀπώλεσαν
3192 1683 3332 1753 μετά
3359 1684 3459 1753 τῆς
3492 1689 3596 1753 μαι

1996 1766 2193 1840 καρίας
2231 1768 2446 1837 ἐκείνης
2478 1766 2759 1836 διαγωγῆς
2806 1765 2902 1819 καὶ
2934 1766 2998 1819 τὸ
3031 1769 3133 1837 τῆς
3159 1766 3460 1836 παρθενίας
3491 1785 3593 1821 κα-

1994 1852 2086 1905 λὸν
2108 1852 2157 1917 ἀ,
2193 1852 2289 1905 καὶ
2323 1851 2461 1922 μετά
2492 1851 2586 1904 τοῦ
2612 1850 2748 1904 Θεοῦ
2782 1851 2877 1903 καὶ
2909 1850 3049 1921 αὐτὴ
3084 1848 3467 1904 καταλιποῦσα
3493 1852 3589 1903 αὐ-

1996 1936 2125 2000 τοὺς
2160 1934 2530 2006 ἀνεχώρησεν.
2565 1935 2712 1997 Ἕως
2753 1934 2853 2003 μὲν
2891 1932 3001 2005 γάρ
3031 1929 3174 2003 ἦσαν
3210 1932 3478 1986 ἀνάλωτοι
3515 1932 3595 2003 τῷ

1998 2018 2254 2087 διαϐόλῳ,
2278 2020 2373 2072 καὶ
2405 2018 2496 2070 τὸν
2523 2016 2802 2087 Δεσπότην
2830 2015 3058 2088 ᾐδοῦντο
3100 2017 3192 2070 τὸν
3220 2016 3401 2069 αὐτῶν
3418 2056 3432 2078 ,
3462 2033 3597 2086 παρ-

2000 2102 2161 2173 έμενε
2189 2104 2283 2155 καὶ
2313 2102 2346 2172 ἡ
2375 2100 2651 2172 παρθενία
2666 2099 2949 2169 κοσμοῦσα
2975 2100 3173 2162 αὐτοὺς
3195 2099 3441 2169 μᾶλλονή
3464 2100 3596 2163 τούς

2001 2183 2240 2253 βασιλεῖς
2263 2183 2324 2237 τὸ
2350 2183 2585 2255 διάδημα
2634 2184 2730 2235 καὶ
2755 2182 2823 2234 τὰ
2852 2182 3044 2252 ἱμάτια
3068 2182 3138 2234 τά
3162 2184 3340 2253 χρυσᾶ
3366 2198 3378 2211 ·
3405 2182 3592 2252 ἐπειδὴ

1996 2268 2052 2322 δὲ
2067 2270 2403 2339 αἰχμάλωτοι
2431 2270 2717 2337 γενόμενοι
2743 2266 2842 2336 τὴν
2862 2265 3149 2337 βασιλικὴν
3171 2266 3376 2336 ταύτην
3401 2264 3596 2319 ἀπεδύ-

1999 2368 2165 2405 σαντο
2188 2350 2403 2422 στολὴν,
2432 2350 2633 2404 καὶτὸν
2662 2350 2915 2421 οὐράνιον
2937 2348 3219 2401 ἀπέθεντο
3236 2348 3461 2418 κόσμον,
3478 2348 3596 2400 ἐδέ-

1986 2434 2161 2500 ’ξαντο
2180 2433 2238 2487 δὲ
2260 2434 2361 2506 τὴν
2392 2433 2501 2487 ἀπὸ
2521 2432 2617 2485 τοῦ
2650 2432 2883 2486 θανάτου
2906 2430 3138 2503 φθοράν,
3175 2432 3269 2484 καὶ
3297 2431 3394 2501 τὴν
3428 2430 3596 2502 ἀρὰν,

1998 2519 2094 2571 καὶ
2121 2520 2220 2590 τὴν
2257 2517 2469 2588 ὀδύνην,
2507 2516 2601 2569 καὶ
2621 2516 2713 2570 τὸν
2748 2517 3005 2569 ἐπίπονον
3042 2515 3179 2585 βίον,
3210 2515 3331 2568 τότε
3354 2516 3383 2566 ὁ
3416 2515 3596 2585 γάμος

1999 2604 2382 2674 ἐπεισέρχεται
2421 2601 2563 2673 μετά
2590 2601 2819 2666 τούτων,
2852 2600 2914 2653 τὸ
2947 2600 3140 2667 θνητὸν
3164 2598 3325 2651 τοῦτο
3346 2599 3440 2652 καὶ
3470 2597 3594 2652 δου-

1998 2688 2150 2742 λικὸν
2183 2688 2420 2758 ἱμάτιον.
2475 2688 2528 2739 '0
2559 2685 2670 2756 γάρ
2695 2684 2998 2755 γαμήσας,
3027 2683 3181 2754 φησὶ,
3216 2681 3477 2753 μεριμνᾷ
3522 2683 3595 2736 τὰ

2000 2771 2105 2824 τοῦ
2137 2772 2391 2840 κόσμου.
2436 2770 2601 2840 Ὁρᾷς
2636 2768 2801 2821 πόθεν
2827 2768 2956 2837 ἔσχε
2985 2767 3085 2837 τὴν
3121 2767 3294 2838 ἀρχὴν
3327 2767 3357 2818 6
3395 2766 3597 2836 γάμος,

2001 2853 2166 2907 πόθεν
2192 2855 2494 2921 ἀναγκαῖος
2523 2850 2701 2916 ἔδοξεν
2741 2850 2917 2915 εἷναις
2975 2851 3113 2904 Ἀπὸ
3151 2852 3251 2921 τῆς
3284 2849 3594 2919 παρακοῆς,

2000 2938 2109 2991 ἀπὸ
2138 2938 2236 3008 τῆς
2270 2938 2430 3011 ἀρᾶς,
2467 2937 2575 2989 ἀπὸ
2605 2934 2700 3012 τοῦ
2725 2936 2975 2989 θανάτου.
3012 2935 3188 2987 Ὅπου
3217 2934 3327 3012 γὰρ
3344 2933 3597 2995 θάνατος,

2000 3024 2121 3075 ἐκεῖ
2141 3024 2320 3092 γάμος
2341 3039 2353 3053 ·
2394 3021 2585 3074 τούτου
2622 3021 2680 3072 δὲ
2708 3021 2808 3073 οὐκ
2853 3019 3008 3081 ὄντος
3035 3017 3156 3070 οὐδέ
3193 3011 3347 3080 οὗτος
3379 3017 3592 3068 ἕπεται.

2013 3105 2153 3157 Ἀλλ’
2176 3105 2281 3174 οὐχ
2314 3106 2348 3174 ἡ
2394 3101 2662 3173 παρθενία
2714 3100 2921 3170 ταύτην
2953 3099 3069 3170 ἔχει
3111 3099 3213 3170 τὴν
3247 3098 3594 3161 ἀκολουθίαν,

2000 3187 2114 3240 ἀλλ’
2148 3186 2236 3239 ἀεὶ
2269 3185 2668 3257 χρήσιμον,ἀεί⁵
2699 3184 2864 3237 καλὸν
2904 3183 2995 3235 καὶ
3033 3182 3321 3252 μακάριον,
3359 3180 3454 3233 καὶ
3490 3181 3599 3251 πρὸ

2000 3270 2094 3323 τοῦ
2126 3269 2358 3322 θανάτου
2390 3270 2484 3322 καὶ
2517 3267 2656 3339 μετά
2690 3267 2783 3320 τὸν
2809 3266 3060 3331 θάνατον,
3105 3265 3201 3319 καὶ
3231 3264 3337 3336 πρὸ
3362 3262 3456 3319 τοῦ
3491 3263 3597 3334 γά-

2006 3370 2107 3423 μου
2137 3352 2233 3406 καὶ
2264 3353 2401 3420 μετὰ
2435 3351 2528 3405 τὸν
2557 3352 2757 3420 γάμον.
2788 3352 2948 3412 Ποῖος
2972 3348 3103 3418 γάρ,
3132 3349 3256 3401 εἰπέ
3287 3366 3395 3418 μοι,
3420 3349 3599 3417 γάμος

2000 3436 2238 3490 ἀπέτεκε
2270 3435 2364 3490 τὸν
2393 3434 2588 3504 Ἀδὰμ,
2619 3435 2768 3486 ποῖαι
2808 3433 2907 3502 τὴν
2941 3431 3085 3486 Εὕαν
3131 3431 3349 3495 ὡδῖνες;
3388 3430 3505 3484 Οὐκ
3531 3429 3598 3483 ἀν

2002 3521 2147 3592 ἔχοις
2174 3522 2371 3574 εἰπεῖν.
2417 3520 2485 3572 Τί
2534 3515 2628 3572 οῦν
2663 3518 2909 3580 δέδοικας
2946 3516 3072 3586 εἰκῆ
3107 3516 3204 3569 καὶ
3232 3516 3479 3585 τρέμεις,
3521 3514 3602 3583 μὴ

2002 3603 2355 3673 παυσαμένου
2390 3601 2485 3654 τοῦ
2525 3602 2704 3671 γάμου
2755 3598 2906 3672 [280]
2941 3600 3036 3651 καὶ
3067 3599 3128 3651 τὸ
3159 3596 3267 3650 τῶν
3292 3595 3599 3667 ἀνθρώπων

2002 3686 2283 3758 παύσηται
2320 3686 2511 3753 γένος;
2550 3684 2760 3753 Μύριοιι
2794 3682 3054 3753 μυριάδες
3071 3680 3320 3748 ἀγγέλων
3350 3677 3597 3749 λειτουρ-

2001 3770 2159 3838 γοῦσι
2186 3768 2264 3840 τῷ
2292 3768 2432 3838 Θεῷ,
2470 3767 2638 3837 χίλιαι
2671 3767 2907 3837 χιλιάδες
2930 3764 3287 3836 ἀρχαγγέλων
3316 3763 3596 3835 παρεστᾶ-

2003 3870 2089 3906 σιν
2132 3842 2302 3921 αὐτῷ,
2330 3852 2426 3904 καὶ
2464 3850 2643 3914 οὐδεὶς
2693 3849 2900 3902 τούτων
2950 3848 3178 3915 γέγονεν
3224 3848 3288 3898 ἐκ
3321 3844 3599 3916 διαδοχῆς,

2001 3936 2122 3990 οὐδὲ
2155 3938 2219 3988 ἐκ
2274 3935 2451 3989 τόκων
2481 3936 2577 3988 καὶ
2633 3935 2836 3986 ὠδίνων
2870 3932 2966 3986 καὶ
3017 3930 3350 4001 συλλήψεως.
3387 3929 3600 3983 Οὐκοῦν

2004 4018 2183 4089 πολλῷ
2216 4017 2417 4088 μᾶλλον
2435 4016 2758 4087 ἀνθρώπους
2786 4016 3044 4084 ἐποίησεν
3082 4013 3148 4066 ἂν
3191 4014 3372 4083 γάμου
3405 4012 3597 4081 χωρὶς,

2003 4101 2195 4173 ὥσπερ
2233 4097 2326 4154 οῦν
2349 4101 2445 4152 καὶ
2471 4098 2696 4169 ἐποίησε
2731 4099 2865 4160 τοὺς
2898 4096 3173 4168 πρώτους,
3204 4094 3327 4150 ὅθεν
3359 4095 3599 4156 ἅπαντες

2004 4187 2100 4239 ἀνθ
2108 4201 2299 4257 ρωποι.
2642 4190 2647 4195 ’

2076 4269 2296 4325 19.Καί
2311 4267 2406 4320 νῦν
2417 4267 2473 4319 δὲ
2495 4268 2593 4336 οὐχ
2610 4269 2644 4336 ή
2657 4266 2752 4319 τοῦ
2766 4266 2948 4335 γάμου
2967 4264 3198 4334 δύναμις
3213 4265 3275 4316 τὸ
3289 4264 3446 4331 γένος
3462 4272 3597 4331 συγ-

2003 4354 2190 4424 κροτεῖ
2220 4351 2279 4403 15
2308 4352 2598 4421 ἡμέτερον,
2625 4348 2739 4401 ἀλλ’
2764 4351 2792 4401 6
2820 4348 2914 4401 τοῦ
2948 4348 3158 4418 Κυρίου
3200 4347 3359 4414 λόγος
3386 4349 3415 4401 6
3448 4348 3605 4418 παρὰ

2001 4436 2101 4504 τὴν
2129 4433 2305 4504 ἀρχὴν
2343 4434 2533 4496 εἰπὼν,
2569 4431 2921 4495 Αὺξιὶνεσθε
2945 4431 3043 4484 καὶ
3073 4432 3480 4496 πληθύνεσθε,
3499 4430 3598 4484 καὶ

2005 4518 2369 4586 πληρώσατε
2388 4516 2503 4583 τὴν
2525 4517 2661 4585 γῆν.
2689 4516 2753 4568 Τί
2794 4518 2918 4585 γὰρ.
2948 4516 3067 4567 εἰπέ
3094 4515 3315 4586 μοι,τὸν
3346 4515 3601 4586 ’Λϐραάμ

2005 4607 2084 4668 είς
2108 4602 2450 4656 παιδοποιίαν
2471 4601 2532 4653 τὸ
2555 4603 2788 4672 πρᾶγμα
2811 4598 3052 4670 ῶνησενς
3072 4601 3174 4652 οὐκ
3197 4600 3289 4652 ἐπὶ
3321 4600 3598 4663 τοσούτοες

2006 4687 2155 4758 αὐτῷ
2184 4686 2528 4757 χρησάμενος
2558 4685 2724 4748 ἔτεσι,
2754 4683 2961 4753 ταύτην
3009 4684 3234 4755 ὕστερον
3277 4684 3456 4754 ἀφῆκε
3499 4684 3599 4754 τὴν

2007 4773 2234 4842 φωνήν·ε
2254 4769 2548 4830 Δέσποτα,
2577 4768 2635 4820 τί
2658 4783 2760 4838 μοι
2784 4766 3040 4831 δώσεις;
3079 4767 3193 4833 ἐγὼ
3227 4766 3295 4819 δὲ
3331 4768 3597 4820 ἀπολύο-

1999 4873 2109 4925 μαι
2135 4855 2408 4917 ἄτεκνος.
2441 4852 2654 4922 Ὥσπερ
2679 4848 2774 4904 οῦν
2803 4851 2926 4903 τότε
2950 4851 3058 4903 ἀπὸ
3087 4849 3299 4921 νεκρῶν
3327 4849 3601 4919 σωμάτων

2003 4937 2297 5000 τοσαύταις
2342 4935 2571 5008 μυριάσι
2627 4935 2859 4987 δέδωκεν
2912 4933 3172 4986 ὑπόθεσιν
3224 4934 3317 4985 καὶ
3375 4932 3533 5002 ῥίζαν
3569 4935 3601 4985 6

2004 5022 2159 5086 Θεὸς,
2196 5021 2339 5075 οὐτω
2371 5022 2467 5073 καὶ
2496 5018 2647 5089 ποιρά
2673 5018 2775 5088 τὴν
2802 5016 2998 5088 ἀρχὴν,
3027 5017 3076 5068 εί
3099 5018 3211 5077 τοῖς
3241 5015 3603 5084 προστάγμα-

2007 5124 2093 5159 σιν
2125 5104 2292 5159 αὐτοῦ
2343 5103 2659 5164 πεισθέντες
2707 5101 2759 5153 οἰ
2791 5100 2922 5171 περὶ
2949 5100 3042 5152 τὸν
3078 5097 3382 5168 Ἀδάμ’τῆς
3403 5095 3602 5167 ἡδονῆς

2004 5189 2323 5262 ἐκράτησαν
2344 5186 2438 5242 τοῦ
2469 5187 2652 5255 ξύλου,
2677 5184 2779 5237 οὐκ
2806 5183 2873 5237 ἂν
2901 5183 3183 5262 ἠπόρησεν
3208 5180 3333 5233 ὁδοῦ
3344 5180 3415 5234 δι’
3447 5174 3515 5246 ἧς
3534 5181 3604 5233 τὸ

2005 5260 2115 5327 τῶν
2141 5270 2445 5344 ἀνθρώπων
2470 5270 2628 5338 γένος
2662 5267 2909 5337 αὐξήσει.
2944 5263 3086 5318 Οὐτε
3120 5261 3229 5333 γὰρ
3253 5260 3282 5316 6
3308 5263 3486 5332 γάμος
3521 5262 3601 5331 μὴ

2008 5355 2334 5427 βουλομένου
2367 5352 2502 5407 Θεοῦ
2524 5353 2810 5423 δυνήσεται
2835 5346 3065 5417 ποιῆσαι
3097 5345 3327 5407 πολλοὺς
3352 5344 3482 5427 τοὺς
3505 5344 3599 5400 bv-

2007 5425 2107 5504 τας
2128 5425 2470 5509 ἀνθρώπους,
2498 5435 2621 5488 οὐδέ
2646 5435 2680 5505 ή
2704 5430 2989 5503 παρθενία,
3024 5428 3346 5499 βουλομένου
3368 5425 3606 5509 πολλοὺς

2007 5507 2511 5592 εἷναι,“λυμανεῖται
2542 5516 2606 5570 τὸ
2636 5515 2859 5586 πλῆθος.
2915 5512 3056 5565 Ἀλλ’
3089 5510 3263 5573 οὕτως
3302 5507 3596 5591 ἐϐουλήθη,

2009 5610 2171 5678 φησι,
2199 5606 2268 5659 δι’
2293 5604 2445 5675 ἡμᾶς
2470 5602 2565 5656 καὶ
2591 5600 2679 5654 διὰ
2710 5599 2810 5670 τὴν
2845 5596 3267 5666 ἀπείθειανλτὴν
3294 5595 3599 5678 ἡμετέραν.

2009 5676 2111 5745 Διά
2133 5691 2187 5744 τί
2218 5686 2327 5759 γὰρ
2361 5686 2437 5759 μὴ
2471 5685 2579 5755 πρὸ
2615 5683 2714 5752 τῆς
2741 5681 2960 5751 ἀπάτης
2988 5682 3020 5733 6
3053 5680 3231 5750 γάμος
3264 5678 3471 5749 ἐφάνης
3509 5676 3605 5730 διὰ

2016 5776 2070 5830 τί
2102 5773 2176 5846 μὴ
2210 5774 2268 5827 ἐν
2297 5769 2607 5841 παραδείσῳ
2633 5771 2667 5841 ἠ
2709 5765 2885 5838 μίξιςς
2910 5764 2999 5819 διά
3018 5765 3071 5819 τί
3102 5763 3178 5836 μὴ
3204 5763 3311 5835 πρὸ
3334 5763 3437 5832 τῆς
3458 5764 3603 5834 ἀρᾶς
3700 5780 3707 5787 κ

2013 5861 2231 5923 ὠδῖνες;
2283 5858 2405 5911 Ὅτι
2434 5854 2613 5910 ταῦτα
2645 5853 2791 5907 τότε·
2818 5852 2920 5923 μὲν
2968 5849 3227 5921 πριττά,
3269 5847 3495 5921 ὕστερον
3538 5846 3599 5901 δὲ

2073 5957 2100 5997 ἀ
2122 5957 2250 6020 Reg.
2282 5955 2479 6014 κάλλος.ε
2816 5974 2821 5977 Α
3190 5974 3201 5980 -
3228 5984 3231 5991 .
3352 5982 3358 5987 .
3538 5956 3545 5967 κ
