4020 6438
423 281 527 342 διες
586 274 591 277 ’

423 401 644 471 γέγονεν
680 402 955 470 ἀναγκαῖα
992 402 1080 459 διά
1120 405 1221 477 τὴν
1271 409 1549 482 ἡμετέραν
1585 409 1870 482 ἀσθένειαν
1902 408 2000 462 καὶ

415 487 591 540 ταῦτα
618 484 713 537 καὶ
748 486 816 539 τά
853 486 985 541 ἄλλα
1018 488 1254 556 ἅπαντα,
1279 493 1338 545 αἰ
1372 481 1577 556 πόλεις,
1620 481 1677 546 αἰ
1716 492 1926 562 τέχναι,
1967 491 2002 562 ἠ

414 564 528 622 τῶν
558 568 789 641 ἰματίων
842 571 1103 645 περιϐολή
1122 614 1137 637 ,
1165 576 1193 628 6
1221 574 1407 641 λοιπὸς
1440 576 1547 631 τῶν
1579 575 1779 648 χρειῶν
1820 576 1999 646 ὄχλος.

413 654 601 707 Ταῦτα
631 654 740 726 7&9
769 654 987 710 ἅπαντα
1015 655 1412 731 ἐπισυρόμενος
1451 660 1741 728 εἰσήλασεν
1779 659 1809 711 6
1839 658 2003 712 θάνα-

410 754 504 796 τος
527 738 646 809 μεθ’
680 740 898 795 ἐαυτοῦ.
933 742 1020 814 Μὴ
1057 742 1235 796 τοίνυν
1267 743 1294 797 δ
1322 744 1411 812 διέ
1438 742 1537 815 τὴν
1568 742 1853 796 ἀσθένειαν
1876 758 2001 795 συν-

398 820 664 892 ιεχωρήοη
719 822 820 895 τὴν
877 823 997 895 σὴν,
1061 824 1219 879 τοῦτο
1260 826 1361 897 τῆς
1400 825 1699 899 παρθενίας
1734 826 1999 898 προτίμα,

414 902 616 973 μᾶλλον
662 905 720 958 δὲ
771 907 905 977 μηδὲ
946 910 1006 961 ἐν
1048 908 1147 980 ἴσῳ
1192 909 1407 964 τίθεσο*
1452 912 1577 965 ἐπεὶ
1622 910 1766 965 κατὰ
1811 908 2001 963 τοῦτον

412 985 620 1057 προῖὼν
664 988 754 1042 τὸν
791 989 949 1058 λόγον
980 993 1073 1045 καὶ
1098 993 1159 1045 τὺ
1186 993 1279 1047 δύο
1310 998 1574 1062 γυναῖκας
1604 994 1750 1066 ἐχειν
1780 992 1875 1047 τοῦ
1902 995 2002 1064 μιᾷ

411 1067 705 1139 ἀρκεῖσθαι
757 1072 918 1142 μόνον
962 1074 1185 1144 ἄμεινον
1210 1072 1350 1130 εἶναι
1405 1079 1620 1147 φήσεις,
1671 1076 1861 1148 ἐπειδὴ
1906 1078 2002 1129 καὶ

411 1151 570 1205 τοῦτο
592 1155 978 1227 συγκεχώρητο
1020 1157 1078 1210 ἐν
1106 1158 1186 1229 τῷ
1214 1159 1367 1228 νόμῳ
1416 1160 1729 1225 Μωῦσέως·
1766 1161 1864 1214 καὶ
1908 1160 2001 1214 τὸν

412 1233 645 1288 πλοῦτον
669 1236 725 1289 δὲ
744 1236 917 1303 οὔτως
940 1240 1041 1310 τῆς
1074 1242 1327 1295 ἑκουσίου
1373 1246 1735 1315 προτιμήσεις
1785 1242 1997 1305 πενίας,

411 1318 508 1371 καὶ
530 1319 628 1390 τὴν
655 1321 869 1393 τρυφὴν
896 1324 1002 1394 τῆς
1033 1323 1308 1397 σώφρονος
1330 1327 1563 1399 διαίτης,
1594 1328 1691 1382 καὶ
1718 1327 1778 1381 τὸ
1806 1326 2004 1398 ἀμύνε-

411 1400 534 1456 σθαι
560 1403 654 1455 τοῦ
683 1404 870 1475 φέρειν
891 1406 981 1459 τὸν
1005 1408 1297 1463 ἀδικοῦντα
1323 1410 1607 1479 γενναίως.

480 1486 598 1554 Ῑεῖν.
612 1488 685 1541 Σὺ
701 1489 757 1541 δὲ
773 1490 913 1543 αὐτά
930 1492 1197 1558 κακίζεις,
1213 1495 1601 1566 φησί.Κακίζω
1613 1494 1712 1565 μὲν
1726 1493 1996 1565 οὐδαμῶςο

407 1570 543 1635 Θεὸς
590 1571 701 1644 7&9
736 1574 879 1629 αὐτά
931 1575 1301 1649 συνεχώρησε,
1332 1578 1430 1632 καί
1463 1576 1688 1648 γέγονεν
1718 1579 1776 1631 ἐν
1822 1578 2000 1651 καιρῷ

409 1655 687 1725 χρήσιμα*
738 1656 911 1729 μικρά
952 1658 1010 1711 δέ
1055 1659 1196 1713 αὐτά
1243 1656 1383 1714 εἶναί
1415 1679 1590 1733 φημι.
1641 1663 1738 1715 καὶ
1789 1661 1999 1716 παίδων

410 1738 813 1809 κατορθώματα
843 1741 1043 1811 μᾶλλον
1073 1743 1106 1815 ἢ
1140 1743 1369 1815 ἀνδρῶν.
1396 1745 1507 1798 Kal
1539 1743 1627 1798 διὰ
1658 1742 1817 1798 τοῦτο
1851 1746 1998 1816 ἡμᾶς

408 1819 647 1885 τελείους
674 1823 703 1873 6
728 1823 963 1893 Χριστὸς
996 1824 1400 1898 δημιουργῆσαι
1435 1827 1778 1900 βουλόμενος,
1813 1830 2000 1882 ἐκεῖνα

412 1905 512 1974 μὲν
538 1906 832 1965 ἀποθέσθαι
866 1909 1173 1976 ἐκέλευσεν,
1205 1910 1394 1982 ὥσπερ
1427 1912 1620 1983 ἱμάτια
1649 1913 1875 1967 παιδικά
1903 1912 1999 1966 καὶ

407 1990 470 2043 οὐ
499 1990 771 2061 δυνάμενα
807 1992 1121 2063 περιϐαλεῖν
1154 1994 1243 2048 τὸν
1285 1995 1455 2067 ἀνδρα
1494 1997 1587 2050 τὸν
1620 1997 1849 2061 τέλειον,
1877 1996 1999 2050 οὐδέ

407 2072 470 2126 τὺ
498 2073 698 2144 μέτρον
742 2075 1018 2145 κοσμῆσαι
1070 2077 1171 2148 τῆς
1214 2076 1434 2150 ἡλικίας
1482 2077 1577 2132 τοῦ
1628 2079 1999 2152 πληρώματος

406 2154 504 2209 τοῦ
550 2156 815 2228 Χριστοῦ·
861 2157 931 2210 τὰ
977 2158 1036 2211 δέ
1081 2160 1305 2216 ἐκείνων
1334 2162 1752 2235 εὐπρεπέστερα
1780 2163 1874 2216 καὶ
1911 2180 1999 2216 τε·

408 2239 658 2313 λειότερα
702 2240 1021 2312 περιθέσθαι
1064 2243 1373 2309 ἐκέλευσεν,
1416 2247 1518 2302 οὐκ
1565 2247 1997 2319 ἀντινομοθετῶν

408 2323 609 2395 ἐαυτῷ,
638 2324 773 2379 ἀλλά
819 2326 914 2381 καὶ
947 2326 1154 2398 σφόδρα
1184 2327 1516 2384 ἀκολουθῶν.
1556 2330 1621 2384 El
1655 2331 1762 2402 7&9
1804 2332 1899 2385 καὶ
1927 2331 1997 2384 τὰ

400 2408 813 2478 τπροστάγματα
858 2407 1033 2462 ταῦτα
1079 2410 1304 2464 ἐκείνων
1355 2413 1548 2482 μείζω,
1598 2412 1734 2467 ἀλλά
1770 2413 1863 2467 τοῦ
1906 2431 1996 2467 νο-

410 2490 639 2560 μοθέτου
683 2493 884 2555 σκοπὸς
906 2493 935 2545 6
963 2492 1147 2557 αὐτός.
1181 2492 1278 2557 Τίς
1303 2490 1397 2549 οῦν
1435 2498 1582 2550 ἐστιν
1613 2490 1800 2561 0510;;
1833 2497 1999 2569 Περιο

407 2573 574 2642 κόψαι
612 2574 711 2643 τὴν
762 2575 958 2627 κακίαν
1005 2575 1107 2645 τῆς
1153 2576 1430 2647 ἡμετέρας
1469 2578 1679 2651 ψυχῆς,
1724 2578 1820 2634 καὶ
1858 2580 1997 2652 πρὸς

405 2655 503 2727 τὴν
534 2656 741 2711 τελείαν
776 2658 947 2730 αὐτὴν
982 2659 1209 2728 ἀγαγεῖν
1252 2661 1476 2732 ἀρετήν.
1506 2664 1569 2716 Εἰ
1608 2664 1789 2717 τοίνυν
1837 2664 1997 2718 τοῦτο

407 2739 754 2803 ἐσπουδάκει,
787 2741 847 2794 οὐ
882 2742 943 2795 τὸ
980 2742 1204 2812 μείζονα
1236 2746 1489 2810 ἐπιτάξαι
1532 2746 1643 2802 τῶν
1688 2748 1992 2821 προτέρων,

404 2821 543 2875 ἀλλὰ
576 2822 637 2875 τὸ
675 2824 734 2877 ἐν
764 2826 877 2887 τοῖς
904 2825 1089 2891 αὐτοῖς
1132 2828 1354 2897 ἀφεῖναι
1391 2828 1707 2895 διαπαντὸς,
1753 2834 1848 2885 καὶ
1885 2850 1992 2903 μη-

403 2904 597 2957 δέποτε
631 2905 732 2975 τῆς
759 2906 1032 2971 εὐτελείας
1057 2909 1365 2976 ἀπαλλάξαι
1390 2912 1629 2984 ἐκείνης,
1656 2913 1815 2969 τοῦτο
1844 2917 1997 2969 ἐναν-

403 2988 687 3070 τιουμένου
752 2990 956 3062 σφόδρα
998 2987 1066 3062 ἦν
1114 2994 1315 3064 ἐαυτῷ.
1345 2994 1559 3068 Ὥσπερ
1606 2996 1714 3068 γάρ
1744 3000 1794 3051 εἰ
1842 2998 1998 3070 παρά

402 3069 503 3142 τὴν
549 3070 746 3142 ἀρχὴν.
815 3073 905 3126 ὅτε
955 3076 1388 3149 νηπιωδὲστερον
1462 3079 1526 3132 τὸ
1595 3079 1706 3133 τῶν
1784 3069 1998 3152 ἀνθρώ-

404 3171 523 3207 πων
571 3154 804 3209 διέκειτο
872 3156 1063 3226 γένος,
1139 3159 1241 3230 τὴν
1318 3162 1724 3234 ἐπιτεταμένην
1787 3163 1995 3236 ταύτην

404 3237 762 3319 ἐνομοθέτησε
815 3240 1114 3306 πολιτείαν,
1140 3242 1249 3296 οὐδ’
1282 3241 1350 3297 ἂν
1386 3245 1484 3316 τὴν
1519 3244 1836 3319 σύμμετρον
1875 3248 1994 3302 ἐδεσ-

404 3318 619 3389 ξάμεθά
658 3338 815 3403 ποτε,
865 3323 1000 3377 ἀλλά
1048 3322 1201 3397 [Ξεί]
1253 3327 1432 3381 πάντα
1474 3327 1545 3381 τά
1577 3329 1675 3399 τῆς
1720 3318 1995 3403 σωτηρίας

402 3404 538 3473 ήμῖν
576 3402 681 3455 ὑπὸ
709 3403 914 3474 ταύτης
945 3406 1013 3459 ἂν
1040 3409 1139 3478 τῆς
1169 3409 1438 3480 ἀμετρίας
1466 3408 1789 3483 διέφθαρτο’
1821 3402 1996 3478 οὕτως

404 3486 455 3538 εἰ
496 3485 635 3555 μετά
662 3485 752 3539 τὸν
792 3487 960 3540 πολὺν
1002 3488 1194 3561 χρόνον
1234 3491 1442 3545 ἐκεῖνον
1480 3495 1578 3548 καὶ
1613 3494 1713 3565 τὴν
1748 3496 1855 3550 ἀπὸ
1898 3498 1994 3553 τοῦ

406 3568 573 3654 νόμου
624 3569 1023 3654 παιδαγωγίαν,
1064 3568 1160 3625 τοῦ
1214 3574 1410 3646 καιροῦ
1460 3576 1554 3630 ἐπὶ
1602 3579 1700 3651 τὴν
1742 3580 1994 3654 οὐράνιον

405 3653 609 3725 ταύτην
642 3653 935 3720 καλοῦντος
982 3656 1321 3725 φιλοσοφίαν,
1352 3658 1503 3712 εἴασε
1548 3660 1731 3731 μένειν
1767 3653 1860 3717 ἐπὶ
1897 3666 1995 3736 τῆς

406 3737 531 3807 γῆς,
557 3737 710 3791 οὐδὲν
741 3739 807 3793 ἂν
848 3739 992 3812 μέγα
1020 3741 1087 3793 ἐκ
1125 3740 1225 3812 τῆς
1253 3743 1714 3811 συγκαταϐάσεως
1746 3747 1994 3820 ἐκαρπω-

407 3821 625 3890 σάμεθα
660 3820 893 3893 ἐκείνης,
922 3824 1023 3894 τῆς
1060 3822 1414 3895 τελειότητος,
1444 3826 1512 3880 δι’
1547 3828 1615 3899 ήν
1644 3829 1677 3900 ή
1720 3833 1993 3899 συγκατάο

407 3903 569 3965 ϐασις
592 3905 806 3973 γέγονε,
843 3905 919 3976 μὴ
954 3907 1406 3977 παραγενομένης
1443 3910 1598 3980 ήμῖν.

479 3988 579 4041 IZ'.
608 3987 725 4041 Νῦν
744 3987 802 4041 δὲ
818 3990 1118 4061 παρόμοιον
1130 3990 1354 4059 γέγονεν
1366 3987 1479 4047 οἷον
1497 3994 1715 4049 ἐπὶτῶν
1736 3998 1989 4056 νεοττῶν.

409 4069 523 4124 Καὶ
566 4068 677 4140 γὰρ
703 4071 946 4135 ἐκείνους
979 4073 1112 4127 ὅταν
1159 4073 1404 4147 ἐκθρέψῃ
1439 4078 1473 4148 ή
1512 4078 1716 4150 μήτηρ,
1756 4083 1991 4151 προάγει

410 4155 514 4223 μὲν
548 4154 647 4225 τῆς
695 4154 918 4218 καλιᾶςο
952 4155 1019 4209 ἂν
1061 4156 1120 4209 δὲ
1152 4157 1513 4223 ἀσθενοῦντας
1547 4161 1649 4235 ἴδῃ,
1676 4165 1771 4218 καὶ
1817 4182 1985 4220 καταο

408 4235 706 4319 πίπτοντας
729 4239 823 4292 καὶ⁸
842 4238 1128 4309 δεομένους
1151 4239 1231 4293 ἔτι
1255 4241 1353 4311 τῆς
1378 4240 1527 4295 ἔνδον
1553 4245 1743 4316 μονῆς,
1766 4247 1991 4319 ἀφίησιν

405 4317 490 4373 ῑτι
531 4319 746 4384 πλείους
791 4322 1034 4395 ἡμέρας,
1081 4324 1180 4394 οὐχ
1230 4324 1316 4379 ἵνα
1366 4324 1656 4392 διαπαντὸς
1704 4328 1853 4384 ἔνδον
1891 4317 1991 4403 μέ-

405 4418 592 4465 νωσιν,
619 4403 736 4457 ἀλλ’
761 4404 849 4457 ῐνα
878 4405 1163 4473 παγέντων
1192 4407 1374 4471 αὐτοῖς
1404 4408 1588 4472 καλῶς
1614 4413 1724 4479 τῶν
1748 4414 1986 4485 πτερῶν,

406 4486 504 4540 καὶ
533 4486 634 4557 τῆς
670 4486 854 4557 ἰσχύος
889 4487 1333 4559 προσγενομένης
1371 4490 1612 4560 ἀπάσης,
1647 4495 1787 4563 μετὰ
1813 4497 1991 4566 ἀσφα-

404 4569 556 4632 λείας
584 4569 770 4623 λοιπὸν
800 4569 901 4639 τῆς
935 4572 1187 4641 πτήσεως
1225 4570 1476 4642 ἔχωνται.
1508 4573 1666 4629 Οὕτω
1693 4578 1788 4631 καὶ
1818 4581 1846 4633 6
1879 4580 1992 4633 Κύ-

407 4670 524 4741 ριος
550 4652 708 4741 ήμῶν
736 4651 797 4741 ἐξ
822 4654 999 4726 ἀρχῆς
1026 4653 1135 4741 μέν
1158 4648 1340 4741 εἷλκεν
1369 4657 1463 4711 ἐπὶ
1487 4657 1579 4741 τὸν
1612 4660 1863 4732 οὐρανὸν,
1893 4666 1989 4718 καὶ

403 4736 506 4808 τήν
550 4737 669 4789 ἐκεῖ
699 4736 969 4807 φέρουσαν
1011 4736 1135 4791 ὁδὸν
1178 4737 1410 4804 ἐδείκνυ,
1458 4740 1560 4795 οὐκ
1603 4742 1815 4813 ἀγνοῶν
1867 4749 1988 4817 μὲν,

405 4819 545 4876 ἀλλά
574 4821 667 4875 καὶ
697 4820 902 4893 σφόδρα
931 4822 1109 4887 εἰδὼς,
1134 4823 1217 4877 ὅτι
1246 4823 1349 4877 οὐκ
1375 4824 1684 4897 ἀρκέσομεν
1716 4828 1851 4901 πρὸς
1889 4831 1989 4903 τὴν

407 4904 606 4975 πτῆσιν
658 4903 898 4976 ἐκείνην,
937 4905 1108 4969 δεῖξαι
1141 4905 1201 4957 δὲ
1248 4907 1381 4977 ήμῖν
1412 4906 1756 4979 βουλόμενος,
1797 4913 1881 4965 ὃτι
1926 4915 1987 4967 οὐ

587 4985 689 5056 τὴν
717 4986 882 5079 αὐτοῦ
916 4986 1190 5079 βούλησιν,
1226 4988 1364 5042 ἀλλά
1580 4992 1989 5079 την-ἡμετέραν

403 5070 691 5126 ἀσθένειαν
739 5069 818 5123 τὸ.
850 5068 1053 5141 πτῶμα
1107 5071 1339 5139 γίνεται.
1390 5073 1608 5145 Ἐπειδὴ
1643 5068 1718 5129 ’δὲ
1765 5078 1984 5146 ἔδειξεν,

401 5151 547 5206 οὕτω
598 5152 783 5208 λοιπὸν
836 5152 1064 5223 ἀφίησιν
1106 5151 1296 5226 ῶσπερ
1345 5157 1405 5208 ἐν
1453 5155 1618 5229 καλιᾷ
1671 5158 1747 5229 τῷ
1798 5160 1988 5233 κόσμῳ

400 5236 579 5308 τούτῳ
607 5238 703 5291 καὶ
728 5236 808 5305 τῷ
834 5236 999 5308 γάμῳ
1040 5237 1337 5309 τρέφεσθαι
1372 5239 1565 5310 χρόνον
1593 5239 1782 5297 πολύν.
1820 5243 1906 5307 Ὠς
1931 5245 1988 5299 δέ

405 5323 536 5391 ἡμῖν
562 5321 620 5373 ἐν
658 5320 736 5391 τῷ
763 5318 945 5390 πολλῷ
968 5321 1156 5394 χρόνῳ
1185 5321 1255 5375 τά
1288 5322 1387 5393 τῆς
1420 5323 1621 5395 ἀρετῆς
1646 5324 1748 5396 ἔφυ
1788 5328 1980 5400 πτερὰ,

400 5402 523 5456 τότε
565 5402 749 5475 ἡρέμα
777 5403 875 5457 καὶ
903 5403 1046 5457 κατά
1076 5404 1274 5476 μικρὸν
1310 5403 1480 5460 ἐλθὼν
1507 5405 1744 5478 ἐξήγαγε
1773 5410 1873 5481 τῆς
1899 5413 1987 5466 ἐνο

399 5482 576 5564 ταῦθα
611 5484 803 5556 μονῆς,
832 5485 1100 5541 διδάσκων
1137 5487 1445 5560 ὑψηλότερα
1475 5489 1762 5548 πέτασθαι.
1794 5494 1855 5546 Οἱ
1886 5494 1987 5564 μὲν

400 5562 497 5621 οὖν
524 5564 607 5620 ἔτι
633 5566 968 5640 νωθρότερον
996 5570 1353 5641 διακείμενοι,
1382 5573 1478 5626 καὶ
1504 5572 1595 5626 τὸν
1624 5573 1791 5644 βαθὺν
1818 5562 1986 5632 ὕπνον

401 5648 773 5713 καθεύδοντες,
803 5652 1270 5727 ἐμφιλοχωροῦσιν
1310 5655 1393 5709 ἔτι
1429 5658 1494 5727 τῇ
1526 5656 1713 5729 καλιᾷ,
1743 5660 1855 5723 τοῖς
1889 5661 1983 5715 τοῦ

403 5732 609 5802 κόσμου
645 5733 1062 5805 προσηλωμένοι
1090 5738 1440 5810 πράγμασινο
1471 5740 1522 5793 οἰ
1548 5740 1606 5794 δὲ
1652 5741 1822 5805 ὅντως
1861 5759 1978 5809 γεν-

405 5818 561 5878 ναῖοι,
601 5814 696 5868 καὶ
733 5814 831 5869 τοῦ
872 5817 1049 5886 φακὸς
1079 5820 1342 5889 ἐρασταὶ,
1387 5823 1527 5894 μεεά
1574 5822 1777 5893 πολλῆς
1821 5825 1980 5880 εὐκο-

402 5896 519 5961 λίας
542 5896 770 5967 ἀφέντες
798 5897 986 5970 αὐτὴν,
1011 5901 1148 5975 πρὸς
1176 5901 1244 5955 τὰ
1284 5905 1533 5979 μετέωρα
1568 5906 1849 5973 πέτανται,
1881 5912 1975 5965 καὶ

1132 289 1188 346 S.
1230 288 1517 347 JOAN‘NIS
1554 287 2050 347 CHRYSOSTOMI
2100 288 2423 347 ARCHIEP.
2464 286 3020 347 CONSTANTINOP.

3593 289 3706 345 566

2108 409 2217 463 τῶν
2247 404 2494 480 οὐρανῶν
2521 405 2758 477 ἔχονται,
2792 405 2973 460 πάντα
3007 404 3101 457 ἐπὶ
3149 403 3248 475 τῆς
3291 402 3393 475 γῆς
3443 400 3709 460 καταλεί-

2101 491 2368 560 ψαντεςο,
2394 489 2488 544 τδν
2520 491 2717 561 γάμον,
2752 489 2823 542 τά
2862 489 3144 561 χρήματα,
3170 488 3267 551 τάς
3292 486 3600 559 φροντίδας,
3630 490 3707 544 τὰ

2104 574 2240 627 ἀλλα
2265 574 2445 628 πάντα
2466 574 2566 628 ὅσα
2595 573 2733 643 πρὸς
2763 573 2862 644 τὴν
2894 572 2996 641 γῆν
3028 573 3177 642 ἡμᾶς
3203 570 3492 625 καθέλκειν
3517 571 3704 629 εἴωθε.

2102 656 2194 729 Μὴ
2225 652 2406 711 τοίνυν
2437 656 2535 727 τὴν
2581 656 2640 722 ἐξ
2682 654 2859 727 ἀρχῆς
2905 654 3207 725 γενομένην
3250 653 3555 725 ἐπιτροπὴν
3603 650 3706 709 τοῦ

2102 740 2306 811 γάμου,
2331 739 2536 811 ταύτην
2564 738 2812 809 ἀνάγκην
2842 739 2923 802 εἰς
2948 737 3011 790 τὸ
3042 736 3170 808 ἑξῆς
3194 731 3336 791 εἶναι
3360 736 3704 809 νομίζωμεν,

2103 822 2421 876 κωλύουσαν
2472 818 2778 891 ἀναχωρεῖν
2837 820 2932 874 τοῦ
2986 820 3199 891 γάμουο
3252 820 3335 874 ὅτι
3390 821 3501 894 7&9
3550 823 3709 892 ἡμᾶς

2103 903 2266 958 αὐτὸν
2301 906 2521 974 ἀφεῖναι
2564 899 2846 975 βούλεται,
2888 903 3123 958 ἄκουσον
3166 903 3220 956 τί
3260 920 3455 975 φησιν’
3502 904 3557 958 '0
3595 904 3711 960 δυ·

2101 987 2362 1056 νάμενος
2393 986 2607 1058 χωρεῖν
2640 984 2919 1057 χωρείτω.
2950 985 3015 1039 Εἰ
3052 987 3109 1040 δὲ
3150 986 3226 1058 μὴ
3274 986 3428 1059 παρά
3457 984 3556 1059 τὴν
3599 989 3712 1059 ἀρ⁶

2100 1070 2201 1142 χὴν
2239 1072 2398 1125 τοῦτο
2430 1067 2680 1137 ἐπέταξε,
2723 1067 2801 1141 μὴ
2828 1065 3137 1142 θαυμάσῃς.
3186 1070 3323 1124 υύδέ
3371 1069 3479 1142 γάρ
3517 1070 3710 1143 ἰατρὸς

2102 1153 2281 1207 πάντα
2333 1154 2423 1223 ὐφ’
2464 1153 2524 1207 ἓν
2575 1155 2689 1218 τοῖς
2743 1153 3016 1223 κάμνουσι
3056 1154 3152 1207 καὶ
3196 1152 3340 1205 κατά
3388 1153 3483 1206 τὸν
3532 1153 3711 1207 αὐτὸν

2102 1247 2296 1308 καιρόν
2330 1237 2682 1310 προστάττει,
2714 1237 2831 1290 ἀλλ’
2865 1237 2995 1290 ὅταν
3041 1236 3139 1307 μέν
3170 1235 3276 1289 ὐπὸ
3314 1234 3409 1290 τοῦ
3457 1230 3706 1310 πυρετοῦ

2102 1320 2463 1391 κατέχωνται,
2508 1320 2609 1392 τῆς
2644 1322 2871 1393 στερεᾶς
2910 1320 3110 1383 αὐτοὺς
3164 1318 3421 1390 ἀπείργει
3449 1318 3655 1392 τροφῆς
3678 1332 3699 1351 ⁵

2101 1403 2229 1458 ὅταν
2255 1405 2311 1458 δέ
2345 1404 2658 1458 ἀποθῶνται
2687 1406 2864 1458 ἐκεῖνο
2895 1402 2957 1456 τὸ
2997 1400 3109 1473 πῦρ
3144 1404 3240 1456 καὶ
3274 1404 3373 1476 τὴν
3404 1405 3502 1456 ἀπ’
3527 1398 3704 1458 αὐτοῦ

2099 1486 2179 1558 τῷ
2230 1487 2442 1556 σώματι
2496 1486 2941 1559 προσγενομένην
2981 1486 3288 1552 ἀσθένειαν,
3337 1484 3461 1541 τότε
3508 1483 3705 1540 λοιπὸν

2100 1569 2416 1637 ἀπαλλάξας
2457 1568 2655 1634 αὐτοὺς
2700 1570 2810 1623 τῶν
2848 1566 3198 1640 δυσαρέστων
3238 1565 3425 1623 σιτίων
3473 1568 3567 1623 ἐπὶ
3593 1569 3707 1640 τὴν

2102 1654 2305 1725 συνήθη
2348 1654 2506 1726 φέρει
2539 1654 2770 1709 δίαιταν.
2801 1653 3015 1723 Ὠσπερ
3042 1651 3101 1705 δέ
3140 1653 3199 1706 ἐν
3230 1657 3343 1717 τοῖς
3372 1652 3590 1725 σώμασι
3624 1653 3705 1707 τὰ

2102 1739 2344 1808 στοιχεῖα
2393 1738 2532 1810 πρὸς
2578 1735 2787 1809 ἀλληλα
2840 1734 3203 1800 στασιάζοντα
3238 1738 3383 1792 κατά
3417 1739 3479 1792 τὸ
3531 1738 3703 1792 πλέον

2099 1819 2133 1891 ἢ
2164 1819 2389 1874 ἔλαττον
2420 1821 2521 1892 τὴν
2555 1821 2711 1875 νόσον
2764 1819 3081 1892 ἐργάζεται,
3111 1818 3256 1874 οὕτω
3302 1821 3399 1876 καὶ
3448 1821 3544 1876 ἐπὶ
3592 1821 3702 1887 τῆς

2098 1903 2279 1975 ψυχῆς
2328 1905 2386 1959 αἱ
2440 1903 2549 1958 τῶν
2607 1903 2796 1958 παθῶν
2850 1901 3113 1976 ἀμετρίαι
3168 1904 3544 1979 διαφθείρουσι
3594 1905 3701 1976 τὴν

2100 1988 2313 2058 ὑγίειαν
2350 1988 2555 2059 αὐτῆς⁶
2590 1989 2683 2043 καὶ
2728 1988 2813 2041 δεῖ
2846 1987 3084 2059 μάλιστα
3128 1982 3322 2061 καιροῦ
3370 1985 3465 2042 τοῦ
3500 1989 3703 2042 καταλο

2098 2070 2275 2141 λήλως
2296 2073 2410 2134 τοῖς
2426 2070 2812 2141 ὑποκειμένοις
2837 2070 3066 2125 πάθεσιν
3085 2070 3230 2143 ἔχειν
3252 2067 3314 2124 τδ
3338 2068 3696 2143 πρόσταγμα,

2098 2153 2175 2217 ὡς
2206 2152 2411 2207 τούτων
2444 2153 2575 2207 ἀνευ
2622 2152 2950 2224 ἀμφοτέρων
2986 2154 3088 2207 οὐκ
3127 2152 3194 2207 ἀν
3233 2153 3489 2225 ἀρκέσειε
3527 2156 3698 2224 νόμος

2099 2234 2221 2288 καθ’
2263 2234 2457 2288 ἐαυτὸν
2501 2234 2793 2306 διορθῶσαι
2845 2236 2945 2306 τὴν
2987 2237 3046 2290 ἐν
3076 2238 3147 2308 τῇ
3172 2235 3342 2307 »ψυχῇ
3393 2235 3699 2306 γενομένην

2096 2319 2451 2391 διαστροφὴν,
2480 2318 2671 2391 ῶσπερ
2701 2313 2795 2374 οῦν
2833 2319 2955 2373 οὐδὲ
2984 2321 3019 2391 ἡ
3042 2319 3153 2372 τῶν
3183 2317 3489 2391 φαρμάκων
3529 2317 3699 2389 φύσις

2097 2402 2236 2475 αὐτὴ
2282 2403 2405 2456 καθ’
2448 2404 2649 2473 ἐαυτὴν
2685 2404 2889 2458 δύναιτ’
2930 2403 2996 2458 ἂν
3036 2403 3195 2468 ἕλκος
3231 2404 3492 2474 ἀφανίσαι
3526 2400 3690 2457 ποτέ·

2096 2486 2234 2557 ὅπερ
2272 2487 2392 2557 ⁸γάρ
2440 2485 2533 2540 ἐπὶ
2582 2487 2692 2542 τῶν
2729 2488 3060 2560 τραυμάτων
3088 2487 3159 2542 τά
3204 2489 3495 2560 φάρμακα,
3533 2487 3701 2542 τοῦτο

2097 2569 2193 2623 ἐπὶ
2233 2572 2343 2624 τῶν
2378 2570 2796 2643 ἁμαρτημάτων
2834 2574 2885 2625 οἱ
2922 2572 3100 2641 νόμοι.
3138 2573 3211 2625 Σὺ
3258 2572 3313 2625 δέ
3357 2572 3538 2640 ἰατρὸν
3593 2567 3698 2624 νῦν

2100 2655 2199 2726 μὲν
2248 2655 2553 2727 τέμνοντα,
2600 2653 2697 2708 νῦν
2755 2652 2812 2709 δέ
2860 2656 3106 2721 καίοντα,
3157 2653 3254 2708 νῦν
3304 2654 3363 2708 δέ
3409 2653 3701 2724 οὐδέτερον

2095 2738 2303 2792 τούτων
2350 2737 2609 2792 ποιοῦντα
2647 2740 2740 2793 ἐπὶ
2780 2738 2889 2793 τῶν
2922 2737 3103 2793 αὐτῶν
3142 2737 3403 2801 πολλάκις
3432 2737 3691 2807 τραυμά-

2094 2838 2224 2885 των,
2250 2823 2313 2877 οὐ
2352 2823 2850 2895 πολυπραγμονεῖς,
2887 2823 2980 2878 καὶ¹
3026 2821 3200 2877 ταῦτα
3244 2821 3507 2885 πολλάκις
3533 2819 3693 2894 [282]

2096 2907 2479 2976 ἀποσφαλέντα
2506 2906 2599 2961 τοῦ
2643 2905 2829 2972 τέλους
2847 2926 2861 2940 υ
2897 2906 2989 2961 τὸν
3017 2907 3075 2962 δὲ
3103 2904 3236 2961 Θεὸν
3275 2905 3561 2976 ἄνθρωπος
3588 2905 3692 2969 ῶν,

2095 2991 2184 3045 τὸν
2208 2989 2445 3065 οὐδαμοῦ
2478 2991 2577 3064 μὲν
2603 2993 3042 3064 διαμαρτάνοντα
3062 3030 3077 3054 ,
3109 2991 3287 3046 πάντα
3311 2986 3368 3043 δέ
3401 2988 3565 3057 ἀξίως
3590 2989 3697 3060 τῆς

2094 3075 2300 3140 οἰκείας
2345 3075 2732 3146 οἰκονομοῦντα
2782 3076 3007 3146 σοφίας,
3056 3074 3419 3147 περιεργάσῃ,
3452 3072 3546 3126 καὶ
3584 3070 3696 3124 τῶν

2096 3159 2539 3231 προσταγμάτων
2566 3158 2797 3224 εὐθύνας
2833 3158 3179 3231 ἀπαιτήσεις,
3214 3156 3309 3210 καὶ
3336 3156 3397 3208 οὐ
3431 3172 3694 3227 παραχω-

2099 3245 2286 3313 ρήσεις
2315 3242 2394 3314 τῷ
2416 3243 2515 3315 τῆς
2549 3241 2739 3313 σοφίας
2768 3240 3012 3314 ἀπείρως
3046 3241 3158 3295 Kal
3191 3239 3308 3304 πῶς
3330 3238 3429 3291 οὐκ
3455 3239 3696 3309 ἐσχάτης

2095 3326 2270 3382 ταῦτα
2305 3326 2729 3399 παραπληξίας;
2778 3322 2969 3388 Εἶπεν,
3004 3323 3357 3400 Αὐξάνεσθε
3389 3321 3486 3376 καί
3532 3325 3694 3389 πλη-

2096 3412 2372 3469 θύνεσθε.
2409 3410 2580 3465 Τοῦτο
2626 3410 2736 3483 γὰρ
2779 3411 2808 3463 6
2838 3410 3030 3481 καιρδς
3079 3406 3299 3479 ἀπῄτει.
3333 3408 3434 3477 τῆς
3476 3405 3696 3475 φύσεως

2098 3495 2455 3566 μαινομένης,
2484 3494 2581 3549 καὶ
2606 3493 2698 3548 τὸν
2738 3493 2849 3548 τῶν
2878 3492 3068 3547 παθῶν
3096 3488 3311 3564 οἶστρον
3348 3489 3423 3563 μὴ
3457 3488 3695 3561 δυναμέ-

2095 3595 2192 3647 νης
2226 3578 2491 3646 ἐνεγκεῖν,
2537 3578 2661 3632 οὐδέ
2705 3576 2939 3647 ἐχούσης
2973 3577 3051 3639 εἰς
3098 3574 3287 3646 ἐτερόν
3332 3590 3452 3627 τινα
3494 3572 3694 3643 λιμένα

2094 3662 2433 3731 καταφυγεῖν
2487 3660 2546 3713 ἐν
2597 3660 2785 3731 ἐκείνῃ
2836 3662 2905 3731 τῇ
2954 3659 3112 3731 ζάλῃ.
3153 3658 3315 3712 Ἀλλά
3352 3657 3406 3710 τί
3446 3656 3695 3710 κελεύειν

2090 3743 2297 3816 ἐχρῆνς
2340 3745 2400 3797 ἐν
2443 3741 2742 3815 ἐγκρατείᾳ
2788 3742 2883 3796 καὶ
2918 3742 3188 3813 παρθενίᾳ
3235 3740 3478 3810 διάγειν;
3529 3738 3694 3793 Ἀλλά

2090 3826 2252 3882 τοῦτο
2284 3825 2470 3897 μεῖζον
2493 3825 2560 3881 ἂν
2585 3825 2646 3879 τὸ
2672 3826 2875 3897 πτῶμα
2900 3826 3220 3898 εἰργάσατο,
3252 3825 3348 3879 καὶ
3376 3824 3475 3896 τὴν
3513 3823 3694 3893 φλόγα

2094 3909 2455 3983 σφοδροτέραν
2493 3909 2739 3979 ἐποίησε.
2769 3909 2880 3963 Kal
2916 3910 3027 3981 γὰρ
3051 3909 3179 3973 τοὺς
3212 3906 3485 3978 γάλακτος
3523 3907 3691 3979 μόνου

2091 3993 2380 4064 δεομένους
2409 3992 2603 4057 παῖδας
2628 3995 2680 4047 εί
2715 4010 2798 4057 τις
2834 3994 3051 4065 ἐκείνης
3100 3992 3404 4061 ἀπαγαγὼν
3434 3990 3535 4061 τῆς
3562 4007 3693 4063 τρο-

2091 4076 2220 4146 φῆς,
2249 4075 2351 4146 τῆς
2383 4074 2611 4147 ἀνδράσι
2641 4077 3027 4148 προσηκούσης
3066 4074 3370 4144 ἀναγκάζοι
3405 4073 3692 4145 μεταλαμ-

2093 4158 2297 4222 ϐάνειν,
2327 4158 2478 4212 οὐδὲν
2518 4158 2579 4211 τὸ
2622 4158 2831 4213 κωλύον
2881 4160 3079 4224 αὐτοὺς
3129 4158 3427 4212 ἀπολέσθαι
3459 4157 3686 4221 εὐθέως.

2091 4243 2356 4298 Τοσοῦτον
2391 4243 2425 4314 ή
2454 4242 2680 4312 ἀκαιρία
2707 4243 2896 4297 κακόν.
2929 4243 3026 4298 Διά
3076 4241 3251 4297 ταῦτα
3290 4240 3351 4307 ἐξ
3376 4240 3556 4313 ἀρχῆς
3583 4241 3689 4296 οὐκ

2093 4326 2249 4398 ἐδόθη
2284 4328 2318 4398 ή
2353 4325 2649 4397 παρθενία·
2680 4325 2880 4397 μᾶλλον
2909 4325 2965 4379 δέ
2994 4325 3028 4398 ἡ
3063 4325 3334 4398 παρθενία
3365 4326 3463 4397 μὲν
3492 4324 3553 4389 ἐξ
3584 4325 3689 4397 ἀρ-

2091 4409 2197 4481 χῆς
2224 4411 2320 4465 καὶ
2357 4408 2452 4464 τοῦ
2486 4408 2668 4480 γάμου
2699 4409 2942 4481 προτέρα
2980 4412 3116 4480 ἡμῖν
3153 4409 3356 4482 ἐφάνην
3386 4408 3477 4463 διά
3507 4408 3688 4463 ταῦτα

2089 4492 2147 4546 δὲ
2168 4491 2486 4563 ἐπεισῆλθεν
2502 4490 2730 4563 ὐστερον
2746 4490 2781 4547 ό
2794 4493 2993 4562 γάμος,
3018 4492 3112 4546 καὶ
3133 4493 3366 4564 πρᾶγμα
3386 4492 3687 4559 ἀναγκαῖον

2091 4576 2372 4646 ἐνομίζετο
2398 4570 2561 4634 εἶναι,
2585 4574 2662 4638 ώς
2687 4573 2742 4626 εἴ
2769 4591 2833 4642 γε
2862 4574 3077 4645 ἔμεινεν
3107 4574 3397 4629 ὑπακούων
3427 4577 3457 4628 6
3487 4573 3683 4645 Ἀδὰμ,

2090 4659 2191 4711 οὐκ
2213 4658 2280 4711 ἂν
2302 4657 2491 4727 ἐδέησε
2515 4655 2728 4711 τούτου.
2750 4657 2859 4711 Kal
2884 4655 3002 4720 πῶς
3026 4656 3111 4721 ἂν,
3136 4657 3324 4729 φησὶν,
3346 4658 3404 4711 αἰ
3424 4656 3686 4711 τοσαῦται

2094 4740 2352 4813 μυριάδες
2380 4722 2664 4810 ἐγένοντο;
2700 4738 2845 4809 Ἐγὼ
2883 4739 2942 4793 δέ
2968 4756 3028 4793 σε
3068 4722 3231 4794 πάλιν
3259 4741 3468 4811 ἐρωτῶ,
3493 4722 3709 4810 ἐπειδή¹

2092 4841 2153 4877 σε
2184 4824 2391 4896 σφόδρα
2424 4823 2726 4897 παρέμεινε
2762 4822 3068 4878 κατασείων
3104 4817 3257 4887 οὗτος
3282 4825 3311 4876 6
3348 4822 3533 4892 φόϐος,
3565 4822 3687 4887 πῶς

2088 4908 2117 4960 6
2153 4906 2358 4979 Ἀδάμ,
2402 4906 2521 4971 πῶς
2557 4906 2615 4960 δὲ
2660 4909 2694 4978 ή
2729 4904 2877 4970 Εὕα,
2924 4905 3001 4978 μὴ
3052 4906 3427 4977 μεσιτεύοντος
3464 4904 3682 4975 γάμους

2090 4989 2157 5042 Τί
2187 4987 2317 5055 οὖν;
2370 4989 2563 5054 οὕτως,
2608 4991 2799 5061 φησὶν,
2846 4988 3074 5060 ἔμελλον
3121 4988 3363 5052 ἅπαντες
3403 4988 3684 5059 ἄνθρωποι

2089 5071 2365 5141 γίνεσθαι;
2412 5073 2538 5127 Εἴτε
2578 5072 2774 5138 οὕτως,
2804 5073 2913 5125 εἰ⁹τε
2946 5071 3167 5144 ἑτέρως,
3190 5071 3291 5124 οὐκ
3322 5072 3431 5141 ἔχω
3465 5070 3679 5138 λέγειν·

2088 5156 2149 5209 τὸ
2176 5157 2284 5230 γὰρ
2326 5156 2657 5228 ζητούμενον
2685 5156 2801 5222 νῦν,
2839 5156 2922 5210 δτι
2949 5157 3129 5227 γάμου
3161 5156 3263 5209 οὐκ
3295 5153 3403 5207 ἔδει
3440 5153 3518 5223 τῷ
3557 5152 3684 5225 Θεῷ

2088 5240 2223 5312 πρὸς
2247 5241 2309 5298 τὸ
2332 5241 2560 5304 πολλοὺς
2580 5240 2805 5311 ποιῆσαι
2827 5242 2951 5303 τοὺς
2971 5240 3065 5293 ἐπὶ
3083 5239 3185 5309 τῆς
3207 5239 3313 5309 γῆς
3334 5235 3676 5309 ἀνθρώπους.

2161 5323 2265 5379 IH'.
2303 5325 2423 5380 Ὀτι
2448 5324 2505 5377 δὲ
2519 5324 2616 5394 οὐχ
2637 5325 2671 5395 ἡ
2698 5323 2972 5395 παρθενία
2994 5326 3139 5376 ποιεῖ
3160 5322 3221 5376 τὸ
3244 5322 3352 5376 τῶν
3372 5321 3681 5394 ἀνθρώπων

2084 5407 2244 5475 γένος
2292 5408 2588 5472 ἐπιλιπεῖν,
2620 5408 2734 5461 ἀλλ’
2763 5410 2796 5479 ή
2846 5407 3095 5478 ἁμαρτία
3127 5407 3223 5461 καὶ
3251 5407 3312 5461 αἱ
3339 5405 3529 5460 ἄτοποι
3582 5406 3679 5476 μί-

2089 5490 2219 5556 ξεις,
2267 5490 2465 5559 ἔδειξεν
2496 5492 2525 5544 6
2560 5492 2702 5549 κατά
2730 5492 2823 5545 τὸν
2859 5491 2987 5545 Νῶε
3034 5491 3327 5560 γενόμενος
3365 5490 3679 5561 ἀφανισμδς

2087 5574 2180 5627 καὶ
2214 5572 2516 5644 ἀνθρώπων
2552 5575 2648 5628 καὶ
2689 5574 2905 5645 κτηνῶν
2937 5573 3033 5629 καὶ
3075 5573 3295 5628 πάντων
3333 5570 3522 5636 ἀπλῶς
3563 5572 3678 5625 τῶν

2085 5657 2433 5725 ἐμπνεόντων
2470 5657 2564 5709 ἐπὶ
2595 5658 2694 5721 τῆς
2730 5657 2855 5726 γῆς.
2884 5657 2949 5710 Εἰ
2989 5656 3099 5729 γάρ
3126 5656 3363 5728 ἔστησαν
3405 5653 3546 5725 πρὸς
3572 5655 3679 5725 τὴν

2088 5739 2289 5793 ἀτοπον
2314 5740 2436 5794 τότε
2471 5739 2768 5809 ἐπιθυμίαν
2795 5740 3013 5811 ἐκείνην
3041 5741 3093 5793 οἱ
3123 5739 3229 5793 υίοὶ
3255 5737 3352 5794 τοῦ
3381 5737 3539 5799 Θεοῦ,
3577 5740 3679 5793 καὶ

2087 5822 2187 5894 τὴν
2220 5824 2518 5894 παρθενίαν
2544 5823 2835 5894 ἐτίμησαν,
2861 5824 2910 5876 εἰ
2940 5822 3017 5894 μὴ
3055 5819 3193 5876 εἶδον
3222 5822 3426 5886 ἀδίκοις
3462 5820 3678 5892 ὄμμασι

2143 5923 2168 5951 ⁸
2193 5920 2316 5985 Reg.
2343 5919 2495 5970 πάντα
2513 5920 2573 5968 τὰ
2595 5925 2679 5980 τῆς
2698 5924 2785 5988 γῆς
2808 5919 2883 5969 ἐπὶ
2904 5926 2991 5984 γῆς
3012 5920 3183 5970 κοταλ.
