4020 6426
207 335 298 401 se.

230 464 626 530 imbecinate
677 483 873 529 nostra
920 473 1051 527 facta
1081 465 1380 524 necessaria
1411 473 1536 519 sunt
1577 475 1696 516 cum
1727 459 1864 523 haec,

253 571 359 620 tum
378 574 590 620 caetera
621 569 836 630 omnia,
863 563 1076 633 oppida,
1099 558 1344 624 artiﬁcia,
1367 554 1592 610 vestium
1623 551 1869 616 amictus,

273 674 326 714 ac
365 656 581 727 reliqua
631 656 1064 712 necessariorum
1110 651 1299 714 turba;
1345 647 1460 701 haec
1504 646 1649 699 enim
1681 650 1872 697 cuncta

278 766 413 808 mors
439 766 630 806 secum
659 749 886 804 trahens
909 745 1126 801 invexit.
1139 743 1325 810 'Quare
1352 754 1449 794 nec
1469 736 1609 808 quod
1636 732 1876 790 imbecil-

286 845 404 901 litati
433 854 540 899 tua:
569 843 931 898 condonatum
957 840 1026 894 sit
1046 835 1332 906 virginitati
1363 829 1554 902 prazfcr
1581 847 1594 883 :
1623 827 1749 898 quin
1774 839 1873 879 nec

285 952 522 1006 exmqua.
563 935 698 990 Nam
739 934 841 987 hac
864 931 1076 986 demum
1102 927 1311 981 ratione
1338 924 1469 978 duas
1495 921 1653 976 etiam
1684 918 1876 987 conju-

286 1047 374 1100 ges
396 1028 621 1091 habere,
657 1041 815 1096 quam
844 1040 943 1077 una
985 1028 1296 1076 contentum
1329 1030 1470 1078 csse,
1517 1019 1773 1083 prtestare
1798 1007 1878 1062 di-

287 1137 395 1185 tes,
424 1120 680 1192 quoniam
709 1117 759 1171 id
786 1115 946 1169 Musis
987 1113 1106 1181 lege
1148 1108 1467 1181 permissum
1499 1111 1647 1168 erat;
1695 1102 1878 1168 sicque

291 1211 502 1267 divitias
522 1224 679 1279 quam
701 1203 1049 1262 voluntariam
1071 1207 1459 1272 paupertatem,
1479 1193 1698 1250 delicias
1719 1206 1877 1262 quam

285 1303 670 1372 frugalitatem,
693 1298 938 1369 injuriam
961 1293 1145 1350 ulcisci
1176 1306 1333 1363 quam
1362 1289 1570 1344 fortiter
1599 1285 1756 1351 ferre,
1785 1300 1880 1354 po-

288 1398 394 1450 tius
424 1396 613 1449 duces.

362 1485 506 1540 XVI.
551 1483 930 1537 Matrimonium
971 1478 1298 1548 indulgentiae
1338 1491 1466 1528 esse.
1507 1503 1578 1513 ——
1616 1471 1694 1525 Tu
1726 1484 1879 1534 vero,

290 1579 493 1647 inquit,
537 1575 651 1628 hare
681 1573 966 1642 improbas.
996 1569 1254 1640 Equidem
1287 1580 1391 1620 non
1423 1563 1667 1635 improbo
1703 1579 1716 1615 :
1759 1575 1882 1614 nam

290 1685 356 1724 ea
385 1677 440 1722 et
471 1667 616 1721 Deus
636 1663 920 1727 concessit,
945 1671 1000 1716 et
1024 1669 1177 1715 erant
1202 1672 1298 1712 suo
1321 1666 1563 1724 tempore
1587 1653 1733 1706 utilia
1755 1669 1768 1704 :
1789 1650 1884 1705 sed

292 1759 432 1814 levia
463 1771 681 1823 censeo,
704 1765 757 1810 et
785 1768 1068 1824 puerorum
1096 1747 1266 1820 magis
1286 1763 1443 1818 quam
1471 1747 1708 1800 virorum
1741 1751 1887 1797 recte

292 1849 454 1904 facta.
491 1847 722 1917 Ideoque
740 1845 984 1900 Christus
1009 1842 1196 1896 volens
1221 1855 1321 1895 nos
1361 1837 1631 1909 perfectos
1657 1834 1888 1890 reddere

293 1948 579 2019 jussithis,
600 1955 868 2015 tamquam
887 1942 1188 2014 puerilibus
1199 1938 1460 2002 vestibus,
1474 1933 1890 2001 detractis,qu:e

299 2048 358 2096 et
388 2041 564 2093 virum
589 2039 830 2093 adultum
851 2036 1093 2099 amicire,
1115 2043 1170 2089 et
1185 2044 1496 2087 mensuram
1516 2025 1691 2081 artatis
1712 2022 1889 2094 pleni-

299 2132 510 2188 tudinis
526 2130 726 2186 Christi
747 2130 958 2202 (Ephes.
976 2128 1028 2182 4.
1051 2128 1160 2197 15),
1181 2138 1378 2178 ornare
1399 2119 1622 2174 minime
1640 2121 1888 2188 possent,

294 2227 696 2297 splendidiores
741 2216 997 2281 quasdam
1030 2228 1092 2266 ac
1134 2210 1481 2281 perfectiores
1511 2208 1752 2272 induere,
1781 2222 1890 2260 non

297 2322 388 2374 ille
410 2317 622 2388 quidem
655 2323 837 2368 secum
867 2318 1125 2374 pugnans,
1151 2301 1244 2356 sed
1270 2301 1503 2354 maxime
1527 2297 1888 2353 consentiens.

297 2411 430 2466 Nam
460 2410 560 2466 etsi
588 2408 703 2463 ha'c
728 2400 834 2464 illis
856 2398 1054 2469 majora
1084 2404 1209 2451 sunt
1232 2402 1515 2465 praecepta,
1541 2391 1681 2445 idem
1713 2400 1893 2443 tamen

297 2504 578 2560 consilium
596 2511 676 2556 est
691 2489 1316 2571 legislatoris.Quodnam
1335 2487 1384 2542 id
1398 2486 1505 2542 est?
1525 2484 1711 2539 Recisa
1729 2482 1893 2537 animi

300 2600 466 2655 nostri
488 2598 772 2652 vitiositate
796 2605 919 2648 eum
937 2587 1000 2641 ad
1030 2584 1318 2656 perfectam
1337 2581 1587 2656 virtutem
1604 2577 1890 2632 deducere.

303 2692 487 2761 Itaque
517 2691 558 2744 si
587 2690 634 2744 ei
664 2701 880 2757 cperam
903 2679 1161 2742 dedisset,
1192 2690 1298 2730 non
1322 2683 1380 2727 ut
1405 2671 1670 2742 prioribus
1694 2669 1895 2739 majora

303 2759 624 2854 imponeret,
655 2780 749 2836 sed
788 2780 838 2832 in
866 2777 1057 2832 iisdem
1087 2775 1348 2839 perpetuo
1374 2765 1596 2828 sineret,
1631 2776 1804 2832 neque
1829 2759 1898 2813 ab

303 2891 366 2929 ea
384 2853 589 2928 vilitate
611 2885 859 2941 umquam
888 2867 1214 2926 sublevaret,
1251 2858 1442 2913 fuisset
1467 2855 1517 2909 id
1550 2853 1898 2907 vehementer

305 2982 487 3022 secum
529 2963 834 3036 pugnantis.
859 2960 928 3016 Ut
949 2959 1091 3014 enim
1121 2954 1166 3007 si
1193 2952 1366 3016 initio,
1398 2964 1518 3004 cum
1541 2947 1798 3019 puerilius
1821 2943 1900 2998 af-

306 3061 504 3116 fectum
526 3065 664 3113 esset
687 3069 855 3126 genus
881 3053 1196 3108 humanum,
1226 3050 1534 3097 accuratum
1564 3038 1665 3092 hoc
1690 3036 1902 3091 institu-

311 3165 420 3209 tum
451 3151 718 3206 sanxisset
757 3159 1041 3215 numquam
1069 3155 1169 3195 nec
1211 3136 1549 3190 moderatum
1597 3129 1900 3198 accepisse-

309 3261 448 3310 mus,
481 3243 576 3299 sed
603 3237 1043 3296 immoderatione
1068 3248 1130 3287 ea
1159 3228 1303 3285 salus
1331 3225 1484 3280 nobis
1514 3222 1689 3277 omnis
1713 3219 1902 3290 periis-

312 3346 397 3394 set
427 3354 442 3390 :
487 3336 558 3390 ita
585 3334 631 3388 si
657 3340 778 3404 post
800 3331 1014 3398 longum
1043 3319 1434 3391 hoc’spatium,
1464 3331 1528 3371 ac
1552 3314 1650 3377 sub
1678 3313 1795 3381 lege
1823 3311 1904 3364 di-

313 3430 386 3486 sci
395 3402 722 3498 plinam,tem
731 3436 858 3491 pore
880 3435 977 3473 nos
990 3415 1056 3471 ad
1072 3415 1340 3470 etrlestem
1357 3409 1497 3463 hanc
1513 3402 1902 3476 philosophiam

314 3497 559 3580 vocante,
604 3515 810 3569 hazrere
837 3511 888 3564 in
923 3517 1063 3563 terra
1091 3505 1326 3564 sivisset,
1358 3497 1494 3554 nihil
1546 3509 1796 3564 magnum
1838 3507 1906 3546 ex

316 3606 640 3676 indulgentia
683 3619 744 3658 ea
772 3599 1218 3673 percepissemus,
1245 3607 1367 3648 eum
1400 3587 1660 3660 perfectio
1689 3592 1906 3655 propter

319 3716 472 3772 quam
505 3699 640 3753 facta
671 3693 997 3764 indulgentia
1023 3699 1107 3745 est
1127 3687 1280 3742 nobis
1311 3699 1418 3739 non
1441 3681 1740 3750 obtigisset.

388 3790 552 3846 XVII.
601 3787 670 3841 De
694 3786 786 3840 Dei
814 3783 1149 3854 indulgentia.
1171 3809 1246 3820 —
1271 3776 1426 3832 Nunc
1453 3771 1628 3830 simile
1655 3769 1907 3840 quiddam

321 3882 473 3935 nobis
497 3895 560 3935 ac
588 3878 743 3947 pullis
769 3875 1009 3944 contigit.
1040 3871 1174 3927 Nam
1204 3869 1298 3924 ubi
1326 3881 1420 3922 eos
1439 3863 1688 3921 educavit
1712 3869 1905 3925 mater,

327 3971 530 4042 profert
573 3968 693 4024 illos
719 3965 932 4037 quidem
963 3978 993 4018 e
1038 3961 1193 4024 nido;
1241 3957 1334 4015 sed
1366 3958 1409 4012 si
1442 3953 1740 4011 imbecilles
1768 3951 1909 4004 videt

323 4080 384 4118 ac
434 4063 694 4124 labentes,
724 4067 779 4114 et
806 4057 895 4126 qui
921 4055 1094 4109 adhuc
1122 4066 1257 4122 opus
1294 4050 1525 4106 habeant
1555 4048 1697 4100 intus
1733 4043 1909 4099 conti-

323 4157 458 4216 neri,
489 4153 614 4208 sinit
644 4153 859 4219 insuper
891 4146 1066 4217 plures
1085 4145 1220 4204 dies,
1251 4157 1357 4196 non
1386 4151 1442 4195 ut
1468 4147 1726 4209 perpetuo
1766 4135 1912 4189 intus

324 4247 584 4306 bmreant,
630 4240 724 4296 sed
755 4251 812 4294 ut
849 4239 948 4292 alis
988 4235 1154 4307 probe
1177 4231 1527 4295 conﬁrmatis,
1572 4239 1731 4296 atque
1764 4223 1910 4278 omni

325 4343 598 4390 coatracto
644 4330 855 4396 robore,
901 4329 1022 4383 exin
1065 4325 1238 4380 securi
1277 4323 1512 4376 volatum
1574 4321 1772 4372 ineant.
1823 4315 1914 4369 Sic

329 4441 426 4480 nos
473 4423 724 4478 Dominus
757 4429 939 4474 noster
981 4416 1093 4486 jam
1124 4415 1250 4469 olim
1300 4413 1367 4466 ad
1411 4411 1601 4466 caelum
1645 4406 1910 4471 trahebat,

328 4517 577 4583 viamque
601 4528 717 4582 qua:
737 4526 801 4565 eo
828 4509 989 4563 ferret
1019 4505 1386 4567 monstrabat;
1419 4517 1524 4556 non
1569 4499 1659 4554 ille
1698 4496 1914 4568 quidem

331 4609 602 4676 ignorans,
631 4604 754 4672 quin
780 4601 922 4656 belle
951 4599 1109 4653 etiam
1132 4595 1400 4658 conscius,
1433 4593 1666 4660 impares
1695 4588 1761 4642 ad
1791 4602 1913 4641 eum

329 4698 565 4749 volatum
596 4694 818 4757 futuros,
841 4690 937 4745 sed
962 4689 1246 4744 ostendere
1272 4685 1425 4740 nobis
1451 4682 1659 4746 volens,
1689 4695 1795 4734 non
1819 4692 1916 4732 v0-

331 4789 541 4842 luntate
581 4801 696 4851 sua,
739 4783 830 4839 sed
881 4780 1246 4835 imbecillitate
1294 4787 1475 4831 nostra
1522 4775 1728 4852 lapsum
1779 4768 1914 4824 ﬁeri.

332 4879 484 4949 Quod
514 4878 601 4933 ubi
634 4877 884 4938 ostendit,
911 4875 1035 4929 sivit
1061 4887 1221 4942 porro
1262 4871 1314 4924 in
1360 4870 1463 4924 hoc
1491 4865 1689 4922 mundo
1718 4873 1772 4916 et
1802 4879 1918 4916 ma-

335 4971 587 5026 trimonio
619 4979 883 5038 tamquam
915 4965 1039 5020 nido
1082 4961 1310 5032 quodam
1357 4959 1558 5013 diutius
1602 4956 1696 5020 ali,
1747 4952 1919 5007 donec

337 5063 551 5117 tandem
578 5061 784 5117 virtutis
811 5059 961 5130 quasi
986 5055 1299 5130 quibusdam
1327 5051 1515 5123 pennis
1555 5050 1714 5118 longo
1745 5047 1906 5100 inter-

336 5157 476 5211 vallo
530 5154 734 5219 enatis,
764 5151 963 5208 sensim
1015 5160 1174 5220 atque
1223 5145 1546 5217 pedetentim
1601 5142 1916 5211 ingressus,

335 5247 609 5302 domicilio
649 5246 750 5301 hoc
789 5244 1011 5300 eductos
1058 5242 1217 5295 altius
1260 5237 1441 5292 docuit
1485 5234 1718 5291 evolare.
1772 5232 1921 5300 Ergo

338 5343 429 5396 alii
470 5340 644 5394 adhuc
692 5339 980 5393 oscitantes
1011 5375 1026 5397 .
1076 5341 1328 5401 arctoque
1374 5343 1563 5383 somno
1607 5322 1921 5392 consopiti,

341 5433 470 5487 nido
495 5432 780 5486 etiamnum
806 5433 1181 5484 consuescunt,
1225 5418 1509 5476 mundanis
1535 5416 1680 5472 afﬁxi
1709 5414 1871 5469 rebus
1904 5431 1918 5466 :

340 5527 430 5580 alii
485 5537 613 5578 vero
654 5519 919 5592 generosi,
973 5532 1037 5572 ac
1078 5514 1214 5570 lucis
1259 5521 1548 5580 amatores,
1581 5523 1646 5564 eo
1677 5505 1927 5560 facillime

341 5618 560 5670 deserto
603 5613 667 5668 ad
697 5610 944 5668 sublimia
971 5607 1172 5672 volant,
1203 5595 1556 5670 omnibusque
1594 5600 1646 5652 in
1673 5607 1812 5652 terra
1838 5610 1930 5649 re-

342 5709 506 5772 lictis,
555 5702 918 5762 matrimonio,
963 5695 1217 5756 nummis,
1249 5692 1413 5755 curis,
1457 5687 1769 5756 cunctisque
1798 5683 1930 5740 reli-

343 5798 466 5871 quis
491 5811 607 5866 qum
643 5795 705 5852 ad
745 5806 945 5850 terram
976 5804 1074 5844 nos
1099 5785 1380 5843 detrahere
1418 5782 1630 5848 solent,
1665 5777 1800 5834 caelo
1839 5777 1928 5831 in-
2003 5795 2006 5797 λ

1614 348 1704 404 DE
1742 340 2204 401 VIRGINITATE.

3466 348 3572 404 διε

1988 459 2155 514 hiant.
2175 459 2350 528 Quare
2373 475 2440 515 ne
2461 470 2732 532 putemus,
2755 462 3078 519 matrimonii
3108 464 3235 519 olim
3268 467 3576 536 permissio-

1985 569 2107 608 nem
2151 553 2519 609 necessitatem
2546 555 2800 626 deinceps
2839 572 2979 622 essc,
3012 557 3079 613 ab
3107 572 3171 612 eo
3198 557 3439 628 refugere
3474 571 3567 614 ve-

1987 655 2220 709 tantem;
2254 663 2375 702 nam
2421 649 2564 719 quod
2594 650 2723 704 velit
2759 659 2814 705 ut
2842 651 2892 706 id
2920 651 3269 719 dimittamus,
3301 653 3424 708 audi
3450 653 3574 725 quid

1987 738 2148 806 dicat,
2181 739 2280 807 Qui
2302 750 2461 809 potest
2487 759 2686 812 capere,
2712 745 2881 814 capiat
2913 745 3127 815 (Matth.
3163 746 3250 801 I9.
3284 747 3397 818 12).
3426 747 3576 816 Quod

1987 830 2031 884 si
2062 829 2112 884 id
2141 831 2401 901 principio
2428 831 2601 886 minus
2624 833 2802 902 jussit,
2835 834 2966 890 nihil
2991 837 3182 891 mirum
3207 855 3219 891 :
3243 853 3414 909 neque
3435 840 3575 894 enim

1988 922 2227 977 medicus
2247 924 2422 978 omnia
2449 924 2603 979 simul
2628 927 2841 996 :rgrotis
2861 927 3160 998 eodemque
3187 939 3426 999 tempore
3446 947 3584 1000 prm-

1989 1013 2192 1079 scribit,
2227 1015 2320 1068 scd
2347 1031 2466 1070 cum
2499 1031 2527 1069 a
2557 1016 2689 1072 febri
2718 1027 2984 1084 tenentur,
3016 1034 3048 1073 a
3079 1020 3299 1075 ﬁrmiori
3343 1021 3464 1076 cibo
3487 1035 3583 1075 eos

1989 1117 2169 1172 arcet;
2198 1122 2316 1160 cum
2336 1123 2463 1162 vero
2484 1118 2671 1161 aestum
2692 1109 2838 1164 illum
2860 1119 3015 1181 atque
3037 1111 3105 1165 ab
3130 1127 3196 1166 eo
3220 1113 3429 1182 corpori
3451 1127 3584 1167 con-

1990 1205 2210 1250 tractam
2239 1198 2599 1254 inﬁrmitatem
2626 1200 2966 1269 depulerunt,
2989 1211 3100 1257 tum
3126 1204 3344 1274 ingratis
3368 1204 3585 1260 domum

1991 1289 2125 1343 cibis
2163 1289 2419 1344 liberatos
2448 1301 2664 1346 assueto
2709 1295 2869 1347 victui
2901 1293 3094 1348 reddit.
3124 1293 3584 1362 Quemadmodum

1990 1395 2118 1435 vero
2143 1382 2195 1434 in
2214 1383 2528 1452 corporibus
2553 1385 2820 1439 elementa
2839 1385 2978 1440 inter
2995 1401 3054 1440 se
3069 1386 3334 1441 discordia
3360 1402 3587 1442 excessu

1992 1470 2268 1528 defectuve
2300 1474 2544 1529 morbum
2585 1473 2876 1544 concitant,
2911 1477 2982 1532 ila
3012 1485 3067 1531 et
3108 1478 3272 1532 animi
3302 1479 3584 1533 sanitatem

1992 1564 2276 1620 affectuum
2311 1567 2783 1624 immoderationcs
2801 1577 3183 1638 corrumpunt;
3207 1568 3261 1622 in
3294 1569 3588 1639 primisque

1992 1679 2126 1735 opus
2139 1671 2221 1719 est
2235 1663 2529 1732 tempestivi
2539 1668 2666 1725 tate,
2682 1670 2839 1732 atque
2853 1670 2907 1716 ut
2918 1663 2982 1716 ad
2996 1662 3263 1732 subiectas
3277 1662 3590 1718 affectiones

1993 1755 2452 1812 accommodatum
2469 1764 2792 1824 praeceptum
2811 1754 2898 1818 sit;
2915 1753 3110 1823 alioqui
3128 1753 3212 1808 lex
3229 1754 3344 1807 sine
3359 1753 3420 1808 iis
3439 1754 3592 1809 utris-

1993 1863 2096 1917 que
2112 1847 2176 1901 ad
2190 1845 2560 1915 corrigendam
2578 1845 2866 1900 excitatam
2890 1844 2939 1897 in
2959 1845 3138 1898 animo
3155 1844 3590 1913 depravationem

1986 1936 2215 1995 minime
2241 1939 2488 2002 sufﬁciet,
2518 1938 2657 1993 sicut
2677 1953 2777 1992 nec
2806 1937 3313 1992 medicamentorum
3339 1938 3418 1990 vis
3440 1937 3594 1994 ulcus

1996 2047 2186 2087 sanare
2211 2046 2304 2101 per
2327 2046 2386 2085 se
2415 2030 2648 2100 poterit:
2679 2044 2800 2082 nam
2831 2029 2972 2099 quod
3001 2028 3233 2082 remedia
3261 2028 3589 2092 vulneribus,

1996 2123 2049 2178 id
2077 2124 2219 2178 vitiis
2245 2123 2390 2193 leges
2419 2129 2697 2192 prtestant.
2729 2119 2809 2176 Tu
2839 2135 2967 2176 vero
2994 2119 3258 2174 medicum
3285 2134 3426 2188 saepe
3448 2119 3589 2174 idem

1997 2217 2191 2272 vulnus
2221 2230 2362 2269 nunc
2391 2225 2686 2278 secantem,
2728 2228 2872 2268 nunc
2897 2221 3178 2277 iurentem,
3222 2226 3363 2264 nunc
3401 2210 3590 2265 horum

1998 2320 2246 2366 neutrum
2289 2309 2591 2372 facientem,
2638 2308 2934 2376 praesertim
2964 2305 3054 2376 qui
3097 2303 3404 2375 frequenter
3432 2319 3462 2359 a
3490 2306 3595 2358 ﬁne

1999 2403 2232 2466 aberret,
2259 2417 2365 2456 non
2396 2416 2590 2471 urges:
2623 2400 2788 2453 Deum
2816 2413 2966 2464 vero,
2993 2397 3082 2468 qui
3111 2397 3272 2450 homo
3309 2397 3406 2460 sis,
3435 2412 3594 2449 num-

1999 2511 2157 2566 quam
2185 2494 2545 2556 aberrantem,
2576 2490 2670 2546 sed
2699 2491 2959 2544 omnia'ut
2981 2491 3098 2558 ejus
3125 2488 3340 2558 dignum
3380 2488 3594 2556 sapien-

2001 2587 2072 2641 tia
2095 2594 2178 2640 est
2203 2584 2592 2646 moderantem,
2615 2581 2886 2645 obtundis,
2917 2579 2985 2634 ab
3007 2594 3178 2648 eoque
3206 2587 3594 2647 praeceptorum

2001 2677 2264 2730 rationem
2290 2674 2483 2744 exigis,
2502 2688 2672 2744 neque
2694 2672 2914 2726 inﬁnitae
2936 2669 3210 2738 sapientia:
3237 2678 3503 2738 tamquam
3528 2669 3596 2722 de

2001 2769 2084 2823 via
2115 2767 2302 2833 cedis?
2343 2767 2424 2820 An
2455 2781 2560 2818 non
2593 2779 2652 2818 ea
2682 2773 2920 2818 extrema
2945 2761 3176 2816 amentia
3215 2761 3335 2816 est?
3362 2758 3596 2823 Crescite,

2003 2864 2097 2926 ait,
2139 2872 2186 2916 et
2228 2862 2640 2931 multiplicamini
2668 2859 2820 2932 (Gen.
2870 2860 2923 2914 I.
2963 2858 3079 2930 28).
3131 2857 3186 2912 Id
3214 2859 3356 2913 enim
3388 2866 3600 2925 tempus

2005 2955 2330 3025 postulabat,
2361 2954 2572 3010 furente
2603 2963 2814 3020 natura,
2845 2967 2908 3007 ac
2937 2967 3109 3023 neque
3135 2950 3202 3005 ad
3229 2950 3465 3004 libidinis
3495 2951 3599 3004 im-

2007 3058 2184 3118 petum
2225 3049 2574 3109 consistente,
2608 3062 2783 3116 neque
2824 3046 2876 3098 in
2922 3059 2982 3099 ea
3031 3050 3346 3112 tempestate
3389 3050 3599 3108 portum

2005 3141 2168 3193 alium
2196 3154 2301 3208 quo
2333 3137 2645 3207 confugeret
2672 3137 2918 3190 habente.
2950 3135 3052 3190 Sed
3084 3134 3211 3203 quid
3235 3131 3599 3201 imperandum

2006 3221 2140 3277 fuit?
2171 3224 2299 3276 utin
2327 3222 2653 3277 continentia
2685 3235 2747 3273 ac
2772 3220 3073 3289 virginitate
3093 3217 3386 3288 degerent?
3406 3218 3476 3270 At
3502 3215 3602 3270 hoc

2007 3326 2062 3372 et
2091 3317 2296 3386 lapsum
2328 3315 2610 3384 majorem,
2640 3323 2695 3369 et
2721 3312 3176 3367 vehementiorem
3218 3309 3486 3363 ﬂammam
3518 3306 3602 3362 ef-

2009 3407 2241 3463 fecisset.
2269 3407 2400 3462 Nam
2431 3408 2475 3460 si
2506 3406 2625 3478 quis
2654 3420 2872 3475 pueros,
2919 3404 3006 3474 qui
3039 3403 3175 3457 lacte
3218 3401 3390 3456 solum
3422 3409 3603 3470 egent,

2009 3505 2078 3559 ab
2109 3519 2172 3557 eo
2203 3501 2323 3556 cibo
2353 3508 2588 3555 remotos
2617 3499 2746 3551 viris
2790 3510 3027 3566 congruo
3067 3493 3209 3549 vesci
3255 3500 3432 3563 cogat,
3472 3490 3604 3545 nihil

2012 3596 2286 3666 impediet,
2311 3609 2417 3663 quo
2443 3593 2623 3647 minus
2651 3607 2680 3645 e
2711 3589 2935 3658 vestigio
2961 3594 3203 3657 pereant.
3234 3584 3464 3638 Tantum
3490 3597 3602 3635 tuae

2010 3690 2120 3744 lum
2151 3697 2233 3744 est
2272 3684 2736 3755 intempestivitas.
2787 3683 3087 3751 Eapropter
3128 3677 3408 3747 virginitas
3453 3674 3606 3729 initio

2012 3783 2133 3836 data
2170 3795 2277 3835 non
2303 3790 2420 3842 est;
2450 3779 2557 3832 imo
2582 3791 2710 3832 vero
2739 3774 3015 3844 virginitas
3047 3779 3102 3826 et
3133 3770 3303 3832 initio.
3334 3777 3389 3824 et
3417 3767 3606 3822 matri-

2015 3875 2194 3929 monio
2224 3873 2371 3941 prior
2404 3869 2630 3933 exstitit,
2663 3867 2755 3922 sed
2788 3875 3074 3935 eapropter
3103 3862 3297 3917 invasit
3325 3859 3606 3914 matrimo-

2015 3966 2160 4020 nium
2185 3965 2464 4031 visumque
2490 3958 2850 4014 necessarium
2878 3965 2982 4020 est,
3001 3970 3146 4020 cum,
3166 3953 3208 4007 si
3228 3952 3443 4022 quidem
3466 3948 3609 4005 Ada-

2015 4073 2136 4112 mus
2164 4054 2424 4110 obedieus
2451 4053 2757 4115 mansisset,
2781 4062 2847 4102 eo
2871 4062 3006 4115 Opus
3027 4060 3134 4099 non
3168 4044 3372 4099 fuisset.
3402 4040 3606 4110 Atqui,

2017 4149 2208 4218 inquit,
2241 4156 2318 4201 tot
2337 4147 2501 4199 millia
2539 4140 3027 4212 prodiissent?Ego
3051 4152 3199 4201 vero,
3249 4135 3465 4205 quando
3493 4133 3608 4188 luce

2019 4251 2072 4297 te
2097 4237 2323 4294 formido
2351 4235 2636 4291 admodum
2660 4231 2952 4286 sollicitans
2979 4234 3179 4288 manet,
3209 4225 3400 4280 iterum
3429 4223 3522 4278 abs
3551 4233 3609 4277 te

2017 4347 2222 4404 quaero,
2252 4329 2395 4384 unde
2421 4327 2575 4381 nobis
2616 4324 2869 4382 Adamus,
2901 4318 3043 4374 unde
3069 4317 3200 4381 Eva,
3233 4330 3340 4369 non
3372 4317 3610 4368 interve-

2018 4428 2198 4482 niente
2215 4415 2592 4477 matrimonio?
2607 4413 2743 4482 Quid
2766 4411 2955 4481 igitur?
2977 4410 3139 4470 itane,
3159 4407 3352 4477 inquit,
3371 4405 3614 4460 homines

2019 4532 2206 4574 omnes
2241 4521 2395 4568 erant
2420 4507 2712 4565 nascituri?
2741 4505 2854 4559 Hoc
2879 4518 2944 4556 an
2976 4501 3080 4555 alio
3102 4499 3281 4565 modo,
3313 4497 3451 4550 haud
3483 4510 3612 4550 sane

2020 4610 2193 4664 habeo
2213 4607 2422 4669 dicere;
2447 4600 2575 4656 illud
2597 4598 2740 4653 enim
2759 4609 2901 4650 nunc
2921 4593 3115 4664 agitur,
3141 4591 3251 4644 Deo
3268 4589 3332 4643 ad
3357 4588 3608 4657 frequen-

2024 4701 2215 4758 tandos
2246 4700 2299 4754 in
2330 4707 2471 4752 terra
2493 4691 2740 4747 homines
2764 4685 3108 4742 matrimonio
3128 4699 3260 4753 opus
3283 4697 3386 4736 non
3418 4679 3605 4734 fuisse.

2094 4813 2282 4870 XVIII.
2313 4810 2435 4865 Non
2473 4807 2809 4878 virginitatem
2839 4818 2995 4874 genus
3023 4807 3249 4853 nostrum
3276 4796 3574 4848 imminuere
3600 4832 3615 4854 ,

2025 4908 2114 4961 sed
2138 4913 2417 4976 peccatum.
2446 4929 2515 4940 —
2546 4898 2657 4952 Nec
2686 4911 2814 4950 vero
2843 4891 3146 4947 mortalium
3179 4877 3370 4957 generi
3400 4885 3620 4953 virgini-

2027 5007 2188 5052 tatem
2237 4995 2506 5049 inleritum
2570 5000 2918 5056 comparare,
2964 4982 3061 5038 sed
3106 4980 3302 5048 ﬂagitia
3349 4987 3402 5032 et
3449 4976 3620 5031 foedos

2027 5089 2222 5153 coitus,
2253 5084 2486 5140 ostendit
2510 5081 2596 5136 illa
2621 5079 2736 5134 Noe
2751 5081 3065 5145 tempestate
3093 5070 3390 5130 hominum,
3410 5067 3622 5134 jumen-

2031 5193 2226 5245 torum,
2265 5178 2498 5233 breviter
2526 5172 2764 5229 omnium
2797 5169 2849 5221 in
2891 5167 3048 5220 terris
3079 5159 3426 5216 animantium
3457 5158 3622 5211 inter-

2029 5272 2205 5327 necio.
2251 5269 2383 5325 Nam
2413 5268 2457 5322 si
2500 5275 2611 5320 tum
2656 5261 2926 5316 obsecrante
2954 5256 3004 5311 ei
3048 5252 3255 5308 libidini
3299 5249 3624 5304 restitissent

2033 5362 2128 5418 Dei
2155 5359 2270 5427 ﬁlii,
2322 5357 2476 5428 (Gen.
2498 5354 2550 5409 6.
2563 5353 2621 5422 2)
2644 5364 2708 5405 ac
2720 5345 3082 5416 virginitatem
3097 5341 3412 5404 coluissent,
3447 5353 3622 5406 neque

2033 5451 2310 5508 hominum
2335 5445 2474 5501 ﬁlias
2502 5441 2701 5511 iniquis
2742 5436 2912 5492 oculis
2936 5432 3288 5503 aspexissent,
3332 5443 3621 5498 numquam

2037 5543 2154 5598 haec
2181 5553 2276 5596 eos
2303 5534 2569 5608 pernicies
2597 5526 2972 5599 oppressisset.
3011 5525 3187 5593 Atque
3211 5521 3326 5576 haec
3357 5520 3520 5574 nolim
3553 5519 3623 5572 ita

2035 5632 2224 5701 accipi,
2251 5627 2402 5700 quasi
2447 5639 2634 5681 eorum
2658 5619 2866 5676 cladem
2902 5617 2956 5670 in
2985 5615 3385 5670 matrimonium
3411 5610 3622 5666 confer-

2036 5740 2190 5790 rem;
2220 5735 2328 5778 non
2369 5719 2514 5775 enim
2557 5715 2608 5770 id
2655 5725 2795 5767 nunc
2839 5709 2984 5778 dico,
3029 5707 3125 5764 sed
3169 5721 3337 5780 genus
3379 5714 3620 5761 nostrum
