4020 6412
424 338 530 399 527

420 463 696 532 perimere
722 474 785 514 ac
809 457 1013 527 delere,
1041 456 1093 511 id
1123 471 1251 511 vero
1282 470 1388 509 non
1416 466 1536 507 esse
1563 445 1900 519 virginitatis,
1919 441 2013 497 scd

430 552 652 622 peccati.

496 640 644 696 XIX.
702 640 1031 695 MatrimOnio
1084 639 1208 693 'olim
1251 636 1378 689 duas
1427 632 1583 705 fuisse
1627 644 1829 691 causas,
1882 641 2016 678 nunc

429 749 584 787 unam
607 747 731 786 esse.
758 762 827 773 —
848 731 1028 802 lt‘aque
1047 742 1167 785 cum
1195 727 1418 782 liberum
1436 721 1840 794 quaerendorum
1858 730 2017 771 causa

432 822 698 892 proditum
724 821 1125 877 matrimonium
1155 828 1256 882 est,
1292 824 1400 870 tum
1433 813 1599 867 multo
1641 807 1897 879 magisad
1924 819 2019 860 na-

435 924 567 969 tura:
592 914 837 968 ardorem
865 910 1317 982 restinguendum.
1362 908 1535 973 Atque
1556 902 1613 958 id
1639 900 1830 957 Paulus
1854 906 2018 952 testa-

434 1014 539 1068 tur,
570 1003 754 1057 dicens
783 1020 797 1057 :
822 1002 936 1057 'Sed
963 1009 1163 1071 ρνοιιεν
1203 996 1584 1067 fornicationem
1625 1006 1768 1046 suam
1811 989 2019 1057 quisque

432 1106 638 1147 uxorem
661 1094 872 1147 habeat:
890 1108 993 1145 non
1017 1094 1235 1160 propter
1253 1087 1539 1142 liberorum
1562 1080 2014 1152 procreationem;

420 1194 760 1253 rursumque
780 1184 1064 1238 convenire
1083 1180 1253 1251 jubet,
1276 1188 1379 1233 nun
1404 1174 1764 1231 ut‘mnltorum
1787 1170 2015 1225 ﬁliorum

446 1282 698 1343 parentes
737 1274 903 1331 fiant:
955 1272 1050 1327 sed
1077 1271 1210 1325 cur?
1255 1262 1342 1323 ’Νε
1369 1282 1456 1322 vos
1478 1274 1647 1328 tentet,
1677 1262 1864 1333 inquit,
1883 1268 2019 1315 sata-

437 1383 532 1421 uas
555 1386 574 1431 ,-
600 1380 663 1421 ac
701 1370 1015 1436 progressus
1044 1372 1149 1418 nun
1168 1362 1304 1416 dixit
1323 1403 1338 1427 ,
1380 1360 1435 1415 Si
1459 1365 1640 1428 Optant
1669 1355 1897 1418 liberos,
1923 1350 2018 1406 sed

434 1458 603 1529 quid?
642 1458 820 1526 Qui'se
848 1474 948 1511 non
986 1458 1262 1520 continent,
1294 1452 1671 1507 matrimonium
1694 1448 2016 1504 contrahant.

432 1551 515 1621 (l.
560 1551 679 1604 Cor.
721 1551 773 1604 7.
806 1549 863 1604 2.
900 1550 956 1605 5.
986 1549 1064 1618 9).
1119 1547 1383 1617 Principio
1427 1544 1592 1607 enim,
1636 1550 1693 1595 ut
1740 1539 2015 1603 dicebam,

434 1644 701 1714 duplicem
732 1643 867 1697 hanc
896 1642 1229 1697 occasionem
1260 1632 1508 1699 habebat,
1540 1635 1632 1689 sed
1660 1624 1864 1687 deinde
1878 1636 2019 1685 terra

435 1751 498 1789 ac
523 1736 679 1800 mari,
718 1744 886 1805 'atqne
931 1736 1062 1790 orbe
1111 1733 1255 1788 omni
1303 1730 1528 1799 repleto,
1569 1740 1707 1781 unus
1747 1725 2022 1779 dumtaxat

436 1835 726 1895 praetextas
754 1835 837 1881 est
861 1826 1118 1896 reliquus,
1152 1824 1401 1892 nequitiae
1426 1832 1481 1876 et
1505 1818 1737 1874 libidinis
1778 1815 2017 1870 abolitio.

435 1915 565 1979 Nam
595 1932 690 1972 eos
727 1917 814 1987 qni
843 1919 1134 1971 etiamnum
1180 1930 1239 1969 se
1267 1916 1319 1967 in
1360 1912 1442 1967 bis
1470 1912 1609 1966 vitiis
1638 1918 1790 1964 erant
1816 1908 2021 1961 Voluta-

436 2008 560 2071 tnri,
590 2018 643 2062 et
682 2020 967 2077 porcorum
997 2009 1159 2061 vitam
1203 2018 1362 2075 agere
1388 2013 1556 2072 atque
1585 2004 1637 2057 in
1680 2001 2021 2071 lupanaribus

380 2088 385 2094 ’
437 2101 613 2170 perire
640 2101 877 2169 cupiunt,
925 2098 1349 2153 non'minimum
1390 2097 1539 2165 juvat
1584 2093 2018 2156 matrimonium,

374 2172 397 2177 ﬁ
436 2194 585 2264 quod'
606 2194 923 2248 necessitate
952 2206 1013 2246 ea
1042 2202 1202 2261 atque
1243 2188 1480 2245 immune
1509 2187 1764 2242 liberatos
1808 2196 2022 2239 sanctos

435 2292 719 2352 castoSqne
769 2292 1000 2338 tueatur.
1050 2284 1121 2337 At
1166 2283 1308 2336 enim
1359 2281 1478 2350 quis
1526 2277 1819 2332 umbratilis
1866 2276 2024 2344 hujus

439 2390 629 2445 pugna:
661 2375 865 2429 futurus
902 2375 1091 2429 modus
1115 2382 1198 2428 est
1214 2372 1335 2427 ?'Et
1359 2385 1454 2425 vos
1483 2371 1624 2425 enim
1653 2368 1741 2438 qui
1768 2367 1884 2421 htuc
1910 2364 2025 2420 dis-

438 2466 615 2519 seritis
643 2480 747 2519 non
774 2465 949 2518 minus
973 2478 1133 2534 quam
1162 2478 1262 2518 nos
1301 2461 1616 2532 virginitatis
1653 2458 2025 2514 excellentiam

441 2554 656 2618 tenetis,
688 2554 992 2622 omniaque,
1016 2566 1144 2623 'qttte
1172 2568 1201 2607 a
1233 2552 1383 2607 vobis
1420 2551 1686 2615 dicuntur,
1724 2554 2027 2604 commenta

439 2661 503 2700 ac
532 2652 820 2714 praetextas
849 2655 972 2699 sunt
996 2656 1050 2700 et
1082 2644 1317 2700 libidinis
1342 2652 1670 2715 tegumenta.

513 2736 633 2791 XX.
682 2736 896 2790 Etiamsi
924 2735 1424 2805 nullum‘periculam
1452 2746 1579 2791 esset
1616 2734 1678 2789 iis
1712 2734 1799 2805 qui
1821 2733 2030 2804 virgini-

345 2824 351 2843 ⁸
440 2834 591 2880 tatem
620 2828 919 2896 despiciant,
950 2837 1116 2881 tamen
1164 2844 1229 2880 ne
1271 2827 1347 2881 sic
1370 2827 1570 2897 quidem
1598 2835 1758 2879 tutum
1786 2840 1891 2879 esse
1915 2836 2029 2877 eam

441 2921 712 2989 despicere.
746 2949 818 2960 —
844 2920 1063 2974 Verunt'
1092 2929 1147 2975 ut
1192 2919 1307 2974 haec
1355 2920 1570 2990 impune
1612 2919 1789 2974 dicere
1835 2918 2029 2984 liceat,

443 3019 619 3065 tamen
647 3010 729 3065 vel
763 3011 860 3065 hac
896 3011 1102 3065 ratione
1126 3025 1156 3064 a
1181 3011 1444 3065 calumnia
1490 3017 1843 3080 temperatum
1874 3022 2034 3077 opor-

444 3101 563 3155 tuit.
609 3100 741 3155 Nam
791 3103 879 3171 qui
923 3101 991 3157 de
1044 3102 1207 3157 rebus
1267 3102 1535 3171 prmclaris
1582 3112 1737 3156 secus
1794 3102 2029 3165 sentiat,

442 3200 642 3261 praeter
668 3182 777 3245 alia
807 3192 999 3247 damna
1044 3208 1149 3247 non
1196 3193 1314 3249 leve
1341 3194 1500 3247 etiam
1530 3193 1669 3262 apud
1706 3206 1901 3247 omnes
1928 3192 2030 3246 im-

445 3281 724 3351 probitatis
752 3296 861 3337 soac
891 3284 1272 3348 testimonium,
1305 3298 1498 3352 nempe
1520 3282 1657 3337 adeo
1686 3282 2030 3351 depravatum

441 3380 505 3426 et
527 3372 762 3440 iniquum
802 3372 1059 3441 judicium
1100 3372 1322 3441 profert.
1372 3373 1551 3442 Itaque
1576 3373 1620 3427 si
1666 3373 1810 3426 nulla
1838 3372 1938 3425 alia
1966 3371 2034 3427 de

446 3474 628 3526 causa,
659 3471 715 3515 at
734 3476 801 3516 ne
828 3470 931 3515 tam
957 3472 1147 3517 tetram
1174 3462 1478 3531 Opinionem
1507 3463 1573 3517 de
1594 3477 1652 3517 se
1680 3464 2031 3528 concitarent,

446 3552 679 3620 linguam
722 3553 996 3607 continere
1041 3553 1284 3620 decebat,
1314 3554 1628 3621 cogitantes,
1672 3553 1763 3623 qui
1810 3554 2034 3609 summis

408 3650 413 3667 ¹
445 3641 826 3697 certaminibus
866 3643 1107 3697 illustres
1148 3643 1345 3707 laudet,
1376 3659 1498 3699 eum
1544 3645 1667 3699 licet
1712 3645 1897 3699 eadem
1926 3659 2032 3700 non

446 3733 690 3803 attingat,
729 3732 889 3789 facile
930 3736 998 3788 ab
1025 3735 1276 3789 omnibus
1299 3738 1508 3791 veniam
1536 3738 1786 3807 consequi
1824 3756 1835 3791 :
1863 3747 1919 3793 at
1944 3739 2034 3808 qui

449 3836 549 3877 nec
587 3839 651 3878 ea
696 3836 962 3891 exerceat,
1010 3833 1065 3880 et
1109 3826 1288 3880 multis
1326 3829 1538 3883 coronis
1566 3827 1723 3897 digna
1747 3830 1906 3883 etiam
1937 3828 2033 3882 da-

448 3918 616 3981 mnet,
664 3917 856 3971 merito
881 3931 1005 3971 eum
1034 3933 1224 3973 omnes
1252 3919 1460 3974 oderint
1485 3935 1582 3976 ceu
1622 3920 1828 3975 hostem
1872 3928 2035 3991 atque

450 4006 721 4062 inimicum
750 4008 977 4074 virtutis,
1006 4018 1060 4064 et
1100 4011 1297 4065 insanis
1335 4012 1685 4067 miseriorem.
1720 4012 1783 4066 lli
1811 4012 1952 4067 enim
1980 4020 2037 4066 et

450 4113 570 4169 qua:
598 4100 932 4153 committunt
964 4101 1227 4163 nesciunt,
1276 4116 1375 4181 nec
1416 4116 1535 4172 quae
1580 4102 1854 4171 patiuntur
1890 4103 2037 4156 ultro

451 4191 755 4255 sustinent;
788 4192 1014 4263 ideoque
1046 4193 1173 4247 lmso
1194 4195 1503 4265 magistratu
1529 4209 1635 4248 non
1665 4195 1825 4248 modo
1852 4208 2038 4261 poenas

452 4281 675 4337 minime
718 4283 866 4349 dant,
910 4282 1006 4339 sed
1054 4298 1149 4338 eos
1193 4285 1292 4354 ipsi
1339 4285 1498 4339 etiam
1542 4284 2036 4339 laesi'miserantur.

451 4371 603 4438 Quod
633 4373 677 4427 si
703 4375 1025 4441 quis‘autem
1057 4374 1289 4442 prudens
1310 4388 1373 4429 ea
1392 4374 1652 4443 designet,
1680 4388 1802 4444 qua:
1831 4374 1907 4428 illi
1932 4374 2039 4427 im-

455 4462 747 4529 prudentes
776 4462 990 4525 faciunt,
1014 4465 1137 4532 jure
1164 4467 1419 4519 omnium
1444 4464 1733 4521 sententiis
1751 4473 1810 4518 ut
1837 4474 2041 4519 natura:

455 4561 650 4608 nostrae
691 4554 975 4622 perduellis
1002 4554 1303 4609 damnetur.

527 4642 666 4698 XXI.
700 4643 891 4714 Ingens
916 4646 1194 4715 perieulum
1217 4661 1324 4700 esse
1347 4646 1410 4701 iis
1431 4645 1519 4717 qui
1530 4646 1862 4716 virginitatem
1876 4647 2044 4714 despi-

454 4737 610 4789 ciant.
639 4764 708 4776 --
732 4737 904 4801 Quare
933 4747 987 4791 ut
1012 4735 1287 4804 dicebam,
1312 4738 1412 4793 etsi
1443 4739 1710 4794 accusatio
1738 4753 1803 4795 ea
1829 4740 2044 4809 impune

457 4836 622 4892 esset,
655 4835 831 4881 tamen
856 4828 927 4882 ob
954 4843 1015 4883 ea
1041 4846 1160 4899 qute
1175 4830 1284 4899 jam
1311 4830 1421 4885 dixi
1447 4831 1717 4887 abstinere
1740 4831 2039 4903 oportebat.

454 4919 608 4974 Nunc
637 4920 774 4975 inest
802 4919 854 4973 in
884 4935 950 4974 eo
997 4922 1185 4991 ingens
1210 4923 1504 4991 periculum
1534 4942 1547 4978 :
1576 4938 1752 4995 neque
1780 4926 1924 4980 enim
1949 4926 2040 4995 qui

454 5013 652 5068 sedens
693 5010 878 5067 contra
924 5029 1081 5069 suum
1130 5014 1345 5070 fratrem
1391 5016 1646 5085 loquitur,
1693 5027 1750 5072 et
1788 5018 2045 5072 adversus

456 5103 623 5156 tilium
667 5104 851 5160 matris
890 5119 1002 5159 suta
1040 5106 1351 5162 scandalum
1393 5108 1544 5177 ponit
1591 5108 1759 5181 (Psal.
1789 5111 1879 5167 49.
1909 5108 2002 5181 9.0)
2025 5151 2041 5175 ,

456 5192 631 5246 aulum
660 5193 924 5261 punietur,
952 5195 1045 5250 aed
1081 5197 1239 5251 etiam
1281 5198 1370 5266 qui
1400 5214 1520 5268 quae
1552 5199 1661 5253 Deo
1685 5201 1938 5268 preaclara
1967 5201 2045 5254 vi-

457 5282 687 5338 deantur
710 5285 929 5355 culpare
953 5288 1181 5343 insistat.
1210 5288 1328 5343 .latn
1367 5289 1702 5360 accipequid
1731 5291 1872 5345 aliud
1918 5306 2043 5359 pro-

460 5371 620 5439 pheta
664 5375 717 5429 in
762 5377 1005 5432 eamdem
1056 5381 1372 5433 sententiam
1415 5379 1690 5435 disserat:
1731 5379 2046 5451 Veillitqui

458 5466 648 5520 malum
685 5466 892 5535 bonum,
921 5479 969 5524 et
992 5471 1193 5526 'boaum
1232 5471 1427 5526 malum
1468 5474 1628 5534 dicit:
1648 5474 1742 5544 qui
1786 5476 1949 5529 lucenti
1978 5476 2043 5529 tiu

457 5558 703 5623 tenebras,
730 5571 779 5614 et
805 5561 1037 5617 tenebras
1053 5563 1559 5619 iu'lucent'conuertit
1580 5580 1600 5628 ;
1625 5565 1717 5633 qui
1735 5567 2045 5620 immutati

456 5646 629 5711 dulce,
647 5659 695 5702 et
718 5650 1023 5704 inamatus
1041 5653 1188 5708 dulce
1206 5663 1367 5708 mutat
1385 5653 1537 5724 (lsai.
1555 5656 1609 5710 ὅ.
1625 5655 1742 5723 90).
1763 5654 1895 5711 Nam
1914 5657 2043 5727 quid

463 5737 759 5807 virginitate
800 5738 1023 5808 dulcius,
1069 5743 1193 5811 quid
1222 5744 1443 5818 melius;
1472 5745 1598 5815 quid
1625 5746 1897 5812 illustrius,
1923 5764 2042 5818 qua:

1103 339 1160 395 S.
1201 335 1479 394 JOANNIS
1515 325 1991 388 CHRYSOSTOMI
2034 324 2349 382 ARCHIEP.
2391 325 2924 388 CONSTANTINOP.

2123 439 2355 511 fulgores
2385 443 2513 514 ipsis
2543 449 2702 503 etiam
2732 452 2858 507 solis
2902 453 3063 509 radiis
3103 456 3478 515 luculentiores
3505 452 3743 522 en.it'at'

2123 548 2325 604 nosque
2352 536 2420 591 ab
2448 536 2695 595 omnibus
2743 543 2924 598 δείξουῐὶ
2959 546 3115 615 hujus
3159 551 3385 619 negotiis
3429 552 3722 621 abjunctos

2122 625 2174 679 in
2224 625 2444 695 justitia:
2487 630 2655 685 solem
2707 633 2854 702 puris
2897 638 3067 691 oculis
3122 641 3336 696 assidue
3388 654 3720 701 contuentes

2124 718 2379 784 prsestet?
2408 720 2579 790 Atque
2627 722 2739 778 haec
2780 726 2993 795 quidem
3042 727 3202 785 Isaias
3245 731 3314 787 de
3352 730 3417 789 iis
3452 736 3543 805 qui
3575 737 3723 791 inter

2121 822 2215 861 eos
2240 808 2438 877 judicia
2484 811 2743 868 baberent
2765 828 3015 888 corrupta
3042 821 3360 878 vociferatur
3385 841 3401 891 ;
3433 828 3556 882 audi
3586 843 3722 885 vero

2121 901 2248 969 quid
2290 902 2429 957 alius
2466 903 2626 959 etiam
2656 907 2911 977 prepheta
2948 908 3017 965 de
3054 911 3120 967 iis
3161 915 3250 984 qui
3297 931 3390 970 eas
3434 918 3721 987 pestiferas

2120 1003 2281 1045 voces
2311 991 2363 1044 in
2408 994 2596 1064 vulgus
2640 1007 2892 1068 spargant
2918 999 3080 1067 dicat,
3127 1003 3195 1058 ab
3238 1005 3428 1061 eodem
3455 1008 3722 1064 adverbio

2123 1079 2304 1135 itidem
2343 1097 2564 1138 exorsus
2597 1103 2609 1137 :
2650 1083 2740 1141 γω
2775 1088 2841 1155 ei,
2869 1091 2955 1155 qui
2999 1093 3231 1157 proximo
3268 1111 3360 1149 suo
3407 1107 3583 1167 potum
3624 1100 3722 1154 dat

2120 1171 2491 1226 subversionem
2533 1174 2783 1230 turbidam
2828 1176 2993 1239 (Hab.
3038 1180 3093 1236 2.
3128 1182 3239 1255 l5).
3274 1185 3369 1240 Est
3411 1199 3591 1242 autem
3639 1205 3723 1244 vas

2120 1259 2342 1315 verbum
2391 1279 2496 1319 non
2524 1266 2769 1335 simplex,
2799 1270 2894 1325 sed
2938 1288 3045 1341 quo
3089 1274 3330 1343 ingentes
3372 1279 3723 1336 continentur

2124 1350 2299 1415 minae,
2332 1362 2389 1406 ut
2418 1354 2798 1414 immisericors
2825 1363 3143 1431 supplicium
3167 1367 3547 1439 promulgatur.
3578 1370 3722 1428 Nam

2123 1441 2175 1496 in
2205 1444 2370 1499 sacris
2401 1444 2569 1502 literis
2596 1449 2903 1507 adverbium
2934 1454 3035 1510 hoc
3076 1455 3127 1509 in
3154 1471 3250 1513 eos
3275 1472 3580 1532 usurpatur,
3621 1465 3723 1534 qui

2123 1531 2465 1591 imminentes
2517 1552 2705 1607 ptenas
2755 1544 2980 1612 amplius
3035 1545 3269 1616 effugere
3314 1564 3421 1604 non
3466 1531 3719 1622 possunt.

2103 1622 2354 1680 ‘Rursum
2375 1628 2509 1713 alius
2531 1631 2785 1700 propheta
2812 1633 3026 1691 Indicos
3050 1648 3261 1705 notans,
3291 1640 3494 1709 Vinum,
3521 1644 3720 1716 inquit,

2122 1719 2452 1807 sanctiﬁcatis
2498 1724 2856 1794 prapinavistis
2903 1728 3082 1797 (Amos
3110 1731 3163 1785 2.
3196 1730 3306 1805 12).
3336 1734 3490 1802 Quod
3530 1736 3577 1791 si
3622 1740 3720 1807 qui

2118 1800 2389 1866 Nazarteis
2440 1813 2619 1869 vinum
2671 1819 2951 1888 propinet,
3008 1822 3143 1878 adeo
3193 1800 3574 1882 mulctabitur:
3606 1800 3722 1900 quo

2124 1915 2230 1955 non
2270 1903 2530 1972 supplicio
2571 1906 2763 1976 dignus
2787 1909 2906 1973 erit,
2934 1912 3023 1981 qui
3051 1913 3101 1967 in
3143 1914 3463 1984 simplicium
3506 1929 3722 1977 mentea

2123 1993 2527 2051 subversionem
2552 1999 2813 2055 turbidam
2835 2003 3109 2059 eﬂ’undat?
3129 2005 3185 2061 Si
3206 2008 3293 2077 qui
3315 2008 3557 2080 exiguam
3572 2012 3719 2081 ejus,

2121 2100 2239 2158 qnte
2288 2091 2581 2145 secundum
2639 2086 2811 2164 legem
2862 2105 3006 2164 erat,
3056 2101 3453 2157 exercitationis
3506 2115 3721 2173 partem

2125 2177 2382 2245 succidat,
2439 2181 2796 2241 inexorabiles
2850 2202 3037 2256 poenas
3087 2192 3351 2258 sustinet;
3384 2195 3471 2263 qui
3516 2197 3722 2250 sancti-

2131 2271 2363 2325 moniam
2398 2270 2536 2328 hanc
2563 2287 2776 2330 omnem
2815 2278 3099 2343 convellat,
3144 2281 3336 2350 quibus
3364 2284 3536 2338 modis
3576 2286 3724 2341 acci-

2122 2355 2364 2423 pietur?
2395 2359 2581 2425 (Amos
2614 2361 2804 2433 2J5.)
2843 2365 2906 2420 Si
2940 2369 3059 2436 quia
3105 2372 3573 2443 scandalizaverit,
3615 2380 3722 2443 ait,

2141 2460 2305 2499 unum
2326 2462 2392 2502 ex
2418 2450 2498 2504 his
2528 2454 2766 2520 pusillis,
2794 2458 3002 2525 expedit
3027 2460 3075 2513 ei
3103 2469 3159 2513 ut
3185 2465 3544 2532 suspendatur
3572 2468 3725 2523 mola

2142 2539 2384 2592 asinaria
2412 2543 2556 2595 circa
2589 2543 2783 2597 collum
2831 2546 2967 2615 ejus,
3000 2556 3050 2600 et
3090 2549 3425 2620 demergatur
3467 2555 3523 2607 in
3567 2572 3723 2610 mare

2142 2625 2360 2697 (Matth.
2386 2631 2474 2686 l8.
2507 2633 2583 2703 6).
2607 2632 2749 2699 Quid
2775 2637 2941 2705 igitur
2958 2638 3164 2703 dicent,
3188 2644 3281 2709 qui
3299 2641 3386 2698 his
3401 2644 3581 2700 verbis
3603 2660 3723 2700 non

2141 2736 2312 2776 unum
2344 2724 2581 2793 aliquem
2612 2727 2923 2791 minimum,
2945 2732 3041 2784 sed
3066 2731 3267 2786 multos
3295 2735 3723 2789 seandallzant?

2136 2814 2273 2868 Cum
2290 2815 2437 2869 enim
2463 2817 2508 2871 is
2533 2817 2625 2886 qui
2651 2817 2869 2874 fratrem
2888 2820 3095 2888 fatuum
3111 2833 3264 2877 vocet
3286 2820 3503 2893 (Matth.
3529 2824 3580 2879 5.
3593 2824 3719 2897 29),

2142 2915 2296 2963 recta
2313 2906 2378 2961 ad
2405 2909 2667 2977 gehennae
2688 2911 2866 2980 ignem
2887 2912 3246 2970 abducendus
3262 2915 3335 2970 sit
3352 2934 3363 2971 :
3385 2916 3479 2984 qui
3499 2917 3718 2985 angelis

2137 2998 2350 3067 aequale
2376 2998 2480 3053 hoc
2508 3003 2821 3061 institutum
2857 3015 3099 3069 accuset,
3132 3016 3391 3075 quantam
3419 3023 3519 3062 sun
3539 3010 3715 3079 capiti

2140 3097 2279 3149 iram
2328 3095 2658 3151 contrahet?
2706 3095 2908 3151 Derisit
2946 3095 3242 3167 aliquando
3289 3095 3493 3153 Mosetn
3542 3097 3724 3154 Maria

2139 3186 2333 3258 (Num.
2365 3186 2452 3242 12.
2488 3188 2565 3256 1),
2584 3202 2693 3241 non
2726 3196 2786 3240 ut
2810 3203 2909 3243 vos
2934 3203 3083 3242 nunc
3110 3188 3502 3259 virginitatem,
3526 3189 3728 3246 sedle-

2135 3279 2259 3334 vius
2280 3279 2452 3332 multo
2471 3294 2536 3333 ac
2553 3278 2909 3343 moderatius;
2931 3279 3272 3350 quippe-quae
3290 3293 3391 3334 nec
3406 3279 3726 3336 detraheret

2106 3370 2109 3387 ¹
2136 3369 2368 3434 homini,
2400 3378 2447 3425 et
2478 3370 2623 3425 beati
2655 3371 2911 3424 virtutem
2930 3385 3038 3424 non
3062 3373 3237 3426 solum
3261 3385 3372 3424 non
3391 3371 3724 3439 exagitaret,

2108 3463 2229 3517 ‘sed
2262 3463 2424 3517 valde
2459 3463 2624 3517 etiam
2656 3463 2991 3532 suspiceret;
3036 3464 3170 3517 illud
3209 3473 3421 3518 tantum
3473 3463 3721 3525 dicebat,

2135 3554 2331 3608 iisdem
2357 3568 2438 3616 se,
2479 3554 2682 3622 quibus
2717 3554 2893 3616 illum,
2926 3555 3248 3624 praeditam;
3276 3563 3332 3609 et
3363 3563 3542 3608 tamen
3577 3553 3724 3608 adeo

2136 3647 2228 3700 Dei
2260 3647 2396 3700 iram
2431 3646 2487 3699 in
2512 3660 2571 3701 se
2601 3646 2827 3707 excivit,
2862 3654 2920 3699 ut
2950 3660 3129 3715 neque
3150 3660 3237 3709 eo,
3267 3646 3359 3716 qui
3386 3646 3547 3699 lmsus
3565 3644 3725 3697 vide-

2134 3747 2304 3800 retur,
2353 3738 2584 3791 muitum
2616 3737 2952 3805 deprecante
2987 3739 3283 3807 quicquam
3328 3737 3717 3808 proﬁceretur,

2108 3833 2185 3880 'et
2208 3827 2419 3880 diutius
2451 3840 2614 3895 quam
2640 3826 2802 3879 vellet
2827 3826 2877 3879 ei
2898 3840 3057 3892 ptena
3085 3836 3496 3895 prorogaretur.

2208 3910 2378 3970 XXII.
2410 3915 2605 3971 Pueros
2624 3918 2740 3971 illos
2762 3918 2936 3973 Elistei
2960 3929 3248 3989 tempestate
3271 3921 3461 3976 utiliter
3495 3924 3729 3990 periisse.

2136 4010 2208 4049 -—‘
2228 4008 2296 4063 Et
2315 4008 2449 4079 quid
2469 4009 2687 4064 Mariam
2717 4012 2836 4066 dico
2855 4052 2869 4076 ,
2895 4028 3013 4067 cum
3043 4014 3190 4082 pueri
3220 4013 3291 4069 illi
3317 4014 3382 4068 ad
3408 4014 3728 4071 Bethleheut

2138 4102 2403 4166 ludentes,
2445 4103 2536 4171 qui
2574 4102 2627 4157 id
2669 4100 2862 4158 Elisteo
2905 4114 3108 4159 tantum
3148 4104 3449 4171 dixissent,~
3475 4107 3728 4171 Asceude,

2142 4188 2290 4243 calve
2310 4187 2385 4256 (4.
2416 4187 2539 4257 Reg.
2564 4187 2752 4256 2,25);
2776 4187 2945 4242 Deum
2974 4198 3259 4258 tantopere
3283 4192 3725 4254 irritaverint,ut

2144 4278 2333 4334 statim
2352 4294 2515 4334 ursos
2537 4280 2591 4332 in
2610 4293 2800 4332 eorum
2827 4280 3231 4334 multitudinem
3249 4286 3429 4354 (erant
3448 4281 3592 4333 enim
3609 4281 3725 4335 duo

2110 4384 2116 4389 '
2147 4369 2928 4441 etquadraginta)immitteret
2943 4372 3058 4439 ,qui
3079 4371 3146 4425 ab
3168 4371 3237 4426 iis
3251 4371 3316 4424 ad
3331 4386 3497 4424 unum
3524 4385 3723 4427 omnes

2145 4478 2269 4521 sunt
2307 4467 2582 4537 discerpti,
2614 4480 2787 4535 neque
2831 4474 2922 4519 aut
2960 4477 3110 4539 tetas,
3155 4474 3249 4521 aut
3289 4465 3593 4531 multitudo,
3639 4476 3737 4522 aut

2141 4558 2264 4628 joco
2287 4557 2504 4622 dixisse,
2537 4557 2771 4627 puerulis
2801 4555 3033 4627 profuit?
3060 4559 3250 4627 etjure
3275 4558 3488 4628 quidem
3514 4560 3733 4614 merito.

2147 4649 2201 4703 Si
2244 4649 2386 4702 cnim
2430 4649 2519 4718 qui
2557 4657 2732 4703 tantos
2779 4649 2991 4704 labores
3028 4650 3324 4718 suscipiunt
3365 4658 3420 4704 et
3465 4651 3641 4720 pueris
3678 4663 3739 4705 et

2146 4742 2274 4795 viris
2304 4741 2530 4796 ludibrio
2558 4743 2683 4804 sint,
2702 4743 2884 4812 ecquis
2905 4743 3306 4798 imbecilliorum
3329 4744 3539 4798 labores
3559 4746 3738 4799 susci-

2150 4845 2275 4900 pere
2298 4831 2351 4886 in
2378 4832 2612 4886 animum
2643 4832 2876 4897 inducet,
2903 4840 3033 4887 cum'
3053 4834 3166 4889 risu
3195 4845 3354 4903 atque
3392 4836 3573 4889 sannis
3607 4850 3744 4890 con-

2142 4921 2398 4993 junctos?
2417 4924 2535 4993 quis
2573 4938 2604 4978 e
2630 4924 2788 4992 vulgo
2808 4924 3058 4978 virtutem
3087 4925 3246 4988 colet,
3279 4940 3397 4980 eam
3439 4925 3574 4980 adeo
3601 4925 3739 4981 ridi-

2147 5015 2323 5069 culam
2361 5012 2626 5070 cernens?
2653 5013 2786 5068 Nam
2815 5014 2861 5068 si
2892 5029 3053 5078 nunc,
3086 5015 3335 5070 omnibus
3378 5015 3575 5085 ubique
3615 5031 3747 5070 eam

2111 5116 2119 5123 '
2148 5107 2554 5173 admirantibus,
2579 5121 2685 5160 non
2720 5105 2889 5161 solum
2926 5108 3051 5173 ejus
3095 5108 3406 5171 cultoribus,
3436 5107 3533 5162 sed
3573 5106 3739 5162 etiam

2148 5199 2217 5253 iis
2239 5200 2328 5269 qui
2349 5213 2411 5252 ea
2438 5198 2771 5263 exciderunt,
2798 5198 3043 5253 homines
3072 5199 3229 5271 vulgo
3268 5197 3333 5252 ad
3377 5211 3472 5253 eos
3511 5198 3741 5254 sudores

2108 5298 2119 5311 '
2148 5298 2349 5360 pavent
2372 5305 2435 5345 ac
2460 5288 2747 5345 formidant
2773 5307 2788 5343 :
2818 5290 3009 5360 ecquis
3022 5289 3176 5344 facile
3218 5304 3336 5344 eam
3360 5290 3537 5355 adeat,
3566 5291 3610 5344 si
3639 5301 3743 5345 ne—

2149 5384 2277 5439 dum
2317 5382 2654 5436 admirationi
2701 5383 2978 5446 babeatur,
3022 5396 3141 5436 eam
3172 5382 3369 5451 passim
3395 5383 3462 5437 ab
3489 5382 3743 5436 omnibus

2148 5473 2350 5542 culpari
2368 5472 2582 5528 videat?
2607 5473 2818 5529 Etenim
2843 5473 3127 5539 ﬁrmiores,
3154 5480 3211 5527 et
3232 5472 3320 5542 qui
3337 5471 3447 5541 jam
3474 5472 3530 5526 in
3549 5473 3742 5526 ctelum

2148 5568 2583 5637 commigrarunt,
2606 5567 2750 5639 vulgi
2766 5569 3012 5623 solatium
3030 5583 3136 5622 non
3152 5567 3446 5637 requirunt,
3462 5565 3558 5621 sed
3577 5567 3656 5621 eis
3671 5565 3742 5622 ad

2148 5671 2412 5713 summam
2437 5658 2763 5714 alacritatem
2790 5661 2919 5715 satis
2943 5670 3027 5714 est
3048 5660 3166 5716 laus
3182 5674 3340 5730 quam
3358 5673 3387 5711 a
3411 5658 3521 5713 Deo
3544 5671 3744 5713 conse-

2147 5760 2412 5823 quuntur;
2440 5749 2875 5805 imbecillioribus
2899 5760 3099 5817 autem,
3133 5761 3187 5805 et
3216 5750 3306 5820 qui
3332 5765 3503 5820 nuper
3522 5765 3589 5804 eo
3603 5764 3741 5811 sunt
