4020 6402
283 390 339 451 ιι)
1602 396 1690 457 DE
1731 400 2197 460 VIBCINITATE.
3457 407 3563 467 35m)

250 505 451 565 diducti
479 550 496 576 ,
541 523 657 564 non
704 509 843 569 levis
878 525 908 567 e
946 510 1085 584 vulgi
1146 511 1610 568 commendatione
1660 513 1853 569 virium

254 604 484 657 accessio
512 602 594 669 lit,
618 603 798 659 donec
824 604 1035 660 tandem
1062 605 1295 676 undique
1323 605 1563 661 instructi
1601 607 1854 677 paulatim

256 693 320 748 ita
346 708 404 747 se
430 707 770 764 comparent,
802 706 857 750 ttt
882 713 941 751 ea
973 698 1123 767 Quasi
1162 697 1576 753 manuduetione
1624 713 1729 753 non
1772 699 1856 753 in-
1884 710 1903 722 '

258 783 488 854 digeant.
533 785 645 841 Nec
684 802 812 842 vero
856 781 908 842 id
938 788 1148 841 illorum
1190 796 1392 842 tantum
1420 803 1610 854 causa,
1635 789 1729 844 sed
1760 805 1857 859 pro

260 879 535 933 irrisorum
590 881 752 934 etiam
796 881 966 936 salute
1010 881 1065 934 lit
1096 922 1110 946 ,
1156 896 1222 936 ne
1261 882 1352 952 qui
1411 882 1643 951 priorem
1687 881 1854 937 auda-

260 972 394 1030 ciam
418 988 524 1026 non
555 974 796 1039 inissent,
816 974 867 1028 in
887 989 953 1029 eo
970 974 1106 1028 ultra
1136 975 1360 1029 crimine
1385 973 1855 1045 progrederemur.

261 1064 363 1120 Sed
391 1060 525 1120 mibi
550 1066 681 1135 jam,
709 1066 835 1121 dum
860 1066 973 1121 haec
1001 1082 1263 1135 memoro,
1290 1069 1515 1124 veniunt
1540 1069 1591 1123 in
1618 1077 1852 1123 mentem

255 1177 377 1231 qua:
430 1160 564 1214 Elim
614 1170 926 1230 tempestate
959 1161 1290 1216 acciderunt.
1331 1162 1463 1216 Nam
1512 1161 1656 1232 quod
1700 1162 1853 1232 pueri

258 1261 481 1323 propter
522 1251 772 1306 Elisreum
814 1252 881 1306 ab
927 1253 1100 1318 ursis,
1144 1251 1196 1307 id
1252 1262 1468 1322 propter
1510 1252 1627 1320 ejus
1683 1252 1856 1322 magi~

263 1356 434 1398 strum
463 1345 545 1398 bis
575 1345 953 1414 quinquaginta
996 1346 1094 1399 viri
1126 1360 1247 1400 cum
1289 1346 1400 1400 suis
1430 1345 1760 1415 principibus
1790 1346 1857 1401 ab

264 1434 383 1504 igne
429 1434 637 1488 caelitus
680 1435 1003 1505 deﬂagrante
1053 1437 1192 1506 passi
1236 1437 1469 1508 sunt”.
1521 1435 1654 1508 Reg.
1684 1437 1737 1491 ‘I.
1772 1435 1859 1506 9).

263 1525 395 1590 Quia
428 1526 571 1580 enim
599 1534 654 1581 et
693 1525 745 1580 hi
776 1541 871 1596 per
910 1541 1173 1580 summam
1219 1527 1613 1582 simulationem
1656 1527 1861 1598 justum

264 1619 502 1688 aggressi
526 1619 784 1673 vocabant
800 1628 958 1689 atque
983 1618 1049 1673 ad
1077 1634 1135 1674 se
1157 1619 1484 1676 descendere
1506 1620 1786 1691 jubebant,
1807 1621 1861 1675 in

264 1711 380 1780 ejus
406 1712 577 1766 vicem
600 1711 930 1767 descendens
950 1704 1086 1783 ignis
1104 1727 1290 1768 omnes
1310 1713 1626 1785 absumpsit,
1641 1713 1864 1785 perinde

264 1812 426 1872 atque
457 1803 576 1857 illos
607 1802 753 1857 ferae.
776 1803 951 1873 Itaque
985 1805 1099 1858 haec
1119 1805 1416 1875 cogitantes
1432 1820 1618 1861 omnes
1639 1820 1735 1860 vos
1760 1806 1865 1860 vir-

265 1894 504 1965 giuitatis
525 1894 726 1959 hostes,
748 1896 956 1950 tandem
974 1896 1192 1965 januam
1213 1905 1373 1966 atque
1394 1907 1573 1952 vectes
1592 1896 1865 1953 oriadmo—

268 1998 410 2053 vete,
441 2000 508 2042 ne
533 1998 590 2043 et
613 2003 708 2042 vos
733 1982 915 2057 jndicii
945 1999 1204 2060 tempore,
1225 1993 1527 2061 conspectis
1555 1992 1619 2047 iis
1643 1992 1731 2062 qui
1755 1992 1866 2048 illic

270 2080 579 2150 virginitate
625 2079 1016 2150 splendebunt,
1060 2082 1239 2138 dicere
1278 2083 1542 2153 incipiatis
1581 2101 1596 2138 :
1639 2082 1711 2140 Hi
1749 2093 1866 2139 sunt

269 2189 396 2241 quos
432 2173 709 2237 aliquando
746 2173 799 2227 in
833 2174 1051 2229 derisum
1096 2172 1381 2243 habuimus,
1410 2177 1527 2231 etin
1566 2177 1866 2232 similitudi-

271 2276 382 2317 nem
406 2259 719 2333 intprOperii,
740 2280 831 2317 nos
848 2264 1101 2327 insensati,
1121 2266 1208 2335 qui
1227 2282 1399 2320 eorum
1418 2267 1569 2321 vitam
1584 2269 1869 2338 putavimus

270 2354 546 2422 insaniam,
581 2366 624 2409 et
648 2357 834 2409 exitum
859 2373 1031 2411 eorum
1060 2359 1169 2411 sine
1207 2362 1415 2413 honore.
1462 2358 1730 2426 Quomodo
1772 2360 1871 2415 Dei

274 2444 396 2517 ﬁliis
423 2451 767 2513 annumerati,
791 2459 836 2503 et
857 2452 986 2505 inter
1015 2461 1215 2506 sanctos
1240 2469 1349 2506 sors
1378 2451 1581 2507 illorum
1601 2454 1713 2508 est?
1731 2452 1870 2524 Ergo

277 2556 420 2595 nosa
450 2542 551 2594 ueri
595 2543 673 2595 via
717 2541 1090 2608 deerravimus,
1128 2559 1286 2613 neque
1328 2560 1419 2598 nos
1450 2545 1664 2616 justitia:
1702 2544 1872 2601 lumen

275 2630 543 2685 illustravit
576 2632 593 2702 (
612 2632 741 2704 Sap.
766 2634 819 2689 5.
850 2633 941 2706 5).
966 2635 1037 2688 At
1076 2635 1195 2705 quis
1232 2635 1337 2689 erit
1361 2650 1547 2690 eorum
1580 2638 1868 2693 verborum

275 2721 500 2785 fructus,
541 2734 791 2778 enervata
825 2733 934 2779 tum
966 2725 1033 2779 ab
1061 2725 1176 2795 ipso
1204 2733 1447 2797 tempore
1474 2728 1822 2798 paenitentia?

348 2812 535 2869 XXIII.
566 2813 669 2870 Cur
690 2817 775 2886 qui
797 2817 966 2870 eadem
994 2817 1326 2882 committunt,
1357 2835 1458 2873 non
1494 2819 1694 2873 easdem
1729 2819 1874 2874 luant

277 2920 471 2977 pinnas.
502 2939 576 2947 —
602 2908 709 2964 Sed
755 2910 977 2965 fortasse
1023 2910 1162 2966 dicet
1188 2920 1422 2966 vestrum
1461 2912 1724 2983 quiSpiam
1759 2930 1771 2965 :
1804 2914 1876 2967 At

278 3013 507 3055 nemone
524 3011 706 3070 postea
739 3000 879 3055 viros
907 3010 1118 3056 sanctos
1141 3002 1398 3057 conviciis
1423 3002 1672 3058 incessit?
1698 3003 1870 3072 Multi,

278 3101 334 3148 et
356 3092 584 3148 diversis
601 3094 653 3147 in
677 3094 1003 3164 regionibus,
1028 3094 1091 3149 Et
1114 3095 1226 3166 qui,
1245 3095 1436 3166 inquit,
1449 3096 1664 3153 easdem
1684 3111 1872 3167 paznas

281 3202 385 3241 non
411 3182 712 3243 dederunt?
743 3188 1013 3243 Dederunt
1038 3204 1167 3243 sane
1186 3231 1201 3255 ,
1233 3197 1289 3244 et
1323 3204 1510 3245 eorum
1540 3189 1738 3245 multos
1771 3190 1876 3245 sci-

279 3294 417 3334 mus.
441 3274 595 3347 Quod
610 3279 653 3333 si
672 3279 760 3348 qui
784 3279 1102 3349 cli‘ugcrunt,
1122 3290 1175 3334 at
1198 3293 1301 3334 non
1322 3289 1583 3350 perpetuo
1596 3280 1871 3352 effugient.

278 3370 409 3429 Nam
436 3382 496 3427 ut
524 3383 606 3427 est
631 3372 769 3441 apud
818 3371 1030 3427 beatum
1080 3372 1322 3437 Paulum,
1375 3372 1721 3440 Quorumdam
1760 3390 1877 3445 pec-

280 3475 391 3519 cata
417 3465 690 3535 manifesta
718 3474 853 3531 sunt,
877 3463 1213 3535 prarcedentia
1232 3464 1300 3517 ad
1316 3465 1605 3535 judicium;
1625 3465 1873 3535 quosdam

279 3568 446 3613 autem
467 3567 513 3612 et
535 3559 903 3628 subsequuntur
921 3556 969 3631 (l
984 3597 996 3611 .
1028 3556 1160 3612 Tim.
1187 3557 1242 3613 5.
1262 3557 1390 3628 24):
1416 3566 1574 3628 atque
1595 3567 1654 3612 ut
1668 3557 1880 3629 legisla-

282 3659 424 3706 tores
444 3650 750 3705 nocentium
768 3664 954 3721 poenas
979 3649 1147 3705 literis
1164 3649 1504 3719 consignatas
1521 3649 1875 3721 reliquerunt,

286 3745 357 3800 ita
383 3753 438 3802 et
459 3745 717 3800 Dominus
755 3754 935 3799 noster
956 3743 1112 3799 Jesus
1150 3740 1398 3798 Christus
1424 3743 1477 3798 in
1509 3759 1672 3799 unum
1720 3754 1881 3815 atque

285 3840 512 3895 alterum
540 3836 895 3894 facinorosum
922 3836 1373 3904 auimadverteus,
1417 3851 1710 3907 eorumque
1748 3852 1880 3907 sup-

283 3934 441 4005 plicia
464 3943 737 4004 tamquam
775 3932 827 3986 in
858 3932 1102 3987 columna
1127 3945 1268 3986 aerea
1294 3940 1453 4001 atque
1480 3930 1651 3986 literis
1680 3944 1882 4002 reprae-

281 4036 520 4089 sentans,
537 4041 631 4095 per
650 4040 712 4080 ea
734 4040 854 4095 qua:
881 4024 982 4078 illis
1003 4023 1315 4080 acciderunt
1337 4036 1526 4080 omnes
1553 4033 1879 4089 commonet,

283 4119 498 4175 etiamsi
525 4118 627 4174 hoc
657 4126 914 4189 tempore,
953 4118 1042 4188 qui
1079 4118 1266 4175 eadem
1297 4118 1530 4174 audeant
1552 4132 1671 4187 quae
1699 4116 1789 4186 qui
1818 4131 1881 4171 ea

286 4210 537 4275 luerunt,
587 4211 805 4267 easdem
863 4225 1050 4281 poenas
1097 4227 1201 4265 non
1243 4213 1559 4278 exsolvant,
1604 4211 1655 4265 in
1704 4209 1883 4265 futuro

287 4304 487 4358 sarculo
509 4304 625 4358 illos
651 4304 878 4374 graviori
906 4318 1060 4373 pinna
1103 4302 1460 4358 mulctandos.

356 4396 547 4452 XXIV.
577 4396 677 4464 Qui
713 4407 936 4467 peccent,
960 4412 1049 4449 nec
1086 4395 1384 4467 puniantur,
1407 4396 1471 4450 iis
1497 4411 1597 4448 non
1622 4393 1884 4463 conﬁden-

288 4490 432 4555 dum,
492 4490 580 4544 sed
623 4490 900 4543 timendum
937 4504 1102 4558 ponus
1137 4504 1258 4542 esse.
1290 4488 1564 4558 -~ltaque
1607 4501 1728 4540 cum
1769 4485 1885 4540 sine

289 4583 453 4638 modo
479 4594 760 4652 peccantes
808 4580 938 4635 nihil
989 4580 1112 4634 ntali
1163 4580 1411 4649 patimur,
1433 4594 1502 4634 ne
1524 4577 1881 4646 conﬁdamus,

290 4676 386 4731 sed
430 4674 551 4730 ideo
589 4675 758 4745 magis
798 4675 1099 4728 timeamus.
1148 4672 1280 4727 Nam
1324 4672 1447 4727 licet
1473 4672 1614 4727 hica
1643 4671 1754 4726 Deo
1780 4670 1884 4724 mi-

292 4771 438 4825 nime
488 4769 792 4837 puniamur,
825 4767 935 4821 illic
979 4775 1155 4820 tamen
1193 4780 1315 4820 cum
1364 4762 1565 4820 mundo
1602 4761 1887 4819 damnabia

292 4879 432 4919 mur.
458 4864 631 4932 Atque
674 4861 788 4915 btec
829 4874 1041 4913 rursum
1087 4874 1191 4913 non
1231 4857 1488 4923 mea,sed
1532 4856 1801 4926 loquentis
1830 4854 1886 4909 in

294 4957 462 5013 Paulo
511 4955 707 5011 Christi
751 4953 1015 5008 sententia
1059 4960 1161 5007 est.
1194 4951 1406 5006 Etenim
1442 4965 1538 5005 eos
1584 4950 1883 5019 alloquens,

294 5048 383 5119 qui
425 5047 644 5117 indigne
688 5061 839 5100 sacra
866 5052 1165 5111 sumerent,
1189 5045 1263 5099 ait
1293 5062 1305 5098 :
1330 5043 1458 5099 Ideo
1483 5045 1614 5097 inter
1634 5058 1721 5097 vos
1742 5041 1891 5095 multi

294 5142 488 5202 infirmi
520 5150 565 5192 et
590 5138 876 5200 imbecilles,
911 5148 956 5192 et
992 5138 1245 5191 dormiunt
1287 5137 1453 5192 multi.
1503 5136 1652 5205 Quod
1686 5136 1730 5190 si
1774 5151 1892 5189 nos-

284 5238 538 5304 metipsos
576 5231 991 5302 dijudicaremus,
1024 5248 1125 5285 non
1164 5230 1698 5303 utiquejudicaremur
1726 5244 1746 5283 :
1770 5230 1892 5282 dum

296 5328 603 5382 iudicamur
631 5334 818 5382 autem.
848 5341 878 5377 a
913 5323 1128 5379 Domino
1171 5324 1495 5393 corripimur,
1534 5333 1591 5377 ut
1634 5339 1734 5377 non
1775 5339 1890 5375 cum

290 5416 485 5470 mundo
524 5415 823 5470 damnentur
860 5416 937 5486 (l.
965 5413 1082 5471 Cor.
1118 5415 1583 5486 H.50.52).Sunt
1610 5415 1752 5470 enim
1802 5414 1891 5485 qni

292 5506 382 5561 hic
426 5507 602 5562 solum
642 5506 890 5577 castigari
930 5521 1065 5577 opus
1101 5507 1350 5572 habeant,
1375 5522 1602 5578 quorum
1630 5516 1687 5563 et
1718 5507 1890 5576 culpa:

291 5598 597 5654 mediocres
615 5597 742 5664 sint,
767 5606 827 5651 ut
852 5598 1093 5669 castigati
1124 5599 1315 5653 iterum
1356 5598 1422 5653 ad
1462 5599 1738 5669 antiquum
1788 5614 1892 5652 non

292 5701 609 5756 recurrant,
655 5705 845 5746 canem
891 5692 959 5747 ad
1005 5691 1262 5746 vomitum
1307 5707 1581 5747 reversum
1643 5692 1830 5746 imitati
1878 5709 1892 5746 :

294 5793 497 5839 suntet
521 5786 611 5855 qui
644 5792 864 5854 propter
883 5798 1162 5839 excessum
1189 5784 1548 5855 improbitatis
1568 5791 1620 5839 et
1643 5782 1730 5838 hic
1759 5792 1814 5838 et
1833 5783 1896 5837 il-

296 5875 368 5934 lic
394 5880 692 5949 plectentur
711 5893 724 5930 :
743 5874 836 5929 alii
865 5876 971 5931 illic
993 5884 1193 5931 tantum
1223 5876 1477 5947 supplicia
1504 5874 1839 5931 sustinebunt
1866 5887 1882 5935 ;

1962 517 2248 587 quoniam'
2272 516 2415 574 enim
2441 518 2678 574 omnium
2705 516 3019 591 gravissima
3041 524 3438 591 perpeti-urunt,
3456 531 3557 572 non

1962 610 2106 681 digni
2146 609 2312 665 habiti
2343 620 2468 666 sunt
2511 611 2600 682 qui
2640 627 2762 667 cum
2792 611 3100 668 hominibus
3131 611 3557 682 llagellarentur.

1964 716 2089 755 nam
2120 701 2215 767 ait,
2241 700 2447 757 Etcum
2492 702 2780 760 hominibus
2818 720 2921 759 non
2962 704 3358 776 ﬂagellabunmr
3385 701 3557 776 (Ptol.

1964 794 2054 849 72.
2085 795 2141 865 5)
2169 813 2183 861 ;
2207 795 2286 851 illi
2308 838 2322 860 ,
2352 800 2550 867 quippe
2591 807 2970 865 reservantur,
3006 805 3059 853 ut
3086 813 3207 853 cum
3229 795 3559 851 daemonibus

1965 888 2253 957 puniantur
2276 907 2290 944 :
2310 888 2564 943 Discedite
2581 890 2747 956 enim,
2765 890 2861 954 ait,
2875 906 2906 943 a
2927 907 3005 944 me
3022 890 3074 944 in
3101 887 3327 943 tenebras
3348 887 3536 941 arteria
3550 916 3562 923 -

1964 999 2044 1037 res
2068 992 2276 1054 paratas
2299 982 2502 1038 diabolo
2520 994 2571 1038 et
2591 984 2784 1056 angelis
2803 984 2912 1055 ejus
2931 982 3144 1055 (Matth.
3167 982 3260 1038 25.
3284 978 3398 1053 41).
3417 978 3563 1034 Multi

1964 1075 2322 1130 sacerdotium
2365 1077 2600 1131 nummis
2625 1084 2918 1147 rapuerunt
2943 1077 2962 1146 (
2985 1075 3110 1131 Vide
3132 1085 3235 1130 act.
3257 1076 3324 1146 7)
3346 1117 3360 1140 ,
3388 1088 3567 1141 neque

1964 1176 2057 1222 aut
2081 1182 2202 1222 eum
2228 1169 2317 1239 qui
2347 1167 2765 1237 reprehenderet
2795 1168 3230 1234 habuerunt,nec
3257 1165 3401 1236 quod
3433 1164 3561 1217 olim

1969 1277 1999 1316 a
2021 1261 2181 1317 Petro
2199 1259 2387 1315 Simon
2409 1259 2597 1331 Magos
2637 1262 2965 1314 audiverunt
2982 1259 3207 1330 (Act.8);
3233 1268 3288 1312 at
3314 1274 3420 1312 non
3441 1259 3564 1313 ideo

1970 1350 2302 1420 effugerunt,
2321 1351 2413 1406 sed
2433 1351 2604 1405 multo
2625 1350 2907 1421 graviores
2924 1364 3135 1420 poenas,
3157 1363 3323 1420 quam
3340 1364 3461 1418 quae
3475 1348 3563 1403 hic

1971 1443 2770 1515 debebantur,subibunt,quod
2781 1443 3135 1512 necexemplo
3146 1440 3420 1497 emendati
3435 1441 3565 1495 sint.

1975 1538 2126 1594 Multi
2142 1538 2330 1594 eadem
2356 1554 2477 1609 qua:
2495 1538 2637 1593 Core
2652 1538 2772 1592 ausi
2793 1543 2925 1593 sunt
2945 1550 3049 1590 nec
3070 1534 3259 1590 eadem
3283 1549 3405 1604 quae
3423 1532 3566 1589 Core

1972 1631 2144 1701 passi,
2175 1639 2231 1684 at
2253 1637 2375 1700 post
2396 1630 2591 1700 majori
2616 1644 2718 1684 suo
2742 1628 2885 1682 malo
2907 1627 3186 1697 patientur
3217 1624 3409 1697 (Nam.
3449 1625 3559 1691 16).

1972 1723 2126 1780 Multi
2149 1723 2449 1779 Pharaonis
2483 1722 2817 1792 impietatem
2848 1720 3050 1775 imitati
3075 1717 3276 1789 (Exod.
3301 1717 3411 1785 M).
3452 1731 3561 1771 non

1973 1820 2139 1876 etiam
2159 1818 2303 1872 sicut
2326 1817 2418 1871 ille
2451 1823 2581 1870 sunt
2607 1812 2867 1878 demersi,
2895 1819 2949 1866 at
2988 1811 3251 1883 gehennae
3266 1824 3453 1879 aequor
3473 1823 3570 1863 eos

1974 1919 2176 1967 manet.
2194 1909 2381 1980 Neque
2399 1909 2545 1965 enim
2566 1908 2657 1976 qui
2678 1905 2874 1961 fratres
2895 1904 3075 1958 fatuos
3094 1909 3319 1964 vocant,
3340 1900 3451 1969 jam
3476 1916 3576 1970 pu~

1974 2007 2075 2061 niti
2094 2013 2222 2060 sunt
2243 2002 2460 2074 (Matth.
2487 2002 2563 2072 5;;
2592 2000 2704 2054 illic
2726 1999 2872 2052 enim
2895 1998 2949 2052 in
2974 2011 3070 2051 eos
3092 2002 3305 2051 servata
3321 1991 3569 2047 animad-

1973 2101 2155 2156 versio
2171 2106 2274 2154 est.
2293 2097 2474 2165 Quare
2488 2112 2554 2150 ne
2572 2101 2758 2164 putate
2773 2091 2866 2148 Dei
2884 2088 3188 2147 sententias
3204 2088 3381 2143 solum
3405 2086 3570 2140 verba

1974 2207 2097 2247 esse
2119 2199 2283 2260 atque
2311 2202 2475 2244 voces
2494 2203 2508 2252 ;
2530 2201 2653 2240 nam
2671 2199 2789 2239 eam
2810 2186 2880 2238 ob
2901 2195 3014 2237 rem
3038 2195 3104 2234 ex
3131 2178 3200 2233 iis
3221 2176 3484 2249 quasdam
3510 2175 3564 2230 in

1974 2295 2112 2349 opus
2136 2278 2347 2342 eduxit,
2369 2275 2504 2331 utin
2525 2273 2794 2343 Sappbira
2822 2270 2964 2343 (Act.
2987 2270 3037 2338 Ei)
3070 2266 3292 2321 Charmi
3328 2263 3465 2337 (los.
3482 2264 3562 2335 7),

1974 2369 2450 2439 Aarone,a|iisque
2462 2367 2647 2421 multis
2665 2363 3000 2437 (Num.3),nt
3018 2360 3111 2431 qui
3132 2359 3251 2428 ejus
3266 2358 3445 2412 verbis
3469 2370 3577 2410 non

1976 2462 2229 2525 credunt,
2248 2474 2431 2516 rerum
2453 2457 2870 2515 conﬁrmatione
2891 2454 3139 2511 deterriti
3182 2452 3452 2508 desistant
3475 2450 3577 2505 sibi

1964 2553 2072 2627 ipsi
2098 2556 2377 2625 imponere
2392 2552 2538 2607 velut
2554 2566 2742 2621 pmnas
2757 2564 2864 2605 non
2877 2548 3082 2610 daturi,
3099 2556 3151 2601 et
3167 2545 3471 2613 intelligant
3487 2541 3581 2596 Dei

1977 2646 2372 2717 benignitatem
2389 2659 2454 2700 eo
2462 2644 2819 2713 pertinere,ut
2833 2637 3116 2694 sceleratis
3133 2637 3370 2705 spatium
3389 2634 3578 2694 donet,

1978 2753 2086 2793 non
2117 2746 2176 2793 ut
2195 2738 2417 2792 omnino
2437 2749 2544 2790 non
2575 2733 2808 2789 vindicet
2833 2732 2887 2787 in
2912 2746 3006 2787 eos
3030 2730 3120 2801 qui
3167 2729 3221 2784 in
3266 2728 3413 2784 vitiis
3449 2740 3577 2797 pera

1979 2837 2250 2887 maneant.
2289 2829 2539 2884 Poteram
2580 2826 2829 2897 equidem
2877 2833 2933 2881 et
2978 2823 3220 2896 pluribus
3267 2820 3575 2885 ostendere,

1980 2930 2236 2993 quantum
2266 2920 2368 2976 sibi
2395 2920 2571 2991 ignem
2594 2917 2934 2983 contrahant,
2962 2916 3052 2986 qui
3099 2915 3414 2985 virginitatis
3455 2913 3575 2967 lano

1980 3015 2103 3071 dem
2148 3013 2298 3068 nihili
2343 3012 2569 3074 faciant;
2613 3010 2705 3065 sed
2736 3018 2790 3065 et
2811 3008 2957 3065 sanis
3001 3006 3116 3062 haec
3153 3005 3444 3069 sufﬁciunt,
3481 3018 3573 3059 reo

1983 3108 2150 3163 belles
2174 3116 2229 3162 et
2256 3107 2472 3161 insanos
2495 3118 2596 3160 nec
2616 3103 2784 3158 multo
2810 3102 2873 3159 iis
2896 3101 3048 3172 plura
3077 3100 3144 3155 ab
3166 3098 3369 3154 insania
3397 3105 3572 3153 retra-

1983 3202 2130 3257 hant.
2163 3200 2346 3272 Itaque
2388 3214 2452 3256 ea
2480 3198 2841 3269 disputatione
2883 3194 3302 3268 supersedentes
3326 3192 3393 3248 ad
3418 3206 3580 3248 sanos

1982 3308 2287 3351 sermonem
2336 3306 2551 3347 omnem
2604 3299 3001 3353 convertamus,
3047 3287 3241 3342 iterum
3269 3284 3336 3340 ad
3363 3284 3575 3340 beatum

1984 3387 2205 3444 Paulum
2218 3384 2442 3441 reversi.
2461 3383 2538 3439 De
2557 3382 2735 3456 quibus
2751 3391 2920 3436 autem
2938 3379 3060 3434 mihi
3082 3378 3373 3445 scripsistis,
3388 3376 3580 3447 inquit,

1983 3480 2170 3534 bonum
2191 3487 2263 3533 est
2288 3476 2479 3532 homini
2507 3476 2767 3530 mulierem
2808 3488 2910 3527 non
2942 3480 3145 3542 tangere
3175 3467 3393 3537 (LCor.
3423 3466 3477 3524 7.
3502 3469 3583 3534 Ι).

1984 3571 2189 3627 Pudeat
2228 3583 2368 3623 nunc
2412 3575 2690 3637 utrosque,
2718 3573 2774 3620 et
2799 3563 2891 3632 qui
2934 3560 3333 3618 matrimonium
3382 3559 3586 3633 impro-

1989 3670 2135 3729 oant,
2165 3669 2219 3717 et
2243 3660 2333 3733 qui
2362 3659 2483 3730 plus
2505 3672 2658 3728 teque
2682 3654 2984 3722 extollunt;
3016 3652 3257 3725 utrisque
3286 3667 3429 3709 enim
3455 3651 3586 3706 bea-

1986 3764 2073 3809 tus
2097 3753 2292 3809 Paulus
2328 3766 2450 3807 cum
2486 3749 2572 3806 his
2600 3748 2800 3818 verbis,
2834 3757 2942 3804 tum
2975 3747 3039 3802 iis
3079 3762 3199 3819 quae
3245 3759 3588 3816 consequun-

1990 3852 2094 3907 tur.
2127 3844 2399 3899 silentium
2428 3842 2675 3911 imponit.

2059 3935 2227 3992 XXV.
2249 3933 2479 4004 Iit/irmis
2505 3929 2839 3987 necessarium
2858 3945 2965 3985 esse
2985 3927 3380 3983 matrimonium.
3397 3955 3468 3966 —
3485 3925 3588 3981 Bo-

1989 4044 2117 4085 num
2142 4034 2229 4084 est
2243 4025 2680 4091 matrimonium;
2707 4023 2906 4094 quippe
2934 4020 3076 4092 quod
3104 4028 3159 4075 et
3187 4018 3360 4075 virum
3388 4019 3586 4074 retinet

1988 4121 2045 4176 in
2070 4118 2251 4175 ofﬁcio
2280 4116 2649 4189 temperantiae
2666 4157 2681 4182 ,
2702 4130 2877 4184 neque
2900 4113 2951 4168 in
2975 4112 3224 4167 libidines
3243 4111 3582 4182 provolutum

1988 4213 2211 4270 interire
2235 4212 2381 4269 sinit.
2403 4211 2581 4279 Quare
2617 4224 2688 4266 ne
2712 4208 2763 4263 id
2794 4220 3019 4272 accusa;
3044 4205 3204 4261 habet
3225 4205 3370 4261 enim
3392 4205 3581 4276 ingens

1991 4304 2337 4362 commodum
2354 4344 2370 4369 ,
2395 4302 2596 4359 Christi
2619 4301 2860 4357 membra
2887 4299 3055 4355 scorti
3078 4297 3318 4353 membra
3345 4297 3456 4353 ﬁeri
3481 4313 3587 4351 non

1991 4396 2309 4468 permittens
2333 4436 2347 4458 .
2378 4408 2482 4451 nec
2528 4407 2740 4449 sacrum
2773 4391 3027 4462 templum
3071 4389 3343 4461 protanari
3393 4397 3447 4444 et
3483 4388 3587 4444 int.

1994 4504 2188 4561 purum
2241 4487 2355 4543 ﬁeri
2414 4483 2636 4558 (LCer.
2671 4483 2725 4540 6.
2759 4483 2887 4555 15).
2931 4483 3136 4538 Bonum
3190 4491 3294 4548 est,
3346 4481 3587 4552 inquam,

1992 4583 2245 4654 quoniam
2289 4580 2576 4637 habentem
2618 4580 2847 4635 sus1inet
2881 4586 3042 4649 atque
3088 4577 3267 4648 erigit.
3311 4573 3416 4631 Sed
3464 4572 3588 4646 quid

1994 4676 2096 4731 hoc
2119 4674 2312 4730 attinet
2356 4672 2421 4727 ad
2448 4687 2570 4726 eum
2600 4670 2693 4743 qui
2736 4680 2875 4736 stat,
2905 4679 2961 4724 et
2984 4670 3072 4740 qui
3109 4668 3224 4740 ejus
3269 4681 3427 4737 Opem
3478 4680 3585 4723 non

1993 4768 2305 4825 desiderat?
2327 4766 2460 4822 Nam
2490 4765 2579 4822 hic
2600 4781 2699 4821 nec
2721 4766 2851 4821 utile
2871 4808 2886 4832 ,
2920 4780 3019 4820 nec
3057 4764 3420 4821 necessarium
3468 4770 3551 4818 est
3574 4802 3589 4826 ,

1995 4860 2087 4917 sed
2126 4859 2193 4915 ad
2236 4860 2489 4915 virtutem
2535 4862 2697 4915 etiam
2756 4857 3230 4929 impedimentum,
3265 4870 3370 4912 non
3417 4854 3592 4911 sciunt

1995 4952 2137 5024 quod
2176 4951 2372 5008 multos
2398 4950 2635 5022 przebeat
2671 4951 2854 5006 obices
2877 4989 2893 5016 ,
2924 4948 3018 5006 sed
3045 4949 3204 5005 etiam
3248 4946 3393 5020 quod
3419 4944 3593 5019 majo-

1998 5064 2110 5104 rem
2142 5057 2343 5116 partem
2373 5045 2545 5099 laudis
2569 5045 2838 5099 detrahat.

2070 5140 2261 5195 XXVI.
2309 5138 2409 5205 Qui
2463 5138 2604 5209 virgo
2674 5151 2823 5207 agere
2872 5145 3029 5206 possit
3094 5149 3156 5187 ac
3221 5129 3599 5186 matrimonium

1997 5234 2298 5298 contrahat,
2321 5246 2575 5285 sumntum
2617 5227 2712 5284 sibi
2761 5228 3004 5282 damnum
3050 5227 3236 5299 facere.
3268 5255 3339 5266 --
3377 5219 3588 5281 Etenim

1997 5328 2087 5399 qui
2116 5326 2279 5381 armis
2301 5340 2424 5380 eum
2467 5323 2720 5390 instruit,
2748 5322 2837 5395 qui
2865 5319 3040 5376 nudus
3073 5327 3309 5390 pugnare
3335 5324 3515 5390 potest
3542 5327 3597 5370 et

1997 5420 2249 5485 vincere,
2278 5416 2413 5474 adeo
2453 5431 2562 5472 non
2589 5415 2777 5485 juvat,
2810 5422 2869 5469 ut
2904 5418 3141 5466 extrema
3188 5410 3349 5465 etiam
3396 5407 3599 5465 aﬂlciat

1999 5511 2228 5582 injuria,
2256 5508 2606 5564 admiratione
2654 5519 2776 5561 eum
2807 5511 2863 5561 et
2905 5503 3096 5560 illustri
3138 5516 3337 5558 corona
3383 5500 3596 5558 defrau-

2011 5602 2167 5657 dans.
2223 5599 2358 5656 Nam
2408 5613 2509 5655 nec
2555 5597 2793 5653 hominis
2830 5595 3080 5649 virtutem
3138 5608 3353 5649 omnem
3401 5591 3600 5663 patitur

2065 5695 2080 5725 ¹
2092 5700 2221 5757 oua:
2243 5693 2517 5757 sequuntur
2533 5702 2562 5739 a
2577 5701 2717 5757 voce,
2733 5686 2977 5757 quoniam,
2995 5699 3117 5757 usqu
3122 5697 3156 5757 _e
3170 5684 3249 5757 ad,
3276 5681 3415 5757 multi
3433 5695 3598 5757 sacer-

1998 5745 2205 5872 ldetzitim,
2227 5745 2409 5805 desiuit
2426 5751 2477 5804 in
2499 5749 2664 5802 Morel.
2680 5745 2733 5802 et
2751 5750 2975 5810 Flauum,
3003 5745 3092 5799 sed
3115 5750 3166 5799 in
3199 5755 3315 5812 neg.
3343 5755 3396 5799 et
3428 5745 3601 5798 suillo

2044 5850 2047 5855 μ
2088 5828 2250 5867 unur.

2309 5874 2381 5927 sic
2403 5870 2606 5941 legitur,
2626 5880 2681 5927 L't
2703 5874 2754 5927 in
2770 5871 3027 5939 sapphira,
3047 5873 3097 5925 in
3116 5874 3217 5926 t't'ro
3234 5871 3356 5937 ejus,
3381 5870 3595 5923 Charm.
