  <div class='ocr_page' id='page_1' title='image "/cluster/home/n/w/nwhite01/storage/ocr_20150623/48:no.1:pt.2/coo.31924054869478/031.png"; bbox 0 0 4020 6418; ppageno 0'>
   <div class='ocr_carea' id='block_1_1' title="bbox 372 432 465 486">
    <p class='ocr_par' dir='ltr' id='par_1_1' title="bbox 372 432 465 486">
     <span class='ocr_line' id='line_1_1' title="bbox 372 432 465 486; baseline -0.011 0"><span class='ocrx_word' id='word_1_1' title='bbox 372 432 465 486; x_wconf 62' lang='grc'><strong>1531</strong></span> 
     </span>
    </p>
   </div>
   <div class='ocr_carea' id='block_1_2' title="bbox 370 529 1945 611">
    <p class='ocr_par' dir='ltr' id='par_1_2' title="bbox 370 529 1945 611">
     <span class='ocr_line' id='line_1_2' title="bbox 370 529 1945 611; baseline -0.011 -12"><span class='ocrx_word' id='word_1_2' title='bbox 370 548 578 599; x_wconf 87' lang='lat' dir='ltr'><strong>elucere</strong></span> <span class='ocrx_word' id='word_1_3' title='bbox 598 586 612 610; x_wconf 92' lang='lat'><strong>,</strong></span> <span class='ocrx_word' id='word_1_4' title='bbox 637 558 734 598; x_wconf 89' lang='lat' dir='ltr'><strong>nec</strong></span> <span class='ocrx_word' id='word_1_5' title='bbox 765 543 879 611; x_wconf 84' lang='lat' dir='ltr'><strong>ejus</strong></span> <span class='ocrx_word' id='word_1_6' title='bbox 901 551 1163 609; x_wconf 73' lang='lat' dir='ltr'><strong>tropmum</strong></span> <span class='ocrx_word' id='word_1_7' title='bbox 1191 535 1498 607; x_wconf 83' lang='lat' dir='ltr'><strong>pereclchre</strong></span> <span class='ocrx_word' id='word_1_8' title='bbox 1526 531 1695 586; x_wconf 87' lang='lat' dir='ltr'><strong>reddi.</strong></span> <span class='ocrx_word' id='word_1_9' title='bbox 1745 529 1801 584; x_wconf 85' lang='lat' dir='ltr'><strong>In</strong></span> <span class='ocrx_word' id='word_1_10' title='bbox 1831 544 1945 583; x_wconf 80' lang='lat' dir='ltr'><strong>ma-</strong></span> 
     </span>
    </p>
   </div>
   <div class='ocr_carea' id='block_1_3' title="bbox 370 624 1941 705">
    <p class='ocr_par' dir='ltr' id='par_1_3' title="bbox 370 624 1941 705">
     <span class='ocr_line' id='line_1_3' title="bbox 370 624 1941 705; baseline -0.01 -13"><span class='ocrx_word' id='word_1_11' title='bbox 370 637 622 692; x_wconf 85' lang='lat' dir='ltr'><strong>trimonio</strong></span> <span class='ocrx_word' id='word_1_12' title='bbox 650 650 779 690; x_wconf 86' lang='lat' dir='ltr'><strong>vero</strong></span> <span class='ocrx_word' id='word_1_13' title='bbox 800 634 1011 705; x_wconf 78' lang='lat' dir='ltr'><strong>gravior</strong></span> <span class='ocrx_word' id='word_1_14' title='bbox 1032 632 1192 687; x_wconf 82' lang='lat' dir='ltr'><strong>etiam</strong></span> <span class='ocrx_word' id='word_1_15' title='bbox 1213 630 1423 698; x_wconf 83' lang='lat' dir='ltr'><strong>jactura</strong></span> <span class='ocrx_word' id='word_1_16' title='bbox 1450 633 1532 681; x_wconf 86' lang='lat' dir='ltr'><strong>est</strong></span> <span class='ocrx_word' id='word_1_17' title='bbox 1555 641 1569 688; x_wconf 94' lang='lat'><strong>;</strong></span> <span class='ocrx_word' id='word_1_18' title='bbox 1601 639 1773 693; x_wconf 89' lang='lat' dir='ltr'><strong>neque</strong></span> <span class='ocrx_word' id='word_1_19' title='bbox 1799 624 1941 677; x_wconf 87' lang='lat' dir='ltr'><strong>enim</strong></span> 
     </span>
    </p>
   </div>
   <div class='ocr_carea' id='block_1_4' title="bbox 369 717 1946 795">
    <p class='ocr_par' dir='ltr' id='par_1_4' title="bbox 369 717 1946 795">
     <span class='ocr_line' id='line_1_4' title="bbox 369 717 1946 795; baseline -0.01 -12"><span class='ocrx_word' id='word_1_20' title='bbox 369 730 541 783; x_wconf 87' lang='lat' dir='ltr'><strong>solum</strong></span> <span class='ocrx_word' id='word_1_21' title='bbox 570 728 709 795; x_wconf 80' lang='lat' dir='ltr'><strong>vulgi</strong></span> <span class='ocrx_word' id='word_1_22' title='bbox 739 724 1199 779; x_wconf 68' lang='lat' dir='ltr'><strong>commendatione</strong></span> <span class='ocrx_word' id='word_1_23' title='bbox 1220 762 1232 783; x_wconf 93' lang='lat'><strong>,</strong></span> <span class='ocrx_word' id='word_1_24' title='bbox 1263 719 1357 774; x_wconf 88' lang='lat' dir='ltr'><strong>sed</strong></span> <span class='ocrx_word' id='word_1_25' title='bbox 1388 717 1616 788; x_wconf 66' lang='lat' dir='ltr'><strong>prsemiis</strong></span> <span class='ocrx_word' id='word_1_26' title='bbox 1641 717 1802 769; x_wconf 86' lang='lat' dir='ltr'><strong>etiam</strong></span> <span class='ocrx_word' id='word_1_27' title='bbox 1840 717 1946 768; x_wconf 83' lang='lat' dir='ltr'><strong>vir-</strong></span> 
     </span>
    </p>
   </div>
   <div class='ocr_carea' id='block_1_5' title="bbox 366 804 1940 889">
    <p class='ocr_par' dir='ltr' id='par_1_5' title="bbox 366 804 1940 889">
     <span class='ocr_line' id='line_1_5' title="bbox 366 804 1940 889; baseline -0.01 -18"><span class='ocrx_word' id='word_1_28' title='bbox 366 820 476 889; x_wconf 89' lang='lat' dir='ltr'><strong>gini</strong></span> <span class='ocrx_word' id='word_1_29' title='bbox 504 818 752 887; x_wconf 88' lang='lat' dir='ltr'><strong>repositis</strong></span> <span class='ocrx_word' id='word_1_30' title='bbox 777 818 963 886; x_wconf 87' lang='lat' dir='ltr'><strong>privat.</strong></span> <span class='ocrx_word' id='word_1_31' title='bbox 987 814 1283 883; x_wconf 88' lang='lat' dir='ltr'><strong>Eapropter</strong></span> <span class='ocrx_word' id='word_1_32' title='bbox 1308 810 1503 864; x_wconf 88' lang='lat' dir='ltr'><strong>bonum</strong></span> <span class='ocrx_word' id='word_1_33' title='bbox 1551 816 1693 862; x_wconf 86' lang='lat' dir='ltr'><strong>esset</strong></span> <span class='ocrx_word' id='word_1_34' title='bbox 1739 804 1940 858; x_wconf 78' lang='lat' dir='ltr'><strong>homini</strong></span> 
     </span>
    </p>
   </div>
   <div class='ocr_carea' id='block_1_6' title="bbox 369 896 1945 976">
    <p class='ocr_par' dir='ltr' id='par_1_6' title="bbox 369 896 1945 976">
     <span class='ocr_line' id='line_1_6' title="bbox 369 896 1945 976; baseline -0.01 -12"><span class='ocrx_word' id='word_1_35' title='bbox 369 910 647 964; x_wconf 88' lang='lat' dir='ltr'><strong>mulierem</strong></span> <span class='ocrx_word' id='word_1_36' title='bbox 680 924 783 963; x_wconf 90' lang='lat' dir='ltr'><strong>non</strong></span> <span class='ocrx_word' id='word_1_37' title='bbox 817 919 1049 976; x_wconf 86' lang='lat' dir='ltr'><strong>tangere.</strong></span> <span class='ocrx_word' id='word_1_38' title='bbox 1077 904 1185 960; x_wconf 77' lang='lat' dir='ltr'><strong>Cur</strong></span> <span class='ocrx_word' id='word_1_39' title='bbox 1208 904 1366 971; x_wconf 85' lang='lat' dir='ltr'><strong>igitur</strong></span> <span class='ocrx_word' id='word_1_40' title='bbox 1397 909 1613 969; x_wconf 84' lang='lat' dir='ltr'><strong>tangere</strong></span> <span class='ocrx_word' id='word_1_41' title='bbox 1645 896 1945 966; x_wconf 80' lang='lat' dir='ltr'><strong>permittis?</strong></span> 
     </span>
    </p>
   </div>
   <div class='ocr_carea' id='block_1_7' title="bbox 282 988 1944 1068">
    <p class='ocr_par' dir='ltr' id='par_1_7' title="bbox 282 988 1944 1068">
     <span class='ocr_line' id='line_1_7' title="bbox 282 988 1944 1068; baseline -0.011 -8"><span class='ocrx_word' id='word_1_42' title='bbox 282 1053 291 1060; x_wconf 86' lang='lat'><strong>.</strong></span> <span class='ocrx_word' id='word_1_43' title='bbox 368 1000 596 1068; x_wconf 91' lang='lat' dir='ltr'><strong>Propter</strong></span> <span class='ocrx_word' id='word_1_44' title='bbox 622 999 1021 1055; x_wconf 77' lang='lat' dir='ltr'><strong>fornicationem</strong></span> <span class='ocrx_word' id='word_1_45' title='bbox 1043 1038 1057 1061; x_wconf 93' lang='lat'><strong>,</strong></span> <span class='ocrx_word' id='word_1_46' title='bbox 1089 995 1278 1063; x_wconf 77' lang='lat' dir='ltr'><strong>inquit.</strong></span> <span class='ocrx_word' id='word_1_47' title='bbox 1308 992 1509 1047; x_wconf 85' lang='lat' dir='ltr'><strong>Vereor</strong></span> <span class='ocrx_word' id='word_1_48' title='bbox 1544 998 1595 1046; x_wconf 93' lang='lat' dir='ltr'><strong>te</strong></span> <span class='ocrx_word' id='word_1_49' title='bbox 1625 990 1691 1044; x_wconf 90' lang='lat' dir='ltr'><strong>ad</strong></span> <span class='ocrx_word' id='word_1_50' title='bbox 1720 988 1944 1057; x_wconf 85' lang='lat' dir='ltr'><strong>virgini-</strong></span> 
     </span>
    </p>
   </div>
   <div class='ocr_carea' id='block_1_8' title="bbox 367 1081 1944 1157">
    <p class='ocr_par' dir='ltr' id='par_1_8' title="bbox 367 1081 1944 1157">
     <span class='ocr_line' id='line_1_8' title="bbox 367 1081 1944 1157; baseline -0.006 -13"><span class='ocrx_word' id='word_1_51' title='bbox 367 1091 490 1144; x_wconf 85' lang='lat' dir='ltr'><strong>tatis</strong></span> <span class='ocrx_word' id='word_1_52' title='bbox 530 1089 796 1157; x_wconf 64' lang='lat' dir='ltr'><strong>ﬁtsligium</strong></span> <span class='ocrx_word' id='word_1_53' title='bbox 835 1089 1138 1150; x_wconf 78' lang='lat' dir='ltr'><strong>suswl-lcre,</strong></span> <span class='ocrx_word' id='word_1_54' title='bbox 1168 1100 1235 1140; x_wconf 90' lang='lat' dir='ltr'><strong>ne</strong></span> <span class='ocrx_word' id='word_1_55' title='bbox 1284 1085 1335 1139; x_wconf 93' lang='lat' dir='ltr'><strong>in</strong></span> <span class='ocrx_word' id='word_1_56' title='bbox 1383 1083 1749 1137; x_wconf 88' lang='lat' dir='ltr'><strong>fornicationis</strong></span> <span class='ocrx_word' id='word_1_57' title='bbox 1783 1081 1944 1135; x_wconf 79' lang='lat' dir='ltr'><strong>bara-</strong></span> 
     </span>
    </p>
   </div>
   <div class='ocr_carea' id='block_1_9' title="bbox 367 1172 1947 1247">
    <p class='ocr_par' dir='ltr' id='par_1_9' title="bbox 367 1172 1947 1247">
     <span class='ocr_line' id='line_1_9' title="bbox 367 1172 1947 1247; baseline -0.005 -12"><span class='ocrx_word' id='word_1_58' title='bbox 367 1184 543 1237; x_wconf 91' lang='lat' dir='ltr'><strong>thrum</strong></span> <span class='ocrx_word' id='word_1_59' title='bbox 575 1182 806 1237; x_wconf 80' lang='lat' dir='ltr'><strong>decidas.</strong></span> <span class='ocrx_word' id='word_1_60' title='bbox 836 1181 1081 1235; x_wconf 78' lang='lat' dir='ltr'><strong>Nondum</strong></span> <span class='ocrx_word' id='word_1_61' title='bbox 1116 1195 1177 1234; x_wconf 91' lang='lat' dir='ltr'><strong>ea</strong></span> <span class='ocrx_word' id='word_1_62' title='bbox 1200 1192 1499 1247; x_wconf 86' lang='lat' dir='ltr'><strong>pennarum</strong></span> <span class='ocrx_word' id='word_1_63' title='bbox 1524 1176 1734 1230; x_wconf 88' lang='lat' dir='ltr'><strong>levitate</strong></span> <span class='ocrx_word' id='word_1_64' title='bbox 1756 1172 1947 1243; x_wconf 60' lang='lat' dir='ltr'><strong>przedio</strong></span> 
     </span>
    </p>
   </div>
   <div class='ocr_carea' id='block_1_10' title="bbox 367 1264 1943 1337">
    <p class='ocr_par' dir='ltr' id='par_1_10' title="bbox 367 1264 1943 1337">
     <span class='ocr_line' id='line_1_10' title="bbox 367 1264 1943 1337; baseline -0.008 -8"><span class='ocrx_word' id='word_1_65' title='bbox 367 1286 447 1329; x_wconf 81' lang='lat' dir='ltr'><strong>tus</strong></span> <span class='ocrx_word' id='word_1_66' title='bbox 474 1291 564 1337; x_wconf 85' lang='lat' dir='ltr'><strong>es,</strong></span> <span class='ocrx_word' id='word_1_67' title='bbox 592 1283 648 1329; x_wconf 92' lang='lat' dir='ltr'><strong>ut</strong></span> <span class='ocrx_word' id='word_1_68' title='bbox 685 1283 735 1328; x_wconf 85' lang='lat' dir='ltr'><strong>te</strong></span> <span class='ocrx_word' id='word_1_69' title='bbox 770 1272 836 1327; x_wconf 92' lang='lat' dir='ltr'><strong>ad</strong></span> <span class='ocrx_word' id='word_1_70' title='bbox 882 1272 932 1327; x_wconf 89' lang='lat' dir='ltr'><strong>id</strong></span> <span class='ocrx_word' id='word_1_71' title='bbox 960 1287 1216 1327; x_wconf 87' lang='lat' dir='ltr'><strong>cacumen</strong></span> <span class='ocrx_word' id='word_1_72' title='bbox 1259 1270 1451 1324; x_wconf 73' lang='lat' dir='ltr'><strong>efferre</strong></span> <span class='ocrx_word' id='word_1_73' title='bbox 1494 1267 1713 1336; x_wconf 85' lang='lat' dir='ltr'><strong>possim.</strong></span> <span class='ocrx_word' id='word_1_74' title='bbox 1742 1267 1809 1320; x_wconf 81' lang='lat' dir='ltr'><strong>At</strong></span> <span class='ocrx_word' id='word_1_75' title='bbox 1846 1264 1943 1333; x_wconf 90' lang='lat' dir='ltr'><strong>ipsi</strong></span> 
     </span>
    </p>
   </div>
   <div class='ocr_carea' id='block_1_11' title="bbox 363 1359 1943 1435">
    <p class='ocr_par' dir='ltr' id='par_1_11' title="bbox 363 1359 1943 1435">
     <span class='ocr_line' id='line_1_11' title="bbox 363 1359 1943 1435; baseline -0.006 -15"><span class='ocrx_word' id='word_1_76' title='bbox 363 1377 637 1421; x_wconf 79' lang='lat' dir='ltr'><strong>certamen</strong></span> <span class='ocrx_word' id='word_1_77' title='bbox 666 1366 1036 1435; x_wconf 85' lang='lat' dir='ltr'><strong>arripuerunt,</strong></span> <span class='ocrx_word' id='word_1_78' title='bbox 1078 1373 1239 1433; x_wconf 90' lang='lat' dir='ltr'><strong>atque</strong></span> <span class='ocrx_word' id='word_1_79' title='bbox 1278 1362 1343 1417; x_wconf 88' lang='lat' dir='ltr'><strong>ad</strong></span> <span class='ocrx_word' id='word_1_80' title='bbox 1371 1361 1686 1429; x_wconf 78' lang='lat' dir='ltr'><strong>virginitatis</strong></span> <span class='ocrx_word' id='word_1_81' title='bbox 1733 1359 1943 1411; x_wconf 89' lang='lat' dir='ltr'><strong>laudem</strong></span> 
     </span>
    </p>
   </div>
   <div class='ocr_carea' id='block_1_12' title="bbox 366 1449 1947 1531">
    <p class='ocr_par' dir='ltr' id='par_1_12' title="bbox 366 1449 1947 1531">
     <span class='ocr_line' id='line_1_12' title="bbox 366 1449 1947 1531; baseline -0.004 -23"><span class='ocrx_word' id='word_1_82' title='bbox 366 1458 727 1526; x_wconf 63' lang='grc' dir='ltr'><strong>πινοδὶιὶθιυιιηι.</strong></span> <span class='ocrx_word' id='word_1_83' title='bbox 777 1455 913 1531; x_wconf 82' lang='lat' dir='ltr'><strong>Quid</strong></span> <span class='ocrx_word' id='word_1_84' title='bbox 948 1456 1106 1525; x_wconf 83' lang='lat' dir='ltr'><strong>igitur</strong></span> <span class='ocrx_word' id='word_1_85' title='bbox 1145 1453 1406 1523; x_wconf 87' lang='lat' dir='ltr'><strong>trepidas,</strong></span> <span class='ocrx_word' id='word_1_86' title='bbox 1449 1452 1603 1507; x_wconf 89' lang='lat' dir='ltr'><strong>beate</strong></span> <span class='ocrx_word' id='word_1_87' title='bbox 1642 1449 1834 1515; x_wconf 87' lang='lat' dir='ltr'><strong>Paule,</strong></span> <span class='ocrx_word' id='word_1_88' title='bbox 1884 1463 1947 1503; x_wconf 86' lang='lat' dir='ltr'><strong>ac</strong></span> 
     </span>
    </p>
   </div>
   <div class='ocr_carea' id='block_1_13' title="bbox 368 1541 1945 1615">
    <p class='ocr_par' dir='ltr' id='par_1_13' title="bbox 368 1541 1945 1615">
     <span class='ocr_line' id='line_1_13' title="bbox 368 1541 1945 1615; baseline -0.004 -15"><span class='ocrx_word' id='word_1_89' title='bbox 368 1548 661 1602; x_wconf 81' lang='lat' dir='ltr'><strong>formidas?</strong></span> <span class='ocrx_word' id='word_1_90' title='bbox 691 1547 838 1615; x_wconf 88' lang='lat' dir='ltr'><strong>Quod</strong></span> <span class='ocrx_word' id='word_1_91' title='bbox 864 1546 917 1600; x_wconf 82' lang='lat' dir='ltr'><strong>hi</strong></span> <span class='ocrx_word' id='word_1_92' title='bbox 951 1546 1179 1600; x_wconf 84' lang='lat' dir='ltr'><strong>fortasse</strong></span> <span class='ocrx_word' id='word_1_93' title='bbox 1207 1561 1317 1599; x_wconf 91' lang='lat' dir='ltr'><strong>rem</strong></span> <span class='ocrx_word' id='word_1_94' title='bbox 1348 1545 1653 1614; x_wconf 77' lang='lat' dir='ltr'><strong>ignorantes</strong></span> <span class='ocrx_word' id='word_1_95' title='bbox 1682 1541 1782 1597; x_wconf 88' lang='lat' dir='ltr'><strong>hac</strong></span> <span class='ocrx_word' id='word_1_96' title='bbox 1830 1542 1945 1594; x_wconf 88' lang='lat' dir='ltr'><strong>ala-</strong></span> 
     </span>
    </p>
   </div>
   <div class='ocr_carea' id='block_1_14' title="bbox 365 1632 1942 1705">
    <p class='ocr_par' dir='ltr' id='par_1_14' title="bbox 365 1632 1942 1705">
     <span class='ocr_line' id='line_1_14' title="bbox 365 1632 1942 1705; baseline -0.003 -14"><span class='ocrx_word' id='word_1_97' title='bbox 365 1639 552 1693; x_wconf 86' lang='lat' dir='ltr'><strong>critate</strong></span> <span class='ocrx_word' id='word_1_98' title='bbox 581 1639 717 1703; x_wconf 80' lang='lat' dir='ltr'><strong>sint;</strong></span> <span class='ocrx_word' id='word_1_99' title='bbox 747 1653 831 1693; x_wconf 88' lang='lat' dir='ltr'><strong>me</strong></span> <span class='ocrx_word' id='word_1_100' title='bbox 860 1652 986 1692; x_wconf 89' lang='lat' dir='ltr'><strong>usus</strong></span> <span class='ocrx_word' id='word_1_101' title='bbox 1011 1652 1073 1691; x_wconf 87' lang='lat' dir='ltr'><strong>ac</strong></span> <span class='ocrx_word' id='word_1_102' title='bbox 1098 1636 1408 1705; x_wconf 82' lang='lat' dir='ltr'><strong>periclitatio</strong></span> <span class='ocrx_word' id='word_1_103' title='bbox 1428 1634 1544 1705; x_wconf 85' lang='lat' dir='ltr'><strong>ejus</strong></span> <span class='ocrx_word' id='word_1_104' title='bbox 1570 1649 1759 1703; x_wconf 74' lang='lat' dir='ltr'><strong>pugna:</strong></span> <span class='ocrx_word' id='word_1_105' title='bbox 1782 1632 1942 1688; x_wconf 78' lang='lat' dir='ltr'><strong>etiam</strong></span> 
     </span>
    </p>
   </div>
   <div class='ocr_carea' id='block_1_15' title="bbox 367 1724 1657 1783">
    <p class='ocr_par' dir='ltr' id='par_1_15' title="bbox 367 1724 1657 1783">
     <span class='ocr_line' id='line_1_15' title="bbox 367 1724 1657 1783; baseline -0.005 -1"><span class='ocrx_word' id='word_1_106' title='bbox 367 1729 432 1782; x_wconf 87' lang='lat' dir='ltr'><strong>ad</strong></span> <span class='ocrx_word' id='word_1_107' title='bbox 464 1728 673 1783; x_wconf 59' lang='lat' dir='ltr'><strong>cauet-is</strong></span> <span class='ocrx_word' id='word_1_108' title='bbox 700 1726 1083 1782; x_wconf 78' lang='lat' dir='ltr'><strong>consulendum</strong></span> <span class='ocrx_word' id='word_1_109' title='bbox 1114 1725 1434 1780; x_wconf 81' lang='lat' dir='ltr'><strong>timidiorem</strong></span> <span class='ocrx_word' id='word_1_110' title='bbox 1462 1724 1657 1780; x_wconf 89' lang='lat' dir='ltr'><strong>reddit.</strong></span> 
     </span>
    </p>
   </div>
   <div class='ocr_carea' id='block_1_16' title="bbox 438 1818 1949 1889">
    <p class='ocr_par' dir='ltr' id='par_1_16' title="bbox 438 1818 1949 1889">
     <span class='ocr_line' id='line_1_16' title="bbox 438 1818 1949 1889; baseline -0.005 -14"><span class='ocrx_word' id='word_1_111' title='bbox 438 1822 649 1875; x_wconf 71' lang='lat' dir='ltr'><strong>XXVII.</strong></span> <span class='ocrx_word' id='word_1_112' title='bbox 702 1820 947 1889; x_wconf 75' lang='lat' dir='ltr'><strong>Magnum</strong></span> <span class='ocrx_word' id='word_1_113' title='bbox 1007 1836 1112 1874; x_wconf 81' lang='lat' dir='ltr'><strong>esse</strong></span> <span class='ocrx_word' id='word_1_114' title='bbox 1154 1818 1489 1887; x_wconf 73' lang='lat' dir='ltr'><strong>virginitatem</strong></span> <span class='ocrx_word' id='word_1_115' title='bbox 1535 1826 1582 1869; x_wconf 87' lang='lat' dir='ltr'><strong>et</strong></span> <span class='ocrx_word' id='word_1_116' title='bbox 1651 1831 1949 1886; x_wconf 73' lang='lat' dir='ltr'><strong>magnorum</strong></span> 
     </span>
    </p>
   </div>
   <div class='ocr_carea' id='block_1_17' title="bbox 365 1908 1943 1969">
    <p class='ocr_par' dir='ltr' id='par_1_17' title="bbox 365 1908 1943 1969">
     <span class='ocr_line' id='line_1_17' title="bbox 365 1908 1943 1969; baseline -0.006 -2"><span class='ocrx_word' id='word_1_117' title='bbox 365 1914 756 1968; x_wconf 70' lang='lat' dir='ltr'><strong>conciliati-ieeur</strong></span> <span class='ocrx_word' id='word_1_118' title='bbox 795 1913 1056 1965; x_wconf 86' lang='lat' dir='ltr'><strong>bonorum.</strong></span> <span class='ocrx_word' id='word_1_119' title='bbox 1095 1938 1167 1951; x_wconf 88' lang='lat'><strong>-—</strong></span> <span class='ocrx_word' id='word_1_120' title='bbox 1205 1908 1338 1963; x_wconf 76' lang='lat' dir='ltr'><strong>Novi</strong></span> <span class='ocrx_word' id='word_1_121' title='bbox 1386 1908 1463 1963; x_wconf 88' lang='lat' dir='ltr'><strong>rei</strong></span> <span class='ocrx_word' id='word_1_122' title='bbox 1516 1908 1943 1969; x_wconf 82' lang='lat' dir='ltr'><strong>contentionem,</strong></span> 
     </span>
    </p>
   </div>
   <div class='ocr_carea' id='block_1_18' title="bbox 366 1997 1947 2072">
    <p class='ocr_par' dir='ltr' id='par_1_18' title="bbox 366 1997 1947 2072">
     <span class='ocr_line' id='line_1_18' title="bbox 366 1997 1947 2072; baseline -0.006 -10"><span class='ocrx_word' id='word_1_123' title='bbox 366 2008 486 2062; x_wconf 90' lang='lat' dir='ltr'><strong>novi</strong></span> <span class='ocrx_word' id='word_1_124' title='bbox 537 2006 893 2062; x_wconf 86' lang='lat' dir='ltr'><strong>certaminum</strong></span> <span class='ocrx_word' id='word_1_125' title='bbox 946 2001 1247 2072; x_wconf 86' lang='lat' dir='ltr'><strong>hujusmodi</strong></span> <span class='ocrx_word' id='word_1_126' title='bbox 1287 2001 1592 2055; x_wconf 78' lang='lat' dir='ltr'><strong>violentiam</strong></span> <span class='ocrx_word' id='word_1_127' title='bbox 1617 2040 1630 2063; x_wconf 93' lang='lat'><strong>,</strong></span> <span class='ocrx_word' id='word_1_128' title='bbox 1658 1998 1779 2053; x_wconf 89' lang='lat' dir='ltr'><strong>novi</strong></span> <span class='ocrx_word' id='word_1_129' title='bbox 1822 1997 1947 2053; x_wconf 85' lang='lat' dir='ltr'><strong>belli</strong></span> 
     </span>
    </p>
   </div>
   <div class='ocr_carea' id='block_1_19' title="bbox 364 2092 1948 2169">
    <p class='ocr_par' dir='ltr' id='par_1_19' title="bbox 364 2092 1948 2169">
     <span class='ocr_line' id='line_1_19' title="bbox 364 2092 1948 2169; baseline -0.004 -16"><span class='ocrx_word' id='word_1_130' title='bbox 364 2100 702 2169; x_wconf 73' lang='lat' dir='ltr'><strong>gravitatem.</strong></span> <span class='ocrx_word' id='word_1_131' title='bbox 753 2094 1031 2151; x_wconf 82' lang='lat' dir='ltr'><strong>Pcrvicaci-</strong></span> <span class='ocrx_word' id='word_1_132' title='bbox 1057 2093 1282 2164; x_wconf 89' lang='lat' dir='ltr'><strong>quodam</strong></span> <span class='ocrx_word' id='word_1_133' title='bbox 1321 2102 1376 2147; x_wconf 92' lang='lat' dir='ltr'><strong>et</strong></span> <span class='ocrx_word' id='word_1_134' title='bbox 1424 2092 1546 2147; x_wconf 90' lang='lat' dir='ltr'><strong>forti</strong></span> <span class='ocrx_word' id='word_1_135' title='bbox 1583 2093 1760 2145; x_wconf 87' lang='lat' dir='ltr'><strong>animo</strong></span> <span class='ocrx_word' id='word_1_136' title='bbox 1811 2107 1948 2161; x_wconf 89' lang='lat' dir='ltr'><strong>opus</strong></span> 
     </span>
    </p>
   </div>
   <div class='ocr_carea' id='block_1_20' title="bbox 365 2182 1946 2258">
    <p class='ocr_par' dir='ltr' id='par_1_20' title="bbox 365 2182 1946 2258">
     <span class='ocr_line' id='line_1_20' title="bbox 365 2182 1946 2258; baseline -0.004 -16"><span class='ocrx_word' id='word_1_137' title='bbox 365 2199 449 2243; x_wconf 88' lang='lat' dir='ltr'><strong>est</strong></span> <span class='ocrx_word' id='word_1_138' title='bbox 468 2230 481 2252; x_wconf 95' lang='lat'><strong>,</strong></span> <span class='ocrx_word' id='word_1_139' title='bbox 512 2197 669 2258; x_wconf 89' lang='lat' dir='ltr'><strong>atque</strong></span> <span class='ocrx_word' id='word_1_140' title='bbox 696 2203 725 2241; x_wconf 89' lang='lat' dir='ltr'><strong>a</strong></span> <span class='ocrx_word' id='word_1_141' title='bbox 753 2186 1027 2241; x_wconf 84' lang='lat' dir='ltr'><strong>libidinum</strong></span> <span class='ocrx_word' id='word_1_142' title='bbox 1057 2199 1215 2238; x_wconf 87' lang='lat' dir='ltr'><strong>sensu</strong></span> <span class='ocrx_word' id='word_1_143' title='bbox 1237 2198 1442 2239; x_wconf 89' lang='lat' dir='ltr'><strong>averso.</strong></span> <span class='ocrx_word' id='word_1_144' title='bbox 1470 2182 1599 2237; x_wconf 87' lang='lat' dir='ltr'><strong>Nam</strong></span> <span class='ocrx_word' id='word_1_145' title='bbox 1628 2199 1722 2252; x_wconf 82' lang='lat' dir='ltr'><strong>per</strong></span> <span class='ocrx_word' id='word_1_146' title='bbox 1754 2182 1946 2237; x_wconf 83' lang='lat' dir='ltr'><strong>carbo-</strong></span> 
     </span>
    </p>
   </div>
   <div class='ocr_carea' id='block_1_21' title="bbox 361 2270 1950 2346">
    <p class='ocr_par' dir='ltr' id='par_1_21' title="bbox 361 2270 1950 2346">
     <span class='ocr_line' id='line_1_21' title="bbox 361 2270 1950 2346; baseline -0.004 -13"><span class='ocrx_word' id='word_1_147' title='bbox 361 2295 457 2333; x_wconf 91' lang='lat' dir='ltr'><strong>ncs</strong></span> <span class='ocrx_word' id='word_1_148' title='bbox 481 2277 559 2331; x_wconf 86' lang='lat' dir='ltr'><strong>sic</strong></span> <span class='ocrx_word' id='word_1_149' title='bbox 577 2273 992 2346; x_wconf 79' lang='lat' dir='ltr'><strong>ingrediendum</strong></span> <span class='ocrx_word' id='word_1_150' title='bbox 1016 2281 1118 2331; x_wconf 79' lang='lat' dir='ltr'><strong>est,</strong></span> <span class='ocrx_word' id='word_1_151' title='bbox 1138 2278 1196 2325; x_wconf 90' lang='lat' dir='ltr'><strong>ut</strong></span> <span class='ocrx_word' id='word_1_152' title='bbox 1216 2286 1322 2325; x_wconf 90' lang='lat' dir='ltr'><strong>non</strong></span> <span class='ocrx_word' id='word_1_153' title='bbox 1356 2271 1535 2327; x_wconf 88' lang='lat' dir='ltr'><strong>uraris</strong></span> <span class='ocrx_word' id='word_1_154' title='bbox 1564 2270 1742 2341; x_wconf 76' lang='lat' dir='ltr'><strong>(Prov.</strong></span> <span class='ocrx_word' id='word_1_155' title='bbox 1759 2272 1812 2335; x_wconf 79' lang='lat'><strong>6,</strong></span> <span class='ocrx_word' id='word_1_156' title='bbox 1834 2272 1950 2341; x_wconf 67' lang='lat'><strong>28),</strong></span> 
     </span>
    </p>
   </div>
   <div class='ocr_carea' id='block_1_22' title="bbox 361 2363 1961 2438">
    <p class='ocr_par' dir='ltr' id='par_1_22' title="bbox 361 2363 1961 2438">
     <span class='ocr_line' id='line_1_22' title="bbox 361 2363 1961 2438; baseline -0.009 -12"><span class='ocrx_word' id='word_1_157' title='bbox 361 2380 418 2426; x_wconf 80' lang='lat' dir='ltr'><strong>et</strong></span> <span class='ocrx_word' id='word_1_158' title='bbox 465 2377 539 2424; x_wconf 84' lang='lat' dir='ltr'><strong>ita</strong></span> <span class='ocrx_word' id='word_1_159' title='bbox 585 2383 681 2438; x_wconf 86' lang='lat' dir='ltr'><strong>per</strong></span> <span class='ocrx_word' id='word_1_160' title='bbox 729 2381 1023 2421; x_wconf 81' lang='lat' dir='ltr'><strong>mucrones</strong></span> <span class='ocrx_word' id='word_1_161' title='bbox 1077 2363 1318 2417; x_wconf 80' lang='lat' dir='ltr'><strong>cundum</strong></span> <span class='ocrx_word' id='word_1_162' title='bbox 1364 2370 1467 2426; x_wconf 78' lang='grc' dir='ltr'><strong>,ιιι</strong></span> <span class='ocrx_word' id='word_1_163' title='bbox 1518 2380 1624 2416; x_wconf 87' lang='lat' dir='ltr'><strong>non</strong></span> <span class='ocrx_word' id='word_1_164' title='bbox 1681 2366 1961 2420; x_wconf 65' lang='grc' dir='ltr'><strong>ειιυοτενίε.</strong></span> 
     </span>
    </p>
   </div>
   <div class='ocr_carea' id='block_1_23' title="bbox 367 2456 1943 2528">
    <p class='ocr_par' dir='ltr' id='par_1_23' title="bbox 367 2456 1943 2528">
     <span class='ocr_line' id='line_1_23' title="bbox 367 2456 1943 2528; baseline -0.004 -11"><span class='ocrx_word' id='word_1_165' title='bbox 367 2463 441 2517; x_wconf 85' lang='lat' dir='ltr'><strong>Ea</strong></span> <span class='ocrx_word' id='word_1_166' title='bbox 464 2468 545 2514; x_wconf 79' lang='lat' dir='ltr'><strong>est</strong></span> <span class='ocrx_word' id='word_1_167' title='bbox 571 2459 713 2514; x_wconf 89' lang='lat' dir='ltr'><strong>enim</strong></span> <span class='ocrx_word' id='word_1_168' title='bbox 744 2459 974 2517; x_wconf 86' lang='lat' dir='ltr'><strong>libidinis</strong></span> <span class='ocrx_word' id='word_1_169' title='bbox 1001 2458 1114 2523; x_wconf 89' lang='lat' dir='ltr'><strong>vis,</strong></span> <span class='ocrx_word' id='word_1_170' title='bbox 1146 2472 1267 2528; x_wconf 67' lang='lat' dir='ltr'><strong>qua:</strong></span> <span class='ocrx_word' id='word_1_171' title='bbox 1292 2457 1427 2527; x_wconf 80' lang='lat' dir='ltr'><strong>ignis</strong></span> <span class='ocrx_word' id='word_1_172' title='bbox 1444 2465 1601 2528; x_wconf 88' lang='lat' dir='ltr'><strong>atque</strong></span> <span class='ocrx_word' id='word_1_173' title='bbox 1619 2457 1776 2521; x_wconf 80' lang='lat' dir='ltr'><strong>ferri;</strong></span> <span class='ocrx_word' id='word_1_174' title='bbox 1802 2456 1943 2527; x_wconf 82' lang='lat' dir='ltr'><strong>quod</strong></span> 
     </span>
    </p>
   </div>
   <div class='ocr_carea' id='block_1_24' title="bbox 361 2548 1944 2620">
    <p class='ocr_par' dir='ltr' id='par_1_24' title="bbox 361 2548 1944 2620">
     <span class='ocr_line' id='line_1_24' title="bbox 361 2548 1944 2620; baseline -0.001 -15"><span class='ocrx_word' id='word_1_175' title='bbox 361 2553 464 2606; x_wconf 81' lang='lat' dir='ltr'><strong>nisi</strong></span> <span class='ocrx_word' id='word_1_176' title='bbox 494 2552 704 2606; x_wconf 86' lang='lat' dir='ltr'><strong>animus</strong></span> <span class='ocrx_word' id='word_1_177' title='bbox 726 2551 795 2605; x_wconf 84' lang='lat' dir='ltr'><strong>ita</strong></span> <span class='ocrx_word' id='word_1_178' title='bbox 821 2559 1156 2620; x_wconf 88' lang='lat' dir='ltr'><strong>comparatus</strong></span> <span class='ocrx_word' id='word_1_179' title='bbox 1180 2549 1278 2616; x_wconf 91' lang='lat' dir='ltr'><strong>sit,</strong></span> <span class='ocrx_word' id='word_1_180' title='bbox 1301 2558 1361 2603; x_wconf 89' lang='lat' dir='ltr'><strong>ut</strong></span> <span class='ocrx_word' id='word_1_181' title='bbox 1384 2564 1481 2603; x_wconf 90' lang='lat' dir='ltr'><strong>nec</strong></span> <span class='ocrx_word' id='word_1_182' title='bbox 1500 2548 1569 2603; x_wconf 86' lang='lat' dir='ltr'><strong>ad</strong></span> <span class='ocrx_word' id='word_1_183' title='bbox 1592 2548 1704 2617; x_wconf 78' lang='lat' dir='ltr'><strong>ejus</strong></span> <span class='ocrx_word' id='word_1_184' title='bbox 1716 2549 1944 2603; x_wconf 79' lang='lat' dir='ltr'><strong>dolores</strong></span> 
     </span>
    </p>
   </div>
   <div class='ocr_carea' id='block_1_25' title="bbox 364 2639 1953 2712">
    <p class='ocr_par' dir='ltr' id='par_1_25' title="bbox 364 2639 1953 2712">
     <span class='ocr_line' id='line_1_25' title="bbox 364 2639 1953 2712; baseline -0.001 -17"><span class='ocrx_word' id='word_1_185' title='bbox 364 2652 659 2709; x_wconf 85' lang='lat' dir='ltr'><strong>moveatur,</strong></span> <span class='ocrx_word' id='word_1_186' title='bbox 708 2642 948 2712; x_wconf 86' lang='lat' dir='ltr'><strong>protinus</strong></span> <span class='ocrx_word' id='word_1_187' title='bbox 976 2657 1033 2696; x_wconf 91' lang='lat' dir='ltr'><strong>se</strong></span> <span class='ocrx_word' id='word_1_188' title='bbox 1068 2640 1270 2711; x_wconf 80' lang='lat' dir='ltr'><strong>perdet.</strong></span> <span class='ocrx_word' id='word_1_189' title='bbox 1304 2639 1483 2710; x_wconf 83' lang='lat' dir='ltr'><strong>Itaque</strong></span> <span class='ocrx_word' id='word_1_190' title='bbox 1519 2655 1654 2710; x_wconf 89' lang='lat' dir='ltr'><strong>opus</strong></span> <span class='ocrx_word' id='word_1_191' title='bbox 1682 2649 1765 2694; x_wconf 81' lang='lat' dir='ltr'><strong>est</strong></span> <span class='ocrx_word' id='word_1_192' title='bbox 1790 2639 1953 2694; x_wconf 80' lang='lat' dir='ltr'><strong>nobis</strong></span> 
     </span>
    </p>
   </div>
   <div class='ocr_carea' id='block_1_26' title="bbox 362 2732 1942 2798">
    <p class='ocr_par' dir='ltr' id='par_1_26' title="bbox 362 2732 1942 2798">
     <span class='ocr_line' id='line_1_26' title="bbox 362 2732 1942 2798; baseline -0.001 -11"><span class='ocrx_word' id='word_1_193' title='bbox 362 2734 705 2791; x_wconf 72' lang='lat' dir='ltr'><strong>adamantina</strong></span> <span class='ocrx_word' id='word_1_194' title='bbox 725 2743 924 2795; x_wconf 80' lang='lat' dir='ltr'><strong>mente,</strong></span> <span class='ocrx_word' id='word_1_195' title='bbox 953 2734 1107 2788; x_wconf 84' lang='lat' dir='ltr'><strong>oculo</strong></span> <span class='ocrx_word' id='word_1_196' title='bbox 1136 2733 1391 2797; x_wconf 88' lang='lat' dir='ltr'><strong>insomni,</strong></span> <span class='ocrx_word' id='word_1_197' title='bbox 1417 2732 1692 2787; x_wconf 80' lang='lat' dir='ltr'><strong>tolerantia</strong></span> <span class='ocrx_word' id='word_1_198' title='bbox 1714 2747 1942 2798; x_wconf 68' lang='lat' dir='ltr'><strong>stulam,</strong></span> 
     </span>
    </p>
   </div>
   <div class='ocr_carea' id='block_1_27' title="bbox 294 2822 1947 2894">
    <p class='ocr_par' dir='ltr' id='par_1_27' title="bbox 294 2822 1947 2894">
     <span class='ocr_line' id='line_1_27' title="bbox 294 2822 1947 2894; baseline -0.003 -13"><span class='ocrx_word' id='word_1_199' title='bbox 294 2822 299 2827; x_wconf 80' lang='grc'><em>’</em></span> <span class='ocrx_word' id='word_1_200' title='bbox 364 2828 534 2881; x_wconf 82' lang='lat' dir='ltr'><strong>muris</strong></span> <span class='ocrx_word' id='word_1_201' title='bbox 568 2827 767 2891; x_wconf 81' lang='lat' dir='ltr'><strong>firmis,</strong></span> <span class='ocrx_word' id='word_1_202' title='bbox 809 2825 1230 2881; x_wconf 82' lang='lat' dir='ltr'><strong>antemuralibus</strong></span> <span class='ocrx_word' id='word_1_203' title='bbox 1267 2840 1329 2880; x_wconf 89' lang='lat' dir='ltr'><strong>ac</strong></span> <span class='ocrx_word' id='word_1_204' title='bbox 1378 2824 1679 2894; x_wconf 75' lang='lat' dir='ltr'><strong>repagulis,</strong></span> <span class='ocrx_word' id='word_1_205' title='bbox 1710 2823 1947 2877; x_wconf 84' lang='lat' dir='ltr'><strong>custodi-</strong></span> 
     </span>
    </p>
   </div>
   <div class='ocr_carea' id='block_1_28' title="bbox 364 2916 1943 2987">
    <p class='ocr_par' dir='ltr' id='par_1_28' title="bbox 364 2916 1943 2987">
     <span class='ocr_line' id='line_1_28' title="bbox 364 2916 1943 2987; baseline -0.001 -16"><span class='ocrx_word' id='word_1_206' title='bbox 364 2920 461 2974; x_wconf 85' lang='lat' dir='ltr'><strong>bus</strong></span> <span class='ocrx_word' id='word_1_207' title='bbox 493 2917 833 2987; x_wconf 87' lang='lat' dir='ltr'><strong>pcrvigilibns</strong></span> <span class='ocrx_word' id='word_1_208' title='bbox 871 2932 932 2970; x_wconf 87' lang='lat' dir='ltr'><strong>ac</strong></span> <span class='ocrx_word' id='word_1_209' title='bbox 962 2916 1480 2987; x_wconf 76' lang='lat' dir='ltr'><strong>przevalidis,&#39;atque</strong></span> <span class='ocrx_word' id='word_1_210' title='bbox 1510 2917 1561 2970; x_wconf 87' lang='lat' dir='ltr'><strong>in</strong></span> <span class='ocrx_word' id='word_1_211' title='bbox 1611 2917 1796 2985; x_wconf 81' lang='lat' dir='ltr'><strong>primis</strong></span> <span class='ocrx_word' id='word_1_212' title='bbox 1835 2930 1943 2970; x_wconf 70' lang='lat' dir='ltr'><strong>caa-</strong></span> 
     </span>
    </p>
   </div>
   <div class='ocr_carea' id='block_1_29' title="bbox 362 3008 1941 3077">
    <p class='ocr_par' dir='ltr' id='par_1_29' title="bbox 362 3008 1941 3077">
     <span class='ocr_line' id='line_1_29' title="bbox 362 3008 1941 3077; baseline 0 -14"><span class='ocrx_word' id='word_1_213' title='bbox 362 3010 481 3064; x_wconf 76' lang='lat' dir='ltr'><strong>lcsti</strong></span> <span class='ocrx_word' id='word_1_214' title='bbox 537 3009 736 3064; x_wconf 68' lang='lat' dir='ltr'><strong>faxore.</strong></span> <span class='ocrx_word' id='word_1_215' title='bbox 789 3008 921 3064; x_wconf 88' lang='lat' dir='ltr'><strong>Nam</strong></span> <span class='ocrx_word' id='word_1_216' title='bbox 967 3009 1085 3063; x_wconf 86' lang='lat' dir='ltr'><strong>Nisi</strong></span> <span class='ocrx_word' id='word_1_217' title='bbox 1130 3008 1377 3063; x_wconf 80' lang='lat' dir='ltr'><strong>Dominus</strong></span> <span class='ocrx_word' id='word_1_218' title='bbox 1425 3008 1601 3063; x_wconf 81' lang='lat' dir='ltr'><strong>urbem</strong></span> <span class='ocrx_word' id='word_1_219' title='bbox 1661 3010 1941 3077; x_wconf 75' lang='lat' dir='ltr'><strong>custodiat,</strong></span> 
     </span>
    </p>
   </div>
   <div class='ocr_carea' id='block_1_30' title="bbox 361 3099 1945 3173">
    <p class='ocr_par' dir='ltr' id='par_1_30' title="bbox 361 3099 1945 3173">
     <span class='ocr_line' id='line_1_30' title="bbox 361 3099 1945 3173; baseline 0.001 -20"><span class='ocrx_word' id='word_1_220' title='bbox 361 3103 556 3171; x_wconf 76' lang='lat' dir='ltr'><strong>frustra</strong></span> <span class='ocrx_word' id='word_1_221' title='bbox 594 3100 802 3171; x_wconf 77' lang='lat' dir='ltr'><strong>vigilant</strong></span> <span class='ocrx_word' id='word_1_222' title='bbox 844 3100 930 3170; x_wconf 85' lang='lat' dir='ltr'><strong>qui</strong></span> <span class='ocrx_word' id='word_1_223' title='bbox 955 3101 1247 3155; x_wconf 83' lang='lat' dir='ltr'><strong>custodiunt</strong></span> <span class='ocrx_word' id='word_1_224' title='bbox 1276 3117 1386 3156; x_wconf 87' lang='lat' dir='ltr'><strong>eam</strong></span> <span class='ocrx_word' id='word_1_225' title='bbox 1419 3099 1587 3173; x_wconf 77' lang='lat' dir='ltr'><strong>(Psal.</strong></span> <span class='ocrx_word' id='word_1_226' title='bbox 1618 3101 1739 3156; x_wconf 76' lang='lat' dir='ltr'><strong>i26.</strong></span> <span class='ocrx_word' id='word_1_227' title='bbox 1772 3104 1843 3169; x_wconf 84' lang='grc'><strong>1).</strong></span> <span class='ocrx_word' id='word_1_228' title='bbox 1876 3103 1945 3155; x_wconf 83' lang='lat' dir='ltr'><strong>At</strong></span> 
     </span>
    </p>
   </div>
   <div class='ocr_carea' id='block_1_31' title="bbox 361 3190 1945 3262">
    <p class='ocr_par' dir='ltr' id='par_1_31' title="bbox 361 3190 1945 3262">
     <span class='ocr_line' id='line_1_31' title="bbox 361 3190 1945 3262; baseline 0.003 -18"><span class='ocrx_word' id='word_1_229' title='bbox 361 3206 468 3259; x_wconf 75' lang='lat' dir='ltr'><strong>quo</strong></span> <span class='ocrx_word' id='word_1_230' title='bbox 498 3200 652 3262; x_wconf 91' lang='lat' dir='ltr'><strong>pacto</strong></span> <span class='ocrx_word' id='word_1_231' title='bbox 682 3206 801 3246; x_wconf 92' lang='lat' dir='ltr'><strong>eum</strong></span> <span class='ocrx_word' id='word_1_232' title='bbox 831 3190 1065 3247; x_wconf 84' lang='lat' dir='ltr'><strong>favorem</strong></span> <span class='ocrx_word' id='word_1_233' title='bbox 1109 3191 1417 3249; x_wconf 86' lang='lat' dir='ltr'><strong>eliciemus?</strong></span> <span class='ocrx_word' id='word_1_234' title='bbox 1447 3191 1503 3247; x_wconf 91' lang='lat' dir='ltr'><strong>Si</strong></span> <span class='ocrx_word' id='word_1_235' title='bbox 1542 3203 1719 3249; x_wconf 78' lang='lat' dir='ltr'><strong>nostra</strong></span> <span class='ocrx_word' id='word_1_236' title='bbox 1765 3193 1945 3248; x_wconf 84' lang='lat' dir='ltr'><strong>omnia</strong></span> 
     </span>
    </p>
   </div>
   <div class='ocr_carea' id='block_1_32' title="bbox 360 3282 1942 3353">
    <p class='ocr_par' dir='ltr' id='par_1_32' title="bbox 360 3282 1942 3353">
     <span class='ocr_line' id='line_1_32' title="bbox 360 3282 1942 3353; baseline 0.001 -18"><span class='ocrx_word' id='word_1_237' title='bbox 360 3288 699 3339; x_wconf 74' lang='lat' dir='ltr'><strong>conterantus</strong></span> <span class='ocrx_word' id='word_1_238' title='bbox 717 3324 731 3345; x_wconf 94' lang='lat'><strong>,</strong></span> <span class='ocrx_word' id='word_1_239' title='bbox 754 3299 880 3338; x_wconf 85' lang='lat' dir='ltr'><strong>sana</strong></span> <span class='ocrx_word' id='word_1_240' title='bbox 921 3282 1141 3337; x_wconf 89' lang='lat' dir='ltr'><strong>consilia</strong></span> <span class='ocrx_word' id='word_1_241' title='bbox 1166 3323 1182 3349; x_wconf 92' lang='lat'><strong>,</strong></span> <span class='ocrx_word' id='word_1_242' title='bbox 1218 3298 1483 3339; x_wconf 84' lang='lat' dir='ltr'><strong>summam</strong></span> <span class='ocrx_word' id='word_1_243' title='bbox 1500 3283 1685 3352; x_wconf 85' lang='lat' dir='ltr'><strong>jejuuii</strong></span> <span class='ocrx_word' id='word_1_244' title='bbox 1718 3298 1781 3338; x_wconf 88' lang='lat' dir='ltr'><strong>ac</strong></span> <span class='ocrx_word' id='word_1_245' title='bbox 1806 3284 1942 3353; x_wconf 86' lang='lat' dir='ltr'><strong>vigi-</strong></span> 
     </span>
    </p>
   </div>
   <div class='ocr_carea' id='block_1_33' title="bbox 363 3373 1940 3444">
    <p class='ocr_par' dir='ltr' id='par_1_33' title="bbox 363 3373 1940 3444">
     <span class='ocr_line' id='line_1_33' title="bbox 363 3373 1940 3444; baseline 0.002 -17"><span class='ocrx_word' id='word_1_246' title='bbox 363 3376 427 3433; x_wconf 86' lang='lat' dir='ltr'><strong>tia</strong></span> <span class='ocrx_word' id='word_1_247' title='bbox 436 3391 549 3429; x_wconf 88' lang='lat' dir='ltr'><strong>rum</strong></span> <span class='ocrx_word' id='word_1_248' title='bbox 578 3376 970 3431; x_wconf 85' lang='lat' dir='ltr'><strong>contentionem</strong></span> <span class='ocrx_word' id='word_1_249' title='bbox 987 3415 1002 3440; x_wconf 87' lang='lat'><strong>,</strong></span> <span class='ocrx_word' id='word_1_250' title='bbox 1026 3373 1157 3444; x_wconf 83' lang='lat' dir='ltr'><strong>legis</strong></span> <span class='ocrx_word' id='word_1_251' title='bbox 1173 3383 1478 3430; x_wconf 88' lang='lat' dir='ltr'><strong>accuratam</strong></span> <span class='ocrx_word' id='word_1_252' title='bbox 1495 3374 1940 3439; x_wconf 85' lang='lat' dir='ltr'><strong>observationem,</strong></span> 
     </span>
    </p>
   </div>
   <div class='ocr_carea' id='block_1_34' title="bbox 358 3464 1939 3535">
    <p class='ocr_par' dir='ltr' id='par_1_34' title="bbox 358 3464 1939 3535">
     <span class='ocr_line' id='line_1_34' title="bbox 358 3464 1939 3535; baseline 0.001 -17"><span class='ocrx_word' id='word_1_253' title='bbox 358 3466 729 3523; x_wconf 78' lang='lat' dir='ltr'><strong>mandatorum</strong></span> <span class='ocrx_word' id='word_1_254' title='bbox 778 3465 1112 3531; x_wconf 73' lang='lat' dir='ltr'><strong>custodiam,</strong></span> <span class='ocrx_word' id='word_1_255' title='bbox 1158 3473 1212 3521; x_wconf 87' lang='lat' dir='ltr'><strong>et</strong></span> <span class='ocrx_word' id='word_1_256' title='bbox 1253 3464 1395 3535; x_wconf 91' lang='lat' dir='ltr'><strong>quod</strong></span> <span class='ocrx_word' id='word_1_257' title='bbox 1421 3474 1581 3533; x_wconf 83' lang='lat' dir='ltr'><strong>caput</strong></span> <span class='ocrx_word' id='word_1_258' title='bbox 1622 3474 1743 3532; x_wconf 82' lang='lat' dir='ltr'><strong>est,</strong></span> <span class='ocrx_word' id='word_1_259' title='bbox 1790 3465 1834 3520; x_wconf 90' lang='lat' dir='ltr'><strong>si</strong></span> <span class='ocrx_word' id='word_1_260' title='bbox 1888 3465 1939 3520; x_wconf 91' lang='lat' dir='ltr'><strong>in</strong></span> 
     </span>
    </p>
   </div>
   <div class='ocr_carea' id='block_1_35' title="bbox 362 3555 1942 3625">
    <p class='ocr_par' dir='ltr' id='par_1_35' title="bbox 362 3555 1942 3625">
     <span class='ocr_line' id='line_1_35' title="bbox 362 3555 1942 3625; baseline 0.001 -16"><span class='ocrx_word' id='word_1_261' title='bbox 362 3557 519 3610; x_wconf 87' lang='lat' dir='ltr'><strong>nobis</strong></span> <span class='ocrx_word' id='word_1_262' title='bbox 536 3555 776 3613; x_wconf 67' lang='lat' dir='ltr'><strong>lithtciam</strong></span> <span class='ocrx_word' id='word_1_263' title='bbox 804 3571 909 3610; x_wconf 86' lang='lat' dir='ltr'><strong>non</strong></span> <span class='ocrx_word' id='word_1_264' title='bbox 931 3556 1285 3619; x_wconf 85' lang='lat' dir='ltr'><strong>collocemus;</strong></span> <span class='ocrx_word' id='word_1_265' title='bbox 1310 3570 1433 3610; x_wconf 89' lang='lat' dir='ltr'><strong>nam</strong></span> <span class='ocrx_word' id='word_1_266' title='bbox 1463 3555 1771 3625; x_wconf 80' lang='lat' dir='ltr'><strong>etsimagna</strong></span> <span class='ocrx_word' id='word_1_267' title='bbox 1798 3571 1942 3625; x_wconf 78' lang='lat' dir='ltr'><strong>qua:-</strong></span> 
     </span>
    </p>
   </div>
   <div class='ocr_carea' id='block_1_36' title="bbox 350 3645 1943 3716">
    <p class='ocr_par' dir='ltr' id='par_1_36' title="bbox 350 3645 1943 3716">
     <span class='ocr_line' id='line_1_36' title="bbox 350 3645 1943 3716; baseline 0.002 -16"><span class='ocrx_word' id='word_1_268' title='bbox 350 3647 484 3700; x_wconf 78' lang='lat' dir='ltr'><strong>dant</strong></span> <span class='ocrx_word' id='word_1_269' title='bbox 527 3654 867 3716; x_wconf 66' lang='lat' dir='ltr'><strong>pra&#39;stemus,</strong></span> <span class='ocrx_word' id='word_1_270' title='bbox 897 3646 1025 3700; x_wconf 71' lang='lat' dir='ltr'><strong>illud</strong></span> <span class='ocrx_word' id='word_1_271' title='bbox 1067 3645 1209 3715; x_wconf 84' lang='lat' dir='ltr'><strong>apud</strong></span> <span class='ocrx_word' id='word_1_272' title='bbox 1255 3660 1353 3701; x_wconf 91' lang='lat' dir='ltr'><strong>nos</strong></span> <span class='ocrx_word' id='word_1_273' title='bbox 1405 3657 1659 3716; x_wconf 87' lang='lat' dir='ltr'><strong>perpetuo</strong></span> <span class='ocrx_word' id='word_1_274' title='bbox 1706 3646 1943 3705; x_wconf 75' lang='lat' dir='ltr'><strong>dicatitus</strong></span> 
     </span>
    </p>
   </div>
   <div class='ocr_carea' id='block_1_37' title="bbox 352 3736 1945 3805">
    <p class='ocr_par' dir='ltr' id='par_1_37' title="bbox 352 3736 1945 3805">
     <span class='ocr_line' id='line_1_37' title="bbox 352 3736 1945 3805; baseline 0.001 -14"><span class='ocrx_word' id='word_1_275' title='bbox 352 3750 584 3792; x_wconf 71' lang='lat' dir='ltr'><strong>necesse</strong></span> <span class='ocrx_word' id='word_1_276' title='bbox 614 3747 727 3792; x_wconf 89' lang='lat' dir='ltr'><strong>est:</strong></span> <span class='ocrx_word' id='word_1_277' title='bbox 760 3736 879 3791; x_wconf 78' lang='lat' dir='ltr'><strong>Nisi</strong></span> <span class='ocrx_word' id='word_1_278' title='bbox 908 3736 1151 3791; x_wconf 87' lang='lat' dir='ltr'><strong>Dominus</strong></span> <span class='ocrx_word' id='word_1_279' title='bbox 1175 3737 1494 3805; x_wconf 67' lang='lat' dir='ltr'><strong>aediﬁcaverit</strong></span> <span class='ocrx_word' id='word_1_280' title='bbox 1528 3737 1752 3801; x_wconf 84' lang='lat' dir='ltr'><strong>domum,</strong></span> <span class='ocrx_word' id='word_1_281' title='bbox 1783 3740 1837 3791; x_wconf 83' lang='lat' dir='ltr'><strong>in</strong></span> <span class='ocrx_word' id='word_1_282' title='bbox 1856 3753 1945 3793; x_wconf 86' lang='lat' dir='ltr'><strong>va-</strong></span> 
     </span>
    </p>
   </div>
   <div class='ocr_carea' id='block_1_38' title="bbox 348 3826 1944 3900">
    <p class='ocr_par' dir='ltr' id='par_1_38' title="bbox 348 3826 1944 3900">
     <span class='ocr_line' id='line_1_38' title="bbox 348 3826 1944 3900; baseline -0.001 -17"><span class='ocrx_word' id='word_1_283' title='bbox 348 3847 485 3883; x_wconf 68' lang='lat' dir='ltr'><strong>num</strong></span> <span class='ocrx_word' id='word_1_284' title='bbox 511 3830 859 3883; x_wconf 81' lang='lat' dir='ltr'><strong>laboraverunt</strong></span> <span class='ocrx_word' id='word_1_285' title='bbox 896 3829 982 3899; x_wconf 85' lang='lat' dir='ltr'><strong>qui</strong></span> <span class='ocrx_word' id='word_1_286' title='bbox 1010 3828 1266 3897; x_wconf 71' lang='lat' dir='ltr'><strong>mitiﬁcant</strong></span> <span class='ocrx_word' id='word_1_287' title='bbox 1301 3844 1413 3882; x_wconf 86' lang='lat' dir='ltr'><strong>eam</strong></span> <span class='ocrx_word' id='word_1_288' title='bbox 1441 3826 1645 3900; x_wconf 86' lang='lat' dir='ltr'><strong>(lbid.).</strong></span> <span class='ocrx_word' id='word_1_289' title='bbox 1676 3827 1786 3881; x_wconf 85' lang='lat' dir='ltr'><strong>Nec</strong></span> <span class='ocrx_word' id='word_1_290' title='bbox 1809 3829 1944 3883; x_wconf 85' lang='lat' dir='ltr'><strong>enim</strong></span> 
     </span>
    </p>
   </div>
   <div class='ocr_carea' id='block_1_39' title="bbox 360 3918 1941 3989">
    <p class='ocr_par' dir='ltr' id='par_1_39' title="bbox 360 3918 1941 3989">
     <span class='ocr_line' id='line_1_39' title="bbox 360 3918 1941 3989; baseline 0.001 -16"><span class='ocrx_word' id='word_1_291' title='bbox 360 3921 507 3975; x_wconf 80' lang='lat' dir='ltr'><strong>nobis</strong></span> <span class='ocrx_word' id='word_1_292' title='bbox 529 3921 669 3977; x_wconf 70' lang='lat' dir='ltr'><strong>lucta</strong></span> <span class='ocrx_word' id='word_1_293' title='bbox 692 3929 766 3973; x_wconf 81' lang='lat' dir='ltr'><strong>est</strong></span> <span class='ocrx_word' id='word_1_294' title='bbox 789 3919 1027 3977; x_wconf 79' lang='lat' dir='ltr'><strong>adversus</strong></span> <span class='ocrx_word' id='word_1_295' title='bbox 1051 3918 1350 3989; x_wconf 84' lang='lat' dir='ltr'><strong>sanguinem</strong></span> <span class='ocrx_word' id='word_1_296' title='bbox 1388 3928 1437 3973; x_wconf 89' lang='lat' dir='ltr'><strong>et</strong></span> <span class='ocrx_word' id='word_1_297' title='bbox 1477 3935 1698 3985; x_wconf 85' lang='lat' dir='ltr'><strong>carnem,</strong></span> <span class='ocrx_word' id='word_1_298' title='bbox 1731 3920 1821 3974; x_wconf 80' lang='lat' dir='ltr'><strong>sed</strong></span> <span class='ocrx_word' id='word_1_299' title='bbox 1844 3920 1941 3975; x_wconf 57' lang='lat' dir='ltr'><strong>adp</strong></span> 
     </span>
    </p>
   </div>
   <div class='ocr_carea' id='block_1_40' title="bbox 359 4011 1949 4084">
    <p class='ocr_par' dir='ltr' id='par_1_40' title="bbox 359 4011 1949 4084">
     <span class='ocr_line' id='line_1_40' title="bbox 359 4011 1949 4084; baseline 0.001 -17"><span class='ocrx_word' id='word_1_300' title='bbox 359 4031 530 4069; x_wconf 79' lang='lat' dir='ltr'><strong>versus</strong></span> <span class='ocrx_word' id='word_1_301' title='bbox 558 4012 897 4084; x_wconf 68' lang='lat' dir='ltr'><strong>principatus,</strong></span> <span class='ocrx_word' id='word_1_302' title='bbox 929 4014 1166 4066; x_wconf 78' lang='lat' dir='ltr'><strong>adversus</strong></span> <span class='ocrx_word' id='word_1_303' title='bbox 1192 4019 1480 4082; x_wconf 74' lang='lat' dir='ltr'><strong>potestates,</strong></span> <span class='ocrx_word' id='word_1_304' title='bbox 1507 4011 1747 4067; x_wconf 78' lang='lat' dir='ltr'><strong>adversus</strong></span> <span class='ocrx_word' id='word_1_305' title='bbox 1768 4013 1949 4069; x_wconf 67' lang='lat' dir='ltr'><strong>mundi</strong></span> 
     </span>
    </p>
   </div>
   <div class='ocr_carea' id='block_1_41' title="bbox 349 4102 1943 4174">
    <p class='ocr_par' dir='ltr' id='par_1_41' title="bbox 349 4102 1943 4174">
     <span class='ocr_line' id='line_1_41' title="bbox 349 4102 1943 4174; baseline 0.001 -16"><span class='ocrx_word' id='word_1_306' title='bbox 349 4115 576 4160; x_wconf 67' lang='lat' dir='ltr'><strong>rectores</strong></span> <span class='ocrx_word' id='word_1_307' title='bbox 616 4104 929 4159; x_wconf 79' lang='lat' dir='ltr'><strong>tenebrarum</strong></span> <span class='ocrx_word' id='word_1_308' title='bbox 965 4103 1118 4174; x_wconf 81' lang='lat' dir='ltr'><strong>hujus</strong></span> <span class='ocrx_word' id='word_1_309' title='bbox 1157 4103 1349 4170; x_wconf 61' lang='lat' dir='ltr'><strong>seculi,</strong></span> <span class='ocrx_word' id='word_1_310' title='bbox 1392 4102 1630 4163; x_wconf 74' lang='lat' dir='ltr'><strong>adversus</strong></span> <span class='ocrx_word' id='word_1_311' title='bbox 1655 4104 1943 4174; x_wconf 64' lang='lat' dir='ltr'><strong>spiritantia</strong></span> 
     </span>
    </p>
   </div>
   <div class='ocr_carea' id='block_1_42' title="bbox 360 4182 1943 4267">
    <p class='ocr_par' dir='ltr' id='par_1_42' title="bbox 360 4182 1943 4267">
     <span class='ocr_line' id='line_1_42' title="bbox 360 4182 1943 4267; baseline 0.002 -19"><span class='ocrx_word' id='word_1_312' title='bbox 360 4196 594 4267; x_wconf 73' lang='lat' dir='ltr'><strong>nequitia:</strong></span> <span class='ocrx_word' id='word_1_313' title='bbox 620 4196 672 4249; x_wconf 88' lang='lat' dir='ltr'><strong>in</strong></span> <span class='ocrx_word' id='word_1_314' title='bbox 700 4195 976 4250; x_wconf 66' lang='lat' dir='ltr'><strong>caelestibus</strong></span> <span class='ocrx_word' id='word_1_315' title='bbox 1000 4194 1212 4265; x_wconf 65' lang='lat' dir='ltr'><strong>(15pm.</strong></span> <span class='ocrx_word' id='word_1_316' title='bbox 1246 4182 1302 4250; x_wconf 59' lang='lat'><strong>‘6.</strong></span> <span class='ocrx_word' id='word_1_317' title='bbox 1336 4193 1454 4266; x_wconf 63' lang='lat' dir='ltr'><strong>l2);</strong></span> <span class='ocrx_word' id='word_1_318' title='bbox 1481 4209 1544 4250; x_wconf 79' lang='lat' dir='ltr'><strong>ac</strong></span> <span class='ocrx_word' id='word_1_319' title='bbox 1567 4204 1733 4251; x_wconf 77' lang='lat' dir='ltr'><strong>nocte</strong></span> <span class='ocrx_word' id='word_1_320' title='bbox 1752 4194 1943 4265; x_wconf 80' lang='lat' dir='ltr'><strong>dieque</strong></span> 
     </span>
    </p>
   </div>
   <div class='ocr_carea' id='block_1_43' title="bbox 360 4280 1945 4357">
    <p class='ocr_par' dir='ltr' id='par_1_43' title="bbox 360 4280 1945 4357">
     <span class='ocr_line' id='line_1_43' title="bbox 360 4280 1945 4357; baseline 0.003 -18"><span class='ocrx_word' id='word_1_321' title='bbox 360 4287 704 4357; x_wconf 80' lang='lat' dir='ltr'><strong>cogitationes</strong></span> <span class='ocrx_word' id='word_1_322' title='bbox 760 4286 913 4342; x_wconf 87' lang='lat' dir='ltr'><strong>nobis</strong></span> <span class='ocrx_word' id='word_1_323' title='bbox 956 4294 1173 4341; x_wconf 73' lang='lat' dir='ltr'><strong>armata:</strong></span> <span class='ocrx_word' id='word_1_324' title='bbox 1227 4293 1373 4341; x_wconf 89' lang='lat' dir='ltr'><strong>stent</strong></span> <span class='ocrx_word' id='word_1_325' title='bbox 1421 4280 1672 4356; x_wconf 78' lang='lat' dir='ltr'><strong>oportet,</strong></span> <span class='ocrx_word' id='word_1_326' title='bbox 1724 4294 1779 4343; x_wconf 87' lang='lat' dir='ltr'><strong>et</strong></span> <span class='ocrx_word' id='word_1_327' title='bbox 1844 4286 1945 4343; x_wconf 72' lang='lat' dir='ltr'><strong>im-</strong></span> 
     </span>
    </p>
   </div>
   <div class='ocr_carea' id='block_1_44' title="bbox 365 4375 1941 4447">
    <p class='ocr_par' dir='ltr' id='par_1_44' title="bbox 365 4375 1941 4447">
     <span class='ocr_line' id='line_1_44' title="bbox 365 4375 1941 4447; baseline 0.001 -16"><span class='ocrx_word' id='word_1_328' title='bbox 365 4378 681 4444; x_wconf 83' lang='lat' dir='ltr'><strong>pudentibus</strong></span> <span class='ocrx_word' id='word_1_329' title='bbox 746 4377 1053 4431; x_wconf 85' lang='lat' dir='ltr'><strong>libidinibus</strong></span> <span class='ocrx_word' id='word_1_330' title='bbox 1127 4375 1397 4433; x_wconf 76' lang='lat' dir='ltr'><strong>formidini</strong></span> <span class='ocrx_word' id='word_1_331' title='bbox 1463 4376 1590 4431; x_wconf 82' lang='lat' dir='ltr'><strong>sint.</strong></span> <span class='ocrx_word' id='word_1_332' title='bbox 1643 4375 1852 4447; x_wconf 83' lang='lat' dir='ltr'><strong>Quippe</strong></span> <span class='ocrx_word' id='word_1_333' title='bbox 1895 4376 1941 4431; x_wconf 88' lang='lat' dir='ltr'><strong>si</strong></span> 
     </span>
    </p>
   </div>
   <div class='ocr_carea' id='block_1_45' title="bbox 325 4466 1942 4535">
    <p class='ocr_par' dir='ltr' id='par_1_45' title="bbox 325 4466 1942 4535">
     <span class='ocr_line' id='line_1_45' title="bbox 325 4466 1942 4535; baseline 0 -16"><span class='ocrx_word' id='word_1_334' title='bbox 325 4522 332 4529; x_wconf 65' lang='grc'><em>,</em></span> <span class='ocrx_word' id='word_1_335' title='bbox 365 4468 638 4520; x_wconf 90' lang='lat' dir='ltr'><strong>minimum</strong></span> <span class='ocrx_word' id='word_1_336' title='bbox 669 4468 975 4532; x_wconf 82' lang='lat' dir='ltr'><strong>remittant,</strong></span> <span class='ocrx_word' id='word_1_337' title='bbox 996 4466 1213 4521; x_wconf 82' lang='lat' dir='ltr'><strong>adstans</strong></span> <span class='ocrx_word' id='word_1_338' title='bbox 1237 4466 1487 4523; x_wconf 83' lang='lat' dir='ltr'><strong>diabolus.</strong></span> <span class='ocrx_word' id='word_1_339' title='bbox 1505 4466 1942 4535; x_wconf 76' lang='lat' dir='ltr'><strong>ignemmauibus</strong></span> 
     </span>
    </p>
   </div>
   <div class='ocr_carea' id='block_1_46' title="bbox 362 4556 1940 4625">
    <p class='ocr_par' dir='ltr' id='par_1_46' title="bbox 362 4556 1940 4625">
     <span class='ocr_line' id='line_1_46' title="bbox 362 4556 1940 4625; baseline -0.003 -13"><span class='ocrx_word' id='word_1_340' title='bbox 362 4567 543 4624; x_wconf 86' lang='lat' dir='ltr'><strong>tenet,</strong></span> <span class='ocrx_word' id='word_1_341' title='bbox 574 4558 872 4612; x_wconf 87' lang='lat' dir='ltr'><strong>vibraturus</strong></span> <span class='ocrx_word' id='word_1_342' title='bbox 922 4572 986 4611; x_wconf 87' lang='lat' dir='ltr'><strong>ac</strong></span> <span class='ocrx_word' id='word_1_343' title='bbox 1035 4557 1128 4611; x_wconf 90' lang='lat' dir='ltr'><strong>Dei</strong></span> <span class='ocrx_word' id='word_1_344' title='bbox 1179 4556 1436 4625; x_wconf 90' lang='lat' dir='ltr'><strong>templum</strong></span> <span class='ocrx_word' id='word_1_345' title='bbox 1485 4563 1940 4611; x_wconf 83' lang='lat' dir='ltr'><strong>conerematurus.</strong></span> 
     </span>
    </p>
   </div>
   <div class='ocr_carea' id='block_1_47' title="bbox 366 4644 1943 4719">
    <p class='ocr_par' dir='ltr' id='par_1_47' title="bbox 366 4644 1943 4719">
     <span class='ocr_line' id='line_1_47' title="bbox 366 4644 1943 4719; baseline -0.003 -17"><span class='ocrx_word' id='word_1_346' title='bbox 366 4649 505 4719; x_wconf 79' lang='lat' dir='ltr'><strong>Ergo</strong></span> <span class='ocrx_word' id='word_1_347' title='bbox 550 4661 683 4717; x_wconf 89' lang='lat' dir='ltr'><strong>opus</strong></span> <span class='ocrx_word' id='word_1_348' title='bbox 720 4655 800 4702; x_wconf 88' lang='lat' dir='ltr'><strong>cst</strong></span> <span class='ocrx_word' id='word_1_349' title='bbox 826 4645 1063 4715; x_wconf 89' lang='lat' dir='ltr'><strong>undique</strong></span> <span class='ocrx_word' id='word_1_350' title='bbox 1104 4645 1437 4711; x_wconf 89' lang='lat' dir='ltr'><strong>muniamur;</strong></span> <span class='ocrx_word' id='word_1_351' title='bbox 1481 4654 1563 4699; x_wconf 89' lang='lat' dir='ltr'><strong>est</strong></span> <span class='ocrx_word' id='word_1_352' title='bbox 1602 4647 1754 4703; x_wconf 71' lang='lat' dir='ltr'><strong>enim.</strong></span> <span class='ocrx_word' id='word_1_353' title='bbox 1790 4644 1943 4699; x_wconf 90' lang='lat' dir='ltr'><strong>nobis</strong></span> 
     </span>
    </p>
   </div>
   <div class='ocr_carea' id='block_1_48' title="bbox 363 4735 1941 4811">
    <p class='ocr_par' dir='ltr' id='par_1_48' title="bbox 363 4735 1941 4811">
     <span class='ocr_line' id='line_1_48' title="bbox 363 4735 1941 4811; baseline -0.001 -18"><span class='ocrx_word' id='word_1_354' title='bbox 363 4756 536 4811; x_wconf 84' lang='lat' dir='ltr'><strong>pugna</strong></span> <span class='ocrx_word' id='word_1_355' title='bbox 561 4754 681 4794; x_wconf 93' lang='lat' dir='ltr'><strong>cum</strong></span> <span class='ocrx_word' id='word_1_356' title='bbox 724 4748 925 4793; x_wconf 60' lang='lat' dir='ltr'><strong>natura;</strong></span> <span class='ocrx_word' id='word_1_357' title='bbox 953 4736 1299 4804; x_wconf 89' lang='lat' dir='ltr'><strong>necessitate,</strong></span> <span class='ocrx_word' id='word_1_358' title='bbox 1329 4735 1634 4807; x_wconf 85' lang='lat' dir='ltr'><strong>angelorum</strong></span> <span class='ocrx_word' id='word_1_359' title='bbox 1656 4749 1941 4791; x_wconf 75' lang='lat' dir='ltr'><strong>conversa-</strong></span> 
     </span>
    </p>
   </div>
   <div class='ocr_carea' id='block_1_49' title="bbox 366 4828 1939 4899">
    <p class='ocr_par' dir='ltr' id='par_1_49' title="bbox 366 4828 1939 4899">
     <span class='ocr_line' id='line_1_49' title="bbox 366 4828 1939 4899; baseline -0.002 -13"><span class='ocrx_word' id='word_1_360' title='bbox 366 4833 525 4887; x_wconf 86' lang='lat' dir='ltr'><strong>tionis</strong></span> <span class='ocrx_word' id='word_1_361' title='bbox 544 4830 812 4885; x_wconf 72' lang='lat' dir='ltr'><strong>mmulatio</strong></span> <span class='ocrx_word' id='word_1_362' title='bbox 833 4872 846 4897; x_wconf 94' lang='lat'><strong>,</strong></span> <span class='ocrx_word' id='word_1_363' title='bbox 879 4845 999 4885; x_wconf 90' lang='lat' dir='ltr'><strong>cum</strong></span> <span class='ocrx_word' id='word_1_364' title='bbox 1038 4829 1365 4899; x_wconf 87' lang='lat' dir='ltr'><strong>incorporeis</strong></span> <span class='ocrx_word' id='word_1_365' title='bbox 1384 4828 1689 4885; x_wconf 79' lang='lat' dir='ltr'><strong>Virtutibus.</strong></span> <span class='ocrx_word' id='word_1_366' title='bbox 1720 4843 1939 4894; x_wconf 91' lang='lat' dir='ltr'><strong>cursus;</strong></span> 
     </span>
    </p>
   </div>
   <div class='ocr_carea' id='block_1_50' title="bbox 350 4920 1944 4993">
    <p class='ocr_par' dir='ltr' id='par_1_50' title="bbox 350 4920 1944 4993">
     <span class='ocr_line' id='line_1_50' title="bbox 350 4920 1944 4993; baseline -0.003 -14"><span class='ocrx_word' id='word_1_367' title='bbox 350 4934 506 4979; x_wconf 70' lang='lat' dir='ltr'><strong>terra</strong></span> <span class='ocrx_word' id='word_1_368' title='bbox 537 4931 695 4993; x_wconf 88' lang='lat' dir='ltr'><strong>atque</strong></span> <span class='ocrx_word' id='word_1_369' title='bbox 739 4922 874 4977; x_wconf 91' lang='lat' dir='ltr'><strong>cinis</strong></span> <span class='ocrx_word' id='word_1_370' title='bbox 902 4921 1154 4977; x_wconf 82' lang='lat' dir='ltr'><strong>caelicolis</strong></span> <span class='ocrx_word' id='word_1_371' title='bbox 1182 4921 1379 4993; x_wconf 72' lang='lat' dir='ltr'><strong>aequari</strong></span> <span class='ocrx_word' id='word_1_372' title='bbox 1408 4920 1615 4988; x_wconf 86' lang='lat' dir='ltr'><strong>nititur,</strong></span> <span class='ocrx_word' id='word_1_373' title='bbox 1644 4921 1944 4977; x_wconf 85' lang='lat' dir='ltr'><strong>mortalitas</strong></span> 
     </span>
    </p>
   </div>
   <div class='ocr_carea' id='block_1_51' title="bbox 363 5014 1939 5085">
    <p class='ocr_par' dir='ltr' id='par_1_51' title="bbox 363 5014 1939 5085">
     <span class='ocr_line' id='line_1_51' title="bbox 363 5014 1939 5085; baseline -0.001 -14"><span class='ocrx_word' id='word_1_374' title='bbox 363 5032 483 5071; x_wconf 82' lang='lat' dir='ltr'><strong>cum</strong></span> <span class='ocrx_word' id='word_1_375' title='bbox 516 5015 907 5070; x_wconf 85' lang='lat' dir='ltr'><strong>immortalitate</strong></span> <span class='ocrx_word' id='word_1_376' title='bbox 931 5023 1201 5070; x_wconf 86' lang='lat' dir='ltr'><strong>certamen</strong></span> <span class='ocrx_word' id='word_1_377' title='bbox 1223 5015 1337 5069; x_wconf 91' lang='lat' dir='ltr'><strong>init.</strong></span> <span class='ocrx_word' id='word_1_378' title='bbox 1357 5014 1423 5070; x_wconf 86' lang='lat' dir='ltr'><strong>Et</strong></span> <span class='ocrx_word' id='word_1_379' title='bbox 1441 5014 1742 5085; x_wconf 80' lang='lat' dir='ltr'><strong>quisquam,</strong></span> <span class='ocrx_word' id='word_1_380' title='bbox 1760 5014 1939 5082; x_wconf 86' lang='lat' dir='ltr'><strong>sodes,</strong></span> 
     </span>
    </p>
   </div>
   <div class='ocr_carea' id='block_1_52' title="bbox 367 5104 1944 5176">
    <p class='ocr_par' dir='ltr' id='par_1_52' title="bbox 367 5104 1944 5176">
     <span class='ocr_line' id='line_1_52' title="bbox 367 5104 1944 5176; baseline 0.002 -17"><span class='ocrx_word' id='word_1_381' title='bbox 367 5107 762 5161; x_wconf 87' lang='lat' dir='ltr'><strong>matrimonium</strong></span> <span class='ocrx_word' id='word_1_382' title='bbox 806 5121 867 5161; x_wconf 91' lang='lat' dir='ltr'><strong>ac</strong></span> <span class='ocrx_word' id='word_1_383' title='bbox 917 5106 1237 5176; x_wconf 88' lang='lat' dir='ltr'><strong>voluptatem</strong></span> <span class='ocrx_word' id='word_1_384' title='bbox 1284 5120 1403 5161; x_wconf 91' lang='lat' dir='ltr'><strong>cum</strong></span> <span class='ocrx_word' id='word_1_385' title='bbox 1430 5120 1491 5160; x_wconf 88' lang='lat' dir='ltr'><strong>re</strong></span> <span class='ocrx_word' id='word_1_386' title='bbox 1532 5115 1675 5161; x_wconf 86' lang='lat' dir='ltr'><strong>tanta</strong></span> <span class='ocrx_word' id='word_1_387' title='bbox 1701 5104 1944 5163; x_wconf 88' lang='lat' dir='ltr'><strong>conferre</strong></span> 
     </span>
    </p>
   </div>
   <div class='ocr_carea' id='block_1_53' title="bbox 366 5196 1939 5268">
    <p class='ocr_par' dir='ltr' id='par_1_53' title="bbox 366 5196 1939 5268">
     <span class='ocr_line' id='line_1_53' title="bbox 366 5196 1939 5268; baseline 0.002 -18"><span class='ocrx_word' id='word_1_388' title='bbox 366 5197 541 5250; x_wconf 85' lang='lat' dir='ltr'><strong>ausit?</strong></span> <span class='ocrx_word' id='word_1_389' title='bbox 566 5212 632 5250; x_wconf 88' lang='lat' dir='ltr'><strong>an</strong></span> <span class='ocrx_word' id='word_1_390' title='bbox 655 5213 759 5251; x_wconf 90' lang='lat' dir='ltr'><strong>non</strong></span> <span class='ocrx_word' id='word_1_391' title='bbox 802 5197 854 5251; x_wconf 87' lang='lat' dir='ltr'><strong>id</strong></span> <span class='ocrx_word' id='word_1_392' title='bbox 879 5197 1034 5253; x_wconf 87' lang='lat' dir='ltr'><strong>valde</strong></span> <span class='ocrx_word' id='word_1_393' title='bbox 1061 5196 1311 5252; x_wconf 89' lang='lat' dir='ltr'><strong>stolidum</strong></span> <span class='ocrx_word' id='word_1_394' title='bbox 1352 5197 1472 5253; x_wconf 83' lang='lat' dir='ltr'><strong>est?</strong></span> <span class='ocrx_word' id='word_1_395' title='bbox 1502 5196 1684 5268; x_wconf 86' lang='lat' dir='ltr'><strong>Itaque</strong></span> <span class='ocrx_word' id='word_1_396' title='bbox 1710 5198 1939 5265; x_wconf 82' lang='lat' dir='ltr'><strong>Paulus,</strong></span> 
     </span>
    </p>
   </div>
   <div class='ocr_carea' id='block_1_54' title="bbox 366 5286 1947 5359">
    <p class='ocr_par' dir='ltr' id='par_1_54' title="bbox 366 5286 1947 5359">
     <span class='ocr_line' id='line_1_54' title="bbox 366 5286 1947 5359; baseline 0.003 -21"><span class='ocrx_word' id='word_1_397' title='bbox 366 5287 455 5355; x_wconf 83' lang='lat' dir='ltr'><strong>qui</strong></span> <span class='ocrx_word' id='word_1_398' title='bbox 481 5286 593 5341; x_wconf 49' lang='lat' dir='ltr'><strong>haec</strong></span> <span class='ocrx_word' id='word_1_399' title='bbox 621 5287 803 5341; x_wconf 87' lang='lat' dir='ltr'><strong>omnia</strong></span> <span class='ocrx_word' id='word_1_400' title='bbox 832 5289 1027 5353; x_wconf 86' lang='lat' dir='ltr'><strong>sciret,</strong></span> <span class='ocrx_word' id='word_1_401' title='bbox 1060 5287 1297 5355; x_wconf 88' lang='lat' dir='ltr'><strong>dicebat,</strong></span> <span class='ocrx_word' id='word_1_402' title='bbox 1328 5287 1490 5345; x_wconf 88' lang='lat' dir='ltr'><strong>Suam</strong></span> <span class='ocrx_word' id='word_1_403' title='bbox 1507 5291 1713 5359; x_wconf 82' lang='lat' dir='ltr'><strong>quisque</strong></span> <span class='ocrx_word' id='word_1_404' title='bbox 1735 5306 1947 5345; x_wconf 68' lang='lat' dir='ltr'><strong>umorem</strong></span> 
     </span>
    </p>
   </div>
   <div class='ocr_carea' id='block_1_55' title="bbox 369 5376 1943 5452">
    <p class='ocr_par' dir='ltr' id='par_1_55' title="bbox 369 5376 1943 5452">
     <span class='ocr_line' id='line_1_55' title="bbox 369 5376 1943 5452; baseline 0.005 -24"><span class='ocrx_word' id='word_1_405' title='bbox 369 5377 545 5430; x_wconf 80' lang='lat' dir='ltr'><strong>habeat</strong></span> <span class='ocrx_word' id='word_1_406' title='bbox 574 5377 648 5449; x_wconf 95' lang='grc'><strong>(1.</strong></span> <span class='ocrx_word' id='word_1_407' title='bbox 672 5376 790 5433; x_wconf 91' lang='lat' dir='ltr'><strong>Cor.</strong></span> <span class='ocrx_word' id='word_1_408' title='bbox 816 5379 868 5432; x_wconf 89' lang='lat'><strong>7.</strong></span> <span class='ocrx_word' id='word_1_409' title='bbox 899 5379 983 5452; x_wconf 73' lang='lat'><strong>2):</strong></span> <span class='ocrx_word' id='word_1_410' title='bbox 1013 5379 1134 5434; x_wconf 89' lang='lat' dir='ltr'><strong>ideo</strong></span> <span class='ocrx_word' id='word_1_411' title='bbox 1174 5379 1529 5447; x_wconf 86' lang='lat' dir='ltr'><strong>detrectabat,</strong></span> <span class='ocrx_word' id='word_1_412' title='bbox 1557 5381 1679 5436; x_wconf 91' lang='lat' dir='ltr'><strong>ideo</strong></span> <span class='ocrx_word' id='word_1_413' title='bbox 1716 5382 1798 5435; x_wconf 88' lang='lat' dir='ltr'><strong>cis</strong></span> <span class='ocrx_word' id='word_1_414' title='bbox 1835 5396 1943 5436; x_wconf 91' lang='lat' dir='ltr'><strong>non</strong></span> 
     </span>
    </p>
   </div>
   <div class='ocr_carea' id='block_1_56' title="bbox 373 5465 1943 5542">
    <p class='ocr_par' dir='ltr' id='par_1_56' title="bbox 373 5465 1943 5542">
     <span class='ocr_line' id='line_1_56' title="bbox 373 5465 1943 5542; baseline 0.004 -24"><span class='ocrx_word' id='word_1_415' title='bbox 373 5465 600 5520; x_wconf 89' lang='lat' dir='ltr'><strong>audebat</strong></span> <span class='ocrx_word' id='word_1_416' title='bbox 614 5467 682 5522; x_wconf 90' lang='lat' dir='ltr'><strong>de</strong></span> <span class='ocrx_word' id='word_1_417' title='bbox 699 5468 999 5538; x_wconf 76' lang='lat' dir='ltr'><strong>virginitate</strong></span> <span class='ocrx_word' id='word_1_418' title='bbox 1017 5470 1246 5540; x_wconf 85' lang='lat' dir='ltr'><strong>primum</strong></span> <span class='ocrx_word' id='word_1_419' title='bbox 1264 5471 1546 5537; x_wconf 87' lang='lat' dir='ltr'><strong>disserere;</strong></span> <span class='ocrx_word' id='word_1_420' title='bbox 1575 5470 1668 5527; x_wconf 88' lang='lat' dir='ltr'><strong>sed</strong></span> <span class='ocrx_word' id='word_1_421' title='bbox 1687 5472 1740 5526; x_wconf 92' lang='lat' dir='ltr'><strong>in</strong></span> <span class='ocrx_word' id='word_1_422' title='bbox 1757 5471 1943 5542; x_wconf 81' lang='lat' dir='ltr'><strong>dispu-</strong></span> 
     </span>
    </p>
   </div>
   <div class='ocr_carea' id='block_1_57' title="bbox 372 5555 1942 5632">
    <p class='ocr_par' dir='ltr' id='par_1_57' title="bbox 372 5555 1942 5632">
     <span class='ocr_line' id='line_1_57' title="bbox 372 5555 1942 5632; baseline 0.005 -24"><span class='ocrx_word' id='word_1_423' title='bbox 372 5555 661 5610; x_wconf 86' lang='lat' dir='ltr'><strong>tationibus</strong></span> <span class='ocrx_word' id='word_1_424' title='bbox 677 5557 742 5612; x_wconf 90' lang='lat' dir='ltr'><strong>de</strong></span> <span class='ocrx_word' id='word_1_425' title='bbox 760 5561 1097 5616; x_wconf 91' lang='lat' dir='ltr'><strong>matrimonio</strong></span> <span class='ocrx_word' id='word_1_426' title='bbox 1121 5572 1381 5628; x_wconf 77' lang='lat' dir='ltr'><strong>versatur,</strong></span> <span class='ocrx_word' id='word_1_427' title='bbox 1404 5562 1655 5632; x_wconf 86' lang='lat' dir='ltr'><strong>paulatim</strong></span> <span class='ocrx_word' id='word_1_428' title='bbox 1672 5578 1765 5618; x_wconf 91' lang='lat' dir='ltr'><strong>eos</strong></span> <span class='ocrx_word' id='word_1_429' title='bbox 1779 5578 1809 5616; x_wconf 90' lang='lat' dir='ltr'><strong>a</strong></span> <span class='ocrx_word' id='word_1_430' title='bbox 1825 5577 1942 5617; x_wconf 81' lang='lat' dir='ltr'><strong>ma-</strong></span> 
     </span>
    </p>
   </div>
   <div class='ocr_carea' id='block_1_58' title="bbox 370 5646 1942 5717">
    <p class='ocr_par' dir='ltr' id='par_1_58' title="bbox 370 5646 1942 5717">
     <span class='ocr_line' id='line_1_58' title="bbox 370 5646 1942 5717; baseline 0.005 -18"><span class='ocrx_word' id='word_1_431' title='bbox 370 5646 620 5701; x_wconf 84' lang='lat' dir='ltr'><strong>trimonio</strong></span> <span class='ocrx_word' id='word_1_432' title='bbox 649 5647 917 5705; x_wconf 85' lang='lat' dir='ltr'><strong>retrahere</strong></span> <span class='ocrx_word' id='word_1_433' title='bbox 945 5652 1158 5717; x_wconf 88' lang='lat' dir='ltr'><strong>volens,</strong></span> <span class='ocrx_word' id='word_1_434' title='bbox 1185 5661 1239 5707; x_wconf 88' lang='lat' dir='ltr'><strong>et</strong></span> <span class='ocrx_word' id='word_1_435' title='bbox 1262 5653 1475 5708; x_wconf 89' lang='lat' dir='ltr'><strong>brevem</strong></span> <span class='ocrx_word' id='word_1_436' title='bbox 1507 5653 1573 5708; x_wconf 86' lang='lat' dir='ltr'><strong>de</strong></span> <span class='ocrx_word' id='word_1_437' title='bbox 1614 5653 1942 5708; x_wconf 89' lang='lat' dir='ltr'><strong>continentia</strong></span> 
     </span>
    </p>
   </div>
   <div class='ocr_carea' id='block_1_59' title="bbox 372 5736 1946 5808">
    <p class='ocr_par' dir='ltr' id='par_1_59' title="bbox 372 5736 1946 5808">
     <span class='ocr_line' id='line_1_59' title="bbox 372 5736 1946 5808; baseline 0.003 -17"><span class='ocrx_word' id='word_1_438' title='bbox 372 5750 673 5791; x_wconf 81' lang='lat' dir='ltr'><strong>sermonem</strong></span> <span class='ocrx_word' id='word_1_439' title='bbox 720 5736 944 5807; x_wconf 85' lang='lat' dir='ltr'><strong>longiori</strong></span> <span class='ocrx_word' id='word_1_440' title='bbox 990 5740 1064 5794; x_wconf 92' lang='lat' dir='ltr'><strong>illi</strong></span> <span class='ocrx_word' id='word_1_441' title='bbox 1106 5741 1465 5808; x_wconf 88' lang='lat' dir='ltr'><strong>intermiscet,</strong></span> <span class='ocrx_word' id='word_1_442' title='bbox 1496 5757 1653 5797; x_wconf 87' lang='lat' dir='ltr'><strong>aures</strong></span> <span class='ocrx_word' id='word_1_443' title='bbox 1704 5742 1946 5796; x_wconf 87' lang='lat' dir='ltr'><strong>admoni-</strong></span> 
     </span>
    </p>
   </div>
   <div class='ocr_carea' id='block_1_60' title="bbox 372 5828 1941 5907">
    <p class='ocr_par' dir='ltr' id='par_1_60' title="bbox 372 5828 1941 5907">
     <span class='ocr_line' id='line_1_60' title="bbox 372 5828 1941 5907; baseline 0.005 -25"><span class='ocrx_word' id='word_1_444' title='bbox 372 5829 534 5886; x_wconf 73' lang='lat' dir='ltr'><strong>tionis</strong></span> <span class='ocrx_word' id='word_1_445' title='bbox 580 5828 863 5885; x_wconf 88' lang='lat' dir='ltr'><strong>severitate</strong></span> <span class='ocrx_word' id='word_1_446' title='bbox 909 5830 1051 5889; x_wconf 88' lang='lat' dir='ltr'><strong>feriri</strong></span> <span class='ocrx_word' id='word_1_447' title='bbox 1107 5834 1325 5891; x_wconf 88' lang='lat' dir='ltr'><strong>minime</strong></span> <span class='ocrx_word' id='word_1_448' title='bbox 1390 5848 1596 5905; x_wconf 83' lang='lat' dir='ltr'><strong>passus.</strong></span> <span class='ocrx_word' id='word_1_449' title='bbox 1653 5833 1785 5891; x_wconf 83' lang='lat' dir='ltr'><strong>Nam</strong></span> <span class='ocrx_word' id='word_1_450' title='bbox 1853 5835 1941 5907; x_wconf 89' lang='lat' dir='ltr'><strong>qui</strong></span> 
     </span>
    </p>
   </div>
   <div class='ocr_carea' id='block_1_61' title="bbox 1074 413 2864 479">
    <p class='ocr_par' dir='ltr' id='par_1_61' title="bbox 1074 413 2864 479">
     <span class='ocr_line' id='line_1_61' title="bbox 1074 413 2864 479; baseline -0.006 0"><span class='ocrx_word' id='word_1_451' title='bbox 1074 424 1129 479; x_wconf 93' lang='lat' dir='ltr'><strong>S.</strong></span> <span class='ocrx_word' id='word_1_452' title='bbox 1169 420 1444 479; x_wconf 74' lang='lat' dir='ltr'><strong>JOANNIS</strong></span> <span class='ocrx_word' id='word_1_453' title='bbox 1480 414 1947 474; x_wconf 68' lang='lat' dir='ltr'><strong>CIIRYSJSTOMI</strong></span> <span class='ocrx_word' id='word_1_454' title='bbox 1988 415 2303 470; x_wconf 68' lang='lat' dir='ltr'><strong>ARCIIIEP.</strong></span> <span class='ocrx_word' id='word_1_455' title='bbox 2334 413 2864 472; x_wconf 70' lang='lat' dir='ltr'><strong>CONSTANTINOP.</strong></span> 
     </span>
    </p>
   </div>
   <div class='ocr_carea' id='block_1_62' title="bbox 3527 421 3632 474">
    <p class='ocr_par' dir='ltr' id='par_1_62' title="bbox 3527 421 3632 474">
     <span class='ocr_line' id='line_1_62' title="bbox 3527 421 3632 474; baseline -0.01 0"><span class='ocrx_word' id='word_1_456' title='bbox 3527 421 3632 474; x_wconf 65' lang='lat'><strong>533</strong></span> 
     </span>
    </p>
   </div>
   <div class='ocr_carea' id='block_1_63' title="bbox 2051 529 3627 598">
    <p class='ocr_par' dir='ltr' id='par_1_63' title="bbox 2051 529 3627 598">
     <span class='ocr_line' id='line_1_63' title="bbox 2051 529 3627 598; baseline 0.003 -16"><span class='ocrx_word' id='word_1_457' title='bbox 2051 543 2423 598; x_wconf 77' lang='lat' dir='ltr'><strong>usquequaque</strong></span> <span class='ocrx_word' id='word_1_458' title='bbox 2451 543 2480 583; x_wconf 92' lang='lat' dir='ltr'><strong>c</strong></span> <span class='ocrx_word' id='word_1_459' title='bbox 2506 530 2664 585; x_wconf 85' lang='lat' dir='ltr'><strong>rebus</strong></span> <span class='ocrx_word' id='word_1_460' title='bbox 2708 530 2889 585; x_wconf 88' lang='lat' dir='ltr'><strong>arduis</strong></span> <span class='ocrx_word' id='word_1_461' title='bbox 2914 529 3207 585; x_wconf 88' lang='lat' dir='ltr'><strong>orationem</strong></span> <span class='ocrx_word' id='word_1_462' title='bbox 3236 533 3365 587; x_wconf 82' lang='lat' dir='ltr'><strong>texit</strong></span> <span class='ocrx_word' id='word_1_463' title='bbox 3384 574 3398 596; x_wconf 85' lang='lat'><strong>,</strong></span> <span class='ocrx_word' id='word_1_464' title='bbox 3422 544 3477 588; x_wconf 89' lang='lat' dir='ltr'><strong>et</strong></span> <span class='ocrx_word' id='word_1_465' title='bbox 3515 550 3627 587; x_wconf 87' lang='lat' dir='ltr'><strong>mo-</strong></span> 
     </span>
    </p>
   </div>
   <div class='ocr_carea' id='block_1_64' title="bbox 2052 620 3630 695">
    <p class='ocr_par' dir='ltr' id='par_1_64' title="bbox 2052 620 3630 695">
     <span class='ocr_line' id='line_1_64' title="bbox 2052 620 3630 695; baseline 0 -21"><span class='ocrx_word' id='word_1_466' title='bbox 2052 621 2219 676; x_wconf 68' lang='lat' dir='ltr'><strong>lestus</strong></span> <span class='ocrx_word' id='word_1_467' title='bbox 2246 631 2327 676; x_wconf 85' lang='lat' dir='ltr'><strong>est</strong></span> <span class='ocrx_word' id='word_1_468' title='bbox 2357 620 2604 687; x_wconf 90' lang='lat' dir='ltr'><strong>auditori,</strong></span> <span class='ocrx_word' id='word_1_469' title='bbox 2625 631 2678 675; x_wconf 92' lang='lat' dir='ltr'><strong>et</strong></span> <span class='ocrx_word' id='word_1_470' title='bbox 2710 622 3018 693; x_wconf 89' lang='lat' dir='ltr'><strong>plerumque</strong></span> <span class='ocrx_word' id='word_1_471' title='bbox 3045 624 3276 678; x_wconf 89' lang='lat' dir='ltr'><strong>animum</strong></span> <span class='ocrx_word' id='word_1_472' title='bbox 3298 624 3439 695; x_wconf 87' lang='lat' dir='ltr'><strong>cogit</strong></span> <span class='ocrx_word' id='word_1_473' title='bbox 3457 624 3630 679; x_wconf 77' lang='lat' dir='ltr'><strong>dioto.</strong></span> 
     </span>
    </p>
   </div>
   <div class='ocr_carea' id='block_1_65' title="bbox 2051 712 3628 785">
    <p class='ocr_par' dir='ltr' id='par_1_65' title="bbox 2051 712 3628 785">
     <span class='ocr_line' id='line_1_65' title="bbox 2051 712 3628 785; baseline 0.003 -21"><span class='ocrx_word' id='word_1_474' title='bbox 2051 727 2166 765; x_wconf 90' lang='lat' dir='ltr'><strong>rum</strong></span> <span class='ocrx_word' id='word_1_475' title='bbox 2217 712 2525 779; x_wconf 85' lang='lat' dir='ltr'><strong>gravitatem</strong></span> <span class='ocrx_word' id='word_1_476' title='bbox 2576 727 2682 766; x_wconf 90' lang='lat' dir='ltr'><strong>non</strong></span> <span class='ocrx_word' id='word_1_477' title='bbox 2726 715 2980 768; x_wconf 88' lang='lat' dir='ltr'><strong>ferentem</strong></span> <span class='ocrx_word' id='word_1_478' title='bbox 3012 715 3240 769; x_wconf 88' lang='lat' dir='ltr'><strong>resilire.</strong></span> <span class='ocrx_word' id='word_1_479' title='bbox 3273 716 3340 768; x_wconf 83' lang='lat' dir='ltr'><strong>At</strong></span> <span class='ocrx_word' id='word_1_480' title='bbox 3370 716 3458 785; x_wconf 88' lang='lat' dir='ltr'><strong>qui</strong></span> <span class='ocrx_word' id='word_1_481' title='bbox 3507 732 3628 771; x_wconf 88' lang='lat' dir='ltr'><strong>eam</strong></span> 
     </span>
    </p>
   </div>
   <div class='ocr_carea' id='block_1_66' title="bbox 2048 802 3629 873">
    <p class='ocr_par' dir='ltr' id='par_1_66' title="bbox 2048 802 3629 873">
     <span class='ocr_line' id='line_1_66' title="bbox 2048 802 3629 873; baseline 0.006 -20"><span class='ocrx_word' id='word_1_482' title='bbox 2048 802 2250 866; x_wconf 84' lang='lat' dir='ltr'><strong>variat,</strong></span> <span class='ocrx_word' id='word_1_483' title='bbox 2283 818 2344 856; x_wconf 90' lang='lat' dir='ltr'><strong>ac</strong></span> <span class='ocrx_word' id='word_1_484' title='bbox 2366 802 2535 857; x_wconf 90' lang='lat' dir='ltr'><strong>facilia</strong></span> <span class='ocrx_word' id='word_1_485' title='bbox 2567 803 2715 873; x_wconf 91' lang='lat' dir='ltr'><strong>plura</strong></span> <span class='ocrx_word' id='word_1_486' title='bbox 2737 819 2893 873; x_wconf 90' lang='lat' dir='ltr'><strong>quam</strong></span> <span class='ocrx_word' id='word_1_487' title='bbox 2920 804 3149 859; x_wconf 83' lang='lat' dir='ltr'><strong>difficilia</strong></span> <span class='ocrx_word' id='word_1_488' title='bbox 3182 806 3476 870; x_wconf 89' lang='lat' dir='ltr'><strong>immiscet,</strong></span> <span class='ocrx_word' id='word_1_489' title='bbox 3505 822 3629 862; x_wconf 89' lang='lat' dir='ltr'><strong>cum</strong></span> 
     </span>
    </p>
   </div>
   <div class='ocr_carea' id='block_1_67' title="bbox 2048 892 3626 966">
    <p class='ocr_par' dir='ltr' id='par_1_67' title="bbox 2048 892 3626 966">
     <span class='ocr_line' id='line_1_67' title="bbox 2048 892 3626 966; baseline 0.002 -20"><span class='ocrx_word' id='word_1_490' title='bbox 2048 892 2373 948; x_wconf 87' lang='lat' dir='ltr'><strong>difﬁcultatis</strong></span> <span class='ocrx_word' id='word_1_491' title='bbox 2400 909 2611 949; x_wconf 89' lang='lat' dir='ltr'><strong>sensum</strong></span> <span class='ocrx_word' id='word_1_492' title='bbox 2635 896 2823 966; x_wconf 89' lang='lat' dir='ltr'><strong>eripit,</strong></span> <span class='ocrx_word' id='word_1_493' title='bbox 2854 905 2963 950; x_wconf 91' lang='lat' dir='ltr'><strong>tum</strong></span> <span class='ocrx_word' id='word_1_494' title='bbox 2990 897 3277 951; x_wconf 84' lang='lat' dir='ltr'><strong>reficiendo</strong></span> <span class='ocrx_word' id='word_1_495' title='bbox 3305 898 3626 962; x_wconf 85' lang='lat' dir='ltr'><strong>auditorem,</strong></span> 
     </span>
    </p>
   </div>
   <div class='ocr_carea' id='block_1_68' title="bbox 2051 984 3633 1060">
    <p class='ocr_par' dir='ltr' id='par_1_68' title="bbox 2051 984 3633 1060">
     <span class='ocr_line' id='line_1_68' title="bbox 2051 984 3633 1060; baseline 0.006 -24"><span class='ocrx_word' id='word_1_496' title='bbox 2051 984 2120 1037; x_wconf 90' lang='lat' dir='ltr'><strong>ita</strong></span> <span class='ocrx_word' id='word_1_497' title='bbox 2145 998 2266 1039; x_wconf 90' lang='lat' dir='ltr'><strong>cum</strong></span> <span class='ocrx_word' id='word_1_498' title='bbox 2290 987 2456 1053; x_wconf 83' lang='lat' dir='ltr'><strong>magis</strong></span> <span class='ocrx_word' id='word_1_499' title='bbox 2478 986 2676 1041; x_wconf 89' lang='lat' dir='ltr'><strong>inducit</strong></span> <span class='ocrx_word' id='word_1_500' title='bbox 2706 998 2759 1041; x_wconf 92' lang='lat' dir='ltr'><strong>et</strong></span> <span class='ocrx_word' id='word_1_501' title='bbox 2800 989 3077 1053; x_wconf 85' lang='lat' dir='ltr'><strong>conciliat;</strong></span> <span class='ocrx_word' id='word_1_502' title='bbox 3118 990 3258 1058; x_wconf 88' lang='lat' dir='ltr'><strong>quod</strong></span> <span class='ocrx_word' id='word_1_503' title='bbox 3307 990 3519 1060; x_wconf 89' lang='lat' dir='ltr'><strong>quidem</strong></span> <span class='ocrx_word' id='word_1_504' title='bbox 3576 997 3633 1045; x_wconf 84' lang='lat' dir='ltr'><strong>et</strong></span> 
     </span>
    </p>
   </div>
   <div class='ocr_carea' id='block_1_69' title="bbox 2049 1074 3632 1145">
    <p class='ocr_par' dir='ltr' id='par_1_69' title="bbox 2049 1074 3632 1145">
     <span class='ocr_line' id='line_1_69' title="bbox 2049 1074 3632 1145; baseline 0.004 -16"><span class='ocrx_word' id='word_1_505' title='bbox 2049 1074 2237 1131; x_wconf 87' lang='lat' dir='ltr'><strong>beatus</strong></span> <span class='ocrx_word' id='word_1_506' title='bbox 2267 1076 2461 1131; x_wconf 88' lang='lat' dir='ltr'><strong>Paulus</strong></span> <span class='ocrx_word' id='word_1_507' title='bbox 2485 1078 2622 1133; x_wconf 89' lang='lat' dir='ltr'><strong>fecit.</strong></span> <span class='ocrx_word' id='word_1_508' title='bbox 2654 1079 2732 1133; x_wconf 87' lang='lat' dir='ltr'><strong>Eo</strong></span> <span class='ocrx_word' id='word_1_509' title='bbox 2759 1080 2900 1134; x_wconf 88' lang='lat' dir='ltr'><strong>enim</strong></span> <span class='ocrx_word' id='word_1_510' title='bbox 2922 1081 3063 1135; x_wconf 89' lang='lat' dir='ltr'><strong>dicto</strong></span> <span class='ocrx_word' id='word_1_511' title='bbox 3083 1121 3098 1145; x_wconf 92' lang='lat'><strong>,</strong></span> <span class='ocrx_word' id='word_1_512' title='bbox 3121 1079 3316 1134; x_wconf 88' lang='lat' dir='ltr'><strong>Bonum</strong></span> <span class='ocrx_word' id='word_1_513' title='bbox 3341 1091 3413 1135; x_wconf 79' lang='lat' dir='ltr'><strong>est</strong></span> <span class='ocrx_word' id='word_1_514' title='bbox 3436 1082 3632 1135; x_wconf 85' lang='lat' dir='ltr'><strong>homini</strong></span> 
     </span>
    </p>
   </div>
   <div class='ocr_carea' id='block_1_70' title="bbox 2049 1169 3632 1244">
    <p class='ocr_par' dir='ltr' id='par_1_70' title="bbox 2049 1169 3632 1244">
     <span class='ocr_line' id='line_1_70' title="bbox 2049 1169 3632 1244; baseline 0.007 -24"><span class='ocrx_word' id='word_1_515' title='bbox 2049 1169 2310 1223; x_wconf 84' lang='lat' dir='ltr'><strong>mulierem</strong></span> <span class='ocrx_word' id='word_1_516' title='bbox 2350 1187 2449 1225; x_wconf 90' lang='lat' dir='ltr'><strong>non</strong></span> <span class='ocrx_word' id='word_1_517' title='bbox 2496 1181 2728 1244; x_wconf 83' lang='lat' dir='ltr'><strong>tangere,</strong></span> <span class='ocrx_word' id='word_1_518' title='bbox 2759 1173 3003 1242; x_wconf 88' lang='lat' dir='ltr'><strong>protinus</strong></span> <span class='ocrx_word' id='word_1_519' title='bbox 3036 1174 3102 1228; x_wconf 90' lang='lat' dir='ltr'><strong>ad</strong></span> <span class='ocrx_word' id='word_1_520' title='bbox 3129 1175 3526 1229; x_wconf 88' lang='lat' dir='ltr'><strong>matrimonium</strong></span> <span class='ocrx_word' id='word_1_521' title='bbox 3567 1190 3632 1231; x_wconf 87' lang='lat' dir='ltr'><strong>se</strong></span> 
     </span>
    </p>
   </div>
   <div class='ocr_carea' id='block_1_71' title="bbox 2048 1262 3628 1335">
    <p class='ocr_par' dir='ltr' id='par_1_71' title="bbox 2048 1262 3628 1335">
     <span class='ocr_line' id='line_1_71' title="bbox 2048 1262 3628 1335; baseline 0.006 -21"><span class='ocrx_word' id='word_1_522' title='bbox 2048 1262 2287 1331; x_wconf 86' lang='lat' dir='ltr'><strong>recepit,</strong></span> <span class='ocrx_word' id='word_1_523' title='bbox 2319 1272 2375 1317; x_wconf 92' lang='lat' dir='ltr'><strong>ut</strong></span> <span class='ocrx_word' id='word_1_524' title='bbox 2412 1278 2560 1318; x_wconf 86' lang='lat' dir='ltr'><strong>suam</strong></span> <span class='ocrx_word' id='word_1_525' title='bbox 2613 1266 2834 1335; x_wconf 90' lang='lat' dir='ltr'><strong>quisque</strong></span> <span class='ocrx_word' id='word_1_526' title='bbox 2879 1282 3094 1321; x_wconf 80' lang='lat' dir='ltr'><strong>uxorem</strong></span> <span class='ocrx_word' id='word_1_527' title='bbox 3151 1267 3371 1323; x_wconf 86' lang='lat' dir='ltr'><strong>haberet</strong></span> <span class='ocrx_word' id='word_1_528' title='bbox 3418 1269 3628 1324; x_wconf 89' lang='lat' dir='ltr'><strong>dicens.</strong></span> 
     </span>
    </p>
   </div>
   <div class='ocr_carea' id='block_1_72' title="bbox 2051 1354 3629 1432">
    <p class='ocr_par' dir='ltr' id='par_1_72' title="bbox 2051 1354 3629 1432">
     <span class='ocr_line' id='line_1_72' title="bbox 2051 1354 3629 1432; baseline 0.006 -26"><span class='ocrx_word' id='word_1_529' title='bbox 2051 1354 2222 1423; x_wconf 82' lang='lat' dir='ltr'><strong>Atque</strong></span> <span class='ocrx_word' id='word_1_530' title='bbox 2247 1363 2528 1411; x_wconf 88' lang='lat' dir='ltr'><strong>contentus</strong></span> <span class='ocrx_word' id='word_1_531' title='bbox 2560 1356 2610 1411; x_wconf 92' lang='lat' dir='ltr'><strong>id</strong></span> <span class='ocrx_word' id='word_1_532' title='bbox 2634 1357 2844 1412; x_wconf 90' lang='lat' dir='ltr'><strong>beatum</strong></span> <span class='ocrx_word' id='word_1_533' title='bbox 2872 1359 3190 1429; x_wconf 70' lang='lat' dir='ltr'><strong>prardicasse</strong></span> <span class='ocrx_word' id='word_1_534' title='bbox 3212 1359 3380 1432; x_wconf 88' lang='lat' dir='ltr'><strong>(nam,</strong></span> <span class='ocrx_word' id='word_1_535' title='bbox 3405 1360 3629 1428; x_wconf 85' lang='lat' dir='ltr'><strong>Bonum,</strong></span> 
     </span>
    </p>
   </div>
   <div class='ocr_carea' id='block_1_73' title="bbox 2051 1445 3631 1521">
    <p class='ocr_par' dir='ltr' id='par_1_73' title="bbox 2051 1445 3631 1521">
     <span class='ocr_line' id='line_1_73' title="bbox 2051 1445 3631 1521; baseline 0.006 -23"><span class='ocrx_word' id='word_1_536' title='bbox 2051 1445 2345 1514; x_wconf 85' lang='lat' dir='ltr'><strong>inquit,est</strong></span> <span class='ocrx_word' id='word_1_537' title='bbox 2366 1447 2555 1500; x_wconf 82' lang='lat' dir='ltr'><strong>homini</strong></span> <span class='ocrx_word' id='word_1_538' title='bbox 2582 1450 2839 1503; x_wconf 81' lang='lat' dir='ltr'><strong>mulierem</strong></span> <span class='ocrx_word' id='word_1_539' title='bbox 2872 1468 2970 1505; x_wconf 89' lang='lat' dir='ltr'><strong>non</strong></span> <span class='ocrx_word' id='word_1_540' title='bbox 3014 1452 3270 1521; x_wconf 79' lang='lat' dir='ltr'><strong>tangere),</strong></span> <span class='ocrx_word' id='word_1_541' title='bbox 3321 1454 3389 1508; x_wconf 90' lang='lat' dir='ltr'><strong>de</strong></span> <span class='ocrx_word' id='word_1_542' title='bbox 3440 1456 3631 1508; x_wconf 84' lang='lat' dir='ltr'><strong>matri-</strong></span> 
     </span>
    </p>
   </div>
   <div class='ocr_carea' id='block_1_74' title="bbox 2050 1537 3631 1612">
    <p class='ocr_par' dir='ltr' id='par_1_74' title="bbox 2050 1537 3631 1612">
     <span class='ocr_line' id='line_1_74' title="bbox 2050 1537 3631 1612; baseline 0.009 -23"><span class='ocrx_word' id='word_1_543' title='bbox 2050 1537 2232 1591; x_wconf 88' lang='lat' dir='ltr'><strong>monio</strong></span> <span class='ocrx_word' id='word_1_544' title='bbox 2275 1548 2328 1593; x_wconf 87' lang='lat' dir='ltr'><strong>et</strong></span> <span class='ocrx_word' id='word_1_545' title='bbox 2356 1541 2584 1595; x_wconf 90' lang='lat' dir='ltr'><strong>consulit</strong></span> <span class='ocrx_word' id='word_1_546' title='bbox 2612 1549 2666 1596; x_wconf 93' lang='lat' dir='ltr'><strong>et</strong></span> <span class='ocrx_word' id='word_1_547' title='bbox 2698 1544 2934 1612; x_wconf 76' lang='lat' dir='ltr'><strong>pra-cipit</strong></span> <span class='ocrx_word' id='word_1_548' title='bbox 2954 1585 2968 1606; x_wconf 93' lang='lat'><strong>,</strong></span> <span class='ocrx_word' id='word_1_549' title='bbox 2994 1545 3174 1599; x_wconf 89' lang='lat' dir='ltr'><strong>addita</strong></span> <span class='ocrx_word' id='word_1_550' title='bbox 3227 1548 3387 1601; x_wconf 88' lang='lat' dir='ltr'><strong>etiam</strong></span> <span class='ocrx_word' id='word_1_551' title='bbox 3430 1562 3590 1602; x_wconf 87' lang='lat' dir='ltr'><strong>causa</strong></span> <span class='ocrx_word' id='word_1_552' title='bbox 3612 1565 3631 1603; x_wconf 84' lang='lat'><strong>:</strong></span> 
     </span>
    </p>
   </div>
   <div class='ocr_carea' id='block_1_75' title="bbox 2050 1628 3629 1708">
    <p class='ocr_par' dir='ltr' id='par_1_75' title="bbox 2050 1628 3629 1708">
     <span class='ocr_line' id='line_1_75' title="bbox 2050 1628 3629 1708; baseline 0.008 -27"><span class='ocrx_word' id='word_1_553' title='bbox 2050 1628 2125 1682; x_wconf 85' lang='lat' dir='ltr'><strong>ait</strong></span> <span class='ocrx_word' id='word_1_554' title='bbox 2172 1629 2349 1693; x_wconf 89' lang='lat' dir='ltr'><strong>enim,</strong></span> <span class='ocrx_word' id='word_1_555' title='bbox 2401 1629 2617 1700; x_wconf 82' lang='lat' dir='ltr'><strong>Propter</strong></span> <span class='ocrx_word' id='word_1_556' title='bbox 2656 1634 3259 1708; x_wconf 83' lang='lat' dir='ltr'><strong>fornicationem;atque</strong></span> <span class='ocrx_word' id='word_1_557' title='bbox 3305 1640 3629 1694; x_wconf 91' lang='lat' dir='ltr'><strong>matrimonii</strong></span> 
     </span>
    </p>
   </div>
   <div class='ocr_carea' id='block_1_76' title="bbox 2048 1724 3632 1795">
    <p class='ocr_par' dir='ltr' id='par_1_76' title="bbox 2048 1724 3632 1795">
     <span class='ocr_line' id='line_1_76' title="bbox 2048 1724 3632 1795; baseline 0.009 -21"><span class='ocrx_word' id='word_1_558' title='bbox 2048 1724 2449 1779; x_wconf 81' lang='lat' dir='ltr'><strong>concessionem</strong></span> <span class='ocrx_word' id='word_1_559' title='bbox 2503 1726 2896 1795; x_wconf 89' lang='lat' dir='ltr'><strong>reprehendere</strong></span> <span class='ocrx_word' id='word_1_560' title='bbox 2939 1729 3177 1794; x_wconf 84' lang='lat' dir='ltr'><strong>videtur;</strong></span> <span class='ocrx_word' id='word_1_561' title='bbox 3227 1731 3322 1785; x_wconf 88' lang='lat' dir='ltr'><strong>sed</strong></span> <span class='ocrx_word' id='word_1_562' title='bbox 3384 1748 3444 1787; x_wconf 91' lang='lat' dir='ltr'><strong>re</strong></span> <span class='ocrx_word' id='word_1_563' title='bbox 3502 1750 3632 1789; x_wconf 87' lang='lat' dir='ltr'><strong>vera</strong></span> 
     </span>
    </p>
   </div>
   <div class='ocr_carea' id='block_1_77' title="bbox 2050 1816 3629 1884">
    <p class='ocr_par' dir='ltr' id='par_1_77' title="bbox 2050 1816 3629 1884">
     <span class='ocr_line' id='line_1_77' title="bbox 2050 1816 3629 1884; baseline 0.007 -15"><span class='ocrx_word' id='word_1_564' title='bbox 2050 1816 2306 1884; x_wconf 69' lang='lat' dir='ltr'><strong>expositis</strong></span> <span class='ocrx_word' id='word_1_565' title='bbox 2352 1819 2673 1873; x_wconf 87' lang='lat' dir='ltr'><strong>matrimonii</strong></span> <span class='ocrx_word' id='word_1_566' title='bbox 2720 1823 2895 1875; x_wconf 89' lang='lat' dir='ltr'><strong>causis</strong></span> <span class='ocrx_word' id='word_1_567' title='bbox 2943 1824 3100 1878; x_wconf 86' lang='lat' dir='ltr'><strong>tacite</strong></span> <span class='ocrx_word' id='word_1_568' title='bbox 3130 1826 3467 1880; x_wconf 77' lang='lat' dir='ltr'><strong>continentia:</strong></span> <span class='ocrx_word' id='word_1_569' title='bbox 3512 1828 3629 1880; x_wconf 84' lang='lat' dir='ltr'><strong>lau-</strong></span> 
     </span>
    </p>
   </div>
   <div class='ocr_carea' id='block_1_78' title="bbox 2050 1906 3627 1980">
    <p class='ocr_par' dir='ltr' id='par_1_78' title="bbox 2050 1906 3627 1980">
     <span class='ocr_line' id='line_1_78' title="bbox 2050 1906 3627 1980; baseline 0.006 -19"><span class='ocrx_word' id='word_1_570' title='bbox 2050 1906 2171 1962; x_wconf 91' lang='lat' dir='ltr'><strong>dem</strong></span> <span class='ocrx_word' id='word_1_571' title='bbox 2200 1907 2517 1976; x_wconf 83' lang='lat' dir='ltr'><strong>amplificat,</strong></span> <span class='ocrx_word' id='word_1_572' title='bbox 2552 1926 2657 1964; x_wconf 92' lang='lat' dir='ltr'><strong>non</strong></span> <span class='ocrx_word' id='word_1_573' title='bbox 2688 1911 2739 1965; x_wconf 89' lang='lat' dir='ltr'><strong>id</strong></span> <span class='ocrx_word' id='word_1_574' title='bbox 2767 1914 2963 1980; x_wconf 81' lang='lat' dir='ltr'><strong>apertis</strong></span> <span class='ocrx_word' id='word_1_575' title='bbox 2992 1914 3170 1968; x_wconf 82' lang='lat' dir='ltr'><strong>verbis</strong></span> <span class='ocrx_word' id='word_1_576' title='bbox 3193 1914 3469 1969; x_wconf 87' lang='lat' dir='ltr'><strong>declarans</strong></span> <span class='ocrx_word' id='word_1_577' title='bbox 3489 1959 3503 1978; x_wconf 85' lang='lat'><strong>,</strong></span> <span class='ocrx_word' id='word_1_578' title='bbox 3530 1917 3627 1971; x_wconf 86' lang='lat' dir='ltr'><strong>sed</strong></span> 
     </span>
    </p>
   </div>
   <div class='ocr_carea' id='block_1_79' title="bbox 2048 2000 3629 2076">
    <p class='ocr_par' dir='ltr' id='par_1_79' title="bbox 2048 2000 3629 2076">
     <span class='ocr_line' id='line_1_79' title="bbox 2048 2000 3629 2076; baseline 0.006 -24"><span class='ocrx_word' id='word_1_579' title='bbox 2048 2000 2346 2055; x_wconf 86' lang='lat' dir='ltr'><strong>auditorum</strong></span> <span class='ocrx_word' id='word_1_580' title='bbox 2389 2004 2731 2057; x_wconf 71' lang='lat' dir='ltr'><strong>conscientia:</strong></span> <span class='ocrx_word' id='word_1_581' title='bbox 2767 2005 3092 2073; x_wconf 86' lang='lat' dir='ltr'><strong>relinquens.</strong></span> <span class='ocrx_word' id='word_1_582' title='bbox 3123 2005 3252 2059; x_wconf 87' lang='lat' dir='ltr'><strong>Nam</strong></span> <span class='ocrx_word' id='word_1_583' title='bbox 3285 2008 3373 2076; x_wconf 92' lang='lat' dir='ltr'><strong>qui</strong></span> <span class='ocrx_word' id='word_1_584' title='bbox 3419 2023 3477 2063; x_wconf 91' lang='lat' dir='ltr'><strong>se</strong></span> <span class='ocrx_word' id='word_1_585' title='bbox 3507 2023 3629 2062; x_wconf 88' lang='lat' dir='ltr'><strong>mo-</strong></span> 
     </span>
    </p>
   </div>
   <div class='ocr_carea' id='block_1_80' title="bbox 2050 2090 3629 2170">
    <p class='ocr_par' dir='ltr' id='par_1_80' title="bbox 2050 2090 3629 2170">
     <span class='ocr_line' id='line_1_80' title="bbox 2050 2090 3629 2170; baseline 0.006 -25"><span class='ocrx_word' id='word_1_586' title='bbox 2050 2090 2166 2146; x_wconf 89' lang='lat' dir='ltr'><strong>neri</strong></span> <span class='ocrx_word' id='word_1_587' title='bbox 2192 2091 2451 2161; x_wconf 84' lang='lat' dir='ltr'><strong>intelligat</strong></span> <span class='ocrx_word' id='word_1_588' title='bbox 2479 2104 2535 2148; x_wconf 93' lang='lat' dir='ltr'><strong>ut</strong></span> <span class='ocrx_word' id='word_1_589' title='bbox 2561 2096 2955 2150; x_wconf 89' lang='lat' dir='ltr'><strong>matrimonium</strong></span> <span class='ocrx_word' id='word_1_590' title='bbox 2994 2098 3313 2162; x_wconf 89' lang='lat' dir='ltr'><strong>contrahat,</strong></span> <span class='ocrx_word' id='word_1_591' title='bbox 3341 2114 3445 2153; x_wconf 90' lang='lat' dir='ltr'><strong>non</strong></span> <span class='ocrx_word' id='word_1_592' title='bbox 3484 2100 3629 2170; x_wconf 83' lang='lat' dir='ltr'><strong>quod</strong></span> 
     </span>
    </p>
   </div>
   <div class='ocr_carea' id='block_1_81' title="bbox 2021 2184 3630 2260">
    <p class='ocr_par' dir='ltr' id='par_1_81' title="bbox 2021 2184 3630 2260">
     <span class='ocr_line' id='line_1_81' title="bbox 2021 2184 3630 2260; baseline 0.009 -27"><span class='ocrx_word' id='word_1_593' title='bbox 2021 2184 2445 2239; x_wconf 90' lang='lat' dir='ltr'><strong>.matrimouium</strong></span> <span class='ocrx_word' id='word_1_594' title='bbox 2474 2187 2744 2255; x_wconf 89' lang='lat' dir='ltr'><strong>potissima</strong></span> <span class='ocrx_word' id='word_1_595' title='bbox 2770 2189 3009 2258; x_wconf 79' lang='lat' dir='ltr'><strong>quaedam</strong></span> <span class='ocrx_word' id='word_1_596' title='bbox 3040 2189 3209 2244; x_wconf 90' lang='lat' dir='ltr'><strong>virtus</strong></span> <span class='ocrx_word' id='word_1_597' title='bbox 3234 2190 3301 2243; x_wconf 79' lang='lat' dir='ltr'><strong>sit</strong></span> <span class='ocrx_word' id='word_1_598' title='bbox 3321 2232 3335 2256; x_wconf 93' lang='lat'><strong>,</strong></span> <span class='ocrx_word' id='word_1_599' title='bbox 3368 2190 3460 2245; x_wconf 88' lang='lat' dir='ltr'><strong>sed</strong></span> <span class='ocrx_word' id='word_1_600' title='bbox 3485 2191 3630 2260; x_wconf 89' lang='lat' dir='ltr'><strong>quod</strong></span> 
     </span>
    </p>
   </div>
   <div class='ocr_carea' id='block_1_82' title="bbox 2049 2275 3632 2342">
    <p class='ocr_par' dir='ltr' id='par_1_82' title="bbox 2049 2275 3632 2342">
     <span class='ocr_line' id='line_1_82' title="bbox 2049 2275 3632 2342; baseline 0.004 -13"><span class='ocrx_word' id='word_1_601' title='bbox 2049 2289 2108 2330; x_wconf 89' lang='lat' dir='ltr'><strong>se</strong></span> <span class='ocrx_word' id='word_1_602' title='bbox 2132 2275 2326 2331; x_wconf 83' lang='lat' dir='ltr'><strong>Paulus</strong></span> <span class='ocrx_word' id='word_1_603' title='bbox 2353 2285 2512 2331; x_wconf 69' lang='lat' dir='ltr'><strong>tantm</strong></span> <span class='ocrx_word' id='word_1_604' title='bbox 2554 2278 2787 2334; x_wconf 89' lang='lat' dir='ltr'><strong>libidinis</strong></span> <span class='ocrx_word' id='word_1_605' title='bbox 2816 2279 3062 2342; x_wconf 86' lang='lat' dir='ltr'><strong>damnet,</strong></span> <span class='ocrx_word' id='word_1_606' title='bbox 3096 2290 3152 2333; x_wconf 90' lang='lat' dir='ltr'><strong>ut</strong></span> <span class='ocrx_word' id='word_1_607' title='bbox 3187 2280 3316 2333; x_wconf 90' lang='lat' dir='ltr'><strong>citra</strong></span> <span class='ocrx_word' id='word_1_608' title='bbox 3355 2281 3632 2335; x_wconf 86' lang='lat' dir='ltr'><strong>matrimo-</strong></span> 
     </span>
    </p>
   </div>
   <div class='ocr_carea' id='block_1_83' title="bbox 2051 2368 3630 2439">
    <p class='ocr_par' dir='ltr' id='par_1_83' title="bbox 2051 2368 3630 2439">
     <span class='ocr_line' id='line_1_83' title="bbox 2051 2368 3630 2439; baseline 0.001 -17"><span class='ocrx_word' id='word_1_609' title='bbox 2051 2369 2198 2422; x_wconf 85' lang='lat' dir='ltr'><strong>nium</strong></span> <span class='ocrx_word' id='word_1_610' title='bbox 2248 2368 2316 2421; x_wconf 90' lang='lat' dir='ltr'><strong>ab</strong></span> <span class='ocrx_word' id='word_1_611' title='bbox 2355 2383 2419 2423; x_wconf 88' lang='lat' dir='ltr'><strong>ea</strong></span> <span class='ocrx_word' id='word_1_612' title='bbox 2472 2384 2532 2422; x_wconf 89' lang='lat' dir='ltr'><strong>se</strong></span> <span class='ocrx_word' id='word_1_613' title='bbox 2568 2370 2841 2424; x_wconf 90' lang='lat' dir='ltr'><strong>continere</strong></span> <span class='ocrx_word' id='word_1_614' title='bbox 2886 2379 3145 2439; x_wconf 85' lang='lat' dir='ltr'><strong>nequeat,</strong></span> <span class='ocrx_word' id='word_1_615' title='bbox 3184 2370 3505 2426; x_wconf 85' lang='lat' dir='ltr'><strong>erubescens</strong></span> <span class='ocrx_word' id='word_1_616' title='bbox 3564 2384 3630 2423; x_wconf 87' lang='lat' dir='ltr'><strong>ac</strong></span> 
     </span>
    </p>
   </div>
   <div class='ocr_carea' id='block_1_84' title="bbox 2048 2457 3628 2531">
    <p class='ocr_par' dir='ltr' id='par_1_84' title="bbox 2048 2457 3628 2531">
     <span class='ocr_line' id='line_1_84' title="bbox 2048 2457 3628 2531; baseline 0.001 -20"><span class='ocrx_word' id='word_1_617' title='bbox 2048 2457 2390 2528; x_wconf 88' lang='lat' dir='ltr'><strong>pudefactus,</strong></span> <span class='ocrx_word' id='word_1_618' title='bbox 2422 2459 2660 2527; x_wconf 91' lang='lat' dir='ltr'><strong>protinus</strong></span> <span class='ocrx_word' id='word_1_619' title='bbox 2681 2460 3034 2531; x_wconf 86' lang='lat' dir='ltr'><strong>virginitatem</strong></span> <span class='ocrx_word' id='word_1_620' title='bbox 3059 2460 3386 2527; x_wconf 87' lang='lat' dir='ltr'><strong>adsciscere,</strong></span> <span class='ocrx_word' id='word_1_621' title='bbox 3416 2470 3573 2531; x_wconf 89' lang='lat' dir='ltr'><strong>atque</strong></span> <span class='ocrx_word' id='word_1_622' title='bbox 3596 2477 3628 2513; x_wconf 89' lang='lat' dir='ltr'><strong>a</strong></span> 
     </span>
    </p>
   </div>
   <div class='ocr_carea' id='block_1_85' title="bbox 2047 2552 3170 2621">
    <p class='ocr_par' dir='ltr' id='par_1_85' title="bbox 2047 2552 3170 2621">
     <span class='ocr_line' id='line_1_85' title="bbox 2047 2552 3170 2621; baseline 0.002 -16"><span class='ocrx_word' id='word_1_623' title='bbox 2047 2566 2111 2607; x_wconf 89' lang='lat' dir='ltr'><strong>se</strong></span> <span class='ocrx_word' id='word_1_624' title='bbox 2134 2559 2332 2605; x_wconf 81' lang='lat' dir='ltr'><strong>tantam</strong></span> <span class='ocrx_word' id='word_1_625' title='bbox 2362 2552 2628 2607; x_wconf 77' lang='lat' dir='ltr'><strong>infamiam</strong></span> <span class='ocrx_word' id='word_1_626' title='bbox 2659 2554 2927 2621; x_wconf 87' lang='lat' dir='ltr'><strong>depellere</strong></span> <span class='ocrx_word' id='word_1_627' title='bbox 2955 2556 3170 2609; x_wconf 91' lang='lat' dir='ltr'><strong>nitetur.</strong></span> 
     </span>
    </p>
   </div>
   <div class='ocr_carea' id='block_1_86' title="bbox 2118 2643 3629 2708">
    <p class='ocr_par' dir='ltr' id='par_1_86' title="bbox 2118 2643 3629 2708">
     <span class='ocr_line' id='line_1_86' title="bbox 2118 2643 3629 2708; baseline 0.001 -10"><span class='ocrx_word' id='word_1_628' title='bbox 2118 2643 2354 2698; x_wconf 70' lang='lat' dir='ltr'><strong>XXVIII.</strong></span> <span class='ocrx_word' id='word_1_629' title='bbox 2388 2643 2514 2708; x_wconf 75' lang='lat' dir='ltr'><strong>Qua:</strong></span> <span class='ocrx_word' id='word_1_630' title='bbox 2539 2644 2600 2699; x_wconf 85' lang='lat' dir='ltr'><strong>de</strong></span> <span class='ocrx_word' id='word_1_631' title='bbox 2623 2647 2939 2698; x_wconf 85' lang='lat' dir='ltr'><strong>matrimonio</strong></span> <span class='ocrx_word' id='word_1_632' title='bbox 2961 2646 3211 2707; x_wconf 86' lang='lat' dir='ltr'><strong>dicantur,</strong></span> <span class='ocrx_word' id='word_1_633' title='bbox 3234 2646 3629 2700; x_wconf 67' lang='lat' dir='ltr'><strong>cohortatione»:</strong></span> 
     </span>
    </p>
   </div>
   <div class='ocr_carea' id='block_1_87' title="bbox 2048 2734 3629 2805">
    <p class='ocr_par' dir='ltr' id='par_1_87' title="bbox 2048 2734 3629 2805">
     <span class='ocr_line' id='line_1_87' title="bbox 2048 2734 3629 2805; baseline 0.002 -18"><span class='ocrx_word' id='word_1_634' title='bbox 2048 2750 2152 2789; x_wconf 80' lang='lat' dir='ltr'><strong>esse</strong></span> <span class='ocrx_word' id='word_1_635' title='bbox 2175 2735 2242 2787; x_wconf 84' lang='lat' dir='ltr'><strong>ad</strong></span> <span class='ocrx_word' id='word_1_636' title='bbox 2267 2734 2618 2805; x_wconf 86' lang='lat' dir='ltr'><strong>virginitatem.</strong></span> <span class='ocrx_word' id='word_1_637' title='bbox 2637 2766 2705 2775; x_wconf 92' lang='lat'><strong><em>—</em></strong></span> <span class='ocrx_word' id='word_1_638' title='bbox 2726 2735 2861 2801; x_wconf 87' lang='lat' dir='ltr'><strong>Quid</strong></span> <span class='ocrx_word' id='word_1_639' title='bbox 2886 2750 3011 2789; x_wconf 89' lang='lat' dir='ltr'><strong>vero</strong></span> <span class='ocrx_word' id='word_1_640' title='bbox 3027 2734 3172 2790; x_wconf 90' lang='lat' dir='ltr'><strong>addit</strong></span> <span class='ocrx_word' id='word_1_641' title='bbox 3195 2735 3444 2804; x_wconf 82' lang='lat' dir='ltr'><strong>insuper?</strong></span> <span class='ocrx_word' id='word_1_642' title='bbox 3468 2735 3629 2790; x_wconf 70' lang='lat' dir='ltr'><strong>Uxori</strong></span> 
     </span>
    </p>
   </div>
   <div class='ocr_carea' id='block_1_88' title="bbox 2047 2824 3627 2897">
    <p class='ocr_par' dir='ltr' id='par_1_88' title="bbox 2047 2824 3627 2897">
     <span class='ocr_line' id='line_1_88' title="bbox 2047 2824 3627 2897; baseline 0.002 -19"><span class='ocrx_word' id='word_1_643' title='bbox 2047 2826 2124 2878; x_wconf 84' lang='lat' dir='ltr'><strong>vir</strong></span> <span class='ocrx_word' id='word_1_644' title='bbox 2148 2824 2363 2879; x_wconf 83' lang='lat' dir='ltr'><strong>debitam</strong></span> <span class='ocrx_word' id='word_1_645' title='bbox 2391 2825 2781 2881; x_wconf 84' lang='lat' dir='ltr'><strong>benevolentiam</strong></span> <span class='ocrx_word' id='word_1_646' title='bbox 2808 2826 3005 2890; x_wconf 81' lang='lat' dir='ltr'><strong>reddat,</strong></span> <span class='ocrx_word' id='word_1_647' title='bbox 3033 2826 3302 2897; x_wconf 82' lang='lat' dir='ltr'><strong>itidemque</strong></span> <span class='ocrx_word' id='word_1_648' title='bbox 3324 2844 3454 2881; x_wconf 66' lang='lat' dir='ltr'><strong>uxor</strong></span> <span class='ocrx_word' id='word_1_649' title='bbox 3476 2829 3579 2881; x_wconf 82' lang='lat' dir='ltr'><strong>riro</strong></span> <span class='ocrx_word' id='word_1_650' title='bbox 3605 2845 3627 2891; x_wconf 69' lang='grc' dir='ltr'><em>ς</em></span> 
     </span>
    </p>
   </div>
   <div class='ocr_carea' id='block_1_89' title="bbox 2048 2917 3630 2989">
    <p class='ocr_par' dir='ltr' id='par_1_89' title="bbox 2048 2917 3630 2989">
     <span class='ocr_line' id='line_1_89' title="bbox 2048 2917 3630 2989; baseline 0.002 -20"><span class='ocrx_word' id='word_1_651' title='bbox 2048 2917 2185 2985; x_wconf 91' lang='lat' dir='ltr'><strong>quod</strong></span> <span class='ocrx_word' id='word_1_652' title='bbox 2228 2918 2461 2986; x_wconf 88' lang='lat' dir='ltr'><strong>apertius</strong></span> <span class='ocrx_word' id='word_1_653' title='bbox 2510 2918 2799 2987; x_wconf 81' lang='lat' dir='ltr'><strong>cxplanans</strong></span> <span class='ocrx_word' id='word_1_654' title='bbox 2842 2918 3061 2973; x_wconf 89' lang='lat' dir='ltr'><strong>subdit:</strong></span> <span class='ocrx_word' id='word_1_655' title='bbox 3095 2919 3236 2973; x_wconf 75' lang='lat' dir='ltr'><strong>Uxor</strong></span> <span class='ocrx_word' id='word_1_656' title='bbox 3279 2919 3360 2973; x_wconf 80' lang='lat' dir='ltr'><strong>sui</strong></span> <span class='ocrx_word' id='word_1_657' title='bbox 3403 2920 3630 2989; x_wconf 82' lang='lat' dir='ltr'><strong>corporis</strong></span> 
     </span>
    </p>
   </div>
   <div class='ocr_carea' id='block_1_90' title="bbox 2048 3007 3628 3082">
    <p class='ocr_par' dir='ltr' id='par_1_90' title="bbox 2048 3007 3628 3082">
     <span class='ocr_line' id='line_1_90' title="bbox 2048 3007 3628 3082; baseline 0.003 -23"><span class='ocrx_word' id='word_1_658' title='bbox 2048 3007 2252 3061; x_wconf 86' lang='lat' dir='ltr'><strong>domina</strong></span> <span class='ocrx_word' id='word_1_659' title='bbox 2279 3026 2376 3062; x_wconf 89' lang='lat' dir='ltr'><strong>non</strong></span> <span class='ocrx_word' id='word_1_660' title='bbox 2401 3019 2492 3074; x_wconf 88' lang='lat' dir='ltr'><strong>cst,</strong></span> <span class='ocrx_word' id='word_1_661' title='bbox 2520 3009 2609 3063; x_wconf 84' lang='lat' dir='ltr'><strong>sed</strong></span> <span class='ocrx_word' id='word_1_662' title='bbox 2626 3010 2741 3073; x_wconf 86' lang='lat' dir='ltr'><strong>vir;</strong></span> <span class='ocrx_word' id='word_1_663' title='bbox 2780 3009 3047 3080; x_wconf 83' lang='lat' dir='ltr'><strong>itidemque</strong></span> <span class='ocrx_word' id='word_1_664' title='bbox 3075 3010 3151 3063; x_wconf 90' lang='lat' dir='ltr'><strong>vir</strong></span> <span class='ocrx_word' id='word_1_665' title='bbox 3169 3011 3250 3065; x_wconf 82' lang='lat' dir='ltr'><strong>sui</strong></span> <span class='ocrx_word' id='word_1_666' title='bbox 3279 3012 3508 3082; x_wconf 88' lang='lat' dir='ltr'><strong>corporis</strong></span> <span class='ocrx_word' id='word_1_667' title='bbox 3532 3011 3628 3069; x_wconf 82' lang='lat' dir='ltr'><strong>do,-</strong></span> 
     </span>
    </p>
   </div>
   <div class='ocr_carea' id='block_1_91' title="bbox 2047 3098 3627 3171">
    <p class='ocr_par' dir='ltr' id='par_1_91' title="bbox 2047 3098 3627 3171">
     <span class='ocr_line' id='line_1_91' title="bbox 2047 3098 3627 3171; baseline 0.003 -19"><span class='ocrx_word' id='word_1_668' title='bbox 2047 3100 2212 3153; x_wconf 83' lang='lat' dir='ltr'><strong>minus</strong></span> <span class='ocrx_word' id='word_1_669' title='bbox 2238 3118 2337 3154; x_wconf 88' lang='lat' dir='ltr'><strong>non</strong></span> <span class='ocrx_word' id='word_1_670' title='bbox 2364 3110 2455 3163; x_wconf 83' lang='lat' dir='ltr'><strong>est,</strong></span> <span class='ocrx_word' id='word_1_671' title='bbox 2479 3101 2566 3155; x_wconf 84' lang='lat' dir='ltr'><strong>sed</strong></span> <span class='ocrx_word' id='word_1_672' title='bbox 2592 3117 2722 3154; x_wconf 73' lang='lat' dir='ltr'><strong>uxor</strong></span> <span class='ocrx_word' id='word_1_673' title='bbox 2748 3100 2825 3170; x_wconf 87' lang='lat' dir='ltr'><strong>(I.</strong></span> <span class='ocrx_word' id='word_1_674' title='bbox 2846 3100 2963 3154; x_wconf 84' lang='lat' dir='ltr'><strong>Cor.</strong></span> <span class='ocrx_word' id='word_1_675' title='bbox 2987 3101 3039 3154; x_wconf 90' lang='lat'><strong>7.</strong></span> <span class='ocrx_word' id='word_1_676' title='bbox 3067 3098 3143 3171; x_wconf 79' lang='lat'><strong>&#39;5).</strong></span> <span class='ocrx_word' id='word_1_677' title='bbox 3177 3100 3245 3156; x_wconf 87' lang='lat' dir='ltr'><strong>Et</strong></span> <span class='ocrx_word' id='word_1_678' title='bbox 3263 3101 3378 3157; x_wconf 62' lang='lat' dir='ltr'><strong>haec</strong></span> <span class='ocrx_word' id='word_1_679' title='bbox 3402 3101 3504 3157; x_wconf 92' lang='lat' dir='ltr'><strong>dici</strong></span> <span class='ocrx_word' id='word_1_680' title='bbox 3530 3117 3627 3171; x_wconf 88' lang='lat' dir='ltr'><strong>pro</strong></span> 
     </span>
    </p>
   </div>
   <div class='ocr_carea' id='block_1_92' title="bbox 2047 3190 3625 3262">
    <p class='ocr_par' dir='ltr' id='par_1_92' title="bbox 2047 3190 3625 3262">
     <span class='ocr_line' id='line_1_92' title="bbox 2047 3190 3625 3262; baseline 0.001 -17"><span class='ocrx_word' id='word_1_681' title='bbox 2047 3192 2386 3247; x_wconf 87' lang='lat' dir='ltr'><strong>matrimonio</strong></span> <span class='ocrx_word' id='word_1_682' title='bbox 2433 3190 2710 3254; x_wconf 89' lang='lat' dir='ltr'><strong>videntur;</strong></span> <span class='ocrx_word' id='word_1_683' title='bbox 2759 3206 2942 3246; x_wconf 87' lang='lat' dir='ltr'><strong>revera</strong></span> <span class='ocrx_word' id='word_1_684' title='bbox 2985 3196 3165 3244; x_wconf 91' lang='lat' dir='ltr'><strong>autem</strong></span> <span class='ocrx_word' id='word_1_685' title='bbox 3205 3204 3301 3258; x_wconf 86' lang='lat' dir='ltr'><strong>ea,</strong></span> <span class='ocrx_word' id='word_1_686' title='bbox 3355 3201 3625 3262; x_wconf 88' lang='lat' dir='ltr'><strong>tamquam</strong></span> 
     </span>
    </p>
   </div>
   <div class='ocr_carea' id='block_1_93' title="bbox 2048 3281 3626 3352">
    <p class='ocr_par' dir='ltr' id='par_1_93' title="bbox 2048 3281 3626 3352">
     <span class='ocr_line' id='line_1_93' title="bbox 2048 3281 3626 3352; baseline 0.001 -17"><span class='ocrx_word' id='word_1_687' title='bbox 2048 3281 2260 3336; x_wconf 89' lang='lat' dir='ltr'><strong>hamum</strong></span> <span class='ocrx_word' id='word_1_688' title='bbox 2313 3290 2525 3336; x_wconf 86' lang='lat' dir='ltr'><strong>assueta</strong></span> <span class='ocrx_word' id='word_1_689' title='bbox 2573 3296 2694 3337; x_wconf 86' lang='lat' dir='ltr'><strong>esca</strong></span> <span class='ocrx_word' id='word_1_690' title='bbox 2737 3282 3040 3337; x_wconf 87' lang='lat' dir='ltr'><strong>obvolutum</strong></span> <span class='ocrx_word' id='word_1_691' title='bbox 3070 3324 3084 3347; x_wconf 94' lang='lat'><strong>,</strong></span> <span class='ocrx_word' id='word_1_692' title='bbox 3137 3283 3190 3337; x_wconf 92' lang='lat' dir='ltr'><strong>in</strong></span> <span class='ocrx_word' id='word_1_693' title='bbox 3244 3282 3626 3352; x_wconf 89' lang='lat' dir='ltr'><strong>discipulorum</strong></span> 
     </span>
    </p>
   </div>
   <div class='ocr_carea' id='block_1_94' title="bbox 2046 3372 3624 3442">
    <p class='ocr_par' dir='ltr' id='par_1_94' title="bbox 2046 3372 3624 3442">
     <span class='ocr_line' id='line_1_94' title="bbox 2046 3372 3624 3442; baseline 0 -17"><span class='ocrx_word' id='word_1_694' title='bbox 2046 3386 2203 3428; x_wconf 89' lang='lat' dir='ltr'><strong>aures</strong></span> <span class='ocrx_word' id='word_1_695' title='bbox 2237 3372 2488 3435; x_wconf 78' lang='lat' dir='ltr'><strong>immittit,</strong></span> <span class='ocrx_word' id='word_1_696' title='bbox 2519 3386 2612 3426; x_wconf 89' lang='lat' dir='ltr'><strong>eos</strong></span> <span class='ocrx_word' id='word_1_697' title='bbox 2654 3388 2750 3442; x_wconf 84' lang='lat' dir='ltr'><strong>per</strong></span> <span class='ocrx_word' id='word_1_698' title='bbox 2785 3387 3087 3429; x_wconf 90' lang='lat' dir='ltr'><strong>sermonem</strong></span> <span class='ocrx_word' id='word_1_699' title='bbox 3124 3372 3192 3427; x_wconf 90' lang='lat' dir='ltr'><strong>de</strong></span> <span class='ocrx_word' id='word_1_700' title='bbox 3234 3372 3569 3427; x_wconf 88' lang='lat' dir='ltr'><strong>matrimonio</strong></span> <span class='ocrx_word' id='word_1_701' title='bbox 3596 3389 3624 3433; x_wconf 68' lang='grc' dir='ltr'><strong>τι</strong></span> 
     </span>
    </p>
   </div>
   <div class='ocr_carea' id='block_1_95' title="bbox 2046 3462 3629 3532">
    <p class='ocr_par' dir='ltr' id='par_1_95' title="bbox 2046 3462 3629 3532">
     <span class='ocr_line' id='line_1_95' title="bbox 2046 3462 3629 3532; baseline -0.001 -16"><span class='ocrx_word' id='word_1_702' title='bbox 2046 3462 2383 3517; x_wconf 84' lang='lat' dir='ltr'><strong>matrimonio</strong></span> <span class='ocrx_word' id='word_1_703' title='bbox 2411 3464 2684 3518; x_wconf 88' lang='lat' dir='ltr'><strong>retrahere</strong></span> <span class='ocrx_word' id='word_1_704' title='bbox 2707 3463 2911 3519; x_wconf 86' lang='lat' dir='ltr'><strong>volens.</strong></span> <span class='ocrx_word' id='word_1_705' title='bbox 2957 3462 3055 3529; x_wconf 86' lang='lat' dir='ltr'><strong>Qui</strong></span> <span class='ocrx_word' id='word_1_706' title='bbox 3098 3463 3239 3517; x_wconf 90' lang='lat' dir='ltr'><strong>enim</strong></span> <span class='ocrx_word' id='word_1_707' title='bbox 3279 3463 3476 3528; x_wconf 87' lang='lat' dir='ltr'><strong>audiat,</strong></span> <span class='ocrx_word' id='word_1_708' title='bbox 3508 3477 3629 3532; x_wconf 77' lang='lat' dir='ltr'><strong>poSL</strong></span> 
     </span>
    </p>
   </div>
   <div class='ocr_carea' id='block_1_96' title="bbox 2046 3555 3628 3626">
    <p class='ocr_par' dir='ltr' id='par_1_96' title="bbox 2046 3555 3628 3626">
     <span class='ocr_line' id='line_1_96' title="bbox 2046 3555 3628 3626; baseline -0.001 -17"><span class='ocrx_word' id='word_1_709' title='bbox 2046 3557 2440 3611; x_wconf 84' lang='lat' dir='ltr'><strong>matrimonium</strong></span> <span class='ocrx_word' id='word_1_710' title='bbox 2473 3572 2578 3611; x_wconf 80' lang='lat' dir='ltr'><strong>non</strong></span> <span class='ocrx_word' id='word_1_711' title='bbox 2606 3557 2719 3626; x_wconf 89' lang='lat' dir='ltr'><strong>jam</strong></span> <span class='ocrx_word' id='word_1_712' title='bbox 2746 3571 2806 3611; x_wconf 90' lang='lat' dir='ltr'><strong>se</strong></span> <span class='ocrx_word' id='word_1_713' title='bbox 2832 3571 2984 3611; x_wconf 88' lang='lat' dir='ltr'><strong>suum</strong></span> <span class='ocrx_word' id='word_1_714' title='bbox 3007 3556 3140 3620; x_wconf 87' lang='lat' dir='ltr'><strong>fore,</strong></span> <span class='ocrx_word' id='word_1_715' title='bbox 3162 3556 3256 3611; x_wconf 91' lang='lat' dir='ltr'><strong>sed</strong></span> <span class='ocrx_word' id='word_1_716' title='bbox 3283 3556 3461 3611; x_wconf 78' lang='lat' dir='ltr'><strong>uxoris</strong></span> <span class='ocrx_word' id='word_1_717' title='bbox 3484 3555 3628 3610; x_wconf 86' lang='lat' dir='ltr'><strong>arbi-</strong></span> 
     </span>
    </p>
   </div>
   <div class='ocr_carea' id='block_1_97' title="bbox 2047 3646 3625 3718">
    <p class='ocr_par' dir='ltr' id='par_1_97' title="bbox 2047 3646 3625 3718">
     <span class='ocr_line' id='line_1_97' title="bbox 2047 3646 3625 3718; baseline -0.001 -17"><span class='ocrx_word' id='word_1_718' title='bbox 2047 3649 2151 3702; x_wconf 93' lang='lat' dir='ltr'><strong>trio</strong></span> <span class='ocrx_word' id='word_1_719' title='bbox 2190 3647 2486 3718; x_wconf 82' lang='lat' dir='ltr'><strong>subjectum</strong></span> <span class='ocrx_word' id='word_1_720' title='bbox 2534 3647 2620 3713; x_wconf 91' lang='lat' dir='ltr'><strong>iri,</strong></span> <span class='ocrx_word' id='word_1_721' title='bbox 2649 3661 2747 3701; x_wconf 90' lang='lat' dir='ltr'><strong>nec</strong></span> <span class='ocrx_word' id='word_1_722' title='bbox 2782 3661 2951 3711; x_wconf 87' lang='lat' dir='ltr'><strong>mora,</strong></span> <span class='ocrx_word' id='word_1_723' title='bbox 2991 3646 3331 3701; x_wconf 89' lang='lat' dir='ltr'><strong>acerbissima</strong></span> <span class='ocrx_word' id='word_1_724' title='bbox 3370 3646 3625 3700; x_wconf 87' lang='lat' dir='ltr'><strong>servitute</strong></span> 
     </span>
    </p>
   </div>
   <div class='ocr_carea' id='block_1_98' title="bbox 2045 3739 3619 3811">
    <p class='ocr_par' dir='ltr' id='par_1_98' title="bbox 2045 3739 3619 3811">
     <span class='ocr_line' id='line_1_98' title="bbox 2045 3739 3619 3811; baseline -0.001 -16"><span class='ocrx_word' id='word_1_725' title='bbox 2045 3740 2302 3811; x_wconf 72' lang='lat' dir='ltr'><strong>expedire</strong></span> <span class='ocrx_word' id='word_1_726' title='bbox 2330 3755 2390 3795; x_wconf 90' lang='lat' dir='ltr'><strong>se</strong></span> <span class='ocrx_word' id='word_1_727' title='bbox 2418 3739 2716 3803; x_wconf 85' lang='lat' dir='ltr'><strong>eonabitur,</strong></span> <span class='ocrx_word' id='word_1_728' title='bbox 2746 3740 2827 3794; x_wconf 88' lang='lat' dir='ltr'><strong>vel</strong></span> <span class='ocrx_word' id='word_1_729' title='bbox 2867 3740 3040 3808; x_wconf 89' lang='lat' dir='ltr'><strong>potius</strong></span> <span class='ocrx_word' id='word_1_730' title='bbox 3069 3754 3169 3795; x_wconf 89' lang='lat' dir='ltr'><strong>nec</strong></span> <span class='ocrx_word' id='word_1_731' title='bbox 3196 3739 3379 3810; x_wconf 89' lang='lat' dir='ltr'><strong>jugum</strong></span> <span class='ocrx_word' id='word_1_732' title='bbox 3405 3740 3619 3800; x_wconf 86' lang='lat' dir='ltr'><strong>subire;</strong></span> 
     </span>
    </p>
   </div>
   <div class='ocr_carea' id='block_1_99' title="bbox 2045 3830 3620 3902">
    <p class='ocr_par' dir='ltr' id='par_1_99' title="bbox 2045 3830 3620 3902">
     <span class='ocr_line' id='line_1_99' title="bbox 2045 3830 3620 3902; baseline -0.003 -15"><span class='ocrx_word' id='word_1_733' title='bbox 2045 3848 2167 3887; x_wconf 90' lang='lat' dir='ltr'><strong>cum</strong></span> <span class='ocrx_word' id='word_1_734' title='bbox 2215 3832 2313 3901; x_wconf 82' lang='lat' dir='ltr'><strong>qui</strong></span> <span class='ocrx_word' id='word_1_735' title='bbox 2346 3831 2510 3886; x_wconf 88' lang='lat' dir='ltr'><strong>semel</strong></span> <span class='ocrx_word' id='word_1_736' title='bbox 2562 3831 2813 3894; x_wconf 87' lang='lat' dir='ltr'><strong>subierit,</strong></span> <span class='ocrx_word' id='word_1_737' title='bbox 2860 3831 2907 3885; x_wconf 91' lang='lat' dir='ltr'><strong>ei</strong></span> <span class='ocrx_word' id='word_1_738' title='bbox 2949 3846 3110 3902; x_wconf 88' lang='lat' dir='ltr'><strong>porro</strong></span> <span class='ocrx_word' id='word_1_739' title='bbox 3148 3830 3485 3886; x_wconf 83' lang='lat' dir='ltr'><strong>serviendum</strong></span> <span class='ocrx_word' id='word_1_740' title='bbox 3531 3832 3620 3895; x_wconf 89' lang='lat' dir='ltr'><strong>sit,</strong></span> 
     </span>
    </p>
   </div>
   <div class='ocr_carea' id='block_1_100' title="bbox 2046 3921 3620 3990">
    <p class='ocr_par' dir='ltr' id='par_1_100' title="bbox 2046 3921 3620 3990">
     <span class='ocr_line' id='line_1_100' title="bbox 2046 3921 3620 3990; baseline 0.002 -15"><span class='ocrx_word' id='word_1_741' title='bbox 2046 3922 2293 3990; x_wconf 85' lang='lat' dir='ltr'><strong>quamdiu</strong></span> <span class='ocrx_word' id='word_1_742' title='bbox 2341 3922 2401 3977; x_wconf 75' lang='lat' dir='ltr'><strong>id&quot;</strong></span> <span class='ocrx_word' id='word_1_743' title='bbox 2429 3922 2581 3976; x_wconf 79' lang='lat' dir='ltr'><strong>uxori</strong></span> <span class='ocrx_word' id='word_1_744' title='bbox 2629 3921 2890 3977; x_wconf 89' lang='lat' dir='ltr'><strong>videatur.</strong></span> <span class='ocrx_word' id='word_1_745' title='bbox 2935 3922 3087 3988; x_wconf 87' lang='lat' dir='ltr'><strong>Quod</strong></span> <span class='ocrx_word' id='word_1_746' title='bbox 3117 3931 3291 3977; x_wconf 89' lang='lat' dir='ltr'><strong>autem</strong></span> <span class='ocrx_word' id='word_1_747' title='bbox 3318 3922 3405 3977; x_wconf 89' lang='lat' dir='ltr'><strong>hic</strong></span> <span class='ocrx_word' id='word_1_748' title='bbox 3430 3937 3532 3976; x_wconf 90' lang='lat' dir='ltr'><strong>non</strong></span> <span class='ocrx_word' id='word_1_749' title='bbox 3554 3938 3620 3978; x_wconf 77' lang='lat' dir='ltr'><strong>ex</strong></span> 
     </span>
    </p>
   </div>
   <div class='ocr_carea' id='block_1_101' title="bbox 2044 4006 3620 4083">
    <p class='ocr_par' dir='ltr' id='par_1_101' title="bbox 2044 4006 3620 4083">
     <span class='ocr_line' id='line_1_101' title="bbox 2044 4006 3620 4083; baseline 0 -14"><span class='ocrx_word' id='word_1_750' title='bbox 2044 4014 2351 4083; x_wconf 80' lang='lat' dir='ltr'><strong>conjectura</strong></span> <span class='ocrx_word' id='word_1_751' title='bbox 2394 4013 2461 4069; x_wconf 88' lang='lat' dir='ltr'><strong>de</strong></span> <span class='ocrx_word' id='word_1_752' title='bbox 2502 4013 2659 4068; x_wconf 81' lang='lat' dir='ltr'><strong>Pauli</strong></span> <span class='ocrx_word' id='word_1_753' title='bbox 2681 4013 2940 4068; x_wconf 88' lang='lat' dir='ltr'><strong>sententia</strong></span> <span class='ocrx_word' id='word_1_754' title='bbox 2975 4006 3180 4083; x_wconf 81' lang='lat' dir='ltr'><strong>loquar,</strong></span> <span class='ocrx_word' id='word_1_755' title='bbox 3213 4024 3511 4083; x_wconf 89' lang='lat' dir='ltr'><strong>promptum</strong></span> <span class='ocrx_word' id='word_1_756' title='bbox 3542 4026 3620 4069; x_wconf 86' lang='lat' dir='ltr'><strong>est</strong></span> 
     </span>
    </p>
   </div>
   <div class='ocr_carea' id='block_1_102' title="bbox 2048 4102 3622 4174">
    <p class='ocr_par' dir='ltr' id='par_1_102' title="bbox 2048 4102 3622 4174">
     <span class='ocr_line' id='line_1_102' title="bbox 2048 4102 3622 4174; baseline -0.001 -15"><span class='ocrx_word' id='word_1_757' title='bbox 2048 4119 2109 4159; x_wconf 79' lang='lat' dir='ltr'><strong>ex</strong></span> <span class='ocrx_word' id='word_1_758' title='bbox 2142 4104 2413 4174; x_wconf 86' lang='lat' dir='ltr'><strong>discipulis</strong></span> <span class='ocrx_word' id='word_1_759' title='bbox 2435 4117 2779 4174; x_wconf 83' lang='lat' dir='ltr'><strong>cognoscere.</strong></span> <span class='ocrx_word' id='word_1_760' title='bbox 2810 4102 2942 4159; x_wconf 86' lang='lat' dir='ltr'><strong>Nam</strong></span> <span class='ocrx_word' id='word_1_761' title='bbox 2970 4118 3069 4159; x_wconf 88' lang='lat' dir='ltr'><strong>nec</strong></span> <span class='ocrx_word' id='word_1_762' title='bbox 3094 4104 3128 4158; x_wconf 87' lang='lat' dir='ltr'><strong>ii</strong></span> <span class='ocrx_word' id='word_1_763' title='bbox 3155 4118 3315 4173; x_wconf 84' lang='lat' dir='ltr'><strong>grave</strong></span> <span class='ocrx_word' id='word_1_764' title='bbox 3352 4118 3416 4158; x_wconf 88' lang='lat' dir='ltr'><strong>ac</strong></span> <span class='ocrx_word' id='word_1_765' title='bbox 3451 4103 3622 4159; x_wconf 85' lang='lat' dir='ltr'><strong>mole-</strong></span> 
     </span>
    </p>
   </div>
   <div class='ocr_carea' id='block_1_103' title="bbox 2045 4193 3621 4264">
    <p class='ocr_par' dir='ltr' id='par_1_103' title="bbox 2045 4193 3621 4264">
     <span class='ocr_line' id='line_1_103' title="bbox 2045 4193 3621 4264; baseline 0 -15"><span class='ocrx_word' id='word_1_766' title='bbox 2045 4204 2183 4249; x_wconf 91' lang='lat' dir='ltr'><strong>stum</strong></span> <span class='ocrx_word' id='word_1_767' title='bbox 2211 4209 2331 4250; x_wconf 83' lang='lat' dir='ltr'><strong>esse</strong></span> <span class='ocrx_word' id='word_1_768' title='bbox 2356 4193 2750 4251; x_wconf 87' lang='lat' dir='ltr'><strong>matrimonium</strong></span> <span class='ocrx_word' id='word_1_769' title='bbox 2782 4193 2927 4264; x_wconf 90' lang='lat' dir='ltr'><strong>prius</strong></span> <span class='ocrx_word' id='word_1_770' title='bbox 2963 4193 3208 4250; x_wconf 75' lang='lat' dir='ltr'><strong>arbitrati</strong></span> <span class='ocrx_word' id='word_1_771' title='bbox 3241 4202 3382 4261; x_wconf 88' lang='lat' dir='ltr'><strong>sunt,</strong></span> <span class='ocrx_word' id='word_1_772' title='bbox 3413 4209 3568 4264; x_wconf 82' lang='lat' dir='ltr'><strong>quam</strong></span> <span class='ocrx_word' id='word_1_773' title='bbox 3591 4211 3621 4249; x_wconf 91' lang='lat' dir='ltr'><strong>a</strong></span> 
     </span>
    </p>
   </div>
   <div class='ocr_carea' id='block_1_104' title="bbox 2045 4287 3621 4361">
    <p class='ocr_par' dir='ltr' id='par_1_104' title="bbox 2045 4287 3621 4361">
     <span class='ocr_line' id='line_1_104' title="bbox 2045 4287 3621 4361; baseline 0 -19"><span class='ocrx_word' id='word_1_774' title='bbox 2045 4287 2270 4343; x_wconf 87' lang='lat' dir='ltr'><strong>Domino</strong></span> <span class='ocrx_word' id='word_1_775' title='bbox 2298 4303 2356 4343; x_wconf 91' lang='lat' dir='ltr'><strong>se</strong></span> <span class='ocrx_word' id='word_1_776' title='bbox 2384 4287 2436 4342; x_wconf 92' lang='lat' dir='ltr'><strong>in</strong></span> <span class='ocrx_word' id='word_1_777' title='bbox 2466 4302 2583 4342; x_wconf 85' lang='lat' dir='ltr'><strong>eam</strong></span> <span class='ocrx_word' id='word_1_778' title='bbox 2622 4288 2991 4343; x_wconf 87' lang='lat' dir='ltr'><strong>necessitatem</strong></span> <span class='ocrx_word' id='word_1_779' title='bbox 3030 4287 3342 4361; x_wconf 83' lang='lat' dir='ltr'><strong>conclusos,</strong></span> <span class='ocrx_word' id='word_1_780' title='bbox 3373 4288 3425 4342; x_wconf 91' lang='lat' dir='ltr'><strong>in</strong></span> <span class='ocrx_word' id='word_1_781' title='bbox 3463 4303 3621 4358; x_wconf 87' lang='lat' dir='ltr'><strong>quam</strong></span> 
     </span>
    </p>
   </div>
   <div class='ocr_carea' id='block_1_105' title="bbox 2031 4372 3623 4440">
    <p class='ocr_par' dir='ltr' id='par_1_105' title="bbox 2031 4372 3623 4440">
     <span class='ocr_line' id='line_1_105' title="bbox 2031 4372 3623 4440; baseline -0.001 -11"><span class='ocrx_word' id='word_1_782' title='bbox 2031 4382 2082 4429; x_wconf 90' lang='lat' dir='ltr'><strong>et</strong></span> <span class='ocrx_word' id='word_1_783' title='bbox 2115 4389 2146 4429; x_wconf 87' lang='lat' dir='ltr'><strong>a</strong></span> <span class='ocrx_word' id='word_1_784' title='bbox 2179 4372 2353 4430; x_wconf 76' lang='lat' dir='ltr'><strong>Paulo</strong></span> <span class='ocrx_word' id='word_1_785' title='bbox 2378 4385 2491 4429; x_wconf 89' lang='lat' dir='ltr'><strong>tum</strong></span> <span class='ocrx_word' id='word_1_786' title='bbox 2518 4374 2815 4436; x_wconf 87' lang='lat' dir='ltr'><strong>Corinthii,</strong></span> <span class='ocrx_word' id='word_1_787' title='bbox 2842 4376 3116 4430; x_wconf 86' lang='lat' dir='ltr'><strong>viderunt.</strong></span> <span class='ocrx_word' id='word_1_788' title='bbox 3153 4374 3285 4428; x_wconf 88' lang='lat' dir='ltr'><strong>Illud</strong></span> <span class='ocrx_word' id='word_1_789' title='bbox 3313 4374 3483 4439; x_wconf 85' lang='lat' dir='ltr'><strong>enim,</strong></span> <span class='ocrx_word' id='word_1_790' title='bbox 3510 4372 3623 4440; x_wconf 75' lang='lat' dir='ltr'><strong>Qui</strong></span> 
     </span>
    </p>
   </div>
   <div class='ocr_carea' id='block_1_106' title="bbox 2034 4467 3618 4536">
    <p class='ocr_par' dir='ltr' id='par_1_106' title="bbox 2034 4467 3618 4536">
     <span class='ocr_line' id='line_1_106' title="bbox 2034 4467 3618 4536; baseline -0.001 -16"><span class='ocrx_word' id='word_1_791' title='bbox 2034 4483 2253 4522; x_wconf 73' lang='lat' dir='ltr'><strong>uxorem</strong></span> <span class='ocrx_word' id='word_1_792' title='bbox 2290 4484 2443 4522; x_wconf 85' lang='lat' dir='ltr'><strong>suam</strong></span> <span class='ocrx_word' id='word_1_793' title='bbox 2466 4468 2751 4533; x_wconf 78' lang='lat' dir='ltr'><strong>dimiserit,</strong></span> <span class='ocrx_word' id='word_1_794' title='bbox 2785 4476 3001 4536; x_wconf 72' lang='lat' dir='ltr'><strong>etcapta</strong></span> <span class='ocrx_word' id='word_1_795' title='bbox 3025 4467 3399 4535; x_wconf 78' lang='lat' dir='ltr'><strong>fornicationis</strong></span> <span class='ocrx_word' id='word_1_796' title='bbox 3431 4481 3618 4531; x_wconf 75' lang='lat' dir='ltr'><strong>causa,</strong></span> 
     </span>
    </p>
   </div>
   <div class='ocr_carea' id='block_1_107' title="bbox 2032 4556 3618 4629">
    <p class='ocr_par' dir='ltr' id='par_1_107' title="bbox 2032 4556 3618 4629">
     <span class='ocr_line' id='line_1_107' title="bbox 2032 4556 3618 4629; baseline -0.002 -16"><span class='ocrx_word' id='word_1_797' title='bbox 2032 4560 2167 4629; x_wconf 72' lang='lat' dir='ltr'><strong>facit</strong></span> <span class='ocrx_word' id='word_1_798' title='bbox 2214 4577 2339 4614; x_wconf 82' lang='lat' dir='ltr'><strong>eam</strong></span> <span class='ocrx_word' id='word_1_799' title='bbox 2384 4560 2633 4613; x_wconf 73' lang='lat' dir='ltr'><strong>mwclturi</strong></span> <span class='ocrx_word' id='word_1_800' title='bbox 2674 4560 2889 4626; x_wconf 77' lang='lat' dir='ltr'><strong>(Matth.</strong></span> <span class='ocrx_word' id='word_1_801' title='bbox 2911 4560 2965 4615; x_wconf 84' lang='lat'><strong>5.</strong></span> <span class='ocrx_word' id='word_1_802' title='bbox 2997 4560 3127 4626; x_wconf 76' lang='lat'><strong>52);</strong></span> <span class='ocrx_word' id='word_1_803' title='bbox 3165 4566 3220 4614; x_wconf 82' lang='lat' dir='ltr'><strong>et</strong></span> <span class='ocrx_word' id='word_1_804' title='bbox 3252 4559 3379 4623; x_wconf 86' lang='lat' dir='ltr'><strong>hoc,</strong></span> <span class='ocrx_word' id='word_1_805' title='bbox 3416 4556 3510 4612; x_wconf 82' lang='lat' dir='ltr'><strong>Vir</strong></span> <span class='ocrx_word' id='word_1_806' title='bbox 3532 4558 3618 4611; x_wconf 73' lang='lat' dir='ltr'><strong>sui</strong></span> 
     </span>
    </p>
   </div>
   <div class='ocr_carea' id='block_1_108' title="bbox 2032 4646 3608 4720">
    <p class='ocr_par' dir='ltr' id='par_1_108' title="bbox 2032 4646 3608 4720">
     <span class='ocr_line' id='line_1_108' title="bbox 2032 4646 3608 4720; baseline -0.002 -17"><span class='ocrx_word' id='word_1_807' title='bbox 2032 4650 2269 4718; x_wconf 82' lang='lat' dir='ltr'><strong>corporis</strong></span> <span class='ocrx_word' id='word_1_808' title='bbox 2286 4648 2534 4704; x_wconf 70' lang='lat' dir='ltr'><strong>dentium</strong></span> <span class='ocrx_word' id='word_1_809' title='bbox 2556 4666 2663 4703; x_wconf 70' lang='lat' dir='ltr'><strong>non</strong></span> <span class='ocrx_word' id='word_1_810' title='bbox 2686 4659 2763 4703; x_wconf 84' lang='lat' dir='ltr'><strong>est</strong></span> <span class='ocrx_word' id='word_1_811' title='bbox 2795 4648 2870 4720; x_wconf 87' lang='grc'><strong>(1.</strong></span> <span class='ocrx_word' id='word_1_812' title='bbox 2897 4646 3021 4702; x_wconf 90' lang='lat' dir='ltr'><strong>Cor.</strong></span> <span class='ocrx_word' id='word_1_813' title='bbox 3052 4648 3102 4701; x_wconf 84' lang='lat'><strong>7.</strong></span> <span class='ocrx_word' id='word_1_814' title='bbox 3125 4649 3216 4719; x_wconf 73' lang='lat'><strong>4);</strong></span> <span class='ocrx_word' id='word_1_815' title='bbox 3243 4646 3608 4703; x_wconf 89' lang='lat' dir='ltr'><strong>dissimilibus</strong></span> 
     </span>
    </p>
   </div>
   <div class='ocr_carea' id='block_1_109' title="bbox 2032 4739 3624 4811">
    <p class='ocr_par' dir='ltr' id='par_1_109' title="bbox 2032 4739 3624 4811">
     <span class='ocr_line' id='line_1_109' title="bbox 2032 4739 3624 4811; baseline -0.001 -13"><span class='ocrx_word' id='word_1_816' title='bbox 2032 4741 2239 4808; x_wconf 83' lang='lat' dir='ltr'><strong>verbis,</strong></span> <span class='ocrx_word' id='word_1_817' title='bbox 2263 4741 2358 4796; x_wconf 89' lang='lat' dir='ltr'><strong>sed</strong></span> <span class='ocrx_word' id='word_1_818' title='bbox 2378 4742 2568 4796; x_wconf 89' lang='lat' dir='ltr'><strong>eodem</strong></span> <span class='ocrx_word' id='word_1_819' title='bbox 2600 4757 2768 4797; x_wconf 89' lang='lat' dir='ltr'><strong>sensu</strong></span> <span class='ocrx_word' id='word_1_820' title='bbox 2791 4749 3056 4811; x_wconf 88' lang='lat' dir='ltr'><strong>concepta</strong></span> <span class='ocrx_word' id='word_1_821' title='bbox 3080 4749 3228 4795; x_wconf 82' lang='lat' dir='ltr'><strong>sunt.</strong></span> <span class='ocrx_word' id='word_1_822' title='bbox 3261 4739 3402 4806; x_wconf 88' lang='lat' dir='ltr'><strong>Quin</strong></span> <span class='ocrx_word' id='word_1_823' title='bbox 3431 4740 3624 4807; x_wconf 88' lang='lat' dir='ltr'><strong>siquis</strong></span> 
     </span>
    </p>
   </div>
   <div class='ocr_carea' id='block_1_110' title="bbox 2032 4832 3625 4903">
    <p class='ocr_par' dir='ltr' id='par_1_110' title="bbox 2032 4832 3625 4903">
     <span class='ocr_line' id='line_1_110' title="bbox 2032 4832 3625 4903; baseline -0.004 -12"><span class='ocrx_word' id='word_1_824' title='bbox 2032 4839 2139 4891; x_wconf 89' lang='lat' dir='ltr'><strong>hoc</strong></span> <span class='ocrx_word' id='word_1_825' title='bbox 2158 4832 2314 4888; x_wconf 85' lang='lat' dir='ltr'><strong>Pauli</strong></span> <span class='ocrx_word' id='word_1_826' title='bbox 2328 4833 3077 4893; x_wconf 83' lang='lat' dir='ltr'><strong>accuratiusauimadvertat,</strong></span> <span class='ocrx_word' id='word_1_827' title='bbox 3098 4832 3443 4903; x_wconf 86' lang='lat' dir='ltr'><strong>tyrannidem</strong></span> <span class='ocrx_word' id='word_1_828' title='bbox 3461 4839 3625 4900; x_wconf 79' lang='lat' dir='ltr'><strong>auget</strong></span> 
     </span>
    </p>
   </div>
   <div class='ocr_carea' id='block_1_111' title="bbox 2046 4912 3625 4996">
    <p class='ocr_par' dir='ltr' id='par_1_111' title="bbox 2046 4912 3625 4996">
     <span class='ocr_line' id='line_1_111' title="bbox 2046 4912 3625 4996; baseline -0.006 -14"><span class='ocrx_word' id='word_1_829' title='bbox 2046 4926 2233 4996; x_wconf 79' lang='lat' dir='ltr'><strong>magis,</strong></span> <span class='ocrx_word' id='word_1_830' title='bbox 2280 4912 2652 4992; x_wconf 80' lang='lat' dir='ltr'><strong>dtirioremque</strong></span> <span class='ocrx_word' id='word_1_831' title='bbox 2687 4921 2994 4977; x_wconf 88' lang='lat' dir='ltr'><strong>servitutem</strong></span> <span class='ocrx_word' id='word_1_832' title='bbox 3038 4919 3231 4975; x_wconf 89' lang='lat' dir='ltr'><strong>reddit.</strong></span> <span class='ocrx_word' id='word_1_833' title='bbox 3271 4918 3402 4973; x_wconf 85' lang='lat' dir='ltr'><strong>Nam</strong></span> <span class='ocrx_word' id='word_1_834' title='bbox 3449 4920 3625 4973; x_wconf 85' lang='lat' dir='ltr'><strong>Domi-</strong></span> 
     </span>
    </p>
   </div>
   <div class='ocr_carea' id='block_1_112' title="bbox 2046 5010 3625 5084">
    <p class='ocr_par' dir='ltr' id='par_1_112' title="bbox 2046 5010 3625 5084">
     <span class='ocr_line' id='line_1_112' title="bbox 2046 5010 3625 5084; baseline -0.006 -11"><span class='ocrx_word' id='word_1_835' title='bbox 2046 5032 2147 5073; x_wconf 88' lang='lat' dir='ltr'><strong>nus</strong></span> <span class='ocrx_word' id='word_1_836' title='bbox 2178 5016 2294 5071; x_wconf 89' lang='lat' dir='ltr'><strong>viro</strong></span> <span class='ocrx_word' id='word_1_837' title='bbox 2322 5031 2428 5070; x_wconf 91' lang='lat' dir='ltr'><strong>non</strong></span> <span class='ocrx_word' id='word_1_838' title='bbox 2454 5013 2712 5084; x_wconf 89' lang='lat' dir='ltr'><strong>permittit</strong></span> <span class='ocrx_word' id='word_1_839' title='bbox 2740 5028 2856 5066; x_wconf 89' lang='lat' dir='ltr'><strong>eam</strong></span> <span class='ocrx_word' id='word_1_840' title='bbox 2898 5010 3058 5065; x_wconf 84' lang='lat' dir='ltr'><strong>domo</strong></span> <span class='ocrx_word' id='word_1_841' title='bbox 3093 5011 3309 5078; x_wconf 80' lang='lat' dir='ltr'><strong>exigere</strong></span> <span class='ocrx_word' id='word_1_842' title='bbox 3339 5012 3355 5041; x_wconf 84' lang='grc'>¹</span> <span class='ocrx_word' id='word_1_843' title='bbox 3386 5028 3399 5062; x_wconf 92' lang='lat'><strong>:</strong></span> <span class='ocrx_word' id='word_1_844' title='bbox 3430 5010 3625 5064; x_wconf 86' lang='lat' dir='ltr'><strong>Paulus</strong></span> 
     </span>
    </p>
   </div>
   <div class='ocr_carea' id='block_1_113' title="bbox 2045 5100 3626 5173">
    <p class='ocr_par' dir='ltr' id='par_1_113' title="bbox 2045 5100 3626 5173">
     <span class='ocr_line' id='line_1_113' title="bbox 2045 5100 3626 5173; baseline -0.006 -10"><span class='ocrx_word' id='word_1_845' title='bbox 2045 5108 2095 5163; x_wconf 86' lang='lat' dir='ltr'><strong>ei</strong></span> <span class='ocrx_word' id='word_1_846' title='bbox 2120 5107 2278 5162; x_wconf 90' lang='lat' dir='ltr'><strong>etiam</strong></span> <span class='ocrx_word' id='word_1_847' title='bbox 2321 5105 2401 5159; x_wconf 91' lang='lat' dir='ltr'><strong>sui</strong></span> <span class='ocrx_word' id='word_1_848' title='bbox 2437 5104 2677 5173; x_wconf 88' lang='lat' dir='ltr'><strong>corporis</strong></span> <span class='ocrx_word' id='word_1_849' title='bbox 2702 5101 2938 5156; x_wconf 88' lang='lat' dir='ltr'><strong>dominio</strong></span> <span class='ocrx_word' id='word_1_850' title='bbox 2967 5110 3179 5170; x_wconf 86' lang='lat' dir='ltr'><strong>erepto,</strong></span> <span class='ocrx_word' id='word_1_851' title='bbox 3214 5116 3372 5156; x_wconf 91' lang='lat' dir='ltr'><strong>omne</strong></span> <span class='ocrx_word' id='word_1_852' title='bbox 3399 5100 3515 5170; x_wconf 81' lang='lat' dir='ltr'><strong>ejus</strong></span> <span class='ocrx_word' id='word_1_853' title='bbox 3537 5100 3626 5169; x_wconf 86' lang='lat' dir='ltr'><strong>jus</strong></span> 
     </span>
    </p>
   </div>
   <div class='ocr_carea' id='block_1_114' title="bbox 2046 5190 3627 5263">
    <p class='ocr_par' dir='ltr' id='par_1_114' title="bbox 2046 5190 3627 5263">
     <span class='ocr_line' id='line_1_114' title="bbox 2046 5190 3627 5263; baseline -0.005 -9"><span class='ocrx_word' id='word_1_854' title='bbox 2046 5199 2099 5255; x_wconf 90' lang='lat' dir='ltr'><strong>in</strong></span> <span class='ocrx_word' id='word_1_855' title='bbox 2129 5212 2346 5253; x_wconf 79' lang='lat' dir='ltr'><strong>uxorem</strong></span> <span class='ocrx_word' id='word_1_856' title='bbox 2365 5194 2589 5257; x_wconf 88' lang='lat' dir='ltr'><strong>confert,</strong></span> <span class='ocrx_word' id='word_1_857' title='bbox 2611 5194 2767 5263; x_wconf 89' lang='lat' dir='ltr'><strong>eique</strong></span> <span class='ocrx_word' id='word_1_858' title='bbox 2788 5208 2908 5248; x_wconf 85' lang='lat' dir='ltr'><strong>eum</strong></span> <span class='ocrx_word' id='word_1_859' title='bbox 2932 5191 3174 5261; x_wconf 91' lang='lat' dir='ltr'><strong>emptitio</strong></span> <span class='ocrx_word' id='word_1_860' title='bbox 3194 5190 3392 5245; x_wconf 88' lang='lat' dir='ltr'><strong>famqu</strong></span> <span class='ocrx_word' id='word_1_861' title='bbox 3417 5192 3627 5262; x_wconf 85' lang='lat' dir='ltr'><strong>gravius</strong></span> 
     </span>
    </p>
   </div>
   <div class='ocr_carea' id='block_1_115' title="bbox 2046 5283 3626 5361">
    <p class='ocr_par' dir='ltr' id='par_1_115' title="bbox 2046 5283 3626 5361">
     <span class='ocr_line' id='line_1_115' title="bbox 2046 5283 3626 5361; baseline -0.005 -15"><span class='ocrx_word' id='word_1_862' title='bbox 2046 5290 2276 5361; x_wconf 89' lang='lat' dir='ltr'><strong>subjicit.</strong></span> <span class='ocrx_word' id='word_1_863' title='bbox 2299 5288 2433 5344; x_wconf 81' lang='lat' dir='ltr'><strong>Huic</strong></span> <span class='ocrx_word' id='word_1_864' title='bbox 2463 5286 2603 5343; x_wconf 91' lang='lat' dir='ltr'><strong>enim</strong></span> <span class='ocrx_word' id='word_1_865' title='bbox 2634 5286 2759 5342; x_wconf 89' lang='lat' dir='ltr'><strong>licet</strong></span> <span class='ocrx_word' id='word_1_866' title='bbox 2783 5285 3046 5341; x_wconf 90' lang='lat' dir='ltr'><strong>interdum</strong></span> <span class='ocrx_word' id='word_1_867' title='bbox 3077 5283 3299 5339; x_wconf 89' lang='lat' dir='ltr'><strong>solidam</strong></span> <span class='ocrx_word' id='word_1_868' title='bbox 3322 5285 3626 5339; x_wconf 87' lang='lat' dir='ltr'><strong>libertatem</strong></span> 
     </span>
    </p>
   </div>
   <div class='ocr_carea' id='block_1_116' title="bbox 2046 5374 3630 5450">
    <p class='ocr_par' dir='ltr' id='par_1_116' title="bbox 2046 5374 3630 5450">
     <span class='ocr_line' id='line_1_116' title="bbox 2046 5374 3630 5450; baseline -0.003 -15"><span class='ocrx_word' id='word_1_869' title='bbox 2046 5379 2285 5450; x_wconf 89' lang='lat' dir='ltr'><strong>adipisci.</strong></span> <span class='ocrx_word' id='word_1_870' title='bbox 2317 5378 2364 5434; x_wconf 91' lang='lat' dir='ltr'><strong>si</strong></span> <span class='ocrx_word' id='word_1_871' title='bbox 2403 5377 2616 5448; x_wconf 87' lang='lat' dir='ltr'><strong>quidem</strong></span> <span class='ocrx_word' id='word_1_872' title='bbox 2653 5378 2819 5447; x_wconf 89' lang='lat' dir='ltr'><strong>possit</strong></span> <span class='ocrx_word' id='word_1_873' title='bbox 2857 5374 3138 5446; x_wconf 87' lang='lat' dir='ltr'><strong>aliquando</strong></span> <span class='ocrx_word' id='word_1_874' title='bbox 3179 5383 3363 5432; x_wconf 87' lang='lat' dir='ltr'><strong>auctus</strong></span> <span class='ocrx_word' id='word_1_875' title='bbox 3406 5376 3630 5444; x_wconf 88' lang='lat' dir='ltr'><strong>pecunia</strong></span> 
     </span>
    </p>
   </div>
   <div class='ocr_carea' id='block_1_117' title="bbox 2047 5464 3632 5538">
    <p class='ocr_par' dir='ltr' id='par_1_117' title="bbox 2047 5464 3632 5538">
     <span class='ocr_line' id='line_1_117' title="bbox 2047 5464 3632 5538; baseline -0.003 -15"><span class='ocrx_word' id='word_1_876' title='bbox 2047 5470 2179 5525; x_wconf 87' lang='lat' dir='ltr'><strong>hero</strong></span> <span class='ocrx_word' id='word_1_877' title='bbox 2202 5468 2427 5538; x_wconf 90' lang='lat' dir='ltr'><strong>pretium</strong></span> <span class='ocrx_word' id='word_1_878' title='bbox 2449 5481 2729 5522; x_wconf 88' lang='lat' dir='ltr'><strong>numerare</strong></span> <span class='ocrx_word' id='word_1_879' title='bbox 2752 5485 2766 5522; x_wconf 88' lang='lat'><strong>:</strong></span> <span class='ocrx_word' id='word_1_880' title='bbox 2786 5475 2843 5521; x_wconf 89' lang='lat' dir='ltr'><strong>at</strong></span> <span class='ocrx_word' id='word_1_881' title='bbox 2861 5466 2960 5532; x_wconf 90' lang='lat' dir='ltr'><strong>vir,</strong></span> <span class='ocrx_word' id='word_1_882' title='bbox 2979 5464 3219 5534; x_wconf 87' lang='lat' dir='ltr'><strong>quamvis</strong></span> <span class='ocrx_word' id='word_1_883' title='bbox 3233 5465 3469 5520; x_wconf 87' lang='lat' dir='ltr'><strong>omnium</strong></span> <span class='ocrx_word' id='word_1_884' title='bbox 3492 5464 3632 5519; x_wconf 81' lang='lat' dir='ltr'><strong>difﬁ-</strong></span> 
     </span>
    </p>
   </div>
   <div class='ocr_carea' id='block_1_118' title="bbox 2047 5554 3629 5624">
    <p class='ocr_par' dir='ltr' id='par_1_118' title="bbox 2047 5554 3629 5624">
     <span class='ocr_line' id='line_1_118' title="bbox 2047 5554 3629 5624; baseline -0.004 -9"><span class='ocrx_word' id='word_1_885' title='bbox 2047 5560 2297 5615; x_wconf 90' lang='lat' dir='ltr'><strong>cillimam</strong></span> <span class='ocrx_word' id='word_1_886' title='bbox 2326 5572 2546 5613; x_wconf 79' lang='lat' dir='ltr'><strong>uxorem</strong></span> <span class='ocrx_word' id='word_1_887' title='bbox 2575 5567 2761 5612; x_wconf 90' lang='lat' dir='ltr'><strong>nactus</strong></span> <span class='ocrx_word' id='word_1_888' title='bbox 2787 5557 2873 5622; x_wconf 88' lang='lat' dir='ltr'><strong>sit,</strong></span> <span class='ocrx_word' id='word_1_889' title='bbox 2897 5556 3212 5612; x_wconf 88' lang='lat' dir='ltr'><strong>servitutem</strong></span> <span class='ocrx_word' id='word_1_890' title='bbox 3237 5554 3373 5611; x_wconf 86' lang='lat' dir='ltr'><strong>ferre</strong></span> <span class='ocrx_word' id='word_1_891' title='bbox 3397 5555 3629 5624; x_wconf 90' lang='lat' dir='ltr'><strong>cogitur,</strong></span> 
     </span>
    </p>
   </div>
   <div class='ocr_carea' id='block_1_119' title="bbox 2048 5646 3625 5721">
    <p class='ocr_par' dir='ltr' id='par_1_119' title="bbox 2048 5646 3625 5721">
     <span class='ocr_line' id='line_1_119' title="bbox 2048 5646 3625 5721; baseline -0.002 -14"><span class='ocrx_word' id='word_1_892' title='bbox 2048 5665 2150 5707; x_wconf 88' lang='lat' dir='ltr'><strong>nec</strong></span> <span class='ocrx_word' id='word_1_893' title='bbox 2175 5663 2278 5721; x_wconf 89' lang='lat' dir='ltr'><strong>qua</strong></span> <span class='ocrx_word' id='word_1_894' title='bbox 2306 5662 2374 5704; x_wconf 90' lang='lat' dir='ltr'><strong>eo</strong></span> <span class='ocrx_word' id='word_1_895' title='bbox 2400 5646 2672 5704; x_wconf 87' lang='lat' dir='ltr'><strong>dominatu</strong></span> <span class='ocrx_word' id='word_1_896' title='bbox 2713 5662 2776 5704; x_wconf 81' lang='lat' dir='ltr'><strong>se</strong></span> <span class='ocrx_word' id='word_1_897' title='bbox 2809 5646 3072 5711; x_wconf 90' lang='lat' dir='ltr'><strong>absolvat,</strong></span> <span class='ocrx_word' id='word_1_898' title='bbox 3100 5646 3238 5701; x_wconf 88' lang='lat' dir='ltr'><strong>inire</strong></span> <span class='ocrx_word' id='word_1_899' title='bbox 3259 5647 3399 5701; x_wconf 87' lang='lat' dir='ltr'><strong>viam</strong></span> <span class='ocrx_word' id='word_1_900' title='bbox 3429 5656 3625 5718; x_wconf 89' lang='lat' dir='ltr'><strong>potest.</strong></span> 
     </span>
    </p>
   </div>
   <div class='ocr_carea' id='block_1_120' title="bbox 2117 5832 3583 5907">
    <p class='ocr_par' dir='ltr' id='par_1_120' title="bbox 2117 5832 3583 5907">
     <span class='ocr_line' id='line_1_120' title="bbox 2117 5832 3583 5907; baseline -0.008 -14"><span class='ocrx_word' id='word_1_901' title='bbox 2117 5843 2134 5876; x_wconf 74' lang='grc' dir='ltr'><strong><em>ι</em></strong></span> <span class='ocrx_word' id='word_1_902' title='bbox 2169 5850 2278 5893; x_wconf 60' lang='lat' dir='ltr'><strong>ttae</strong></span> <span class='ocrx_word' id='word_1_903' title='bbox 2299 5839 2492 5907; x_wconf 87' lang='lat' dir='ltr'><strong>paulum</strong></span> <span class='ocrx_word' id='word_1_904' title='bbox 2512 5837 2709 5890; x_wconf 84' lang='lat' dir='ltr'><strong>diverse</strong></span> <span class='ocrx_word' id='word_1_905' title='bbox 2725 5837 2891 5900; x_wconf 82' lang='lat' dir='ltr'><strong>jaceat</strong></span> <span class='ocrx_word' id='word_1_906' title='bbox 2909 5837 2960 5887; x_wconf 85' lang='lat' dir='ltr'><strong>in</strong></span> <span class='ocrx_word' id='word_1_907' title='bbox 2978 5841 3118 5904; x_wconf 80' lang='lat' dir='ltr'><strong>neg.,</strong></span> <span class='ocrx_word' id='word_1_908' title='bbox 3139 5835 3229 5889; x_wconf 82' lang='lat' dir='ltr'><strong>sed</strong></span> <span class='ocrx_word' id='word_1_909' title='bbox 3251 5832 3409 5887; x_wconf 77' lang='lat' dir='ltr'><strong>minus</strong></span> <span class='ocrx_word' id='word_1_910' title='bbox 3429 5838 3583 5884; x_wconf 88' lang='lat' dir='ltr'><strong>recte.</strong></span> 
     </span>
    </p>
   </div>
  </div>
