4020 6406
216 405 301 461 as

300 527 499 584 XXIX.
530 529 714 598 Illud,
739 530 818 587 Ne
837 527 1150 586 defraudato
1171 526 1309 583 alter
1323 526 1573 593 alterum,
1606 541 1714 598 ejus
1743 541 1846 581 esse

255 626 327 694 qui
364 624 430 678 ad
470 625 823 695 virginitatem
861 623 1082 694 instiget.
1111 651 1184 663 —
1224 621 1405 692 Itaque
1440 635 1561 675 cum
1603 618 1844 683 dixisset,

258 716 393 773 liuor
416 716 497 772 sui
522 717 760 787 corporis
786 716 990 769 domina
1009 730 1110 768 non
1128 722 1221 780 est,
1245 711 1411 775 addit,
1442 710 1526 766 Ne
1551 710 1850 775 defrautlate

259 811 379 865 alter
397 809 636 872 alterum,
660 808 761 862 nisi
782 807 828 862 si
849 804 972 880 quid
992 822 1055 861 ea:
1076 820 1323 859 consensu
1337 802 1406 857 ad
1428 812 1642 873 tempus,
1661 810 1714 856 ut
1744 818 1849 869 pre-

259 903 393 958 cibus
436 912 485 957 et
524 902 729 974 jejunio
774 901 957 954 vacetis
986 914 1007 953 :
1026 913 1325 968 rursumque
1373 896 1548 950 eodem
1594 895 1850 949 convenite

264 993 341 1066 (ί.
370 992 495 1048 Cor.
531 993 587 1047 Ἰ.
613 992 670 1047 4.
700 992 796 1062 5).
817 990 1011 1045 Multos
1040 988 1126 1043 hic
1151 1002 1336 1044 eorum
1375 986 1465 1057 qui
1493 986 1846 1056 virginitatem

260 1094 382 1141 sunt
403 1084 673 1153 amplexi,
714 1082 768 1137 in
812 1089 957 1136 tanta
998 1080 1144 1134 Pauli
1178 1077 1501 1149 indulgentia
1530 1076 1849 1132 erubescere

260 1194 322 1232 ac
348 1174 697 1232 verecundari
726 1173 993 1229 existimo.
1039 1173 1111 1226 At
1143 1186 1211 1227 ne
1246 1171 1447 1234 timete,
1479 1185 1583 1224 neu
1604 1168 1848 1239 imperite

258 1270 547 1343 quidquam
577 1269 858 1325 admittite.
881 1268 1013 1324 Nam
1038 1278 1093 1323 et
1114 1268 1229 1323 hmc
1249 1267 1496 1323 videntur
1514 1281 1636 1322 esse
1657 1265 1848 1336 conju-

258 1363 414 1433 gibus
453 1362 805 1434 indulgentis;
837 1362 931 1416 sed
958 1361 1002 1417 si
1031 1362 1151 1431 quis
1176 1376 1237 1416 ea
1262 1367 1512 1416 accurate
1539 1368 1810 1415 scrutetur
1829 1399 1844 1424 ,

259 1455 501 1526 ejusdem
523 1470 644 1510 cum
670 1453 1034 1524 superioribus
1057 1451 1337 1508 sententiae
1370 1452 1681 1523 comperiet.
1711 1451 1850 1505 Alio-

259 1548 349 1618 qui
379 1547 424 1601 si
461 1561 528 1602 ea
556 1545 744 1601 leviter
772 1554 1061 1601 tractamus
1100 1546 1429 1617 prepositam
1466 1560 1682 1600 causam
1728 1561 1848 1599 mu-

260 1637 444 1699 tando,
475 1637 728 1706 pronubte
756 1637 934 1707 potius
960 1651 1118 1708 quam
1145 1636 1387 1706 Apostoli
1407 1636 1572 1692 verba
1589 1636 1848 1691 videbun-

261 1738 347 1783 tur
374 1728 498 1783 :sin
525 1729 800 1783 consilium
826 1744 984 1784 omne
1013 1729 1338 1794 evolvamus,
1367 1730 1527 1783 etiam
1569 1730 1707 1783 hanc
1753 1743 1819 1783 co

261 1820 620 1875 hortationem
653 1820 865 1891 dignam
886 1820 1179 1891 apostolica
1202 1820 1462 1892 gravitate
1489 1821 1848 1875 inveniemus.

259 1913 399 1981 Quid
435 1921 519 1968 est
552 1914 696 1968 enim
725 1930 820 1968 cur
848 1914 899 1969 in
932 1914 1030 1969 hac
1061 1914 1420 1985 disputatione
1449 1914 1702 1984 prolixior
1728 1910 1852 1967 est?

258 2022 330 2061 an
387 2022 495 2061 non
541 2007 592 2061 id
640 2008 772 2061 satis
823 2017 976 2076 erat,
1007 2018 1065 2063 ut
1111 2023 1232 2063 cum
1286 2007 1654 2078 superioribus
1674 2006 1851 2061 verbis

261 2096 368 2152 hoc
402 2098 637 2168 graviter
678 2108 1121 2168 repraesentasset
1145 2141 1160 2163 ,
1192 2098 1615 2154 cohortationem
1643 2097 1748 2153 illic
1774 2098 1849 2152 si-

260 2190 463 2243 steret?
488 2204 612 2243 nam
637 2190 762 2259 quid
793 2190 896 2254 his,
925 2188 1007 2244 Ne
1030 2190 1330 2263 defraudate
1350 2190 1480 2245 alter
1498 2189 1734 2258 alterum,
1754 2191 1854 2245 nisi

261 2283 306 2336 si
333 2281 459 2352 quid
477 2299 541 2337 ea;
558 2299 801 2337 consensu
827 2283 895 2336 ad
925 2293 1136 2355 tempus,
1163 2285 1281 2356 plus
1301 2284 1496 2340 dicitur
1533 2301 1691 2356 quam
1724 2285 1850 2357 illis,

265 2372 429 2429 Uxori
444 2374 520 2427 vir
534 2374 752 2428 debitam
769 2375 1157 2430 benevolentiam
1173 2376 1351 2431 reddat
1370 2375 1475 2448 (Ib.
1490 2393 1537 2432 υ.
1554 2378 1606 2446 5)
1617 2420 1629 2442 ,
1648 2387 1703 2434 et
1728 2378 1849 2446 hoc,

272 2463 363 2518 Vir
389 2465 470 2519 sui
498 2464 722 2536 corporis
748 2464 982 2521 dominus
1009 2484 1110 2521 non
1138 2477 1208 2521 est
1226 2466 1333 2539 (Ib.
1353 2483 1399 2522 υ.
1423 2469 1481 2537 4)
1498 2468 1521 2522 ?
1538 2468 1849 2525 Niliilsane:

262 2557 356 2613 sed
379 2558 521 2628 quod
550 2558 659 2614 illic
682 2559 917 2615 breviter
944 2569 997 2615 et
1023 2560 1250 2616 obscure
1270 2561 1471 2616 dictum
1497 2572 1600 2629 est,
1628 2561 1713 2616 hic
1739 2562 1856 2632 plu-

265 2648 413 2703 ribus
443 2650 688 2705 illustrat.
722 2652 895 2721 Atque
924 2652 975 2706 id
1009 2652 1129 2707 facit
1161 2661 1403 2708 sanctum
1434 2653 1526 2707 Dei
1549 2653 1853 2708 Samuelem

264 2741 519 2796 imitatus.
548 2740 618 2798 Ut
641 2743 782 2796 enim
806 2742 893 2797 ille
907 2742 1304 2799 accuratissime
1323 2745 1469 2812 regni
1497 2745 1638 2816 leges
1661 2745 1856 2815 populo

265 2840 533 2897 recenset,
571 2847 675 2887 non
706 2840 764 2886 ut
804 2848 893 2888 eas
926 2835 1214 2904 suscipiant
1238 2878 1253 2902 ,
1300 2837 1395 2892 sed
1422 2852 1489 2892 ne
1527 2837 1852 2907 suscipiant;

265 2926 455 2996 agique
479 2926 740 2982 institutio
762 2926 1002 2996 quaedam
1032 2929 1401 2994 videtur,cum
1438 2945 1619 2987 revera
1666 2932 1859 2986 intem-

268 3018 487 3088 pestivae
517 3034 698 3074 eorum
724 3020 1025 3089 cupiditatis
1050 3021 1350 3077 deltortatio
1372 3023 1441 3077 sit
1467 3040 1480 3076 :
1504 3024 1574 3076 ad
1607 3023 1855 3078 eumdem

269 3109 484 3163 modum
514 3118 567 3164 et
594 3109 788 3165 Paulus
819 3111 1140 3166 matrimonii
1168 3113 1501 3183 tyrannidem
1526 3113 1858 3184 frequentius

264 3212 314 3255 ct
340 3204 580 3271 apertius
609 3202 858 3268 inculcat,
887 3217 978 3258 eos
1006 3204 1089 3258 his
1121 3205 1294 3259 verbis
1320 3206 1503 3261 volens
1541 3205 1663 3260 inde
1699 3220 1856 3261 revoo

265 3311 412 3351 utre.
461 3296 646 3365 Itaque
687 3297 735 3351 ei
778 3300 1078 3361 sententiae,
1116 3297 1258 3353 Uxor
1287 3299 1365 3353 sui
1396 3300 1622 3370 corporis
1650 3299 1857 3352 domina

265 3403 364 3441 non
394 3396 489 3453 est,
514 3387 680 3453 addit,
714 3388 797 3441 Ne
817 3390 1119 3461 defraudate
1138 3392 1266 3444 alter
1284 3390 1520 3455 alterunt,
1550 3391 1647 3444 nisi
1674 3391 1718 3444 si
1736 3390 1859 3458 quid

268 3494 328 3532 ea:
349 3494 619 3543 consensu,
639 3490 692 3532 ut
703 3481 906 3550 jejunio
933 3491 979 3535 et
1006 3481 1234 3551 precibus
1253 3484 1456 3536 vacetis.
1491 3482 1652 3537 Vides
1681 3489 1860 3539 utnec

265 3570 485 3639 opinato
509 3578 565 3624 et
583 3569 701 3625 sine
726 3571 988 3636 molestia,
1016 3587 1111 3627 eos
1134 3576 1221 3643 qui
1246 3574 1298 3629 in
1325 3574 1667 3629 matrimonio
1697 3574 1860 3645 dege-

269 3673 388 3716 rent
407 3662 473 3716 ad
502 3663 844 3718 continentia:
874 3666 1105 3719 studium
1134 3667 1392 3721 inducat?
1432 3666 1566 3721 Nam
1598 3667 1860 3738 principio

236 3770 381 3809 'rctn
415 3755 646 3809 laudavit
679 3756 895 3823 dicens,
921 3756 1117 3813 Bonum
1153 3769 1227 3815 est
1250 3760 1443 3814 homini
1472 3762 1731 3816 mulierem
1759 3779 1860 3816 non

269 3854 474 3915 tangere
493 3847 545 3915 (l
560 3887 572 3898 .
590 3846 706 3900 Cor.
730 3850 783 3903 7.
809 3848 864 3918 l)
890 3866 904 3900 :
927 3850 1239 3907 bicadhibet
1258 3851 1415 3907 etiam
1435 3852 1858 3909 cohortationem

269 3938 352 3992 bis
372 3939 570 4003 verbis,
602 3938 684 3994 Ne
707 3940 1017 4009 defraudatis
1044 3943 1173 3996 alter
1199 3944 1432 4011 alterum,
1461 3947 1558 3999 nisi
1586 3947 1631 4000 si
1657 3947 1779 4017 quid
1800 3963 1862 4001 ea:

265 4046 534 4084 consensu.
565 4031 631 4085 Et
658 4047 755 4087 cor
774 4034 914 4103 quod
936 4036 1282 4091 constitutum
1314 4038 1544 4102 volebat,
1579 4037 1863 4092 hortaban-

267 4120 388 4187 dus,
419 4137 527 4176 non
552 4122 964 4192 imperabundus
994 4127 1281 4196 preponit?
1321 4127 1502 4198 Neque
1532 4130 1673 4184 enim
1704 4129 1857 4194 dixit,

273 4214 593 4270 Defraudate
612 4216 746 4272 alter
770 4220 1014 4285 alterum,
1038 4219 1328 4275 dummodo
1349 4237 1414 4275 ex
1439 4235 1737 4287 consensu;
1767 4222 1861 4276 sed

270 4305 433 4373 quid?
460 4304 547 4360 Ne
568 4306 867 4377 defraudato:
890 4309 1017 4363 alter
1040 4311 1275 4377 alterum,
1307 4312 1406 4365 nisi
1439 4314 1483 4366 si
1508 4313 1629 4382 quid
1657 4330 1719 4367 ea:
1737 4330 1863 4366 con-

269 4412 439 4451 sensu.
469 4397 603 4465 Quia
632 4397 716 4453 hic
741 4415 919 4453 sermo
950 4400 1115 4455 levior
1143 4411 1251 4468 est,
1282 4403 1516 4458 doctoris
1544 4407 1861 4458 seutent'am

269 4487 641 4545 demonstrans
667 4529 684 4556 ,
712 4505 832 4561 quae
858 4490 1024 4560 rigide
1049 4492 1098 4545 id
1130 4509 1234 4546 non
1261 4493 1453 4563 exigat,
1483 4508 1603 4557 cum
1635 4495 1865 4550 maxime

268 4592 481 4633 summa
512 4579 881 4636 benevolentia
909 4583 1257 4651 persolvatur.
1283 4583 1462 4655 Neque
1487 4600 1552 4640 eo
1574 4586 1690 4639 solo
1714 4587 1866 4642 audi«

271 4678 443 4724 torem
468 4670 690 4734 solatur,
720 4673 814 4727 sed
843 4674 1002 4727 etiam
1024 4675 1163 4744 quod
1187 4691 1434 4744 aSperum
1466 4678 1715 4733 brevibus
1744 4694 1865 4732 ver.

270 4759 354 4814 bis
381 4761 693 4829 complexus
723 4763 868 4832 prius
888 4764 954 4819 ad
976 4765 1211 4834 jucunda
1232 4778 1553 4835 revertatur,
1579 4786 1736 4840 quam
1766 4787 1864 4825 au-

270 4851 502 4907 ditorem
527 4852 683 4908 dolor
699 4856 940 4926 attingat,
970 4857 1020 4911 in
1053 4858 1222 4928 iiSque
1248 4861 1415 4930 magis
1442 4870 1699 4915 moretur.

346 4945 520 5000 XXX.
550 4944 653 5001 Cur
671 4948 715 5002 si
737 4951 1037 5004 honoratum
1065 4953 1441 5006 matrimonium
1463 4965 1556 5021 est,
1573 4957 1865 5025 jejunantes

270 5038 502 5092 hortetur
548 5036 747 5095 Paulus
800 5058 1073 5112 congressu
1123 5045 1391 5099 abstinere.
1414 5076 1489 5086 —
1515 5050 1689 5117 Atque
1738 5048 1866 5103 illud

269 5131 434 5185 etiam
475 5134 768 5201 quaestione
818 5134 1036 5205 dignum
1083 5146 1184 5202 est,
1236 5153 1352 5203 cur,
1404 5139 1448 5192 si
1497 5140 1709 5209 quidem
1772 5140 1868 5195 ho-

270 5224 517 5279 uorabile
563 5236 643 5281 est
699 5228 1094 5283 matrimonium
1148 5237 1203 5284 et
1253 5241 1401 5284 torus
1449 5232 1817 5286 immaculatus
1849 5274 1864 5297 ,

265 5315 320 5368 ei
375 5329 598 5385 precum
649 5331 712 5372 ac
759 5317 946 5386 jejuuii
992 5328 1233 5388 tempore
1288 5320 1461 5375 locum
1510 5321 1707 5378 habere
1761 5340 1864 5378 non

266 5404 586 5472 permittat?
635 5406 785 5474 Quod
831 5409 1211 5477 perabsurdum
1260 5420 1421 5478 esset,
1452 5409 1700 5475 Iudaeos,
1746 5414 1864 5484 qui-

267 5499 368 5553 bus
406 5500 587 5553 omnia
635 5516 892 5569 corporea
933 5505 1410 5570 constituebantur,
1445 5506 1534 5575 qui
1559 5505 1692 5561 duas
1733 5523 1867 5562 con-

258 5593 426 5664 juch
450 5592 650 5650 habere
671 5635 688 5662 ,
743 5604 797 5650 et
842 5595 961 5670 aliis
996 5597 1181 5668 ejectis
1214 5598 1345 5653 alias
1382 5599 1682 5655 adsciscere
1725 5598 1869 5658 sinc-

262 5682 496 5746 hantur,
530 5693 739 5739 tantam
774 5687 830 5741 in
852 5688 953 5742 hac
984 5704 1043 5744 re
1065 5704 1287 5760 operam
1314 5707 1546 5763 ponere,
1584 5701 1642 5749 ut
1668 5693 1856 5751 divina

261 5779 490 5833 nracula
532 5778 812 5844 audituri,
847 5781 1006 5836 etiam
1055 5785 1299 5856 legitimo
1328 5785 1476 5847 coitu
1510 5786 1855 5841 abstinerent

263 5868 468 5931 (Exod.
506 5870 612 5939 I9).
643 5871 806 5934 idque
831 5889 937 5927 non
974 5892 1139 5931 unum
1173 5886 1265 5931 aut
1303 5878 1535 5934 alterum
1566 5878 1729 5948 diem,
1760 5880 1855 5936 scd

1612 411 1697 468 DE
1724 411 2189 469 VIIiGthTATE.

3434 404 3500 458 5.3
3513 404 3539 461 6

1956 526 2114 580 etiam
2136 524 2317 596 plures
2341 543 2354 580 :
2383 539 2484 582 nos
2506 533 2686 584 autem
2710 534 2856 583 tanta
2876 526 3099 584 allectos
3118 529 3305 601 gratia,
3324 532 3410 601 qui
3441 534 3547 602 spi-

1955 616 2125 671 ritalia
2150 618 2472 687 accepimus,
2501 618 2799 683 defunctos.
2823 635 2944 676 cum
2970 620 3183 677 Christo
3203 623 3546 693 consepultus

1956 709 2115 777 (Vide
2135 710 2203 764 ad
2231 709 2382 766 Rom.
2409 711 2490 782 8),
2520 712 2808 783 adoptione
2837 723 3043 782 auctos,
3069 715 3136 770 ad
3167 730 3284 771 eam
3313 716 3546 788 dignita-

1956 811 2061 858 tem
2085 813 2317 870 evectos,
2352 812 2472 874 post
2500 814 2575 860 tot
2602 815 2853 877 tantaque
2877 808 3015 863 bona
3045 824 3112 864 ne
3133 808 3409 864 infantium
3432 814 3550 881 qui-

1954 894 2075 949 dem
2103 894 2315 949 illorum
2342 896 2573 951 studium
2609 898 2884 969 consequi.
2923 899 3075 966 Quod
3115 900 3159 954 si
3192 902 3310 972 quis
3354 901 3547 956 iterum

1954 1000 2197 1054 quaerere
2223 987 2491 1055 persistat,
2516 1002 2612 1045 cur
2631 988 2804 1044 Moses
2835 990 2949 1059 ipse
2977 989 3190 1045 Judmos
3217 990 3287 1045 ab
3316 1006 3381 1046 eo
3403 993 3546 1047 coita

1954 1075 2199 1143 abducat,
2231 1077 2281 1132 id
2311 1077 2503 1133 habeat
2526 1094 2840 1149 responsum
2872 1097 2887 1135 :
2926 1081 3025 1136 etsi
3073 1080 3387 1138 ltonorabile
3429 1096 3548 1135 ma-

1956 1169 2264 1225 trimonium
2304 1170 2392 1238 sit,
2421 1182 2476 1224 at
2513 1186 2580 1226 eo
2625 1173 2797 1227 solum
2840 1174 3174 1245 pertingere,
3207 1184 3264 1230 ut
3309 1184 3547 1233 utentem

1954 1275 2060 1316 non
2082 1260 2343 1332 inquinet,
2365 1273 2578 1320 sanctos
2605 1280 2732 1320 vero
2764 1276 3016 1336 prwstare
3055 1284 3161 1321 non
3199 1267 3337 1326 illud.
3367 1284 3548 1339 posse,

1954 1351 2049 1407 sed
2065 1352 2440 1424 virginitatem.
2470 1355 2548 1412 Ne
2570 1371 2697 1411 vero
2721 1367 2873 1426 putes
2901 1373 2963 1412 ea
2987 1358 3165 1413 Mosen
3189 1359 3362 1417 solum
3389 1371 3547 1429 atque

1956 1444 2178 1500 Paulum
2219 1448 2470 1514 edixisse,
2503 1450 2624 1504 audi
2675 1450 2801 1520 quid
2842 1450 2958 1506 Joel
3001 1451 3145 1507 dicat
3177 1472 3189 1506 :
3219 1452 3550 1523 Sancti/icate

1945 1538 2220 1608 jejunium,
2253 1539 2526 1608 prwdicate
2549 1541 2879 1605 curationem,
2913 1543 3074 1613 cogite
3097 1552 3295 1608 c-etum,
3328 1546 3550 1599 seniores

1955 1645 2256 1702 congregata
2285 1630 2422 1703 (Joel
2474 1632 2528 1686 2.
2561 1632 2671 1706 15).
2716 1634 2820 1690 Sed
2864 1638 3060 1705 qua'ris
3083 1679 3096 1703 ,
3134 1637 3348 1691 ubinam
3377 1653 3583 1709 uxore

1955 1721 2326 1777 abstinendum
2358 1723 2533 1778 dicat?
2560 1723 2890 1795 Egrediatur,
2919 1727 3108 1795 inquit,
3136 1746 3350 1798 sponsus
3369 1730 3432 1787 de
3451 1747 3546 1784 cu-

1955 1810 2045 1865 bili
2069 1829 2179 1878 suo,
2209 1823 2258 1867 et
2286 1830 2472 1885 sponsa
2498 1816 2562 1870 de
2589 1816 2815 1871 thalamo
2840 1835 2932 1873 suo
2961 1818 3065 1891 (Ib.
3092 1836 3138 1875 υ.
3170 1821 3279 1891 16).
3316 1820 3373 1875 ω
3405 1824 3547 1878 enim

1955 1902 2187 1960 Mosaico
2214 1905 2376 1960 etiam
2405 1906 2576 1977 majus
2604 1916 2687 1963 est
2720 1921 3006 1981 praecepto.
3051 1910 3184 1970 Nam
3215 1913 3260 1967 si
3289 1928 3546 1984 Sponsum

1956 2011 2019 2051 ac
2044 2012 2295 2066 sponsam
2322 1998 2541 2055 libidine
2564 2000 2838 2070 ardentes,
2861 2002 3079 2073 juventa
3107 2007 3428 2075 prurientes,
3453 2025 3548 2063 cu-

1955 2088 2176 2159 piditate
2202 2090 2455 2159 infrenos,
2473 2091 2663 2161 jejunii
2691 2103 2745 2149 et
2775 2109 2991 2165 precum
3015 2105 3254 2166 tempore
3280 2100 3426 2153 coire
3452 2116 3544 2155 ue-

1958 2178 2037 2234 fas
2059 2190 2169 2246 est,
2198 2192 2399 2252 quanto
2423 2185 2590 2255 magis
2620 2194 2847 2241 czeteros
2873 2203 2990 2243 eam
3029 2189 3406 2259 congrediendi
3454 2208 3550 2246 neo

1957 2273 2261 2330 cessitatem
2290 2291 2396 2332 non
2427 2275 2719 2333 habentes?
2757 2277 2857 2345 Qui
2882 2280 3024 2336 enim
3056 2288 3113 2334 ut
3133 2280 3285 2337 decet
3311 2296 3553 2352 compre~

1956 2374 2108 2419 cetur
2147 2380 2212 2421 ac
2245 2367 2476 2440 jejunet,
2512 2369 2559 2424 ei
2605 2384 2824 2426 necesse
2870 2374 2960 2435 sit,
3001 2388 3161 2427 omne
3201 2374 3553 2430 humanarum

1959 2472 2137 2512 rerum
2167 2460 2421 2528 studium,
2448 2476 2663 2517 onmem
2693 2478 2875 2518 curam
2904 2472 2955 2519 et
2987 2466 3255 2533 negotium
3283 2467 3549 2536 abjicere,

1958 2563 2022 2604 ac
2046 2564 2105 2604 se
2137 2550 2367 2622 undique
2401 2552 2740 2623 colligentem
2777 2554 2943 2610 Deum
2983 2556 3150 2612 adire.
3196 2556 3373 2625 Quare
3399 2568 3454 2614 et
3475 2559 3554 2629 je~

1953 2639 2161 2709 junium
2203 2642 2403 2698 bonum
2439 2655 2543 2714 est,
2573 2645 2769 2717 quippe
2790 2647 2939 2718 quod
2969 2648 3155 2704 recisis
3183 2650 3345 2703 animi
3375 2652 3516 2705 curis
3536 2693 3552 2718 ,

1958 2749 2023 2789 ac
2049 2735 2368 2806 negligentia
2406 2753 2526 2810 quae
2569 2749 2800 2795 mentem
2831 2740 3167 2798 cireumlluat
3190 2759 3435 2814 repressa
3460 2759 3555 2800 co-

1957 2828 2267 2897 gitationem
2298 2847 2512 2887 omnem
2539 2831 2606 2888 ad
2628 2849 2688 2889 se
2722 2844 3018 2892 convertat.
3046 2836 3101 2892 Id
3122 2837 3263 2909 quod
3285 2847 3336 2892 ct
3359 2838 3554 2893 Paulus

1960 2920 2208 2991 innuens,
2230 2938 2264 2977 a
2294 2938 2582 2994 congressu
2611 2935 2779 2993 arcet,
2803 2934 2858 2982 et
2877 2927 3055 2983 verbis
3084 2928 3250 2984 utitur
3266 2928 3555 2985 admodum

1960 3015 2294 3085 opportunis.
2345 3014 2459 3070 Non
2512 3016 2653 3072 enim
2699 3018 2794 3083 ait,
2823 3018 2901 3074 Ne
2943 3003 3314 3091 inquinemitii,
3343 3020 3458 3087 sed,
3486 3019 3557 3077 Ut

1949 3105 2155 3177 jejunio
2184 3115 2232 3161 et
2257 3107 2485 3177 precibus
2510 3108 2692 3163 vacetis
2719 3125 2738 3163 :
2765 3110 2908 3165 velut
2935 3112 3077 3166 coitu
3112 3126 3233 3167 cum
3259 3127 3424 3168 uxore
3451 3128 3559 3175 non

1961 3197 2024 3251 ad
2050 3195 2363 3264 foeditatem,
2391 3198 2486 3254 sed
2512 3199 2579 3254 ad
2605 3201 3006 3270 occupationem
3035 3218 3134 3258 nos
3162 3213 3406 3276 cogente.

2035 3289 2228 3344 XXXI.
2263 3290 2364 3356 Qui
2390 3291 2759 3361 precationibus
2787 3294 2881 3346 rite
2896 3310 3101 3364 operam
3128 3292 3251 3349 dare
3276 3295 3447 3361 velint,
3472 3311 3562 3355 tte-

1962 3383 2180 3438 cessario
2225 3382 2455 3438 Paulum
2493 3401 2525 3437 a
2567 3385 2833 3439 concubitu
2879 3402 3135 3442 evocasse.
3170 3387 3388 3445 —Nam
3432 3402 3555 3443 cum

1962 3491 2105 3531 nunc
2136 3483 2253 3546 post
2283 3485 2359 3531 tot
2389 3477 2631 3547 praesidia
2668 3478 2926 3548 impedire
2956 3494 3054 3535 nos
3079 3496 3294 3551 precum
3320 3490 3560 3551 tempore

1963 3569 2212 3626 diabolus
2242 3580 2486 3639 conetur,
2514 3572 2703 3642 ecquid
2733 3590 2836 3629 non
2868 3575 3119 3632 molietur
3146 3576 3341 3639 mentis
3375 3577 3559 3632 oculos

1966 3661 2069 3716 huc
2099 3662 2221 3716 illuc
2243 3661 2515 3733 jactando,
2537 3663 2772 3717 animum
2801 3673 2988 3718 nactus
3014 3664 3366 3729 difﬂuentem,
3395 3674 3558 3735 atque

1964 3754 2147 3809 uxoris
2184 3755 2361 3810 studio
2392 3756 2724 3811 emollitum?
2765 3756 2918 3824 Quod
2949 3773 3017 3813 ne
3047 3766 3386 3828 pateremur,
3424 3774 3560 3815 neve

1963 3861 2084 3901 cum
2114 3846 2447 3915 potissimum
2472 3846 2524 3901 id
2550 3848 2775 3917 agimus,
2804 3855 2864 3903 ut
2903 3848 3069 3905 Deum
3098 3847 3252 3917 nobis
3274 3849 3558 3918 propitiqu

1963 3955 2354 4009 comparemus,
2390 3948 2499 3994 tum
2531 3955 2689 4010 prece
2717 3940 2852 4002 adeo
2881 3939 3014 3999 futili
3043 3956 3163 3997 eum
3193 3941 3558 4008 irritaremus,

1962 4033 2112 4103 jubet
2141 4040 2248 4086 tum
2276 4047 2303 4085 a
2333 4033 2475 4087 coitu
2502 4048 2660 4101 puros
2686 4048 2826 4089 esse.

2039 4123 2253 4178 XXXII.
2284 4124 2382 4191 Qui
2415 4126 2634 4195 segniter
2656 4136 2941 4194 precentur,
2965 4142 3067 4181 non
3096 4126 3247 4182 modo
3272 4126 3437 4182 Deum
3459 4144 3560 4182 non

1966 4217 2263 4286 propitiare,
2284 4217 2371 4269 sed
2391 4217 2541 4277 etiam
2555 4216 2774 4270 irritare.
2791 4216 3085 4271 -—-Etcnim
3111 4217 3157 4272 si
3182 4218 3270 4287 qui
3295 4233 3448 4289 reges
3462 4220 3559 4273 ad-

1966 4316 2123 4371 eunt;
2156 4313 2209 4360 et
2235 4306 2358 4383 quid
2386 4321 2538 4375 reges
2566 4305 2721 4360 dico?
2748 4306 2855 4362 imo
2880 4323 3008 4363 vero
3046 4307 3258 4363 intimos
3284 4311 3532 4379 magistre

1971 4407 2074 4464 tus,
2102 4406 2156 4453 et
2185 4397 2323 4451 servi
2352 4397 2512 4451 heros
2537 4396 2891 4467 alloquentes,
2933 4413 3028 4454 seu
3072 4399 3125 4453 id
3165 4407 3326 4471 agant
3370 4400 3545 4471 injun.

1967 4490 2036 4545 ab
2064 4489 2182 4544 aliis
2213 4488 2408 4554 affecti,
2441 4504 2534 4545 seu
2567 4489 2883 4544 beneficium
2928 4491 3027 4561 ipsi
3068 4493 3433 4562 postulantes,
3471 4507 3565 4549 seu

1970 4583 2101 4637 iram
2150 4583 2202 4637 in
2253 4597 2312 4637 se
2356 4582 2636 4637 excitatam
2681 4583 2859 4652 sepire
2901 4592 3169 4647 curantes.
3213 4593 3268 4642 et
3304 4585 3475 4641 oculis
3512 4595 3566 4640 ct

1972 4683 2151 4731 mente
2178 4675 2320 4730 omni
2350 4675 2417 4730 ad
2446 4691 2540 4732 eos
2565 4691 2846 4744 conversa,
2877 4676 2946 4731 ita
2975 4677 3298 4749 colloquium
3332 4678 3564 4742 habent;

1971 4768 2052 4822 sin
2081 4768 2357 4822 minimum
2392 4776 2654 4837 torpeant,
2689 4784 2796 4822 non
2823 4768 2993 4823 solum
3024 4783 3120 4838 pro
3145 4768 3338 4839 quibus
3365 4768 3568 4840 suppli-

1971 4860 2166 4914 cabunt
2192 4874 2297 4913 non
2326 4859 2637 4928 perﬁcient,
2668 4858 2763 4913 sed
2794 4859 2935 4914 malo
2963 4860 3374 4930 etiam-accepto
3393 4860 3567 4914 disce.

1972 4951 2100 5006 dent
2131 4969 2142 5004 :
2171 4951 2216 5006 si
2255 4952 2344 5021 qui
2381 4950 2654 5011 hominum
2683 4949 2917 5012 furorem
2949 4951 3116 5007 lenire
3142 4951 3357 5015 volunt,
3389 4959 3564 5004 tanto-

1972 5058 2102 5113 pere
2139 5043 2410 5109 laborant;
2459 5043 2586 5115 quid
2627 5044 2781 5097 nobis
2821 5043 3031 5097 miseris
3063 5043 3174 5111 lict,
3205 5042 3297 5111 qui
3329 5042 3580 5096 omnium-

1976 5133 2266 5203 principem
2323 5133 2488 5189 Deum
2514 5133 2648 5188 adeo
2670 5132 3002 5205 negligenter
3045 5122 3287 5197 adimus,
3336 5134 3567 5188 maxime

1974 5243 2093 5283 eum
2123 5227 2279 5298 longe
2308 5226 2493 5297 majori
2517 5225 2685 5281 simus
2714 5226 2807 5280 ira:
2833 5224 3080 5281 obnoxii?
3106 5224 3288 5297 Neque
3310 5225 3451 5279 enim
3476 5225 3558 5281 ιω.

1973 5337 2091 5376 rum
2128 5335 2335 5390 servus,
2363 5328 2454 5374 aut
2491 5334 2672 5388 regem
2704 5317 2945 5373 subditus
2973 5326 3076 5372 tam
3107 5317 3338 5385 graviter
3372 5316 3558 5383 irritat,

1973 5425 2132 5493 atque
2161 5429 2259 5469 nos
2286 5413 2454 5467 Deum
2479 5413 2528 5465 in
2552 5411 2685 5466 dies.
2716 5412 2887 5481 Atque
2914 5410 2965 5466 id
2993 5409 3297 5481 signiﬁcans
3322 5408 3562 5472 Christus

1972 5515 2191 5585 peccata
2236 5507 2287 5559 in
2314 5505 2473 5558 alium
2503 5512 2716 5558 centum
2761 5502 3031 5569 denarios,
3063 5507 3114 5556 in
3165 5501 3332 5563 Deum
3378 5500 3565 5557 decent

1976 5596 2143 5655 millia
2166 5598 2367 5655 talenta
2398 5596 2708 5652 nominabat
2733 5594 2944 5667 (Matth.
2976 5593 3063 5649 l8.
3097 5594 3213 5665 24).
3243 5594 3417 5660 Quare
3441 5607 3566 5648 cum

1974 5707 2095 5747 cum
2124 5690 2373 5746 sedanda:
2400 5698 2561 5744 tanta:
2598 5690 2712 5756 ire},
2745 5689 2989 5763 ejusque,
3012 5702 3169 5758 quem
3198 5685 3437 5757 quotidie
3464 5700 3577 5754 ops

1976 5797 2289 5855 pugnemus,
2322 5779 2639 5853 propitiandi
2666 5794 2825 5839 causa
2849 5779 3095 5857 precibus
3121 5778 3349 5841 adimus,
3373 5776 3564 5831 merito

1974 5893 2074 5933 nos
2115 5877 2181 5932 ab
2224 5893 2286 5933 ca
2331 5877 2599 5947 voluptate
2646 5883 2820 5942 arcet,
2852 5872 3004 5945 quasi
3047 5871 3227 5928 dicat:
3262 5872 3336 5928 De
3384 5873 3567 5927 anima
