4020 6414
446 358 551 418 558

450 475 602 530 nobis
641 474 816 546 agitur
835 515 851 540 ,
877 473 1159 541 carissimi,
1186 472 1254 529 de
1292 489 1501 530 summa
1531 489 1710 529 rerum
1741 474 2035 546 periculum

447 578 562 632 est;
600 566 960 631 tremendum,
992 554 1342 634 horrendum,
1380 565 1770 622 formidandum
1798 575 1898 623 est.
1935 567 2039 623 [Ie-

449 677 564 715 rum
617 660 826 716 adimus
872 661 1186 724 terribilem,
1238 661 1507 715 multoties
1546 675 1577 713 a
1625 660 1779 714 nobis
1826 660 2035 727 laesum,

446 754 616 806 multa
672 752 956 807 habentem
995 768 1112 822 qua:
1143 753 1416 806 nobiscum
1446 753 1764 820 expostulet.
1791 752 1908 808 Non
1936 752 2039 808 hoc

448 859 656 914 tempus
688 854 769 899 est
807 846 1168 914 amplexuum,
1195 859 1299 898 non
1327 844 1678 915 voluptatum,
1722 844 1814 900 sed
1858 846 2037 917 lacry-

446 951 675 1001 tuarum,
696 938 1005 992 acerborum
1028 938 1337 1006 gemituum,
1366 938 1755 1006 prosuationis,
1776 952 2037 995 accurata:

444 1030 820 1095 confessionis,
872 1029 1138 1099 diligentis
1185 1029 1631 1099 supplicationis,
1679 1030 2035 1099 frequentium

447 1138 701 1192 precum;
731 1121 1155 1192 qnanqunidem
1178 1120 1317 1176 bene
1354 1137 1477 1177 cum
1520 1137 1585 1177 eo
1623 1133 1809 1191 agatur
1835 1123 1924 1193 qui
1956 1122 2036 1176 vel

444 1222 596 1268 tanto
630 1213 804 1268 studio
829 1210 959 1266 iram
988 1228 1105 1266 eam
1133 1212 1316 1277 leniat,
1346 1228 1451 1267 non
1480 1213 1600 1283 quia
1631 1213 1796 1271 durus
1824 1228 1886 1268 ac
1913 1229 2036 1269 cru-

445 1306 583 1361 delis
610 1306 679 1359 sit
709 1306 963 1359 Dominus
993 1315 1202 1370 noster;
1232 1314 1314 1358 est
1341 1305 1483 1360 enim
1511 1304 1798 1360 admodum
1828 1306 1958 1361 lenis
1985 1315 2040 1359 et

446 1401 741 1466 humanus;
789 1398 881 1453 sed
926 1399 1186 1451 scelerum
1235 1407 1540 1452 uestrorum
1587 1398 1893 1468 magnitudo
1938 1399 2035 1453 etsi

446 1492 731 1562 benignum
758 1534 772 1557 ,
827 1492 1143 1545 clementem
1187 1502 1347 1561 atque
1393 1492 1789 1545 misericordem
1815 1533 1830 1556 ,
1886 1490 2040 1547 facile

447 1585 602 1639 nobis
630 1584 903 1653 ignoscere
946 1598 1051 1635 non
1096 1582 1243 1637 sinit.
1292 1580 1471 1652 Itaque
1507 1582 1598 1647 ait,
1649 1581 1715 1637 Ut
1746 1583 1947 1654 jejunio
1993 1592 2039 1636 et

448 1675 677 1744 precibus
703 1675 905 1729 vacetis.
932 1673 1067 1742 Quid
1097 1674 1256 1744 igitur
1278 1684 1362 1728 est
1390 1689 1454 1727 ac
1477 1675 1732 1729 servitute
1756 1672 2041 1728 acerbius?

451 1767 586 1823 Volo
629 1769 677 1821 in
718 1769 913 1822 virtute
958 1767 1182 1837 gradum
1230 1766 1425 1831 facere,
1465 1766 1518 1821 in
1559 1767 1746 1821 caelum
1786 1768 2039 1832 evolare,

442 1859 644 1929 jejunio
668 1870 826 1929 atque
857 1859 1102 1928 precibus
1140 1857 1353 1914 assidue
1394 1859 1628 1913 intentus
1664 1858 1827 1915 animi
1854 1858 2041 1912 sordes

447 1952 759 2021 abstergere
794 1968 807 2003 :
838 1949 980 2020 quod
1006 1950 1051 2005 si
1079 1950 1165 2003 illa
1192 1949 1246 2003 in
1280 1950 1329 2005 id
1359 1950 1657 2003 institutum
1686 1964 1791 2027 non
1817 1964 2043 2004 consen-

448 2045 564 2112 tiat,
592 2044 825 2099 lascivia:
868 2043 987 2113 ejus
1023 2041 1226 2097 servire
1267 2057 1448 2112 cogor.
1494 2040 1575 2095 Ob
1618 2041 1671 2095 id
1713 2041 1853 2095 enim
1893 2041 2043 2095 initio

446 2136 697 2190 monebat
720 2176 733 2199 ,
771 2133 970 2188 Bonum
1009 2142 1082 2187 est
1125 2133 1318 2186 homini
1356 2133 1619 2188 mulierem
1659 2149 1763 2187 non
1807 2142 2042 2204 tangere;

449 2237 505 2281 et
534 2226 776 2295 discipuli
804 2227 963 2281 etiam
993 2225 1216 2280 Domino
1238 2224 1506 2290 dicebant,
1542 2223 1604 2278 Si
1629 2240 1686 2277 ea
1715 2231 1788 2277 est
1818 2224 1911 2277 viri
1930 2239 2045 2277 cum

447 2333 610 2373 uxore
658 2333 812 2371 causa
836 2360 850 2383 ,
905 2333 1009 2370 non
1061 2316 1260 2387 expedit
1316 2315 1694 2369 matrimonium
1752 2315 2047 2369 contrahere

448 2409 660 2481 (Matth.
686 2408 773 2463 l9.
795 2409 914 2479 l0);
947 2408 1143 2479 quippe
1165 2407 1459 2477 cogitantes
1488 2414 1708 2461 necesse
1734 2421 1852 2461 esse
1880 2406 2045 2460 alter-

452 2514 625 2557 utram
649 2501 699 2556 in
729 2510 936 2573 partem
968 2499 1221 2555 damnum
1247 2499 1483 2565 admitti,
1525 2513 1696 2569 eaque
1725 2498 2048 2568 cogitatione

453 2595 505 2649 in
535 2604 813 2660 angustum
841 2591 1075 2657 deducti,
1104 2606 1220 2645 eam
1251 2605 1431 2645 vocem
1456 2590 1768 2645 emiserunt.
1851 2624 1858 2632 -

522 2684 764 2741 XXXIII.
815 2684 1010 2738 Eadem
1055 2685 1233 2747 iterum
1278 2693 1533 2751 repetere,
1575 2700 1749 2736 eorum
1802 2699 1910 2737 esse
1959 2685 2046 2749 qui

458 2778 715 2834 Christum
742 2776 1019 2830 imitentur.
1047 2804 1114 2816 -â€”-
1139 2775 1315 2843 Quare
1344 2775 1502 2828 etiam
1534 2773 1732 2828 Paulus
1759 2774 1810 2829 id
1838 2775 2051 2831 assidue

454 2871 670 2942 repetit,
709 2878 763 2923 ut
794 2869 845 2922 in
875 2884 992 2923 eam
1024 2865 1398 2937 cogitationem
1440 2864 1745 2919 Corinthios
1784 2864 1997 2919 inducat
2033 2883 2046 2919 :

459 2962 625 3017 Suam
652 2962 864 3033 quisque
890 2975 1098 3014 uxorem
1120 2956 1298 3010 habeat
1326 2973 1343 3010 :
1373 2956 1533 3010 Uxori
1558 2956 1633 3009 rir
1658 2955 1877 3010 debitam
1907 2955 2052 3010 bene-

452 3053 722 3108 volentiam
745 3051 927 3106 reddat
953 3066 972 3105 :
1009 3048 1153 3104 Uxor
1181 3049 1257 3102 sui
1291 3048 1516 3116 corporis
1550 3047 1757 3100 domina
1798 3064 1896 3101 non
1936 3057 2005 3101 est
2032 3064 2051 3101 :

458 3144 543 3199 Ne
576 3143 876 3217 defraudate
913 3142 1043 3197 alter
1075 3141 1290 3195 alterum
1318 3157 1336 3194 :
1365 3137 1560 3192 Eodem
1601 3139 1873 3193 convenite.
1921 3140 2049 3194 Nam

457 3254 557 3294 nec
582 3237 724 3293 beati
750 3237 823 3293 illi
850 3236 902 3292 id
929 3232 995 3291 ad
1024 3236 1250 3306 primam
1278 3250 1464 3290 vocem
1488 3243 1597 3289 tum
1627 3244 1929 3299 senserunt,
1959 3235 2050 3289 sed

457 3339 735 3400 postquam
781 3328 834 3384 id
881 3327 1116 3382 secundo
1143 3328 1459 3393 audierunt,
1502 3335 1613 3380 tum
1644 3341 1770 3381 vero
1803 3328 2051 3397 praecepti

457 3421 832 3476 necessitatem
880 3420 1275 3474 intellexerunt.
1323 3418 1529 3472 Etenim
1572 3415 1853 3483 Christus,
1886 3419 2055 3488 quiet

458 3514 514 3568 in
558 3522 740 3568 monte
779 3511 1086 3575 considens,
1112 3520 1165 3565 et
1187 3525 1399 3564 rursum
1428 3518 1547 3580 post
1571 3510 1671 3564 alia
1702 3511 1868 3566 multa
1894 3511 1960 3566 de
1989 3528 2055 3567 eo

457 3603 799 3659 disseruisset
824 3601 1040 3672 (Matth.
1071 3601 1148 3671 5),
1196 3601 1268 3655 ita
1312 3616 1406 3655 eos
1446 3602 1512 3656 ad
1555 3602 1898 3659 continentia:
1940 3612 2055 3659 stn-

459 3697 608 3751 dium
636 3694 897 3750 incitavit.
931 3695 1078 3750 Adeo
1105 3692 1290 3749 eadem
1323 3693 1535 3749 assidue
1559 3695 1784 3764 repetita
1815 3695 1931 3766 plus
1955 3697 2053 3749 ha-

460 3790 592 3842 bent
632 3784 910 3841 efficacite.
957 3785 1141 3855 Itaque
1184 3795 1237 3839 et
1281 3785 1367 3839 hic
1411 3785 1701 3856 discipulus
1748 3786 2054 3858 Magistrum

460 3880 700 3934 imitatus
727 3879 916 3933 crebro
946 3877 1086 3933 idem
1114 3885 1351 3947 usurpat,
1384 3892 1557 3947 neque
1585 3893 1805 3948 usquam
1835 3881 2060 3949 permis-

460 3973 668 4027 sionem
696 3986 901 4026 meram
932 3970 1131 4040 prodit,
1163 3970 1255 4024 sed
1278 3985 1398 4025 eum
1424 3985 1581 4025 causa
1603 4014 1618 4037 ,
1648 3981 1866 4041 propter
1890 3970 2056 4028 forni-

462 4066 727 4121 cationem
755 4064 1000 4134 inquiens
1038 4073 1092 4118 et
1129 4065 1451 4119 tentationes
1489 4064 1752 4119 satauicas
1784 4073 1943 4135 atque
1970 4066 2057 4118 in-

460 4157 867 4219 continentiam,
894 4167 1098 4226 pneter
1125 4158 1579 4225 exspectationem
1608 4155 1926 4226 virginitatis
1947 4156 2060 4211 lau-

463 4250 585 4305 dem
614 4249 666 4303 in
690 4248 1052 4318 disputatione
1079 4250 1146 4305 de
1171 4250 1512 4306 matrimonio
1541 4258 1747 4305 texens.

536 4338 779 4392 XXXIV.
818 4338 1170 4410 Virginitatem
1195 4340 1549 4394 admirandam
1572 4358 1678 4396 esse
1706 4353 1753 4396 et
1775 4341 1949 4395 multis
1974 4358 2059 4395 co-

464 4429 604 4481 ronis
628 4428 856 4497 dignam.
886 4458 958 4467 â€”â€”
981 4430 1114 4483 Nam
1135 4431 1178 4484 si
1212 4430 1263 4483 in
1296 4433 1634 4486 matrimonio
1659 4433 1914 4503 degentes
1940 4433 2061 4487 ditt-

465 4519 573 4571 tius
599 4518 889 4587 abiungere
915 4528 1131 4574 veretur
1149 4561 1164 4584 ,
1198 4535 1263 4574 ne
1289 4536 1445 4590 quem
1473 4522 1717 4577 diabolus
1744 4523 1942 4576 aditum
1977 4526 2057 4578 ine

468 4608 664 4672 veniat,
689 4608 879 4677 quibus
905 4610 1118 4664 coronis
1148 4610 1321 4681 dignae
1349 4614 1455 4667 sint
1475 4628 1592 4683 qua:
1618 4629 1790 4683 neque
1816 4614 1882 4669 ab
1911 4616 2062 4671 initio

466 4711 534 4753 eo
564 4698 757 4752 solatio
791 4712 927 4768 Opus
972 4699 1291 4765 habuerunt,
1319 4710 1372 4757 et
1413 4702 1477 4756 ad
1524 4713 1819 4758 extremum
1853 4705 2063 4761 invicta:

467 4791 915 4861 permanserunt?
960 4801 1015 4846 ut
1064 4808 1132 4848 ne
1175 4793 1368 4861 dicam,
1410 4810 1511 4849 nec
1551 4795 1747 4852 diaboli
1791 4798 2064 4854 machinas

470 4883 710 4952 utrisque
738 4899 805 4938 ex
834 4898 987 4954 inquo
1015 4885 1308 4941 admoveri.
1357 4886 1490 4942 Nam
1528 4887 1659 4953 illis,
1702 4889 1893 4958 opinor
1913 4932 1926 4956 ,
1965 4906 2064 4944 nec

471 4974 728 5030 molestus
772 4985 874 5040 est,
916 4976 1005 5046 qui
1044 4977 1258 5046 quidem
1306 4980 1439 5033 sciat
1474 4976 1771 5053 perfugium
1800 4981 1862 5036 iis
1885 4982 2061 5053 proxi-

472 5085 618 5122 mum
646 5083 786 5134 esse,
820 5070 1128 5140 statimque,
1160 5071 1203 5126 si
1231 5087 1387 5142 quem
1417 5073 1868 5129 vehementiorem
1892 5076 2062 5144 impe-

472 5168 580 5212 tum
617 5161 870 5225 sentiunt,
915 5160 969 5214 in
1009 5170 1219 5231 portum
1264 5178 1323 5216 se
1367 5162 1605 5231 recipere
1652 5163 1848 5231 licere;
1892 5180 2064 5234 neque

475 5250 619 5305 enim
664 5250 730 5305 iis
773 5252 1034 5321 permittit
1074 5254 1260 5309 beatus
1305 5255 1497 5309 Paulus
1542 5256 1751 5326 longius
1792 5256 2061 5327 navigare,

470 5342 565 5395 sed
595 5340 834 5396 defessos
859 5344 1032 5398 redire
1057 5344 1208 5413 jubet
1228 5385 1243 5407 Î½
1271 5345 1454 5401 sinens
1480 5346 1667 5401 eodem
1690 5362 1902 5402 rursum
1930 5362 2063 5402 eon-

475 5433 677 5489 vcnire.
707 5437 775 5489 At
790 5437 938 5506 virgo
958 5437 1171 5493 assidue
1192 5438 1460 5508 navigare,
1481 5448 1535 5493 et
1563 5439 1679 5494 sine
1705 5449 1859 5509 portu
1881 5456 2065 5512 :equor

474 5525 747 5593 permetiri
791 5529 1032 5597 cogitur;
1083 5536 1240 5598 atque
1279 5529 1378 5583 etsi
1420 5530 1731 5598 gravissima
1779 5543 2064 5599 tempestas

475 5628 791 5687 consurgat,
828 5637 893 5675 ne
923 5622 1001 5675 sic
1026 5622 1237 5691 quidem
1264 5623 1314 5677 ei
1337 5623 1415 5677 fas
1443 5631 1524 5677 est
1551 5639 1737 5678 navem
1766 5624 2066 5680 subducere

477 5707 861 5774 acquiescere.
898 5711 1060 5781 Igitur
1084 5713 1235 5782 quasi
1261 5713 1351 5783 qui
1378 5726 1527 5768 mare
1561 5713 1844 5780 infestant,
1872 5715 1959 5768 ubi
1984 5715 2064 5769 ci-

480 5800 617 5852 vitas
644 5805 734 5851 aut
762 5799 944 5855 navale
970 5812 1057 5856 aut
1087 5811 1271 5872 portus
1298 5802 1400 5872 sit,
1430 5803 1735 5876 navigantes
1760 5819 1867 5861 non
1902 5803 2055 5859 inva-

1192 356 1249 414 S.
1290 357 1569 416 .IOANNIS
1605 354 2082 413 CHRYSOSTOMI
2120 356 2441 415 ARGIIIEP.
2482 356 3017 418 CONSTANTINOP.

3632 373 3744 428 556

2145 472 2305 541 dunt;
2356 473 2409 530 id
2451 474 2594 530 enim
2614 486 2708 532 â€˜est
2730 486 2938 535 temere
2972 481 3294 551 peck-litari;
3344 486 3426 541 sin
3464 490 3744 562 navigium

2146 563 2199 619 in
2228 564 2337 620 alto
2366 564 2658 634 oll'endant,
2690 568 2872 624 auxilii
2900 570 3300 630 destitutionem
3327 576 3565 632 audacia:
3596 579 3743 634 inci-

2148 668 2437 715 tamentam
2460 660 2624 728 nacti,
2656 662 2834 718 omnia
2868 674 3088 721 movent
3106 676 3270 738 atque
3295 682 3528 734 versant,
3562 688 3746 740 neque

2145 750 2291 819 prius
2315 749 2606 817 desistunt,
2632 768 2796 823 quam
2818 763 2910 810 aut
2936 770 3035 811 eos
3056 757 3403 828 demergunt,
3435 772 3525 816 aut
3553 763 3603 816 id
3634 764 3741 831 ipsi

2144 841 2411 911 patiantur
2433 861 2447 897 :
2469 843 2540 897 ita
2562 852 2616 898 et
2634 860 2758 900 acer
2774 844 2863 901 hic
2882 848 3052 918 pirata
3078 850 3266 919 virgini
3288 866 3483 922 graves
3518 854 3742 921 fluetus,

2145 935 2411 1006 ingentem
2460 945 2864 1005 tempestatem,
2917 955 2981 996 ac
3026 943 3293 1011 procellas
3337 946 3738 1014 intolerabiles,

2143 1025 2319 1079 omnia
2349 1041 2545 1098 susque
2567 1028 2742 1098 deque
2771 1031 3022 1099 miscens,
3048 1041 3109 1087 ut.
3138 1034 3187 1087 vi
3215 1043 3377 1104 atque
3409 1037 3609 1107 impetu
3639 1053 3744 1092 na-

2146 1134 2262 1172 vem
2291 1120 2583 1176 subvertet.
2616 1122 2833 1177 Andivit
2860 1124 3005 1180 enim
3031 1126 3225 1196 virgini
3252 1143 3359 1182 non
3382 1130 3606 1186 concedi
3637 1131 3743 1185 Eo-

2143 1211 2260 1267 dem
2292 1215 2586 1280 convenire,
2612 1214 2711 1269 sed
2738 1216 2788 1268 ei
2833 1232 3057 1272 necesse
3085 1233 3207 1271 esse
3242 1229 3503 1288 perpetuo
3531 1226 3736 1279 adver-

2142 1322 2241 1361 sus
2267 1307 2576 1377 spiritualia
2596 1310 2857 1378 nequitia:
2880 1310 3076 1363 luctari
3099 1325 3163 1365 ac
3178 1310 3476 1382 conï¬‚igere
3507 1315 3730 1385 (Epkes.

2142 1399 2195 1454 6.
2228 1397 2341 1465 12),
2371 1399 2548 1454 donec
2562 1399 2783 1454 tandem
2806 1402 3234 1471 intranquillum
3258 1413 3478 1472 portum
3505 1409 3733 1467 evadat.

2146 1486 2354 1543 Etenim
2378 1488 2575 1543 Paulus
2602 1489 2792 1559 virgini
2818 1500 3089 1560 tamquam
3114 1491 3238 1547 forti
3262 1493 3415 1548 militi
3445 1496 3614 1549 muris
3634 1510 3744 1549 ex-

2143 1580 2293 1635 cluso
2320 1590 2508 1650 portas
2534 1583 2736 1652 aperiri
2765 1597 2869 1638 non
2898 1585 3157 1652 permittit
3182 1627 3195 1649 ,
3225 1587 3470 1656 quamvis
3504 1597 3557 1641 et
3581 1589 3747 1643 vaide

2145 1672 2310 1728 effero
2330 1672 2507 1741 hoste,
2538 1683 2592 1729 et
2616 1674 2697 1728 vel
2718 1689 2783 1729 eo
2807 1676 3128 1742 crudeliore,
3152 1676 3292 1747 quod
3313 1678 3626 1733 adversario
3653 1681 3748 1733 á¼°Î·-

2145 1763 2421 1819 duciarum
2444 1772 2683 1835 potestas
2708 1757 2853 1821 nulla
2877 1768 2961 1821 sit.
2990 1767 3100 1823 Nec
3130 1784 3255 1823 vero
3276 1769 3519 1826 diabolus
3540 1772 3745 1837 solum,

2146 1855 2240 1911 sed
2268 1856 2382 1927 ipse
2404 1857 2567 1912 etiam
2595 1857 2829 1913 libidinis
2846 1859 3091 1914 stimulus
3112 1860 3327 1915 emlibes
3345 1870 3498 1932 urget
3519 1864 3743 1927 aerius;

2147 1948 2307 2019 idque
2349 1950 2597 2005 omnibus
2642 1952 2820 2021 palam
2864 1961 2966 2006 est.
3020 1952 3152 2006 Nam
3194 1969 3423 2023 quantm
3480 1954 3751 2011 habemus

2148 2054 2322 2104 usum,
2355 2054 2537 2094 eorum
2566 2040 2854 2110 cupiditate
2884 2040 3025 2096 haud
3062 2040 3217 2097 facile
3248 2045 3544 2114 tangimur,
3584 2061 3752 2099 secn-

2148 2133 2303 2186 ritate
2327 2132 2506 2186 animo
2526 2132 2673 2202 segni
2695 2147 2816 2187 esse
2842 2132 3203 2202 permittente.
3229 2135 3404 2204 Atque
3424 2135 3565 2189 idem
3584 2136 3754 2192 nobis

2149 2222 2430 2278 conï¬rmat
2462 2232 2517 2279 et
2545 2224 2883 2294 proverbium
2913 2224 3204 2295 populare,
3236 2226 3331 2279 sed
3358 2227 3409 2280 in
3438 2226 3625 2294 primis
3657 2243 3753 2283 ve-

2151 2331 2268 2371 rum
2290 2334 2303 2370 :
2323 2315 2477 2384 Quod
2507 2316 2560 2371 in
2590 2325 2869 2386 potestate,
2902 2318 3092 2387 inquit,
3122 2327 3431 2387 promptum
3455 2319 3548 2386 sit,
3586 2318 3637 2373 id
3678 2319 3749 2374 ad

2149 2407 2494 2477 cupiditatem
2515 2408 2654 2463 haud
2675 2424 2803 2463 sane
2826 2408 3015 2465 elIicax
3035 2420 3135 2466 est.
3164 2410 3257 2465 Sir.
3277 2410 3346 2465 ab
3373 2409 3438 2464 iis
3462 2410 3756 2479 prohibea-

2151 2516 2291 2565 mur,
2319 2515 2438 2571 qua:
2479 2500 2685 2570 pridem
2725 2502 3058 2568 tenebamus,
3090 2511 3275 2558 contra
3306 2502 3520 2570 accidit,
3549 2513 3602 2558 et
3624 2520 3755 2574 qua:

2151 2601 2370 2663 prOpter
2400 2592 2703 2647 facultatem
2726 2608 2754 2645 a
2782 2593 2934 2647 nobis
2969 2602 3405 2661 contemnuntur,
3432 2611 3495 2649 ea
3526 2597 3687 2650 trahis
3714 2612 3753 2653 e

2158 2684 2405 2738 manibus
2460 2684 2655 2738 amissa
2708 2685 3076 2739 vehementius
3114 2685 3440 2742 desiderium
3486 2689 3751 2743 excitant.

2154 2774 2335 2845 Itaque
2363 2775 2590 2845 primum
2615 2774 2716 2830 hac
2746 2774 2951 2830 ratione
2993 2776 3163 2844 major
3194 2785 3277 2830 est
3314 2777 3456 2846 apud
3481 2778 3747 2848 conjuges

2156 2865 2512 2935 tranquillitas
2539 2883 2553 2919 :
2584 2865 2799 2933 deinde,
2829 2866 2968 2936 quod
2996 2867 3042 2921 si
3070 2865 3283 2922 [lamna
3303 2854 3372 2922 iis
3392 2869 3553 2923 altius
3578 2885 3757 2939 quatt-

2155 2955 2331 3026 doquc
2368 2956 2650 3023 eluctetur,
2678 2972 2798 3012 eam
2835 2958 3074 3028 protinus
3108 2960 3402 3015 succedens
3430 2976 3757 3032 congressus

2155 3050 2419 3119 reprimit.
2453 3050 2687 3118 Atvirgo
2711 3064 2814 3104 non
2835 3049 3040 3105 habens
3057 3050 3198 3106 unde
3222 3052 3398 3122 ignem
3425 3055 3756 3124 exstinguat,

2155 3156 2276 3194 cum
2316 3141 2596 3196 sublimem
2643 3151 2802 3212 atque
2843 3141 2951 3196 alte
2993 3155 3322 3211 grassantem
3352 3160 3599 3212 cernens,
3627 3162 3758 3201 eum

2156 3233 2495 3303 esstinguere
2533 3247 2638 3287 non
2681 3233 2867 3303 possit,
2903 3214 2956 3287 id
3000 3250 3160 3288 unum
3194 3234 3323 3305 agit,
3352 3252 3424 3291 ne
3462 3251 3583 3290 cum
3630 3238 3759 3307 igne

2157 3327 2472 3381 conï¬‚ictans
2504 3336 2705 3381 uratur.
2735 3327 2817 3381 An
2845 3342 2972 3381 vero
2999 3327 3289 3398 quidquam
3320 3330 3490 3399 magis
3514 3329 3761 3385 insolens

2158 3428 2260 3486 cst,
2289 3434 2448 3489 quam
2475 3418 2703 3473 solidum
2751 3419 2892 3473 intus
2927 3428 3138 3489 gestare
3184 3434 3391 3489 rogum,
3437 3435 3536 3473 nec
3572 3420 3755 3488 aduri,

2158 3527 2318 3582 quam
2344 3509 2558 3564 flamma
2586 3510 2640 3564 in
2671 3510 2832 3564 animi
2866 3511 3122 3579 penetrali
3153 3512 3290 3565 ultro
3315 3513 3558 3582 citroque
3593 3526 3754 3566 comâ€”

2159 3612 2372 3659 meante
2425 3602 2677 3656 intactam
2727 3611 2960 3656 mentem
3008 3602 3360 3657 conservare?
3402 3602 3568 3657 Nemo
3610 3604 3761 3660 enâ€™m

2161 3710 2279 3748 eam
2310 3694 2438 3753 sinit
2461 3693 2725 3747 carbones
2751 3707 2845 3747 eos
2876 3691 3021 3747 foras
3048 3693 3277 3763 ejicere;
3316 3694 3417 3749 sed
3446 3694 3585 3764 quod
3617 3693 3761 3749 Pro-

2161 3784 2471 3840 verbiorum
2492 3792 2675 3838 auctor
2698 3783 2748 3837 in
2772 3793 2958 3837 natura
2978 3784 3220 3852 corporis
3235 3783 3577 3852 desperatum
3599 3785 3755 3852 dicit,

2161 3877 2211 3930 id
2245 3876 2333 3930 illa
2366 3889 2587 3929 necesse
2614 3873 2772 3929 habet
2815 3874 2868 3928 in
2907 3874 3086 3928 animo
3126 3877 3410 3930 sustinere.
3451 3876 3586 3941 Quid
3623 3891 3761 3932 vero

2161 3966 2327 4021 dicit?
2372 3964 2661 4021 Ambulabit
2690 3966 2803 4031 quis
2843 3981 2994 4034 super
3028 3965 3269 4034 carbones
3288 4005 3302 4030 ,
3346 3981 3437 4018 nec
3466 3966 3574 4035 ejus
3604 3966 3762 4034 pedes

2161 4061 2437 4115 adurentur
2459 4058 2640 4133 (Prov.
2663 4058 2716 4113 6.
2737 4058 2871 4126 28)?
2896 4059 3034 4113 Ecce
3063 4066 3238 4112 autem
3268 4057 3381 4111 haec
3405 4058 3660 4122 ambulat,
3689 4074 3757 4115 ac

2162 4153 2362 4225 perfert
2379 4152 2691 4207 crueiatum.
2719 4151 2820 4204 Aut
2843 4151 3007 4223 ignem
3028 4151 3081 4204 in
3100 4151 3216 4205 sinu
3238 4149 3431 4219 ligabit,
3456 4160 3502 4203 et
3524 4166 3625 4204 non
3645 4153 3763 4220 ejus

2162 4254 2375 4300 urentur
2400 4243 2692 4298 vestimenta
2731 4241 2834 4313 (lb.
2867 4256 2916 4295 Ï….
2947 4240 3076 4307 27)?
3116 4244 3184 4296 At.
3223 4240 3336 4295 lucc
3368 4256 3472 4295 non
3495 4241 3760 4310 vestibus,

2163 4339 2255 4394 sed
2286 4339 2427 4393 intus
2454 4338 2628 4408 ignem
2663 4336 2944 4391 continens
2974 4335 3195 4390 ellâ€˜erum
3225 4344 3384 4405 atque
3413 4343 3760 4390 resonantem

2163 4429 2429 4485 flammant
2452 4428 2680 4484 sustinet
2705 4442 2767 4482 ac
2796 4427 2944 4496 tegit.
2968 4426 3038 4479 Et
3056 4425 3232 4481 adhuc
3248 4426 3549 4496 quisquam,
3573 4425 3760 4491 sodes,

2164 4519 2562 4576 matrimonium
2594 4534 2714 4573 cum
2739 4517 3039 4588 virginitate
3061 4515 3326 4583 conferre,
3353 4532 3419 4570 an
3445 4516 3525 4571 vel
3546 4518 3761 4572 obtueri

2164 4614 2336 4667 ausit?
2377 4615 2447 4667 At
2468 4628 2574 4668 non
2600 4611 2857 4681 permittit
2900 4610 3088 4664 beatus
3118 4610 3311 4666 Paulus
3348 4611 3396 4679 (l
3434 4607 3552 4664 Cor.
3582 4611 3635 4666 7.
3661 4610 3764 4667 32.

2167 4705 2280 4777 53),
2315 4704 2403 4774 qui
2440 4703 2625 4774 ingens
2656 4702 2929 4771 utriusque
2960 4701 3036 4755 rei
3066 4700 3355 4755 discrimen
3395 4700 3545 4769 ponit
3576 4716 3591 4753 :
3633 4715 3764 4755 nam

2167 4796 2274 4858 illa,
2298 4795 2393 4860 ait,
2414 4809 2532 4864 qua:
2562 4803 2685 4848 sunt
2710 4791 2940 4853 Domini.
2962 4789 3077 4844 hrec
3095 4804 3211 4859 qua:
3231 4798 3356 4844 sunt
3382 4788 3565 4843 mundi
3584 4798 3764 4844 curat.

2166 4887 2418 4947 Collectis
2459 4886 2619 4955 igitur
2661 4884 2712 4937 in
2763 4898 2926 4938 unum
2969 4881 3319 4951 coniugibus,
3362 4888 3415 4934 et
3457 4879 3512 4934 in
3540 4879 3768 4948 virginis

2166 4980 2410 5049 gratiam,
2440 4976 2560 5029 audi
2603 4974 2727 5045 quid
2774 4974 2877 5027 illis
2918 4973 3224 5042 exprobret.
3254 4969 3447 5024 Eodem
3474 4971 3641 5037 enim,
3673 4970 3768 5023 in-

2167 5071 2301 5141 quit,
2334 5067 2611 5132 convenite,
2644 5082 2706 5119 ne
2745 5080 2830 5117 vos
2875 5073 3025 5118 tentet
3063 5073 3268 5117 satanas
3314 5060 3436 5133 (Ib.
3464 5078 3513 5117 Ï….
3544 5061 3635 5131 5).
3682 5063 3772 5117 Ac

2167 5164 2352 5218 volens
2373 5160 2658 5215 ostendere
2685 5168 2852 5212 totum
2874 5161 2989 5227 ejus
3018 5156 3291 5212 teutationi
3313 5170 3420 5211 non
3440 5153 3643 5216 deberi,
3665 5156 3767 5209 sed

2169 5267 2367 5313 nostra:
2394 5256 2554 5311 etiam
2581 5253 2805 5324 ignavia:
2832 5252 3142 5321 plurimum,
3169 5249 3599 5319 principaliorem
3628 5262 3769 5301 can-

2169 5362 2281 5402 sam
2308 5345 2476 5411 addit,
2507 5344 2752 5414 inquiens
2772 5383 2787 5410 ,
2817 5341 3036 5413 Propter
3055 5349 3268 5393 vestram
3295 5339 3763 5407 intemperantiam.

2169 5438 2297 5506 Quis
2311 5452 2412 5491 non
2438 5436 2486 5490 id
2507 5434 2730 5490 audiens
2745 5432 3063 5488 erubescat?
3083 5431 3200 5502 quis
3216 5446 3321 5484 non
3340 5428 3772 5499 intemperantia

2170 5539 2349 5584 notam
2378 5525 2611 5596 ellâ€™ugere
2636 5522 2923 5580 moliatur?
2947 5522 3129 5592 Neque
3154 5523 3294 5575 enim
3318 5520 3620 5575 cohortatio
3648 5521 3769 5580 hac

2171 5619 2239 5673 ad
2269 5633 2456 5671 omnes
2486 5615 2734 5687 pertinet,
2766 5613 2858 5668 sed
2886 5612 2955 5665 ad
2989 5611 3143 5665 valde
3184 5611 3466 5665 demissos.
3506 5610 3657 5676 Quod
3691 5608 3767 5671 si,

2172 5709 2361 5780 inquit,
2390 5718 2499 5764 tam
2536 5722 2595 5761 es
2635 5718 2823 5760 servus
2847 5702 3201 5772 voluptatum,
3228 5700 3271 5754 si
3304 5709 3409 5754 tam
3451 5699 3629 5755 mollis
3654 5741 3668 5763 ,
3710 5712 3773 5757 ut,

2178 5817 2390 5874 semper
2415 5802 2468 5859 in
2493 5812 2744 5856 venerem
2769 5794 2969 5852 effusus
2998 5802 3156 5867 atque
3179 5791 3389 5849 inhians
3415 5790 3513 5861 sis,
3542 5804 3771 5863 congre-
