4020 6398
325 339 420 404 ιεε

349 467 500 524 Ἐπεὶ
547 463 644 523 οῦν
677 467 968 542 τοσαύτην
1007 470 1066 523 ἐν
1115 469 1232 533 ταῖς
1275 469 1462 541 εύχαῖς
1505 468 1776 540 πρόσιμεν
1824 469 1948 521 σϐέ-

360 567 532 614 σοντες
560 550 762 624 ὀργὴν,
797 551 897 604 καὶ
923 551 983 604 ὃν
1006 548 1148 602 οὕτω
1181 548 1303 603 καθ’
1331 549 1571 618 ἑκάστην
1619 546 1956 618 ἐκπολεμοῦ-

308 651 318 666 ·
361 651 452 704 μεν
481 631 580 702 τὴν
615 630 841 704 ἡμέραν
909 627 1360 694 καταλλάξαντες,
1399 629 1628 692 εἰκότως
1666 629 1815 700 ἡμᾶς
1850 629 1956 681 ἀπο

359 690 475 781 ἀγει
500 690 603 779 τῆς
631 690 832 782 ἧδοῖιῆς
869 708 1104 780 ἐκείνης,
1135 690 1419 780 μονονούχὶ
1456 690 1653 776 λέγων·
1687 690 1824 778 flag—‘1
1847 707 1952 776 ψυ-

355 792 455 862 χῆς
487 793 618 862 ἡμῖν
651 793 680 844 6
709 789 891 858 λόγος,
946 787 1256 858 ἀγαπητοὶ,
1288 787 1431 857 ὑπὲρ
1484 787 1594 840 τῶν
1650 787 1892 858 ἐσχάτων
1925 789 1954 841 6

352 871 617 934 κίνδυνος·
650 870 876 941 τρέμειν
901 869 982 922 δεῖ
1014 869 1106 922 καὶ
1127 868 1426 922 δεδοικέναι
1451 867 1546 920 καὶ
1573 867 1949 921 συνεστάλθαι·

354 951 587 1025 δεσπότῃ
611 951 880 1021 πρόσιμεν
914 948 1150 1020 φοϐερῷ,
1183 947 1358 1002 πολλὰ
1423 949 1556 1020 παρ’
1590 948 1748 1018 ήμῶν
1792 949 1948 1021 ὑϐρι-

356 1031 560 1101 ⁴ςμένιρ,
597 1028 811 1102 μεγάλα
839 1031 970 1100 ἡμῖν
1000 1027 1178 1098 ἔχοντι
1206 1027 1300 1080 καὶ
1327 1028 1468 1100 ὑπὲρ
1499 1028 1752 1100 μεγάλων
1779 1031 1948 1098 ἐγκα-

347 1109 482 1163 λεῖν.
518 1109 594 1162 Οὐ
631 1107 980 1180 περιπλοκῶν
1009 1102 1166 1171 οὗτος
1197 1107 1226 1160 6
1276 1107 1488 1179 καιρὸς,
1529 1105 1655 1161 οῦτε
1707 1108 1946 1180 ἡδονῶν,

343 1189 486 1242 ἀλλά
528 1187 779 1260 δακρύων
826 1189 921 1242 καὶ
981 1186 1304 1256 στεναγμῶν
1366 1187 1602 1260 πικρῶν,
1655 1187 1950 1260 προσπτώ-

343 1286 508 1333 σεως,
557 1267 1000 1340 ἐξομολογήσεως
1053 1267 1338 1339 ἀκριϐοῦς,
1383 1267 1661 1333 λιτανείας
1691 1287 1948 1325 συντετα-

345 1349 544 1419 μένης,
579 1349 861 1420 ἱκετηρίας
898 1347 1123 1418 πολλῆς.
1167 1347 1478 1418 ’Λγαπητδν
1516 1348 1627 1419 γάρ
1679 1349 1774 1403 καὶ
1805 1351 1944 1421 μετά

337 1429 622 1500 τοσαύτης
677 1429 1092 1500 προσπίπτοντα
1135 1428 1376 1498 σπουδῆς
1439 1428 1742 1499 δυνηθῆναι
1773 1447 1945 1502 προσ-

342 1509 498 1562 ιόντα
555 1507 1048 1578 καταμαλάξασθαι
1110 1519 1135 1547 ι
1170 1507 1273 1578 τὴν
1327 1507 1498 1579 ὀργὴν
1557 1509 1797 1580 ἐκείνην·
1841 1511 1942 1581 οὐχ

334 1589 426 1642 ὅτι
447 1587 692 1658 ἀπηνὴς.
726 1586 832 1640 οὐδ’
853 1586 936 1640 ὅτι
965 1583 1116 1656 ὠμὸς
1145 1587 1176 1639 6
1203 1585 1484 1656 Δεσπότης
1507 1587 1538 1657 ἡ
1549 1587 1688 1658 μῶν·
1717 1587 1942 1660 καὶγὰρ

337 1668 558 1739 σφόδρα
586 1667 733 1719 ἐστὶν
782 1667 992 1736 ἥμερος
1028 1665 1124 1718 καὶ
1155 1664 1560 1737 φιλάνθρωπος·
1599 1666 1716 1720 ἀλλ’
1745 1669 1780 1739 ή
1827 1667 1941 1722 τῶν

336 1749 760 1824 ἁμαρτημάτων
792 1748 900 1803 τῶν
929 1749 1218 1820 ἡμετέρων
1251 1749 1527 1820 ὑπερϐολὴ
1548 1751 1669 1803 οὐδὲ
1687 1749 1779 1806 τὸν
1804 1769 1942 1824 χρη-

335 1837 468 1892 στὸν
503 1835 598 1890 καὶ
629 1833 846 1904 ἐπιεικῆ
877 1833 973 1886 καὶ
1027 1831 1316 1886 πολυέλεον
1375 1833 1601 1902 ἀφίησιν
1643 1835 1779 1905 ἡμῖν
1809 1854 1941 1906 συγ.

331 1920 549 1990 γνῶναι
609 1917 836 1988 ταχέως·
893 1916 974 1970 διό
1025 1931 1226 1986 φησιν·
1281 1915 1418 1971 Ἵνα
1473 1917 1816 1986 σχολάζητε
1860 1920 1938 1990 τῇ

333 1998 598 2067 νηστεΙᾳ
629 1998 726 2052 καί
749 1994 1086 2065 προσευχῇ.
1122 1995 1188 2049 Τί
1223 1991 1318 2049 οῦν
1347 1995 1416 2050 ἂν
1447 1995 1534 2068 εἴη
1567 1998 1664 2068 τῆς
1690 1999 1939 2064 δουλείας

331 2081 548 2150 ταύτης
573 2077 936 2150 πικρότερονς
969 2075 1242 2146 Βούλομαι
1279 2075 1558 2130 ἐπιδοῦναι
1589 2077 1616 2117 δ
1648 2079 1784 2149 πρὸς
1805 2079 1939 2151 ἀρε-

330 2165 458 2230 τὴν,
485 2160 796 2230 ἀναπτῆναι
830 2157 968 2230 πρὸς
995 2157 1088 2212 τὸν
1114 2155 1366 2228 οὐρανὸν,
1417 2159 1698 2228 νηστείαις
1721 2161 1816 2214 καὶ
1847 2161 1940 2214 εύ-

332 2247 460 2313 χαίς
491 2240 736 2312 συνεχῶς
783 2235 1214 2310 προσκαρτερῶν
1267 2237 1587 2308 ἀποσμῆξαι
1639 2239 1731 2295 τὸν
1763 2241 1936 2314 ῥύπον

330 2322 432 2390 τῆς
468 2321 673 2392 ψυχῆς·
705 2315 826 2373 εἶτα
858 2317 926 2372 ἂν
961 2316 1034 2388 μὴ
1066 2316 1326 2389 βούληται
1373 2317 1557 2386 ἐκείνη
1615 2319 1786 2393 ταύτῃ
1810 2323 1934 2376 ὲπι-

330 2401 527 2456 νεῦσαι
553 2403 622 2472 τῇ
679 2397 896 2470 γνώμῃ,
955 2395 1338 2468 ἀναγκάζομαι
1398 2397 1672 2452 δουλεύειν
1704 2412 1726 2440 ο
1763 2403 1934 2474 αὐτῆς

330 2486 398 2554 τῇ
427 2481 675 2552 λαγνείᾳ.
707 2479 806 2550 Διά
841 2478 999 2533 τοῦτο
1027 2477 1139 2549 γὰρ
1187 2477 1495 2550 ἀρχόμενος
1521 2477 1698 2548 ἔλεγε·
1733 2482 1938 2536 Καλὸν

330 2561 626 2629 ἀνθρώπῳ
655 2559 945 2630 γυναικός
967 2558 1053 2628 μὴ
1085 2558 1403 2613 ἅπτεσθαι·
1433 2557 1525 2611 διὰ
1577 2560 1738 2614 τοῦτο
1761 2562 1856 2616 καὶ
1885 2564 1936 2616 οἰ

334 2643 579 2713 μαθηταὶ
601 2642 738 2712 πρὸς
759 2643 851 2694 τὸν
886 2639 1089 2711 Κύριον
1115 2633 1292 2700 εἷπον,
1335 2641 1406 2694 El
1445 2639 1634 2708 οὕτως
1689 2642 1862 2698 ἐστίν
1895 2646 1934 2714 ἡ

327 2725 490 2778 αἰτία
517 2723 624 2778 τοῦ
653 2719 972 2788 ἀνθρώπου
999 2718 1152 2788 μετὰ
1185 2715 1298 2787 τῆς
1325 2720 1635 2789 γυναικὸς,
1671 2724 1747 2776 οὐ
1779 2739 1936 2793 συμ-

329 2802 497 2870 φέρει
529 2797 816 2872 γαμῆσαι.
858 2798 1222 2868 Λογισάμενοι
1245 2795 1354 2868 γάρ
1391 2797 1472 2851 ὄτι
1503 2799 1670 2873 πολλὴ
1717 2802 1934 2876 ἀνάγκη

329 2881 547 2953 θατέρῳ
577 2884 734 2952 μέρει
762 2876 1017 2946 γενέσθαι
1043 2877 1144 2948 τὴν
1175 2877 1568 2947 ἐπήρειαν.καὶ
1593 2896 1936 2954 στενοχωρη-

329 2959 518 3025 θέντες
539 2959 644 3014 ὑπὸ
670 2958 776 3012 τῶν
806 2956 1316 3035 λογισμῶν,ταύτη“ν
1345 2957 1569 3026 ἀῄκαν
1595 2959 1693 3030 τὴν
1721 2963 1930 3035 φωνήν,

401 3039 524 3094 Al".
563 3039 660 3092 Διά
685 3039 842 3092 τοῦτο
870 3037 964 3092 καὶ
986 3038 1014 3089 6
1039 3034 1253 3100 Παῦλος
1274 3035 1512 3106 συνεχῶς
1530 3038 1662 3091 αὐτὸ
1687 3034 1930 3112 στρέφει,

330 3119 419 3174 ἵνα
446 3122 529 3184 εἰς
561 3119 751 3172 τοῦτον
779 3118 874 3172 τὸν
901 3117 1162 3185 λογισμὸν
1194 3115 1408 3187 ἐμϐάλῃ
1431 3115 1558 3179 τοὺς
1589 3119 1930 3190 Κορινθίους·

330 3202 636 3266 Ἕκαστος
689 3197 806 3266 τὴν
851 3197 1072 3252 ἑαυτοῦ
1130 3195 1388 3265 γυναῖκα
1447 3195 1653 3265 ἐχέτω·
1708 3199 1789 3269 Τῇ
1827 3219 1933 3270 γυ..

327 3281 490 3335 rauci
529 3283 563 3335 ό
613 3279 770 3349 ἀνὴρ
819 3277 936 3346 τὴν
978 3277 1381 3346 ὀφειλομένην
1430 3277 1678 3331 εὔνοιαν
1721 3281 1934 3336 ἀποδι-

326 3358 502 3412 δότω·
528 3358 600 3413 Ἦ
629 3357 784 3427 γυνὴ
815 3356 924 3411 τοῦ
950 3355 1104 3410 ὶδίου
1127 3354 1404 3424 σώματος
1425 3358 1541 3410 οὐκ
1573 3357 1930 3422 ἐξουσιάζει·

325 3438 423 3506 Μὴ
455 3436 847 3505 ἀποστερεῖτε
893 3434 1227 3502 ἀλλήλους·
1271 3435 1397 3486 Ἐπί
1437 3434 1503 3488 τὸ
1540 3437 1687 3491 αὐτὸ
1713 3440 1932 3508 συνέρα

327 3518 533 3586 χεσθε.
562 3515 701 3570 Ούδέ
725 3515 837 3586 γὰρ
870 3515 921 3568 οἰ
953 3514 1216 3586 μακάριοι
1237 3515 1358 3566 τότε
1387 3514 1588 3569 ἐκεῖνοι
1609 3518 1676 3570 ἐκ
1704 3517 1930 3589 πρώτης

328 3595 532 3658 εὐθέως
551 3593 714 3647 τοῦτο
752 3591 958 3647 ἔπαθον
980 3593 1080 3663 τῆς
1111 3593 1319 3661 φωνῆς,
1349 3590 1486 3644 .ἀλλ’
1519 3594 1608 3647 ὅτε
1650 3595 1717 3648 ἐκ
1753 3595 1932 3650 δευτέ-

332 3693 426 3746 ρου
449 3674 624 3728 ταῦτα
652 3675 916 3746 ἤκουσαν,
952 3672 1070 3726 τότε
1114 3670 1372 3750 ,συνεῖδον
1420 3671 1521 3740 τῆς
1574 3675 1800 3743 ἐντολῆς
1829 3676 1930 3750 τὴν

327 3755 593 3824 ἀνάγκην.
630 3753 739 3806 Καὶ
769 3752 878 3823 γὰρ
905 3753 996 3805 ὅτε
1029 3749 1268 3820 ἐκάθητο
1291 3750 1386 3802 ἐπὶ
1409 3750 1505 3805 τοῦ
1537 3750 1698 3822 ὅρους
1730 3755 1760 3806 6
1793 3749 1931 3826 Χρι-

328 3833 475 3898 στὸς,
516 3832 766 3904 διελέχθη
797 3832 931 3902 περὶ⁵
957 3831 1175 3896 τούτου,
1231 3829 1327 3884 καὶ
1385 3831 1512 3899 μεθ’
1542 3830 1709 3902 ἔτερα
1755 3835 1930 3890 πολλά

324 3913 493 3967 πάλιν
518 3910 696 3974 οὕτως
723 3910 926 3974 αὐτοὺς
954 3910 1254 3980 εισήγαγεν
1300 3909 1383 3971 εἰς
1421 3907 1514 3964 τὸν
1560 3909 1665 3982 τῆς
1715 3913 1927 3984 ὲγκρα-

323 3993 476 4057 τείας
521 3992 744 4064 ἐρωτα·
799 3990 944 4043 οὓτω
1013 3988 1256 4060 συνεχῶς
1306 3987 1380 4041 τά
1449 3988 1592 4064 αὐτά
1655 3990 1929 4064 λεγόμενα

328 4073 550 4128 πλείονα
592 4071 705 4142 ἔχει
731 4071 832 4142 τὴν
859 4070 1165 4140 ἐνέργειαν.
1201 4066 1502 4121 Κάνταῦθα
1534 4063 1628 4122 οὖν
1665 4070 1757 4123 τὸν
1783 4071 1929 4128 διδά-

325 4153 524 4206 σκαλον
555 4150 896 4223 μιμούμενος
955 4150 982 4202 ὁ
1033 4148 1280 4219 μαθητὴς
1340 4146 1583 4218 συνεχῶς
1644 4151 1773 4220 περὶ
1817 4151 1928 4206 τῶν

322 4231 507 4288 αὐτῶν
537 4231 868 4299 διαλέγεται·
899 4229 993 4282 καὶ
1014 4227 1381 4307 ούδαμοῦντὴν
1412 4225 1761 4307 συγχώρησιν
1779 4229 1926 4307 [292]

321 4309 514 4374 ἅπλῶς
546 4309 782 4379 τίθησιν,
809 4307 946 4362 ἀλλά
971 4306 1112 4379 μετά
1161 4306 1364 4371 αἰτίας,
1415 4304 1503 4359 διὰ
1539 4305 1640 4370 τάς
1669 4304 1927 4379 πορνείας

319 4389 522 4458 λέγων,
575 4389 828 4452 καὶτοὺς
879 4386 1225 4459 πειρασμοῦς
1260 4387 1388 4450 τοὺς
1439 4389 1788 4452 σατανικοὺς,
1829 4391 1926 4444 καὶ

318 4471 422 4540 τὴν
483 4469 778 4540 ἀκρασίαν,
830 4469 927 4522 καὶ
983 4466 1314 4528 ἀνυπόπτως
1371 4465 1432 4518 16
1479 4467 1580 4536 τῆς
1625 4468 1926 4539 παρθενίας

318 4547 601 4618 ἐγκώμιον
621 4549 988 4619 ἐργαζόμενος
1014 4548 1072 4600 ἐν
1091 4547 1206 4608 τοῖς
1236 4545 1478 4616 περὶτοῦ
1507 4545 1690 4616 γάμου
1719 4547 1922 4617 λόγοις.

388 4631 510 4683 ΛΔ’.
545 4629 606 4681 Εἰ
638 4630 744 4700 γάρ
767 4631 896 4692 τοὺς
919 4629 977 4682 ἐν
1003 4626 1081 4698 τῷ
1105 4626 1271 4698 γάμῳ
1293 4624 1672 4695 διατρίϐοντας
1687 4627 1926 4683 δέδοικεν

315 4708 631 4778 ἀποστῆσαι
657 4707 914 4768 ἐπιπολὺ,
949 4707 1023 4778 μή
1065 4723 1187 4759 τινα
1237 4704 1596 4777 παρείσδυσιν
1620 4708 1649 4760 6
1677 4707 1925 4774 διάϐολος

316 4789 482 4861 εὕρῃ,
513 4788 698 4842 πόσων
721 4788 789 4842 ἂν
824 4783 938 4842 εἷεν
976 4785 1126 4852 ἄξιαι
1185 4787 1468 4854 στεφάνων
1497 4787 1554 4840 αί
1583 4787 1718 4858 μηδέ
1768 4791 1925 4862 παρά

315 4868 418 4938 τὴν
444 4867 622 4938 ἀρχὴν
652 4867 861 4938 ταύτης
907 4866 1188 4937 δεηθεῖσαι
1241 4865 1346 4936 γῆς
1397 4865 1777 4936 παραμυθίας,
1827 4870 1924 4922 καὶ

318 4947 488 5018 μέχρι
513 4947 703 5010 τέλους
736 4947 1028 5017 ἀχείρωτοι
1060 4944 1447 5016 διαμείνασαι;
1479 4944 1672 4998 Καίτοι
1703 4947 1828 5002 οὐδὲ
1854 4947 1922 5002 τά

317 5029 477 5096 παρά
501 5026 596 5080 τοῦ
620 5027 869 5081 διαϐόλου
901 5027 1120 5098 μηχανή
1131 5043 1281 5096 ματα
1327 5023 1384 5090 ἐξ
1415 5025 1540 5094 τσης
1585 5026 1921 5098 ἀμφοτέροις

314 5106 678 5177 προσάγεται.
711 5107 839 5170 Τοῖς
863 5106 962 5177 μὲν
985 5105 1096 5177 γὰρ
1128 5105 1252 5158 ούδέ
1279 5103 1519 5175 ἐνοχλεῖν
1551 5103 1716 5158 αὑτὸν
1737 5100 1918 5176 οἶμαι,

314 5186 500 5239 εἰδότα
522 5187 607 5239 ὅτι
632 5185 862 5256 πλησίον
891 5187 1077 5249 αὐτοῖς
1111 5187 1145 5256 ἡ
1170 5183 1489 5254 καταφυγὴ,
1523 5183 1626 5238 κάν
1660 5201 1810 5250 τινος
1834 5187 1922 5242 αἴ-

315 5267 558 5319 σθωνται
592 5265 959 5336 σφοδροτέρας
992 5263 1324 5337 προσϐολῆς,
1355 5263 1567 5329 ἔξεστιν
1597 5262 1802 5329 εὐθέως
1825 5267 1920 5320 ἐπὶ

311 5345 408 5397 τὸν
434 5344 629 5414 λιμένα
662 5345 1055 5412 καταφεύγειν·
1105 5342 1231 5396 ούδέ
1252 5342 1362 5412 γάρ
1407 5341 1634 5413 ἀφίησιν
1664 5343 1863 5408 αὐτοὺς
1890 5347 1920 5398 6

315 5421 591 5492 μακάριος
625 5423 839 5486 Παῦλος
898 5421 1236 5495 πορρωτέρω
1285 5421 1460 5483 πλεῖν,
1507 5421 1625 5474 ἀλλ’
1657 5422 1918 5494 ὑποστρέο

313 5517 440 5570 φειν
470 5501 632 5573 ἡνίκα
675 5501 742 5556 ἂν
778 5503 1002 5572 κάμωσι
1045 5503 1326 5572 παραινεῖ.
1380 5499 1547 5552 πάλιν
1599 5501 1916 5570 ἐπιτρέπων

311 5583 410 5637 ἐπὶ
461 5583 522 5635 16
565 5582 698 5636 αὐτὸ
745 5581 1126 5654 συνέρχεσθαι.
1167 5583 1232 5634 Ἠ
1285 5581 1343 5634 δὲ
1381 5579 1653 5652 παρθένος
1685 5579 1754 5634 δι’
1791 5581 1915 5634 ὅλου

315 5661 664 5715 (θαλαττεύειν
697 5662 1092 5730 ἀναγκάζεται,
1137 5662 1233 5714 καὶ
1268 5659 1503 5728 πέλαγος
1531 5659 1682 5714 πλεῖν
1717 5660 1914 5730 ἀλίμε-

310 5757 424 5796 νον·
457 5741 561 5798 κᾶν
587 5744 618 5797 6
655 5739 1046 5814 χαλεπώτατος
1072 5741 1328 5813 διεγερθῇ
1357 5738 1588 5812 χειμὼν,
1621 5741 1742 5795 οὐδὲ
1770 5740 1914 5796 οῦτω

495 5875 546 5942 ρ.
569 5863 952 5942 ,ἐκμειλίεασθαι

841 5928 936 5983 σὶν,
960 5928 1220 5976 ἐπιδοῦναι.

809 5987 946 6040 ονλεύ
954 6003 972 6037 ε
983 6005 1036 6040 ιν.

1709 352 1811 407 ΟΕ-
1837 353 2306 416 VIRGINITATE.

3543 363 3649 427 556

2058 467 2218 538 θέμις
2242 469 2468 542 ὁρμίσαι
2517 470 2578 522 16
2630 471 2835 541 σκάφος
2876 473 3012 544 αὐτῇ
3064 473 3154 526 καὶ
3205 473 3646 534 ἀναπαύσασθαι.

2059 547 2269 621 ’Ὠσπερ
2305 546 2397 603 οὖν
2424 551 2472 603 οἰ
2524 549 2665 603 κατᾶ
2711 551 2810 622 τὴν
2855 549 3126 605 θάλατταν
3171 553 3488 624 κακοῦργοι,
3521 558 3649 613 ἔνθα

2058 627 2157 696 μὲν
2179 624 2303 701 ἃ·θῇ
2336 629 2490 694 πόλις
2517 629 2550 700 ἢ
2581 629 2818 684 ἐπίνειον
2851 631 2884 700 ἢ
2939 630 3127 701 λιμὴν,
3174 632 3275 685 ούκ
3312 634 3649 691 ἐπιτίθενται

2052 710 2167 770 τοῖς
2199 709 2423 762 πλέουσι
2483 709 2662 775 (τοῦτο
2709 711 2819 781 γὰρ
2847 709 3031 780 μάτην
3091 710 3422 764 κινδυνεύειν
3454 715 3647 785 ἐστίν)-

2052 787 2119 840 ἂν
2143 788 2199 842 δέ
2227 789 2283 840 ἐν
2311 789 2460 860 μέσῳ
2490 789 2568 860 τῷ
2595 790 2823 857 πελάγει
2852 791 2912 842 τὸ
2944 790 3152 859 σκάφος
3185 791 3518 858 ἀπολάϐωσι,
3549 795 3651 865 τὴν

2051 868 2290 940 ἐρημίαν
2312 869 2420 923 τῶν
2452 869 2831 940 βοηθησόντων
2863 870 2964 941 τῆς
2994 871 3203 943 τόλμης
3251 873 3461 940 ἐφόδιον
3498 874 3647 945 ἔχονς

2049 963 2163 1010 τες,
2194 948 2374 1003 πάντα
2400 949 2610 1003 κινοῦσι
2638 951 2733 1002 καὶ
2788 950 3103 1021 στρέφουσι,
3153 951 3249 1003 καὶ
3280 952 3346 1004 οῦ
3382 952 3648 1025 πρότερον

2048 1025 2378 1094 ἀφίστανται
2400 1028 2505 1091 ἐως
2532 1027 2597 1082 ᾶν
2624 1028 2657 1098 ἢ
2684 1029 3032 1082 καταδύσωσι
3051 1030 3181 1092 τοὺς
3215 1030 3576 1100 ἐμπλέοντας,
3610 1033 3644 1103 ἢ

2045 1103 2207 1158 τοῦτο
2235 1106 2483 1160 πάθωσιν
2511 1107 2688 1160 αὐτοί·
2719 1107 2862 1160 οὕτω
2886 1109 2980 1162 καὶ
3010 1109 3039 1160 6
3061 1108 3236 1172 δεινὸς
3266 1103 3421 1173 οὗτος
3452 1127 3645 1182 πειρα-

2044 1184 2146 1256 τὴς
2173 1188 2239 1256 τῇ
2278 1186 2534 1258 παρθένῳ
2570 1188 2738 1241 πολὺν
2761 1188 2958 1256 ἐπάγει
2993 1188 3084 1242 τὸν
3127 1190 3373 1260 χειμῶνα
3407 1191 3500 1244 καὶ
3547 1209 3646 1261 χα-

2045 1262 2218 1336 λεπὴν
2249 1267 2348 1336 τὴν
2405 1267 2596 1338 ζάλην,
2654 1268 2751 1320 καὶ
2806 1269 3116 1338 ἀφορήτους
3172 1269 3274 1332 τὰς
3322 1271 3642 1340 τρικυμίας,

2043 1344 2225 1398 πάντα
2249 1345 2365 1398 ἄνω
2401 1347 2494 1398 καὶ
2545 1346 2698 1399 κάτω
2749 1346 2958 1412 κυκῶν,
3013 1346 3156 1399 ὥστε
3202 1350 3269 1418 τῇ
3309 1348 3400 1419 βίᾳ
3449 1349 3542 1402 καὶ
3573 1353 3642 1420 τῇ

2044 1425 2195 1500 ῥύμῃ
2221 1425 2552 1498 περιτρέψαι
2607 1426 2669 1480 τὸ
2727 1427 2954 1495 σκάφος.
3013 1428 3253 1480 Ἤκουσε
3285 1429 3393 1499 γάρ
3439 1431 3522 1481 ὅτι
3555 1429 3639 1490 16.

2055 1508 2188 1561 Ἐπὶ
2226 1508 2294 1560 τὸ
2321 1509 2469 1561 αὐτὸ
2495 1506 2930 1576 συνέρχεσθαι,
2962 1509 2996 1578 η
3051 1507 3320 1578 παρθένος
3353 1509 3453 1562 οὐκ
3501 1509 3586 1580 ἔχε
3599 1529 3637 1570 ι,

2041 1585 2158 1641 ἀλλ’
2185 1587 2404 1658 ἀνάγκη
2443 1588 2514 1642 δι’
2564 1587 2688 1641 ὅλου
2745 1587 3002 1640 παλαίειν
3047 1587 3246 1658 αὐτὴν,
3276 1588 3343 1640 δι’
3371 1587 3494 1641 ὅλου
3537 1591 3643 1659 μά-

2041 1665 2234 1737 χεσθαι
2263 1665 2403 1736 πρὸς
2427 1666 2497 1720 τὰ
2537 1665 2890 1737 πνευματικά
2943 1667 3047 1736 τῆς
3103 1667 3394 1738 πονηρίας,
3441 1668 3546 1732 ἓως
3573 1668 3642 1722 ἂν

2039 1747 2120 1808 εἰς
2153 1745 2244 1798 τὸν
2298 1743 2476 1801 εῦδιον
2532 1744 2888 1816 καταπλεύσῃ
2927 1743 3143 1815 λιμένα.
3211 1745 3478 1816 Καθάπερ
3529 1747 3640 1816 γάρ

2041 1823 2384 1896 στρατιώτην
2439 1827 2688 1892 γενναῖον
2743 1823 2849 1888 ἔξω
2892 1823 3090 1892 τειχῶν
3143 1823 3478 1888 ἀποκλείσας
3534 1826 3639 1896 τὴν

2040 1901 2310 1974 παρθένον
2334 1907 2362 1958 6
2391 1903 2623 1967 Παῦλος,
2658 1905 2759 1957 ούκ
2813 1903 3039 1973 ἀφίησιν
3077 1902 3364 1972 ἀνοιγῆναι
3397 1903 3497 1967 τάς
3530 1903 3636 1957 πύ-

2038 1981 2136 2044 λας
2166 1983 2329 2054 αὐτῇ.
2361 1984 2467 2037 κᾶν
2499 1981 2706 2054 σφόδρα
2726 1985 2754 2036 6
2779 1981 3036 2052 πολέμιος
3060 1981 3320 2052 ἀγριαίνῃ
3364 1983 3500 2052 πρὸς
3538 1983 3638 2036 αύ-

2036 2063 2159 2135 τὴν,
2201 2063 2304 2118 κᾶν
2328 2063 2480 2134 αὐτῷ
2507 2062 2685 2133 τούτῳ
2716 2062 3078 2134 σφοδρότερος
3117 2063 3376 2132 γίγνηται
3421 2062 3499 2133 τῷ
3544 2063 3635 2120 16v

2035 2143 2331 2196 ἀντίπαλον
2363 2142 2634 2215 μηδεμίαν
2668 2142 2916 2208 ἐξουσίαν
2945 2143 3088 2213 ἔχειν
3143 2143 3498 2213 ἁνακωχῆςίι.
3523 2145 3636 2217 Ούχ

2035 2221 2064 2274 6
2090 2221 2336 2286 διάϐολος
2375 2222 2432 2276 δέ
2467 2223 2654 2294 μόνον,
2687 2221 2824 2276 ἀλλὰ
2854 2221 2947 2276 καὶ
2976 2223 3136 2284 αὐτὸς
3163 2224 3192 2274 6
3217 2222 3316 2293 τῆς
3340 2223 3636 2292 ἐπιθυμίας

2035 2296 2252 2373 οἶστρος
2278 2300 2549 2373 μειζόνως
2585 2305 2699 2366 τοῖς
2733 2301 2808 2373 μὴ
2853 2300 3236 2372 γεγαμηκόσιν
3276 2301 3505 2372 ἐνοχλεῖ·
3540 2302 3636 2356 καὶ

2034 2379 2195 2433 τοῦτο
2231 2381 2397 2434 παντί
2431 2398 2534 2434 που
2569 2381 2732 2453 δῆλόν
2760 2383 2930 2434 ἐστιν.
2961 2375 3062 2432 Ὧν
3093 2381 3193 2450 μὲν
3233 2380 3343 2453 γὰρ
3369 2383 3469 2453 τὴν
3493 2383 3634 2436 ἀπό-

2034 2457 2225 2514 λαυσιν
2252 2458 2470 2532 ἔχομεν,
2507 2460 2566 2513 οὐ
2592 2460 2802 2532 ταχέως
2836 2459 2941 2514 ὑπὸ
2964 2458 3064 2530 τῆς
3091 2459 3398 2530 ἐπιθυμίας
3413 2461 3634 2515 ἁλισκό-

2039 2537 2199 2610 μεθα,
2232 2538 2332 2609 τῆς
2355 2539 2540 2603 ἀδείας
2595 2544 2665 2613 τῇ
2713 2539 2860 2612 ψυχῇ
2909 2541 3173 2613 ῥᾳθυμεῖν
3218 2539 3630 2612 συγχωρούσης.

2035 2617 2148 2671 Καὶ
2167 2616 2454 2690 τοῦτο“καὶ
2476 2617 2751 2690 παροιμία
2787 2635 2872 2682 τις
2894 2621 3028 2690 ἡμῖν
3063 2620 3352 2690 μαρτυρεῖ,
3376 2617 3636 2690 δημώδης

2039 2699 2160 2766 μέν,
2207 2679 2414 2770 σφόδρα
2450 2697 2507 2751 δέ
2539 2679 2768 2770 ἀληθής.
2819 2679 2893 2750 Τὸ
2917 2679 3630 2768 ’.γὰρ’ἐνέξουσίᾳξφησὶν,

2035 2776 2255 2848 ἕτοιμον
2306 2777 2406 2831 οὐκ
2457 2773 2599 2832 εῖναι
2646 2777 2786 2848 πρὸς
2834 2776 3136 2848 ἐπιθυμίαν
3167 2776 3418 2848 σφοδρόν.
3445 2779 3544 2830 ’Λν
3572 2777 3632 2831 δέ

2036 2873 2167 2910 ποτε
2195 2857 2531 2928 κωλυθῶμεν
2575 2850 2650 2910 ὧν
2693 2856 2861 2912 πάλαι
2892 2851 3038 2928 ἦμεν
3073 2855 3278 2926 κύριοι,
3318 2855 3632 2910 τούναντίον

2033 2935 2266 3002 γίνεται,
2295 2937 2392 2991 καὶ
2413 2936 2480 2988 τὰ
2508 2935 2597 2989 διά
2634 2935 2733 3008 τὴν
2772 2936 3022 3001 ἐξουσίαν
3081 2938 3210 3008 παρ’
3251 2935 3407 3006 ἡμῶν
3458 2953 3632 2990 καταο

2035 3017 2402 3088 φρονούμενα,
2439 3016 2634 3082 ταῦτα,
2686 3017 2817 3070 ὅταν
2875 3016 2938 3069 16
2983 3013 3151 3084 κῦρος
3187 3015 3344 3085 ἡμῶν
3390 3015 3628 3084 ἐκφύγῃ,

2035 3096 2395 3168 σφοδρότερον
2414 3095 2574 3167 ήμῶν
2603 3095 2703 3166 τὴν
2753 3095 3052 3166 ἐπιθυμίαν
3099 3096 3368 3166 διήγειρε.
3406 3093 3632 3166 Πρῶτον

2038 3176 2138 3247 μὲν
2167 3171 2262 3229 οὖν
2288 3173 2462 3246 ταύτῃ
2502 3174 2705 3244 μείζων
2740 3173 2894 3245 παρά
2923 3177 3037 3236 τοῖς
3069 3173 3447 3244 γεγαμηκόσιν
3471 3174 3503 3244 ἡ
3529 3189 3632 3240 γα-

2035 3255 2192 3328 λήνη·
2219 3255 2475 3325 δεύτερον
2503 3255 2581 3318 δέ,
2615 3255 2695 3307 ὅτι
2728 3253 2830 3308 κᾶν
2877 3255 2960 3316 εἰς
3017 3253 3152 3322 ὕψος
3196 3253 3430 3324 ἀρθῆναι
3477 3254 3631 3322 φιλο-

2035 3337 2264 3406 νεικήσῃ
2321 3335 2457 3387 ποτὲ
2521 3333 2734 3404 ἡφλὸξ,
2790 3333 3149 3386 καταστέλλει
3195 3333 3408 3402 ταχέως
3457 3333 3632 3405 αὐτὴν

1979 3443 1990 3447 -
2035 3413 2340 3468 ἐπελθοῦσα
2379 3417 2412 3486 ὴ
2448 3413 2618 3485 μίξις.
2660 3413 2727 3466 Ἠ
2757 3411 2814 3466 δὲ
2844 3413 3114 3483 παρθένος
3135 3413 3236 3466 ούκ
3265 3414 3460 3483 ἔχουσα
3477 3414 3630 3478 ὅπως

2037 3493 2206 3566 σϐέσῃ
2239 3504 2263 3533 ο
2293 3495 2356 3547 16
2391 3495 2526 3564 πῦρ,
2560 3495 2665 3565 ὁρᾷ
2695 3493 2797 3564 μὲν
2830 3493 2962 3547 αὐτὸ
2987 3493 3398 3564 κορυφούμενον
3427 3494 3521 3547 καὶ
3548 3496 3631 3557 εἰς

2033 3576 2167 3646 ῦψος
2199 3576 2511 3648 αἰρόμενον,
2537 3574 2726 3627 σϐέσαι
2749 3574 2808 3627 δὲ
2845 3575 2946 3628 οὐκ
2977 3574 3239 3644 ἰσχύουσα
3275 3573 3394 3638 ἐνὸς
3419 3573 3630 3642 γίνεται

2035 3657 2198 3727 μόνον
2220 3655 2316 3708 τοῦ
2341 3655 2416 3726 μὴ
2441 3653 2742 3724 φλεχθῆναι
2777 3654 3094 3724 μαχομένην
3141 3653 3292 3725 πυρί.
3329 3649 3479 3728 Ἀρά
3511 3654 3629 3707 ἐστί

2029 3754 2083 3790 τι
2114 3735 2306 3790 τούτου
2339 3734 2792 3806 παραδοξότερον,
2825 3735 3004 3787 πᾶσαν
3031 3733 3178 3786 ἔνδον
3209 3732 3499 3803 βαστάζειν
3529 3735 3630 3804 τὴν

2033 3815 2234 3887 πυρὰν,
2275 3814 2373 3868 καὶ
2424 3813 2502 3885 μὴ
2555 3813 2848 3878 καίεσθαι;
2910 3812 3237 3882 συστρέφειν
3274 3813 3373 3884 μὲν
3407 3815 3465 3866 ἐν
3513 3816 3630 3876 τοῖς

2029 3897 2130 3966 τῆς
2151 3895 2330 3966 ψυχῆς
2385 3894 2656 3964 ταμιείοις
2687 3892 2786 3964 τὴν
2813 3891 3008 3962 φλόγα,
3047 3890 3200 3963 [ἳθὸ]
3259 3891 3537 3960 ἀνέπαφον
3571 3893 3630 3946 δὲ

2029 3977 2130 4044 τὴν
2159 3975 2401 4028 διάνοιαν
2431 3973 2745 4044 διατηρεῖν;
2784 3972 2974 4034 Οὐδεὶς
3029 3971 3140 4042 γάρ
3174 3971 3312 4041 αὐτῇ
3351 3974 3631 4043 συγχωρεί

2029 4057 2158 4120 τοὺς
2215 4054 2499 4126 ἄνθρακας
2555 4052 2782 4115 τούτους
2825 4051 2931 4116 ἔξω
2985 4050 3246 4112 κενῶσαι,
3297 4050 3630 4121 ἀλλ’ὄπερό

2030 4135 2447 4208 Παροιμιαστὴς
2475 4131 2740 4186 ἀδύνατον
2771 4129 2913 4186 εἷναί
2937 4147 3102 4201 φησιν
3131 4131 3224 4184 ἐπὶ
3254 4129 3354 4199 τῆς
3376 4130 3485 4184 τῶν
3517 4147 3627 4182 σω-

2033 4216 2221 4287 μάτων
2249 4213 2486 4282 φύσεως,
2515 4211 2676 4264 τοῦτο
2701 4211 2995 4282 ὑπομένειν
3042 4209 3180 4280 αὐτὴ
3217 4208 3629 4276 καταναγκάζε-

2027 4313 2119 4348 ται
2142 4293 2235 4346 ἐπὶ
2260 4294 2360 4362 τῆς
2399 4291 2597 4360 ψυχῆς.
2629 4290 2695 4342 Τί
2731 4290 2790 4342 δὲ
2845 4289 3053 4352 ἐκεῖνός
3085 4305 3219 4358 φησι
3246 4304 3260 4353 ;
3289 4287 3625 4355 Περιπατή-

2028 4391 2126 4428 σει
2165 4391 2259 4439 τις
2303 4371 2398 4425 ἐπ’
2433 4369 2754 4436 ἀνθράκων
2790 4367 3004 4434 πυρός,
3061 4368 3204 4433 τοὺς
3232 4367 3302 4420 δὲ
3325 4369 3520 4435 πόδας
3552 4371 3626 4424 οὑ

2027 4451 2428 4512 κατακαύσει;
2483 4448 2620 4500 Ἀλλ’
2676 4446 2784 4500 ἰδοὺ
2815 4444 2954 4518 αὕτη
3016 4451 3312 4516 περιπατεῖ
3339 4448 3432 4500 καὶ
3469 4449 3624 4520 φέρει

2026 4533 2126 4606 τὴν
2167 4532 2419 4603 βάσανον.
2469 4527 2783 4594 Ἁποὸἠσει
2808 4544 2898 4606 τις
2930 4527 3052 4596 πῦρ
3076 4527 3148 4580 ἐν
3172 4530 3399 4592 κόλπῳ,
3441 4533 3516 4582 τὰ
3556 4527 3626 4581 δὲ

2029 4605 2227 4684 ἱμάτια
2252 4613 2322 4666 οὐ
2347 4611 2753 4674 κατακαύσει;
2781 4605 2930 4678 Αὕτη
2983 4607 3039 4660 δὲ
3095 4607 3198 4660 ούκ
3241 4608 3302 4660 ἐν
3361 4609 3622 4678 ἱματίοις,

2028 4693 2146 4747 ἀλλ’
2183 4691 2332 4746 ἐνδον
2359 4690 2562 4762 ἔχουσα
2589 4690 2652 4744 16
2676 4688 2788 4760 πῦρ
2819 4689 3103 4758 ἁγριαῖνον
3142 4688 3238 4762 καὶ
3274 4690 3464 4758 ἡχοῦν,
3524 4690 3624 4742 ἀνο

2028 4774 2213 4844 έχεται
2239 4771 2336 4826 καὶ
2367 4771 2550 4838 στέγει
2579 4769 2680 4840 τὴν
2705 4768 2900 4838 φλόγα.
2943 4766 3061 4818 Ἔτ’
3091 4761 3186 4820 οὖν
3209 4767 3472 4838 τολμήσει
3515 4786 3619 4833 τις,

2027 4853 2151 4908 εἰπέ
2182 4867 2294 4922 μοι,
2323 4853 2389 4921 τῇ
2419 4849 2688 4921 παρθενίᾳ
2722 4848 2816 4901 τὸν
2871 4847 3050 4917 γάμον
3092 4848 3500 4918 παραϐάλλειν;
3531 4850 3622 4901 ἀν-

2024 4930 2277 5001 τιϐλέψαι
2319 4930 2378 4984 δὲ
2426 4929 2593 4994 ὃλως;
2639 4927 2781 4981 Ἀλλ’
2838 4927 2940 4980 οὐκ
2985 4926 3213 4997 ἀφίησιν
3263 4927 3292 4978 6
3351 4929 3622 4999 μακάριος

2025 5011 2262 5075 Παῦλος,
2288 5009 2424 5064 πολὺ
2449 5008 2511 5062 16
2535 5007 2700 5078 μέσον
2719 5006 2983 5078 ἐκατέρου
3009 5005 3100 5060 τοῦ
3129 5005 3454 5077 πράγματος
3485 5006 3620 5069 θείς·

2037 5089 2101 5143 Ἢ
2132 5087 2358 5160 μὲνγὰρ
2381 5087 2451 5141 τά
2470 5085 2564 5139 τοῦ
2586 5086 2814 5157 Κυρίου,
2841 5085 3029 5154 φησὶν,
3056 5086 3090 5155 ἡ
3110 5083 3166 5137 δέ
3192 5085 3260 5138 τά
3288 5083 3382 5138 τοῦ
3411 5085 3621 5154 κόσμου

2028 5169 2293 5240 μεριμνᾷ.
2346 5165 2682 5234 Συναγαγὼν
2733 5166 2915 5218 τοίνυν
2942 5165 3024 5229 εἰς
3059 5163 3250 5217 ταυτὸν
3281 5165 3410 5227 τοὺς
3455 5181 3624 5233 γεγα-

2027 5247 2291 5320 μηκότας,
2325 5245 2617 5318 καὶταύτῃ
2645 5245 3036 5316 χαρισάμενος,
3083 5244 3314 5297 ἄκουσον
3369 5244 3487 5307 πῶς
3517 5245 3621 5298 αύ-

2022 5329 2137 5390 τοῖς
2168 5327 2417 5390 ὀνειδίζει
2450 5326 2632 5380 πάλιν·
2674 5324 2808 5382 Ἐπὶ
2840 5324 2907 5378 τὸ
2933 5321 3082 5378 αὐτὸ
3116 5323 3245 5394 γάρ,
3276 5323 3432 5394 φησὶ,
3469 5339 3620 5378 συθ·-

2021 5405 2298 5474 έρχεσθε,
2339 5406 2442 5459 ἵνα
2488 5405 2576 5474 μὴ
2605 5403 2846 5473 πειράζῃ
2875 5401 3032 5474 ὑμᾶς
3079 5405 3113 5457 ὁ
3167 5401 3462 5468 Σατανᾶς.
3512 5403 3620 5456 Καὶ

2021 5487 2196 5552 δεῖξαι
2225 5484 2550 5555 βουλόμενος
2575 5485 2657 5538 ὅτι
2681 5485 2743 5537 ού
2775 5483 2878 5554 τῆς
2931 5483 3142 5538 ἐκείνου
3184 5483 3381 5553 πείρας
3417 5483 3480 5536 16
3511 5485 3622 5537 πᾶν

2021 5567 2197 5630 ἐστιν,
2235 5566 2376 5620 ἀλλά
2411 5565 2508 5618 καὶ
2537 5565 2636 5634 τῆς
2655 5563 2934 5635 ἡμετέρας
2963 5563 3193 5627 νωθείας
3218 5563 3279 5616 16
3307 5563 3491 5628 πλέον,
3522 5565 3622 5634 τὴν

2021 5649 2366 5719 κυριωτέραν
2409 5645 2590 5699 αἰτίαν
2639 5647 2927 5714 ἐπήγαγε,
2978 5645 3082 5699 Διὰ
3137 5645 3252 5713 τὴν
3317 5645 3622 5712 ἀκρασίαν

2020 5727 2210 5799 ὑμῶν,
2243 5727 2435 5782 εἰπών.
2495 5725 2592 5788 Τίς
2640 5720 2734 5778 οῦν
2779 5725 2882 5777 ούκ
2943 5723 3010 5778 ἀν
3061 5725 3409 5798 ἐρυθριάσειε
3446 5723 3620 5778 ταῦτα

2095 5856 2126 5896 ⁸
2145 5860 2264 5916 Reg.
2292 5861 2559 5920 ἀνακιοιχῆς.
2585 5857 2680 5920 Καὶ
2700 5856 2806 5919 περὶ
2830 5855 2912 5918 μὲν
2933 5863 3018 5917 τῆς
3044 5857 3276 5920 παρθένου
3297 5855 3468 5907 ταῦτα.
3494 5858 3614 5907 Τοῦ.

2022 5938 2120 5977 τοις
2137 5923 2189 5970 δέ
2209 5923 2297 5985 οὐχ
2319 5925 2344 5970 6
2369 5919 2586 5985 διάϐολος
2610 5919 2768 5981 μόνος.

2081 5985 2100 6006 ⁶¹
2129 5985 2251 6048 Βίοις.
2268 5984 2378 6046 νότῳ
2401 5984 2585 6032 σϐέσει.
