4020 6418
230 394 319 458 εει

239 520 356 575 dere
378 533 513 575 sane
547 534 677 574 cum
718 534 919 575 uxore.
953 517 1064 574 Non
1096 524 1179 574 est
1220 515 1382 587 igitur
1420 514 1704 586 permissio
1727 511 1842 567 haec

245 612 509 684 probantis
530 627 596 667 ac
616 611 1056 667 commendantis
1075 651 1091 677 ,
1120 608 1215 665 sed
1244 606 1517 663 irridentis
1545 621 1609 661 ac
1641 605 1842 675 impro-

242 707 428 761 bantis.
457 704 595 759 Nam
635 706 692 759 ni
732 706 1173 774 voluptuosorum
1212 709 1446 755 mentem
1473 697 1689 769 egregie
1719 707 1838 752 tan-

240 812 361 864 gere
380 796 664 861 voluisset,
688 796 1113 865 intemperantia:
1133 807 1318 848 vocem
1349 807 1454 846 non
1486 789 1836 856 adhibuisset,

235 906 351 959 quae
380 898 435 945 et
463 889 762 945 vehemens
787 896 871 944 est
890 929 906 952 ,
943 896 998 943 et
1024 886 1212 955 ingens
1237 885 1554 955 vituperimn
1579 882 1834 938 continet.

233 983 341 1037 Cur
367 982 517 1036 enim
548 996 658 1035 non
689 980 841 1044 dixit,
873 979 1095 1048 Propter
1113 985 1345 1032 vestram
1375 972 1838 1030 imbecillitatem?

232 1072 387 1139 Quod
420 1088 488 1128 ea
520 1089 623 1127 vox
655 1072 823 1142 magis
844 1069 1165 1141 ignoscentis
1192 1076 1353 1133 esset,
1383 1067 1471 1122 illa
1497 1081 1625 1120 vero
1647 1065 1839 1119 intem-

235 1165 519 1234 perantiaz,
548 1179 813 1219 summam
844 1162 1105 1233 ignaviam
1135 1160 1389 1215 uolantis.
1439 1158 1600 1229 Igitur
1639 1157 1835 1212 intem-

233 1259 497 1328 perantia:
524 1266 609 1312 est
633 1298 648 1322 ,
674 1272 785 1311 non
814 1270 970 1326 posse
994 1269 1024 1308 a
1046 1252 1395 1308 fornicatione
1419 1251 1705 1316 abstinere,
1734 1249 1835 1305 nisi

232 1353 389 1406 uxori
433 1366 657 1420 semper
691 1350 895 1404 hmreas
927 1363 990 1403 ac
1023 1347 1166 1403 coitu
1192 1345 1391 1400 fruare.
1431 1343 1566 1412 Quid
1596 1344 1724 1397 mihi
1750 1342 1836 1398 hic

230 1446 417 1497 dicent
434 1442 528 1512 qui
550 1441 904 1511 virginitatem
926 1452 1375 1509 supervacaneam
1398 1436 1673 1490 statuunt?
1700 1435 1832 1489 Nam

232 1536 349 1587 hec
376 1549 488 1603 quo
517 1533 825 1588 contensior
847 1540 927 1586 est
945 1572 962 1598 ,
990 1546 1055 1585 eo
1080 1529 1339 1600 majorem
1379 1528 1540 1583 habet
1582 1528 1789 1583 Iaudem
1817 1546 1832 1582 :

229 1636 287 1681 at
306 1627 733 1689 matrimonium,
762 1624 852 1679 ubi
880 1638 946 1678 eo
969 1622 1088 1692 plus
1115 1623 1244 1677 satis
1271 1629 1442 1686 utare,
1467 1629 1575 1674 tum
1604 1623 1835 1675 maxime

232 1718 410 1771 laudis
433 1717 613 1771 omnis
642 1730 834 1785 expers
849 1725 949 1770 est.
981 1714 1034 1770 ld
1055 1715 1220 1781 enim,
1250 1714 1420 1785 inquit
1437 1714 1515 1783 (I.
1534 1713 1651 1768 Cor.
1675 1714 1726 1768 7.
1751 1714 1830 1785 6),

230 1809 354 1864 dico
381 1808 681 1863 secundum
708 1806 1086 1877 indulgentiam
1111 1848 1127 1872 ,
1169 1821 1276 1861 non
1308 1806 1598 1861 secundum
1628 1822 1832 1876 praece-

234 1911 382 1969 ptum
409 1917 426 1963 ;
449 1901 562 1969 jam
592 1899 679 1954 ubi
704 1907 787 1954 est
815 1898 1158 1969 indulgentia,
1184 1898 1327 1953 laudi
1357 1897 1535 1952 nullus
1554 1907 1636 1951 est
1661 1898 1828 1951 locus.

232 1992 303 2045 At
348 1991 496 2045 enim
543 2000 597 2045 et
645 1989 711 2044 de
736 1989 1026 2060 virginibus
1066 1989 1335 2043 disserens
1377 1987 1473 2055 ait,
1516 1986 1831 2057 Praeceptum

236 2083 447 2136 Domini
476 2099 579 2135 non
614 2080 770 2137 habeo
801 2080 916 2154 (Ib.
945 2097 992 2134 υ.
1023 2081 1092 2135 25
1117 2083 1157 2150 ).
1196 2080 1332 2135 Νυιη
1377 2079 1535 2150 igitur
1581 2094 1694 2135 rem
1734 2094 1831 2133 ex-

232 2174 452 2245 :rquat?
491 2173 709 2229 Minime
732 2175 967 2245 gentium
994 2190 1007 2227 :
1036 2189 1160 2228 nam
1189 2172 1255 2228 de
1281 2173 1484 2243 virgine
1509 2170 1828 2228 sententiam

233 2266 401 2321 dicit:
426 2266 517 2321 hic
542 2280 859 2321 consensum
898 2265 1005 2319 dat.
1045 2266 1123 2320 Ac
1156 2275 1403 2318 neutrum
1443 2264 1686 2333 praecipit
1723 2278 1829 2318 non

234 2357 423 2412 eadem
450 2356 522 2412 de
550 2372 742 2422 causa;
776 2356 869 2410 sed
898 2355 999 2419 hic,
1036 2371 1103 2411 ne
1127 2355 1216 2426 qui
1243 2355 1311 2409 ab
1342 2354 1744 2425 intemperantia
1771 2368 1831 2409 se

233 2446 522 2501 sustollere
547 2446 703 2501 vellet
725 2445 1109 2516 prohiberetur,
1147 2445 1289 2499 velut
1320 2445 1567 2513 prcecepti
1591 2443 1831 2500 necessi-

235 2549 339 2593 tate
361 2538 687 2602 obstrictus;
719 2538 843 2597 illic.
877 2552 941 2591 ne
961 2538 1048 2608 qui
1088 2537 1160 2591 ad
1182 2537 1536 2607 virginitatem
1569 2536 1831 2606 attingere

236 2631 566 2701 nequivisset
594 2631 957 2696 damnaretur,
977 2645 1073 2684 ceu
1098 2630 1148 2683 in
1177 2638 1497 2700 prreceptum
1519 2636 1827 2683 contumax.

238 2721 351 2775 Non
382 2720 660 2792 praecipio,
692 2722 883 2792 inquit,
912 2721 1167 2792 virginem
1198 2735 1346 2787 esse;
1370 2734 1558 2775 vereor
1581 2720 1723 2775 enim
1750 2719 1829 2773 rei

235 2812 633 2867 difficultatem.
662 2812 777 2867 Non
813 2813 1061 2882 jrmcipio
1090 2812 1340 2882 congredi
1374 2812 1678 2882 frequenter
1706 2826 1827 2865 cum

237 2921 402 2962 uxore
434 2925 448 2961 :
480 2906 607 2960 nolo
633 2906 774 2960 enim
799 2906 1194 2961 incontinentiae
1215 2905 1484 2976 Iegislator
1505 2919 1647 2961 esse.
1683 2902 1826 2970 Dixi,

235 2994 526 3063 Conuenite,
546 3006 603 3052 ut
618 3011 790 3053 vetem
820 2998 870 3052 in
897 3012 1134 3068 prwccps
1160 2997 1307 3061 ferri.
1338 3014 1441 3053 non
1467 3007 1524 3052 ut
1550 2997 1830 3054 sublimius

237 3090 466 3143 studium
497 3090 804 3159 impediam.
852 3089 967 3144 Non
999 3105 1125 3161 ergo
1156 3090 1172 3121 ¹
1227 3089 1278 3143 id
1320 3090 1585 3159 praecipue
1617 3090 1745 3152 vult,
1773 3098 1832 3144 ut

237 3181 451 3236 assidue
480 3196 647 3236 uxore
674 3190 907 3245 utamur,
936 3182 1028 3236 sed
1059 3181 1309 3235 nimirum
1341 3181 1392 3235 id
1416 3183 1723 3251 segniorum
1750 3181 1830 3235 in-

239 3273 588 3344 temperantia
611 3274 803 3328 sanxit.
827 3273 957 3327 Nam
981 3275 1024 3328 si
1055 3273 1199 3327 Pauli
1223 3273 1548 3327 voluntatem
1570 3273 1707 3327 scire
1726 3272 1827 3337 vis,

236 3365 358 3420 audi
385 3382 506 3435 quae
533 3367 604 3420 sit
632 3383 645 3419 :
687 3364 836 3432 Volo,
859 3367 1050 3436 inquit,
1080 3382 1250 3420 omnes
1274 3366 1500 3419 homines
1524 3366 1597 3421 sic
1621 3381 1745 3431 esse,
1777 3374 1832 3419 ut

237 3475 327 3530 ego
380 3475 518 3527 sum,
556 3459 863 3513 continentes
913 3459 934 3489 ³
984 3457 1103 3531 (ib.
1152 3473 1200 3511 υ.
1251 3457 1346 3528 7).
1397 3458 1562 3527 Igitur
1584 3457 1672 3527 qui
1699 3457 1834 3512 velis

237 3564 426 3604 omnes
450 3550 787 3604 continentes
811 3563 951 3616 esse,
983 3553 1250 3605 neminem
1274 3550 1355 3603 vis
1376 3563 1497 3605 esse
1526 3549 1830 3619 conjugem.

238 3642 351 3696 Non
382 3641 633 3711 equidem
661 3658 673 3695 :
705 3649 761 3695 at
786 3656 891 3695 non
929 3649 1207 3711 propterea
1238 3640 1481 3694 volentes
1506 3649 1629 3694 veto
1658 3647 1712 3694 et
1747 3640 1832 3693 in-

240 3733 453 3799 simulo,
482 3732 577 3787 sed
608 3746 730 3786 cum
760 3740 937 3801 Optem
967 3747 1030 3787 ac
1051 3733 1357 3801 percupiam
1378 3746 1564 3786 omnes
1590 3730 1667 3785 sic
1689 3744 1830 3796 esse,

243 3833 298 3877 ut
335 3838 435 3892 ego
476 3838 616 3883 sum,
648 3831 758 3876 tum
807 3822 935 3877 illud
980 3830 1197 3892 propter
1239 3822 1642 3878 fornicationem
1671 3823 1831 3878 etiam

243 3916 477 3972 concedo
511 3934 524 3969 :
558 3916 782 3986 ideoque
824 3917 877 3970 in
920 3916 1177 3986 principio
1203 3916 1479 3983 dicebam,
1522 3915 1722 3970 Bonum
1763 3926 1835 3971 est

245 4012 436 4064 homini
464 4011 723 4065 mulierem
748 4027 848 4065 non
876 4019 1095 4081 tangere,
1125 4011 1244 4082 quia
1278 4011 1328 4065 id
1352 4021 1725 4080 pramptarem.

315 4101 533 4156 XXXV.
585 4101 883 4156 Necessario
914 4100 1137 4156 Paulum
1182 4103 1504 4156 continentia:
1546 4101 1834 4174 exeMplum

246 4209 299 4245 se
325 4193 668 4263 praposnisse.
712 4222 784 4232 —
819 4192 922 4247 Sed
963 4208 1128 4261 quare
1173 4192 1260 4247 hic
1306 4193 1386 4247 sui
1434 4193 1714 4254 meminit,
1748 4194 1833 4248 in-

247 4285 465 4353 quiens,
508 4283 633 4338 Volo
671 4302 843 4339 omnes
886 4286 1110 4340 homines
1148 4286 1220 4340 sic
1263 4303 1400 4350 esse,
1441 4295 1498 4339 ut
1543 4303 1635 4357 ego
1676 4304 1785 4341 sum
1809 4288 1836 4342 ?

248 4378 387 4446 quod
410 4379 455 4432 si
482 4393 588 4432 non
611 4378 923 4445 addidisset,
947 4379 1029 4433 sui
1051 4393 1179 4433 sane
1200 4379 1522 4433 mentionem
1543 4378 1831 4449 effugisset.

247 4473 352 4526 Cur
378 4472 541 4541 igitur
563 4471 781 4541 adjecit,
805 4479 861 4524 ut
885 4487 975 4542 ego
1003 4472 1156 4524 sum?
1180 4469 1296 4525 Non
1318 4486 1423 4540 quo
1446 4486 1506 4526 se
1526 4471 1832 4536 extolleret;

248 4579 368 4619 nam
418 4562 505 4617 hic
549 4562 638 4617 ille
681 4571 794 4627 est,
841 4562 1079 4632 quicum
1126 4561 1517 4631 prtedicationis
1566 4562 1836 4617 laboribus

248 4653 505 4722 apostolis
533 4660 830 4722 praestaret,
862 4652 1139 4722 indignum
1170 4666 1230 4707 se
1258 4652 1339 4705 vel
1366 4651 1593 4720 apostoli
1622 4652 1838 4708 nomine

249 4746 537 4799 existimat.
569 4742 702 4798 Cum
732 4746 874 4798 enim
902 4744 1147 4809 dixisset,
1174 4742 1287 4816 Ego
1313 4759 1424 4797 sum
1446 4745 1682 4799 minimus
1710 4762 1838 4816 apo-

248 4840 494 4889 stolarum
526 4835 610 4907 (l.
638 4834 756 4889 Cor.
787 4835 871 4890 l5.
896 4836 969 4904 9),
1000 4836 1145 4892 velut
1181 4837 1355 4903 majus
1384 4835 1636 4906 quiddam
1677 4852 1836 4906 quam

251 4940 345 4996 pro
377 4927 634 4997 dignitate
676 4941 770 4980 sua
811 4926 1132 4995 eloquutus,
1164 4926 1341 4981 statim
1370 4942 1428 4980 se
1457 4928 1711 4997 castigat,
1741 4927 1839 4982 ad-

249 5022 406 5086 dens,
476 5019 577 5084 Qui
637 5036 738 5072 non
792 5036 904 5072 sum
960 5019 1143 5089 dignus
1185 5020 1355 5074 vocari
1398 5021 1657 5091 apostolus
1711 5018 1838 5091 (Id.

252 5114 339 5166 IS.
385 5111 480 5182 9).
528 5112 634 5163 Cur
677 5110 837 5180 igitur
865 5109 951 5164 hic
995 5110 1349 5165 cohortationi
1390 5125 1509 5166 sese
1553 5111 1843 5180 proponit?

251 5203 367 5257 Non
397 5211 599 5257 temere
625 5201 676 5256 id
704 5201 938 5270 quidem,
969 5208 1060 5253 aut
1086 5200 1202 5255 sine
1228 5216 1417 5266 causa,
1447 5201 1539 5256 sed
1565 5201 1657 5272 qui
1681 5202 1845 5257 sciret

254 5295 549 5364 discipulos
579 5302 689 5348 tum
726 5293 956 5346 maxime
994 5292 1060 5345 ad
1107 5297 1470 5361 praestantium
1503 5309 1683 5347 rerum
1726 5302 1842 5347 stu-

257 5386 403 5441 dium
454 5384 703 5445 incitari.
751 5383 798 5438 si
853 5393 1239 5453 praeceptorum
1294 5383 1528 5438 habeant
1577 5384 1841 5453 exempla.

258 5476 444 5547 Itaque
482 5487 541 5532 ut
567 5476 658 5548 qui
697 5477 950 5547 operibus
977 5491 1175 5532 vacuus
1197 5476 1374 5531 verbis
1401 5476 1572 5530 solum
1607 5476 1846 5546 philoso-

260 5569 473 5640 phatur,
498 5568 636 5624 haud
656 5582 789 5624 sane
810 5568 1039 5624 auditori
1069 5569 1286 5639 prodest
1310 5586 1322 5621 :
1353 5569 1420 5623 ita
1448 5569 1538 5639 qni
1564 5570 1847 5625 consilium

263 5723 367 5842 Mt"
379 5723 577 5833 milia?
601 5733 753 5786 pauca
773 5721 980 5773 deerant
1000 5722 1049 5772 in
1068 5722 1251 5781 March,
1280 5736 1391 5788 qum
1418 5737 1479 5775 ex
1508 5731 1621 5789 Reg.
1642 5732 1693 5777 et
1709 5725 1846 5777 sarit.

366 5852 413 5892 ut
435 5852 545 5910 ueg.
572 5845 801 5906 verbum,
823 5844 1126 5907 continentes,
1148 5845 1311 5899 deest.

1647 391 1736 451 DE
1777 392 2243 455 VIRGINI‘I'ATE.

3436 409 3542 464 558

1952 523 1980 561 a
2010 527 2068 566 se
2100 511 2271 582 primo
2315 516 2609 585 perfectum
2639 515 2802 574 habet
2828 518 3209 588 exhibendum,
3246 521 3328 577 vel
3358 521 3457 578 hac
3490 527 3540 578 in

1952 601 2136 669 primis
2160 603 2367 660 ratione
2389 606 2687 662 auditorem
2718 609 2939 665 inducit.
2971 612 3233 668 Praeterea
3263 628 3453 683 purum
3482 629 3542 669 se

1947 692 2017 746 ab
2046 694 2239 750 invidia
2270 706 2431 766 atque
2460 700 2600 753 fastu
2628 701 2883 770 ostendit,
2915 703 3005 773 qui
3041 705 3313 760 excellens
3356 704 3458 762 hoc
3486 718 3539 762 et

1948 787 2274 857 prtecipuum
2315 806 2435 845 cum
2485 792 2761 863 discipulis
2790 809 3077 852 commune
3107 813 3227 853 esse
3253 799 3401 865 velit,
3446 816 3538 854 ne-

1946 894 2051 949 que
2079 880 2143 935 iis
2174 891 2430 951 prazstare
2460 894 2645 951 curet,
2677 885 2770 941 sed
2802 886 2853 940 iu
2880 888 3127 943 omnibus
3165 905 3258 944 eos
3297 891 3396 945 sibi
3441 908 3540 946 ex-

1946 989 2179 1041 mqnare.
2215 975 2397 1031 ilaheo
2423 987 2478 1031 et
2506 979 2713 1032 tertiam
2743 993 2957 1033 causam
2985 980 3182 1037 dicere.
3207 982 3539 1051 Quamnam?

1946 1064 2242 1120 Videbatur
2260 1082 2347 1123 res
2375 1067 2608 1124 difficilis
2633 1084 2771 1134 esse,
2798 1086 2899 1125 nec
2919 1072 3100 1129 multis
3128 1073 3328 1141 facilis;
3359 1077 3538 1147 itaque

1943 1159 2134 1214 volens
2163 1176 2279 1215 eam
2312 1160 2521 1216 facilem
2547 1163 2853 1232 declarare,
2884 1182 3004 1222 eum
3028 1208 3040 1230 .
3071 1170 3160 1238 qui
3189 1170 3241 1224 id
3272 1185 3409 1239 opus
3435 1170 3536 1223 ab-

1945 1252 2217 1318 solvisset,
2248 1252 2299 1307 in
2333 1254 2566 1308 medium
2602 1255 2847 1321 adducit,
2877 1274 2945 1313 ue
2983 1258 3263 1316 admodum
3300 1261 3535 1316 laborio-

1943 1357 2060 1397 sum
2100 1342 2405 1410 crederent,
2449 1346 2543 1400 sed
2570 1346 2759 1402 ducem
2806 1348 3075 1405 intuentes
3116 1361 3170 1405 et
3214 1351 3312 1420 ipsi
3343 1353 3536 1407 animis

1942 1436 2082 1489 aucti
2113 1435 2356 1491 eamdem
2384 1439 2522 1493 viam
2549 1439 2768 1496 inirent.
2815 1441 2957 1497 Idem
2982 1455 3035 1498 et
3059 1443 3182 1498 alibi
3227 1447 3367 1501 facit.
3400 1446 3532 1502 Nam

1941 1524 2153 1581 Galatas
2181 1528 2476 1598 alloquens,
2507 1531 2676 1601 iisque
2704 1532 2834 1603 legis
2865 1534 3108 1589 timorem
3155 1538 3386 1592 eximere
3418 1548 3531 1593 stu-

1941 1618 2108 1684 dens,
2148 1635 2256 1690 quo
2293 1620 2360 1675 ad
2401 1622 2674 1692 antiquam
2715 1628 3154 1683 consuetudinem
3196 1628 3530 1698 ferebantur,

1890 1726 1895 1729 ι
1942 1708 2195 1777 pleraque
2238 1709 2303 1763 ad
2331 1726 2448 1765 eam
2494 1713 2814 1781 pertinentia
2846 1728 3123 1774 servantes
3145 1761 3159 1781 ,
3210 1721 3336 1790 quid
3366 1722 3534 1777 dicit?

1941 1797 2118 1853 Estote
2139 1801 2267 1855 sicut
2295 1817 2387 1872 ego
2405 1844 2420 1867 ,
2450 1804 2568 1871 quia
2594 1814 2641 1857 et
2667 1821 2757 1876 ego
2786 1806 2917 1860 sicut
2942 1824 3028 1861 vos
3058 1808 3201 1878 (Gul.
3224 1813 3278 1864 4.
3310 1812 3422 1880 1‘2).
3453 1813 3533 1868 Ac

1939 1891 2081 1961 quod
2112 1893 2187 1946 ait
2214 1894 2478 1963 ejusmodi
2508 1905 2595 1968 est
2622 1915 2636 1951 :
2668 1896 2811 1952 Nihil
2839 1899 2928 1965 sit,
2962 1900 3161 1970 inquit,
3194 1903 3334 1970 quod
3380 1904 3530 1959 dicas

1941 1983 2028 2049 tis,
2059 1998 2145 2037 me
2174 1984 2580 2053 resipiscentem
2608 2003 2747 2044 nunc
2770 1989 2880 2057 jam
2911 2005 2940 2044 e
2968 1991 3234 2060 gentibus,
3267 2001 3439 2047 metus
3463 2009 3529 2049 ex

1938 2075 2071 2144 legis
2102 2076 2386 2132 violatione
2430 2078 2668 2149 ignarum
2690 2122 2705 2144 ,
2738 2082 2972 2136 suaviter
2998 2082 3114 2138 haec
3157 2086 3334 2139 omnia
3381 2083 3527 2142 vobis

1939 2168 2335 2240 philosophari;
2383 2180 2437 2225 et
2471 2188 2570 2243 ego
2597 2175 2738 2228 enim
2771 2182 2826 2228 ut
2854 2191 2950 2229 vos
2976 2176 3262 2247 aliquando
3304 2180 3529 2234 servitu-

1939 2269 2046 2314 tem
2088 2259 2225 2315 bauc
2255 2263 2485 2329 servivi,
2514 2264 2788 2333 subjectus
2828 2266 2960 2337 legis
2995 2268 3158 2336 jussis
3182 2312 3196 2334 ,
3228 2279 3529 2341 praecepto-

1937 2367 2055 2405 rum
2090 2352 2494 2409 observationes
2523 2366 2883 2427 exsequutus;
2930 2358 3024 2413 sed
3057 2368 3335 2431 postquam
3367 2377 3531 2433 appa-

1946 2446 2055 2497 ruit
2078 2443 2277 2513 gratia,
2307 2452 2478 2495 totum
2517 2460 2601 2495 me
2637 2448 2704 2498 ab
2740 2448 2828 2499 illa
2861 2450 2926 2502 ad
2962 2449 3101 2502 hanc
3131 2452 3380 2504 contulit.
3420 2452 3527 2506 Nec

1941 2536 2051 2605 jam
2093 2547 2261 2593 eares
2285 2534 2770 2606 esttransgressio.
2790 2550 2911 2589 cum
2931 2534 3142 2592 iualius
3157 2538 3259 2592 viri
3299 2557 3520 2597 manum

1943 2629 2362 2683 convenerimus
2393 2625 2500 2697 (Ib.
2538 2628 2584 2679 ι.
2614 2627 2724 2698 15).
2750 2624 2929 2693 Quare
2957 2644 3061 2682 nou
3093 2643 3173 2685 ρει
3200 2634 3344 2700 quod
3378 2634 3529 2703 quis-

1934 2731 2092 2787 quam
2117 2716 2280 2785 dicat,
2308 2717 2411 2772 alia
2450 2717 2626 2775 facere
2651 2734 2768 2787 me,
2799 2719 2900 2774 alia
2933 2736 3170 2787 monere,
3201 2733 3292 2777 aut
3319 2724 3525 2779 securi-

1936 2818 2046 2864 tate
2091 2809 2222 2864 mihi
2264 2811 2487 2881 quaesita
2533 2827 2629 2867 vos
2674 2813 2725 2866 in
2775 2814 3067 2882 periculum
3111 2814 3257 2869 dare.
3304 2816 3435 2870 Nam
3480 2818 3525 2873 si

1935 2903 2230 2971 periculum
2272 2915 2550 2976 ageretur,
2582 2922 2687 2961 non
2732 2923 2817 2962 me
2857 2907 3104 2978 equidem
3148 2909 3524 2978 prodidissem,

1935 3012 2041 3051 non
2081 2998 2308 3052 salutem
2353 3015 2523 3054 meam
2572 3000 2948 3070 neglexissem.
3000 3000 3162 3070 Igitur
3209 3011 3266 3054 ut
3313 3002 3422 3055 illic
3468 3016 3528 3056 se

1935 3089 2237 3157 exemplum
2280 3105 2585 3159 proponens
2611 3099 2809 3146 metum
2838 3092 2997 3146 solvit
3024 3110 3038 3145 :
3068 3094 3137 3147 ita
3173 3102 3227 3148 et
3267 3092 3355 3149 hic
3387 3107 3447 3148 se
3473 3094 3526 3148 in

1935 3181 2169 3235 medium
2196 3181 2424 3236 adducto
2449 3184 2805 3239 sollicitudine
2848 3184 3059 3239 liberat.

2008 3270 2248 3328 XXXVI.
2285 3272 2636 3344 Virginitatem
2687 3275 2945 3330 modestia:
2990 3292 3143 3331 causa
3187 3277 3251 3329 ab
3282 3276 3527 3348 Apostolo

1935 3361 2127 3427 donum
2152 3363 2422 3435 appellari.
2440 3393 2511 3405 —-
2528 3363 2633 3420 Sed
2654 3363 2834 3431 habet,
2860 3365 3053 3437 inquit,
3081 3366 3349 3437 proprium
3377 3366 3529 3436 quis-

1939 3479 2045 3534 que
2070 3463 2301 3525 donum,
2326 3463 2465 3515 alius
2494 3461 2711 3529 quidem
2735 3462 2835 3522 sic,
2857 3462 2996 3515 alius
3020 3476 3146 3513 vero
3178 3462 3260 3517 sic
3293 3461 3367 3529 (I.
3394 3459 3520 3515 Cor.

1942 3556 1992 3611 7.
2023 3556 2113 3626 7).
2141 3553 2278 3608 Vide
2316 3554 2404 3608 hic
2435 3553 2567 3607 mihi
2598 3553 2913 3621 apostolicae
2944 3551 3271 3607 humilitatis
3302 3552 3521 3621 signum

1940 3663 2207 3718 nusquam
2238 3645 2713 3716 deperditum,sed
2741 3645 2940 3714 ubique
2964 3645 3109 3697 serio
3142 3645 3397 3712 elucens;
3427 3641 3524 3698 Dei

1940 3743 2143 3797 donum
2179 3739 2413 3809 appellat
2446 3751 2601 3793 suam
2636 3737 2924 3800 virtutem,
2958 3745 3013 3791 et
3059 3737 3112 3790 iu
3148 3753 3256 3807 quo
3294 3737 3402 3791 neul
3431 3753 3523 3792 um

1941 3829 2257 3892 desudavit,
2286 3826 2342 3880 id
2371 3842 2534 3882 omne
2565 3826 2795 3879 Domino
2827 3826 3040 3880 tribuit.
3073 3825 3138 3879 Et
3160 3826 3289 3896 quid
3323 3826 3519 3879 mirum

1939 3920 1984 3973 si
2016 3918 2067 3973 id
2095 3919 2147 3973 in
2177 3918 2505 3975 continentia
2533 3917 2679 3982 facit,
2711 3933 2831 3973 cum
2862 3918 2931 3974 de
2959 3918 3337 3988 praedicatione
3368 3918 3530 3973 etiam

1940 4008 2230 4073 disserens,
2270 4025 2369 4079 pro
2397 4023 2503 4079 quo
2533 4009 2680 4065 mille
2706 4010 2941 4077 labores,
2971 4019 3255 4079 perpetuas
3283 4008 3532 4063 afflictio-

1941 4117 2074 4167 nes,
2125 4101 2512 4157 inenarrabiles
2562 4116 2868 4168 :erumnas,
2919 4102 3282 4171 quotidianam
3343 4116 3529 4156 necem

1940 4196 2282 4263 suscepisset,
2330 4195 2469 4250 idem
2502 4193 2764 4263 usurpet?
2801 4194 2937 4262 Quid
2981 4209 3109 4262 ergo
3150 4194 3217 4247 de
3256 4208 3321 4247 eo
3363 4194 3534 4246 dicit?

1941 4285 2071 4341 Plus
2097 4285 2201 4339 illis
2229 4285 2457 4340 omnibus
2486 4282 2711 4337 laboraui
2725 4299 2747 4348 ;
2774 4299 2871 4337 non
2896 4299 2987 4354 ego
3015 4293 3180 4336 autem
3202 4325 3216 4347 ,
3248 4283 3339 4336 sed
3369 4284 3534 4352 gratia

1940 4376 2040 4430 Dei
2064 4391 2257 4429 mecum
2283 4376 2357 4448 (Ι.
2383 4374 2501 4428 Cor.
2528 4375 2616 4429 l5.
2643 4373 2754 4444 10).
2783 4373 2897 4427 Non
2923 4374 3111 4442 partim
3139 4388 3314 4437 suum,
3343 4373 3531 4441 partim

1945 4467 2036 4523 Dei
2064 4475 2247 4521 censet
2267 4507 2281 4530 ,
2312 4464 2405 4520 sed
2437 4475 2602 4520 totum
2635 4465 2746 4519 Dei.
2781 4464 2894 4519 iloc
2920 4464 3056 4535 grati
3087 4464 3225 4517 servi
3256 4473 3370 4526 est,
3400 4463 3533 4517 nihil

1943 4559 2216 4630 proprium
2238 4559 2456 4626 ducere,
2482 4558 2573 4614 sed
2601 4558 2781 4614 omnia
2808 4559 2918 4613 heri
2942 4573 2956 4622 ;
2989 4556 3118 4612 nihil
3144 4573 3299 4612 suum
3326 4566 3531 4627 putare,

1944 4651 2037 4706 sed
2068 4650 2245 4705 omnia
2277 4651 2503 4705 Domini.
2539 4652 2712 4720 Atque
2738 4649 2879 4704 idem
2923 4649 3048 4703 facit
3073 4649 3217 4703 alibi.
3255 4649 3385 4704 Nam
3414 4665 3534 4703 cum

1943 4742 2189 4807 dixisset,
2223 4741 2477 4797 [labentes
2506 4742 2803 4797 donationes
2828 4742 3109 4796 secundum
3145 4743 3394 4812 gratiam,
3426 4757 3539 4812 qua:

1944 4836 2065 4890 data
2092 4846 2164 4890 est
2191 4836 2366 4900 nobis,
2392 4836 2683 4905 differentes
2710 4833 2730 4908 (
2752 4835 2904 4890 Rom.
2934 4834 3016 4889 I2.
3050 4832 3154 4905 6),
3180 4834 3235 4889 in
3280 4837 3538 4890 orationis

1947 4941 2235 4997 progressu
2271 4926 2571 4996 magisteria
2596 4967 2608 4990 ,
2655 4925 3027 4980 liberalitatem
3057 4940 3119 4980 ac
3149 4926 3454 4996 largitiones
3484 4924 3540 4980 in

1949 5021 2015 5075 iis
2044 5029 2326 5085 numerat;
2358 5035 2476 5089 quae
2499 5019 2739 5084 virtutes,
2772 5033 2877 5073 non
2908 5017 3046 5072 dona
3073 5033 3214 5084 eSse,
3248 5017 3398 5071 facile
3423 5033 3540 5070 om-

1947 5126 2045 5165 nes
2072 5110 2392 5180 intelligunt.
2425 5110 2550 5165 liceo
2580 5117 2759 5164 autem
2792 5108 2912 5162 ideo
2956 5108 3221 5170 disserui,
3258 5123 3324 5161 ne
3354 5107 3539 5161 dicen-

1950 5211 2056 5256 tem
2084 5201 2305 5257 audiens
2328 5242 2343 5267 ,
2378 5199 2651 5269 Proprium
2682 5199 2891 5269 quisque
2933 5198 3121 5251 donum
3148 5195 3324 5260 habet,
3353 5198 3540 5250 conci-

1950 5293 2082 5360 das,
2126 5308 2190 5347 ae
2232 5302 2406 5347 tecum
2448 5292 2806 5346 sermociuere
2847 5306 2860 5342 :
2905 5289 3076 5360 Opera
3116 5304 3236 5344 mea
3283 5289 3367 5342 hic
3408 5288 3542 5344 nihil

1952 5399 2086 5454 opus
2114 5393 2235 5449 est;
2280 5384 2333 5438 id
2372 5383 2566 5437 donum
2596 5382 2787 5436 Paulus
2829 5381 3144 5435 nominavit.
3185 5379 3317 5435 Nam
3359 5379 3544 5435 mode-

1952 5478 2069 5532 sti:e
2113 5490 2301 5538 causa,
2352 5488 2458 5528 non
2503 5472 2592 5543 qui
2635 5472 3017 5527 continentiam
3063 5470 3217 5526 donis
3255 5485 3545 5528 accensam

1953 5568 2132 5634 vellet,
2181 5567 2250 5621 ita
2292 5565 2547 5635 loquitur.
2596 5562 2778 5633 Neque
2819 5563 2961 5616 enim
3010 5569 3062 5616 et
3106 5577 3285 5617 secum
3327 5572 3381 5618 et
3422 5578 3544 5619 cum

1957 5657 2171 5712 Christo
2198 5664 2430 5727 pugnat;
2460 5669 2563 5709 non
2591 5668 2710 5708 cum
2728 5650 2943 5708 Christo
2969 5650 3199 5716 dicente,
3225 5652 3361 5708 Sunt
3387 5670 3546 5707 cunu-

1958 5749 2076 5812 chi,
2120 5749 2208 5815 qui
2252 5748 2443 5819 seipse:
2493 5756 2699 5817 propter
2747 5761 2961 5815 regnum
3013 5747 3207 5801 caeleste
3258 5759 3542 5802 castrat-unt

1967 5842 2177 5914 (Matth.
2206 5842 2290 5899 l9.
2320 5840 2447 5913 I2);
2493 5851 2650 5913 atque
2693 5838 2961 5908 addente,
3006 5839 3108 5909 Qui
3150 5850 3308 5911 potest
3348 5854 3545 5911 capere,

3599 4434 3623 4447 δ
