4020 6406
495 353 599 408 559

493 470 664 536 cupiat
686 484 707 522 :
733 481 839 521 non
867 480 1080 529 secum,
1110 465 1201 535 qui
1228 464 1533 519 viduitatem
1560 464 1867 533 amplexas,
1899 462 1992 517 sed
2026 464 2077 516 in

493 575 560 613 eo
606 558 877 628 proposito
923 558 1210 627 persistere
1261 556 1503 611 nolentes
1542 555 1782 610 damnet.
1848 553 1981 609 Nam
2036 556 2080 610 si

492 652 691 705 donum
720 660 834 714 est,
866 664 962 704 cur
991 648 1070 705 eis
1107 648 1480 713 comminaris,
1512 647 1698 701 dicens
1730 665 1742 700 :
1776 646 2081 700 Damnatio-

493 764 607 799 nem
628 745 832 810 habent,
852 744 971 815 quia
991 744 1206 815 primam
1226 743 1379 810 [idem
1396 743 1593 795 irritant
1616 744 1841 813 fecerunt
1859 741 1908 808 (i
1924 738 2077 792 .Tint.

495 836 548 888 5.
583 835 725 904 12)“ἰ
766 834 1033 903 Nusquam
1064 834 1205 887 enim
1232 830 1473 886 Christus
1502 830 1655 885 dotes
1687 847 1789 883 non
1824 829 2080 884 habentes

495 928 733 996 punivit,
779 926 873 981 sed
919 925 1113 995 ubique
1151 925 1311 979 vitam
1353 932 1553 979 rectam
1595 940 1699 978 non
1740 923 2074 987 exhibentes,

493 1020 735 1088 adeoque
761 1018 903 1089 quod
940 1017 1274 1086 potissimum
1314 1015 1569 1085 requirit,
1597 1017 1703 1069 vita
1744 1026 1824 1070 est
1853 1018 2075 1083 Optima,

494 1120 547 1164 et
571 1110 807 1164 actiones
839 1108 1249 1178 irreprehcnsm.
1280 1108 1550 1162 Donorum
1577 1118 1753 1162 autem
1776 1107 2077 1162 distributio

495 1205 665 1273 iubila
695 1214 776 1259 est
804 1218 909 1257 non
940 1203 993 1257 in
1023 1202 1334 1274 accipientis
1363 1201 1600 1270 optione,
1629 1201 1721 1255 sed
1750 1201 1801 1255 in
1829 1201 2076 1254 donantis

490 1296 732 1350 arbitrio.
764 1295 947 1366 Itaque
977 1295 1215 1365 prodigia
1244 1300 1520 1364 patrantes
1544 1293 1787 1348 Christus
1815 1292 1949 1347 adeo
1972 1307 2076 1361 non

486 1388 666 1442 laudat
696 1387 847 1458 (Luc.
876 1387 961 1443 I0.
989 1385 1091 1460 20)
1113 1427 1130 1453 ,
1159 1396 1215 1441 ut
1240 1386 1400 1441 etiam
1430 1386 1719 1455 discipulos
1757 1401 1818 1441 ea
1863 1400 1920 1439 re
1955 1385 2074 1455 glu-

487 1480 689 1533 riantes
713 1479 780 1533 ab
806 1493 873 1533 eo
901 1477 1097 1548 gaudio
1126 1485 1420 1542 removeat,
1454 1491 1675 1531 monens
1698 1492 1764 1530 nc
1782 1477 2076 1547 gauderent

486 1570 753 1625 daemonia
783 1570 881 1625 sibi
910 1569 1118 1639 subjici.
1147 1569 1279 1624 Nam
1307 1570 1396 1639 qui
1420 1569 1562 1625 beati
1582 1569 1941 1637 praedicantur
1961 1569 2073 1623 ubi-

484 1677 590 1734 que
617 1662 847 1733 (Matth.
870 1662 937 1732 5)
972 1662 1345 1716 misericordes
1384 1671 1540 1725 sunt,
1588 1660 1851 1726 humiles,
1892 1661 2069 1726 mites,

485 1754 663 1809 animo
690 1754 829 1823 puri,
864 1753 1067 1823 pacilici
1089 1795 1104 1820 ,
1132 1754 1222 1823 qui
1250 1752 1365 1807 hmc
1396 1754 1575 1807 omnia
1601 1761 1761 1824 atque
1788 1753 1851 1806 iis
1876 1753 2070 1806 similia

486 1857 760 1919 prwstant.
789 1847 927 1914 Quin
967 1847 1082 1916 ipse
1111 1846 1270 1901 etiam
1299 1847 1494 1900 Paulus
1536 1845 1788 1914 praeclara
1819 1860 1913 1899 sua
1947 1844 2073 1899 faci-

482 1956 610 1995 nora
639 1954 963 2005 recensens,
1007 1939 1061 1992 in
1105 1939 1169 1993 iis
1211 1948 1268 1993 et.
1305 1938 1647 1994 continentia:
1690 1936 1967 2003 meminit;
2006 1937 2071 1991 iis

480 2030 623 2085 enim
648 2029 856 2097 verbis,
882 2028 950 2083 In
975 2028 1135 2082 multa
1159 2029 1430 2098 patientia,
1460 2028 1513 2081 in
1553 2027 1988 2095 tribulationibus,
2017 2034 2070 2082 in

480 2122 880 2188 necessitatibus,
909 2121 963 2174 in
988 2121 1256 2193 angustiis,
1287 2121 1338 2175 in
1368 2120 1563 2191 plagis,
1594 2122 1649 2175 in
1672 2120 1955 2174 carceribus
1974 2162 1988 2186 ,
2017 2121 2070 2174 in

479 2215 759 2280 laboribus,
790 2214 843 2268 in
869 2213 1218 2277 seditionibus,
1254 2215 1307 2267 in
1336 2214 1540 2284 uigiliis,
1569 2214 1622 2267 in
1637 2214 1875 2285 jejunit's,
1901 2213 2066 2281 addit,

483 2308 547 2364 In
573 2309 800 2362 castitate
820 2306 897 2379 (2.
923 2306 1041 2362 Cor.
1066 2308 1119 2363 6.
1141 2308 1194 2363 4.
1225 2308 1278 2363 5.
1298 2309 1356 2379 6)
1384 2326 1398 2362 :
1431 2308 1652 2364 minime
1673 2308 1726 2362 id
1746 2308 1994 2374 facturus,
2024 2309 2069 2363 si

480 2402 682 2456 donum
713 2410 877 2457 esset.
909 2400 1019 2457 Cur
1039 2409 1218 2456 autem
1247 2410 1300 2456 et
1329 2400 1541 2455 mordet
1567 2416 1685 2455 eam
1724 2415 1830 2455 non
1861 2399 2068 2455 baben-

480 2504 578 2558 tes,
599 2493 1016 2563 iutemperantes
1042 2508 1135 2547 eos
1157 2493 1389 2547 vocans?
1415 2508 1513 2547 cur
1533 2493 1623 2562 qui
1639 2492 1895 2562 virginem
1914 2506 2067 2547 suam

479 2600 587 2640 non
619 2584 826 2651 elocat,
866 2585 1062 2640 rectius
1107 2583 1270 2639 facit?
1312 2600 1407 2638 cur
1437 2585 1641 2640 beatior
1671 2585 1862 2652 vidua,
1904 2586 1950 2641 si
1988 2585 2068 2641 sic

477 2675 777 2731 manserit?
805 2675 937 2730 Nam
965 2676 1104 2745 quod
1126 2675 1235 2745 jam
1264 2675 1401 2742 dixi,
1424 2691 1529 2730 non
1560 2677 1945 2746 prodigiorum,
1971 2676 2067 2732 sed

477 2765 748 2821 actionum
774 2764 1129 2820 beatitudines
1148 2773 1291 2830 sunt,
1320 2765 1770 2836 quemadmodum
1795 2774 1851 2822 et
1870 2782 2065 2837 petite.

475 2858 593 2926 Quo
620 2867 798 2927 pacto,
830 2856 1044 2927 inquam
1066 2898 1082 2923 ,
1119 2857 1305 2911 eadem
1332 2856 1618 2911 cohortans
1644 2867 1988 2927 perseverat,
2020 2857 2065 2913 si

474 2950 527 3004 id
552 2950 605 3004 in
645 2950 798 3004 nobis
828 2965 937 3003 non
964 2958 1044 3004 est
1063 2991 1078 3017 ,
1121 2965 1219 3004 nec
1245 2960 1365 3019 post
1392 2950 1628 3005 divinum
1666 2950 1906 3006 favorem
1937 2966 2067 3021 ope-

473 3056 590 3097 ram
622 3041 784 3097 etiam
828 3052 1067 3096 nostram
1108 3041 1422 3097 desiderat?
1465 3042 1529 3096 Ei
1569 3043 1713 3098 enim
1761 3044 2061 3109 sententizc,

484 3131 611 3187 Volo
647 3149 817 3187 omnes
842 3132 1069 3187 homines
1108 3134 1180 3186 sic
1217 3149 1324 3188 esse
1343 3175 1357 3199 ,
1385 3143 1439 3187 ut
1468 3150 1558 3204 ego
1583 3151 1725 3200 sunt,
1754 3135 2066 3200 continentes

472 3226 662 3279 iterum
680 3225 879 3292 subdit,
907 3223 1033 3279 Dico
1056 3236 1222 3279 autem
1246 3242 1346 3280 non
1375 3227 1545 3296 nuptis
1583 3236 1632 3281 et
1653 3228 1836 3292 viduis,
1859 3226 2062 3282 Bonum

471 3328 543 3374 est
568 3319 698 3386 illis,
729 3320 773 3374 si
799 3320 875 3373 sic
902 3328 1260 3389 permaneant,
1287 3328 1340 3372 ut
1365 3319 1546 3393 ego(i.
1567 3319 1681 3374 Cor.
1702 3322 1755 3374 7.
1776 3323 1827 3375 7.
1845 3320 1923 3393 8),
1958 3322 2060 3377 ite-

476 3425 593 3465 rum
616 3425 677 3464 se
703 3410 952 3480 proponit
973 3409 1161 3465 eadem
1188 3410 1256 3465 de
1277 3424 1458 3465 causa.
1479 3410 1608 3465 Nam
1635 3413 1723 3482 qui
1748 3413 2061 3483 exemplum

473 3502 732 3557 haberent
757 3500 1055 3571 proximum
1076 3510 1132 3557 et
1160 3511 1426 3571 tamquam
1453 3500 1826 3569 domesticum,
1854 3503 2062 3560 facilius

468 3595 784 3666 virginitatis
829 3594 1039 3649 labores
1082 3602 1237 3650 erant
1277 3593 1479 3649 ausuri.
1526 3593 1678 3661 Quod
1720 3595 1765 3648 si
1809 3604 1863 3649 et
1898 3610 2058 3665 supra

471 3689 737 3758 inquiens,
780 3686 903 3742 Volo
924 3703 1096 3740 omnes
1121 3688 1194 3741 sic
1216 3702 1341 3751 esse,
1370 3694 1425 3740 ut
1448 3702 1539 3757 ego
1564 3702 1697 3751 sum,
1726 3695 1781 3740 et
1804 3686 1922 3752 hic,
1950 3685 2054 3739 Bo-

467 3796 592 3834 num
616 3788 692 3833 est
712 3821 725 3842 ,
756 3780 799 3833 si
826 3779 901 3833 sic
931 3787 1292 3848 permaneant,
1327 3784 1380 3849 ut
1407 3793 1498 3847 ego
1518 3817 1535 3842 ,
1568 3785 1756 3832 neutro
1783 3778 1901 3833 loco
1927 3792 2058 3832 catt-

467 3886 581 3925 ium
608 3870 825 3939 adjecit,
853 3885 921 3924 ne
948 3869 1178 3935 mirare;
1210 3883 1383 3938 neque
1411 3867 1553 3924 enim
1579 3868 1633 3923 id
1660 3884 1726 3923 ex
1753 3870 2057 3940 arrogantia

465 3961 622 4026 facit,
654 3959 747 4015 sed
790 3968 939 4015 ratus
981 3960 1112 4013 satis
1150 3973 1270 4014 esse
1306 3974 1483 4015 causa:
1523 3959 1843 4015 sententiam
1881 3975 2053 4026 suam,

462 4066 564 4121 qua
595 4050 787 4105 ductus
816 4066 927 4104 rem
955 4049 1286 4121 perfecisset.

537 4141 803 4197 XXXVII.
826 4139 1020 4196 Multas
1040 4159 1147 4196 esse
1167 4142 1422 4197 molestias
1442 4142 1493 4195 in
1511 4141 1748 4196 secundis
1767 4142 2056 4212 nuptiis.—

464 4233 615 4302 Quod
647 4235 692 4289 si
722 4234 841 4305 quis
882 4234 1118 4289 rationes
1158 4236 1318 4289 etiam
1354 4234 1622 4304 postulat,
1662 4233 1892 4303 primum
1925 4234 2052 4288 tttihi

463 4325 702 4378 omnium
732 4325 1034 4379 mortalium
1059 4320 1530 4389 eiistimationem,
1556 4335 1666 4378 tum
1694 4340 1814 4395 (pta:
1842 4325 1929 4379 hic
1954 4340 2054 4378 usu

462 4416 715 4483 veniant,
746 4416 976 4485 indaget.
1010 4414 1142 4469 Nam
1169 4429 1289 4469 eum
1321 4414 1701 4484 legumlatores
1731 4430 1833 4470 nec
1871 4415 2057 4469 matri-

465 4505 645 4558 monia
666 4520 727 4559 ea
748 4505 1031 4574 castigent,
1054 4513 1108 4558 et
1134 4504 1444 4574 permittant
1468 4505 1628 4558 etiam
1650 4519 1714 4560 ac
1732 4506 2050 4572 concedant,

464 4595 629 4648 multa
651 4602 706 4648 et
727 4609 755 4647 a
777 4595 957 4649 multis
980 4610 1099 4649 cum
1123 4594 1288 4661 domi,
1315 4604 1425 4648 tum
1449 4595 1501 4648 itt
1523 4594 1639 4650 foro
1663 4596 1717 4649 in
1734 4611 1831 4651 eos
1847 4596 2051 4667 jactan-

465 4693 553 4739 tur
589 4684 831 4751 dicteria,
870 4684 1336 4754 reprehensiones,
1384 4685 1661 4739 maledicta
1697 4688 1933 4757 :quippc
1959 4703 2054 4742 eos

462 4792 615 4848 atque
644 4790 708 4829 ac
752 4774 995 4845 perjuros
1022 4776 1208 4845 vulgo,
1259 4784 1315 4829 ut
1356 4777 1435 4830 sic
1472 4776 1695 4831 dixerim
1717 4816 1733 4843 ,
1762 4777 2048 4843 declinant,

466 4882 641 4938 neque
669 4875 763 4920 aut
787 4865 988 4920 amicos
1021 4866 1236 4931 habere,
1262 4873 1354 4919 aut
1381 4882 1501 4921 cum
1530 4866 1593 4921 iis
1615 4877 1765 4936 pacta
1791 4879 2051 4924 conventa

463 4960 713 5026 firmare,
743 4973 916 5030 neque
942 4957 1086 5013 aliud
1113 4957 1402 5028 quidquam
1442 4959 1640 5013 audent
1666 4960 1907 5017 credere.
1952 4960 2051 5015 Et-

463 5053 604 5106 enim
636 5066 758 5106 cum
786 5065 880 5105 eos
908 5049 1089 5104 vident
1128 5057 1289 5104 tanta:
1317 5050 1749 5117 consuetudinis,
1778 5052 2050 5120 amicitiae,

461 5140 835 5195 familiaritatis
877 5155 940 5197 ac
977 5139 1247 5194 societatis
1290 5139 1603 5195 memoriam
1645 5154 1750 5195 tam
1794 5141 1948 5198 facile
1985 5159 2050 5199 ex

465 5233 646 5287 animo
671 5230 962 5301 deponere,
994 5247 1055 5287 ea
1087 5231 1149 5285 iis
1174 5232 1423 5302 cogitatio
1447 5232 1730 5303 quemdam
1758 5237 1906 5305 quasi
1938 5245 2051 5290 tor-

467 5340 649 5392 porem
677 5323 923 5390 oil‘undit,
947 5334 1004 5378 ut
1029 5340 1134 5379 non
1163 5332 1364 5380 temere
1384 5340 1475 5380 eos
1495 5325 1722 5382 candide
1747 5327 2045 5394 admittant,

467 5430 564 5471 seu
596 5417 739 5470 leves
779 5426 938 5486 atque
969 5416 1262 5472 versatiles.
1293 5415 1480 5488 Neque
1517 5418 1588 5473 ob
1616 5420 1731 5475 haec
1758 5421 1929 5475 solum
1957 5436 2051 5476 eos

462 5515 816 5573 aversantur,
847 5507 941 5562 sed
986 5509 1145 5562 etiam
1189 5518 1407 5579 propter
1448 5526 1626 5565 rerum
1655 5520 1924 5579 gestarum
1968 5514 2050 5567 in-

464 5595 798 5650 suavitatem.
828 5597 963 5663 Quid
986 5600 1149 5664 enim,
1172 5614 1374 5669 quaeso,
1400 5600 1736 5670 iniucundius
1760 5613 1863 5670 est,
1887 5620 2046 5672 quam

468 5695 585 5753 post.
622 5699 837 5753 gravem
868 5687 1063 5742 luctum
1084 5731 1100 5756 ,
1134 5689 1405 5760 ploratus,
1450 5691 1743 5763 lacrymas,
1775 5693 2047 5749 sordidam

466 5790 694 5839 comam,
720 5776 920 5845 pullum
946 5780 1219 5849 amictum,
1246 5781 1420 5838 subito
1450 5782 1685 5853 plausus,
1711 5785 1811 5841 tori
1838 5786 2049 5857 nuptia-

1207 352 1265 407 S.
1307 351 1584 408 .IOANNS
1621 348 2099 407 CIIIiYSUSTOllI
2140 351 2464 408 ARCIIIEP.
2495 355 3028 416 COND'I’AN'I‘INOI’.

3671 370 3787 423 5‘30

2194 465 2306 529 les,
2338 469 2591 535 strepitus
2632 484 2663 522 a
2708 470 2870 539 priori
2900 472 3178 540 diversus,
3222 477 3365 530 velut
3409 479 3684 534 actoribus
3726 486 3782 538 in

2190 572 2349 611 scena
2399 557 2741 625 ludentibus,
2795 577 2857 617 ac
2900 561 3002 618 hoc
3043 580 3184 618 nunc
3228 572 3773 635 reprteseutantilntsi

2191 646 2321 701 Nam
2350 658 2405 703 et
2434 650 2543 704 illic
2572 651 2816 709 eumdem
2846 653 3029 709 videre
3055 666 3139 710 est
3168 656 3428 713 interdum
3460 677 3660 732 regem.
3693 667 3766 719 itt-

2191 741 2397 793 terdunt
2442 742 2679 796 omnium
2730 760 3120 813 pauperrimum
3155 765 3168 802 :
3196 757 3251 803 et
3283 749 3367 804 hic
3389 792 3404 815 ,
3436 755 3522 822 qui
3570 756 3770 822 pritlctr

2188 832 2253 885 ad
2301 834 2557 887 tumulum
2598 835 2969 903 volutabatur,
3021 850 3239 908 repente
3283 844 3458 910 prodit
3503 861 3780 914 Sponsus;

2186 924 2275 992 qui
2306 939 2513 978 contam
2546 927 2809 994 vellebat,
2838 943 3047 984 rursum
3092 932 3278 985 eodeni
3320 935 3493 1005 capite
3520 952 3784 994 coronam

2185 1025 2356 1083 geSIat
2388 1034 2400 1069 :
2440 1016 2678 1085 dejectus
2718 1034 2782 1072 ac
2824 1035 3093 1085 merens,
3141 1031 3195 1076 et
3235 1025 3322 1094 qui
3371 1040 3515 1095 sa-pe
3556 1029 3785 1097 plorans

2184 1109 2324 1178 apud
2353 1125 2446 1163 eos
2473 1111 2561 1180 qui
2594 1126 2653 1165 se
2682 1113 3093 1168 consolarentur
3119 1115 3381 1171 defuncta:
3408 1118 3592 1174 laudes
3622 1138 3784 1175 usur-

2189 1203 2365 1267 pavit,
2394 1218 2457 1257 ac
2488 1205 2646 1258 vitam
2689 1204 2791 1258 sibi
2821 1207 3030 1261 vitalem
3061 1210 3301 1276 negavit,
3338 1212 3509 1281 iisque
3536 1216 3622 1282 qui
3656 1229 3715 1269 se
3745 1231 3782 1270 ει

2184 1292 2432 1347 lamentis
2461 1294 2789 1349 abducerent
2814 1300 3143 1367 succensuit,
3175 1301 3488 1372 plerumque
3512 1305 3654 1360 inter
3679 1323 3781 1361 cos

2182 1381 2328 1452 ipsos
2356 1384 2549 1439 iterum
2593 1387 2824 1442 comitur
2863 1404 2928 1444 ac
2971 1390 3209 1458 renidet,
3259 1403 3314 1447 et
3355 1395 3527 1450 oculis
3562 1397 3777 1465 pridem

2181 1474 2621 1546 lacrymantibus,
2646 1478 2834 1534 iisdem
2864 1480 3045 1536 ridens
3063 1498 3157 1538 eos
3183 1484 3438 1552 intuetur,
3461 1502 3525 1542 ac
3544 1505 3651 1559 quo
3676 1505 3780 1546 ore

2180 1575 2371 1621 cuncta
2401 1566 2517 1622 hac
2538 1570 2692 1639 paulo
2711 1578 2836 1626 ante
2862 1572 3159 1642 abjurahat,
3182 1590 3248 1630 eo
3270 1593 3410 1632 nunc
3434 1579 3779 1636 abblanditur

2182 1671 2247 1711 ac
2293 1659 2490 1713 salutat
2542 1676 2750 1716 omnes.
2798 1663 3049 1719 Omnium
3096 1681 3224 1721 vero
3276 1667 3640 1725 tristissimum
3686 1683 3779 1727 est
3846 1698 3859 1707 -

2187 1748 2384 1805 bellum
2433 1751 2615 1808 liberis
2655 1763 2891 1809 creatum
2916 1798 2933 1822 ,
2977 1757 3185 1813 filiabus
3226 1759 3519 1817 domesttca
3562 1763 3772 1831 Iemna;

2188 1856 2309 1896 nam
2336 1841 2389 1897 id
2417 1845 2748 1917 omninoest
2776 1862 3025 1915 noverca.
3054 1850 3189 1904 Ilinc
3216 1853 3581 1921 quotidianum
3605 1855 3779 1911 dissi-
3824 1883 3834 1892 -

2178 1930 2324 1985 dium
2350 1941 2512 2003 atque
2548 1950 2759 2004 pugna;
2792 1936 2918 1991 hinc
2945 1938 3192 1994 inusitata
3223 1952 3275 1995 ct
3306 1941 3543 1998 insolens
3571 1944 3765 2000 adver-

2176 2039 2267 2078 sus
2311 2024 2581 2079 innoxiam
2624 2029 2971 2082 concertatio.
3016 2029 3148 2084 Nam
3188 2031 3292 2085 vivi
3335 2042 3390 2088 ct
3436 2034 3673 2090 invident
3715 2046 3775 2091 ct

2176 2114 2519 2182 invidentur;
2546 2132 2666 2172 cum
2690 2119 2914 2172 mortuis
2935 2120 3092 2174 etiam
3120 2121 3305 2178 hostes
3333 2126 3769 2182 reconciliantur.

2177 2208 2246 2260 At
2289 2221 2396 2262 non
2441 2206 2565 2273 hic,
2614 2210 2709 2265 sed
2754 2211 3029 2280 pulverem
3074 2221 3234 2283 atque
3283 2214 3518 2271 cinerem
3568 2217 3773 2275 invidia

2177 2296 2347 2364 petit;
2390 2298 2573 2354 odium
2606 2300 2659 2354 in
2687 2300 2959 2357 defossam
2987 2305 3192 2374 ingens,
3232 2307 3607 2376 contumelias,
3629 2324 3774 2364 con-

2174 2388 2347 2455 vicia,
2389 2391 2757 2447 accusationes
2799 2394 2849 2447 ei
2890 2411 3008 2463 qua:
3046 2395 3098 2449 in
3140 2406 3336 2451 terram
3376 2398 3633 2454 dissoluta
3672 2403 3770 2466 sit,

2178 2480 2542 2548 implacabiles
2584 2483 2877 2538 inimicitia:
2921 2500 3043 2539 cum
3091 2501 3155 2540 ea
3200 2503 3320 2557 quae
3364 2489 3494 2543 nihil
3543 2491 3766 2546 laeserit.

2175 2572 2314 2640 Quid
2345 2576 2580 2630 amentia
2614 2576 2713 2631 bac
2736 2587 2791 2633 et
2828 2578 3072 2634 barbarie
3102 2580 3338 2638 foedius?
3381 2583 3575 2653 Injuria
3605 2601 3636 2640 a
3663 2585 3771 2643 de-

2176 2661 2353 2718 functa
2392 2680 2497 2719 non
2528 2665 2715 2721 aﬂ'ecta
2749 2685 2762 2721 :
2796 2668 2921 2738 quid
2962 2668 3104 2736 dico,
3151 2671 3341 2741 injuria
3380 2675 3617 2730 aﬂ‘eeta?
3656 2677 3772 2732 into

2171 2772 2303 2811 vero
2329 2758 2444 2826 ejus
2472 2757 2743 2816 laboribus
2773 2758 2955 2814 fruens
2994 2776 3056 2817 ac
3084 2762 3239 2817 bonis
3258 2765 3518 2833 gaudens,
3550 2782 3669 2821 cum
3700 2784 3772 2823 ca

2172 2846 2319 2900 velut
2364 2861 2483 2901 cum
2529 2848 2712 2903 umbra
2756 2850 3100 2920 belligerandi
3148 2852 3308 2907 finem
3341 2856 3541 2910 nullum
3589 2856 3766 2912 facit:

2171 2947 2227 2993 et
2255 2954 2372 2993 eam
2410 2955 2528 3009 quae
2558 2955 2617 2994 se
2657 2942 2791 2996 nihil
2834 2942 3070 3010 laeserit,
3121 2958 3264 3014 satpe
3303 2946 3463 3001 etiam
3516 2947 3618 3003 sibi
3660 2964 3771 3005 nec

2169 3043 2544 3100 conspectam,
2577 3032 2721 3087 mille
2748 3033 2799 3087 itt
2828 3033 2942 3088 dies
2971 3035 3266 3091 maledictis
3308 3037 3558 3103 lacessit;
3600 3049 3770 3110 atque

2166 3138 2287 3179 eam
2316 3140 2434 3195 quae
2476 3142 2582 3179 non
2611 3128 2857 3191 exsistit,
2905 3128 2958 3182 in
3006 3130 3156 3198 prole
3195 3132 3313 3201 ejus
3341 3134 3649 3202 ulciscitur;
3696 3150 3769 3192 ac

2167 3225 2357 3270 contra
2382 3230 2502 3270 eam
2534 3216 2705 3271 virum
2733 3226 2923 3282 armat,
2957 3219 3044 3273 ubi
3083 3220 3197 3289 ipsa
3235 3222 3367 3275 nihil
3401 3224 3623 3291 perlicit.
3655 3225 3765 3278 At-

2165 3321 2271 3374 que
2314 3306 2431 3361 haae
2479 3317 2654 3362 tanton
2700 3310 3005 3365 hominibus
3050 3311 3220 3365 facilia
3261 3323 3417 3381 atque
3463 3314 3764 3369 tolerabilia

2165 3405 2289 3451 sunt
2316 3398 2428 3452 visa
2453 3440 2466 3461 ,
2501 3398 2660 3453 modo
2686 3415 2754 3455 ne
2794 3401 3027 3456 libidinis
3067 3403 3401 3473 tyrannidem
3427 3405 3567 3462 ferre
3588 3422 3760 3477 coge-

2165 3498 2371 3544 rentur.
2400 3492 2470 3544 At
2504 3505 2608 3545 non
2641 3491 2788 3563 virgo
2823 3495 2888 3549 ad
2927 3493 3071 3550 hunc
3108 3494 3412 3551 coitﬂietutn
3453 3498 3760 3569 trepidavit,

2165 3595 2265 3637 nec
2288 3581 2532 3651 praelium
2558 3582 2874 3649 declinavit,
2906 3585 3048 3656 quod
3077 3587 3233 3657 vulgo
3260 3588 3395 3643 adeo
3420 3589 3767 3648 intolerabile

2163 3672 2429 3740 videatur,
2457 3674 2550 3729 sed
2578 3673 2787 3731 fortiter
2814 3678 3069 3733 resistens
3091 3688 3296 3734 natura:
3318 3680 3571 3737 insultum
3593 3685 3763 3738 susti-

2162 3767 2298 3821 nuit.
2341 3767 2471 3835 Quis
2511 3769 2671 3839 igitur
2695 3785 2813 3825 eam
2843 3786 2942 3841 pro
2983 3773 3176 3827 merito
3218 3775 3507 3844 suspiciat,
3536 3776 3763 3845 quando

2160 3859 2251 3913 alii
2279 3860 2439 3914 etiam
2471 3860 2653 3916 alteris
2704 3864 2903 3932 nuptiis
2933 3878 3067 3933 opus
3094 3863 3330 3934 habent,
3379 3882 3446 3921 ne
3487 3877 3755 3934 urantur;

2163 3949 2277 4003 haec
2308 3966 2481 4019 neque
2519 3953 2638 4007 unis
2667 3955 2957 4009 contractis
2997 3967 3253 4026 perpetuo
3295 3968 3476 4013 sancta
3504 3968 3557 4015 et
3583 3960 3759 4018 illaesa

2159 4040 2284 4093 est?
2341 4039 2566 4110 Propter
2614 4041 2732 4097 hinc
2779 4052 2833 4097 et
2886 4045 2937 4098 in
2989 4045 3175 4115 primis
3223 4056 3440 4118 propter
3482 4051 3759 4119 repositos

2164 4131 2405 4186 viduitati
2449 4132 2501 4186 in
2554 4133 2701 4188 caelis
2744 4133 3061 4203 thesauros,
3104 4137 3199 4208 qui
3241 4140 3546 4210 loquentem
3590 4142 3644 4196 in
3689 4157 3757 4198 se

2158 4222 2428 4276 Christum
2469 4223 2728 4291 haberet,
2766 4225 3021 4282 dicebat:
3061 4228 3263 4283 Bonum
3306 4242 3379 4286 est
3420 4234 3558 4296 illis,
3590 4234 3635 4287 si
3674 4235 3756 4288 sic

2159 4323 2520 4382 permaneant,
2555 4314 2683 4369 sicut
2727 4326 2775 4370 et
2819 4318 2929 4387 ego.
2980 4318 3095 4373 Non
3145 4322 3358 4388 potuisti
3389 4324 3453 4377 ad
3480 4339 3752 4381 summum
3784 4302 3807 4318 ο

2159 4406 2380 4475 gradum
2412 4409 2776 4465 conscendere
2811 4427 2826 4463 :
2868 4421 2925 4466 at
2966 4415 3206 4482 proximo
3248 4431 3312 4470 ne
3353 4418 3588 4472 EXCidiIS.
3636 4419 3752 4474 lloe

2158 4501 2276 4554 solo
2301 4500 2449 4570 virgo
2491 4502 2583 4557 tibi
2625 4512 2863 4574 praestet,
2905 4504 3050 4574 quod
3091 4507 3230 4560 illam
3272 4506 3434 4563 libido
3477 4526 3544 4563 ne
3579 4514 3750 4566 semel

2158 4592 2374 4662 quidem
2399 4595 2753 4664 expugnavit,
2785 4605 2835 4651 te
2862 4597 3005 4664 prius
3034 4608 3333 4667 superatam
3361 4611 3620 4669 perpetuo
3646 4604 3753 4657 sub

2153 4687 2284 4757 jugo
2315 4697 2499 4742 tenere
2542 4690 2876 4758 nequiverit;
2921 4704 2983 4745 ac
3018 4701 3075 4744 tu
3121 4692 3331 4760 quidem
3373 4693 3507 4747 victa
3550 4694 3748 4759 vicisti,

2158 4780 2246 4833 illa
2288 4781 2563 4835 victoriam
2611 4782 2763 4837 clade
2812 4799 2998 4851 puram
3044 4785 3236 4848 habet,
3279 4801 3342 4839 ac
3382 4797 3554 4840 tecum
3601 4788 3750 4843 exitu

2156 4870 2440 4940 conjuncta
2473 4872 2735 4942 principio
2763 4874 2937 4928 solum
2969 4884 3205 4945 superat.

2229 4960 2516 5016 XXXVIII.
2565 4961 2667 5017 Cur
2720 4964 3016 5034 conjugibus
3071 4983 3255 5037 magna
3282 4967 3467 5022 solatia
3493 5009 3509 5033 ,
3563 4970 3753 5040 uirgini

2157 5052 2302 5106 nulla
2348 5053 2612 5107 concedat.
2640 5083 2711 5093 -—
2756 5054 2917 5124 Igitur
2955 5057 3213 5129 conjuges
3257 5059 3545 5115 admodum
3592 5076 3749 5115 com-

2157 5142 2315 5198 mode
2364 5151 2572 5209 tractat,
2618 5142 2709 5212 qui
2769 5160 2872 5199 nec
2923 5147 3094 5201 altero
3150 5149 3358 5203 volente
3415 5165 3509 5204 eos
3562 5161 3748 5207 mutua

2156 5235 2541 5291 consuetudine
2599 5234 2911 5303 defraudet,
2975 5254 3075 5292 nec
3134 5238 3598 5297 defraudationem
3679 5260 3747 5298 ex

2155 5340 2420 5380 consensu
2461 5325 2670 5395 longius
2714 5328 3008 5395 producat:
3041 5329 3169 5399 quin
3198 5331 3394 5386 alteras
3434 5334 3595 5387 etiam
3640 5352 3748 5389 ttu-

2156 5419 2293 5488 ptias
2320 5417 2611 5488 permittit,
2641 5421 2684 5473 si
2712 5420 2908 5485 velint,
2953 5436 3021 5475 ne
3066 5432 3309 5477 urantur.
3341 5426 3410 5478 At
3447 5426 3744 5497 virginibus

2156 5511 2359 5565 nullum
2416 5509 2720 5579 bujusmodi
2772 5512 3020 5566 solatium
3052 5514 3254 5583 praebet
3287 5556 3301 5580 ,
3335 5513 3430 5570 sed
3475 5517 3594 5571 illos
3620 5528 3746 5573 tan-

2156 5605 2323 5675 tisper
2358 5618 2627 5665 recreatos
2668 5612 2860 5667 iterum
2887 5612 3104 5668 dimittit
3134 5632 3147 5668 :
3179 5615 3313 5669 hanc
3342 5631 3438 5671 nec
3465 5617 3746 5672 minimum

2154 5698 2506 5768 respirantem
2523 5742 2538 5767 ,
2572 5703 2664 5763 sed
2691 5704 2905 5760 assidue
2931 5720 3251 5774 pugnantem
3274 5748 3288 5772 ,
3316 5717 3444 5762 sunt
3483 5719 3750 5777 perpetuo

2162 5796 2306 5845 stare
2332 5832 2346 5858 ,
2393 5806 2455 5847 ae
2497 5794 2878 5865 cupiditatibus
2904 5797 3084 5868 impoti
3110 5837 3127 5867 ,
3159 5813 3259 5854 nec
3283 5800 3364 5855 vel
3395 5799 3615 5855 tantillis
3664 5799 3747 5856 in-
