4020 6384
207 378 285 433 359
1545 385 1631 439 DE
1674 380 2139 439 VIRGINITATE.
3401 396 3505 449 ἲὶϐθ

212 502 307 556 Οὐκ
330 497 401 553 ἂν
424 498 624 566 οὕτως
660 503 991 577 ὴναντιώθη
1029 506 1121 558 καὶ
1143 505 1317 575 ἐαυτῷ
1352 506 1445 559 καὶ
1481 505 1558 575 τῷ
1588 499 1828 574 Χριστῷ.

214 580 282 651 τῷ
309 581 408 650 μὲν
440 579 706 653 Χριστῷ
764 585 1010 652 λέγοντι,
1058 585 1232 639 Εἰσὶν
1286 585 1567 651 εὐνοῦχοι
1618 584 1837 653 οἵτινες

214 661 601 728 εὐνούχισαν
645 664 925 730 ἑαυτοὺς
952 664 1048 717 διὰ
1076 662 1189 728 τὴν
1229 663 1560 727 βασιλείαν
1593 660 1713 716 τῶν
1738 666 1838 718 οὺ-

212 738 423 813 ρανῶνο
463 742 572 795 καὶ
603 743 983 812 ἐπαγαγόντι,
1019 743 1074 795 '0
1114 740 1450 811 δυνάμενος
1480 742 1692 811 χωρεῖν
1727 761 1839 811 χω-

215 824 401 892 ρείτω·
463 823 669 894 ἐαυτῷ
725 823 785 877 δέ
844 822 1260 887 καταδικάζοντι
1322 824 1420 887 τάς
1471 820 1701 893 χηρείαν
1739 821 1838 890 μὲν

1935 501 2111 573 κόμην
2140 503 2233 556 καὶ
2257 503 2354 575 τὴν
2394 505 2648 573 μέλαιναν
2688 505 2878 575 στολὴν
2919 507 3172 575 ἐξαίφνης
3198 507 3379 575 κρότοι
3415 507 3511 559 καὶ

1937 583 2209 646 παστάδες
2264 584 2542 653 γαμήλιοι,
2592 594 2685 638 καί
2726 585 2951 656 θόρυόος
2992 587 3085 638 ἀπ’
3134 588 3379 649 ἐναντίας
3432 587 3519 655 τῷ.

1935 661 2208 733 προτέρῳ,
2258 662 2449 734 ὥσπερ
2500 664 2809 735 ὑποκριτῶν
2847 667 2904 718 ἐν
2955 668 3127 737 σκηνῇ
3185 665 3508 729 παιζόντων,

1935 742 2031 794 καὶ
2060 740 2155 793 νῦν
2212 742 2308 812 μὲν
2368 743 2542 803 τοῦτο,
2569 743 2663 797 νῦν
2715 742 2773 797 δέ
2816 745 2992 797 ἐκεῖνο
3031 744 3367 814 γινομένωνς
3402 743 3515 796 Καὶ

1936 820 2045 891 γὰρ
2079 820 2197 873 ἐκεῖ
2220 821 2310 874 τὸν
2338 817 2496 874 αὐτὸν
2526 815 2657 886 ἴδοις
2691 821 2757 876 ἂν
2783 823 2914 876 ποτέ
2952 823 3052 893 μὲν
3085 822 3326 892 βασιλέα,
3380 822 3514 874 ποτὲ

224 902 508 971 ἐλσμένας,
541 903 611 954 οὐ
647 901 1010 972 βουληθείσας
1051 902 1107 955 δέ
1146 903 1420 969 ἐπιμεῖναι
1457 903 1524 971 τῇ
1562 900 1834 972 προθέσει.

230 985 287 1041 Εἰ
314 983 425 1053 γὰρ
448 983 730 1053 χάρισμά
760 986 898 1047 ἐστι,
930 982 1069 1046 τίνος
1121 983 1306 1036 ἕνεκεν
1346 983 1536 1044 αὐταῖς
1574 981 1834 1041 ἀπειλεῖς,

225 1064 419 1131 λέγων,
460 1066 552 1117 ὅτι
582 1066 854 1130 Ἔχουσι
883 1062 1076 1132 κρῖμα,
1100 1063 1188 1116 ὅτι
1220 1063 1335 1129 τὴν
1366 1062 1603 1131 πρώτην
1633 1061 1840 1114 πίστιν

229 1149 591 1212 ἠθέτησαν;
625 1142 881 1212 Οὐδαμοῦ
933 1142 1039 1212 γάρ
1091 1144 1218 1205 τοὺς
1273 1142 1371 1195 οὐκ
1425 1141 1647 1212 ἔχοντας
1678 1138 1837 1210 χαρί-

236 1241 414 1295 σματα
434 1226 466 1277 6
486 1223 741 1293 Χριστὸς
754 1222 1027 1281 ἐκόλασεν,
1042 1221 1176 1274 ἀλλά
1200 1223 1473 1290 πανταχοῦ
1495 1223 1619 1282 τοὺς
1642 1220 1701 1272 οὐ
1727 1219 1838 1288 βίον

237 1304 733 1374 ἐπιδεικνυμένους
765 1302 939 1373 ὀρθόν.
994 1305 1106 1356 Καὶ
1137 1302 1296 1356 τοῦτό
1332 1304 1446 1357 ἐστι
1491 1302 1552 1355 τὸ
1606 1299 1840 1370 μάλιστα

241 1384 688 1456 ἐπιζητούμενον
721 1387 847 1454 παρ’
872 1382 1042 1452 αὐτῷ,
1070 1383 1312 1437 πολιτεία
1352 1383 1547 1454 ἀρίστη
1574 1381 1669 1435 καὶ
1701 1379 1839 1452 ἔργα

244 1465 482 1535 ἀληπτα’
512 1466 631 1519 τῶν
661 1467 719 1519 δέ
746 1466 1098 1536 χαρισμάτων
1126 1468 1157 1537 η
1199 1465 1427 1534 διανομὴ
1451 1465 1551 1517 οὐκ
1575 1464 1631 1517 ἐν
1655 1464 1718 1533 τῇ
1743 1460 1836 1515 τοῦ

244 1547 630 1616 λαμϐάνοντος
656 1548 830 1599 κεῖται
853 1545 1185 1616 προαιρέσει,
1211 1544 1326 1597 ἀλλ’
1362 1545 1419 1597 ἐν
1446 1546 1511 1613 τῇ
1545 1541 1640 1595 τοῦ
1692 1559 1839 1613 παρ-

247 1628 464 1696 έχοντος
488 1626 700 1696 κρίσει.
728 1624 823 1679 Διά
850 1625 1008 1678 τοῦτο
1043 1623 1277 1689 οὐδαμοῦ
1300 1625 1425 1687 τοὺς
1473 1622 1543 1675 τὰ
1584 1621 1838 1691 θαύματα

248 1706 671 1777 ἐργαζομένους
719 1708 748 1758 6
795 1705 1028 1774 Χριστὸς
1080 1705 1325 1766 ἐπαινεῖ,
1383 1701 1519 1756 ἀλλὰ
1575 1701 1669 1754 καὶ
1710 1701 1839 1763 τοὺς

251 1785 510 1856 μαθητὰς
551 1786 649 1838 ἐπὶ
705 1783 879 1854 τούτῳ
929 1783 1067 1854 μέγα
1122 1783 1452 1856 φρονοῦντας
1509 1781 1710 1848 ἀπάγει
1739 1781 1839 1848 τῆς

244 1866 511 1931 τοιαύτης
547 1863 764 1933 ἡδονῆς.
793 1862 987 1931 λέγων,
1022 1862 1120 1931 Μὴ
1151 1863 1386 1933 χαίρετε
1416 1861 1505 1914 ὅτι
1534 1860 1611 1915 τὰ
1636 1861 1839 1929 δαιμό-

246 1963 351 1999 νια
374 1943 521 2012 ὑμῖν
555 1943 861 1996 ὑπακούει.
882 1944 945 1994 Ol
973 1941 1080 2012 γὰρ
1112 1941 1539 2015 μακαριζόμενοι
1562 1937 1837 2009 πανταχοῦ

248 2027 302 2079 οἰ
338 2024 640 2092 ἐλεήμονές
692 2023 846 2085 εἰσιν,
879 2022 930 2074 οἰ
974 2022 1240 2084 ταπεινοὶ,
1297 2024 1346 2075 οἱ
1380 2022 1669 2084 ἐπιεικεῖς,
1697 2022 1838 2091 οἰτῇ

248 2105 456 2174 καῴίᾳ
483 2103 739 2173 καθαροὶ,
797 2104 845 2155 οἰ
877 2102 1227 2172 εἰρηνοποιοὶ,
1251 2102 1299 2156 οἰ
1340 2101 1512 2155 ταῦτα
1541 2099 1721 2154 πάντα
1749 2101 1840 2155 καὶ

245 2188 321 2241 τά
349 2184 573 2248 τούτοις
596 2184 756 2252 ὃμοια
790 2182 1135 2253 πράττοντες.
1173 2182 1284 2236 Καὶ
1310 2183 1470 2246 αὐτὸς
1496 2182 1552 2235 δὲ
1573 2183 1601 2234 ὁ
1633 2180 1842 2244 Παῦλος

249 2267 322 2321 τὰ
348 2263 759 2335 κατορθώματα
790 2262 1039 2334 ἀριθμῶν
1071 2262 1141 2316 τὰ
1173 2262 1395 2327 ἐαυτοῦ,
1417 2264 1476 2316 ἐν
1505 2261 1716 2324 τούτοις
1744 2261 1841 2314 καὶ

252 2347 355 2413 τῆς
378 2343 714 2414 ἐγκρατείας
744 2342 1143 2411 ἐμνημόνευσεν
1162 2358 1176 2373 ·
1213 2339 1384 2395 εἰπὼν
1408 2342 1538 2412 γὰρ,
1570 2343 1669 2395 Ἐν
1692 2345 1841 2397 ὑπο-

250 2423 413 2495 μονῇ
441 2421 672 2487 πολλῇ,
690 2425 760 2476 ἐν
780 2422 1084 2489 θλίψεσιν,
1108 2423 1176 2476 ἐν
1203 2422 1512 2491 ἀνάγκαις,
1536 2422 1604 2475 ἐν
1630 2436 1840 2476 crtare-

256 2506 523 2573 χωριάις,
557 2503 627 2555 ἐν
653 2501 933 2569 πληγαῖς,
966 2502 1034 2556 ἐν
1064 2501 1382 2571 φυλακαῖς,
1414 2502 1737 2567 ἐνκόποις.
1774 2500 1845 2553 ἐν

257 2583 759 2647 ἀκαταστασίαις,
786 2582 856 2635 ἐν
882 2582 1253 2649 dam-ariam,
1270 2581 1340 2634 ἐν
1363 2580 1690 2646 νηστείαις,
1708 2580 1842 2647 ἐπή-

258 2681 449 2732 γαγεν,
485 2665 592 2717 Ἐν
614 2662 840 2731 ἁγνείᾳ·
867 2663 965 2715 οὐκ
992 2662 1055 2715 ἂν
1080 2661 1237 2715 τοῦτο
1262 2660 1514 2730 ποιήσας,
1535 2659 1849 2731 εἰχάρισμα

257 2744 319 2796 τὺ
336 2745 577 2813 πρᾶγμα
595 2737 681 2813 ἦν.
698 2742 763 2793 Τί
784 2740 838 2793 δέ
873 2742 968 2794 καὶ
1000 2740 1240 2794 σκώπτει
1264 2739 1389 2802 τοὺς
1410 2737 1560 2809 [(296]
1578 2740 1675 2792 οὐκ
1693 2738 1845 2808 έχον-

260 2822 568 2892 ¹ιιςιςαύτὴν,
599 2822 859 2892 ἀκρατεῖς
881 2821 1074 2885 αὐτοὺς
1094 2820 1304 2879 καλῶν;
1331 2818 1417 2872 διὰ
1440 2818 1493 2872 τί
1519 2819 1575 2872 δέ
1594 2819 1690 2873 καὶ
1719 2822 1747 2872 6
1772 2819 1852 2891 μὴ

263 2900 585 2972 ἐκγαμίζων
597 2901 695 2972 τὴν
711 2898 905 2954 ἐαυτοῦ
923 2900 1213 2965 παρθένον,
1232 2901 1483 2971 κρεῖσσον
1501 2901 1647 2952 ποιεῖ
1664 2916 1678 2963 ;
1704 2899 1851 2963 τίνος

262 2981 319 3035 δέ
368 2983 560 3036 ἕνεκεν
607 2980 995 3050 μακαριωτέρα
1033 2981 1065 3049 ἡ
1102 2980 1264 3049 χήρα,
1309 2979 1402 3033 ἐὰν
1442 2976 1617 3040 οὕτως
1651 2977 1806 3051 μείνῃ
1829 2998 1843 3043 ς

267 3063 445 3132 Ὅπερ
478 3060 589 3131 γάρ
618 3059 787 3128 ἔφθην
826 3058 1016 3120 εἰπὼν,
1050 3058 1110 3111 οὐ
1143 3057 1460 3127 θαυμάτων,
1496 3056 1631 3110 ἀλλὰ
1671 3058 1848 3127 ἔργων

264 3140 312 3192 οἰ
334 3138 702 3212 μακαρισμοὶ,
726 3137 915 3209 ὥσπερ
938 3133 1029 3191 οῦν
1052 3137 1144 3192 καὶ
1161 3139 1215 3191 αἱ
1238 3137 1509 3201 κολάσεις.
1530 3137 1656 3200 Πῶς
1676 3138 1731 3189 δέ
1755 3138 1847 3191 καὶ

266 3219 518 3288 ἐπιμένει
558 3219 720 3273 πάλιν
749 3216 1030 3291 παραινῶν
1056 3218 1196 3288 ὐπέρ
1217 3216 1325 3272 τῶν
1349 3216 1547 3279 αὐτῶν,
1579 3219 1627 3270 εἰ
1664 3217 1737 3288 μὴ
1764 3219 1855 3285 ἐφ’

264 3300 394 3366 ἡμῖν
408 3298 473 3352 τὸ
493 3299 728 3368 πρᾶγμα
748 3291 835 3365 ἦν.
867 3296 961 3349 καὶ
989 3295 1125 3366 μετά
1151 3296 1249 3362 τὴν
1265 3296 1358 3348 τοῦ
1384 3296 1518 3348 Θεοῦ
1556 3296 1726 3365 ῥοπὴν
1754 3296 1853 3349 καὶ

265 3379 359 3447 τῆς
378 3379 515 3447 παρ’
530 3379 564 3445 ἡ
577 3376 692 3444 μῶν
712 3376 882 3428 ἐδεῖτο
894 3375 1157 3445 σπουδῆςς
1177 3373 1363 3427 Εἰπὼν
1380 3373 1509 3443 γὰρ,
1527 3374 1689 3428 Θέλω
1701 3374 1849 3427 πάν-

264 3475 368 3523 τας
392 3455 750 3523 ἀνθρώπους
765 3451 916 3508 εἶναι
933 3455 1011 3520 ὡς
1034 3455 1132 3507 καὶ
1149 3454 1409 3521 ἐμαυτὸν
1429 3455 1498 3507 ἐν
1511 3454 1846 3521 ἐγκρατείᾳ,

269 3537 427 3590 πάλιν
460 3534 617 3605 φησί’
643 3536 807 3604 Λέγω
837 3533 905 3587 δὲ
924 3533 1051 3600 τοῖς
1073 3532 1320 3602 ἀγάμοις
1342 3531 1588 3597 καὶταῖς
1617 3531 1845 3599 χήραις,

264 3615 471 3669 Καλόν
486 3612 696 3677 αὐτοῖς
718 3612 908 3676 ἐστιν,
935 3610 1044 3664 ἐὰν
1061 3611 1351 3677 μείνωσιν
1371 3610 1452 3675 ὡς
1677 3610 1847 3664 Πάλιν

265 3693 456 3746 ἑαυτὸν
481 3692 665 3761 τίθησι
698 3689 787 3744 διά
811 3690 909 3760 τὴν
935 3688 1103 3758 αὐτὴν
1129 3689 1327 3743 αἰτίαν.
1355 3689 1428 3742 Τὸ
1452 3687 1569 3758 γὰρ.
1586 3688 1848 3758 παράδει-

265 3789 378 3841 γμα
404 3770 640 3839 ἐγγύθεν
666 3768 880 3840 ἔχοντες
910 3768 1004 3821 καὶ
1024 3769 1238 3830 οἰκεῖον,
1255 3766 1515 3838 μειζόνως
1537 3766 1603 3821 ἂν
1621 3768 1731 3822 τῶν
1749 3770 1850 3841 τῆς

266 3848 567 3919 παρθενίας
594 3846 1007 3918 κατετόλμησαν
1042 3846 1241 3901 πόνων.
1286 3844 1350 3899 Εἰ
1378 3846 1436 3900 δέ
1473 3846 1570 3900 καὶ
1591 3847 1849 3916 ἀνωτέρω

265 3926 461 3994 λέγων,
485 3926 649 3981 Θέλω
672 3923 903 3989 πάντας
933 3919 1083 3977 εἶναι
1106 3924 1186 3989 ὡς
1211 3924 1309 3978 καί
1336 3924 1618 3993 ἐμαυτὸν,
1645 3927 1738 3980 καὶ
1760 3927 1850 3979 ἐν-

266 4005 460 4065 ταῦθα,
484 4003 690 4059 Καλὸν
715 4002 918 4067 αὐτοῖς
935 4001 1044 4055 ἐὰν
1067 4002 1355 4070 μείνωσιν
1380 4005 1459 4067 ὡς
1485 4001 1666 4074 κάγὼ,
1694 4004 1851 4058 οὐδα-

270 4083 366 4151 μοῦ
397 4083 585 4137 αἰτίαν
606 4082 948 4153 προστίθησι,
978 4081 1051 4151 μὴ
1068 4082 1373 4153 θαυμάσῃς·
1403 4079 1463 4134 οὐ
1482 4079 1590 4151 γὰρ
1605 4082 1859 4137 ἀπαυθα-

268 4137 546 4231 διζόμενος
561 4137 722 4214 τοῦτο
741 4137 906 4225 ποιεῖ,
924 4137 1248 4231 ἀίλῧαωὶψ
1265 4137 1403 4212 εἰναι
1424 4176 1482 4213 νο
1489 4137 1659 4228 μίζων
1672 4160 1850 4215 αἰτίαν

266 4242 360 4311 τὴν
383 4229 561 4293 αὐτοῦ
587 4237 834 4308 γνώμην,
880 4236 999 4307 μεθ’
1026 4229 1095 4308 ἦς
1116 4236 1178 4289 τὸ
1206 4229 1441 4308 πρᾶγμα
1463 4235 1844 4309 κατώρθωσεν.

300 4322 460 4374 'AZ'.
494 4319 559 4372 Εἰ
582 4318 639 4371 δέ
662 4334 747 4381 τις
760 4316 854 4370 καὶ
873 4314 1150 4387 λογισμῶν
1165 4315 1395 4370 ἀκοῦσαι
1416 4316 1611 4379 ἐθέλοι,
1633 4317 1849 4388 πρῶτον

270 4399 365 4465 μὲν
390 4400 496 4469 τὴν
556 4396 709 4466 παρά
762 4395 980 4449 πάντων
1031 4394 1139 4448 τῶν
1186 4394 1491 4466 ἀνθρώπων
1550 4395 1851 4462 ἐξεταζέτω

266 4479 443 4541 δόξαν,
481 4477 675 4531 ἔπειτα
705 4475 799 4528 καὶ
828 4473 898 4527 τὰ
929 4473 1058 4545 περὶ
1089 4472 1149 4526 τὸ
1178 4475 1409 4544 πρᾶγμα
1459 4474 1847 4545 συμϐαίνοντα.

267 4555 386 4610 τῶν
410 4556 525 4625 γὰρ
565 4552 870 4621 νομοθετῶν
917 4552 1042 4615 τοὺς
1074 4551 1349 4615 τοιούτους
1399 4552 1462 4605 οὐ
1515 4552 1849 4617 κολαζόντων

265 4635 499 4705 γάμους,
521 4633 638 4686 ἀλλ’
660 4630 1061 4701 ἐπιτρεπόντων
1080 4630 1177 4684 καί
1197 4629 1641 4703 συγχωρούντων,
1667 4632 1851 4686 πολλοὶ

266 4716 354 4767 καὶ
377 4714 539 4784 παρά
565 4711 777 4766 πολλῶν
804 4710 861 4765 ἐν
891 4728 951 4765 τε
978 4710 1176 4774 οἰκίαις
1209 4712 1305 4764 καὶ
1337 4710 1483 4765 κατά
1505 4711 1613 4782 τὴν
1643 4712 1849 4785 ἀγορὰν

264 4796 383 4846 κατ’
399 4791 586 4847 αὐτῶν
613 4791 852 4860 γίνονται
879 4789 1028 4857 λόγοι
1051 4789 1435 4855 σκωπτόντων,
1458 4791 1847 4860 μεμφομένων,

261 4870 783 4942 ἀποστρεφομένων.
812 4868 932 4923 Τῶν
965 4869 1074 4940 γὰρ
1110 4869 1237 4931 τοὺς
1270 4869 1469 4940 ὅρκους
1491 4869 1852 4939 παραϐαινόν-

262 4968 367 5005 των
390 4953 495 5020 οὐχ
511 4947 675 5021 ἦττον
706 4948 830 5012 τοὺς
856 4948 1130 5011 τοιούτους
1161 4947 1399 5012 ἅπαντες
1425 4950 1781 5021 ἐκτρέπονται
1798 4963 1849 5015 ο,

262 5030 338 5093 ὡς
362 5032 564 5086 είξῖν.
593 5027 716 5080 οὐτε
743 5026 926 5096 φίλους
961 5026 1285 5098 ποιήσασθαι
1328 5027 1701 5098 θαρροῦντες(
1726 5027 1851 5083 οὐτε

266 5109 546 5178 συνθήκας
578 5094 766 5159 θέσθαι
801 5106 936 5177 πρὸς
963 5094 1193 5171 αὐτοὺς,
1227 5105 1351 5159 οὔτε
1379 5094 1507 5161 ἀλλο
1540 5125 1593 5160 τι
1627 5109 1851 5162 πιστεῦ-

266 5204 349 5239 σαι
383 5186 565 5240 οὐδέν.
602 5185 767 5238 Ὅταν
811 5186 919 5257 γὰρ
969 5184 1151 5237 ἴδωσιν
1180 5185 1383 5249 αὐτοὺς
1424 5188 1717 5258 συνηθείας
1760 5206 1852 5242 τοι

265 5264 475 5334 σαύτης
514 5262 613 5315 καὶ
669 5262 849 5331 φιλίας
885 5263 978 5316 καὶ
1010 5262 1225 5333 ὁμιλίας
1274 5265 1368 5317 καὶ
1418 5266 1709 5333 κοινωνίας,
1752 5267 1851 5339 τὴν

267 5346 494 5414 μνήμην
513 5340 691 5405 οὕτως
720 5342 952 5405 εὐκόλως
976 5343 1084 5396 ἀπὸ
1106 5342 1206 5412 τῆς
1235 5343 1416 5402 αὐτῶν
1441 5345 1623 5416 ψυχῆς
1656 5347 1853 5401 ἐκϐάλ-

262 5420 477 5484 λοντας,
512 5420 691 5491 νάρκη
716 5438 800 5484 τις
822 5421 1003 5485 αὐτοῖς
1032 5422 1140 5475 ἀπὸ
1168 5423 1372 5476 τούτων
1402 5428 1720 5497 καταχεῖται
1744 5429 1852 5483 τῶν

264 5498 567 5568 λογισμῶν,
604 5500 700 5553 καὶ
723 5500 823 5553 οὐκ
848 5500 915 5553 ἂν
936 5501 1133 5567 αὐτοὺς
1169 5500 1306 5572 μετὰ
1343 5503 1523 5575 πάσης
1546 5506 1852 5575 προσίοιντο

271 5578 644 5649 ῄησιότητος,
701 5577 777 5642 ὡς
823 5578 1076 5643 εὐκόλους
1124 5583 1215 5635 καὶ
1252 5581 1742 5654 ἀλλοπροσάλλους.
1775 5587 1849 5640 Οὐ

267 5655 352 5711 διὰ
380 5654 560 5709 ταῦτα
588 5656 646 5710 δὲ
682 5656 842 5727 μόνον
868 5658 1067 5721 αὐτοὺς
1093 5659 1551 5731 ἀποστρέφονται,
1577 5663 1714 5717 ἀλλά
1759 5666 1853 5718 καὶ

270 5732 332 5784 δι’
373 5733 547 5806 αὐτὴν
573 5733 681 5789 τῶν
703 5733 1002 5805 γινομένων
1055 5737 1156 5809 τὴν
1197 5739 1410 5807 ἀηδίαν.
1452 5741 1515 5793 Τί
1547 5740 1656 5812 γὰρ
1689 5741 1852 5812 ἀτερ-

274 5814 556 5881 πέστερον,
591 5813 713 5867 εἰπέ
744 5831 854 5884 μοι,
884 5814 917 5886 ἢ
948 5815 1074 5870 ὅταν
1105 5818 1245 5889 μετά
1282 5819 1377 5874 τὸν
1408 5821 1574 5875 πολὺν
1605 5823 1851 5874 κωκυτὸν

275 5893 365 5949 καῖ,
404 5893 503 5954 τὰς
529 5893 775 5964 οἰμωγὰς
798 5894 894 5948 καὶ.
921 5894 988 5949 τὰ
1016 5895 1226 5969 δάκρυα
1271 5899 1366 5952 καὶ
1407 5900 1504 5971 τὴν
1558 5900 1851 5973 αὐχμηρὰν

338 6031 359 6058 ⁸
372 6032 499 6095 Reg.
525 6036 912 6104 ἀποστρέφονται.

1934 896 1991 949 δὲ
2044 899 2260 952 πάντων
2295 898 2635 968 πενέστερον·
2676 899 2951 953 κάνταῦθα
2983 902 3011 952 6
3045 898 3234 971 πρώην
3264 899 3393 969 περὶ
3421 897 3517 951 τὸν

1934 975 2105 1044 τάφον
2146 974 2656 1045 ἐγκαλινδούμενος,
2715 979 2948 1047 νυμφίος
2999 979 3285 1049 ἐξαίφνης*
3323 980 3352 1033 6
3412 976 3514 1039 τὰς

1933 1056 2125 1126 τρίχας
2168 1054 2383 1119 τίλλων,
2420 1055 2683 1124 στέφανον
2723 1057 2814 1110 ἐπὶ
2839 1058 2940 1127 τῆς
2965 1058 3135 1128 αὐτῆς
3166 1057 3325 1112 πάλιν
3356 1054 3513 1124 φέρει

1935 1133 2198 1205 κεφαλῆς,
2233 1136 2260 1187 6
2307 1135 2555 1206 κατηφὴς
2576 1135 2669 1188 καὶ
2691 1137 2917 1204 στυγνὸς
2936 1138 3030 1190 καὶ
3055 1134 3512 1196 πολλὰπολλάκις

1939 1215 2074 1284 μετὰ
2096 1213 2343 1286 δακρύων
2366 1214 2501 1285 πρὸς
2518 1215 2644 1279 τοὺς
2667 1216 3115 1286 παρακαλοῦντας
3140 1214 3391 1285 ἐγκώμια
3412 1211 3513 1281 τῆς

1936 1291 2275 1363 ἀπελθούσης
2305 1293 2546 1359 διελθὼν,
2574 1295 2668 1347 καὶ
2698 1294 2787 1347 τὸν
2819 1294 2927 1363 βίον
2962 1295 3193 1348 ἀϐίωτον
3225 1289 3363 1347 εἶναι
3406 1292 3515 1361 (pf;-

1939 1389 2037 1436 σας
2069 1371 2238 1442 αὐτῷ,
2261 1371 2357 1425 καὶ
2396 1372 2530 1444 πρὸς
2552 1374 2678 1437 τοὺς
2731 1373 3038 1443 ἀπάγοντας
3074 1372 3234 1426 αὐτὸν
3257 1371 3350 1425 τοῦ
3380 1369 3515 1441 09+,-

1936 1468 2027 1504 vou
2070 1450 2430 1521 δυσχεράνας,
2490 1451 2747 1514 πολλάκις
2807 1453 3008 1524 μεταξὺ
3073 1452 3277 1505 τούτων
3336 1448 3515 1503 αὐτῶν

1936 1529 2229 1600 ὡραῖζεται
2252 1531 2345 1583 καὶ
2379 1530 2779 1595 καλλωπίζεται
2828 1531 2987 1586 πάλιν
3007 1572 3021 1596 ,
3060 1532 3155 1586 καὶ
3183 1533 3294 1593 τοῖς
3326 1528 3515 1599 πρώην

1935 1609 2352 1681 δεδακρυμένοις
2415 1609 2747 1680 ὀφθαλμοῖς,
2816 1613 3028 1675 τούτοις
3090 1610 3228 1683 μετά
3284 1608 3517 1677 γέλωτος

1936 1692 2014 1753 εἰς
2046 1691 2172 1753 τοὺς
2214 1690 2411 1752 αὐτοὺς
2457 1690 2638 1760 ἐνορᾷ,
2696 1690 2792 1742 καὶ
2828 1688 2905 1760 τῷ
2934 1690 3161 1761 στόματι
3200 1690 3375 1759 τούτῳ
3424 1704 3518 1755 φι-

1935 1768 2271 1840 λοφρονεῖται
2331 1768 2426 1821 καὶ
2464 1767 2769 1831 ἀσπάζεται
2801 1760 3042 1832 πάντας,
3096 1769 3162 1823 δι’
3209 1760 3270 1822 οὐ
3325 1765 3516 1838 πρώην

1934 1849 2108 1902 ταῦτα
2166 1847 2342 1902 πάντα
2386 1846 2681 1919 ἐξώμνυτο.
2737 1848 2810 1902 Τὸ
2859 1849 2916 1902 δὲ
2968 1849 3183 1903 πάντων
3225 1846 3516 1900 ἐλεεινότε-

1941 1943 2049 1995 ρον,
2085 1928 2113 1979 ὁ
2151 1929 2264 1989 τοῖς
2308 1927 2497 1979 παισὶν
2535 1926 2959 1997 ἐπεισαγόμενος
3010 1927 3271 1996 πόλεμος,
3325 1926 3358 1995 ἠ
3397 1926 3517 1985 ταῖς

1937 2004 2268 2077 θυγατράσιν
2306 2005 2716 2076 συνοικιζομένη
2774 2006 2994 2059 λέαινα⁶
3035 2004 3190 2058 τοῦτο
3232 2005 3338 2076 γὰρ
3367 2001 3516 2075 [297]

1936 2087 1968 2157 ἡ
2041 2085 2281 2157 μητρυιά
2343 2084 2642 2155 πανταχοῦ.
2722 2084 2998 2139 Ἐντεῦθεν
3060 2086 3093 2155 ἡ
3173 2082 3516 2155 καθημερινὴ

1940 2165 2128 2227 στάσις
2152 2165 2247 2218 καὶ
2279 2165 2449 2235 μάχη,
2490 2163 2738 2218 ἐντεῦθεν
2765 2167 2794 2217 6
2823 2164 2971 2228 ξένος
2998 2165 3203 2227 ἐκεῖνος
3249 2162 3344 2215 καὶ
3394 2178 3517 2215 και-

1936 2245 2152 2315 νότερος
2179 2243 2339 2313 ζῆλος
2378 2244 2515 2314 πρὸς
2560 2243 2659 2315 τὴν
2714 2243 2814 2297 οὐκ
2861 2242 3180 2314 ἐνοχλοῦσαν
3214 2242 3515 2311 γινόμενος.

1939 2325 2001 2378 OE
2040 2324 2135 2394 μὲν
2167 2321 2277 2392 γὰρ
2306 2322 2505 2387 ζῶντες
2531 2324 2624 2376 καί⁵
2654 2322 2905 2393 βάλλουσι
2936 2321 3015 2393 τῷ
3061 2322 3239 2392 φθόνῳ
3273 2322 3367 2374 καὶ
3397 2318 3521 2389 βάλ-

1938 2403 2144 2465 λονται,
2180 2403 2316 2475 πρὸς
2349 2403 2404 2456 δέ
2434 2403 2561 2465 τοὺς
2588 2400 3039 2471 τετελευτηκότας
3068 2401 3164 2454 καὶ
3194 2401 3243 2452 οἱ
3274 2399 3521 2470 πολέμιοι

1941 2481 2280 2537 σπένδονται.
2326 2482 2464 2536 Ἀλλ’
2489 2483 2589 2535 οὐκ
2616 2480 2871 2545 ἐνταῦθα,
2904 2479 3041 2533 ἀλλὰ
3074 2479 3453 2548 ζηλοτυπεῖται
3486 2479 3519 2548 ἡ

1940 2561 2089 2626 κόνις
2104 2562 2198 2617 καὶ
2216 2561 2452 2633 ἡτέφρα,
2467 2562 2559 2615 καὶ
2577 2563 2731 2631 μῖσος
2754 2558 2997 2631 προςτὴν
3023 2555 3519 2629 κατορωρυγμένην

1941 2641 2173 2710 ἄφατον,
2194 2642 2287 2695 καὶ
2318 2640 2576 2709 λοιδορίαι
2603 2641 2696 2693 καὶ
2718 2637 3024 2709 σκώμματα
3069 2638 3164 2692 καὶ
3196 2637 3521 2708 κατηγορίαι

1941 2720 2080 2792 πρὸς
2094 2720 2192 2791 τὴν
2213 2719 2551 2775 διαλυθεῖσαν
2570 2721 2650 2783 εἰς
2665 2719 2788 2789 γῆν,
2802 2718 2970 2791 ἔχθρα
2985 2716 3246 2780 ἄσπονδος
3265 2716 3403 2787 πρὸς
3426 2714 3523 2788 τὴν

1943 2798 2313 2869 λελυπηκυῖαν
2338 2796 2510 2851 οὐδέν.
2545 2797 2610 2850 Τί
2636 2796 2841 2865 ταύτης
2869 2795 3063 2865 γένοιτ’
3091 2794 3157 2849 ἂν
3180 2794 3278 2863 τῆς
3303 2792 3525 2862 ἀλογίας

1943 2881 2145 2950 χεῖρον,
2173 2877 2227 2929 τί
2251 2878 2350 2949 τῆς
2387 2876 2702 2946 ώμότητος;
2739 2876 2905 2929 Οὐδὲν
2947 2874 3099 2948 παρὰ
3130 2874 3228 2945 τῆς
3255 2871 3524 2927 ἀπελθού-

1945 2974 2044 3024 σης
2068 2956 2370 3028 ἠδικημένη
2395 2974 2408 2987 ’
2432 2955 2485 3009 τί
2522 2955 2665 3024 λέγω
2693 2955 2994 3026 ἠδικημένη
3015 2974 3029 3021 ;
3058 2955 3186 3018 τοὺς
3210 2954 3403 3018 πόνους
3426 2954 3526 3025 μὲν

1943 3036 2116 3107 αὐτῆς
2145 3034 2527 3107 καρπουμένη,
2560 3035 2789 3098 καὶτοῖς
2821 3034 3044 3103 ἀγαθοῖς
3074 3033 3396 3106 ἐντρυφῶσα
3413 3035 3526 3096 τοῖς

1944 3116 2179 3185 ἐκείνης,
2223 3117 2283 3169 οὐ
2323 3115 2552 3169 παύεται
2596 3112 2979 3184 σκιαμαχοῦσα
3026 3112 3162 3184 πρὸς
3205 3113 3404 3182 αὐτὴν·
3432 3113 3526 3165 καὶ

1943 3194 2041 3265 τὴν
2087 3193 2237 3247 οὐδὲν
2274 3193 2664 3264 λελυπηκυῖαν,
2696 3191 2958 3255 πολλάκις
2999 3190 3057 3244 δέ
3103 3190 3223 3243 οὐδέ
3268 3189 3525 3258 ὀφθεῖσαν

1945 3272 2080 3343 αὐτῇ
2127 3288 2292 3337 ποτε,
2350 3275 2564 3342 μυρίοις
2615 3270 2739 3325 καθ’
2772 3270 3010 3343 ἑκάστην
3073 3270 3283 3342 ἡμέραν
3342 3270 3522 3340 βάλλει

1948 3350 2268 3422 σκώμμασι,
2298 3352 2393 3404 καὶ
2420 3350 2507 3404 διὰ
2534 3349 2641 3404 τῶν
2679 3349 2895 3420 ἐκείνης
2942 3349 3180 3417 ἐκγόνων
3215 3349 3315 3419 τὴν
3345 3348 3523 3403 οὐκέτ’

1946 3427 2113 3484 οὖσαν
2138 3429 2426 3500 ἀμύνεται,
2454 3432 2550 3484 καὶ
2576 3430 2668 3483 τὸν
2694 3429 2861 3499 ἄνδρα
2885 3428 3144 3491 πολλάκις
3165 3428 3374 3494 ὁπλίζει
3397 3430 3516 3483 κατ’

1946 3509 2146 3574 αὐτῶν,
2181 3510 2310 3563 ὅταν
2356 3508 2493 3578 αὐτὴ
2544 3509 2708 3579 μηδὲν
2751 3507 2910 3580 ἀνύῃ.
2956 3507 3095 3560 Ἀλλ’
3128 3507 3276 3577 ὅμως
3310 3508 3525 3560 ἅπαντα

1945 3588 2119 3643 ταῦτα
2143 3589 2313 3659 ῥᾷστα
2337 3588 2431 3641 καὶ
2459 3585 2674 3658 φορητὰ
2695 3589 2805 3650 τοῖς
2831 3584 3136 3658 ἀνθρώποις
3167 3586 3340 3654 ἔδοξεν
3363 3582 3522 3652 εἶναι,

1949 3668 2109 3739 μόνον
2138 3667 2223 3720 ἵνα
2256 3666 2329 3737 μὴ
2352 3665 2449 3737 τὴν
2476 3666 2585 3719 ἀπὸ
2613 3664 2714 3734 τῆς
2745 3665 3039 3736 ἐπιθυμίας
3064 3669 3253 3738 φέρειν
3282 3669 3524 3737 ἀναγκά-

1949 3747 2149 3812 ζωνται
2187 3746 2500 3818 τυραννίδα,
2546 3744 2684 3797 Ἀλλ’
2731 3745 2831 3815 οὐχ
2866 3747 2899 3815 ἡ
2931 3745 3199 3815 παρθένος
3240 3747 3377 3817 πρὸς
3404 3746 3529 3800 ταύ-

1946 3842 2047 3895 την
2084 3824 2353 3894 ἰλιγγίασε
2385 3823 2483 3896 τὴν
2514 3823 2838 3894 παράταξιν,
2874 3823 2994 3877 οὐδέ
3032 3823 3198 3892 ἔφυγε
3236 3826 3335 3895 τὴν
3385 3842 3526 3895 app.-

1947 3902 2108 3974 ϐολὴν
2145 3903 2246 3974 τὴν
2284 3902 2457 3967 οὕτως
2486 3904 2760 3975 ἀφόρητον
2788 3905 2899 3966 τοῖς
2928 3902 3142 3966 πολλοῖς
3167 3899 3306 3957 εἶναι
3334 3904 3527 3958 δοκοῦ-

1948 3998 2067 4040 σαν.
2103 3980 2218 4034 ἀλλ’
2253 3979 2382 4053 ἔστη
2415 3984 2698 4049 γενναίως,
2743 3982 2840 4035 καὶ
2882 3982 2979 4053 τὴν
3012 3982 3120 4035 ἀπὸ
3168 3984 3267 4051 τῆς
3312 3984 3527 4052 φύσεως

1946 4059 2235 4126 ἀνεδέξατο
2282 4060 2481 4131 μάχην.
2523 4061 2649 4125 Πῶς
2680 4057 2771 4114 οῦν
2801 4061 2865 4116 ἄν
2905 4078 2989 4124 τις
3021 4061 3191 4132 αὐτὴν
3221 4064 3340 4115 κατ’
3370 4062 3528 4127 ἀξίαν

1948 4138 2303 4209 θαυμάσειεν,
2334 4140 2462 4192 ὅταν
2488 4140 2541 4193 οἰ
2576 4140 2675 4209 μὲν
2712 4138 2860 4193 ἄλλοι
2888 4141 2982 4193 καὶ
3008 4139 3272 4210 δευτέρων
3298 4141 3528 4195 δέωνται

1945 4218 2161 4288 γάμων,
2210 4218 2296 4271 ἵνα
2347 4217 2421 4289 μὴ
2478 4219 2906 4282 κατακαίωνται,
2952 4216 3093 4289 αὐτη
3136 4219 3193 4272 δὲ
3236 4220 3369 4289 μηδέ
3409 4222 3527 4284 ἐνὸς

1947 4294 2199 4366 ἁψαμένη
2253 4295 2542 4358 διαπαντός
2598 4297 2745 4352 ἐστιν
2797 4297 2929 4366 ἁγία
2974 4298 3069 4350 καὶ
3122 4297 3396 4367 ἄτρωτος;
3431 4302 3530 4353 Διά

1946 4375 2123 4428 ταῦτα
2146 4376 2240 4428 καὶ
2278 4374 2384 4444 πρὸ
2415 4374 2619 4428 τούτων
2638 4376 2726 4428 διά
2749 4377 2877 4441 τοὺς
2910 4377 3306 4448 ἀποκειμένους
3335 4380 3392 4430 ἐν
3415 4382 3528 4440 τοῖς
3572 4432 3576 4437 ,

1946 4455 2196 4520 οὐρανοῖς
2222 4455 2291 4524 τῇ
2321 4454 2518 4525 χηρείᾳ
2565 4455 2790 4525 μισθοὺς
2825 4458 2853 4509 6
2896 4457 2987 4508 τὸν
3028 4454 3263 4526 Χριστὸν
3283 4455 3421 4526 ἔχων
3472 4458 3528 4510 ἐν

1948 4530 2126 4602 ἐαυτῷ
2171 4531 2453 4595 λαλοῦντα,
2499 4532 2682 4601 ἕλεγε’
2716 4535 2921 4589 Καλὸν
2975 4535 3180 4599 αὐτοῖς
3228 4535 3400 4588 ἐστιν
3424 4536 3531 4589 ἐὰν

1941 4611 2232 4678 μείνωσιν
2265 4610 2346 4676 ὡς
2377 4612 2556 4681 κάγώ.
2602 4612 2716 4666 Οὐκ
2764 4614 2990 4683 ἴσχυσας
3019 4616 3096 4678 εἰς
3122 4614 3220 4685 τὴν
3270 4615 3531 4670 ἀνωτάτω

1948 4687 2192 4758 κορυφὴν
2236 4688 2538 4758 ἀναδῆναι;
2569 4691 2668 4760 τῆς
2710 4690 2839 4757 γοῦν
2876 4694 2992 4762 μετ’
3032 4693 3246 4763 ἐκείνην
3290 4693 3363 4766 μὴ
3398 4696 3532 4747 ἀπο-

1949 4769 2153 4840 πέσῃς’
2189 4766 2501 4838 τοσοῦτονὴ
2537 4768 2804 4839 παρθένος
2839 4769 2933 4823 σοῦ
2975 4771 3148 4840 ἐχέτω
3189 4771 3372 4838 πλέον,
3406 4775 3529 4829 ὅσον

1947 4846 2048 4917 τὴν
2077 4845 2179 4916 μὲν
2192 4846 2314 4899 οὐδὲ
2332 4846 2477 4912 ἅπαξ
2499 4847 2763 4918 ἐπιθυμία
2788 4849 3154 4903 κατεπάλαισε
3176 4850 3227 4913 1),
3248 4850 3306 4903 σὲ
3321 4851 3377 4904 δέ
3394 4870 3531 4921 κρα-

1948 4927 2169 4997 τήσασα
2202 4926 2468 4998 πρότερον
2512 4928 2612 4980 οὐκ
2643 4928 2829 4998 ἴσχυσε
2874 4929 3165 4993 διαπαντὸς
3201 4935 3525 5000 κατασχεῖν»
3582 4940 3587 4945 ’

1950 5005 2043 5057 καὶ
2070 5005 2133 5058 σὺ
2162 5003 2263 5074 μὲν
2293 5005 2427 5073 μετά
2451 5004 2551 5076 τὴν
2578 5001 2749 5077 ἧτταν
2770 5007 3047 5077 ἐνίκησας,
3072 5009 3251 5078 ἐκείνη
3278 5008 3334 5060 δὲ
3363 5009 3526 5063 καθα⁴

1952 5084 2052 5156 ρὰν
2083 5085 2252 5156 ἥττης
2284 5085 2500 5155 ἀπάσης
2529 5085 2642 5155 ἔχει
2674 5086 2773 5158 τὴν
2797 5087 2974 5158 νίκην,
3006 5089 3099 5141 καὶ
3132 5087 3208 5157 τῷ
3236 5088 3379 5141 τέλει
3403 5106 3528 5143 aw—

1951 5163 2230 5234 απτομένη
2275 5181 2355 5217 σοι
2398 5166 2542 5220 κατά
2572 5166 2668 5236 τὴν
2697 5165 2870 5239 ἀρχὴν
2901 5166 3157 5239 ὑπερέχει
3190 5166 3367 5237 μόνον.

2021 5241 2155 5298 ΛΗ’.
2177 5253 2200 5282 ο
2220 5243 2347 5308 Τοῖς
2369 5243 2468 5314 μὲν
2495 5239 2589 5298 οὖν
2622 5245 2967 5317 γεγαμηκόσι
2997 5245 3197 5316 πολλὴν
3220 5245 3403 5300 δίδωσι
3431 5247 3528 5317 τὴν

1950 5321 2331 5395 παραμυθίαν,
2379 5322 2454 5387 ὡς
2492 5323 2628 5395 μηδέ
2668 5323 2885 5388 ἑκόντος
2931 5324 3162 5396 θατέρου
3204 5327 3529 5398 ἀποστερεῖν

1951 5401 2150 5466 αὐτοὺς
2177 5400 2440 5471 ἀλλήλων,
2478 5402 2615 5475 μήτε
2645 5402 2743 5474 τὴν
2772 5406 2836 5456 ἐκ
2865 5404 3183 5474 συμφωνίας
3202 5406 3529 5476 γιγνομένην

1957 5480 2214 5551 στέρησιν
2263 5481 2356 5534 ἐπὶ
2403 5481 2538 5533 πολὺ
2587 5483 2884 5553 προάγειν⁸
2927 5486 3022 5536 καὶ
3066 5483 3319 5554 δεύτερον
3365 5485 3530 5538 πάλιν

1951 5560 2215 5631 ἐπέτρεψε
2240 5561 2438 5631 γάμον,
2471 5559 2568 5614 ἐὰν
2603 5560 2926 5631 βούλωνται,
2948 5562 3088 5633 ὑπὲρ
3103 5563 3198 5617 τοῦ
3227 5564 3300 5636 μὴ
3328 5566 3531 5636 πυροῦ-

1953 5638 2097 5693 σθαι.
2120 5640 2246 5704 Τοῖς
2265 5641 2321 5694 δέ
2352 5640 2778 5713 παρθενεύουσιν
2803 5641 3061 5714 οὐδεμίαν
3083 5643 3337 5716 τοιαύτην
3363 5645 3530 5700 ἔδωκε

2013 5738 2041 5779 Β
2066 5740 2190 5804 Reg.
2213 5741 2505 5791 κατέσπασε.

2019 5805 2044 5832 ο
2072 5803 2198 5881 εἶεδὶ
2210 5809 2261 5852 et
2285 5804 2433 5853 Savil.
2460 5807 2508 5881 εει
2531 5808 3154 5881 ωοτειῐιοολιςςυωθῃίῦῐο
3177 5807 3387 5881 habqqt:
3414 5812 3532 5881 Δια-

1956 5862 2001 5939 τί
2020 5866 2117 5921 τοῖς
2133 5862 2231 5939 ἠμὲν
2252 5862 2763 5939 γεγαμηκόσιηπολλήν
2785 5862 2950 5939 δίδῶσι
2987 5872 3077 5939 τὴν
3099 5872 3412 5939 παραμυθίαν,
3444 5871 3531 5939 ἣν

1959 5926 2010 5991 δέ
2034 5926 2620 5991 παρθένονίούκάναπαύει
2642 5930 2737 5977 τῶν
2768 5930 2940 5980 πόνων.
2973 5926 3243 5981 Aﬂicnlimi
3269 5936 3339 5980 sic
3359 5926 3530 5991 incipit

1960 5986 2121 6046 liegﬂ:
2150 5988 2369 6055 l_l5n;_o§v
2409 5991 2507 6055 τοῖς
2540 5990 2623 6051 μὲν
2658 5993 2952 6053 γεγαμηκόσι
2993 5992 3228 6049 τοσαύτην
3272 5986 3528 6055 ἀσφάλείαν

1958 6051 2234 6113 παρασχὼν,
2257 6052 2458 6114 ώςμηδέ
2477 6053 2687 6111 ἄκοντος.
