  <div class='ocr_page' id='page_1' title='image "/cluster/home/n/w/nwhite01/storage/ocr_20150623/48:no.1:pt.2/coo.31924054869478/041.png"; bbox 0 0 4020 6460; ppageno 0'>
   <div class='ocr_carea' id='block_1_1' title="bbox 470 398 2088 480">
    <p class='ocr_par' dir='ltr' id='par_1_1' title="bbox 470 398 2088 480">
     <span class='ocr_line' id='line_1_1' title="bbox 470 398 2088 480; baseline -0.015 -1"><span class='ocrx_word' id='word_1_1' title='bbox 470 423 570 480; x_wconf 71' lang='lat'><strong>561</strong></span> <span class='ocrx_word' id='word_1_2' title='bbox 1187 408 1245 466; x_wconf 82' lang='lat' dir='ltr'><strong>S.</strong></span> <span class='ocrx_word' id='word_1_3' title='bbox 1282 405 1568 465; x_wconf 77' lang='lat' dir='ltr'><strong>JOANMS</strong></span> <span class='ocrx_word' id='word_1_4' title='bbox 1606 398 2088 463; x_wconf 78' lang='lat' dir='ltr'><strong>CHRYSOSTOMI</strong></span> 
     </span>
    </p>
   </div>
   <div class='ocr_carea' id='block_1_2' title="bbox 472 520 2065 610">
    <p class='ocr_par' dir='ltr' id='par_1_2' title="bbox 472 520 2065 610">
     <span class='ocr_line' id='line_1_2' title="bbox 472 520 2065 610; baseline -0.012 -16"><span class='ocrx_word' id='word_1_5' title='bbox 472 532 850 610; x_wconf 74' lang='grc' dir='ltr'><strong>παραμυθίαν,</strong></span> <span class='ocrx_word' id='word_1_6' title='bbox 880 530 1018 588; x_wconf 85' lang='grc' dir='ltr'><strong>ἀλλά</strong></span> <span class='ocrx_word' id='word_1_7' title='bbox 1042 531 1169 596; x_wconf 73' lang='grc' dir='ltr'><strong>τοὺς</strong></span> <span class='ocrx_word' id='word_1_8' title='bbox 1202 530 1302 602; x_wconf 79' lang='grc' dir='ltr'><strong>μὲν</strong></span> <span class='ocrx_word' id='word_1_9' title='bbox 1332 530 1425 584; x_wconf 74' lang='grc' dir='ltr'><strong>ἐπὶ</strong></span> <span class='ocrx_word' id='word_1_10' title='bbox 1460 526 1716 610; x_wconf 81' lang='grc' dir='ltr'><strong>τοσοῦτον</strong></span> <span class='ocrx_word' id='word_1_11' title='bbox 1740 520 2065 610; x_wconf 75' lang='grc' dir='ltr'><strong>ἀναπαύσας</strong></span> 
     </span>
    </p>
   </div>
   <div class='ocr_carea' id='block_1_3' title="bbox 472 603 2073 689">
    <p class='ocr_par' dir='ltr' id='par_1_3' title="bbox 472 603 2073 689">
     <span class='ocr_line' id='line_1_3' title="bbox 472 603 2073 689; baseline -0.012 -14"><span class='ocrx_word' id='word_1_12' title='bbox 472 603 642 676; x_wconf 70' lang='grc' dir='ltr'><strong>πάλιν</strong></span> <span class='ocrx_word' id='word_1_13' title='bbox 670 617 875 689; x_wconf 85' lang='grc' dir='ltr'><strong>ἀνίησι.</strong></span> <span class='ocrx_word' id='word_1_14' title='bbox 902 615 1000 687; x_wconf 77' lang='grc' dir='ltr'><strong>τὴν</strong></span> <span class='ocrx_word' id='word_1_15' title='bbox 1032 615 1089 669; x_wconf 84' lang='grc' dir='ltr'><strong>δὲ</strong></span> <span class='ocrx_word' id='word_1_16' title='bbox 1119 615 1242 668; x_wconf 81' lang='grc' dir='ltr'><strong>οὐδὲ</strong></span> <span class='ocrx_word' id='word_1_17' title='bbox 1273 612 1471 685; x_wconf 87' lang='grc' dir='ltr'><strong>μικρὸν</strong></span> <span class='ocrx_word' id='word_1_18' title='bbox 1505 607 1903 671; x_wconf 88' lang='grc' dir='ltr'><strong>ἀναπνέουσαν,</strong></span> <span class='ocrx_word' id='word_1_19' title='bbox 1933 603 2073 689; x_wconf 85' lang='grc' dir='ltr'><strong>ἀλλά</strong></span> 
     </span>
    </p>
   </div>
   <div class='ocr_carea' id='block_1_4' title="bbox 472 688 2073 774">
    <p class='ocr_par' dir='ltr' id='par_1_4' title="bbox 472 688 2073 774">
     <span class='ocr_line' id='line_1_4' title="bbox 472 688 2073 774; baseline -0.011 -16"><span class='ocrx_word' id='word_1_20' title='bbox 472 705 541 759; x_wconf 80' lang='grc' dir='ltr'><strong>δι’</strong></span> <span class='ocrx_word' id='word_1_21' title='bbox 571 703 694 758; x_wconf 80' lang='grc' dir='ltr'><strong>ὅλου</strong></span> <span class='ocrx_word' id='word_1_22' title='bbox 747 688 1070 774; x_wconf 85' lang='grc' dir='ltr'><strong>μαχομένην</strong></span> <span class='ocrx_word' id='word_1_23' title='bbox 1104 698 1329 769; x_wconf 79' lang='grc' dir='ltr'><strong>ἀφίησιν</strong></span> <span class='ocrx_word' id='word_1_24' title='bbox 1374 696 1597 750; x_wconf 76' lang='grc' dir='ltr'><strong>ἑστάναι</strong></span> <span class='ocrx_word' id='word_1_25' title='bbox 1639 689 1927 774; x_wconf 80' lang='grc' dir='ltr'><strong>διηνεκῶς,</strong></span> <span class='ocrx_word' id='word_1_26' title='bbox 1974 688 2073 774; x_wconf 72' lang='grc' dir='ltr'><strong>καὶ</strong></span> 
     </span>
    </p>
   </div>
   <div class='ocr_carea' id='block_1_5' title="bbox 478 770 2073 859">
    <p class='ocr_par' dir='ltr' id='par_1_5' title="bbox 478 770 2073 859">
     <span class='ocr_line' id='line_1_5' title="bbox 478 770 2073 859; baseline -0.012 -17"><span class='ocrx_word' id='word_1_27' title='bbox 478 770 769 859; x_wconf 78' lang='grc' dir='ltr'><strong>βάλλεσθαι</strong></span> <span class='ocrx_word' id='word_1_28' title='bbox 802 770 909 838; x_wconf 79' lang='grc' dir='ltr'><strong>ὑπὸ</strong></span> <span class='ocrx_word' id='word_1_29' title='bbox 939 770 1049 837; x_wconf 85' lang='grc' dir='ltr'><strong>τῶν</strong></span> <span class='ocrx_word' id='word_1_30' title='bbox 1092 779 1423 851; x_wconf 82' lang='grc' dir='ltr'><strong>ἐπιθυμιῶν,</strong></span> <span class='ocrx_word' id='word_1_31' title='bbox 1448 779 1543 832; x_wconf 71' lang='grc' dir='ltr'><strong>καὶ</strong></span> <span class='ocrx_word' id='word_1_32' title='bbox 1575 775 1697 830; x_wconf 77' lang='grc' dir='ltr'><strong>οὐδὲ</strong></span> <span class='ocrx_word' id='word_1_33' title='bbox 1730 773 1945 859; x_wconf 80' lang='grc' dir='ltr'><strong>μικρᾶς</strong></span> <span class='ocrx_word' id='word_1_34' title='bbox 1971 770 2073 859; x_wconf 72' lang='grc' dir='ltr'><strong>αὐ-</strong></span> 
     </span>
    </p>
   </div>
   <div class='ocr_carea' id='block_1_6' title="bbox 476 850 2075 943">
    <p class='ocr_par' dir='ltr' id='par_1_6' title="bbox 476 850 2075 943">
     <span class='ocr_line' id='line_1_6' title="bbox 476 850 2075 943; baseline -0.011 -19"><span class='ocrx_word' id='word_1_35' title='bbox 476 850 575 943; x_wconf 72' lang='grc' dir='ltr'><strong>τὴν</strong></span> <span class='ocrx_word' id='word_1_36' title='bbox 596 866 859 923; x_wconf 74' lang='grc' dir='ltr'><strong>λαϐέσθαι</strong></span> <span class='ocrx_word' id='word_1_37' title='bbox 883 867 1096 920; x_wconf 89' lang='grc' dir='ltr'><strong>δίδωσιν</strong></span> <span class='ocrx_word' id='word_1_38' title='bbox 1129 850 1442 933; x_wconf 82' lang='grc' dir='ltr'><strong>ἀνακωχῆς.</strong></span> <span class='ocrx_word' id='word_1_39' title='bbox 1475 859 1575 914; x_wconf 79' lang='grc' dir='ltr'><strong>Διά</strong></span> <span class='ocrx_word' id='word_1_40' title='bbox 1601 860 1654 912; x_wconf 85' lang='grc' dir='ltr'><strong>τι</strong></span> <span class='ocrx_word' id='word_1_41' title='bbox 1679 858 1791 926; x_wconf 90' lang='grc' dir='ltr'><strong>γάρ</strong></span> <span class='ocrx_word' id='word_1_42' title='bbox 1823 857 1925 910; x_wconf 91' lang='grc' dir='ltr'><strong>οὐκ</strong></span> <span class='ocrx_word' id='word_1_43' title='bbox 1952 850 2075 907; x_wconf 83' lang='grc' dir='ltr'><strong>εἷπε</strong></span> 
     </span>
    </p>
   </div>
   <div class='ocr_carea' id='block_1_7' title="bbox 478 943 2074 1025">
    <p class='ocr_par' dir='ltr' id='par_1_7' title="bbox 478 943 2074 1025">
     <span class='ocr_line' id='line_1_7' title="bbox 478 943 2074 1025; baseline -0.012 -17"><span class='ocrx_word' id='word_1_44' title='bbox 478 957 574 1009; x_wconf 82' lang='grc' dir='ltr'><strong>καὶ</strong></span> <span class='ocrx_word' id='word_1_45' title='bbox 620 954 758 1025; x_wconf 84' lang='grc' dir='ltr'><strong>πρὸς</strong></span> <span class='ocrx_word' id='word_1_46' title='bbox 806 950 1099 1019; x_wconf 57' lang='lat' dir='ltr'><strong>abem-El</strong></span> <span class='ocrx_word' id='word_1_47' title='bbox 1141 946 1211 1000; x_wconf 85' lang='grc' dir='ltr'><strong>δὲ</strong></span> <span class='ocrx_word' id='word_1_48' title='bbox 1257 948 1370 1000; x_wconf 85' lang='grc' dir='ltr'><strong>οὐκ</strong></span> <span class='ocrx_word' id='word_1_49' title='bbox 1410 943 1851 1013; x_wconf 74' lang='grc' dir='ltr'><strong>ἐγκρατεύεται,</strong></span> <span class='ocrx_word' id='word_1_50' title='bbox 1882 954 2074 1025; x_wconf 67' lang='grc' dir='ltr'><strong>γαμη-</strong></span> 
     </span>
    </p>
   </div>
   <div class='ocr_carea' id='block_1_8' title="bbox 479 1020 2073 1102">
    <p class='ocr_par' dir='ltr' id='par_1_8' title="bbox 479 1020 2073 1102">
     <span class='ocr_line' id='line_1_8' title="bbox 479 1020 2073 1102; baseline -0.012 -10"><span class='ocrx_word' id='word_1_51' title='bbox 479 1020 678 1101; x_wconf 79' lang='grc' dir='ltr'><strong>σάτω</strong></span> <span class='ocrx_word' id='word_1_52' title='bbox 718 1036 845 1089; x_wconf 83' lang='grc' dir='ltr'><strong>Ὅτι</strong></span> <span class='ocrx_word' id='word_1_53' title='bbox 889 1032 1013 1086; x_wconf 80' lang='grc' dir='ltr'><strong>οὐδὲ</strong></span> <span class='ocrx_word' id='word_1_54' title='bbox 1054 1031 1193 1102; x_wconf 78' lang='grc' dir='ltr'><strong>πρὸς</strong></span> <span class='ocrx_word' id='word_1_55' title='bbox 1236 1030 1331 1083; x_wconf 87' lang='grc' dir='ltr'><strong>τὸν</strong></span> <span class='ocrx_word' id='word_1_56' title='bbox 1374 1027 1617 1099; x_wconf 86' lang='grc' dir='ltr'><strong>ἀθλητὴν</strong></span> <span class='ocrx_word' id='word_1_57' title='bbox 1666 1025 1813 1077; x_wconf 85' lang='grc' dir='ltr'><strong>εῖποι</strong></span> <span class='ocrx_word' id='word_1_58' title='bbox 1862 1038 1949 1085; x_wconf 90' lang='grc' dir='ltr'><strong>τις</strong></span> <span class='ocrx_word' id='word_1_59' title='bbox 2006 1020 2073 1074; x_wconf 83' lang='grc' dir='ltr'><strong>ἂν</strong></span> 
     </span>
    </p>
   </div>
   <div class='ocr_carea' id='block_1_9' title="bbox 483 1103 2075 1191">
    <p class='ocr_par' dir='ltr' id='par_1_9' title="bbox 483 1103 2075 1191">
     <span class='ocr_line' id='line_1_9' title="bbox 483 1103 2075 1191; baseline -0.011 -17"><span class='ocrx_word' id='word_1_60' title='bbox 483 1122 622 1191; x_wconf 87' lang='grc' dir='ltr'><strong>μετά</strong></span> <span class='ocrx_word' id='word_1_61' title='bbox 648 1120 709 1173; x_wconf 90' lang='grc' dir='ltr'><strong>τὸ</strong></span> <span class='ocrx_word' id='word_1_62' title='bbox 739 1117 892 1191; x_wconf 79' lang='grc' dir='ltr'><strong>ῥίψαι</strong></span> <span class='ocrx_word' id='word_1_63' title='bbox 918 1116 981 1168; x_wconf 90' lang='grc' dir='ltr'><strong>τὸ</strong></span> <span class='ocrx_word' id='word_1_64' title='bbox 1014 1115 1252 1186; x_wconf 75' lang='grc' dir='ltr'><strong>ἱμάτιον,</strong></span> <span class='ocrx_word' id='word_1_65' title='bbox 1285 1112 1382 1166; x_wconf 74' lang='grc' dir='ltr'><strong>καὶ</strong></span> <span class='ocrx_word' id='word_1_66' title='bbox 1407 1108 1757 1181; x_wconf 80' lang='grc' dir='ltr'><strong>ἀλείψασθαι,</strong></span> <span class='ocrx_word' id='word_1_67' title='bbox 1781 1106 1878 1191; x_wconf 78' lang='grc' dir='ltr'><strong>καὶ</strong></span> <span class='ocrx_word' id='word_1_68' title='bbox 1911 1106 1991 1191; x_wconf 76' lang='grc' dir='ltr'><strong>είς</strong></span> <span class='ocrx_word' id='word_1_69' title='bbox 2014 1103 2075 1157; x_wconf 90' lang='grc' dir='ltr'><strong>τὸ</strong></span> 
     </span>
    </p>
   </div>
   <div class='ocr_carea' id='block_1_10' title="bbox 483 1189 2072 1264">
    <p class='ocr_par' dir='ltr' id='par_1_10' title="bbox 483 1189 2072 1264">
     <span class='ocr_line' id='line_1_10' title="bbox 483 1189 2072 1264; baseline -0.012 -5"><span class='ocrx_word' id='word_1_70' title='bbox 483 1204 696 1259; x_wconf 80' lang='grc' dir='ltr'><strong>στάδιον</strong></span> <span class='ocrx_word' id='word_1_71' title='bbox 741 1189 1035 1264; x_wconf 64' lang='grc' dir='ltr'><strong>εἰσελθεῖν,</strong></span> <span class='ocrx_word' id='word_1_72' title='bbox 1082 1199 1179 1252; x_wconf 78' lang='grc' dir='ltr'><strong>καὶ</strong></span> <span class='ocrx_word' id='word_1_73' title='bbox 1238 1194 1694 1251; x_wconf 86' lang='grc' dir='ltr'><strong>καταπάσσεσθαι</strong></span> <span class='ocrx_word' id='word_1_74' title='bbox 1746 1190 1849 1263; x_wconf 79' lang='grc' dir='ltr'><strong>τὴν</strong></span> <span class='ocrx_word' id='word_1_75' title='bbox 1901 1189 2072 1251; x_wconf 83' lang='grc' dir='ltr'><strong>κόνιν,</strong></span> 
     </span>
    </p>
   </div>
   <div class='ocr_carea' id='block_1_11' title="bbox 493 1272 2075 1357">
    <p class='ocr_par' dir='ltr' id='par_1_11' title="bbox 493 1272 2075 1357">
     <span class='ocr_line' id='line_1_11' title="bbox 493 1272 2075 1357; baseline -0.01 -17"><span class='ocrx_word' id='word_1_76' title='bbox 493 1285 808 1357; x_wconf 77' lang='grc' dir='ltr'><strong>’Δπόστηθι,</strong></span> <span class='ocrx_word' id='word_1_77' title='bbox 842 1284 939 1338; x_wconf 71' lang='grc' dir='ltr'><strong>καὶ</strong></span> <span class='ocrx_word' id='word_1_78' title='bbox 958 1283 1098 1352; x_wconf 84' lang='grc' dir='ltr'>φύγε</span> <span class='ocrx_word' id='word_1_79' title='bbox 1118 1280 1210 1335; x_wconf 87' lang='grc' dir='ltr'><strong>τὸν</strong></span> <span class='ocrx_word' id='word_1_80' title='bbox 1250 1278 1662 1348; x_wconf 76' lang='grc' dir='ltr'><strong>ἀνταγωνιστήν</strong></span> <span class='ocrx_word' id='word_1_81' title='bbox 1681 1290 1695 1305; x_wconf 81' lang='grc'>⁶</span> <span class='ocrx_word' id='word_1_82' title='bbox 1720 1273 1836 1329; x_wconf 87' lang='grc' dir='ltr'><strong>ἀλλ’</strong></span> <span class='ocrx_word' id='word_1_83' title='bbox 1862 1272 2075 1357; x_wconf 88' lang='grc' dir='ltr'><strong>ἀνάγκη</strong></span> 
     </span>
    </p>
   </div>
   <div class='ocr_carea' id='block_1_12' title="bbox 479 1356 2079 1435">
    <p class='ocr_par' dir='ltr' id='par_1_12' title="bbox 479 1356 2079 1435">
     <span class='ocr_line' id='line_1_12' title="bbox 479 1356 2079 1435; baseline -0.011 -11"><span class='ocrx_word' id='word_1_84' title='bbox 479 1370 665 1424; x_wconf 77' lang='grc' dir='ltr'><strong>λοιπὸν</strong></span> <span class='ocrx_word' id='word_1_85' title='bbox 708 1356 856 1422; x_wconf 81' lang='grc' dir='ltr'>δυοῖν</span> <span class='ocrx_word' id='word_1_86' title='bbox 906 1366 1172 1435; x_wconf 89' lang='grc' dir='ltr'><strong>θάτερον.</strong></span> <span class='ocrx_word' id='word_1_87' title='bbox 1206 1363 1239 1434; x_wconf 82' lang='grc' dir='ltr'><strong>ἦ</strong></span> <span class='ocrx_word' id='word_1_88' title='bbox 1282 1360 1723 1431; x_wconf 80' lang='grc' dir='ltr'><strong>στεφανωθέντα,</strong></span> <span class='ocrx_word' id='word_1_89' title='bbox 1760 1358 1794 1429; x_wconf 79' lang='grc' dir='ltr'>ἢ</span> <span class='ocrx_word' id='word_1_90' title='bbox 1838 1356 2079 1411; x_wconf 75' lang='grc' dir='ltr'><strong>πεσόντα</strong></span> 
     </span>
    </p>
   </div>
   <div class='ocr_carea' id='block_1_13' title="bbox 480 1438 2077 1521">
    <p class='ocr_par' dir='ltr' id='par_1_13' title="bbox 480 1438 2077 1521">
     <span class='ocr_line' id='line_1_13' title="bbox 480 1438 2077 1521; baseline -0.011 -14"><span class='ocrx_word' id='word_1_91' title='bbox 480 1455 575 1507; x_wconf 70' lang='grc' dir='ltr'><strong>καὶ</strong></span> <span class='ocrx_word' id='word_1_92' title='bbox 615 1450 1081 1521; x_wconf 86' lang='grc' dir='ltr'><strong>καταισχυνθέντα</strong></span> <span class='ocrx_word' id='word_1_93' title='bbox 1135 1446 1414 1500; x_wconf 81' lang='grc' dir='ltr'><strong>ἀπελθεῖν.</strong></span> <span class='ocrx_word' id='word_1_94' title='bbox 1461 1444 1550 1497; x_wconf 88' lang='grc' dir='ltr'><strong>Ἐν</strong></span> <span class='ocrx_word' id='word_1_95' title='bbox 1594 1438 1936 1512; x_wconf 78' lang='grc' dir='ltr'><strong>παιδοτρίόῳ</strong></span> <span class='ocrx_word' id='word_1_96' title='bbox 1978 1438 2077 1509; x_wconf 86' lang='grc' dir='ltr'><strong>μὲν</strong></span> 
     </span>
    </p>
   </div>
   <div class='ocr_carea' id='block_1_14' title="bbox 480 1522 2079 1608">
    <p class='ocr_par' dir='ltr' id='par_1_14' title="bbox 480 1522 2079 1608">
     <span class='ocr_line' id='line_1_14' title="bbox 480 1522 2079 1608; baseline -0.011 -18"><span class='ocrx_word' id='word_1_97' title='bbox 480 1537 591 1608; x_wconf 83' lang='grc' dir='ltr'><strong>γὰρ</strong></span> <span class='ocrx_word' id='word_1_98' title='bbox 629 1536 726 1588; x_wconf 68' lang='grc' dir='ltr'><strong>καὶ</strong></span> <span class='ocrx_word' id='word_1_99' title='bbox 752 1533 1085 1604; x_wconf 79' lang='grc' dir='ltr'><strong>παλαίστρᾳ,</strong></span> <span class='ocrx_word' id='word_1_100' title='bbox 1115 1531 1250 1584; x_wconf 79' lang='grc' dir='ltr'><strong>ὅπου</strong></span> <span class='ocrx_word' id='word_1_101' title='bbox 1312 1528 1449 1598; x_wconf 90' lang='grc' dir='ltr'><strong>πρὸς</strong></span> <span class='ocrx_word' id='word_1_102' title='bbox 1475 1527 1604 1589; x_wconf 84' lang='grc' dir='ltr'><strong>τοὺς</strong></span> <span class='ocrx_word' id='word_1_103' title='bbox 1652 1524 1889 1587; x_wconf 80' lang='grc' dir='ltr'><strong>οἰκείους</strong></span> <span class='ocrx_word' id='word_1_104' title='bbox 1921 1522 2079 1608; x_wconf 17' lang='grc' dir='ltr'><strong>ηξγυ-</strong></span> 
     </span>
    </p>
   </div>
   <div class='ocr_carea' id='block_1_15' title="bbox 485 1606 2090 1692">
    <p class='ocr_par' dir='ltr' id='par_1_15' title="bbox 485 1606 2090 1692">
     <span class='ocr_line' id='line_1_15' title="bbox 485 1606 2090 1692; baseline -0.011 -17"><span class='ocrx_word' id='word_1_105' title='bbox 485 1606 707 1692; x_wconf 84' lang='grc' dir='ltr'><strong>μνασία,</strong></span> <span class='ocrx_word' id='word_1_106' title='bbox 744 1619 838 1672; x_wconf 79' lang='grc' dir='ltr'><strong>καὶ</strong></span> <span class='ocrx_word' id='word_1_107' title='bbox 869 1619 982 1680; x_wconf 86' lang='grc' dir='ltr'><strong>τοῖς</strong></span> <span class='ocrx_word' id='word_1_108' title='bbox 1001 1615 1175 1686; x_wconf 80' lang='grc' dir='ltr'><strong>φίλοις</strong></span> <span class='ocrx_word' id='word_1_109' title='bbox 1200 1610 1349 1684; x_wconf 71' lang='lat'><strong>[298]</strong></span> <span class='ocrx_word' id='word_1_110' title='bbox 1380 1611 1455 1675; x_wconf 87' lang='grc' dir='ltr'><strong>ὼς</strong></span> <span class='ocrx_word' id='word_1_111' title='bbox 1471 1608 1736 1672; x_wconf 78' lang='grc' dir='ltr'><strong>ἐναντίοις</strong></span> <span class='ocrx_word' id='word_1_112' title='bbox 1766 1606 2090 1692; x_wconf 69' lang='grc' dir='ltr'><strong>συμπλέκε-ἱ</strong></span> 
     </span>
    </p>
   </div>
   <div class='ocr_carea' id='block_1_16' title="bbox 481 1675 2088 1767">
    <p class='ocr_par' dir='ltr' id='par_1_16' title="bbox 481 1675 2088 1767">
     <span class='ocr_line' id='line_1_16' title="bbox 481 1675 2088 1767; baseline -0.01 -9"><span class='ocrx_word' id='word_1_113' title='bbox 481 1721 592 1766; x_wconf 90' lang='grc' dir='ltr'><strong>ται,</strong></span> <span class='ocrx_word' id='word_1_114' title='bbox 625 1704 720 1757; x_wconf 79' lang='grc' dir='ltr'><strong>καὶ</strong></span> <span class='ocrx_word' id='word_1_115' title='bbox 766 1700 862 1754; x_wconf 84' lang='grc' dir='ltr'><strong>τοῦ</strong></span> <span class='ocrx_word' id='word_1_116' title='bbox 904 1702 1085 1753; x_wconf 84' lang='grc' dir='ltr'><strong>πονεῖν</strong></span> <span class='ocrx_word' id='word_1_117' title='bbox 1133 1695 1345 1751; x_wconf 76' lang='grc' dir='ltr'><strong>καὶτοῦ</strong></span> <span class='ocrx_word' id='word_1_118' title='bbox 1386 1693 1463 1767; x_wconf 79' lang='grc' dir='ltr'><strong>μὴ</strong></span> <span class='ocrx_word' id='word_1_119' title='bbox 1509 1695 1696 1750; x_wconf 85' lang='grc' dir='ltr'><strong>πονεῖν</strong></span> <span class='ocrx_word' id='word_1_120' title='bbox 1748 1689 1915 1754; x_wconf 88' lang='grc' dir='ltr'><strong>αὐτός</strong></span> <span class='ocrx_word' id='word_1_121' title='bbox 1957 1675 2088 1743; x_wconf 76' lang='grc' dir='ltr'><strong>ἐστι’</strong></span> 
     </span>
    </p>
   </div>
   <div class='ocr_carea' id='block_1_17' title="bbox 483 1772 2078 1860">
    <p class='ocr_par' dir='ltr' id='par_1_17' title="bbox 483 1772 2078 1860">
     <span class='ocr_line' id='line_1_17' title="bbox 483 1772 2078 1860; baseline -0.009 -19"><span class='ocrx_word' id='word_1_122' title='bbox 483 1787 699 1860; x_wconf 80' lang='grc' dir='ltr'><strong>κύριος’</strong></span> <span class='ocrx_word' id='word_1_123' title='bbox 740 1786 870 1838; x_wconf 85' lang='grc' dir='ltr'><strong>ὃταν</strong></span> <span class='ocrx_word' id='word_1_124' title='bbox 917 1784 975 1836; x_wconf 81' lang='grc' dir='ltr'><strong>δὲ</strong></span> <span class='ocrx_word' id='word_1_125' title='bbox 1005 1778 1417 1853; x_wconf 73' lang='grc' dir='ltr'><strong>ἀπογράψηται,</strong></span> <span class='ocrx_word' id='word_1_126' title='bbox 1455 1778 1552 1833; x_wconf 77' lang='grc' dir='ltr'><strong>καὶ</strong></span> <span class='ocrx_word' id='word_1_127' title='bbox 1585 1776 1818 1860; x_wconf 78' lang='grc' dir='ltr'><strong>συλλεγῇ</strong></span> <span class='ocrx_word' id='word_1_128' title='bbox 1860 1773 1922 1860; x_wconf 83' lang='grc' dir='ltr'><strong>τὸ</strong></span> <span class='ocrx_word' id='word_1_129' title='bbox 1949 1772 2078 1860; x_wconf 80' lang='grc' dir='ltr'><strong>θέα-</strong></span> 
     </span>
    </p>
   </div>
   <div class='ocr_carea' id='block_1_18' title="bbox 482 1857 2074 1942">
    <p class='ocr_par' dir='ltr' id='par_1_18' title="bbox 482 1857 2074 1942">
     <span class='ocr_line' id='line_1_18' title="bbox 482 1857 2074 1942; baseline -0.009 -18"><span class='ocrx_word' id='word_1_130' title='bbox 482 1857 628 1942; x_wconf 81' lang='grc' dir='ltr'><strong>τρον,</strong></span> <span class='ocrx_word' id='word_1_131' title='bbox 675 1868 771 1922; x_wconf 74' lang='grc' dir='ltr'><strong>καὶ</strong></span> <span class='ocrx_word' id='word_1_132' title='bbox 809 1868 838 1919; x_wconf 82' lang='grc' dir='ltr'>ὁ</span> <span class='ocrx_word' id='word_1_133' title='bbox 874 1864 1221 1935; x_wconf 84' lang='grc' dir='ltr'><strong>ἀγωνοθέτης</strong></span> <span class='ocrx_word' id='word_1_134' title='bbox 1259 1865 1444 1933; x_wconf 85' lang='grc' dir='ltr'><strong>παρῇ,</strong></span> <span class='ocrx_word' id='word_1_135' title='bbox 1484 1863 1578 1916; x_wconf 69' lang='grc' dir='ltr'><strong>καὶ</strong></span> <span class='ocrx_word' id='word_1_136' title='bbox 1616 1862 1665 1915; x_wconf 90' lang='grc' dir='ltr'><strong>οί</strong></span> <span class='ocrx_word' id='word_1_137' title='bbox 1707 1858 1900 1913; x_wconf 78' lang='grc' dir='ltr'><strong>θεαταὶ</strong></span> <span class='ocrx_word' id='word_1_138' title='bbox 1947 1857 2074 1910; x_wconf 58' lang='grc' dir='ltr'><strong>καθα</strong></span> 
     </span>
    </p>
   </div>
   <div class='ocr_carea' id='block_1_19' title="bbox 484 1942 2081 2019">
    <p class='ocr_par' dir='ltr' id='par_1_19' title="bbox 484 1942 2081 2019">
     <span class='ocr_line' id='line_1_19' title="bbox 484 1942 2081 2019; baseline -0.006 -16"><span class='ocrx_word' id='word_1_139' title='bbox 484 1952 735 2016; x_wconf 73' lang='grc' dir='ltr'><strong>έζωνταε,</strong></span> <span class='ocrx_word' id='word_1_140' title='bbox 770 1950 864 2004; x_wconf 74' lang='grc' dir='ltr'><strong>καὶ</strong></span> <span class='ocrx_word' id='word_1_141' title='bbox 892 1950 1182 2019; x_wconf 82' lang='grc' dir='ltr'><strong>εἰσάγηται</strong></span> <span class='ocrx_word' id='word_1_142' title='bbox 1213 1948 1242 2000; x_wconf 85' lang='grc' dir='ltr'><strong>ὁ</strong></span> <span class='ocrx_word' id='word_1_143' title='bbox 1272 1944 1684 2015; x_wconf 86' lang='grc' dir='ltr'><strong>ἀνταγωνιστὴς</strong></span> <span class='ocrx_word' id='word_1_144' title='bbox 1716 1942 1812 1996; x_wconf 76' lang='grc' dir='ltr'><strong>καὶ</strong></span> <span class='ocrx_word' id='word_1_145' title='bbox 1850 1942 2081 1994; x_wconf 86' lang='grc' dir='ltr'><strong>ἀντιπα-</strong></span> 
     </span>
    </p>
   </div>
   <div class='ocr_carea' id='block_1_20' title="bbox 484 2024 2083 2108">
    <p class='ocr_par' dir='ltr' id='par_1_20' title="bbox 484 2024 2083 2108">
     <span class='ocr_line' id='line_1_20' title="bbox 484 2024 2083 2108; baseline -0.009 -17"><span class='ocrx_word' id='word_1_146' title='bbox 484 2037 837 2108; x_wconf 83' lang='grc' dir='ltr'><strong>ρατάττηται,</strong></span> <span class='ocrx_word' id='word_1_147' title='bbox 870 2034 968 2104; x_wconf 80' lang='grc' dir='ltr'><strong>τὴν</strong></span> <span class='ocrx_word' id='word_1_148' title='bbox 996 2032 1248 2098; x_wconf 78' lang='grc' dir='ltr'><strong>ἐξουσίαν</strong></span> <span class='ocrx_word' id='word_1_149' title='bbox 1279 2028 1443 2083; x_wconf 86' lang='grc' dir='ltr'><strong>αὐτὸν</strong></span> <span class='ocrx_word' id='word_1_150' title='bbox 1478 2029 1508 2081; x_wconf 85' lang='grc' dir='ltr'>ὁ</span> <span class='ocrx_word' id='word_1_151' title='bbox 1540 2026 1651 2080; x_wconf 86' lang='grc' dir='ltr'><strong>τῶν</strong></span> <span class='ocrx_word' id='word_1_152' title='bbox 1673 2024 1904 2094; x_wconf 86' lang='grc' dir='ltr'><strong>ἀγώνων</strong></span> <span class='ocrx_word' id='word_1_153' title='bbox 1938 2040 2083 2095; x_wconf 60' lang='grc' dir='ltr'><strong>παρα</strong></span> 
     </span>
    </p>
   </div>
   <div class='ocr_carea' id='block_1_21' title="bbox 488 2106 2081 2197">
    <p class='ocr_par' dir='ltr' id='par_1_21' title="bbox 488 2106 2081 2197">
     <span class='ocr_line' id='line_1_21' title="bbox 488 2106 2081 2197; baseline -0.009 -23"><span class='ocrx_word' id='word_1_154' title='bbox 488 2106 892 2197; x_wconf 60' lang='grc' dir='ltr'><strong>ᾕρηταινόμος.</strong></span> <span class='ocrx_word' id='word_1_155' title='bbox 934 2117 1044 2169; x_wconf 74' lang='grc' dir='ltr'><strong>Καὶ</strong></span> <span class='ocrx_word' id='word_1_156' title='bbox 1090 2117 1157 2185; x_wconf 82' lang='grc' dir='ltr'><strong>τῇ</strong></span> <span class='ocrx_word' id='word_1_157' title='bbox 1205 2112 1463 2183; x_wconf 79' lang='grc' dir='ltr'><strong>παρθένῳ</strong></span> <span class='ocrx_word' id='word_1_158' title='bbox 1498 2111 1681 2197; x_wconf 72' lang='grc' dir='ltr'><strong>τοίνυν</strong></span> <span class='ocrx_word' id='word_1_159' title='bbox 1730 2109 1837 2172; x_wconf 79' lang='grc' dir='ltr'><strong>ἓως</strong></span> <span class='ocrx_word' id='word_1_160' title='bbox 1883 2107 1983 2180; x_wconf 83' lang='grc' dir='ltr'><strong>μὲν</strong></span> <span class='ocrx_word' id='word_1_161' title='bbox 2015 2106 2081 2161; x_wconf 87' lang='grc' dir='ltr'><strong>ἂν</strong></span> 
     </span>
    </p>
   </div>
   <div class='ocr_carea' id='block_1_22' title="bbox 487 2192 2081 2277">
    <p class='ocr_par' dir='ltr' id='par_1_22' title="bbox 487 2192 2081 2277">
     <span class='ocr_line' id='line_1_22' title="bbox 487 2192 2081 2277; baseline -0.01 -17"><span class='ocrx_word' id='word_1_162' title='bbox 487 2192 798 2277; x_wconf 68' lang='grc' dir='ltr'><strong>βουλεύοιτο</strong></span> <span class='ocrx_word' id='word_1_163' title='bbox 838 2202 1104 2273; x_wconf 82' lang='grc' dir='ltr'><strong>πρότερον</strong></span> <span class='ocrx_word' id='word_1_164' title='bbox 1161 2200 1209 2251; x_wconf 89' lang='grc' dir='ltr'><strong>εί</strong></span> <span class='ocrx_word' id='word_1_165' title='bbox 1260 2197 1371 2251; x_wconf 88' lang='grc' dir='ltr'><strong>δέοι</strong></span> <span class='ocrx_word' id='word_1_166' title='bbox 1410 2197 1611 2266; x_wconf 83' lang='grc' dir='ltr'><strong>γαμεῖν</strong></span> <span class='ocrx_word' id='word_1_167' title='bbox 1640 2192 1678 2266; x_wconf 65' lang='grc' dir='ltr'>ἢ</span> <span class='ocrx_word' id='word_1_168' title='bbox 1735 2193 1811 2264; x_wconf 80' lang='grc' dir='ltr'><strong>μὴ</strong></span> <span class='ocrx_word' id='word_1_169' title='bbox 1861 2193 2081 2277; x_wconf 84' lang='grc' dir='ltr'><strong>γαμεῖν,</strong></span> 
     </span>
    </p>
   </div>
   <div class='ocr_carea' id='block_1_23' title="bbox 485 2276 2084 2355">
    <p class='ocr_par' dir='ltr' id='par_1_23' title="bbox 485 2276 2084 2355">
     <span class='ocr_line' id='line_1_23' title="bbox 485 2276 2084 2355; baseline -0.011 -10"><span class='ocrx_word' id='word_1_170' title='bbox 485 2276 770 2351; x_wconf 85' lang='grc' dir='ltr'><strong>ἀκίνδυνος</strong></span> <span class='ocrx_word' id='word_1_171' title='bbox 802 2289 830 2340; x_wconf 87' lang='grc' dir='ltr'>ὁ</span> <span class='ocrx_word' id='word_1_172' title='bbox 860 2287 1057 2355; x_wconf 81' lang='grc' dir='ltr'><strong>γάμος,</strong></span> <span class='ocrx_word' id='word_1_173' title='bbox 1096 2282 1317 2335; x_wconf 80' lang='grc' dir='ltr'><strong>ἐπειδὰν</strong></span> <span class='ocrx_word' id='word_1_174' title='bbox 1359 2279 1418 2333; x_wconf 85' lang='grc' dir='ltr'><strong>δὲ</strong></span> <span class='ocrx_word' id='word_1_175' title='bbox 1452 2279 1642 2347; x_wconf 69' lang='grc' dir='ltr'><strong>ἕληται</strong></span> <span class='ocrx_word' id='word_1_176' title='bbox 1689 2278 1785 2331; x_wconf 72' lang='grc' dir='ltr'><strong>καὶ</strong></span> <span class='ocrx_word' id='word_1_177' title='bbox 1833 2276 2084 2345; x_wconf 88' lang='grc' dir='ltr'><strong>ἀπογρά-</strong></span> 
     </span>
    </p>
   </div>
   <div class='ocr_carea' id='block_1_24' title="bbox 484 2354 2085 2447">
    <p class='ocr_par' dir='ltr' id='par_1_24' title="bbox 484 2354 2085 2447">
     <span class='ocr_line' id='line_1_24' title="bbox 484 2354 2085 2447; baseline -0.011 -18"><span class='ocrx_word' id='word_1_178' title='bbox 484 2376 677 2447; x_wconf 69' lang='grc' dir='ltr'><strong>ψηται,</strong></span> <span class='ocrx_word' id='word_1_179' title='bbox 734 2354 1029 2440; x_wconf 77' lang='grc' dir='ltr'><strong>εἰσήγαγεν</strong></span> <span class='ocrx_word' id='word_1_180' title='bbox 1081 2366 1282 2436; x_wconf 81' lang='grc' dir='ltr'><strong>ἑαυτὴν</strong></span> <span class='ocrx_word' id='word_1_181' title='bbox 1321 2367 1403 2428; x_wconf 84' lang='grc' dir='ltr'><strong>είς</strong></span> <span class='ocrx_word' id='word_1_182' title='bbox 1445 2362 1509 2416; x_wconf 90' lang='grc' dir='ltr'><strong>τὸ</strong></span> <span class='ocrx_word' id='word_1_183' title='bbox 1558 2361 1793 2416; x_wconf 89' lang='grc' dir='ltr'><strong>στάδιον.</strong></span> <span class='ocrx_word' id='word_1_184' title='bbox 1848 2359 1945 2423; x_wconf 91' lang='grc' dir='ltr'><strong>Τίς</strong></span> <span class='ocrx_word' id='word_1_185' title='bbox 1992 2354 2085 2413; x_wconf 83' lang='grc' dir='ltr'><strong>οὐν</strong></span> 
     </span>
    </p>
   </div>
   <div class='ocr_carea' id='block_1_25' title="bbox 484 2444 2089 2531">
    <p class='ocr_par' dir='ltr' id='par_1_25' title="bbox 484 2444 2089 2531">
     <span class='ocr_line' id='line_1_25' title="bbox 484 2444 2089 2531; baseline -0.01 -18"><span class='ocrx_word' id='word_1_186' title='bbox 484 2444 768 2531; x_wconf 76' lang='grc' dir='ltr'><strong>τολμήσει,</strong></span> <span class='ocrx_word' id='word_1_187' title='bbox 797 2455 892 2507; x_wconf 82' lang='grc' dir='ltr'><strong>τοῦ</strong></span> <span class='ocrx_word' id='word_1_188' title='bbox 926 2453 1156 2524; x_wconf 82' lang='grc' dir='ltr'><strong>θεάτρου</strong></span> <span class='ocrx_word' id='word_1_189' title='bbox 1186 2446 1659 2521; x_wconf 84' lang='grc' dir='ltr'><strong>συγκροτουμένου</strong></span> <span class='ocrx_word' id='word_1_190' title='bbox 1702 2447 1796 2500; x_wconf 76' lang='grc' dir='ltr'><strong>καὶ</strong></span> <span class='ocrx_word' id='word_1_191' title='bbox 1826 2444 2089 2517; x_wconf 88' lang='grc' dir='ltr'><strong>θεωρούν-</strong></span> 
     </span>
    </p>
   </div>
   <div class='ocr_carea' id='block_1_26' title="bbox 486 2528 2085 2613">
    <p class='ocr_par' dir='ltr' id='par_1_26' title="bbox 486 2528 2085 2613">
     <span class='ocr_line' id='line_1_26' title="bbox 486 2528 2085 2613; baseline -0.01 -16"><span class='ocrx_word' id='word_1_192' title='bbox 486 2528 597 2597; x_wconf 87' lang='grc' dir='ltr'><strong>των</strong></span> <span class='ocrx_word' id='word_1_193' title='bbox 643 2528 742 2613; x_wconf 83' lang='grc' dir='ltr'><strong>μὲν</strong></span> <span class='ocrx_word' id='word_1_194' title='bbox 792 2537 1003 2593; x_wconf 85' lang='grc' dir='ltr'><strong>ἄνωθεν</strong></span> <span class='ocrx_word' id='word_1_195' title='bbox 1048 2535 1321 2605; x_wconf 84' lang='grc' dir='ltr'><strong>ἀγγέλων,</strong></span> <span class='ocrx_word' id='word_1_196' title='bbox 1373 2530 1846 2601; x_wconf 83' lang='grc' dir='ltr'><strong>ἀγωνοθετοῦντος</strong></span> <span class='ocrx_word' id='word_1_197' title='bbox 1888 2528 1947 2581; x_wconf 86' lang='grc' dir='ltr'><strong>δὲ</strong></span> <span class='ocrx_word' id='word_1_198' title='bbox 1990 2528 2085 2582; x_wconf 83' lang='grc' dir='ltr'><strong>τοῦ</strong></span> 
     </span>
    </p>
   </div>
   <div class='ocr_carea' id='block_1_27' title="bbox 486 2614 2086 2696">
    <p class='ocr_par' dir='ltr' id='par_1_27' title="bbox 486 2614 2086 2696">
     <span class='ocr_line' id='line_1_27' title="bbox 486 2614 2086 2696; baseline -0.009 -15"><span class='ocrx_word' id='word_1_199' title='bbox 486 2625 747 2696; x_wconf 83' lang='grc' dir='ltr'><strong>Χριστοῦ,</strong></span> <span class='ocrx_word' id='word_1_200' title='bbox 785 2621 1110 2694; x_wconf 83' lang='grc' dir='ltr'><strong>μαινομένου</strong></span> <span class='ocrx_word' id='word_1_201' title='bbox 1140 2618 1198 2673; x_wconf 76' lang='grc' dir='ltr'><strong>δὲ</strong></span> <span class='ocrx_word' id='word_1_202' title='bbox 1226 2616 1320 2672; x_wconf 88' lang='grc' dir='ltr'><strong>τοῦ</strong></span> <span class='ocrx_word' id='word_1_203' title='bbox 1350 2615 1598 2670; x_wconf 79' lang='grc' dir='ltr'><strong>διαὸόλου</strong></span> <span class='ocrx_word' id='word_1_204' title='bbox 1640 2615 1736 2669; x_wconf 74' lang='grc' dir='ltr'><strong>καὶ</strong></span> <span class='ocrx_word' id='word_1_205' title='bbox 1763 2614 2086 2687; x_wconf 76' lang='grc' dir='ltr'><strong>τρίζοντοςι</strong></span> 
     </span>
    </p>
   </div>
   <div class='ocr_carea' id='block_1_28' title="bbox 487 2699 2089 2781">
    <p class='ocr_par' dir='ltr' id='par_1_28' title="bbox 487 2699 2089 2781">
     <span class='ocr_line' id='line_1_28' title="bbox 487 2699 2089 2781; baseline -0.008 -16"><span class='ocrx_word' id='word_1_206' title='bbox 487 2711 584 2765; x_wconf 75' lang='grc' dir='ltr'><strong>καὶ</strong></span> <span class='ocrx_word' id='word_1_207' title='bbox 613 2706 1066 2781; x_wconf 82' lang='grc' dir='ltr'><strong>συμπλεκομένου</strong></span> <span class='ocrx_word' id='word_1_208' title='bbox 1103 2703 1240 2774; x_wconf 81' lang='grc' dir='ltr'><strong>πρὸς</strong></span> <span class='ocrx_word' id='word_1_209' title='bbox 1267 2702 1368 2773; x_wconf 82' lang='grc' dir='ltr'><strong>τὴν</strong></span> <span class='ocrx_word' id='word_1_210' title='bbox 1401 2700 1583 2771; x_wconf 86' lang='grc' dir='ltr'><strong>πάλην</strong></span> <span class='ocrx_word' id='word_1_211' title='bbox 1623 2700 1718 2753; x_wconf 76' lang='grc' dir='ltr'><strong>καὶ</strong></span> <span class='ocrx_word' id='word_1_212' title='bbox 1755 2699 1926 2771; x_wconf 88' lang='grc' dir='ltr'><strong>μέσου</strong></span> <span class='ocrx_word' id='word_1_213' title='bbox 1951 2715 2089 2753; x_wconf 87' lang='grc' dir='ltr'><strong>κατ-</strong></span> 
     </span>
    </p>
   </div>
   <div class='ocr_carea' id='block_1_29' title="bbox 487 2782 2090 2866">
    <p class='ocr_par' dir='ltr' id='par_1_29' title="bbox 487 2782 2090 2866">
     <span class='ocr_line' id='line_1_29' title="bbox 487 2782 2090 2866; baseline -0.006 -19"><span class='ocrx_word' id='word_1_214' title='bbox 487 2793 749 2866; x_wconf 85' lang='grc' dir='ltr'><strong>εχομένου</strong></span> <span class='ocrx_word' id='word_1_215' title='bbox 775 2830 789 2855; x_wconf 90' lang='grc'><strong>,</strong></span> <span class='ocrx_word' id='word_1_216' title='bbox 853 2787 1139 2859; x_wconf 84' lang='grc' dir='ltr'><strong>παρελθὼν</strong></span> <span class='ocrx_word' id='word_1_217' title='bbox 1191 2788 1272 2849; x_wconf 84' lang='grc' dir='ltr'><strong>είς</strong></span> <span class='ocrx_word' id='word_1_218' title='bbox 1320 2786 1489 2856; x_wconf 86' lang='grc' dir='ltr'><strong>μέσον</strong></span> <span class='ocrx_word' id='word_1_219' title='bbox 1535 2784 1745 2837; x_wconf 70' lang='grc' dir='ltr'><strong>εἰπεῖν’</strong></span> <span class='ocrx_word' id='word_1_220' title='bbox 1801 2782 1949 2851; x_wconf 75' lang='grc' dir='ltr'><strong>Φύγε</strong></span> <span class='ocrx_word' id='word_1_221' title='bbox 1996 2782 2090 2837; x_wconf 87' lang='grc' dir='ltr'><strong>τὸν</strong></span> 
     </span>
    </p>
   </div>
   <div class='ocr_carea' id='block_1_30' title="bbox 488 2866 2089 2950">
    <p class='ocr_par' dir='ltr' id='par_1_30' title="bbox 488 2866 2089 2950">
     <span class='ocr_line' id='line_1_30' title="bbox 488 2866 2089 2950; baseline -0.01 -17"><span class='ocrx_word' id='word_1_222' title='bbox 488 2877 707 2950; x_wconf 74' lang='grc' dir='ltr'><strong>ἐχθρὸν,</strong></span> <span class='ocrx_word' id='word_1_223' title='bbox 751 2874 900 2938; x_wconf 73' lang='grc' dir='ltr'><strong>ἔνδος</strong></span> <span class='ocrx_word' id='word_1_224' title='bbox 935 2874 1050 2936; x_wconf 89' lang='grc' dir='ltr'><strong>τοῖς</strong></span> <span class='ocrx_word' id='word_1_225' title='bbox 1088 2872 1294 2933; x_wconf 85' lang='grc' dir='ltr'><strong>πόνοις,</strong></span> <span class='ocrx_word' id='word_1_226' title='bbox 1334 2866 1604 2938; x_wconf 76' lang='grc' dir='ltr'><strong>ἀπόστηθι</strong></span> <span class='ocrx_word' id='word_1_227' title='bbox 1643 2866 1744 2938; x_wconf 84' lang='grc' dir='ltr'><strong>τῆς</strong></span> <span class='ocrx_word' id='word_1_228' title='bbox 1782 2866 2089 2950; x_wconf 30' lang='grc' dir='ltr'><strong>λαβῆς-μὴ</strong></span> 
     </span>
    </p>
   </div>
   <div class='ocr_carea' id='block_1_31' title="bbox 488 2947 2092 3032">
    <p class='ocr_par' dir='ltr' id='par_1_31' title="bbox 488 2947 2092 3032">
     <span class='ocr_line' id='line_1_31' title="bbox 488 2947 2092 3032; baseline -0.007 -17"><span class='ocrx_word' id='word_1_229' title='bbox 488 2947 807 3032; x_wconf 77' lang='grc' dir='ltr'><strong>καταϐάλῃς</strong></span> <span class='ocrx_word' id='word_1_230' title='bbox 835 2957 971 3029; x_wconf 81' lang='grc' dir='ltr'><strong>μηδὲ</strong></span> <span class='ocrx_word' id='word_1_231' title='bbox 1000 2952 1367 3023; x_wconf 76' lang='grc' dir='ltr'><strong>ὐποσκελίσῃς</strong></span> <span class='ocrx_word' id='word_1_232' title='bbox 1389 2951 1480 3004; x_wconf 88' lang='grc' dir='ltr'><strong>τὸν</strong></span> <span class='ocrx_word' id='word_1_233' title='bbox 1504 2947 1935 3032; x_wconf 84' lang='grc' dir='ltr'><strong>ἀνταγωνιστὴν,</strong></span> <span class='ocrx_word' id='word_1_234' title='bbox 1954 2948 2092 3032; x_wconf 77' lang='grc' dir='ltr'><strong>ἀλλά</strong></span> 
     </span>
    </p>
   </div>
   <div class='ocr_carea' id='block_1_32' title="bbox 490 3030 2110 3117">
    <p class='ocr_par' dir='ltr' id='par_1_32' title="bbox 490 3030 2110 3117">
     <span class='ocr_line' id='line_1_32' title="bbox 490 3030 2110 3117; baseline -0.009 -20"><span class='ocrx_word' id='word_1_235' title='bbox 490 3030 815 3117; x_wconf 86' lang='grc' dir='ltr'><strong>παραχώρει</strong></span> <span class='ocrx_word' id='word_1_236' title='bbox 857 3040 958 3110; x_wconf 77' lang='grc' dir='ltr'><strong>τῆς</strong></span> <span class='ocrx_word' id='word_1_237' title='bbox 998 3040 1157 3108; x_wconf 75' lang='grc' dir='ltr'><strong>νίκης</strong></span> <span class='ocrx_word' id='word_1_238' title='bbox 1196 3033 1380 3105; x_wconf 53' lang='lat' dir='ltr'><strong>atrii);</strong></span> <span class='ocrx_word' id='word_1_239' title='bbox 1422 3033 1536 3087; x_wconf 75' lang='lat' dir='ltr'><strong>Kal</strong></span> <span class='ocrx_word' id='word_1_240' title='bbox 1561 3033 1616 3117; x_wconf 85' lang='grc' dir='ltr'><strong>τί</strong></span> <span class='ocrx_word' id='word_1_241' title='bbox 1656 3030 1799 3101; x_wconf 88' lang='grc' dir='ltr'><strong>λέγω</strong></span> <span class='ocrx_word' id='word_1_242' title='bbox 1828 3032 1966 3117; x_wconf 84' lang='grc' dir='ltr'><strong>πρὸς</strong></span> <span class='ocrx_word' id='word_1_243' title='bbox 1992 3030 2110 3096; x_wconf 80' lang='grc' dir='ltr'><strong>τὰς’</strong></span> 
     </span>
    </p>
   </div>
   <div class='ocr_carea' id='block_1_33' title="bbox 490 3115 2092 3199">
    <p class='ocr_par' dir='ltr' id='par_1_33' title="bbox 490 3115 2092 3199">
     <span class='ocr_line' id='line_1_33' title="bbox 490 3115 2092 3199; baseline -0.009 -16"><span class='ocrx_word' id='word_1_244' title='bbox 490 3115 832 3199; x_wconf 82' lang='grc' dir='ltr'><strong>παρθένους;</strong></span> <span class='ocrx_word' id='word_1_245' title='bbox 878 3123 1017 3196; x_wconf 89' lang='grc' dir='ltr'><strong>πρὸς</strong></span> <span class='ocrx_word' id='word_1_246' title='bbox 1065 3120 1168 3185; x_wconf 84' lang='grc' dir='ltr'><strong>τὰς</strong></span> <span class='ocrx_word' id='word_1_247' title='bbox 1214 3121 1392 3191; x_wconf 82' lang='grc' dir='ltr'><strong>χήρας</strong></span> <span class='ocrx_word' id='word_1_248' title='bbox 1431 3117 1533 3170; x_wconf 91' lang='grc' dir='ltr'><strong>οὐκ</strong></span> <span class='ocrx_word' id='word_1_249' title='bbox 1576 3116 1643 3171; x_wconf 81' lang='grc' dir='ltr'><strong>ἀν</strong></span> <span class='ocrx_word' id='word_1_250' title='bbox 1675 3132 1761 3199; x_wconf 81' lang='grc' dir='ltr'><strong>τις</strong></span> <span class='ocrx_word' id='word_1_251' title='bbox 1802 3115 2092 3199; x_wconf 79' lang='grc' dir='ltr'><strong>τολμήσειε</strong></span> 
     </span>
    </p>
   </div>
   <div class='ocr_carea' id='block_1_34' title="bbox 488 3197 2091 3283">
    <p class='ocr_par' dir='ltr' id='par_1_34' title="bbox 488 3197 2091 3283">
     <span class='ocr_line' id='line_1_34' title="bbox 488 3197 2091 3283; baseline -0.009 -18"><span class='ocrx_word' id='word_1_252' title='bbox 488 3197 696 3283; x_wconf 86' lang='grc' dir='ltr'><strong>ταύτην</strong></span> <span class='ocrx_word' id='word_1_253' title='bbox 731 3209 894 3282; x_wconf 74' lang='grc' dir='ltr'><strong>ῥῆξαι</strong></span> <span class='ocrx_word' id='word_1_254' title='bbox 933 3205 1033 3278; x_wconf 78' lang='grc' dir='ltr'><strong>τὴν</strong></span> <span class='ocrx_word' id='word_1_255' title='bbox 1078 3203 1285 3275; x_wconf 83' lang='grc' dir='ltr'><strong>φωνὴν,</strong></span> <span class='ocrx_word' id='word_1_256' title='bbox 1324 3200 1441 3256; x_wconf 86' lang='grc' dir='ltr'><strong>ἀλλ’</strong></span> <span class='ocrx_word' id='word_1_257' title='bbox 1472 3199 1595 3254; x_wconf 75' lang='grc' dir='ltr'><strong>ἀντὶ</strong></span> <span class='ocrx_word' id='word_1_258' title='bbox 1638 3197 1843 3283; x_wconf 82' lang='grc' dir='ltr'><strong>ταύτης</strong></span> <span class='ocrx_word' id='word_1_259' title='bbox 1877 3198 2091 3283; x_wconf 86' lang='grc' dir='ltr'><strong>ἑκείνην</strong></span> 
     </span>
    </p>
   </div>
   <div class='ocr_carea' id='block_1_35' title="bbox 491 3272 2102 3370">
    <p class='ocr_par' dir='ltr' id='par_1_35' title="bbox 491 3272 2102 3370">
     <span class='ocr_line' id='line_1_35' title="bbox 491 3272 2102 3370; baseline -0.009 -19"><span class='ocrx_word' id='word_1_260' title='bbox 491 3296 589 3370; x_wconf 70' lang='grc' dir='ltr'><strong>τὴν</strong></span> <span class='ocrx_word' id='word_1_261' title='bbox 648 3272 885 3366; x_wconf 71' lang='grc' dir='ltr'><strong>φούεράν</strong></span> <span class='ocrx_word' id='word_1_262' title='bbox 913 3332 929 3357; x_wconf 90' lang='grc'><strong>,</strong></span> <span class='ocrx_word' id='word_1_263' title='bbox 987 3272 1100 3343; x_wconf 55' lang='grc' dir='ltr'><strong>δτυ</strong></span> <span class='ocrx_word' id='word_1_264' title='bbox 1134 3272 1278 3340; x_wconf 75' lang='grc' dir='ltr'><strong>Ἐὰν</strong></span> <span class='ocrx_word' id='word_1_265' title='bbox 1347 3282 1920 3370; x_wconf 50' lang='grc' dir='ltr'><strong>καταστρηνιάσωσι</strong></span> <span class='ocrx_word' id='word_1_266' title='bbox 1982 3272 2102 3337; x_wconf 68' lang='grc' dir='ltr'><strong>τοῦ’</strong></span> 
     </span>
    </p>
   </div>
   <div class='ocr_carea' id='block_1_36' title="bbox 490 3364 2088 3450">
    <p class='ocr_par' dir='ltr' id='par_1_36' title="bbox 490 3364 2088 3450">
     <span class='ocr_line' id='line_1_36' title="bbox 490 3364 2088 3450; baseline -0.011 -15"><span class='ocrx_word' id='word_1_267' title='bbox 490 3364 904 3450; x_wconf 42' lang='grc' dir='ltr'><strong>Χριστοῦξκαί</strong></span> <span class='ocrx_word' id='word_1_268' title='bbox 933 3370 1203 3445; x_wconf 76' lang='grc' dir='ltr'><strong>γαμῆσαι</strong></span> <span class='ocrx_word' id='word_1_269' title='bbox 1236 3367 1567 3437; x_wconf 80' lang='grc' dir='ltr'><strong>θελήσωσι,</strong></span> <span class='ocrx_word' id='word_1_270' title='bbox 1603 3364 1784 3436; x_wconf 83' lang='grc' dir='ltr'><strong>κρῖμα</strong></span> <span class='ocrx_word' id='word_1_271' title='bbox 1815 3366 2088 3431; x_wconf 77' lang='grc' dir='ltr'><strong>ἕξουσιν,</strong></span> 
     </span>
    </p>
   </div>
   <div class='ocr_carea' id='block_1_37' title="bbox 493 3450 1592 3529">
    <p class='ocr_par' dir='ltr' id='par_1_37' title="bbox 493 3450 1592 3529">
     <span class='ocr_line' id='line_1_37' title="bbox 493 3450 1592 3529; baseline -0.014 -11"><span class='ocrx_word' id='word_1_272' title='bbox 493 3462 583 3517; x_wconf 85' lang='grc' dir='ltr'><strong>ὅτι</strong></span> <span class='ocrx_word' id='word_1_273' title='bbox 616 3462 733 3529; x_wconf 78' lang='grc' dir='ltr'><strong>τὴν</strong></span> <span class='ocrx_word' id='word_1_274' title='bbox 761 3458 1001 3529; x_wconf 82' lang='grc' dir='ltr'><strong>πρώτην</strong></span> <span class='ocrx_word' id='word_1_275' title='bbox 1028 3456 1239 3509; x_wconf 83' lang='grc' dir='ltr'><strong>πίστιν</strong></span> <span class='ocrx_word' id='word_1_276' title='bbox 1265 3450 1592 3521; x_wconf 72' lang='grc' dir='ltr'><strong>ἠθέτησαν.</strong></span> 
     </span>
    </p>
   </div>
   <div class='ocr_carea' id='block_1_38' title="bbox 567 3531 2091 3613">
    <p class='ocr_par' dir='ltr' id='par_1_38' title="bbox 567 3531 2091 3613">
     <span class='ocr_line' id='line_1_38' title="bbox 567 3531 2091 3613; baseline -0.009 -13"><span class='ocrx_word' id='word_1_277' title='bbox 567 3546 692 3600; x_wconf 74' lang='lat' dir='ltr'><strong>AG’.</strong></span> <span class='ocrx_word' id='word_1_278' title='bbox 721 3543 831 3597; x_wconf 78' lang='lat' dir='ltr'><strong><em>Kal</em></strong></span> <span class='ocrx_word' id='word_1_279' title='bbox 863 3540 969 3613; x_wconf 79' lang='grc' dir='ltr'><strong>μὴν</strong></span> <span class='ocrx_word' id='word_1_280' title='bbox 998 3538 1162 3602; x_wconf 89' lang='grc' dir='ltr'><strong>αὐτός</strong></span> <span class='ocrx_word' id='word_1_281' title='bbox 1180 3553 1367 3607; x_wconf 85' lang='grc' dir='ltr'><strong>φησιν,</strong></span> <span class='ocrx_word' id='word_1_282' title='bbox 1392 3535 1473 3588; x_wconf 83' lang='grc' dir='ltr'><strong>ὅτι</strong></span> <span class='ocrx_word' id='word_1_283' title='bbox 1497 3531 1662 3603; x_wconf 81' lang='grc' dir='ltr'><strong>Λέγω</strong></span> <span class='ocrx_word' id='word_1_284' title='bbox 1691 3531 1815 3600; x_wconf 83' lang='grc' dir='ltr'><strong>τοῖς</strong></span> <span class='ocrx_word' id='word_1_285' title='bbox 1841 3531 2091 3603; x_wconf 81' lang='grc' dir='ltr'><strong>ἀγάμοις</strong></span> 
     </span>
    </p>
   </div>
   <div class='ocr_carea' id='block_1_39' title="bbox 494 3616 2093 3696">
    <p class='ocr_par' dir='ltr' id='par_1_39' title="bbox 494 3616 2093 3696">
     <span class='ocr_line' id='line_1_39' title="bbox 494 3616 2093 3696; baseline -0.009 -11"><span class='ocrx_word' id='word_1_286' title='bbox 494 3630 593 3686; x_wconf 78' lang='grc' dir='ltr'><strong>καὶ</strong></span> <span class='ocrx_word' id='word_1_287' title='bbox 616 3626 745 3693; x_wconf 83' lang='grc' dir='ltr'><strong>ταῖς</strong></span> <span class='ocrx_word' id='word_1_288' title='bbox 768 3624 1004 3696; x_wconf 80' lang='grc' dir='ltr'><strong>χήραις,</strong></span> <span class='ocrx_word' id='word_1_289' title='bbox 1030 3621 1237 3677; x_wconf 71' lang='grc' dir='ltr'><strong>Καλὸν</strong></span> <span class='ocrx_word' id='word_1_290' title='bbox 1262 3617 1468 3684; x_wconf 86' lang='grc' dir='ltr'><strong>αὐτοῖς</strong></span> <span class='ocrx_word' id='word_1_291' title='bbox 1488 3617 1662 3671; x_wconf 85' lang='grc' dir='ltr'><strong>ἐστιν</strong></span> <span class='ocrx_word' id='word_1_292' title='bbox 1676 3616 1790 3670; x_wconf 75' lang='grc' dir='ltr'><strong>ἐὰν</strong></span> <span class='ocrx_word' id='word_1_293' title='bbox 1800 3616 2093 3686; x_wconf 72' lang='grc' dir='ltr'><strong>μείνωσιν</strong></span> 
     </span>
    </p>
   </div>
   <div class='ocr_carea' id='block_1_40' title="bbox 494 3698 2088 3782">
    <p class='ocr_par' dir='ltr' id='par_1_40' title="bbox 494 3698 2088 3782">
     <span class='ocr_line' id='line_1_40' title="bbox 494 3698 2088 3782; baseline -0.009 -15"><span class='ocrx_word' id='word_1_294' title='bbox 494 3714 575 3780; x_wconf 85' lang='grc' dir='ltr'><strong>ὡς</strong></span> <span class='ocrx_word' id='word_1_295' title='bbox 597 3709 776 3782; x_wconf 70' lang='grc' dir='ltr'><strong>κάγώ·</strong></span> <span class='ocrx_word' id='word_1_296' title='bbox 798 3712 850 3763; x_wconf 76' lang='grc' dir='ltr'><strong>εί</strong></span> <span class='ocrx_word' id='word_1_297' title='bbox 871 3707 941 3761; x_wconf 84' lang='grc' dir='ltr'><strong>δὲ</strong></span> <span class='ocrx_word' id='word_1_298' title='bbox 970 3708 1085 3761; x_wconf 78' lang='grc' dir='ltr'><strong>οὐκ</strong></span> <span class='ocrx_word' id='word_1_299' title='bbox 1112 3702 1597 3774; x_wconf 82' lang='grc' dir='ltr'><strong>ἐγκρατεύονται,</strong></span> <span class='ocrx_word' id='word_1_300' title='bbox 1622 3698 2088 3770; x_wconf 84' lang='grc' dir='ltr'><strong>γαμησάτωσαν.</strong></span> 
     </span>
    </p>
   </div>
   <div class='ocr_carea' id='block_1_41' title="bbox 496 3782 2095 3856">
    <p class='ocr_par' dir='ltr' id='par_1_41' title="bbox 496 3782 2095 3856">
     <span class='ocr_line' id='line_1_41' title="bbox 496 3782 2095 3856; baseline -0.01 -5"><span class='ocrx_word' id='word_1_301' title='bbox 496 3797 608 3851; x_wconf 76' lang='grc' dir='ltr'><strong>Καὶ</strong></span> <span class='ocrx_word' id='word_1_302' title='bbox 637 3794 797 3850; x_wconf 84' lang='grc' dir='ltr'><strong>πάλιν</strong></span> <span class='ocrx_word' id='word_1_303' title='bbox 822 3809 835 3823; x_wconf 92' lang='grc'><strong>·</strong></span> <span class='ocrx_word' id='word_1_304' title='bbox 874 3790 1017 3855; x_wconf 79' lang='grc' dir='ltr'><strong>Ἐὰν</strong></span> <span class='ocrx_word' id='word_1_305' title='bbox 1041 3784 1297 3856; x_wconf 80' lang='grc' dir='ltr'><strong>κοιμηθῇ</strong></span> <span class='ocrx_word' id='word_1_306' title='bbox 1323 3788 1355 3840; x_wconf 85' lang='grc' dir='ltr'><strong>ό</strong></span> <span class='ocrx_word' id='word_1_307' title='bbox 1376 3785 1533 3853; x_wconf 80' lang='grc' dir='ltr'><strong>ἀνὴρ</strong></span> <span class='ocrx_word' id='word_1_308' title='bbox 1564 3782 1777 3852; x_wconf 81' lang='grc' dir='ltr'><strong>αὐτῆς,</strong></span> <span class='ocrx_word' id='word_1_309' title='bbox 1806 3782 2095 3851; x_wconf 72' lang='grc' dir='ltr'><strong>ἐλευθέρα</strong></span> 
     </span>
    </p>
   </div>
   <div class='ocr_carea' id='block_1_42' title="bbox 495 3866 2117 3945">
    <p class='ocr_par' dir='ltr' id='par_1_42' title="bbox 495 3866 2117 3945">
     <span class='ocr_line' id='line_1_42' title="bbox 495 3866 2117 3945; baseline -0.011 -11"><span class='ocrx_word' id='word_1_310' title='bbox 495 3880 668 3935; x_wconf 79' lang='grc' dir='ltr'><strong>ἐστὶν</strong></span> <span class='ocrx_word' id='word_1_311' title='bbox 695 3877 741 3945; x_wconf 84' lang='grc' dir='ltr'><strong>ᾧ</strong></span> <span class='ocrx_word' id='word_1_312' title='bbox 770 3877 931 3933; x_wconf 76' lang='grc' dir='ltr'><strong>θέλει</strong></span> <span class='ocrx_word' id='word_1_313' title='bbox 974 3870 1335 3944; x_wconf 83' lang='grc' dir='ltr'><strong>γαμηθῆναι,</strong></span> <span class='ocrx_word' id='word_1_314' title='bbox 1363 3870 1558 3939; x_wconf 84' lang='grc' dir='ltr'><strong>μόνον</strong></span> <span class='ocrx_word' id='word_1_315' title='bbox 1602 3866 1673 3921; x_wconf 79' lang='grc' dir='ltr'><strong>ἐν</strong></span> <span class='ocrx_word' id='word_1_316' title='bbox 1709 3866 1923 3934; x_wconf 85' lang='grc' dir='ltr'><strong>Κυρίῳ.</strong></span> <span class='ocrx_word' id='word_1_317' title='bbox 1969 3866 2117 3930; x_wconf 87' lang='grc' dir='ltr'><strong>Πῶς.</strong></span> 
     </span>
    </p>
   </div>
   <div class='ocr_carea' id='block_1_43' title="bbox 497 3949 2094 4033">
    <p class='ocr_par' dir='ltr' id='par_1_43' title="bbox 497 3949 2094 4033">
     <span class='ocr_line' id='line_1_43' title="bbox 497 3949 2094 4033; baseline -0.008 -16"><span class='ocrx_word' id='word_1_318' title='bbox 497 3959 591 4017; x_wconf 76' lang='grc' dir='ltr'><strong>οὖν</strong></span> <span class='ocrx_word' id='word_1_319' title='bbox 629 3964 694 4033; x_wconf 81' lang='grc' dir='ltr'><strong>ἡν</strong></span> <span class='ocrx_word' id='word_1_320' title='bbox 733 3960 959 4031; x_wconf 83' lang='grc' dir='ltr'><strong>ἀφίησιν</strong></span> <span class='ocrx_word' id='word_1_321' title='bbox 990 3955 1284 4027; x_wconf 71' lang='grc' dir='ltr'><strong>ἐλευθέραν</strong></span> <span class='ocrx_word' id='word_1_322' title='bbox 1317 3953 1484 4008; x_wconf 89' lang='grc' dir='ltr'><strong>πάλιν</strong></span> <span class='ocrx_word' id='word_1_323' title='bbox 1518 3950 1760 4016; x_wconf 75' lang='grc' dir='ltr'><strong>κολάζει,</strong></span> <span class='ocrx_word' id='word_1_324' title='bbox 1803 3950 1899 4004; x_wconf 76' lang='grc' dir='ltr'><strong>καὶ</strong></span> <span class='ocrx_word' id='word_1_325' title='bbox 1937 3949 1997 4002; x_wconf 85' lang='grc' dir='ltr'><strong>δν</strong></span> <span class='ocrx_word' id='word_1_326' title='bbox 2035 3951 2094 4004; x_wconf 80' lang='grc' dir='ltr'><strong>ὲν</strong></span> 
     </span>
    </p>
   </div>
   <div class='ocr_carea' id='block_1_44' title="bbox 497 4034 2094 4117">
    <p class='ocr_par' dir='ltr' id='par_1_44' title="bbox 497 4034 2094 4117">
     <span class='ocr_line' id='line_1_44' title="bbox 497 4034 2094 4117; baseline -0.009 -17"><span class='ocrx_word' id='word_1_327' title='bbox 497 4046 690 4117; x_wconf 83' lang='grc' dir='ltr'><strong>Κυρίῳ</strong></span> <span class='ocrx_word' id='word_1_328' title='bbox 720 4043 885 4114; x_wconf 74' lang='grc' dir='ltr'><strong>φησὶν</strong></span> <span class='ocrx_word' id='word_1_329' title='bbox 911 4038 1050 4095; x_wconf 77' lang='grc' dir='ltr'><strong>εἶναι</strong></span> <span class='ocrx_word' id='word_1_330' title='bbox 1091 4040 1291 4111; x_wconf 84' lang='grc' dir='ltr'><strong>γάμον,</strong></span> <span class='ocrx_word' id='word_1_331' title='bbox 1327 4037 1517 4091; x_wconf 86' lang='grc' dir='ltr'><strong>τοῦτον</strong></span> <span class='ocrx_word' id='word_1_332' title='bbox 1542 4037 1617 4100; x_wconf 91' lang='grc' dir='ltr'><strong>ώς</strong></span> <span class='ocrx_word' id='word_1_333' title='bbox 1645 4034 1982 4107; x_wconf 83' lang='grc' dir='ltr'><strong>παρανόμως</strong></span> <span class='ocrx_word' id='word_1_334' title='bbox 2006 4050 2094 4104; x_wconf 82' lang='grc' dir='ltr'><strong>γι-</strong></span> 
     </span>
    </p>
   </div>
   <div class='ocr_carea' id='block_1_45' title="bbox 499 4117 2091 4201">
    <p class='ocr_par' dir='ltr' id='par_1_45' title="bbox 499 4117 2091 4201">
     <span class='ocr_line' id='line_1_45' title="bbox 499 4117 2091 4201; baseline -0.009 -17"><span class='ocrx_word' id='word_1_335' title='bbox 499 4130 724 4201; x_wconf 81' lang='grc' dir='ltr'><strong>νόμενον</strong></span> <span class='ocrx_word' id='word_1_336' title='bbox 752 4124 1107 4195; x_wconf 87' lang='grc' dir='ltr'><strong>κατακρίνει;</strong></span> <span class='ocrx_word' id='word_1_337' title='bbox 1147 4123 1240 4194; x_wconf 83' lang='grc' dir='ltr'><strong>Μὴ</strong></span> <span class='ocrx_word' id='word_1_338' title='bbox 1285 4120 1491 4193; x_wconf 80' lang='grc' dir='ltr'><strong>δείσῃς,</strong></span> <span class='ocrx_word' id='word_1_339' title='bbox 1522 4120 1584 4173; x_wconf 89' lang='grc' dir='ltr'><strong>οὐ</strong></span> <span class='ocrx_word' id='word_1_340' title='bbox 1626 4119 1722 4172; x_wconf 90' lang='grc' dir='ltr'><strong>τὸν</strong></span> <span class='ocrx_word' id='word_1_341' title='bbox 1758 4117 1942 4182; x_wconf 83' lang='grc' dir='ltr'><strong>αὐτὸν,</strong></span> <span class='ocrx_word' id='word_1_342' title='bbox 1976 4117 2091 4171; x_wconf 86' lang='grc' dir='ltr'><strong>ἀλλ’</strong></span> 
     </span>
    </p>
   </div>
   <div class='ocr_carea' id='block_1_46' title="bbox 498 4201 2091 4286">
    <p class='ocr_par' dir='ltr' id='par_1_46' title="bbox 498 4201 2091 4286">
     <span class='ocr_line' id='line_1_46' title="bbox 498 4201 2091 4286; baseline -0.006 -20"><span class='ocrx_word' id='word_1_343' title='bbox 498 4212 701 4286; x_wconf 69' lang='grc' dir='ltr'><strong>ἕτερον.</strong></span> <span class='ocrx_word' id='word_1_344' title='bbox 731 4211 944 4281; x_wconf 83' lang='grc' dir='ltr'><strong>’Ὥσπερ</strong></span> <span class='ocrx_word' id='word_1_345' title='bbox 970 4207 1080 4279; x_wconf 83' lang='grc' dir='ltr'><strong>γὰρ</strong></span> <span class='ocrx_word' id='word_1_346' title='bbox 1113 4205 1311 4275; x_wconf 86' lang='grc' dir='ltr'><strong>λέγων,</strong></span> <span class='ocrx_word' id='word_1_347' title='bbox 1354 4204 1492 4257; x_wconf 81' lang='grc' dir='ltr'><strong>Ἐὰν</strong></span> <span class='ocrx_word' id='word_1_348' title='bbox 1528 4202 1688 4286; x_wconf 77' lang='grc' dir='ltr'><strong>γήμῃ</strong></span> <span class='ocrx_word' id='word_1_349' title='bbox 1711 4201 1751 4270; x_wconf 82' lang='grc' dir='ltr'><strong><em>ἠ</em></strong></span> <span class='ocrx_word' id='word_1_350' title='bbox 1771 4201 2091 4286; x_wconf 72' lang='grc' dir='ltr'><strong>παρθένος,</strong></span> 
     </span>
    </p>
   </div>
   <div class='ocr_carea' id='block_1_47' title="bbox 499 4284 2094 4368">
    <p class='ocr_par' dir='ltr' id='par_1_47' title="bbox 499 4284 2094 4368">
     <span class='ocr_line' id='line_1_47' title="bbox 499 4284 2094 4368; baseline -0.01 -15"><span class='ocrx_word' id='word_1_351' title='bbox 499 4284 614 4368; x_wconf 63' lang='grc' dir='ltr'><strong>οὐχ</strong></span> <span class='ocrx_word' id='word_1_352' title='bbox 652 4295 936 4365; x_wconf 81' lang='grc' dir='ltr'><strong>ἥμαρτεν,</strong></span> <span class='ocrx_word' id='word_1_353' title='bbox 972 4290 1033 4345; x_wconf 86' lang='grc' dir='ltr'><strong>οὐ</strong></span> <span class='ocrx_word' id='word_1_354' title='bbox 1068 4290 1198 4363; x_wconf 71' lang='grc' dir='ltr'><strong>περὶ</strong></span> <span class='ocrx_word' id='word_1_355' title='bbox 1231 4288 1331 4359; x_wconf 80' lang='grc' dir='ltr'><strong>τῆς</strong></span> <span class='ocrx_word' id='word_1_356' title='bbox 1371 4285 1796 4356; x_wconf 79' lang='grc' dir='ltr'><strong>ἀποταξαμένης</strong></span> <span class='ocrx_word' id='word_1_357' title='bbox 1821 4284 1899 4368; x_wconf 76' lang='grc' dir='ltr'><strong>τῷ</strong></span> <span class='ocrx_word' id='word_1_358' title='bbox 1930 4286 2094 4354; x_wconf 88' lang='grc' dir='ltr'><strong>γάμῳ</strong></span> 
     </span>
    </p>
   </div>
   <div class='ocr_carea' id='block_1_48' title="bbox 501 4367 2096 4453">
    <p class='ocr_par' dir='ltr' id='par_1_48' title="bbox 501 4367 2096 4453">
     <span class='ocr_line' id='line_1_48' title="bbox 501 4367 2096 4453; baseline -0.009 -20"><span class='ocrx_word' id='word_1_359' title='bbox 501 4367 636 4453; x_wconf 82' lang='grc' dir='ltr'><strong>φησι</strong></span> <span class='ocrx_word' id='word_1_360' title='bbox 658 4397 673 4412; x_wconf 87' lang='grc'><strong>·</strong></span> <span class='ocrx_word' id='word_1_361' title='bbox 703 4379 861 4450; x_wconf 77' lang='grc' dir='ltr'><strong>δῆλον</strong></span> <span class='ocrx_word' id='word_1_362' title='bbox 890 4375 1000 4446; x_wconf 76' lang='grc' dir='ltr'><strong>γὰρ</strong></span> <span class='ocrx_word' id='word_1_363' title='bbox 1036 4373 1243 4428; x_wconf 74' lang='grc' dir='ltr'><strong>ἅπασιν</strong></span> <span class='ocrx_word' id='word_1_364' title='bbox 1273 4373 1355 4426; x_wconf 86' lang='grc' dir='ltr'><strong>ὃτι</strong></span> <span class='ocrx_word' id='word_1_365' title='bbox 1382 4371 1523 4443; x_wconf 86' lang='grc' dir='ltr'><strong>αὐτὴ</strong></span> <span class='ocrx_word' id='word_1_366' title='bbox 1551 4370 1768 4453; x_wconf 78' lang='grc' dir='ltr'><strong>ἥμαρτε</strong></span> <span class='ocrx_word' id='word_1_367' title='bbox 1797 4367 1891 4421; x_wconf 72' lang='grc' dir='ltr'><strong>καὶ</strong></span> <span class='ocrx_word' id='word_1_368' title='bbox 1911 4368 2096 4453; x_wconf 74' lang='grc' dir='ltr'><strong>ἀμαρ-</strong></span> 
     </span>
    </p>
   </div>
   <div class='ocr_carea' id='block_1_49' title="bbox 501 4449 2092 4533">
    <p class='ocr_par' dir='ltr' id='par_1_49' title="bbox 501 4449 2092 4533">
     <span class='ocr_line' id='line_1_49' title="bbox 501 4449 2092 4533; baseline -0.01 -15"><span class='ocrx_word' id='word_1_369' title='bbox 501 4449 622 4518; x_wconf 73' lang='grc' dir='ltr'><strong>τίαν</strong></span> <span class='ocrx_word' id='word_1_370' title='bbox 648 4449 919 4533; x_wconf 84' lang='grc' dir='ltr'><strong>ἀφόρητον</strong></span> <span class='ocrx_word' id='word_1_371' title='bbox 938 4477 950 4490; x_wconf 82' lang='grc'><em>’</em></span> <span class='ocrx_word' id='word_1_372' title='bbox 987 4456 1125 4511; x_wconf 86' lang='grc' dir='ltr'><strong>ἀλλά</strong></span> <span class='ocrx_word' id='word_1_373' title='bbox 1158 4455 1414 4528; x_wconf 73' lang='grc' dir='ltr'><strong>περὶτῆς</strong></span> <span class='ocrx_word' id='word_1_374' title='bbox 1456 4450 1835 4525; x_wconf 88' lang='grc' dir='ltr'><strong>ἀπειρογάμου</strong></span> <span class='ocrx_word' id='word_1_375' title='bbox 1869 4450 1968 4522; x_wconf 85' lang='grc' dir='ltr'><strong>μὲν</strong></span> <span class='ocrx_word' id='word_1_376' title='bbox 1989 4449 2092 4513; x_wconf 81' lang='grc' dir='ltr'><strong>ἔτι,</strong></span> 
     </span>
    </p>
   </div>
   <div class='ocr_carea' id='block_1_50' title="bbox 502 4533 2093 4607">
    <p class='ocr_par' dir='ltr' id='par_1_50' title="bbox 502 4533 2093 4607">
     <span class='ocr_line' id='line_1_50' title="bbox 502 4533 2093 4607; baseline -0.009 -6"><span class='ocrx_word' id='word_1_377' title='bbox 502 4546 656 4602; x_wconf 86' lang='grc' dir='ltr'><strong>οὐπω</strong></span> <span class='ocrx_word' id='word_1_378' title='bbox 692 4546 749 4599; x_wconf 81' lang='grc' dir='ltr'><strong>δὲ</strong></span> <span class='ocrx_word' id='word_1_379' title='bbox 787 4543 908 4597; x_wconf 82' lang='grc' dir='ltr'><strong>οὐδὲ</strong></span> <span class='ocrx_word' id='word_1_380' title='bbox 944 4541 1106 4596; x_wconf 90' lang='grc' dir='ltr'><strong>τοῦτο</strong></span> <span class='ocrx_word' id='word_1_381' title='bbox 1155 4539 1277 4593; x_wconf 81' lang='grc' dir='ltr'><strong>οὐδὲ</strong></span> <span class='ocrx_word' id='word_1_382' title='bbox 1323 4539 1501 4591; x_wconf 90' lang='grc' dir='ltr'><strong>ἑκεῖνο</strong></span> <span class='ocrx_word' id='word_1_383' title='bbox 1537 4535 1948 4607; x_wconf 81' lang='grc' dir='ltr'><strong>ψηφισαμένης,</strong></span> <span class='ocrx_word' id='word_1_384' title='bbox 1979 4533 2093 4588; x_wconf 91' lang='grc' dir='ltr'><strong>ἀλλ’</strong></span> 
     </span>
    </p>
   </div>
   <div class='ocr_carea' id='block_1_51' title="bbox 503 4618 2096 4701">
    <p class='ocr_par' dir='ltr' id='par_1_51' title="bbox 503 4618 2096 4701">
     <span class='ocr_line' id='line_1_51' title="bbox 503 4618 2096 4701; baseline -0.011 -17"><span class='ocrx_word' id='word_1_385' title='bbox 503 4633 564 4686; x_wconf 89' lang='grc' dir='ltr'><strong>ἑν</strong></span> <span class='ocrx_word' id='word_1_386' title='bbox 591 4626 901 4701; x_wconf 82' lang='grc' dir='ltr'><strong>μεταιχμίῳ</strong></span> <span class='ocrx_word' id='word_1_387' title='bbox 939 4624 1145 4679; x_wconf 88' lang='grc' dir='ltr'><strong>τούτων</strong></span> <span class='ocrx_word' id='word_1_388' title='bbox 1171 4621 1452 4694; x_wconf 80' lang='grc' dir='ltr'><strong>ἑκατέρων</strong></span> <span class='ocrx_word' id='word_1_389' title='bbox 1486 4618 1756 4691; x_wconf 82' lang='grc' dir='ltr'><strong>μενούσης</strong></span> <span class='ocrx_word' id='word_1_390' title='bbox 1797 4618 1906 4672; x_wconf 86' lang='grc' dir='ltr'><strong>τῶν</strong></span> <span class='ocrx_word' id='word_1_391' title='bbox 1948 4618 2096 4687; x_wconf 83' lang='grc' dir='ltr'><strong>λογι-</strong></span> 
     </span>
    </p>
   </div>
   <div class='ocr_carea' id='block_1_52' title="bbox 507 4702 2102 4785">
    <p class='ocr_par' dir='ltr' id='par_1_52' title="bbox 507 4702 2102 4785">
     <span class='ocr_line' id='line_1_52' title="bbox 507 4702 2102 4785; baseline -0.007 -17"><span class='ocrx_word' id='word_1_392' title='bbox 507 4713 693 4785; x_wconf 76' lang='grc' dir='ltr'><strong>σμῶν⁸</strong></span> <span class='ocrx_word' id='word_1_393' title='bbox 736 4710 879 4764; x_wconf 76' lang='grc' dir='ltr'><strong>οὓτω</strong></span> <span class='ocrx_word' id='word_1_394' title='bbox 906 4710 998 4763; x_wconf 73' lang='grc' dir='ltr'><strong>καὶ</strong></span> <span class='ocrx_word' id='word_1_395' title='bbox 1025 4711 1200 4780; x_wconf 80' lang='grc' dir='ltr'><strong>χήραν</strong></span> <span class='ocrx_word' id='word_1_396' title='bbox 1243 4704 1481 4759; x_wconf 76' lang='grc' dir='ltr'><strong>ἐνταῦθα</strong></span> <span class='ocrx_word' id='word_1_397' title='bbox 1517 4703 1615 4775; x_wconf 84' lang='grc' dir='ltr'><strong>μὲν</strong></span> <span class='ocrx_word' id='word_1_398' title='bbox 1654 4704 1755 4773; x_wconf 83' lang='grc' dir='ltr'><strong>τὴν</strong></span> <span class='ocrx_word' id='word_1_399' title='bbox 1789 4702 1977 4766; x_wconf 83' lang='grc' dir='ltr'><strong>ἀπλῶς</strong></span> <span class='ocrx_word' id='word_1_400' title='bbox 2001 4702 2102 4757; x_wconf 89' lang='grc' dir='ltr'><strong>οὐκ</strong></span> 
     </span>
    </p>
   </div>
   <div class='ocr_carea' id='block_1_53' title="bbox 507 4786 2103 4869">
    <p class='ocr_par' dir='ltr' id='par_1_53' title="bbox 507 4786 2103 4869">
     <span class='ocr_line' id='line_1_53' title="bbox 507 4786 2103 4869; baseline -0.008 -18"><span class='ocrx_word' id='word_1_401' title='bbox 507 4800 743 4869; x_wconf 71' lang='grc' dir='ltr'><strong>ἔχουσαν</strong></span> <span class='ocrx_word' id='word_1_402' title='bbox 778 4795 951 4866; x_wconf 79' lang='grc' dir='ltr'><strong>ἄνδρα</strong></span> <span class='ocrx_word' id='word_1_403' title='bbox 985 4794 1173 4866; x_wconf 68' lang='grc' dir='ltr'><strong>φησιν,</strong></span> <span class='ocrx_word' id='word_1_404' title='bbox 1212 4789 1368 4845; x_wconf 80' lang='grc' dir='ltr'><strong>οὐπω</strong></span> <span class='ocrx_word' id='word_1_405' title='bbox 1415 4789 1474 4843; x_wconf 85' lang='grc' dir='ltr'><strong>δὲ</strong></span> <span class='ocrx_word' id='word_1_406' title='bbox 1512 4788 1611 4842; x_wconf 75' lang='grc' dir='ltr'><strong>καὶ</strong></span> <span class='ocrx_word' id='word_1_407' title='bbox 1646 4790 1714 4859; x_wconf 74' lang='grc' dir='ltr'><strong>τῇ</strong></span> <span class='ocrx_word' id='word_1_408' title='bbox 1753 4787 1855 4857; x_wconf 77' lang='grc' dir='ltr'><strong>τῆς</strong></span> <span class='ocrx_word' id='word_1_409' title='bbox 1894 4786 2103 4850; x_wconf 82' lang='grc' dir='ltr'><strong>οἰκείας</strong></span> 
     </span>
    </p>
   </div>
   <div class='ocr_carea' id='block_1_54' title="bbox 507 4869 2103 4955">
    <p class='ocr_par' dir='ltr' id='par_1_54' title="bbox 507 4869 2103 4955">
     <span class='ocr_line' id='line_1_54' title="bbox 507 4869 2103 4955; baseline -0.009 -19"><span class='ocrx_word' id='word_1_410' title='bbox 507 4882 884 4955; x_wconf 85' lang='grc' dir='ltr'><strong>προαιρέσεως</strong></span> <span class='ocrx_word' id='word_1_411' title='bbox 931 4880 1101 4951; x_wconf 71' lang='grc' dir='ltr'><strong>ψήφῳ</strong></span> <span class='ocrx_word' id='word_1_412' title='bbox 1152 4872 1617 4949; x_wconf 86' lang='grc' dir='ltr'><strong>προσδεδεμένην,</strong></span> <span class='ocrx_word' id='word_1_413' title='bbox 1660 4872 1776 4924; x_wconf 88' lang='grc' dir='ltr'><strong>ἀλλ’</strong></span> <span class='ocrx_word' id='word_1_414' title='bbox 1811 4869 2103 4955; x_wconf 70' lang='grc' dir='ltr'><strong>ἐλευθέραν</strong></span> 
     </span>
    </p>
   </div>
   <div class='ocr_carea' id='block_1_55' title="bbox 506 4954 2105 5027">
    <p class='ocr_par' dir='ltr' id='par_1_55' title="bbox 506 4954 2105 5027">
     <span class='ocr_line' id='line_1_55' title="bbox 506 4954 2105 5027; baseline -0.01 -5"><span class='ocrx_word' id='word_1_415' title='bbox 506 4954 802 5022; x_wconf 17' lang='grc' dir='ltr'><strong>οὗσανίκαὶ</strong></span> <span class='ocrx_word' id='word_1_416' title='bbox 833 4962 996 5017; x_wconf 87' lang='grc' dir='ltr'><strong>τοῦτο</strong></span> <span class='ocrx_word' id='word_1_417' title='bbox 1025 4961 1246 5016; x_wconf 78' lang='grc' dir='ltr'><strong>ἑλέσθαι</strong></span> <span class='ocrx_word' id='word_1_418' title='bbox 1280 4959 1526 5012; x_wconf 86' lang='grc' dir='ltr'><strong>κάκεῖνο·</strong></span> <span class='ocrx_word' id='word_1_419' title='bbox 1552 4957 1671 5010; x_wconf 82' lang='grc' dir='ltr'><strong>ἐκεῖ</strong></span> <span class='ocrx_word' id='word_1_420' title='bbox 1699 4955 1757 5008; x_wconf 82' lang='grc' dir='ltr'><strong>δὲ</strong></span> <span class='ocrx_word' id='word_1_421' title='bbox 1790 4956 1890 5027; x_wconf 79' lang='grc' dir='ltr'><strong>τὴν</strong></span> <span class='ocrx_word' id='word_1_422' title='bbox 1921 4954 2105 5008; x_wconf 87' lang='grc' dir='ltr'><strong>οὐκέτι</strong></span> 
     </span>
    </p>
   </div>
   <div class='ocr_carea' id='block_1_56' title="bbox 508 5037 2104 5124">
    <p class='ocr_par' dir='ltr' id='par_1_56' title="bbox 508 5037 2104 5124">
     <span class='ocr_line' id='line_1_56' title="bbox 508 5037 2104 5124; baseline -0.011 -17"><span class='ocrx_word' id='word_1_423' title='bbox 508 5052 706 5124; x_wconf 83' lang='grc' dir='ltr'><strong>κυρίαν</strong></span> <span class='ocrx_word' id='word_1_424' title='bbox 738 5045 902 5104; x_wconf 78' lang='grc' dir='ltr'><strong>οὖσαν</strong></span> <span class='ocrx_word' id='word_1_425' title='bbox 947 5047 1122 5118; x_wconf 86' lang='grc' dir='ltr'><strong>ἑτέρῳ</strong></span> <span class='ocrx_word' id='word_1_426' title='bbox 1174 5043 1337 5097; x_wconf 87' lang='grc' dir='ltr'><strong>πάλιν</strong></span> <span class='ocrx_word' id='word_1_427' title='bbox 1391 5040 1655 5124; x_wconf 82' lang='grc' dir='ltr'><strong>ὁμιλῆσαι</strong></span> <span class='ocrx_word' id='word_1_428' title='bbox 1709 5037 2104 5124; x_wconf 60' lang='grc' dir='ltr'><strong>νυμφίῳ,ἐάλλ’</strong></span> 
     </span>
    </p>
   </div>
   <div class='ocr_carea' id='block_1_57' title="bbox 509 5120 2101 5203">
    <p class='ocr_par' dir='ltr' id='par_1_57' title="bbox 509 5120 2101 5203">
     <span class='ocr_line' id='line_1_57' title="bbox 509 5120 2101 5203; baseline -0.009 -14"><span class='ocrx_word' id='word_1_429' title='bbox 509 5120 596 5200; x_wconf 36' lang='grc' dir='ltr'><strong>εἰς.</strong></span> <span class='ocrx_word' id='word_1_430' title='bbox 653 5134 779 5197; x_wconf 77' lang='grc' dir='ltr'><strong>τοὺς</strong></span> <span class='ocrx_word' id='word_1_431' title='bbox 849 5134 948 5203; x_wconf 85' lang='grc' dir='ltr'><strong>τῆς</strong></span> <span class='ocrx_word' id='word_1_432' title='bbox 1028 5127 1358 5201; x_wconf 80' lang='grc' dir='ltr'><strong>ἐγκρατείας</strong></span> <span class='ocrx_word' id='word_1_433' title='bbox 1430 5123 1803 5195; x_wconf 78' lang='grc' dir='ltr'><strong>ἑμὸεϐηκυῖαν</strong></span> <span class='ocrx_word' id='word_1_434' title='bbox 1865 5120 2101 5189; x_wconf 85' lang='grc' dir='ltr'><strong>ἀγῶνας.</strong></span> 
     </span>
    </p>
   </div>
   <div class='ocr_carea' id='block_1_58' title="bbox 513 5204 2109 5289">
    <p class='ocr_par' dir='ltr' id='par_1_58' title="bbox 513 5204 2109 5289">
     <span class='ocr_line' id='line_1_58' title="bbox 513 5204 2109 5289; baseline -0.011 -15"><span class='ocrx_word' id='word_1_435' title='bbox 513 5220 671 5275; x_wconf 86' lang='grc' dir='ltr'><strong>Ἐστι</strong></span> <span class='ocrx_word' id='word_1_436' title='bbox 726 5218 836 5289; x_wconf 76' lang='grc' dir='ltr'><strong>γὰρ</strong></span> <span class='ocrx_word' id='word_1_437' title='bbox 878 5216 973 5270; x_wconf 73' lang='grc' dir='ltr'><strong>καὶ</strong></span> <span class='ocrx_word' id='word_1_438' title='bbox 1036 5215 1211 5286; x_wconf 85' lang='grc' dir='ltr'><strong>χήραν</strong></span> <span class='ocrx_word' id='word_1_439' title='bbox 1276 5206 1414 5265; x_wconf 77' lang='grc' dir='ltr'><strong>εἶναι</strong></span> <span class='ocrx_word' id='word_1_440' title='bbox 1437 5249 1452 5274; x_wconf 93' lang='grc'><strong>,</strong></span> <span class='ocrx_word' id='word_1_441' title='bbox 1497 5207 1593 5262; x_wconf 73' lang='grc' dir='ltr'><strong>καὶ</strong></span> <span class='ocrx_word' id='word_1_442' title='bbox 1649 5207 1723 5278; x_wconf 78' lang='grc' dir='ltr'><strong>μὴ</strong></span> <span class='ocrx_word' id='word_1_443' title='bbox 1774 5204 2109 5289; x_wconf 69' lang='grc' dir='ltr'><strong>κατατάττε-</strong></span> 
     </span>
    </p>
   </div>
   <div class='ocr_carea' id='block_1_59' title="bbox 510 5286 2107 5370">
    <p class='ocr_par' dir='ltr' id='par_1_59' title="bbox 510 5286 2107 5370">
     <span class='ocr_line' id='line_1_59' title="bbox 510 5286 2107 5370; baseline -0.011 -11"><span class='ocrx_word' id='word_1_444' title='bbox 510 5303 637 5359; x_wconf 86' lang='grc' dir='ltr'><strong>σθαι</strong></span> <span class='ocrx_word' id='word_1_445' title='bbox 664 5304 744 5364; x_wconf 90' lang='grc' dir='ltr'><strong>είς</strong></span> <span class='ocrx_word' id='word_1_446' title='bbox 770 5286 831 5355; x_wconf 87' lang='grc' dir='ltr'><strong>τὸ</strong></span> <span class='ocrx_word' id='word_1_447' title='bbox 850 5300 960 5353; x_wconf 81' lang='grc' dir='ltr'><strong>τῶν</strong></span> <span class='ocrx_word' id='word_1_448' title='bbox 984 5298 1169 5370; x_wconf 78' lang='grc' dir='ltr'><strong>χηρῶν</strong></span> <span class='ocrx_word' id='word_1_449' title='bbox 1201 5296 1443 5365; x_wconf 79' lang='grc' dir='ltr'><strong>ἀξίωμα,</strong></span> <span class='ocrx_word' id='word_1_450' title='bbox 1463 5293 1594 5346; x_wconf 83' lang='grc' dir='ltr'><strong>ὅταν</strong></span> <span class='ocrx_word' id='word_1_451' title='bbox 1633 5290 1859 5362; x_wconf 86' lang='grc' dir='ltr'><strong>μηδέπω</strong></span> <span class='ocrx_word' id='word_1_452' title='bbox 1945 5288 2107 5343; x_wconf 86' lang='grc' dir='ltr'><strong>τοῦτο</strong></span> 
     </span>
    </p>
   </div>
   <div class='ocr_carea' id='block_1_60' title="bbox 509 5373 2102 5456">
    <p class='ocr_par' dir='ltr' id='par_1_60' title="bbox 509 5373 2102 5456">
     <span class='ocr_line' id='line_1_60' title="bbox 509 5373 2102 5456; baseline -0.008 -15"><span class='ocrx_word' id='word_1_453' title='bbox 509 5384 945 5456; x_wconf 80' lang='grc' dir='ltr'><strong>καταδεξαμένη.</strong></span> <span class='ocrx_word' id='word_1_454' title='bbox 985 5383 1078 5436; x_wconf 89' lang='grc' dir='ltr'><strong>Διὸ</strong></span> <span class='ocrx_word' id='word_1_455' title='bbox 1111 5381 1207 5435; x_wconf 76' lang='grc' dir='ltr'><strong>καὶ</strong></span> <span class='ocrx_word' id='word_1_456' title='bbox 1243 5379 1405 5441; x_wconf 87' lang='grc' dir='ltr'><strong>αὐτός</strong></span> <span class='ocrx_word' id='word_1_457' title='bbox 1445 5391 1611 5449; x_wconf 88' lang='grc' dir='ltr'><strong>φησι·</strong></span> <span class='ocrx_word' id='word_1_458' title='bbox 1638 5373 1804 5442; x_wconf 82' lang='grc' dir='ltr'><strong>Χήρα</strong></span> <span class='ocrx_word' id='word_1_459' title='bbox 1849 5379 2102 5429; x_wconf 73' lang='grc' dir='ltr'><strong>καταλεο</strong></span> 
     </span>
    </p>
   </div>
   <div class='ocr_carea' id='block_1_61' title="bbox 486 5457 2103 5541">
    <p class='ocr_par' dir='ltr' id='par_1_61' title="bbox 486 5457 2103 5541">
     <span class='ocr_line' id='line_1_61' title="bbox 486 5457 2103 5541; baseline -0.01 -15"><span class='ocrx_word' id='word_1_460' title='bbox 486 5470 707 5541; x_wconf 18' lang='grc' dir='ltr'><strong>νγέσθω</strong></span> <span class='ocrx_word' id='word_1_461' title='bbox 731 5467 820 5538; x_wconf 81' lang='grc' dir='ltr'><strong>μὴ</strong></span> <span class='ocrx_word' id='word_1_462' title='bbox 847 5467 1105 5522; x_wconf 75' lang='grc' dir='ltr'><strong>ἔλαττον</strong></span> <span class='ocrx_word' id='word_1_463' title='bbox 1127 5462 1280 5518; x_wconf 81' lang='grc' dir='ltr'><strong>ἐτῶν</strong></span> <span class='ocrx_word' id='word_1_464' title='bbox 1299 5460 1601 5529; x_wconf 78' lang='grc' dir='ltr'><strong>ἐξήκοντα</strong></span> <span class='ocrx_word' id='word_1_465' title='bbox 1637 5457 1936 5527; x_wconf 78' lang='grc' dir='ltr'><strong>γεγονυῖα,</strong></span> <span class='ocrx_word' id='word_1_466' title='bbox 1967 5457 2103 5518; x_wconf 79' lang='grc' dir='ltr'><strong>ἐνὸς</strong></span> 
     </span>
    </p>
   </div>
   <div class='ocr_carea' id='block_1_62' title="bbox 509 5540 2107 5623">
    <p class='ocr_par' dir='ltr' id='par_1_62' title="bbox 509 5540 2107 5623">
     <span class='ocr_line' id='line_1_62' title="bbox 509 5540 2107 5623; baseline -0.008 -16"><span class='ocrx_word' id='word_1_467' title='bbox 509 5540 732 5621; x_wconf 76' lang='grc' dir='ltr'><strong>ἀνδρὸς</strong></span> <span class='ocrx_word' id='word_1_468' title='bbox 771 5549 926 5623; x_wconf 81' lang='grc' dir='ltr'><strong>γυνή</strong></span> <span class='ocrx_word' id='word_1_469' title='bbox 945 5551 992 5603; x_wconf 74' lang='grc' dir='ltr'><strong>ιι.</strong></span> <span class='ocrx_word' id='word_1_470' title='bbox 1021 5550 1132 5621; x_wconf 83' lang='grc' dir='ltr'><strong>Τὴν</strong></span> <span class='ocrx_word' id='word_1_471' title='bbox 1182 5548 1280 5619; x_wconf 84' lang='grc' dir='ltr'><strong>μὲν</strong></span> <span class='ocrx_word' id='word_1_472' title='bbox 1310 5545 1419 5616; x_wconf 81' lang='grc' dir='ltr'><strong>γὰρ</strong></span> <span class='ocrx_word' id='word_1_473' title='bbox 1463 5540 1651 5605; x_wconf 81' lang='grc' dir='ltr'><strong>ἁπλῶς</strong></span> <span class='ocrx_word' id='word_1_474' title='bbox 1695 5542 1870 5612; x_wconf 77' lang='grc' dir='ltr'><strong>γήραν</strong></span> <span class='ocrx_word' id='word_1_475' title='bbox 1910 5541 2107 5613; x_wconf 85' lang='grc' dir='ltr'><strong>ἀφίησι</strong></span> 
     </span>
    </p>
   </div>
   <div class='ocr_carea' id='block_1_63' title="bbox 511 5622 2106 5707">
    <p class='ocr_par' dir='ltr' id='par_1_63' title="bbox 511 5622 2106 5707">
     <span class='ocr_line' id='line_1_63' title="bbox 511 5622 2106 5707; baseline -0.009 -16"><span class='ocrx_word' id='word_1_476' title='bbox 511 5639 733 5707; x_wconf 87' lang='grc' dir='ltr'><strong>γαμεῖν,</strong></span> <span class='ocrx_word' id='word_1_477' title='bbox 762 5637 810 5689; x_wconf 86' lang='grc' dir='ltr'><strong>εί</strong></span> <span class='ocrx_word' id='word_1_478' title='bbox 844 5634 1085 5706; x_wconf 85' lang='grc' dir='ltr'><strong>βούλοιτο</strong></span> <span class='ocrx_word' id='word_1_479' title='bbox 1104 5650 1117 5663; x_wconf 76' lang='grc' dir='ltr'><strong>ο</strong></span> <span class='ocrx_word' id='word_1_480' title='bbox 1151 5632 1252 5702; x_wconf 85' lang='grc' dir='ltr'><strong>τὴν</strong></span> <span class='ocrx_word' id='word_1_481' title='bbox 1282 5629 1340 5683; x_wconf 82' lang='grc' dir='ltr'><strong>δὲ</strong></span> <span class='ocrx_word' id='word_1_482' title='bbox 1375 5624 1855 5696; x_wconf 84' lang='grc' dir='ltr'><strong>ἑπαγγειλαμένην</strong></span> <span class='ocrx_word' id='word_1_483' title='bbox 1882 5624 1962 5707; x_wconf 82' lang='grc' dir='ltr'><strong>τῷ</strong></span> <span class='ocrx_word' id='word_1_484' title='bbox 1986 5622 2106 5694; x_wconf 87' lang='grc' dir='ltr'><strong>Θεῷ</strong></span> 
     </span>
    </p>
   </div>
   <div class='ocr_carea' id='block_1_64' title="bbox 509 5706 2106 5791">
    <p class='ocr_par' dir='ltr' id='par_1_64' title="bbox 509 5706 2106 5791">
     <span class='ocr_line' id='line_1_64' title="bbox 509 5706 2106 5791; baseline -0.008 -17"><span class='ocrx_word' id='word_1_485' title='bbox 509 5706 769 5791; x_wconf 78' lang='grc' dir='ltr'><strong>χηρεύειν</strong></span> <span class='ocrx_word' id='word_1_486' title='bbox 809 5717 1127 5780; x_wconf 85' lang='grc' dir='ltr'><strong>διαπαντὸς,</strong></span> <span class='ocrx_word' id='word_1_487' title='bbox 1166 5710 1287 5767; x_wconf 69' lang='grc' dir='ltr'><strong>εἶτα</strong></span> <span class='ocrx_word' id='word_1_488' title='bbox 1330 5710 1700 5782; x_wconf 85' lang='grc' dir='ltr'><strong>γαμηθεῖσαν,</strong></span> <span class='ocrx_word' id='word_1_489' title='bbox 1747 5706 2106 5772; x_wconf 70' lang='grc' dir='ltr'><strong>καταδικάζει</strong></span> 
     </span>
    </p>
   </div>
   <div class='ocr_carea' id='block_1_65' title="bbox 513 5791 2102 5874">
    <p class='ocr_par' dir='ltr' id='par_1_65' title="bbox 513 5791 2102 5874">
     <span class='ocr_line' id='line_1_65' title="bbox 513 5791 2102 5874; baseline -0.008 -16"><span class='ocrx_word' id='word_1_490' title='bbox 513 5802 779 5874; x_wconf 84' lang='grc' dir='ltr'><strong>σφοδρῶς,</strong></span> <span class='ocrx_word' id='word_1_491' title='bbox 810 5804 896 5857; x_wconf 83' lang='grc' dir='ltr'><strong>ὅτι</strong></span> <span class='ocrx_word' id='word_1_492' title='bbox 924 5801 1025 5865; x_wconf 84' lang='grc' dir='ltr'><strong>τὰς</strong></span> <span class='ocrx_word' id='word_1_493' title='bbox 1052 5798 1190 5870; x_wconf 89' lang='grc' dir='ltr'><strong>πρὸς</strong></span> <span class='ocrx_word' id='word_1_494' title='bbox 1216 5797 1308 5850; x_wconf 89' lang='grc' dir='ltr'><strong>τὸν</strong></span> <span class='ocrx_word' id='word_1_495' title='bbox 1333 5794 1467 5848; x_wconf 88' lang='grc' dir='ltr'><strong>Θεὸν</strong></span> <span class='ocrx_word' id='word_1_496' title='bbox 1498 5792 1775 5864; x_wconf 82' lang='grc' dir='ltr'><strong>συνθήκας</strong></span> <span class='ocrx_word' id='word_1_497' title='bbox 1807 5791 2102 5863; x_wconf 83' lang='grc' dir='ltr'><strong>ἑπάτησεν.</strong></span> 
     </span>
    </p>
   </div>
   <div class='ocr_carea' id='block_1_66' title="bbox 575 5874 2103 5964">
    <p class='ocr_par' dir='ltr' id='par_1_66' title="bbox 575 5874 2103 5964">
     <span class='ocr_line' id='line_1_66' title="bbox 575 5874 2103 5964; baseline -0.008 -29"><span class='ocrx_word' id='word_1_498' title='bbox 575 5887 604 5917; x_wconf 78' lang='grc'><strong>⁸</strong></span> <span class='ocrx_word' id='word_1_499' title='bbox 629 5885 752 5964; x_wconf 49' lang='lat' dir='ltr'><strong>M‘or;</strong></span> <span class='ocrx_word' id='word_1_500' title='bbox 764 5891 828 5964; x_wconf 54' lang='grc' dir='ltr'><strong>εἰ</strong></span> <span class='ocrx_word' id='word_1_501' title='bbox 850 5886 1013 5935; x_wconf 76' lang='lat' dir='ltr'><strong>Plant.</strong></span> <span class='ocrx_word' id='word_1_502' title='bbox 1035 5882 1299 5946; x_wconf 81' lang='grc' dir='ltr'><strong>τρύζοντος,</strong></span> <span class='ocrx_word' id='word_1_503' title='bbox 1322 5880 1436 5930; x_wconf 79' lang='lat' dir='ltr'><strong>Sav.</strong></span> <span class='ocrx_word' id='word_1_504' title='bbox 1471 5877 1727 5942; x_wconf 77' lang='grc' dir='ltr'><strong>τρίζοντος,</strong></span> <span class='ocrx_word' id='word_1_505' title='bbox 1769 5874 1893 5939; x_wconf 80' lang='lat' dir='ltr'><strong>Reg.</strong></span> <span class='ocrx_word' id='word_1_506' title='bbox 1920 5875 2103 5940; x_wconf 82' lang='grc' dir='ltr'><strong>τρίζον-</strong></span> 
     </span>
    </p>
   </div>
   <div class='ocr_carea' id='block_1_67' title="bbox 512 5949 2101 6122">
    <p class='ocr_par' dir='ltr' id='par_1_67' title="bbox 512 5949 2101 6122">
     <span class='ocr_line' id='line_1_67' title="bbox 512 5949 943 6005; baseline -0.009 -8"><span class='ocrx_word' id='word_1_507' title='bbox 512 5964 592 6005; x_wconf 84' lang='grc' dir='ltr'><strong>τος</strong></span> <span class='ocrx_word' id='word_1_508' title='bbox 606 5949 716 6004; x_wconf 84' lang='grc' dir='ltr'><strong>τοὺς</strong></span> <span class='ocrx_word' id='word_1_509' title='bbox 732 5949 943 6003; x_wconf 79' lang='grc' dir='ltr'><strong>ὀδόντας.</strong></span> 
     </span>
     <span class='ocr_line' id='line_1_68' title="bbox 516 5992 2101 6122; baseline -0.004 -65"><span class='ocrx_word' id='word_1_510' title='bbox 516 6010 702 6122; x_wconf 47' lang='grc' dir='ltr'><strong>ηἷὼιὲ</strong></span> <span class='ocrx_word' id='word_1_511' title='bbox 720 6010 848 6075; x_wconf 77' lang='lat' dir='ltr'><strong>Reg.</strong></span> <span class='ocrx_word' id='word_1_512' title='bbox 876 6004 926 6059; x_wconf 78' lang='lat' dir='ltr'><strong>In</strong></span> <span class='ocrx_word' id='word_1_513' title='bbox 951 6005 1062 6059; x_wconf 83' lang='lat' dir='ltr'><strong>aliis</strong></span> <span class='ocrx_word' id='word_1_514' title='bbox 1094 6014 1219 6053; x_wconf 77' lang='lat' dir='ltr'><strong>vero</strong></span> <span class='ocrx_word' id='word_1_515' title='bbox 1242 6002 1368 6065; x_wconf 69' lang='lat' dir='ltr'><strong>haec,</strong></span> <span class='ocrx_word' id='word_1_516' title='bbox 1399 6001 1503 6062; x_wconf 72' lang='grc' dir='ltr'><strong>ἑνὸς</strong></span> <span class='ocrx_word' id='word_1_517' title='bbox 1532 5992 1701 6065; x_wconf 78' lang='grc' dir='ltr'><strong>ἀνδρὸς</strong></span> <span class='ocrx_word' id='word_1_518' title='bbox 1735 5999 1872 6061; x_wconf 83' lang='grc' dir='ltr'><strong>γυνή,</strong></span> <span class='ocrx_word' id='word_1_519' title='bbox 1896 5999 2101 6050; x_wconf 77' lang='lat' dir='ltr'><strong>deside-</strong></span> 
     </span>
    </p>
   </div>
   <div class='ocr_carea' id='block_1_68' title="bbox 542 6088 702 6121">
    <p class='ocr_par' dir='ltr' id='par_1_68' title="bbox 542 6088 702 6121">
     <span class='ocr_line' id='line_1_69' title="bbox 542 6088 702 6121; baseline 0.006 -2"><span class='ocrx_word' id='word_1_520' title='bbox 542 6088 702 6121; x_wconf 72' lang='lat' dir='ltr'><strong>amur.</strong></span> 
     </span>
    </p>
   </div>
   <div class='ocr_carea' id='block_1_69' title="bbox 2173 395 3775 456">
    <p class='ocr_par' dir='ltr' id='par_1_69' title="bbox 2173 395 3775 456">
     <span class='ocr_line' id='line_1_70' title="bbox 2173 395 3775 456; baseline -0.001 -1"><span class='ocrx_word' id='word_1_521' title='bbox 2173 397 2448 455; x_wconf 77' lang='lat' dir='ltr'><strong>RCHIEP.</strong></span> <span class='ocrx_word' id='word_1_522' title='bbox 2488 397 3042 455; x_wconf 70' lang='lat' dir='ltr'><strong>CONSTANTINOP.</strong></span> <span class='ocrx_word' id='word_1_523' title='bbox 3649 395 3775 456; x_wconf 64' lang='grc' dir='ltr'><strong>τοι</strong></span> 
     </span>
    </p>
   </div>
   <div class='ocr_carea' id='block_1_70' title="bbox 2175 513 3782 588">
    <p class='ocr_par' dir='ltr' id='par_1_70' title="bbox 2175 513 3782 588">
     <span class='ocr_line' id='line_1_71' title="bbox 2175 513 3782 588; baseline 0.001 -14"><span class='ocrx_word' id='word_1_524' title='bbox 2175 521 2249 574; x_wconf 86' lang='grc' dir='ltr'><strong>Οὐ</strong></span> <span class='ocrx_word' id='word_1_525' title='bbox 2285 520 2512 583; x_wconf 75' lang='grc' dir='ltr'><strong>ταύταις</strong></span> <span class='ocrx_word' id='word_1_526' title='bbox 2561 513 2676 583; x_wconf 74' lang='grc' dir='ltr'><strong>οῦν,</strong></span> <span class='ocrx_word' id='word_1_527' title='bbox 2722 517 2837 573; x_wconf 84' lang='grc' dir='ltr'><strong>ἀλλ’</strong></span> <span class='ocrx_word' id='word_1_528' title='bbox 2871 518 3114 582; x_wconf 81' lang='grc' dir='ltr'><strong>ἐκείναις</strong></span> <span class='ocrx_word' id='word_1_529' title='bbox 3155 517 3354 588; x_wconf 82' lang='grc' dir='ltr'><strong>φησίν·</strong></span> <span class='ocrx_word' id='word_1_530' title='bbox 3410 519 3481 571; x_wconf 76' lang='lat' dir='ltr'><strong><em>El</em></strong></span> <span class='ocrx_word' id='word_1_531' title='bbox 3534 517 3605 572; x_wconf 78' lang='grc' dir='ltr'><strong>δὲ</strong></span> <span class='ocrx_word' id='word_1_532' title='bbox 3648 524 3782 576; x_wconf 76' lang='grc' dir='ltr'><strong>οὐκ</strong></span> 
     </span>
    </p>
   </div>
   <div class='ocr_carea' id='block_1_71' title="bbox 2173 602 3779 674">
    <p class='ocr_par' dir='ltr' id='par_1_71' title="bbox 2173 602 3779 674">
     <span class='ocr_line' id='line_1_72' title="bbox 2173 602 3779 674; baseline 0.001 -17"><span class='ocrx_word' id='word_1_533' title='bbox 2173 604 2653 674; x_wconf 80' lang='grc' dir='ltr'><strong>ἐγκρατεύονται,</strong></span> <span class='ocrx_word' id='word_1_534' title='bbox 2690 603 3164 673; x_wconf 56' lang='grc' dir='ltr'><strong>γαμησάτωσαν</strong></span> <span class='ocrx_word' id='word_1_535' title='bbox 3202 602 3471 670; x_wconf 72' lang='grc' dir='ltr'><strong>κρεῖττον</strong></span> <span class='ocrx_word' id='word_1_536' title='bbox 3498 602 3608 672; x_wconf 71' lang='grc' dir='ltr'><strong>γάρ</strong></span> <span class='ocrx_word' id='word_1_537' title='bbox 3626 603 3779 659; x_wconf 80' lang='grc' dir='ltr'><strong>ἐστι</strong></span> 
     </span>
    </p>
   </div>
   <div class='ocr_carea' id='block_1_72' title="bbox 2173 685 3778 760">
    <p class='ocr_par' dir='ltr' id='par_1_72' title="bbox 2173 685 3778 760">
     <span class='ocr_line' id='line_1_73' title="bbox 2173 685 3778 760; baseline 0 -18"><span class='ocrx_word' id='word_1_538' title='bbox 2173 687 2444 758; x_wconf 79' lang='grc' dir='ltr'><strong>γαμῆσαι</strong></span> <span class='ocrx_word' id='word_1_539' title='bbox 2476 687 2515 756; x_wconf 80' lang='grc' dir='ltr'>ἢ</span> <span class='ocrx_word' id='word_1_540' title='bbox 2557 688 2919 755; x_wconf 81' lang='grc' dir='ltr'><strong>πυροῦσθαι.</strong></span> <span class='ocrx_word' id='word_1_541' title='bbox 2962 688 3129 758; x_wconf 78' lang='grc' dir='ltr'><strong>Ὁρᾷς</strong></span> <span class='ocrx_word' id='word_1_542' title='bbox 3167 685 3407 755; x_wconf 77' lang='grc' dir='ltr'><strong>οὐδαμοῦ</strong></span> <span class='ocrx_word' id='word_1_543' title='bbox 3450 686 3545 741; x_wconf 76' lang='grc' dir='ltr'><strong>τὸν</strong></span> <span class='ocrx_word' id='word_1_544' title='bbox 3580 687 3778 760; x_wconf 78' lang='grc' dir='ltr'><strong>γάμον</strong></span> 
     </span>
    </p>
   </div>
   <div class='ocr_carea' id='block_1_73' title="bbox 2176 770 3774 843">
    <p class='ocr_par' dir='ltr' id='par_1_73' title="bbox 2176 770 3774 843">
     <span class='ocr_line' id='line_1_74' title="bbox 2176 770 3774 843; baseline 0.001 -17"><span class='ocrx_word' id='word_1_545' title='bbox 2176 771 2298 826; x_wconf 88' lang='grc' dir='ltr'><strong>καθ’</strong></span> <span class='ocrx_word' id='word_1_546' title='bbox 2342 771 2536 825; x_wconf 91' lang='grc' dir='ltr'><strong>ἑαυτὸν</strong></span> <span class='ocrx_word' id='word_1_547' title='bbox 2575 772 3016 843; x_wconf 77' lang='grc' dir='ltr'><strong>θαυμαζόμενον,</strong></span> <span class='ocrx_word' id='word_1_548' title='bbox 3050 770 3188 825; x_wconf 84' lang='grc' dir='ltr'><strong>ἀλλὰ</strong></span> <span class='ocrx_word' id='word_1_549' title='bbox 3223 771 3313 825; x_wconf 87' lang='grc' dir='ltr'><strong>διὰ</strong></span> <span class='ocrx_word' id='word_1_550' title='bbox 3345 770 3446 835; x_wconf 83' lang='grc' dir='ltr'><strong>τὰς</strong></span> <span class='ocrx_word' id='word_1_551' title='bbox 3482 773 3774 843; x_wconf 83' lang='grc' dir='ltr'><strong>πορνείας,</strong></span> 
     </span>
    </p>
   </div>
   <div class='ocr_carea' id='block_1_74' title="bbox 2174 854 3779 927">
    <p class='ocr_par' dir='ltr' id='par_1_74' title="bbox 2174 854 3779 927">
     <span class='ocr_line' id='line_1_75' title="bbox 2174 854 3779 927; baseline 0 -18"><span class='ocrx_word' id='word_1_552' title='bbox 2174 856 2262 909; x_wconf 82' lang='grc' dir='ltr'><strong>διά</strong></span> <span class='ocrx_word' id='word_1_553' title='bbox 2294 856 2424 919; x_wconf 83' lang='grc' dir='ltr'><strong>τούς</strong></span> <span class='ocrx_word' id='word_1_554' title='bbox 2466 856 2834 927; x_wconf 82' lang='grc' dir='ltr'><strong>πειρασμοὺς,</strong></span> <span class='ocrx_word' id='word_1_555' title='bbox 2870 855 2960 908; x_wconf 84' lang='grc' dir='ltr'><strong>διὰ</strong></span> <span class='ocrx_word' id='word_1_556' title='bbox 2996 855 3097 927; x_wconf 83' lang='grc' dir='ltr'><strong>τὴν</strong></span> <span class='ocrx_word' id='word_1_557' title='bbox 3134 856 3440 921; x_wconf 87' lang='grc' dir='ltr'><strong>ἀκρασίαν;</strong></span> <span class='ocrx_word' id='word_1_558' title='bbox 3476 854 3625 908; x_wconf 81' lang='grc' dir='ltr'><strong>Ἀνω</strong></span> <span class='ocrx_word' id='word_1_559' title='bbox 3661 858 3779 927; x_wconf 78' lang='grc' dir='ltr'><strong>μὲν</strong></span> 
     </span>
    </p>
   </div>
   <div class='ocr_carea' id='block_1_75' title="bbox 2173 928 3781 1013">
    <p class='ocr_par' dir='ltr' id='par_1_75' title="bbox 2173 928 3781 1013">
     <span class='ocr_line' id='line_1_76' title="bbox 2173 928 3781 1013; baseline -0.001 -19"><span class='ocrx_word' id='word_1_560' title='bbox 2173 939 2284 1013; x_wconf 85' lang='grc' dir='ltr'><strong>γὰρ</strong></span> <span class='ocrx_word' id='word_1_561' title='bbox 2317 940 2492 995; x_wconf 89' lang='grc' dir='ltr'><strong>ταῦτα</strong></span> <span class='ocrx_word' id='word_1_562' title='bbox 2536 939 2754 994; x_wconf 72' lang='grc' dir='ltr'><strong>ἅπαντα</strong></span> <span class='ocrx_word' id='word_1_563' title='bbox 2789 936 3025 1010; x_wconf 85' lang='grc' dir='ltr'><strong>τίθησιν,</strong></span> <span class='ocrx_word' id='word_1_564' title='bbox 3064 928 3300 993; x_wconf 77' lang='grc' dir='ltr'><strong>ἐνταῦθα</strong></span> <span class='ocrx_word' id='word_1_565' title='bbox 3340 938 3397 991; x_wconf 82' lang='grc' dir='ltr'><strong>δὲ</strong></span> <span class='ocrx_word' id='word_1_566' title='bbox 3427 936 3615 1010; x_wconf 78' lang='grc' dir='ltr'><strong>ἑπειδὴ</strong></span> <span class='ocrx_word' id='word_1_567' title='bbox 3642 939 3781 1008; x_wconf 74' lang='grc' dir='ltr'><strong>σφό-</strong></span> 
     </span>
    </p>
   </div>
   <div class='ocr_carea' id='block_1_76' title="bbox 2172 1023 3785 1096">
    <p class='ocr_par' dir='ltr' id='par_1_76' title="bbox 2172 1023 3785 1096">
     <span class='ocr_line' id='line_1_77' title="bbox 2172 1023 3785 1096; baseline -0.002 -17"><span class='ocrx_word' id='word_1_568' title='bbox 2172 1026 2278 1096; x_wconf 85' lang='grc' dir='ltr'><strong>δρα</strong></span> <span class='ocrx_word' id='word_1_569' title='bbox 2313 1026 2495 1079; x_wconf 85' lang='grc' dir='ltr'><strong>αὐτῶν</strong></span> <span class='ocrx_word' id='word_1_570' title='bbox 2521 1023 2807 1095; x_wconf 77' lang='grc' dir='ltr'><strong>καθήψατο</strong></span> <span class='ocrx_word' id='word_1_571' title='bbox 2835 1027 2944 1088; x_wconf 86' lang='grc' dir='ltr'><strong>τοῖς</strong></span> <span class='ocrx_word' id='word_1_572' title='bbox 2972 1023 3221 1089; x_wconf 84' lang='grc' dir='ltr'><strong>ὀνείδεσι,</strong></span> <span class='ocrx_word' id='word_1_573' title='bbox 3255 1024 3495 1095; x_wconf 77' lang='grc' dir='ltr'><strong>ῥήμασιν</strong></span> <span class='ocrx_word' id='word_1_574' title='bbox 3525 1023 3785 1095; x_wconf 79' lang='grc' dir='ltr'><strong>εὐφημο-</strong></span> 
     </span>
    </p>
   </div>
   <div class='ocr_carea' id='block_1_77' title="bbox 2174 1106 3781 1181">
    <p class='ocr_par' dir='ltr' id='par_1_77' title="bbox 2174 1106 3781 1181">
     <span class='ocr_line' id='line_1_78' title="bbox 2174 1106 3781 1181; baseline 0 -19"><span class='ocrx_word' id='word_1_575' title='bbox 2174 1110 2356 1181; x_wconf 86' lang='grc' dir='ltr'><strong>τέροις</strong></span> <span class='ocrx_word' id='word_1_576' title='bbox 2388 1110 2555 1164; x_wconf 88' lang='grc' dir='ltr'><strong>πάλιν</strong></span> <span class='ocrx_word' id='word_1_577' title='bbox 2579 1110 2640 1164; x_wconf 89' lang='grc' dir='ltr'><strong>τὸ</strong></span> <span class='ocrx_word' id='word_1_578' title='bbox 2665 1106 2798 1163; x_wconf 88' lang='grc' dir='ltr'><strong>αὐτὸ</strong></span> <span class='ocrx_word' id='word_1_579' title='bbox 2824 1110 3060 1181; x_wconf 81' lang='grc' dir='ltr'><strong>πρᾶγμα</strong></span> <span class='ocrx_word' id='word_1_580' title='bbox 3080 1108 3257 1171; x_wconf 89' lang='grc' dir='ltr'><strong>καλεῖ,</strong></span> <span class='ocrx_word' id='word_1_581' title='bbox 3284 1108 3614 1179; x_wconf 79' lang='grc' dir='ltr'><strong>ἐμπρησμὸν</strong></span> <span class='ocrx_word' id='word_1_582' title='bbox 3633 1107 3781 1162; x_wconf 78' lang='grc' dir='ltr'><strong>αὐτὸ</strong></span> 
     </span>
    </p>
   </div>
   <div class='ocr_carea' id='block_1_78' title="bbox 2176 1190 3784 1266">
    <p class='ocr_par' dir='ltr' id='par_1_78' title="bbox 2176 1190 3784 1266">
     <span class='ocr_line' id='line_1_79' title="bbox 2176 1190 3784 1266; baseline -0.004 -15"><span class='ocrx_word' id='word_1_583' title='bbox 2176 1195 2270 1252; x_wconf 77' lang='grc' dir='ltr'><strong>καὶ</strong></span> <span class='ocrx_word' id='word_1_584' title='bbox 2301 1194 2550 1266; x_wconf 89' lang='grc' dir='ltr'><strong>πύρωσιν</strong></span> <span class='ocrx_word' id='word_1_585' title='bbox 2584 1193 2888 1264; x_wconf 79' lang='grc' dir='ltr'><strong>ὀνομάζων.</strong></span> <span class='ocrx_word' id='word_1_586' title='bbox 2933 1190 3044 1246; x_wconf 77' lang='grc' dir='ltr'><strong>Καὶ</strong></span> <span class='ocrx_word' id='word_1_587' title='bbox 3082 1192 3203 1246; x_wconf 89' lang='grc' dir='ltr'><strong>οὐδὲ</strong></span> <span class='ocrx_word' id='word_1_588' title='bbox 3241 1191 3477 1246; x_wconf 75' lang='grc' dir='ltr'><strong>ἐνταῦθα</strong></span> <span class='ocrx_word' id='word_1_589' title='bbox 3509 1192 3784 1263; x_wconf 73' lang='grc' dir='ltr'><strong>ἠνέσχετο</strong></span> 
     </span>
    </p>
   </div>
   <div class='ocr_carea' id='block_1_79' title="bbox 2181 1260 3815 1350">
    <p class='ocr_par' dir='ltr' id='par_1_79' title="bbox 2181 1260 3815 1350">
     <span class='ocr_line' id='line_1_80' title="bbox 2181 1260 3815 1350; baseline 0 -21"><span class='ocrx_word' id='word_1_590' title='bbox 2181 1277 2256 1348; x_wconf 83' lang='grc' dir='ltr'><strong>μὴ</strong></span> <span class='ocrx_word' id='word_1_591' title='bbox 2288 1260 2502 1349; x_wconf 67' lang='grc' dir='ltr'><strong>πλήξας</strong></span> <span class='ocrx_word' id='word_1_592' title='bbox 2533 1276 2626 1332; x_wconf 85' lang='grc' dir='ltr'><strong>τὸν</strong></span> <span class='ocrx_word' id='word_1_593' title='bbox 2658 1260 2937 1350; x_wconf 80' lang='grc' dir='ltr'><strong>ἀκροατὴν</strong></span> <span class='ocrx_word' id='word_1_594' title='bbox 2983 1276 3300 1349; x_wconf 86' lang='grc' dir='ltr'><strong>παρελθεῖν.</strong></span> <span class='ocrx_word' id='word_1_595' title='bbox 3331 1276 3406 1329; x_wconf 90' lang='grc' dir='ltr'><strong>Οὐ</strong></span> <span class='ocrx_word' id='word_1_596' title='bbox 3443 1260 3550 1347; x_wconf 83' lang='grc' dir='ltr'><strong>γὰρ</strong></span> <span class='ocrx_word' id='word_1_597' title='bbox 3588 1260 3777 1340; x_wconf 74' lang='grc' dir='ltr'><strong>εἶπεν,</strong></span> <span class='ocrx_word' id='word_1_598' title='bbox 3805 1260 3815 1291; x_wconf 59' lang='grc'><strong><em>³</em></strong></span> 
     </span>
    </p>
   </div>
   <div class='ocr_carea' id='block_1_80' title="bbox 2182 1359 3825 1434">
    <p class='ocr_par' dir='ltr' id='par_1_80' title="bbox 2182 1359 3825 1434">
     <span class='ocr_line' id='line_1_81' title="bbox 2182 1359 3825 1434; baseline -0.001 -18"><span class='ocrx_word' id='word_1_599' title='bbox 2182 1362 2242 1416; x_wconf 77' lang='lat' dir='ltr'><strong><em>El</em></strong></span> <span class='ocrx_word' id='word_1_600' title='bbox 2263 1360 2321 1416; x_wconf 81' lang='grc' dir='ltr'><strong>δὲ</strong></span> <span class='ocrx_word' id='word_1_601' title='bbox 2344 1360 2465 1434; x_wconf 83' lang='grc' dir='ltr'><strong>βίαν</strong></span> <span class='ocrx_word' id='word_1_602' title='bbox 2491 1360 2615 1416; x_wconf 88' lang='grc' dir='ltr'><strong>τινά</strong></span> <span class='ocrx_word' id='word_1_603' title='bbox 2651 1362 2955 1433; x_wconf 85' lang='grc' dir='ltr'><strong>πάσχουσιν</strong></span> <span class='ocrx_word' id='word_1_604' title='bbox 3001 1360 3106 1415; x_wconf 88' lang='grc' dir='ltr'><strong>ὐπὸ</strong></span> <span class='ocrx_word' id='word_1_605' title='bbox 3136 1359 3287 1433; x_wconf 74' lang='lat'><strong>[299]</strong></span> <span class='ocrx_word' id='word_1_606' title='bbox 3319 1361 3417 1431; x_wconf 79' lang='grc' dir='ltr'><strong>τῆς</strong></span> <span class='ocrx_word' id='word_1_607' title='bbox 3449 1360 3778 1432; x_wconf 75' lang='grc' dir='ltr'><strong>ἐπιθυμίας,</strong></span> <span class='ocrx_word' id='word_1_608' title='bbox 3809 1362 3825 1434; x_wconf 54' lang='grc' dir='ltr'>ᾗ</span> 
     </span>
    </p>
   </div>
   <div class='ocr_carea' id='block_1_81' title="bbox 2180 1442 3829 1518">
    <p class='ocr_par' dir='ltr' id='par_1_81' title="bbox 2180 1442 3829 1518">
     <span class='ocr_line' id='line_1_82' title="bbox 2180 1442 3829 1518; baseline -0.001 -17"><span class='ocrx_word' id='word_1_609' title='bbox 2180 1446 2227 1501; x_wconf 85' lang='grc' dir='ltr'><strong>εί</strong></span> <span class='ocrx_word' id='word_1_610' title='bbox 2261 1442 2320 1501; x_wconf 76' lang='grc' dir='ltr'><strong>δὲ</strong></span> <span class='ocrx_word' id='word_1_611' title='bbox 2344 1445 2794 1518; x_wconf 85' lang='grc' dir='ltr'><strong>περιτρέπονται,</strong></span> <span class='ocrx_word' id='word_1_612' title='bbox 2829 1448 2875 1499; x_wconf 87' lang='grc' dir='ltr'><strong>εί</strong></span> <span class='ocrx_word' id='word_1_613' title='bbox 2898 1446 2954 1499; x_wconf 83' lang='grc' dir='ltr'><strong>δὲ</strong></span> <span class='ocrx_word' id='word_1_614' title='bbox 2987 1445 3063 1517; x_wconf 81' lang='grc' dir='ltr'><strong>μὴ</strong></span> <span class='ocrx_word' id='word_1_615' title='bbox 3083 1444 3370 1499; x_wconf 88' lang='grc' dir='ltr'><strong>δύνανται·</strong></span> <span class='ocrx_word' id='word_1_616' title='bbox 3403 1444 3556 1497; x_wconf 83' lang='grc' dir='ltr'><strong>οὐδὲν</strong></span> <span class='ocrx_word' id='word_1_617' title='bbox 3587 1443 3777 1498; x_wconf 77' lang='grc' dir='ltr'><strong>τοιοῦο</strong></span> <span class='ocrx_word' id='word_1_618' title='bbox 3818 1449 3829 1517; x_wconf 62' lang='grc' dir='ltr'>ξ</span> 
     </span>
    </p>
   </div>
   <div class='ocr_carea' id='block_1_82' title="bbox 2179 1512 3833 1601">
    <p class='ocr_par' dir='ltr' id='par_1_82' title="bbox 2179 1512 3833 1601">
     <span class='ocr_line' id='line_1_83' title="bbox 2179 1512 3833 1601; baseline -0.001 -17"><span class='ocrx_word' id='word_1_619' title='bbox 2179 1546 2271 1585; x_wconf 93' lang='grc' dir='ltr'><strong>τον</strong></span> <span class='ocrx_word' id='word_1_620' title='bbox 2302 1530 2332 1585; x_wconf 83' lang='grc' dir='ltr'><strong>δ</strong></span> <span class='ocrx_word' id='word_1_621' title='bbox 2380 1512 2492 1584; x_wconf 69' lang='grc' dir='ltr'><strong>τών</strong></span> <span class='ocrx_word' id='word_1_622' title='bbox 2517 1512 2860 1601; x_wconf 33' lang='grc' dir='ltr'><strong>,πασχόντων</strong></span> <span class='ocrx_word' id='word_1_623' title='bbox 2902 1512 3021 1582; x_wconf 78' lang='grc' dir='ltr'><strong>ἐστὶ</strong></span> <span class='ocrx_word' id='word_1_624' title='bbox 3050 1512 3155 1583; x_wconf 31' lang='grc' dir='ltr'><strong>νκαὶ</strong></span> <span class='ocrx_word' id='word_1_625' title='bbox 3198 1527 3531 1599; x_wconf 87' lang='grc' dir='ltr'><strong>συγγνώμης</strong></span> <span class='ocrx_word' id='word_1_626' title='bbox 3578 1527 3778 1594; x_wconf 80' lang='grc' dir='ltr'><strong>ἀξίων,</strong></span> <span class='ocrx_word' id='word_1_627' title='bbox 3820 1512 3833 1563; x_wconf 64' lang='grc' dir='ltr'>Ῑ</span> 
     </span>
    </p>
   </div>
   <div class='ocr_carea' id='block_1_83' title="bbox 2178 1611 3781 1683">
    <p class='ocr_par' dir='ltr' id='par_1_83' title="bbox 2178 1611 3781 1683">
     <span class='ocr_line' id='line_1_84' title="bbox 2178 1611 3781 1683; baseline -0.002 -15"><span class='ocrx_word' id='word_1_628' title='bbox 2178 1611 2318 1668; x_wconf 89' lang='grc' dir='ltr'><strong>ἀλλά</strong></span> <span class='ocrx_word' id='word_1_629' title='bbox 2346 1614 2435 1681; x_wconf 83' lang='grc' dir='ltr'><strong>τί;</strong></span> <span class='ocrx_word' id='word_1_630' title='bbox 2470 1616 2541 1669; x_wconf 72' lang='lat' dir='ltr'><strong>Et</strong></span> <span class='ocrx_word' id='word_1_631' title='bbox 2566 1612 2636 1667; x_wconf 85' lang='grc' dir='ltr'><strong>δὲ</strong></span> <span class='ocrx_word' id='word_1_632' title='bbox 2662 1616 2776 1668; x_wconf 83' lang='grc' dir='ltr'><strong>οὐκ</strong></span> <span class='ocrx_word' id='word_1_633' title='bbox 2806 1612 3293 1683; x_wconf 76' lang='grc' dir='ltr'><strong>ἐγκρατεύονταιο</strong></span> <span class='ocrx_word' id='word_1_634' title='bbox 3320 1612 3350 1664; x_wconf 81' lang='grc' dir='ltr'><strong>δ</strong></span> <span class='ocrx_word' id='word_1_635' title='bbox 3372 1611 3481 1665; x_wconf 84' lang='grc' dir='ltr'><strong>τῶν</strong></span> <span class='ocrx_word' id='word_1_636' title='bbox 3509 1611 3611 1666; x_wconf 88' lang='grc' dir='ltr'><strong>οὐκ</strong></span> <span class='ocrx_word' id='word_1_637' title='bbox 3646 1612 3781 1665; x_wconf 84' lang='grc' dir='ltr'><strong>ἑθε-</strong></span> 
     </span>
    </p>
   </div>
   <div class='ocr_carea' id='block_1_84' title="bbox 2177 1694 3782 1769">
    <p class='ocr_par' dir='ltr' id='par_1_84' title="bbox 2177 1694 3782 1769">
     <span class='ocr_line' id='line_1_85' title="bbox 2177 1694 3782 1769; baseline 0 -19"><span class='ocrx_word' id='word_1_638' title='bbox 2177 1696 2381 1752; x_wconf 88' lang='grc' dir='ltr'><strong>λόντων</strong></span> <span class='ocrx_word' id='word_1_639' title='bbox 2413 1698 2562 1752; x_wconf 75' lang='grc' dir='ltr'><strong>ἑστὶν</strong></span> <span class='ocrx_word' id='word_1_640' title='bbox 2609 1699 2855 1769; x_wconf 80' lang='grc' dir='ltr'><strong>ἐνεργεῖν</strong></span> <span class='ocrx_word' id='word_1_641' title='bbox 2899 1695 2989 1749; x_wconf 90' lang='grc' dir='ltr'><strong>διά</strong></span> <span class='ocrx_word' id='word_1_642' title='bbox 3037 1694 3136 1767; x_wconf 83' lang='grc' dir='ltr'><strong>τὴν</strong></span> <span class='ocrx_word' id='word_1_643' title='bbox 3178 1695 3473 1766; x_wconf 76' lang='grc' dir='ltr'><strong>ρᾳθυμίαν.</strong></span> <span class='ocrx_word' id='word_1_644' title='bbox 3519 1696 3782 1751; x_wconf 87' lang='grc' dir='ltr'><strong>Δείκνυσι</strong></span> 
     </span>
    </p>
   </div>
   <div class='ocr_carea' id='block_1_85' title="bbox 2179 1778 3783 1854">
    <p class='ocr_par' dir='ltr' id='par_1_85' title="bbox 2179 1778 3783 1854">
     <span class='ocr_line' id='line_1_86' title="bbox 2179 1778 3783 1854; baseline -0.002 -18"><span class='ocrx_word' id='word_1_645' title='bbox 2179 1781 2289 1854; x_wconf 78' lang='grc' dir='ltr'><strong>γὰρ</strong></span> <span class='ocrx_word' id='word_1_646' title='bbox 2318 1782 2398 1836; x_wconf 82' lang='grc' dir='ltr'><strong>ὅτι</strong></span> <span class='ocrx_word' id='word_1_647' title='bbox 2427 1780 2608 1854; x_wconf 88' lang='grc' dir='ltr'><strong>κύριοι</strong></span> <span class='ocrx_word' id='word_1_648' title='bbox 2634 1781 2786 1844; x_wconf 74' lang='grc' dir='ltr'><strong>ὄντες</strong></span> <span class='ocrx_word' id='word_1_649' title='bbox 2814 1779 2908 1834; x_wconf 81' lang='grc' dir='ltr'><strong>τοῦ</strong></span> <span class='ocrx_word' id='word_1_650' title='bbox 2937 1778 3263 1850; x_wconf 81' lang='grc' dir='ltr'><strong>πράγματος</strong></span> <span class='ocrx_word' id='word_1_651' title='bbox 3284 1780 3436 1851; x_wconf 91' lang='grc' dir='ltr'><strong>παρά</strong></span> <span class='ocrx_word' id='word_1_652' title='bbox 3463 1779 3527 1833; x_wconf 84' lang='grc' dir='ltr'><strong>τὸ</strong></span> <span class='ocrx_word' id='word_1_653' title='bbox 3550 1778 3624 1851; x_wconf 81' lang='grc' dir='ltr'><strong>μὴ</strong></span> <span class='ocrx_word' id='word_1_654' title='bbox 3649 1779 3783 1850; x_wconf 85' lang='grc' dir='ltr'><strong>βού-</strong></span> 
     </span>
    </p>
   </div>
   <div class='ocr_carea' id='block_1_86' title="bbox 2182 1861 3784 1933">
    <p class='ocr_par' dir='ltr' id='par_1_86' title="bbox 2182 1861 3784 1933">
     <span class='ocr_line' id='line_1_87' title="bbox 2182 1861 3784 1933; baseline -0.002 -14"><span class='ocrx_word' id='word_1_655' title='bbox 2182 1864 2372 1919; x_wconf 81' lang='grc' dir='ltr'><strong>λεσθαι</strong></span> <span class='ocrx_word' id='word_1_656' title='bbox 2402 1867 2588 1919; x_wconf 90' lang='grc' dir='ltr'><strong>πονεῖν</strong></span> <span class='ocrx_word' id='word_1_657' title='bbox 2635 1864 2737 1918; x_wconf 91' lang='grc' dir='ltr'><strong>οὐκ</strong></span> <span class='ocrx_word' id='word_1_658' title='bbox 2786 1862 3063 1918; x_wconf 80' lang='grc' dir='ltr'><strong>ἀνύουσιν.</strong></span> <span class='ocrx_word' id='word_1_659' title='bbox 3111 1862 3253 1915; x_wconf 81' lang='grc' dir='ltr'><strong>Ἀλλ’</strong></span> <span class='ocrx_word' id='word_1_660' title='bbox 3274 1863 3425 1933; x_wconf 85' lang='grc' dir='ltr'><strong>ὅμως</strong></span> <span class='ocrx_word' id='word_1_661' title='bbox 3447 1861 3571 1915; x_wconf 87' lang='grc' dir='ltr'><strong>οὐδὲ</strong></span> <span class='ocrx_word' id='word_1_662' title='bbox 3599 1861 3784 1927; x_wconf 76' lang='grc' dir='ltr'><strong>οὕτως</strong></span> 
     </span>
    </p>
   </div>
   <div class='ocr_carea' id='block_1_87' title="bbox 2182 1946 3784 2018">
    <p class='ocr_par' dir='ltr' id='par_1_87' title="bbox 2182 1946 3784 2018">
     <span class='ocr_line' id='line_1_88' title="bbox 2182 1946 3784 2018; baseline -0.001 -15"><span class='ocrx_word' id='word_1_663' title='bbox 2182 1950 2381 2013; x_wconf 77' lang='grc' dir='ltr'><strong>αὐτοὺς</strong></span> <span class='ocrx_word' id='word_1_664' title='bbox 2407 1947 2650 2014; x_wconf 78' lang='grc' dir='ltr'><strong>κολάζει,</strong></span> <span class='ocrx_word' id='word_1_665' title='bbox 2668 1947 2789 2001; x_wconf 87' lang='grc' dir='ltr'><strong>οὐδὲ</strong></span> <span class='ocrx_word' id='word_1_666' title='bbox 2815 1946 3083 2018; x_wconf 86' lang='grc' dir='ltr'><strong>τιμωρίας</strong></span> <span class='ocrx_word' id='word_1_667' title='bbox 3103 1946 3440 2011; x_wconf 81' lang='grc' dir='ltr'><strong>ὑπευθύνους</strong></span> <span class='ocrx_word' id='word_1_668' title='bbox 3468 1950 3628 2011; x_wconf 86' lang='grc' dir='ltr'><strong>ποιεῖ,</strong></span> <span class='ocrx_word' id='word_1_669' title='bbox 3655 1946 3784 2001; x_wconf 80' lang='grc' dir='ltr'><strong>ἀλλ’</strong></span> 
     </span>
    </p>
   </div>
   <div class='ocr_carea' id='block_1_88' title="bbox 2185 2029 3785 2103">
    <p class='ocr_par' dir='ltr' id='par_1_88' title="bbox 2185 2029 3785 2103">
     <span class='ocr_line' id='line_1_89' title="bbox 2185 2029 3785 2103; baseline 0 -17"><span class='ocrx_word' id='word_1_670' title='bbox 2185 2032 2423 2087; x_wconf 87' lang='grc' dir='ltr'><strong>ἑπαίνων</strong></span> <span class='ocrx_word' id='word_1_671' title='bbox 2460 2032 2846 2103; x_wconf 84' lang='grc' dir='ltr'><strong>ἀποστερήσας</strong></span> <span class='ocrx_word' id='word_1_672' title='bbox 2877 2031 3062 2102; x_wconf 91' lang='grc' dir='ltr'><strong>μόνον,</strong></span> <span class='ocrx_word' id='word_1_673' title='bbox 3096 2029 3259 2101; x_wconf 83' lang='grc' dir='ltr'><strong>μέχρι</strong></span> <span class='ocrx_word' id='word_1_674' title='bbox 3285 2030 3379 2084; x_wconf 87' lang='grc' dir='ltr'><strong>τοῦ</strong></span> <span class='ocrx_word' id='word_1_675' title='bbox 3419 2031 3508 2085; x_wconf 90' lang='grc' dir='ltr'><strong>διά</strong></span> <span class='ocrx_word' id='word_1_676' title='bbox 3533 2032 3642 2085; x_wconf 86' lang='grc' dir='ltr'><strong>τῶν</strong></span> <span class='ocrx_word' id='word_1_677' title='bbox 3677 2034 3785 2103; x_wconf 64' lang='grc' dir='ltr'><strong>ῥηι</strong></span> 
     </span>
    </p>
   </div>
   <div class='ocr_carea' id='block_1_89' title="bbox 2187 2113 3789 2187">
    <p class='ocr_par' dir='ltr' id='par_1_89' title="bbox 2187 2113 3789 2187">
     <span class='ocr_line' id='line_1_90' title="bbox 2187 2113 3789 2187; baseline 0 -18"><span class='ocrx_word' id='word_1_678' title='bbox 2187 2116 2372 2187; x_wconf 85' lang='grc' dir='ltr'><strong>μάτων</strong></span> <span class='ocrx_word' id='word_1_679' title='bbox 2403 2115 2572 2187; x_wconf 80' lang='grc' dir='ltr'><strong>ψόγου</strong></span> <span class='ocrx_word' id='word_1_680' title='bbox 2610 2116 2710 2186; x_wconf 79' lang='grc' dir='ltr'><strong>τὴν</strong></span> <span class='ocrx_word' id='word_1_681' title='bbox 2748 2113 3090 2186; x_wconf 81' lang='grc' dir='ltr'><strong>σφοδρότητα</strong></span> <span class='ocrx_word' id='word_1_682' title='bbox 3136 2114 3541 2178; x_wconf 76' lang='grc' dir='ltr'><strong>ἐπιδείκνυται,</strong></span> <span class='ocrx_word' id='word_1_683' title='bbox 3587 2115 3789 2169; x_wconf 90' lang='grc' dir='ltr'><strong>παιδο-</strong></span> 
     </span>
    </p>
   </div>
   <div class='ocr_carea' id='block_1_90' title="bbox 2184 2195 3785 2271">
    <p class='ocr_par' dir='ltr' id='par_1_90' title="bbox 2184 2195 3785 2271">
     <span class='ocr_line' id='line_1_91' title="bbox 2184 2195 3785 2271; baseline 0 -18"><span class='ocrx_word' id='word_1_684' title='bbox 2184 2199 2369 2264; x_wconf 91' lang='grc' dir='ltr'><strong>ποιίας</strong></span> <span class='ocrx_word' id='word_1_685' title='bbox 2399 2199 2497 2270; x_wconf 87' lang='grc' dir='ltr'><strong>μὲν</strong></span> <span class='ocrx_word' id='word_1_686' title='bbox 2545 2196 2783 2270; x_wconf 87' lang='grc' dir='ltr'><strong>οὐδαμοῦ</strong></span> <span class='ocrx_word' id='word_1_687' title='bbox 2837 2195 3208 2270; x_wconf 77' lang='grc' dir='ltr'><strong>μεμνημένος,</strong></span> <span class='ocrx_word' id='word_1_688' title='bbox 3264 2199 3363 2268; x_wconf 81' lang='grc' dir='ltr'><strong>τῆς</strong></span> <span class='ocrx_word' id='word_1_689' title='bbox 3415 2198 3785 2271; x_wconf 84' lang='grc' dir='ltr'><strong>εὐπροσώπου</strong></span> 
     </span>
    </p>
   </div>
   <div class='ocr_carea' id='block_1_91' title="bbox 2186 2277 3789 2353">
    <p class='ocr_par' dir='ltr' id='par_1_91' title="bbox 2186 2277 3789 2353">
     <span class='ocr_line' id='line_1_92' title="bbox 2186 2277 3789 2353; baseline 0.001 -17"><span class='ocrx_word' id='word_1_690' title='bbox 2186 2283 2281 2336; x_wconf 74' lang='grc' dir='ltr'><strong>καὶ</strong></span> <span class='ocrx_word' id='word_1_691' title='bbox 2335 2282 2543 2353; x_wconf 84' lang='grc' dir='ltr'><strong>σεμνῆς</strong></span> <span class='ocrx_word' id='word_1_692' title='bbox 2589 2280 2769 2344; x_wconf 78' lang='grc' dir='ltr'><strong>αἰτίας</strong></span> <span class='ocrx_word' id='word_1_693' title='bbox 2826 2280 2923 2334; x_wconf 84' lang='grc' dir='ltr'><strong>τοῦ</strong></span> <span class='ocrx_word' id='word_1_694' title='bbox 2971 2280 3176 2351; x_wconf 88' lang='grc' dir='ltr'><strong>γάμου,</strong></span> <span class='ocrx_word' id='word_1_695' title='bbox 3230 2280 3532 2352; x_wconf 84' lang='grc' dir='ltr'><strong>πυρώσεως</strong></span> <span class='ocrx_word' id='word_1_696' title='bbox 3572 2282 3630 2335; x_wconf 83' lang='grc' dir='ltr'><strong>δὲ</strong></span> <span class='ocrx_word' id='word_1_697' title='bbox 3684 2277 3789 2337; x_wconf 73' lang='grc' dir='ltr'><strong>καὶ</strong></span> 
     </span>
    </p>
   </div>
   <div class='ocr_carea' id='block_1_92' title="bbox 2186 2360 3789 2437">
    <p class='ocr_par' dir='ltr' id='par_1_92' title="bbox 2186 2360 3789 2437">
     <span class='ocr_line' id='line_1_93' title="bbox 2186 2360 3789 2437; baseline 0.001 -18"><span class='ocrx_word' id='word_1_698' title='bbox 2186 2365 2458 2437; x_wconf 84' lang='grc' dir='ltr'><strong>ἀκρασίας</strong></span> <span class='ocrx_word' id='word_1_699' title='bbox 2502 2365 2598 2418; x_wconf 75' lang='grc' dir='ltr'><strong>καὶ</strong></span> <span class='ocrx_word' id='word_1_700' title='bbox 2641 2364 2901 2436; x_wconf 89' lang='grc' dir='ltr'><strong>πορνείας</strong></span> <span class='ocrx_word' id='word_1_701' title='bbox 2945 2365 3041 2418; x_wconf 70' lang='grc' dir='ltr'><strong>καὶ</strong></span> <span class='ocrx_word' id='word_1_702' title='bbox 3091 2364 3288 2435; x_wconf 81' lang='grc' dir='ltr'><strong>πείρας</strong></span> <span class='ocrx_word' id='word_1_703' title='bbox 3333 2366 3646 2437; x_wconf 80' lang='grc' dir='ltr'><strong>σατανικῆς,</strong></span> <span class='ocrx_word' id='word_1_704' title='bbox 3684 2360 3789 2421; x_wconf 68' lang='grc' dir='ltr'><strong>καὶ</strong></span> 
     </span>
    </p>
   </div>
   <div class='ocr_carea' id='block_1_93' title="bbox 2189 2444 3784 2521">
    <p class='ocr_par' dir='ltr' id='par_1_93' title="bbox 2189 2444 3784 2521">
     <span class='ocr_line' id='line_1_94' title="bbox 2189 2444 3784 2521; baseline 0.001 -19"><span class='ocrx_word' id='word_1_705' title='bbox 2189 2450 2332 2521; x_wconf 80' lang='grc' dir='ltr'><strong>ὑπὲρ</strong></span> <span class='ocrx_word' id='word_1_706' title='bbox 2358 2447 2454 2502; x_wconf 91' lang='grc' dir='ltr'><strong>τοῦ</strong></span> <span class='ocrx_word' id='word_1_707' title='bbox 2483 2448 2659 2501; x_wconf 90' lang='grc' dir='ltr'><strong>ταῦτα</strong></span> <span class='ocrx_word' id='word_1_708' title='bbox 2694 2447 2768 2519; x_wconf 79' lang='grc' dir='ltr'><strong>μὴ</strong></span> <span class='ocrx_word' id='word_1_709' title='bbox 2798 2447 3046 2516; x_wconf 86' lang='grc' dir='ltr'><strong>γίνεσθαι</strong></span> <span class='ocrx_word' id='word_1_710' title='bbox 3074 2448 3136 2501; x_wconf 89' lang='grc' dir='ltr'><strong>τὸ</strong></span> <span class='ocrx_word' id='word_1_711' title='bbox 3171 2450 3408 2519; x_wconf 77' lang='grc' dir='ltr'><strong>πρᾶγμα</strong></span> <span class='ocrx_word' id='word_1_712' title='bbox 3454 2444 3784 2521; x_wconf 79' lang='grc' dir='ltr'><strong>συγχωρῶν.</strong></span> 
     </span>
    </p>
   </div>
   <div class='ocr_carea' id='block_1_94' title="bbox 2189 2532 3790 2605">
    <p class='ocr_par' dir='ltr' id='par_1_94' title="bbox 2189 2532 3790 2605">
     <span class='ocr_line' id='line_1_95' title="bbox 2189 2532 3790 2605; baseline 0.001 -17"><span class='ocrx_word' id='word_1_713' title='bbox 2189 2534 2300 2589; x_wconf 80' lang='lat' dir='ltr'><strong>Kal</strong></span> <span class='ocrx_word' id='word_1_714' title='bbox 2326 2533 2379 2586; x_wconf 91' lang='grc' dir='ltr'><strong>τί</strong></span> <span class='ocrx_word' id='word_1_715' title='bbox 2416 2532 2614 2597; x_wconf 86' lang='grc' dir='ltr'><strong>τοῦτο;</strong></span> <span class='ocrx_word' id='word_1_716' title='bbox 2657 2532 2850 2603; x_wconf 73' lang='grc' dir='ltr'><strong>φησίνο</strong></span> <span class='ocrx_word' id='word_1_717' title='bbox 2899 2532 3005 2596; x_wconf 76' lang='grc' dir='ltr'><strong>ἕως</strong></span> <span class='ocrx_word' id='word_1_718' title='bbox 3056 2532 3165 2603; x_wconf 81' lang='grc' dir='ltr'><strong>γὰρ</strong></span> <span class='ocrx_word' id='word_1_719' title='bbox 3221 2533 3287 2586; x_wconf 87' lang='grc' dir='ltr'><strong>ἂν</strong></span> <span class='ocrx_word' id='word_1_720' title='bbox 3332 2533 3464 2587; x_wconf 90' lang='grc' dir='ltr'><strong>αὐτὸ</strong></span> <span class='ocrx_word' id='word_1_721' title='bbox 3508 2533 3790 2605; x_wconf 82' lang='grc' dir='ltr'><strong>τιμωρίας</strong></span> 
     </span>
    </p>
   </div>
   <div class='ocr_carea' id='block_1_95' title="bbox 2188 2613 3787 2692">
    <p class='ocr_par' dir='ltr' id='par_1_95' title="bbox 2188 2613 3787 2692">
     <span class='ocr_line' id='line_1_96' title="bbox 2188 2613 3787 2692; baseline 0.001 -21"><span class='ocrx_word' id='word_1_722' title='bbox 2188 2615 2528 2690; x_wconf 84' lang='grc' dir='ltr'><strong>ἀπαλλάττῃ,</strong></span> <span class='ocrx_word' id='word_1_723' title='bbox 2582 2613 2766 2669; x_wconf 72' lang='grc' dir='ltr'><strong>πᾶσαν</strong></span> <span class='ocrx_word' id='word_1_724' title='bbox 2816 2614 3168 2683; x_wconf 88' lang='grc' dir='ltr'><strong>κατάγνωσιν</strong></span> <span class='ocrx_word' id='word_1_725' title='bbox 3217 2617 3314 2669; x_wconf 79' lang='grc' dir='ltr'><strong>καὶ</strong></span> <span class='ocrx_word' id='word_1_726' title='bbox 3368 2616 3549 2672; x_wconf 87' lang='grc' dir='ltr'><strong>πάντα</strong></span> <span class='ocrx_word' id='word_1_727' title='bbox 3600 2618 3787 2692; x_wconf 84' lang='grc' dir='ltr'><strong>ὀνείδη</strong></span> 
     </span>
    </p>
   </div>
   <div class='ocr_carea' id='block_1_96' title="bbox 2189 2697 3791 2775">
    <p class='ocr_par' dir='ltr' id='par_1_96' title="bbox 2189 2697 3791 2775">
     <span class='ocr_line' id='line_1_97' title="bbox 2189 2697 3791 2775; baseline 0.001 -21"><span class='ocrx_word' id='word_1_728' title='bbox 2189 2701 2426 2764; x_wconf 89' lang='grc' dir='ltr'><strong>εὐκόλως</strong></span> <span class='ocrx_word' id='word_1_729' title='bbox 2456 2701 2710 2771; x_wconf 79' lang='grc' dir='ltr'><strong>οἴσομεν·</strong></span> <span class='ocrx_word' id='word_1_730' title='bbox 2751 2698 2913 2769; x_wconf 88' lang='grc' dir='ltr'><strong>μόνον</strong></span> <span class='ocrx_word' id='word_1_731' title='bbox 2937 2697 3141 2764; x_wconf 81' lang='grc' dir='ltr'><strong>ἑξέστω</strong></span> <span class='ocrx_word' id='word_1_732' title='bbox 3169 2702 3382 2771; x_wconf 78' lang='grc' dir='ltr'><strong>τρυφᾷν</strong></span> <span class='ocrx_word' id='word_1_733' title='bbox 3415 2703 3510 2755; x_wconf 78' lang='grc' dir='ltr'><strong>καὶ</strong></span> <span class='ocrx_word' id='word_1_734' title='bbox 3540 2702 3791 2775; x_wconf 79' lang='grc' dir='ltr'><strong>συνεχῶς</strong></span> 
     </span>
    </p>
   </div>
   <div class='ocr_carea' id='block_1_97' title="bbox 2189 2776 3793 2859">
    <p class='ocr_par' dir='ltr' id='par_1_97' title="bbox 2189 2776 3793 2859">
     <span class='ocr_line' id='line_1_98' title="bbox 2189 2776 3793 2859; baseline 0.001 -19"><span class='ocrx_word' id='word_1_735' title='bbox 2189 2783 2485 2840; x_wconf 84' lang='grc' dir='ltr'><strong>ἀπολαύειν</strong></span> <span class='ocrx_word' id='word_1_736' title='bbox 2534 2784 2851 2855; x_wconf 75' lang='grc' dir='ltr'><strong>ἐπιθυμίας.</strong></span> <span class='ocrx_word' id='word_1_737' title='bbox 2884 2781 2952 2834; x_wconf 98' lang='grc' dir='ltr'><strong>Τί</strong></span> <span class='ocrx_word' id='word_1_738' title='bbox 2991 2778 3105 2847; x_wconf 80' lang='grc' dir='ltr'><strong>οὖν,</strong></span> <span class='ocrx_word' id='word_1_739' title='bbox 3152 2776 3198 2835; x_wconf 83' lang='grc' dir='ltr'>ὧ</span> <span class='ocrx_word' id='word_1_740' title='bbox 3242 2783 3507 2854; x_wconf 88' lang='grc' dir='ltr'><strong>βέλτιστε,</strong></span> <span class='ocrx_word' id='word_1_741' title='bbox 3544 2786 3612 2841; x_wconf 83' lang='grc' dir='ltr'><strong>ἂν</strong></span> <span class='ocrx_word' id='word_1_742' title='bbox 3644 2788 3793 2859; x_wconf 72' lang='grc' dir='ltr'><strong>μηδὲ</strong></span> 
     </span>
    </p>
   </div>
   <div class='ocr_carea' id='block_1_98' title="bbox 2190 2864 3794 2941">
    <p class='ocr_par' dir='ltr' id='par_1_98' title="bbox 2190 2864 3794 2941">
     <span class='ocr_line' id='line_1_99' title="bbox 2190 2864 3794 2941; baseline 0.002 -19"><span class='ocrx_word' id='word_1_743' title='bbox 2190 2870 2404 2941; x_wconf 78' lang='grc' dir='ltr'><strong>τρυφᾷν</strong></span> <span class='ocrx_word' id='word_1_744' title='bbox 2444 2866 2576 2939; x_wconf 78' lang='grc' dir='ltr'>ἐξῇ,</span> <span class='ocrx_word' id='word_1_745' title='bbox 2620 2864 2924 2936; x_wconf 75' lang='grc' dir='ltr'><strong>ὀνειδισμὸν</strong></span> <span class='ocrx_word' id='word_1_746' title='bbox 2975 2866 3386 2938; x_wconf 86' lang='grc' dir='ltr'><strong>καρπωσόμεθοι</strong></span> <span class='ocrx_word' id='word_1_747' title='bbox 3431 2869 3625 2939; x_wconf 88' lang='grc' dir='ltr'><strong>μόνον;</strong></span> <span class='ocrx_word' id='word_1_748' title='bbox 3672 2871 3794 2925; x_wconf 79' lang='lat' dir='ltr'><strong>Kal</strong></span> 
     </span>
    </p>
   </div>
   <div class='ocr_carea' id='block_1_99' title="bbox 2191 2950 3793 3022">
    <p class='ocr_par' dir='ltr' id='par_1_99' title="bbox 2191 2950 3793 3022">
     <span class='ocr_line' id='line_1_100' title="bbox 2191 2950 3793 3022; baseline 0 -15"><span class='ocrx_word' id='word_1_749' title='bbox 2191 2953 2331 3019; x_wconf 83' lang='grc' dir='ltr'><strong>πῶς,</strong></span> <span class='ocrx_word' id='word_1_750' title='bbox 2364 2952 2552 3022; x_wconf 76' lang='grc' dir='ltr'><strong>φησὶν,</strong></span> <span class='ocrx_word' id='word_1_751' title='bbox 2585 2951 2689 3004; x_wconf 90' lang='grc' dir='ltr'><strong>οὐκ</strong></span> <span class='ocrx_word' id='word_1_752' title='bbox 2728 2951 2907 3016; x_wconf 75' lang='grc' dir='ltr'><strong>ἔξεστι</strong></span> <span class='ocrx_word' id='word_1_753' title='bbox 2936 2952 3169 3021; x_wconf 78' lang='grc' dir='ltr'><strong>τρυφᾷν,</strong></span> <span class='ocrx_word' id='word_1_754' title='bbox 3199 2950 3292 3004; x_wconf 91' lang='grc' dir='ltr'><strong>τοῦ</strong></span> <span class='ocrx_word' id='word_1_755' title='bbox 3333 2952 3546 3006; x_wconf 87' lang='grc' dir='ltr'><strong>Παύλου</strong></span> <span class='ocrx_word' id='word_1_756' title='bbox 3591 2952 3793 3022; x_wconf 81' lang='grc' dir='ltr'><strong>λέγον-</strong></span> 
     </span>
    </p>
   </div>
   <div class='ocr_carea' id='block_1_100' title="bbox 2198 3034 3795 3106">
    <p class='ocr_par' dir='ltr' id='par_1_100' title="bbox 2198 3034 3795 3106">
     <span class='ocr_line' id='line_1_101' title="bbox 2198 3034 3795 3106; baseline -0.001 -14"><span class='ocrx_word' id='word_1_757' title='bbox 2198 3053 2314 3102; x_wconf 76' lang='grc' dir='ltr'><strong>τος’</strong></span> <span class='ocrx_word' id='word_1_758' title='bbox 2360 3039 2429 3090; x_wconf 73' lang='grc' dir='ltr'><strong>Εἰ</strong></span> <span class='ocrx_word' id='word_1_759' title='bbox 2474 3035 2544 3089; x_wconf 80' lang='grc' dir='ltr'><strong>δὲ</strong></span> <span class='ocrx_word' id='word_1_760' title='bbox 2604 3037 2719 3089; x_wconf 85' lang='grc' dir='ltr'><strong>οὐκ</strong></span> <span class='ocrx_word' id='word_1_761' title='bbox 2762 3034 3245 3104; x_wconf 76' lang='grc' dir='ltr'><strong>ἐγκρατεύονται,</strong></span> <span class='ocrx_word' id='word_1_762' title='bbox 3300 3037 3795 3106; x_wconf 79' lang='grc' dir='ltr'><strong>γαμησάτωσαν;</strong></span> 
     </span>
    </p>
   </div>
   <div class='ocr_carea' id='block_1_101' title="bbox 2203 3116 3796 3193">
    <p class='ocr_par' dir='ltr' id='par_1_101' title="bbox 2203 3116 3796 3193">
     <span class='ocr_line' id='line_1_102' title="bbox 2203 3116 3796 3193; baseline 0.001 -19"><span class='ocrx_word' id='word_1_763' title='bbox 2203 3120 2345 3174; x_wconf 85' lang='grc' dir='ltr'><strong>Ἀλλ’</strong></span> <span class='ocrx_word' id='word_1_764' title='bbox 2376 3119 2543 3173; x_wconf 80' lang='grc' dir='ltr'><strong>ἄκουε</strong></span> <span class='ocrx_word' id='word_1_765' title='bbox 2566 3118 2662 3173; x_wconf 82' lang='grc' dir='ltr'><strong>καὶ</strong></span> <span class='ocrx_word' id='word_1_766' title='bbox 2690 3116 2759 3171; x_wconf 83' lang='grc' dir='ltr'><strong>τά</strong></span> <span class='ocrx_word' id='word_1_767' title='bbox 2790 3117 3166 3189; x_wconf 85' lang='grc' dir='ltr'><strong>προσκείμενα</strong></span> <span class='ocrx_word' id='word_1_768' title='bbox 3198 3118 3393 3193; x_wconf 83' lang='grc' dir='ltr'><strong>τούτῳ.</strong></span> <span class='ocrx_word' id='word_1_769' title='bbox 3434 3121 3676 3192; x_wconf 87' lang='grc' dir='ltr'><strong>Ἔμαθες</strong></span> <span class='ocrx_word' id='word_1_770' title='bbox 3704 3123 3796 3176; x_wconf 81' lang='grc' dir='ltr'><strong>ὅτι</strong></span> 
     </span>
    </p>
   </div>
   <div class='ocr_carea' id='block_1_102' title="bbox 2189 3199 3792 3278">
    <p class='ocr_par' dir='ltr' id='par_1_102' title="bbox 2189 3199 3792 3278">
     <span class='ocr_line' id='line_1_103' title="bbox 2189 3199 3792 3278; baseline 0.001 -18"><span class='ocrx_word' id='word_1_771' title='bbox 2189 3208 2439 3277; x_wconf 82' lang='grc' dir='ltr'><strong>κρεῖττον</strong></span> <span class='ocrx_word' id='word_1_772' title='bbox 2476 3199 2539 3257; x_wconf 91' lang='grc' dir='ltr'><strong>τὸ</strong></span> <span class='ocrx_word' id='word_1_773' title='bbox 2581 3202 2832 3273; x_wconf 81' lang='grc' dir='ltr'><strong>γαμῆσαι</strong></span> <span class='ocrx_word' id='word_1_774' title='bbox 2865 3202 2898 3273; x_wconf 79' lang='grc' dir='ltr'>ἢ</span> <span class='ocrx_word' id='word_1_775' title='bbox 2929 3201 3267 3272; x_wconf 83' lang='grc' dir='ltr'><strong>πυροῦσθαι·</strong></span> <span class='ocrx_word' id='word_1_776' title='bbox 3300 3205 3548 3273; x_wconf 77' lang='grc' dir='ltr'><strong>ἀπεδέξω</strong></span> <span class='ocrx_word' id='word_1_777' title='bbox 3574 3206 3635 3260; x_wconf 87' lang='grc' dir='ltr'><strong>τὸ</strong></span> <span class='ocrx_word' id='word_1_778' title='bbox 3660 3207 3792 3278; x_wconf 74' lang='grc' dir='ltr'><strong>ἡδὺ,</strong></span> 
     </span>
    </p>
   </div>
   <div class='ocr_carea' id='block_1_103' title="bbox 2189 3286 3800 3364">
    <p class='ocr_par' dir='ltr' id='par_1_103' title="bbox 2189 3286 3800 3364">
     <span class='ocr_line' id='line_1_104' title="bbox 2189 3286 3800 3364; baseline -0.003 -18"><span class='ocrx_word' id='word_1_779' title='bbox 2189 3290 2463 3364; x_wconf 71' lang='grc' dir='ltr'><strong>ἑπῄνεσας</strong></span> <span class='ocrx_word' id='word_1_780' title='bbox 2494 3287 2594 3360; x_wconf 79' lang='grc' dir='ltr'><strong>τὴν</strong></span> <span class='ocrx_word' id='word_1_781' title='bbox 2634 3286 3006 3360; x_wconf 84' lang='grc' dir='ltr'><strong>συγχώρησιν,</strong></span> <span class='ocrx_word' id='word_1_782' title='bbox 3041 3288 3361 3361; x_wconf 77' lang='grc' dir='ltr'><strong>ἐθαύμασας</strong></span> <span class='ocrx_word' id='word_1_783' title='bbox 3390 3293 3488 3363; x_wconf 73' lang='grc' dir='ltr'><strong>τῆς</strong></span> <span class='ocrx_word' id='word_1_784' title='bbox 3515 3286 3800 3364; x_wconf 62' lang='grc' dir='ltr'><strong>συγκατα-</strong></span> 
     </span>
    </p>
   </div>
   <div class='ocr_carea' id='block_1_104' title="bbox 2190 3370 3794 3447">
    <p class='ocr_par' dir='ltr' id='par_1_104' title="bbox 2190 3370 3794 3447">
     <span class='ocr_line' id='line_1_105' title="bbox 2190 3370 3794 3447; baseline 0.002 -20"><span class='ocrx_word' id='word_1_785' title='bbox 2190 3374 2405 3439; x_wconf 81' lang='grc' dir='ltr'><strong>ϐάσεως</strong></span> <span class='ocrx_word' id='word_1_786' title='bbox 2431 3373 2521 3428; x_wconf 88' lang='grc' dir='ltr'><strong>τὸν</strong></span> <span class='ocrx_word' id='word_1_787' title='bbox 2556 3372 2857 3427; x_wconf 87' lang='grc' dir='ltr'><strong>ἀπόστολον</strong></span> <span class='ocrx_word' id='word_1_788' title='bbox 2878 3388 2891 3401; x_wconf 85' lang='grc'><em>’</em></span> <span class='ocrx_word' id='word_1_789' title='bbox 2924 3370 3062 3426; x_wconf 88' lang='grc' dir='ltr'><strong>ἀλλά</strong></span> <span class='ocrx_word' id='word_1_790' title='bbox 3097 3373 3171 3444; x_wconf 80' lang='grc' dir='ltr'><strong>μὴ</strong></span> <span class='ocrx_word' id='word_1_791' title='bbox 3206 3376 3337 3445; x_wconf 86' lang='grc' dir='ltr'><strong>στῇς</strong></span> <span class='ocrx_word' id='word_1_792' title='bbox 3376 3375 3537 3447; x_wconf 82' lang='grc' dir='ltr'><strong>μέχρι</strong></span> <span class='ocrx_word' id='word_1_793' title='bbox 3569 3377 3794 3443; x_wconf 85' lang='grc' dir='ltr'><strong>τούτου,</strong></span> 
     </span>
    </p>
   </div>
   <div class='ocr_carea' id='block_1_105' title="bbox 2193 3454 3803 3534">
    <p class='ocr_par' dir='ltr' id='par_1_105' title="bbox 2193 3454 3803 3534">
     <span class='ocr_line' id='line_1_106' title="bbox 2193 3454 3803 3534; baseline 0.001 -21"><span class='ocrx_word' id='word_1_794' title='bbox 2193 3458 2346 3531; x_wconf 71' lang='grc' dir='ltr'><strong>δέχου</strong></span> <span class='ocrx_word' id='word_1_795' title='bbox 2382 3458 2480 3512; x_wconf 76' lang='grc' dir='ltr'><strong>καὶ</strong></span> <span class='ocrx_word' id='word_1_796' title='bbox 2518 3455 2587 3512; x_wconf 88' lang='grc' dir='ltr'><strong>τά</strong></span> <span class='ocrx_word' id='word_1_797' title='bbox 2619 3455 2758 3529; x_wconf 89' lang='grc' dir='ltr'><strong>μετά</strong></span> <span class='ocrx_word' id='word_1_798' title='bbox 2798 3454 3001 3509; x_wconf 89' lang='grc' dir='ltr'><strong>ταῦτα·</strong></span> <span class='ocrx_word' id='word_1_799' title='bbox 3032 3455 3126 3509; x_wconf 91' lang='grc' dir='ltr'><strong>τοῦ</strong></span> <span class='ocrx_word' id='word_1_800' title='bbox 3164 3456 3274 3529; x_wconf 88' lang='grc' dir='ltr'><strong>γάρ</strong></span> <span class='ocrx_word' id='word_1_801' title='bbox 3302 3458 3469 3512; x_wconf 90' lang='grc' dir='ltr'><strong>αὐτοῦ</strong></span> <span class='ocrx_word' id='word_1_802' title='bbox 3502 3460 3803 3534; x_wconf 81' lang='grc' dir='ltr'><strong>ἀμφότερα</strong></span> 
     </span>
    </p>
   </div>
   <div class='ocr_carea' id='block_1_106' title="bbox 2189 3534 3800 3615">
    <p class='ocr_par' dir='ltr' id='par_1_106' title="bbox 2189 3534 3800 3615">
     <span class='ocr_line' id='line_1_107' title="bbox 2189 3534 3800 3615; baseline 0.002 -17"><span class='ocrx_word' id='word_1_803' title='bbox 2189 3544 2259 3598; x_wconf 85' lang='grc' dir='ltr'><strong>τά</strong></span> <span class='ocrx_word' id='word_1_804' title='bbox 2289 3540 2743 3615; x_wconf 89' lang='grc' dir='ltr'><strong>παραγγέλματα.</strong></span> <span class='ocrx_word' id='word_1_805' title='bbox 2780 3540 2847 3593; x_wconf 91' lang='grc' dir='ltr'><strong>Τί</strong></span> <span class='ocrx_word' id='word_1_806' title='bbox 2882 3534 2976 3593; x_wconf 79' lang='grc' dir='ltr'><strong>οὖν</strong></span> <span class='ocrx_word' id='word_1_807' title='bbox 3005 3538 3145 3611; x_wconf 82' lang='grc' dir='ltr'><strong>μετὰ</strong></span> <span class='ocrx_word' id='word_1_808' title='bbox 3167 3540 3345 3595; x_wconf 91' lang='grc' dir='ltr'><strong>ταῦτά</strong></span> <span class='ocrx_word' id='word_1_809' title='bbox 3364 3560 3531 3614; x_wconf 87' lang='grc' dir='ltr'><strong>φησι;</strong></span> <span class='ocrx_word' id='word_1_810' title='bbox 3568 3543 3691 3612; x_wconf 79' lang='grc' dir='ltr'><strong>Τοῖς</strong></span> <span class='ocrx_word' id='word_1_811' title='bbox 3721 3546 3800 3600; x_wconf 75' lang='grc' dir='ltr'><strong>δὲ</strong></span> 
     </span>
    </p>
   </div>
   <div class='ocr_carea' id='block_1_107' title="bbox 2196 3622 3793 3700">
    <p class='ocr_par' dir='ltr' id='par_1_107' title="bbox 2196 3622 3793 3700">
     <span class='ocr_line' id='line_1_108' title="bbox 2196 3622 3793 3700; baseline 0.001 -20"><span class='ocrx_word' id='word_1_812' title='bbox 2196 3626 2564 3700; x_wconf 76' lang='grc' dir='ltr'><strong>γεγαμηκόσι</strong></span> <span class='ocrx_word' id='word_1_813' title='bbox 2589 3622 3009 3694; x_wconf 72' lang='grc' dir='ltr'><strong>παραγγέλλω,</strong></span> <span class='ocrx_word' id='word_1_814' title='bbox 3030 3625 3142 3677; x_wconf 84' lang='grc' dir='ltr'><strong>οὐκ</strong></span> <span class='ocrx_word' id='word_1_815' title='bbox 3164 3624 3299 3694; x_wconf 86' lang='grc' dir='ltr'><strong>ἐγὼ,</strong></span> <span class='ocrx_word' id='word_1_816' title='bbox 3325 3626 3445 3679; x_wconf 71' lang='grc' dir='ltr'><strong>ἀλλ</strong></span> <span class='ocrx_word' id='word_1_817' title='bbox 3461 3626 3475 3647; x_wconf 82' lang='grc'>’</span> <span class='ocrx_word' id='word_1_818' title='bbox 3494 3630 3528 3680; x_wconf 84' lang='grc' dir='ltr'><strong>ό</strong></span> <span class='ocrx_word' id='word_1_819' title='bbox 3544 3625 3793 3696; x_wconf 76' lang='grc' dir='ltr'><strong>Κύριος,</strong></span> 
     </span>
    </p>
   </div>
   <div class='ocr_carea' id='block_1_108' title="bbox 2190 3704 3795 3783">
    <p class='ocr_par' dir='ltr' id='par_1_108' title="bbox 2190 3704 3795 3783">
     <span class='ocr_line' id='line_1_109' title="bbox 2190 3704 3795 3783; baseline 0.001 -18"><span class='ocrx_word' id='word_1_820' title='bbox 2190 3711 2447 3783; x_wconf 79' lang='grc' dir='ltr'><strong>γυναῖκα</strong></span> <span class='ocrx_word' id='word_1_821' title='bbox 2493 3707 2613 3765; x_wconf 81' lang='grc' dir='ltr'><strong>ἀπὸ</strong></span> <span class='ocrx_word' id='word_1_822' title='bbox 2638 3706 2863 3775; x_wconf 82' lang='grc' dir='ltr'><strong>ἀνδρὸς</strong></span> <span class='ocrx_word' id='word_1_823' title='bbox 2891 3704 2976 3775; x_wconf 80' lang='grc' dir='ltr'><strong>μὴ</strong></span> <span class='ocrx_word' id='word_1_824' title='bbox 3000 3707 3401 3777; x_wconf 71' lang='grc' dir='ltr'><strong>χωρισθῆναισ</strong></span> <span class='ocrx_word' id='word_1_825' title='bbox 3430 3708 3541 3763; x_wconf 86' lang='grc' dir='ltr'><strong>ἐὰν</strong></span> <span class='ocrx_word' id='word_1_826' title='bbox 3584 3710 3653 3765; x_wconf 83' lang='grc' dir='ltr'><strong>δὲ</strong></span> <span class='ocrx_word' id='word_1_827' title='bbox 3685 3714 3795 3766; x_wconf 77' lang='grc' dir='ltr'><strong>καὶ</strong></span> 
     </span>
    </p>
   </div>
   <div class='ocr_carea' id='block_1_109' title="bbox 2194 3789 3800 3867">
    <p class='ocr_par' dir='ltr' id='par_1_109' title="bbox 2194 3789 3800 3867">
     <span class='ocr_line' id='line_1_110' title="bbox 2194 3789 3800 3867; baseline -0.001 -18"><span class='ocrx_word' id='word_1_828' title='bbox 2194 3792 2480 3867; x_wconf 80' lang='grc' dir='ltr'><strong>χωρισθῇ,</strong></span> <span class='ocrx_word' id='word_1_829' title='bbox 2502 3790 2729 3861; x_wconf 80' lang='grc' dir='ltr'><strong>μενέτω</strong></span> <span class='ocrx_word' id='word_1_830' title='bbox 2756 3789 3007 3860; x_wconf 78' lang='grc' dir='ltr'><strong>ἄγαμος,</strong></span> <span class='ocrx_word' id='word_1_831' title='bbox 3036 3790 3075 3858; x_wconf 78' lang='grc' dir='ltr'><strong>ἢ</strong></span> <span class='ocrx_word' id='word_1_832' title='bbox 3104 3789 3185 3857; x_wconf 87' lang='grc' dir='ltr'><strong>τῷ</strong></span> <span class='ocrx_word' id='word_1_833' title='bbox 3210 3790 3385 3860; x_wconf 79' lang='grc' dir='ltr'><strong>ἀνδρί</strong></span> <span class='ocrx_word' id='word_1_834' title='bbox 3418 3795 3800 3866; x_wconf 73' lang='grc' dir='ltr'><strong>καταλλαγή-</strong></span> 
     </span>
    </p>
   </div>
   <div class='ocr_carea' id='block_1_110' title="bbox 2192 3872 3388 3944">
    <p class='ocr_par' dir='ltr' id='par_1_110' title="bbox 2192 3872 3388 3944">
     <span class='ocr_line' id='line_1_111' title="bbox 2192 3872 3388 3944; baseline 0.003 -16"><span class='ocrx_word' id='word_1_835' title='bbox 2192 3897 2271 3935; x_wconf 81' lang='grc' dir='ltr'><strong>τω</strong></span> <span class='ocrx_word' id='word_1_836' title='bbox 2287 3889 2312 3919; x_wconf 73' lang='grc' dir='ltr'>ι</span> <span class='ocrx_word' id='word_1_837' title='bbox 2333 3893 2347 3907; x_wconf 91' lang='grc'>·</span> <span class='ocrx_word' id='word_1_838' title='bbox 2378 3875 2480 3931; x_wconf 79' lang='grc' dir='ltr'><strong>καί</strong></span> <span class='ocrx_word' id='word_1_839' title='bbox 2516 3873 2707 3944; x_wconf 78' lang='grc' dir='ltr'><strong>ἄνδρα</strong></span> <span class='ocrx_word' id='word_1_840' title='bbox 2733 3872 2988 3944; x_wconf 83' lang='grc' dir='ltr'><strong>γυναῖκα</strong></span> <span class='ocrx_word' id='word_1_841' title='bbox 3007 3872 3093 3943; x_wconf 79' lang='grc' dir='ltr'><strong>μὴ</strong></span> <span class='ocrx_word' id='word_1_842' title='bbox 3128 3875 3388 3944; x_wconf 69' lang='grc' dir='ltr'><strong>ἀφιέναι.</strong></span> 
     </span>
    </p>
   </div>
   <div class='ocr_carea' id='block_1_111' title="bbox 2261 3955 3797 4040">
    <p class='ocr_par' dir='ltr' id='par_1_111' title="bbox 2261 3955 3797 4040">
     <span class='ocr_line' id='line_1_112' title="bbox 2261 3955 3797 4040; baseline -0.001 -22"><span class='ocrx_word' id='word_1_843' title='bbox 2261 3964 2352 4018; x_wconf 86' lang='grc' dir='ltr'><strong>Μ’.</strong></span> <span class='ocrx_word' id='word_1_844' title='bbox 2396 3962 2462 4015; x_wconf 89' lang='grc' dir='ltr'><strong>Τί</strong></span> <span class='ocrx_word' id='word_1_845' title='bbox 2490 3955 2605 4024; x_wconf 83' lang='grc' dir='ltr'><strong>οὖν,</strong></span> <span class='ocrx_word' id='word_1_846' title='bbox 2654 3957 2750 4012; x_wconf 85' lang='grc' dir='ltr'><strong>ὲάν</strong></span> <span class='ocrx_word' id='word_1_847' title='bbox 2780 3955 2893 4040; x_wconf 80' lang='grc' dir='ltr'><strong>μὲν</strong></span> <span class='ocrx_word' id='word_1_848' title='bbox 2918 3960 2948 4011; x_wconf 84' lang='grc' dir='ltr'>ὁ</span> <span class='ocrx_word' id='word_1_849' title='bbox 2983 3957 3125 4030; x_wconf 83' lang='grc' dir='ltr'><strong>ἀνὴρ</strong></span> <span class='ocrx_word' id='word_1_850' title='bbox 3149 3959 3393 4032; x_wconf 70' lang='grc' dir='ltr'><strong>ἐπιεικὴς</strong></span> <span class='ocrx_word' id='word_1_851' title='bbox 3422 3956 3477 4036; x_wconf 81' lang='grc' dir='ltr'><strong>ᾖ,</strong></span> <span class='ocrx_word' id='word_1_852' title='bbox 3504 3964 3538 4034; x_wconf 81' lang='grc' dir='ltr'>ἠ</span> <span class='ocrx_word' id='word_1_853' title='bbox 3567 3962 3625 4017; x_wconf 87' lang='grc' dir='ltr'><strong>δὲ</strong></span> <span class='ocrx_word' id='word_1_854' title='bbox 3651 3967 3797 4040; x_wconf 73' lang='grc' dir='ltr'><strong>γυνὴ</strong></span> 
     </span>
    </p>
   </div>
   <div class='ocr_carea' id='block_1_112' title="bbox 2196 4039 3798 4120">
    <p class='ocr_par' dir='ltr' id='par_1_112' title="bbox 2196 4039 3798 4120">
     <span class='ocr_line' id='line_1_113' title="bbox 2196 4039 3798 4120; baseline 0.002 -20"><span class='ocrx_word' id='word_1_855' title='bbox 2196 4045 2467 4120; x_wconf 81' lang='grc' dir='ltr'><strong>μοχθηρὰ,</strong></span> <span class='ocrx_word' id='word_1_856' title='bbox 2489 4042 2752 4114; x_wconf 88' lang='grc' dir='ltr'><strong>λοίδορος,</strong></span> <span class='ocrx_word' id='word_1_857' title='bbox 2776 4039 2960 4107; x_wconf 87' lang='grc' dir='ltr'><strong>λάλος,</strong></span> <span class='ocrx_word' id='word_1_858' title='bbox 2988 4042 3309 4115; x_wconf 76' lang='grc' dir='ltr'><strong>πολυτελὴς,</strong></span> <span class='ocrx_word' id='word_1_859' title='bbox 3337 4045 3396 4099; x_wconf 88' lang='grc' dir='ltr'><strong>τὸ</strong></span> <span class='ocrx_word' id='word_1_860' title='bbox 3427 4046 3603 4101; x_wconf 90' lang='grc' dir='ltr'><strong>κοινὸν</strong></span> <span class='ocrx_word' id='word_1_861' title='bbox 3630 4039 3798 4104; x_wconf 79' lang='grc' dir='ltr'><strong>τοῦτο</strong></span> 
     </span>
    </p>
   </div>
   <div class='ocr_carea' id='block_1_113' title="bbox 2192 4125 3797 4203">
    <p class='ocr_par' dir='ltr' id='par_1_113' title="bbox 2192 4125 3797 4203">
     <span class='ocr_line' id='line_1_114' title="bbox 2192 4125 3797 4203; baseline 0 -16"><span class='ocrx_word' id='word_1_862' title='bbox 2192 4131 2387 4187; x_wconf 86' lang='grc' dir='ltr'><strong>πασῶν</strong></span> <span class='ocrx_word' id='word_1_863' title='bbox 2435 4127 2619 4184; x_wconf 84' lang='grc' dir='ltr'><strong>αὐτῶν</strong></span> <span class='ocrx_word' id='word_1_864' title='bbox 2682 4128 2919 4197; x_wconf 87' lang='grc' dir='ltr'><strong>νόσημα,</strong></span> <span class='ocrx_word' id='word_1_865' title='bbox 2974 4125 3177 4198; x_wconf 79' lang='grc' dir='ltr'><strong>ἑτέρων</strong></span> <span class='ocrx_word' id='word_1_866' title='bbox 3235 4129 3495 4184; x_wconf 81' lang='grc' dir='ltr'><strong>πλειόνων</strong></span> <span class='ocrx_word' id='word_1_867' title='bbox 3538 4132 3797 4203; x_wconf 83' lang='grc' dir='ltr'><strong>γέμουσα</strong></span> 
     </span>
    </p>
   </div>
   <div class='ocr_carea' id='block_1_114' title="bbox 2194 4210 3794 4288">
    <p class='ocr_par' dir='ltr' id='par_1_114' title="bbox 2194 4210 3794 4288">
     <span class='ocr_line' id='line_1_115' title="bbox 2194 4210 3794 4288; baseline -0.001 -16"><span class='ocrx_word' id='word_1_868' title='bbox 2194 4216 2406 4281; x_wconf 80' lang='grc' dir='ltr'><strong>κακῶν,</strong></span> <span class='ocrx_word' id='word_1_869' title='bbox 2446 4214 2564 4277; x_wconf 83' lang='grc' dir='ltr'><strong>πῶς</strong></span> <span class='ocrx_word' id='word_1_870' title='bbox 2611 4212 2750 4266; x_wconf 79' lang='grc' dir='ltr'><strong>οἴσει</strong></span> <span class='ocrx_word' id='word_1_871' title='bbox 2778 4216 2878 4280; x_wconf 79' lang='grc' dir='ltr'><strong>τὴν</strong></span> <span class='ocrx_word' id='word_1_872' title='bbox 2912 4210 3291 4284; x_wconf 80' lang='grc' dir='ltr'><strong>καθημερινὴν</strong></span> <span class='ocrx_word' id='word_1_873' title='bbox 3343 4213 3548 4285; x_wconf 89' lang='grc' dir='ltr'><strong>ταύτην</strong></span> <span class='ocrx_word' id='word_1_874' title='bbox 3593 4216 3794 4288; x_wconf 85' lang='grc' dir='ltr'><strong>ἀηδίαν</strong></span> 
     </span>
    </p>
   </div>
   <div class='ocr_carea' id='block_1_115' title="bbox 2194 4293 3795 4368">
    <p class='ocr_par' dir='ltr' id='par_1_115' title="bbox 2194 4293 3795 4368">
     <span class='ocr_line' id='line_1_116' title="bbox 2194 4293 3795 4368; baseline -0.002 -14"><span class='ocrx_word' id='word_1_875' title='bbox 2194 4298 2403 4362; x_wconf 71' lang='grc' dir='ltr'><strong>ἐκεῖνος</strong></span> <span class='ocrx_word' id='word_1_876' title='bbox 2429 4298 2458 4351; x_wconf 86' lang='grc' dir='ltr'><strong>ό</strong></span> <span class='ocrx_word' id='word_1_877' title='bbox 2490 4296 2748 4359; x_wconf 87' lang='grc' dir='ltr'><strong>δείλαιος,</strong></span> <span class='ocrx_word' id='word_1_878' title='bbox 2771 4293 2866 4347; x_wconf 90' lang='grc' dir='ltr'><strong>τὸν</strong></span> <span class='ocrx_word' id='word_1_879' title='bbox 2897 4294 3090 4364; x_wconf 88' lang='grc' dir='ltr'><strong>τῦφον,</strong></span> <span class='ocrx_word' id='word_1_880' title='bbox 3124 4294 3220 4367; x_wconf 83' lang='grc' dir='ltr'><strong>τὴν</strong></span> <span class='ocrx_word' id='word_1_881' title='bbox 3271 4297 3689 4368; x_wconf 83' lang='grc' dir='ltr'><strong>ἀναισχυντίαν;</strong></span> <span class='ocrx_word' id='word_1_882' title='bbox 3723 4302 3795 4356; x_wconf 80' lang='grc' dir='ltr'><strong>Τί</strong></span> 
     </span>
    </p>
   </div>
   <div class='ocr_carea' id='block_1_116' title="bbox 2194 4373 3794 4456">
    <p class='ocr_par' dir='ltr' id='par_1_116' title="bbox 2194 4373 3794 4456">
     <span class='ocr_line' id='line_1_117' title="bbox 2194 4373 3794 4456; baseline -0.001 -17"><span class='ocrx_word' id='word_1_883' title='bbox 2194 4384 2303 4448; x_wconf 71' lang='grc' dir='ltr'><strong>δαὶ,</strong></span> <span class='ocrx_word' id='word_1_884' title='bbox 2335 4382 2402 4438; x_wconf 78' lang='grc' dir='ltr'><strong>ἂν</strong></span> <span class='ocrx_word' id='word_1_885' title='bbox 2456 4378 2769 4435; x_wconf 88' lang='grc' dir='ltr'><strong>τούναντίον</strong></span> <span class='ocrx_word' id='word_1_886' title='bbox 2815 4378 2956 4450; x_wconf 82' lang='grc' dir='ltr'><strong>αὐτὴ</strong></span> <span class='ocrx_word' id='word_1_887' title='bbox 2996 4379 3098 4447; x_wconf 87' lang='grc' dir='ltr'><strong>μὲν</strong></span> <span class='ocrx_word' id='word_1_888' title='bbox 3203 4382 3405 4452; x_wconf 87' lang='grc' dir='ltr'><strong>κοσμία</strong></span> <span class='ocrx_word' id='word_1_889' title='bbox 3433 4384 3527 4437; x_wconf 79' lang='grc' dir='ltr'><strong>καὶ</strong></span> <span class='ocrx_word' id='word_1_890' title='bbox 3559 4384 3794 4456; x_wconf 81' lang='grc' dir='ltr'><strong>ἥσυχος,</strong></span> 
     </span>
    </p>
   </div>
   <div class='ocr_carea' id='block_1_117' title="bbox 2190 4461 3801 4538">
    <p class='ocr_par' dir='ltr' id='par_1_117' title="bbox 2190 4461 3801 4538">
     <span class='ocr_line' id='line_1_118' title="bbox 2190 4461 3801 4538; baseline 0.001 -17"><span class='ocrx_word' id='word_1_891' title='bbox 2190 4470 2406 4530; x_wconf 77' lang='grc' dir='ltr'><strong>,ἐκεῖνος</strong></span> <span class='ocrx_word' id='word_1_892' title='bbox 2434 4465 2493 4519; x_wconf 88' lang='grc' dir='ltr'><strong>δὲ</strong></span> <span class='ocrx_word' id='word_1_893' title='bbox 2523 4463 2750 4536; x_wconf 81' lang='grc' dir='ltr'><strong>θρασὺς,</strong></span> <span class='ocrx_word' id='word_1_894' title='bbox 2787 4461 3178 4532; x_wconf 83' lang='grc' dir='ltr'><strong>ὑπεροπτικὸς,</strong></span> <span class='ocrx_word' id='word_1_895' title='bbox 3212 4464 3453 4535; x_wconf 86' lang='grc' dir='ltr'><strong>ὀργίλος,</strong></span> <span class='ocrx_word' id='word_1_896' title='bbox 3491 4468 3660 4521; x_wconf 82' lang='grc' dir='ltr'><strong>πολὺν</strong></span> <span class='ocrx_word' id='word_1_897' title='bbox 3690 4464 3801 4538; x_wconf 75' lang='grc' dir='ltr'><strong>μὲν</strong></span> 
     </span>
    </p>
   </div>
   <div class='ocr_carea' id='block_1_118' title="bbox 2197 4545 3802 4620">
    <p class='ocr_par' dir='ltr' id='par_1_118' title="bbox 2197 4545 3802 4620">
     <span class='ocr_line' id='line_1_119' title="bbox 2197 4545 3802 4620; baseline 0.001 -15"><span class='ocrx_word' id='word_1_898' title='bbox 2197 4551 2308 4605; x_wconf 88' lang='grc' dir='ltr'><strong>ἀπὸ</strong></span> <span class='ocrx_word' id='word_1_899' title='bbox 2346 4550 2455 4603; x_wconf 83' lang='grc' dir='ltr'><strong>τῶν</strong></span> <span class='ocrx_word' id='word_1_900' title='bbox 2488 4547 2812 4620; x_wconf 87' lang='grc' dir='ltr'><strong>χρημάτων,</strong></span> <span class='ocrx_word' id='word_1_901' title='bbox 2847 4545 3018 4599; x_wconf 82' lang='grc' dir='ltr'><strong>πολὺν</strong></span> <span class='ocrx_word' id='word_1_902' title='bbox 3070 4546 3129 4600; x_wconf 86' lang='grc' dir='ltr'><strong>δὲ</strong></span> <span class='ocrx_word' id='word_1_903' title='bbox 3176 4547 3285 4600; x_wconf 88' lang='grc' dir='ltr'><strong>ἀπὸ</strong></span> <span class='ocrx_word' id='word_1_904' title='bbox 3330 4552 3431 4620; x_wconf 82' lang='grc' dir='ltr'><strong>τῆς</strong></span> <span class='ocrx_word' id='word_1_905' title='bbox 3467 4549 3802 4619; x_wconf 87' lang='grc' dir='ltr'><strong>δυναστείας</strong></span> 
     </span>
    </p>
   </div>
   <div class='ocr_carea' id='block_1_119' title="bbox 2193 4629 3802 4709">
    <p class='ocr_par' dir='ltr' id='par_1_119' title="bbox 2193 4629 3802 4709">
     <span class='ocr_line' id='line_1_120' title="bbox 2193 4629 3802 4709; baseline 0.001 -20"><span class='ocrx_word' id='word_1_906' title='bbox 2193 4634 2360 4704; x_wconf 79' lang='grc' dir='ltr'><strong>δγκον</strong></span> <span class='ocrx_word' id='word_1_907' title='bbox 2385 4629 2871 4701; x_wconf 75' lang='grc' dir='ltr'><strong>περιϐεϐλημένος,</strong></span> <span class='ocrx_word' id='word_1_908' title='bbox 2901 4629 2997 4684; x_wconf 84' lang='grc' dir='ltr'><strong>καὶ</strong></span> <span class='ocrx_word' id='word_1_909' title='bbox 3021 4629 3119 4703; x_wconf 84' lang='grc' dir='ltr'><strong>τὴν</strong></span> <span class='ocrx_word' id='word_1_910' title='bbox 3159 4630 3449 4703; x_wconf 77' lang='grc' dir='ltr'><strong>ἐλευθέραν</strong></span> <span class='ocrx_word' id='word_1_911' title='bbox 3481 4633 3557 4698; x_wconf 89' lang='grc' dir='ltr'><strong>ὡς</strong></span> <span class='ocrx_word' id='word_1_912' title='bbox 3595 4635 3802 4709; x_wconf 83' lang='grc' dir='ltr'><strong>δούλην</strong></span> 
     </span>
    </p>
   </div>
   <div class='ocr_carea' id='block_1_120' title="bbox 2203 4713 3803 4793">
    <p class='ocr_par' dir='ltr' id='par_1_120' title="bbox 2203 4713 3803 4793">
     <span class='ocr_line' id='line_1_121' title="bbox 2203 4713 3803 4793; baseline -0.001 -18"><span class='ocrx_word' id='word_1_913' title='bbox 2203 4722 2321 4791; x_wconf 71' lang='grc' dir='ltr'><strong>ἔχῃ,</strong></span> <span class='ocrx_word' id='word_1_914' title='bbox 2347 4714 2571 4771; x_wconf 78' lang='grc' dir='ltr'><strong>καὶτῶν</strong></span> <span class='ocrx_word' id='word_1_915' title='bbox 2600 4713 2997 4786; x_wconf 90' lang='grc' dir='ltr'><strong>θεραπαινίδων</strong></span> <span class='ocrx_word' id='word_1_916' title='bbox 3022 4714 3190 4787; x_wconf 82' lang='grc' dir='ltr'><strong>μηδὲν</strong></span> <span class='ocrx_word' id='word_1_917' title='bbox 3214 4715 3439 4788; x_wconf 75' lang='grc' dir='ltr'><strong>ἄμεινον</strong></span> <span class='ocrx_word' id='word_1_918' title='bbox 3461 4717 3597 4791; x_wconf 79' lang='grc' dir='ltr'><strong>πρὸς</strong></span> <span class='ocrx_word' id='word_1_919' title='bbox 3620 4717 3803 4793; x_wconf 83' lang='grc' dir='ltr'><strong>αὐτὴν</strong></span> 
     </span>
    </p>
   </div>
   <div class='ocr_carea' id='block_1_121' title="bbox 2197 4797 3804 4875">
    <p class='ocr_par' dir='ltr' id='par_1_121' title="bbox 2197 4797 3804 4875">
     <span class='ocr_line' id='line_1_122' title="bbox 2197 4797 3804 4875; baseline 0.001 -20"><span class='ocrx_word' id='word_1_920' title='bbox 2197 4797 2554 4872; x_wconf 75' lang='grc' dir='ltr'><strong>διακέηταιει,</strong></span> <span class='ocrx_word' id='word_1_921' title='bbox 2603 4799 2721 4861; x_wconf 85' lang='grc' dir='ltr'><strong>πῶς</strong></span> <span class='ocrx_word' id='word_1_922' title='bbox 2769 4798 2909 4853; x_wconf 86' lang='grc' dir='ltr'><strong>οῖσει</strong></span> <span class='ocrx_word' id='word_1_923' title='bbox 2959 4799 3058 4870; x_wconf 82' lang='grc' dir='ltr'><strong>τὴν</strong></span> <span class='ocrx_word' id='word_1_924' title='bbox 3100 4799 3376 4872; x_wconf 86' lang='grc' dir='ltr'><strong>τοσαύτην</strong></span> <span class='ocrx_word' id='word_1_925' title='bbox 3421 4802 3670 4875; x_wconf 88' lang='grc' dir='ltr'><strong>ἀνάγκην</strong></span> <span class='ocrx_word' id='word_1_926' title='bbox 3698 4808 3804 4859; x_wconf 82' lang='grc' dir='ltr'><strong>καὶ</strong></span> 
     </span>
    </p>
   </div>
   <div class='ocr_carea' id='block_1_122' title="bbox 2207 4880 3804 4958">
    <p class='ocr_par' dir='ltr' id='par_1_122' title="bbox 2207 4880 3804 4958">
     <span class='ocr_line' id='line_1_123' title="bbox 2207 4880 3804 4958; baseline 0.003 -19"><span class='ocrx_word' id='word_1_927' title='bbox 2207 4884 2357 4957; x_wconf 87' lang='grc' dir='ltr'><strong>βίαν;</strong></span> <span class='ocrx_word' id='word_1_928' title='bbox 2388 4884 2454 4937; x_wconf 91' lang='grc' dir='ltr'><strong>Τί</strong></span> <span class='ocrx_word' id='word_1_929' title='bbox 2483 4883 2596 4947; x_wconf 76' lang='grc' dir='ltr'><strong>δαὶ,</strong></span> <span class='ocrx_word' id='word_1_930' title='bbox 2629 4882 2697 4937; x_wconf 84' lang='grc' dir='ltr'><strong>ἂν</strong></span> <span class='ocrx_word' id='word_1_931' title='bbox 2738 4880 2976 4953; x_wconf 84' lang='grc' dir='ltr'><strong>συνεχῶς</strong></span> <span class='ocrx_word' id='word_1_932' title='bbox 3032 4883 3203 4954; x_wconf 87' lang='grc' dir='ltr'><strong>αὐτὴν</strong></span> <span class='ocrx_word' id='word_1_933' title='bbox 3232 4886 3664 4958; x_wconf 86' lang='grc' dir='ltr'><strong>ἀποστρέφηται,</strong></span> <span class='ocrx_word' id='word_1_934' title='bbox 3697 4891 3804 4944; x_wconf 77' lang='grc' dir='ltr'><strong>καὶ</strong></span> 
     </span>
    </p>
   </div>
   <div class='ocr_carea' id='block_1_123' title="bbox 2204 4965 3806 5041">
    <p class='ocr_par' dir='ltr' id='par_1_123' title="bbox 2204 4965 3806 5041">
     <span class='ocr_line' id='line_1_124' title="bbox 2204 4965 3806 5041; baseline 0.001 -17"><span class='ocrx_word' id='word_1_935' title='bbox 2204 4968 2494 5033; x_wconf 83' lang='grc' dir='ltr'><strong>διαπαντὸς</strong></span> <span class='ocrx_word' id='word_1_936' title='bbox 2527 4967 2666 5040; x_wconf 77' lang='grc' dir='ltr'><strong>μένῃ</strong></span> <span class='ocrx_word' id='word_1_937' title='bbox 2702 4965 2865 5019; x_wconf 88' lang='grc' dir='ltr'><strong>τοῦτο</strong></span> <span class='ocrx_word' id='word_1_938' title='bbox 2894 4966 3101 5029; x_wconf 74' lang='grc' dir='ltr'><strong>ποιῶνά</strong></span> <span class='ocrx_word' id='word_1_939' title='bbox 3141 4969 3436 5041; x_wconf 83' lang='grc' dir='ltr'><strong>Καρτέρει,</strong></span> <span class='ocrx_word' id='word_1_940' title='bbox 3471 4973 3658 5041; x_wconf 75' lang='grc' dir='ltr'><strong>φησὶν,</strong></span> <span class='ocrx_word' id='word_1_941' title='bbox 3694 4975 3806 5027; x_wconf 72' lang='grc' dir='ltr'><strong>πᾶ-</strong></span> 
     </span>
    </p>
   </div>
   <div class='ocr_carea' id='block_1_124' title="bbox 2206 5048 3802 5128">
    <p class='ocr_par' dir='ltr' id='par_1_124' title="bbox 2206 5048 3802 5128">
     <span class='ocr_line' id='line_1_125' title="bbox 2206 5048 3802 5128; baseline -0.001 -20"><span class='ocrx_word' id='word_1_942' title='bbox 2206 5071 2305 5108; x_wconf 88' lang='grc' dir='ltr'><strong>σαν</strong></span> <span class='ocrx_word' id='word_1_943' title='bbox 2336 5052 2543 5123; x_wconf 81' lang='grc' dir='ltr'><strong>ταύτην</strong></span> <span class='ocrx_word' id='word_1_944' title='bbox 2579 5052 2678 5123; x_wconf 81' lang='grc' dir='ltr'><strong>τὴν</strong></span> <span class='ocrx_word' id='word_1_945' title='bbox 2721 5048 2999 5104; x_wconf 76' lang='grc' dir='ltr'><strong>δουλείανο</strong></span> <span class='ocrx_word' id='word_1_946' title='bbox 3029 5051 3159 5105; x_wconf 82' lang='grc' dir='ltr'><strong>ὅταν</strong></span> <span class='ocrx_word' id='word_1_947' title='bbox 3201 5052 3310 5125; x_wconf 82' lang='grc' dir='ltr'><strong>γὰρ</strong></span> <span class='ocrx_word' id='word_1_948' title='bbox 3357 5054 3624 5128; x_wconf 82' lang='grc' dir='ltr'><strong>ἀποθάνῃ,</strong></span> <span class='ocrx_word' id='word_1_949' title='bbox 3668 5056 3802 5113; x_wconf 73' lang='grc' dir='ltr'><strong>τότε</strong></span> 
     </span>
    </p>
   </div>
   <div class='ocr_carea' id='block_1_125' title="bbox 2203 5132 3797 5213">
    <p class='ocr_par' dir='ltr' id='par_1_125' title="bbox 2203 5132 3797 5213">
     <span class='ocr_line' id='line_1_126' title="bbox 2203 5132 3797 5213; baseline 0.003 -24"><span class='ocrx_word' id='word_1_950' title='bbox 2203 5135 2464 5207; x_wconf 80' lang='grc' dir='ltr'><strong>ἐλευθέρα</strong></span> <span class='ocrx_word' id='word_1_951' title='bbox 2491 5134 2591 5207; x_wconf 74' lang='grc' dir='ltr'><strong>ἔσῃ</strong></span> <span class='ocrx_word' id='word_1_952' title='bbox 2621 5132 2803 5204; x_wconf 86' lang='grc' dir='ltr'><strong>μόνον,</strong></span> <span class='ocrx_word' id='word_1_953' title='bbox 2836 5132 3040 5198; x_wconf 76' lang='grc' dir='ltr'><strong>ζῶντος</strong></span> <span class='ocrx_word' id='word_1_954' title='bbox 3066 5134 3123 5187; x_wconf 85' lang='grc' dir='ltr'><strong>δὲ</strong></span> <span class='ocrx_word' id='word_1_955' title='bbox 3148 5134 3292 5189; x_wconf 87' lang='grc' dir='ltr'><strong>δυοῖν</strong></span> <span class='ocrx_word' id='word_1_956' title='bbox 3310 5136 3536 5208; x_wconf 87' lang='grc' dir='ltr'><strong>θάτερον</strong></span> <span class='ocrx_word' id='word_1_957' title='bbox 3553 5139 3797 5213; x_wconf 84' lang='grc' dir='ltr'><strong>ἀνάγκη,</strong></span> 
     </span>
    </p>
   </div>
   <div class='ocr_carea' id='block_1_126' title="bbox 2203 5214 3804 5293">
    <p class='ocr_par' dir='ltr' id='par_1_126' title="bbox 2203 5214 3804 5293">
     <span class='ocr_line' id='line_1_127' title="bbox 2203 5214 3804 5293; baseline 0.004 -20"><span class='ocrx_word' id='word_1_958' title='bbox 2203 5220 2238 5293; x_wconf 75' lang='grc' dir='ltr'>ἢ</span> <span class='ocrx_word' id='word_1_959' title='bbox 2271 5220 2640 5288; x_wconf 87' lang='grc' dir='ltr'><strong>παιδαγωγεῖν</strong></span> <span class='ocrx_word' id='word_1_960' title='bbox 2665 5215 2830 5269; x_wconf 85' lang='grc' dir='ltr'><strong>αὐτὸν</strong></span> <span class='ocrx_word' id='word_1_961' title='bbox 2867 5217 3009 5288; x_wconf 86' lang='grc' dir='ltr'><strong>μετά</strong></span> <span class='ocrx_word' id='word_1_962' title='bbox 3043 5214 3247 5289; x_wconf 79' lang='grc' dir='ltr'><strong>πολλῆς</strong></span> <span class='ocrx_word' id='word_1_963' title='bbox 3278 5223 3378 5292; x_wconf 83' lang='grc' dir='ltr'><strong>τῆς</strong></span> <span class='ocrx_word' id='word_1_964' title='bbox 3426 5223 3661 5293; x_wconf 83' lang='grc' dir='ltr'><strong>σπουδῆς</strong></span> <span class='ocrx_word' id='word_1_965' title='bbox 3701 5228 3804 5282; x_wconf 70' lang='grc' dir='ltr'><strong>καὶ</strong></span> 
     </span>
    </p>
   </div>
   <div class='ocr_carea' id='block_1_127' title="bbox 2206 5301 3805 5376">
    <p class='ocr_par' dir='ltr' id='par_1_127' title="bbox 2206 5301 3805 5376">
     <span class='ocr_line' id='line_1_128' title="bbox 2206 5301 3805 5376; baseline 0.003 -19"><span class='ocrx_word' id='word_1_966' title='bbox 2206 5303 2401 5375; x_wconf 85' lang='grc' dir='ltr'><strong>βελτίω</strong></span> <span class='ocrx_word' id='word_1_967' title='bbox 2429 5303 2626 5367; x_wconf 86' lang='grc' dir='ltr'><strong>ποιεῖν,</strong></span> <span class='ocrx_word' id='word_1_968' title='bbox 2655 5301 2713 5374; x_wconf 79' lang='grc' dir='ltr'><strong>ἢ,</strong></span> <span class='ocrx_word' id='word_1_969' title='bbox 2741 5305 2789 5357; x_wconf 87' lang='grc' dir='ltr'><strong>εί</strong></span> <span class='ocrx_word' id='word_1_970' title='bbox 2821 5301 2980 5357; x_wconf 89' lang='grc' dir='ltr'><strong>τοῦτο</strong></span> <span class='ocrx_word' id='word_1_971' title='bbox 3007 5301 3290 5366; x_wconf 84' lang='grc' dir='ltr'><strong>ἀδύνατον,</strong></span> <span class='ocrx_word' id='word_1_972' title='bbox 3316 5304 3503 5376; x_wconf 79' lang='grc' dir='ltr'><strong>φέρειν</strong></span> <span class='ocrx_word' id='word_1_973' title='bbox 3530 5308 3805 5376; x_wconf 84' lang='grc' dir='ltr'><strong>γενναίως</strong></span> 
     </span>
    </p>
   </div>
   <div class='ocr_carea' id='block_1_128' title="bbox 2200 5385 3799 5462">
    <p class='ocr_par' dir='ltr' id='par_1_128' title="bbox 2200 5385 3799 5462">
     <span class='ocr_line' id='line_1_129' title="bbox 2200 5385 3799 5462; baseline -0.008 -19"><span class='ocrx_word' id='word_1_974' title='bbox 2200 5389 2294 5443; x_wconf 90' lang='grc' dir='ltr'><strong>τὸν</strong></span> <span class='ocrx_word' id='word_1_975' title='bbox 2326 5386 2643 5457; x_wconf 84' lang='grc' dir='ltr'><strong>ἀκήρυκτον</strong></span> <span class='ocrx_word' id='word_1_976' title='bbox 2695 5386 2932 5458; x_wconf 86' lang='grc' dir='ltr'><strong>πόλεμον</strong></span> <span class='ocrx_word' id='word_1_977' title='bbox 2984 5386 3079 5439; x_wconf 74' lang='grc' dir='ltr'><strong>καὶ</strong></span> <span class='ocrx_word' id='word_1_978' title='bbox 3123 5385 3225 5455; x_wconf 82' lang='grc' dir='ltr'><strong>τὴν</strong></span> <span class='ocrx_word' id='word_1_979' title='bbox 3275 5386 3537 5442; x_wconf 77' lang='grc' dir='ltr'><strong>ἄσπονδον</strong></span> <span class='ocrx_word' id='word_1_980' title='bbox 3592 5391 3799 5462; x_wconf 56' lang='grc' dir='ltr'><strong>μάχην,</strong></span> 
     </span>
    </p>
   </div>
   <div class='ocr_carea' id='block_1_129' title="bbox 2202 5468 3806 5545">
    <p class='ocr_par' dir='ltr' id='par_1_129' title="bbox 2202 5468 3806 5545">
     <span class='ocr_line' id='line_1_130' title="bbox 2202 5468 3806 5545; baseline 0.001 -18"><span class='ocrx_word' id='word_1_981' title='bbox 2202 5472 2315 5527; x_wconf 74' lang='grc' dir='ltr'><strong>Καὶ</strong></span> <span class='ocrx_word' id='word_1_982' title='bbox 2366 5470 2626 5543; x_wconf 84' lang='grc' dir='ltr'><strong>ἀνωτέρω</strong></span> <span class='ocrx_word' id='word_1_983' title='bbox 2663 5471 2766 5543; x_wconf 83' lang='grc' dir='ltr'><strong>μὲν</strong></span> <span class='ocrx_word' id='word_1_984' title='bbox 2813 5471 2994 5540; x_wconf 74' lang='grc' dir='ltr'><strong>ἔλεγεο</strong></span> <span class='ocrx_word' id='word_1_985' title='bbox 3039 5468 3136 5536; x_wconf 78' lang='grc' dir='ltr'><strong>Μὴ</strong></span> <span class='ocrx_word' id='word_1_986' title='bbox 3173 5471 3561 5540; x_wconf 83' lang='grc' dir='ltr'><strong>ἀποστερεῖτε</strong></span> <span class='ocrx_word' id='word_1_987' title='bbox 3613 5474 3806 5545; x_wconf 71' lang='grc' dir='ltr'><strong>ἀλλή-</strong></span> 
     </span>
    </p>
   </div>
   <div class='ocr_carea' id='block_1_130' title="bbox 2201 5553 3805 5629">
    <p class='ocr_par' dir='ltr' id='par_1_130' title="bbox 2201 5553 3805 5629">
     <span class='ocr_line' id='line_1_131' title="bbox 2201 5553 3805 5629; baseline 0.001 -18"><span class='ocrx_word' id='word_1_988' title='bbox 2201 5560 2375 5623; x_wconf 71' lang='grc' dir='ltr'><strong>λους,</strong></span> <span class='ocrx_word' id='word_1_989' title='bbox 2411 5556 2463 5610; x_wconf 85' lang='grc' dir='ltr'><strong>εί</strong></span> <span class='ocrx_word' id='word_1_990' title='bbox 2486 5556 2572 5625; x_wconf 81' lang='grc' dir='ltr'><strong>μή</strong></span> <span class='ocrx_word' id='word_1_991' title='bbox 2605 5570 2663 5608; x_wconf 83' lang='grc' dir='ltr'><strong>τι</strong></span> <span class='ocrx_word' id='word_1_992' title='bbox 2700 5553 2779 5610; x_wconf 83' lang='grc' dir='ltr'><strong>ἂν</strong></span> <span class='ocrx_word' id='word_1_993' title='bbox 2821 5557 2891 5610; x_wconf 82' lang='grc' dir='ltr'><strong>ἐκ</strong></span> <span class='ocrx_word' id='word_1_994' title='bbox 2933 5553 3265 5625; x_wconf 62' lang='grc' dir='ltr'><strong>συμφώνου</strong></span> <span class='ocrx_word' id='word_1_995' title='bbox 3286 5572 3301 5587; x_wconf 88' lang='grc'><strong>·</strong></span> <span class='ocrx_word' id='word_1_996' title='bbox 3335 5556 3574 5611; x_wconf 80' lang='grc' dir='ltr'><strong>ἐνταῦθα</strong></span> <span class='ocrx_word' id='word_1_997' title='bbox 3604 5558 3661 5611; x_wconf 81' lang='grc' dir='ltr'><strong>δὲ</strong></span> <span class='ocrx_word' id='word_1_998' title='bbox 3690 5577 3805 5629; x_wconf 85' lang='grc' dir='ltr'><strong>χω-</strong></span> 
     </span>
    </p>
   </div>
   <div class='ocr_carea' id='block_1_131' title="bbox 2208 5637 3804 5712">
    <p class='ocr_par' dir='ltr' id='par_1_131' title="bbox 2208 5637 3804 5712">
     <span class='ocr_line' id='line_1_132' title="bbox 2208 5637 3804 5712; baseline 0.003 -19"><span class='ocrx_word' id='word_1_999' title='bbox 2208 5638 2487 5712; x_wconf 88' lang='grc' dir='ltr'><strong>ρισθεῖσαν</strong></span> <span class='ocrx_word' id='word_1_1000' title='bbox 2517 5637 2688 5710; x_wconf 80' lang='grc' dir='ltr'><strong>αὐτὴν</strong></span> <span class='ocrx_word' id='word_1_1001' title='bbox 2726 5639 2821 5692; x_wconf 77' lang='grc' dir='ltr'><strong>καὶ</strong></span> <span class='ocrx_word' id='word_1_1002' title='bbox 2856 5637 3097 5692; x_wconf 78' lang='grc' dir='ltr'><strong>ἄκουσαν</strong></span> <span class='ocrx_word' id='word_1_1003' title='bbox 3126 5638 3561 5711; x_wconf 85' lang='grc' dir='ltr'><strong>ἑγκρατεύεσθαι</strong></span> <span class='ocrx_word' id='word_1_1004' title='bbox 3582 5641 3804 5699; x_wconf 72' lang='grc' dir='ltr'><strong>κελεύει</strong></span> 
     </span>
    </p>
   </div>
   <div class='ocr_carea' id='block_1_132' title="bbox 2205 5721 3804 5796">
    <p class='ocr_par' dir='ltr' id='par_1_132' title="bbox 2205 5721 3804 5796">
     <span class='ocr_line' id='line_1_133' title="bbox 2205 5721 3804 5796; baseline 0.005 -21"><span class='ocrx_word' id='word_1_1005' title='bbox 2205 5721 2424 5775; x_wconf 88' lang='grc' dir='ltr'><strong>λοιπόν·</strong></span> <span class='ocrx_word' id='word_1_1006' title='bbox 2460 5721 2700 5777; x_wconf 77' lang='grc' dir='ltr'><strong>Μενέτω</strong></span> <span class='ocrx_word' id='word_1_1007' title='bbox 2733 5722 2865 5794; x_wconf 88' lang='grc' dir='ltr'><strong>γάρ,</strong></span> <span class='ocrx_word' id='word_1_1008' title='bbox 2909 5721 3096 5793; x_wconf 73' lang='grc' dir='ltr'><strong>φησὶν,</strong></span> <span class='ocrx_word' id='word_1_1009' title='bbox 3127 5722 3378 5793; x_wconf 73' lang='grc' dir='ltr'><strong>ἄγαμος,</strong></span> <span class='ocrx_word' id='word_1_1010' title='bbox 3422 5723 3462 5791; x_wconf 79' lang='grc' dir='ltr'><em>ἢ</em></span> <span class='ocrx_word' id='word_1_1011' title='bbox 3498 5723 3580 5790; x_wconf 85' lang='grc' dir='ltr'><strong>τῷ</strong></span> <span class='ocrx_word' id='word_1_1012' title='bbox 3620 5725 3804 5796; x_wconf 72' lang='grc' dir='ltr'><strong>ἀνδρὶ</strong></span> 
     </span>
    </p>
   </div>
   <div class='ocr_carea' id='block_1_133' title="bbox 2205 5804 3808 5881">
    <p class='ocr_par' dir='ltr' id='par_1_133' title="bbox 2205 5804 3808 5881">
     <span class='ocr_line' id='line_1_134' title="bbox 2205 5804 3808 5881; baseline 0.001 -21"><span class='ocrx_word' id='word_1_1013' title='bbox 2205 5804 2660 5877; x_wconf 72' lang='grc' dir='ltr'><strong>καταλλαγήτω.</strong></span> <span class='ocrx_word' id='word_1_1014' title='bbox 2710 5805 2873 5877; x_wconf 78' lang='grc' dir='ltr'><strong>Ὁρᾷς</strong></span> <span class='ocrx_word' id='word_1_1015' title='bbox 2908 5806 3079 5876; x_wconf 78' lang='grc' dir='ltr'><strong>αὐτὴν</strong></span> <span class='ocrx_word' id='word_1_1016' title='bbox 3101 5807 3159 5860; x_wconf 82' lang='grc' dir='ltr'><strong>ὲν</strong></span> <span class='ocrx_word' id='word_1_1017' title='bbox 3190 5807 3340 5878; x_wconf 85' lang='grc' dir='ltr'><strong>μέσῳ</strong></span> <span class='ocrx_word' id='word_1_1018' title='bbox 3355 5806 3499 5860; x_wconf 76' lang='grc' dir='ltr'><strong>δυοῖν</strong></span> <span class='ocrx_word' id='word_1_1019' title='bbox 3524 5809 3723 5881; x_wconf 83' lang='grc' dir='ltr'><strong>ἀπειλη</strong></span> <span class='ocrx_word' id='word_1_1020' title='bbox 3734 5830 3808 5881; x_wconf 82' lang='grc' dir='ltr'><strong>μ-</strong></span> 
     </span>
    </p>
   </div>
   <div class='ocr_carea' id='block_1_134' title="bbox 2212 5889 3810 5966">
    <p class='ocr_par' dir='ltr' id='par_1_134' title="bbox 2212 5889 3810 5966">
     <span class='ocr_line' id='line_1_135' title="bbox 2212 5889 3810 5966; baseline 0.005 -24"><span class='ocrx_word' id='word_1_1021' title='bbox 2212 5889 2379 5961; x_wconf 87' lang='grc' dir='ltr'><strong>μένην</strong></span> <span class='ocrx_word' id='word_1_1022' title='bbox 2408 5889 2697 5960; x_wconf 82' lang='grc' dir='ltr'><strong>πολέμων;</strong></span> <span class='ocrx_word' id='word_1_1023' title='bbox 2729 5890 2798 5943; x_wconf 86' lang='grc' dir='ltr'><em>Ἢ</em></span> <span class='ocrx_word' id='word_1_1024' title='bbox 2823 5890 2931 5960; x_wconf 84' lang='grc' dir='ltr'><strong>γάρ</strong></span> <span class='ocrx_word' id='word_1_1025' title='bbox 2960 5890 3060 5960; x_wconf 76' lang='grc' dir='ltr'><strong>τὴν</strong></span> <span class='ocrx_word' id='word_1_1026' title='bbox 3096 5890 3205 5943; x_wconf 85' lang='grc' dir='ltr'><strong>ἀπὸ</strong></span> <span class='ocrx_word' id='word_1_1027' title='bbox 3228 5890 3328 5960; x_wconf 84' lang='grc' dir='ltr'><strong>τῆς</strong></span> <span class='ocrx_word' id='word_1_1028' title='bbox 3359 5890 3653 5965; x_wconf 75' lang='grc' dir='ltr'><strong>ἐπιθυμίας</strong></span> <span class='ocrx_word' id='word_1_1029' title='bbox 3682 5895 3810 5966; x_wconf 75' lang='grc' dir='ltr'><strong>βίαν</strong></span> 
     </span>
    </p>
   </div>
   <div class='ocr_carea' id='block_1_135' title="bbox 2271 5998 3529 6067">
    <p class='ocr_par' dir='ltr' id='par_1_135' title="bbox 2271 5998 3529 6067">
     <span class='ocr_line' id='line_1_136' title="bbox 2271 5998 3529 6067; baseline 0.005 -18"><span class='ocrx_word' id='word_1_1030' title='bbox 2271 6002 2297 6067; x_wconf 77' lang='lat'><strong>°_</strong></span> <span class='ocrx_word' id='word_1_1031' title='bbox 2323 6000 2450 6067; x_wconf 62' lang='lat' dir='ltr'><strong>Beg.</strong></span> <span class='ocrx_word' id='word_1_1032' title='bbox 2477 5998 2629 6067; x_wconf 62' lang='grc' dir='ltr'><strong>μένειν</strong></span> <span class='ocrx_word' id='word_1_1033' title='bbox 2650 5998 2851 6063; x_wconf 81' lang='grc' dir='ltr'><strong>ἄγαμον,</strong></span> <span class='ocrx_word' id='word_1_1034' title='bbox 2869 6000 2900 6057; x_wconf 83' lang='grc' dir='ltr'>ἢ</span> <span class='ocrx_word' id='word_1_1035' title='bbox 2921 6000 2990 6063; x_wconf 82' lang='grc' dir='ltr'><strong>τῷ</strong></span> <span class='ocrx_word' id='word_1_1036' title='bbox 3013 6000 3141 6066; x_wconf 83' lang='grc' dir='ltr'><strong>ἀνδρὶ</strong></span> <span class='ocrx_word' id='word_1_1037' title='bbox 3162 6004 3529 6067; x_wconf 73' lang='grc' dir='ltr'><strong>καταλλαγῆναι.</strong></span> 
     </span>
    </p>
   </div>
   <div class='ocr_carea' id='block_1_136' title="bbox 2272 6060 2724 6127">
    <p class='ocr_par' dir='ltr' id='par_1_136' title="bbox 2272 6060 2724 6127">
     <span class='ocr_line' id='line_1_137' title="bbox 2272 6060 2724 6127; baseline -0.013 -15"><span class='ocrx_word' id='word_1_1038' title='bbox 2272 6060 2299 6101; x_wconf 68' lang='grc' dir='ltr'>ἆ</span> <span class='ocrx_word' id='word_1_1039' title='bbox 2328 6060 2448 6127; x_wconf 63' lang='lat' dir='ltr'><strong>Rei.</strong></span> <span class='ocrx_word' id='word_1_1040' title='bbox 2476 6060 2724 6111; x_wconf 70' lang='grc' dir='ltr'><strong>διάκειται.</strong></span> 
     </span>
    </p>
   </div>
  </div>
