4020 6392
237 375 318 432 13M

244 496 402 550 ductis
441 491 570 546 l‘rui.
619 492 736 548 Cur
780 491 930 548 enim
960 505 1061 544 non
1115 488 1236 542 huic
1289 488 1450 542 etiam
1494 485 1666 554 dixit,
1696 486 1757 542 Si
1800 505 1853 543 se

254 606 343 643 non
383 590 622 652 continet,
649 586 818 640 nubat
853 586 930 654 (l.
958 583 1072 637 Cor.
1101 583 1154 637 7.
1189 581 1285 652 9)?
1308 581 1460 647 Quod
1512 596 1611 635 nec
1636 581 1854 635 athletze

253 689 387 736 dicat
441 681 765 750 quisquam,
823 687 1099 747 postquam
1166 674 1392 740 disjecto
1429 673 1625 726 amictu
1691 685 1852 742 atque

258 784 441 828 unctus
467 774 520 826 in
547 771 781 827 stadium
813 768 1072 839 processit
1103 809 1115 830 ,
1159 782 1324 836 seque
1352 766 1568 836 pulvere
1595 780 1854 836 consper—

252 868 358 924 sit:
388 866 489 920 Abi
525 907 540 930 ,
585 863 708 933 fuge
734 861 1142 924 adversarium;
1191 858 1284 912 sed
1327 861 1435 927 jam
1471 873 1630 926 porro
1660 872 1851 912 neces-

253 976 370 1014 sum
391 961 461 1013 sit
486 957 713 1012 duorum
754 955 982 1009 alterum
1012 995 1027 1019 ,
1060 961 1152 1006 aut
1177 960 1489 1004 coronatum
1520 991 1534 1016 ,
1566 960 1659 1004 aut
1703 950 1852 1019 deje-

233 1063 395 1108 .ctum
418 1061 472 1104 et
495 1047 746 1104 infamem
777 1046 1075 1100 discedere.
1096 1042 1229 1097 Nam
1251 1043 1303 1096 in
1330 1041 1453 1096 ludo
1479 1056 1540 1096 ac
1563 1041 1810 1110 palwstra
1831 1080 1848 1107 ,

252 1146 344 1199 ubi
365 1160 488 1198 eum
508 1140 855 1196 familiaribus
868 1137 1175 1193 exercitium
1198 1136 1344 1202 sit,et
1362 1150 1483 1190 cum
1499 1135 1684 1190 amicis
1706 1135 1852 1189 velut

251 1256 376 1295 cum
419 1237 742 1293 adversariis
786 1249 975 1288 manus
1014 1238 1390 1292 conseruntur,
1433 1228 1657 1282 liberum
1688 1236 1851 1282 estet

247 1332 532 1401 suscipere
558 1329 792 1383 laborem
812 1335 867 1380 et
890 1340 993 1378 non
1017 1323 1322 1394 suscipere:
1340 1321 1497 1390 atqui
1523 1320 1633 1391 jam
1653 1335 1848 1374 nomen

248 1422 424 1488 dedit,
456 1430 644 1476 coacto
677 1416 938 1489 frequenti
967 1415 1165 1486 populo
1185 1457 1198 1478 ,
1221 1422 1486 1483 prmsente
1504 1412 1847 1483 agonotlieta,

249 1516 574 1570 sedentibus
603 1511 990 1582 spectatoribus
1013 1551 1028 1574 ,
1077 1509 1307 1562 adducto
1334 1520 1493 1577 atque
1519 1507 1730 1575 nbjccto
1751 1505 1848 1559 ad-

249 1608 527 1672 versario,
561 1607 610 1659 ci
658 1602 1010 1658 certaminum
1054 1600 1136 1655 lex
1195 1599 1500 1653 facultatem
1533 1599 1710 1668 eripit.
1767 1597 1848 1652 Ad

246 1703 507 1758 eumdem
558 1699 772 1755 modum
817 1708 872 1754 ct
902 1696 1091 1766 virgini
1166 1694 1291 1749 dum
1351 1693 1616 1748 consultat
1662 1691 1847 1762 prius,

247 1793 566 1849 nubendum
609 1792 677 1845 sit
734 1804 937 1854 necne,
975 1797 1142 1842 tutum
1190 1794 1273 1840 est
1322 1783 1718 1838 matrimonium
1753 1800 1764 1836 :
1799 1790 1849 1836 at

249 1889 342 1942 ubi
395 1885 557 1956 elegit
611 1899 673 1938 ac
701 1881 1003 1950 conscripta
1046 1889 1165 1943 est,
1215 1895 1274 1934 se
1311 1879 1360 1932 in
1408 1877 1635 1932 stadium
1683 1876 1848 1930 dedit.

249 1979 459 2047 Ecquis
487 1977 644 2046 igitur
671 1974 884 2028 indictis
915 1970 1478 2042 spectaculis,(‘.hristo
1505 1967 1848 2039 agonotheta,

249 2069 462 2140 angelis
509 2082 738 2136 superne
776 2064 1178 2136 spectantibus,
1249 2062 1460 2116 furente
1507 2061 1721 2116 diabolo
1789 2075 1853 2114 ac

249 2163 550 2227 fremente,
577 2160 641 2213 ad
685 2161 988 2228 lectamque
1017 2156 1337 2226 complicato
1385 2163 1439 2208 et
1481 2153 1659 2208 medio
1699 2167 1850 2207 com-

251 2255 569 2326 prehenso,
636 2253 690 2307 in
779 2252 1011 2306 nte-lium
1077 2251 1361 2321 prosiliens
1411 2249 1621 2304 edicere
1671 2249 1852 2302 ausit:

254 2350 480 2402 ilostem
538 2347 700 2416 fuge,
770 2345 1040 2398 laboribus
1104 2343 1432 2412 supersede,
1493 2339 1852 2410 comprehen-

254 2447 470 2496 sionem
512 2441 733 2504 omitte,
787 2454 855 2492 ne
883 2437 1099 2507 dejieias
1153 2451 1216 2490 ac
1264 2446 1572 2505 prosternas
1596 2433 1854 2488 adversa-

261 2537 402 2589 rium
431 2575 448 2600 ,
495 2532 589 2588 sed
638 2533 687 2587 ei
746 2532 1023 2585 victoriam
1076 2530 1283 2584 cedas?
1337 2529 1402 2581 Et
1448 2527 1573 2598 quid
1622 2528 1855 2597 virgines

253 2629 400 2694 dico,
430 2641 552 2681 cum
577 2640 675 2678 nec
694 2623 879 2678 viduas
899 2623 962 2678 iis
991 2622 1167 2676 verbis
1196 2620 1350 2675 affari
1384 2620 1462 2674 fas
1491 2621 1594 2688 sit,
1621 2619 1714 2675 sed
1737 2619 1854 2672 illo-

255 2739 377 2777 rum
425 2721 546 2775 loco
590 2719 672 2773 his
735 2717 979 2774 terrilicis
1015 2757 1030 2782 ,
1073 2715 1200 2770 Cum
1253 2715 1527 2770 luxuriata:
1578 2713 1763 2786 fuerint
1802 2712 1857 2765 in

256 2818 498 2878 Christo,
542 2815 727 2867 nubere
759 2810 935 2866 volunt
991 2809 1366 2864 damnationem
1411 2807 1683 2872 habentes,
1738 2806 1857 2875 quia

260 2912 479 2978 primani
507 2908 659 2976 fidem
686 2907 883 2960 irritam
914 2903 1139 2973 fecerunt
1169 2902 1246 2973 (i.
1278 2901 1414 2956 Tim.
1449 2902 1501 2956 5.
1553 2900 1632 2954 H.
1664 2901 1769 2956 12).

327 2999 579 3054 XXXIX.
610 2997 702 3052 Cui
723 2997 910 3060 viduae,
931 2997 1011 3049 cui
1027 2995 1209 3065 virgini
1233 2994 1417 3047 nubere
1444 2993 1698 3063 permittat
1724 2989 1858 3044 Pau-

259 3097 433 3150 lus.—
467 3093 680 3147 Atenim
706 3106 827 3145 cum
860 3090 1036 3154 dicat,
1068 3087 1190 3141 Non
1221 3088 1391 3156 nuptis
1438 3095 1485 3140 ct
1515 3085 1676 3139 viduis
1707 3084 1854 3150 dico,

259 3188 460 3242 Bonum
511 3194 583 3238 est
623 3185 758 3250 illis,
790 3182 834 3235 si
859 3182 932 3236 sic
985 3186 1352 3250 permaneant,
1375 3187 1430 3231 ut
1461 3194 1550 3247 ego
1579 3193 1599 3230 :
1631 3177 1768 3248 quod
1814 3176 1860 3230 si
1886 3211 1891 3229 .

259 3301 359 3336 non
389 3298 444 3335 se
493 3280 749 3332 continent
798 3276 1031 3329 nubant:
1076 3282 1127 3328 et
1157 3287 1367 3327 rursum
1399 3313 1414 3336 ,
1448 3269 1599 3335 Quod
1647 3273 1690 3323 si
1739 3269 1859 3322 dor-

261 3374 423 3427 mierit
456 3371 532 3424 vir
577 3370 706 3439 ejus,
743 3368 951 3421 liberata
977 3374 1046 3419 est
1071 3379 1089 3418 :
1111 3363 1193 3417 cui
1234 3363 1339 3416 vult
1375 3361 1550 3429 nubat,
1584 3370 1772 3414 tantum
1807 3359 1860 3412 in

262 3465 483 3519 Domino
514 3463 591 3534 (l.
620 3461 737 3516 Cor.
772 3461 822 3514 7.
852 3459 905 3515 8.
931 3458 985 3514 9.
1021 3457 1110 3527 59)
1137 3475 1150 3511 :
1175 3471 1340 3526 quare
1371 3470 1489 3510 eam
1517 3453 1602 3510 cui
1633 3453 1859 3507 liberant

261 3555 424 3621 facit,
455 3556 651 3608 iterum
689 3551 942 3621 castigat,
989 3557 1043 3604 et
1085 3547 1226 3618 quod
1255 3547 1306 3601 in
1339 3545 1569 3600 Domino
1595 3559 1716 3600 esse
1743 3559 1860 3597 nia-

262 3648 572 3702 trimonium
623 3644 776 3708 dixit,
815 3642 954 3697 idem
999 3656 1094 3695 ceu
1125 3639 1454 3710 illegitimum
1483 3636 1744 3691 damnat?
1786 3634 1863 3690 Ne

265 3753 526 3794 vereare:
560 3752 665 3790 non
726 3733 865 3788 idem
891 3774 905 3798 ,
938 3730 1032 3787 sed
1087 3729 1248 3784 aliud.
1289 3729 1424 3784 Nam
1470 3737 1528 3782 ut
1577 3726 1860 3797 inquiens,

266 3833 328 3888 Si
369 3832 543 3900 nupsit
577 3829 716 3899 virgo
742 3868 756 3893 ,
803 3843 904 3879 non
954 3823 1174 3895 peccavit
1207 3821 1312 3893 (Ib.
1341 3838 1388 3875 v.
1415 3820 1508 3890 ‘28)
1528 3863 1542 3885 ,
1572 3835 1678 3874 non
1709 3818 1775 3873 de
1800 3833 1863 3873 ea

267 3925 505 3994 loquitur
547 3937 667 3991 qua:
719 3917 1062 3972 matrimonio
1111 3914 1471 3979 renuntiavit;
1516 3911 1737 3966 evidens
1784 3917 1867 3964 est

265 4017 408 4071 enim
435 4028 554 4069 eam
575 4011 842 4083 piaculum
861 4006 1214 4071 commisisse,
1237 4015 1290 4061 et
1315 4004 1528 4076 quidem
1553 4002 1826 4058 infandum
1849 4019 1862 4056 :

267 4110 361 4164 sed
403 4108 473 4164 de
518 4121 580 4161 ea
631 4121 749 4175 quae
787 4113 841 4158 et
870 4117 1065 4172 expers
1113 4099 1440 4154 matrimonii
1475 4098 1592 4164 sit,
1632 4105 1687 4152 et
1729 4112 1867 4151 non-

267 4203 395 4257 dum
441 4203 544 4255 hoc
591 4210 682 4253 aut
732 4197 858 4252 illud
888 4195 1128 4267 elegerit,
1161 4193 1255 4250 sed
1287 4203 1560 4264 tamquam
1590 4192 1642 4246 in
1689 4192 1867 4247 medi-

270 4295 420 4351 tullio
477 4293 672 4348 harum
699 4291 1079 4362 cogitationum
1117 4287 1418 4343 consistat:
1463 4286 1534 4340 ita
1574 4294 1629 4341 et
1654 4285 1869 4339 viduam

272 4392 397 4453 hic,
430 4404 552 4458 qua:
583 4388 756 4442 virum
804 4384 975 4440 Solum
1023 4398 1130 4437 non
1186 4381 1418 4446 habeat,
1471 4394 1646 4449 neque
1696 4378 1871 4433 adhuc

271 4485 492 4555 Optinne
519 4496 613 4535 sua
640 4479 890 4534 obstricta
933 4485 1216 4539 teneatur,
1266 4475 1360 4529 sed
1407 4474 1630 4529 liberum
1679 4471 1872 4527 habeat

271 4579 589 4630 alterutrum
632 4574 870 4643 eligere:
900 4571 1008 4624 illic
1032 4611 1048 4635 ,
1081 4569 1166 4623 cui
1194 4569 1455 4635 integrum
1506 4581 1612 4620 non
1654 4565 1723 4620 sit
1750 4579 1869 4618 cum

271 4669 379 4722 alio
422 4679 624 4736 sponso
670 4663 979 4718 societatem
1027 4661 1204 4721 coire,
1261 4658 1353 4713 sed
1417 4658 1469 4711 in
1530 4655 1873 4710 continentia:

271 4770 549 4816 certamen
592 4755 943 4812 descenderit.
977 4754 1160 4808 Potest
1205 4765 1436 4820 namque
1461 4759 1514 4804 et
1543 4748 1698 4803 vidua
1729 4763 1869 4809 esse,

272 4865 328 4909 et
359 4852 637 4906 viduarum
679 4846 928 4918 dignitati
976 4861 1082 4900 non
1123 4842 1392 4898 aceeuseri
1418 4881 1432 4905 ,
1475 4842 1518 4895 si
1547 4840 1597 4894 id
1638 4838 1873 4893 nondum

273 4943 598 5014 susceperit.
643 4941 825 5011 Itaque
855 4938 1060 5007 inquit,
1106 4934 1268 4988 Vidua
1307 4934 1524 5004 eligatur
1565 4947 1666 4984 non
1712 4930 1877 4982 minor

274 5040 425 5092 annis
454 5035 735 5105 sexaginta,
779 5047 894 5104 qua:
937 5031 1085 5084 unius
1109 5028 1202 5081 viri
1227 5043 1354 5081 uxor
1384 5025 1536 5098 fuerit
1591 5023 1606 5054 ¹
1641 5022 1716 5096 (1.
1743 5020 1874 5074 Tim.

275 5133 331 5188 5.
367 5131 450 5200 9).
483 5128 614 5182 Nam
661 5140 779 5197 quae
816 5124 972 5177 vidua
1007 5135 1152 5176 mera
1179 5119 1288 5184 sit,
1312 5118 1402 5184 ei,
1434 5117 1477 5172 si
1503 5115 1630 5169 velit
1679 5114 1880 5168 nubere

277 5221 586 5296 permittit;
618 5228 673 5273 at
708 5234 828 5288 qua:
880 5224 1137 5287 perpetuo
1184 5212 1342 5266 vidua
1381 5223 1538 5280 agere
1588 5209 1700 5263 Deo
1754 5221 1880 5277 pro-

275 5319 462 5382 misit,
496 5324 653 5385 atque
678 5312 890 5368 interim
921 5309 1089 5373 nubit,
1124 5323 1241 5363 eam
1269 5306 1620 5362 vehementer
1641 5303 1878 5369 damnat,

281 5424 402 5479 qua:
464 5408 622 5461 ictum
668 5419 788 5459 cum
819 5403 930 5458 Deo
975 5409 1186 5472 pactum
1235 5398 1534 5453 conculcet.
1590 5396 1704 5452 Non
1757 5409 1884 5466 ergo

281 5501 372 5555 bis
393 5541 409 5566 ,
439 5499 533 5553 sed
573 5497 681 5551 illis
705 5495 832 5550 dicit
858 5536 874 5560 ,
900 5492 1049 5560 Quod
1068 5493 1111 5546 si
1134 5507 1234 5545 non
1264 5507 1317 5545 se
1341 5490 1618 5554 continent,
1651 5487 1838 5542 nubant
1864 5503 1883 5541 :

283 5593 467 5647 melius
497 5600 567 5646 est
595 5590 728 5643 enim
754 5587 940 5641 nubere
961 5627 976 5646 .
1008 5600 1159 5654 quam
1201 5584 1281 5636 uri
1325 5583 1342 5652 (
1355 5585 1404 5637 l.
1435 5579 1554 5635 Cor.
1584 5582 1635 5634 7.
1677 5579 1757 5649 9).
1790 5578 1887 5633 Vi-

286 5688 386 5744 des
409 5699 673 5757 nusquam
714 5697 814 5754 per
853 5695 912 5735 se
941 5677 1140 5749 suspici
1169 5674 1566 5731 matrimonium
1588 5713 1604 5742 ,
1631 5672 1727 5728 sed
1756 5685 1883 5742 pro-

326 5827 380 5892 ει,
404 5831 468 5874 tta
507 5823 560 5871 in
594 5827 713 5883 Reg.
737 5824 790 5869 tu
807 5814 920 5868 aliis
936 5824 1057 5866 vero
1071 5811 1412 5864 desiderantur
1437 5809 1540 5859 haec
1562 5809 1728 5872 verba,
1754 5805 1894 5860 unius

289 5897 378 5935 ειη
405 5898 549 5938 ωὀν.

1622 373 1708 429 DE
1750 374 2213 434 VlllGlNlTA'l‘H.

3450 405 3556 463 502

1964 504 2083 592 pter
2120 496 2527 592 fornicationem
2563 543 2578 571 ,
2632 509 2951 567 tentationes
3000 523 3160 586 atque
3189 518 3551 592 intemperan-

1966 588 2138 642 tiant?
2167 589 2296 644 Nam
2352 607 2511 663 supra
2564 596 2679 652 hate
2724 603 2902 658 omnia
2942 619 3184 664 recenset
3227 629 3240 664 :
3292 588 3379 671 hic
3427 633 3554 674 vero

1962 682 2104 778 quod
2132 699 2225 738 eos
2259 690 2512 744 conviciis
2540 692 2676 747 male
2703 696 3016 754 mulctasset
3044 742 3058 766 ,
3093 719 3303 760 rursum
3351 712 3552 778 gratio-

1963 775 2194 831 sioribus
2224 780 2401 834 verbis
2427 785 2670 840 eamdem
2719 804 2832 843 rem
2879 795 3135 862 appellat,
3173 775 3472 859 incendiqu
3501 816 3556 862 et

1963 869 2208 923 arderem
2250 875 2552 931 nominans.
2606 877 2936 951 Quamquam
3002 902 3174 958 neque
3224 891 3313 948 hic
3375 900 3554 953 omisit

1961 961 2086 1029 quin
2126 964 2422 1020 auditorem
2472 968 2651 1025 feriret
2683 989 2696 1025 :
2724 990 2829 1029 non
2869 978 3010 1032 enim
3043 981 3173 1036 dixit
3201 1026 3215 1050 ,
3245 985 3336 1040 Sin
3381 989 3552 1044 libidi-

1962 1053 2045 1108 nis
2085 1057 2189 1109 vim
2243 1059 2403 1113 ullam
2441 1063 2709 1128 sentiunt,
2740 1067 2820 1120 sin
2865 1075 3152 1128 transversi
3206 1090 3434 1148 aguntur
3460 1122 3478 1142 .
3508 1085 3551 1136 si

1960 1162 2065 1243 non
2100 1159 2366 1243 possunt;
2418 1152 2549 1208 nihil
2602 1155 2905 1225 ejusmodi,
2935 1164 3078 1232 quod
3122 1143 3306 1222 eorum
3338 1181 3418 1225 est
3460 1143 3549 1243 qui

1957 1239 2156 1310 aliquid
2189 1241 2405 1311 dignum
2432 1249 2584 1302 venia
2624 1251 2932 1319 patiuntur;
2962 1257 3054 1312 sed
3083 1260 3206 1328 quid
3231 1261 3253 1315 ?
3281 1263 3343 1316 Si
3368 1281 3422 1318 se
3450 1239 3550 1320 non

1959 1334 2218 1388 continent
2243 1351 2261 1388 :
2287 1336 2427 1405 quod
2455 1353 2639 1393 eorum
2672 1351 2752 1396 est
2775 1385 2789 1408 ,
2820 1345 2907 1412 qui
2934 1359 3152 1418 propter
3187 1352 3446 1422 ignaviam
3471 1359 3549 1411 la-

1959 1423 2148 1479 borare
2178 1426 2382 1482 nolunt.
2425 1427 2478 1484 Id
2509 1432 2648 1486 enim
2699 1433 2961 1504 significat
2987 1455 3080 1494 eos
3101 1481 3116 1504 ,
3148 1445 3339 1513 quibus
3382 1463 3469 1504 res
3497 1453 3547 1506 in

1959 1519 2204 1573 manibus
2239 1531 2414 1587 esset,
2449 1523 2798 1582 detrectaudo
2845 1529 3081 1586 laborem
3135 1551 3252 1590 eam
3283 1555 3386 1593 non
3424 1557 3548 1610 per-

1958 1609 2140 1664 ﬁcere.
2162 1611 2230 1665 At
2260 1629 2328 1666 ne
2357 1613 2434 1668 sic
2480 1616 2692 1685 quidem
2747 1635 2842 1675 eos
2889 1625 3039 1691 punit
3064 1641 3126 1680 ae
3156 1609 3550 1699 suppliciisail-

1957 1702 2124 1769 dicit,
2150 1703 2244 1757 sed
2299 1704 2456 1760 laude
2492 1708 2662 1762 solum
2707 1712 2916 1778 privat,
2963 1724 3121 1786 atque
3167 1719 3219 1774 in
3263 1725 3542 1781 verborum

1960 1802 2162 1847 tantum
2202 1796 2466 1866 vituperio
2533 1799 2922 1857 vehementiam
2971 1807 3220 1875 adhibet,
3261 1811 3547 1871 liberorum

1959 1889 2422 1955 procreationem,
2465 1890 2796 1959 plausibilem
2829 1895 2965 1950 hanc
2998 1907 3051 1952 et
3095 1903 3390 1970 speciosam
3429 1922 3539 1961 ma-

1961 1978 2194 2032 trimonii
2235 1994 2450 2035 causam
2487 1999 2746 2054 nusquam
2790 2003 3117 2056 memorans,
3151 1993 3245 2047 sed
3273 1996 3546 2064 ardorem,

1959 2072 2453 2142 intemperantiam,
2482 2075 2885 2134 fornicationem
2917 2097 2979 2137 ae
3019 2087 3362 2142 tentationem
3409 2100 3550 2144 sata-

1960 2165 2130 2218 nicam
2157 2208 2172 2232 ,
2201 2181 2369 2236 eaque
2401 2184 2468 2222 ne
2507 2171 2806 2239 evenirent,
2834 2190 2948 2229 rem
2982 2179 3314 2245 permittens.
3341 2183 3403 2236 Et
3423 2185 3547 2254 quid

1961 2266 2070 2309 tum
2113 2258 2336 2326 postea?
2366 2259 2535 2329 inquit
2579 2279 2592 2315 :
2643 2278 2764 2317 nam
2818 2267 3074 2335 quamdiu
3104 2269 3153 2322 id
3200 2286 3228 2323 a
3284 2275 3546 2342 supplicio

1961 2349 2184 2414 liberat,
2213 2354 2455 2421 quamvis
2501 2354 2946 2424 vituperationem
2998 2377 3059 2415 ac
3100 2365 3342 2420 convicia
3398 2365 3552 2423 facile

1962 2443 2196 2497 feremus
2224 2486 2238 2507 ,
2271 2445 2398 2500 dum
2447 2446 2683 2503 deliciari
2734 2459 2893 2521 atque
2933 2454 3148 2510 assidue
3179 2457 3396 2514 libidine
3449 2461 3551 2516 frui

1965 2534 2141 2590 liceat.
2173 2537 2310 2603 Quid
2338 2553 2486 2605 vero,
2513 2539 2652 2594 bone
2682 2533 2763 2595 vir
2794 2583 2808 2605 ,
2855 2544 2898 2597 si
2955 2561 3055 2601 nec
3094 2546 3331 2603 deliciari
3382 2550 3504 2606 licet
3533 2593 3550 2619 ,

1960 2627 2332 2682 conviciumne
2377 2629 2550 2684 solum
2592 2632 2977 2714 percipiemus?
3003 2634 3106 2691 Sed
3138 2639 3436 2708 quomodo,
3466 2643 3550 2696 in-

1961 2723 2113 2792 quit,
2145 2722 2382 2777 deliciari
2412 2739 2516 2777 non
2550 2725 2709 2789 licet,
2742 2741 2862 2780 cum
2895 2728 3036 2783 dicat
3065 2730 3260 2786 Paulus
3286 2772 3300 2796 ,
3334 2732 3483 2798 Quod
3507 2734 3551 2787 si

1960 2831 2013 2868 se
2034 2831 2132 2868 non
2153 2816 2429 2883 continent,
2454 2817 2645 2871 nubant
2669 2819 2694 2870 ?
2721 2819 2854 2872 Audi
2881 2836 3040 2889 porro
3061 2838 3180 2892 qua:
3201 2824 3264 2879 iis
3293 2823 3552 2880 luereant.

1960 2907 2226 2962 Audivisti
2267 2910 2432 2964 satius
2462 2924 2582 2964 esse
2611 2912 3007 2966 matrimonium
3043 2915 3365 2971 contrahere
3389 2932 3548 2986 quam

1962 2999 2170 3054 ardere.
2227 3001 2378 3066 Quod
2435 3001 2728 3072 jucundum
2761 3013 2844 3056 est
2895 3004 3556 3076 probas,permissionem

1962 3093 2192 3158 laudas,
2238 3095 2535 3163 apostolum
2580 3095 2647 3149 de
2696 3096 3023 3166 indulgentia
3054 3098 3326 3167 suspicis:
3373 3106 3429 3154 at
3471 3099 3559 3156 hic

1961 3201 2030 3240 ne
2051 3185 2304 3251 consiste,
2329 3195 2383 3240 et
2409 3201 2526 3255 qua:
2548 3195 2946 3256 consequuntur
2960 3202 3114 3256 aeque
3133 3187 3352 3243 admitte
3378 3204 3393 3242 :
3415 3188 3560 3259 ejus-

1965 3277 2085 3332 dem
2113 3279 2254 3332 enim
2286 3290 2368 3333 est
2396 3287 2682 3348 utrumque
2713 3288 3057 3349 praeceptum.
3082 3281 3218 3346 Quid
3245 3281 3405 3352 igitur
3433 3284 3559 3337 sub-

1963 3368 2084 3423 dit?
2114 3370 2424 3441 Conjugilms
2467 3381 2633 3424 autem
2663 3371 2930 3439 ρνιεεὶρίο,
2960 3388 3061 3425 non
3108 3389 3198 3443 ego
3219 3414 3233 3439 ,
3262 3373 3350 3427 sed
3377 3373 3558 3428 Domi-

1963 3478 2092 3541 nus,
2127 3461 2269 3516 Uxor
2297 3480 2328 3515 ιι
2355 3464 2462 3516 viro
2506 3479 2567 3516 ne
2610 3463 2879 3517 divortium
2916 3463 3121 3536 faciat:
3159 3467 3235 3519 sin
3289 3466 3560 3520 divortium

1964 3556 2137 3625 fecerit
2163 3597 2178 3616 ,
2207 3563 2407 3609 maneat
2437 3555 2651 3624 innupta
2703 3564 2792 3608 aut
2837 3557 2944 3610 viro
2990 3557 3358 3610 reconcilietur.
3385 3554 3514 3610 Item
3539 3599 3555 3624 ,

1965 3646 2045 3700 vir
2091 3661 2298 3699 uxorem
2323 3662 2385 3700 ne
2404 3644 2634 3716 repudiet
2663 3645 2738 3712 (1.
2768 3645 2884 3699 Cor.
2910 3646 2963 3699 7.
2995 3645 3077 3700 10.
3117 3645 3223 3715 11).

2039 3738 2152 3793 XL.
2184 3738 2425 3809 Magnam
2451 3755 2558 3793 esse
2587 3749 2632 3792 et
2657 3738 3058 3792 indeclinabile»:
3085 3755 3147 3792 ex
3185 3738 3422 3809 conjugio
3449 3755 3561 3793 ser-

1967 3830 2409 3898 nitatem—Quid
2434 3839 2633 3896 autem,
2665 3830 2710 3883 si
2728 3829 2808 3883 vir
2829 3829 2996 3883 comis
3024 3838 3122 3890 est,
3143 3844 3276 3883 uxor
3299 3828 3561 3896 improba,

1970 3922 2229 3978 maledica
2250 3963 2265 3987 ,
2301 3923 2518 3992 loquax,
2551 3930 2607 3975 et
2634 3920 2776 3990 quod
2807 3935 3090 3974 commune
3119 3921 3354 3973 omnium
3379 3919 3548 3973 vitiun

1970 4023 2052 4070 est
2072 4057 2086 4078 ,
2115 4025 2426 4084 sumptuosa
2456 4052 2476 4082 ,
2505 4014 2731 4083 aliisque
2759 4014 2912 4067 malis
2943 4013 3177 4082 pluribus
3206 4011 3438 4067 referta?
3460 4024 3562 4081 quo

1971 4107 2132 4162 modo
2159 4107 2321 4163 miser
2370 4107 2466 4162 ille
2511 4105 2874 4176 quotidianam
2910 4103 3044 4157 hanc
3091 4103 3389 4158 molestiam
3415 4143 3431 4167 ,
3472 4117 3564 4155 su-

1973 4201 2210 4269 perbiam
2240 4240 2256 4266 ,
2300 4196 2689 4268 impudentiam
2754 4195 2931 4249 feret?
2976 4194 3151 4260 Quid,
3213 4195 3424 4262 inquam
3454 4234 3470 4259 ,
3521 4193 3564 4246 si

1972 4301 2158 4346 contra
2202 4290 2316 4345 haec
2346 4289 2592 4344 modesta
2631 4294 2688 4342 et
2725 4285 2908 4340 sedata
2939 4292 3053 4351 est,
3084 4283 3171 4338 ille
3216 4298 3343 4338 vero
3373 4282 3519 4337 ferox
3547 4323 3563 4348 ,

1974 4383 2238 4453 superbus
2263 4424 2278 4448 ,
2337 4379 2628 4436 iracundus
2653 4419 2668 4444 ,
2701 4377 2895 4432 animis
2937 4378 2986 4432 ei
3028 4377 3220 4447 partim
3267 4376 3520 4446 operibus
3550 4417 3565 4437 ,

1975 4475 2168 4544 partim
2227 4473 2463 4544 potentia
2513 4471 2720 4534 auctis,
2767 4469 2856 4540 qui
2924 4469 3144 4524 liberam
3215 4467 3407 4523 eodem
3454 4466 3572 4522 loco

1976 4567 2171 4622 habeat
2244 4581 2351 4636 quo
2433 4578 2682 4627 servam,
2769 4561 2939 4616 nihilo
3015 4561 3067 4615 in
3118 4575 3236 4614 eam
3299 4573 3457 4629 quam
3521 4558 3572 4612 in

1977 4659 2201 4713 famulas
2248 4657 2623 4728 a'quior?quo
2670 4662 2826 4723 pacto
2853 4666 2971 4706 eam
3020 4651 3389 4706 necessitatem
3437 4648 3574 4702 vitu-

1979 4767 2084 4821 que
2112 4749 2388 4820 patietur?
2435 4745 2578 4814 Quid
2609 4744 2840 4814 denique
2868 4785 2882 4808 ,
2930 4743 2972 4796 si
3000 4742 3069 4796 ab
3096 4757 3157 4797 ea
3183 4741 3342 4812 plane
3370 4738 3577 4794 alienus

1980 4857 2193 4911 semper
2219 4841 2468 4895 maneat?
2506 4836 2612 4891 Fer
2633 4877 2646 4899 ,
2690 4834 2900 4904 inquit,
2933 4847 3146 4888 omnem
3178 4833 3316 4886 hanc
3344 4831 3578 4887 servitu-

1983 4944 2088 4990 tem
2115 4978 2129 4999 ,
2161 4933 2335 4988 futura
2364 4933 2585 4988 demum
2639 4928 2805 4982 libera
2846 4941 2968 4980 cum
3011 4925 3244 4980 obierit:
3278 4937 3345 4978 eo
3396 4929 3573 4976 autem

1981 5027 2104 5082 vivo
2129 5026 2355 5080 duorum
2381 5025 2618 5080 alterum
2642 5033 2863 5074 necesse
2883 5027 2964 5072 est
2989 5057 3003 5082 ,
3035 5025 3261 5070 anteum
3292 5013 3438 5068 omni
3469 5023 3583 5066 stu-

1983 5120 2074 5176 dio
2102 5121 2272 5174 lenire
2301 5133 2365 5172 ac
2386 5114 2528 5184 frugi
2554 5111 2800 5174 reddere,
2833 5119 2924 5164 aut
2952 5109 2994 5163 si
3029 5107 3079 5162 id
3109 5107 3450 5176 desperatum
3477 5111 3581 5168 est,

1985 5213 2304 5267 acerrimum
2336 5205 2611 5280 quoddam
2653 5188 2854 5258 bellum
2882 5211 3040 5270 atque
3083 5198 3312 5254 efferum
3341 5196 3582 5268 prmlium

1988 5303 2197 5360 fortiter
2219 5303 2505 5358 sustinere.
2568 5299 2646 5351 Ac
2675 5310 2835 5364 supra
2865 5291 3096 5358 dicebat,
3151 5289 3236 5344 Ne
3291 5287 3589 5360 defraudato

1990 5398 2119 5452 alter
2179 5396 2395 5450 alterum
2423 5435 2439 5460 ,
2504 5389 2602 5443 nisi
2630 5388 2673 5442 si
2721 5387 2843 5457 quid
2880 5402 2943 5441 ea:
2968 5399 3213 5439 consensu
3265 5380 3373 5451 (Ib.
3399 5395 3448 5433 υ.
3481 5376 3584 5450 5);

1993 5490 2080 5545 hic
2099 5489 2441 5558 diremptam,
2471 5482 2552 5540 vel
2583 5481 2802 5535 invitam
2832 5493 2892 5533 se
2917 5491 3076 5548 porro
3095 5474 3247 5545 jubet
3271 5471 3547 5527 continere
3574 5488 3586 5523 :

1996 5582 2226 5649 Maneat,
2275 5580 2464 5650 inquit.
2518 5575 2762 5643 innupta,
2812 5579 2899 5624 aut
2937 5569 3043 5622 viro
3099 5565 3445 5621 reconcilietur
3487 5560 3592 5632 (lli.

1995 5695 2043 5732 υ.
2097 5675 2222 5746 Η).
2278 5672 2468 5727 Viden’
2526 5682 2645 5722 eam
2727 5664 2868 5718 inter
2940 5659 3152 5733 gemina
3203 5657 3339 5712 bella
3404 5654 3596 5724 depre-

1999 5771 2222 5826 hensam
2247 5768 2270 5822 ?
2299 5766 2432 5822 Nam
2492 5767 2586 5820 aut
2611 5755 2846 5814 libidinis
2893 5753 3001 5810 vim
3042 5751 3184 5808 ferre
3223 5748 3458 5818 cogitur,
3509 5755 3597 5801 aut

2005 5860 2050 5916 si
2079 5859 2130 5915 id
2159 5859 2293 5917 nolit
2323 5899 2339 5920 .
2391 5847 2774 5912 assentandum
2823 5855 2907 5903 est
2964 5843 3198 5916 injurio.
3230 5843 3385 5911 eique
3439 5848 3497 5891 se
3533 5832 3596 5887 ait
