4020 6380
461 400 566 457 5’3

461 510 713 585 qnelibet
741 503 1085 578 prmlmndum
1109 542 1124 568 ,
1155 514 1249 555 seu
1282 498 1450 569 plagis
1490 496 1707 551 afﬁcere
1754 492 1882 547 velit
1910 533 1923 556 ,
1957 506 2053 545 seu

461 600 720 657 conviciis
748 613 977 662 vexare,
1009 609 1104 649 seu
1143 606 1422 647 vernarum
1468 588 1698 644 ludibrio
1734 600 2002 656 exponere
2034 624 2051 650 ,

462 713 557 751 seu
600 692 745 748 aliud
773 689 903 761 quid
931 686 1224 757 ejusmodi:
1253 682 1436 738 multa:
1457 682 1599 736 enim
1640 680 1767 733 viris
1792 678 2055 734 ulciscen-

463 789 651 843 dorum
690 799 918 839 uxorum
945 783 1042 833 via:
1071 779 1370 834 adinventaa
1395 783 1539 829 sunt.
1572 772 1705 841 Qum
1729 770 1773 826 si
1805 785 1910 825 non
1937 784 2058 839 pcr-

465 879 644 938 lerat‘,
694 874 897 944 agenda
943 870 1267 926 iniructuosa
1312 865 1639 920 continentia
1697 871 1780 917 est
1830 879 1843 913 :
1893 860 2060 914 infru-

467 979 653 1025 ctuosa
678 1006 696 1033 ,
728 972 942 1034 inquam
969 1002 983 1023 ,
1012 975 1130 1030 qua:
1171 958 1299 1012 nihil
1341 953 1712 1027 promissionis
1750 952 2058 1023 adiunctum

468 1060 681 1114 habeat.
732 1056 912 1125 Neque
954 1054 1097 1107 enim
1156 1048 1525 1103 sanctimoniae
1572 1046 1750 1101 studio
1814 1053 2061 1113 suscepta

468 1162 590 1214 est,
645 1148 736 1203 sed
794 1155 1011 1216 prepter
1059 1142 1343 1197 dissidium
1381 1154 1503 1194 cum
1547 1138 1701 1192 viro:
1734 1151 1897 1200 nam,
1944 1135 2064 1188 Ma-

470 1251 605 1307 neat,
637 1239 839 1308 inquit,
867 1237 1089 1304 innupta
1109 1275 1123 1298 ,
1153 1242 1242 1286 aut
1279 1232 1386 1285 viro
1424 1230 1792 1284 reconcilietur.
1822 1230 1889 1281 At
1912 1225 2061 1297 quid,

470 1337 514 1391 si
550 1335 693 1389 nolet
729 1333 785 1387 in
826 1333 1053 1402 gratiam
1082 1326 1305 1382 redire?
1338 1323 1514 1379 Habes
1542 1322 1769 1377 alterum
1813 1318 2065 1389 eﬂ'ugium

470 1437 631 1497 atque
660 1424 987 1480 evasionem.
1018 1416 1356 1487 Quamnam?
1385 1415 1514 1485 Ejus
1542 1422 1768 1468 mortem
1794 1419 2064 1481 exspecta.

475 1520 543 1573 Ut
568 1518 710 1573 enim
755 1514 994 1585 virgini,
1027 1512 1110 1567 cui
1151 1523 1390 1582 perenne
1413 1508 1601 1566 vivens
1638 1515 1799 1576 atque
1850 1504 2070 1557 immor-

476 1611 596 1665 talis
625 1622 853 1677 Sponsus
882 1607 989 1669 sit,
1030 1602 1232 1658 nubere
1262 1613 1551 1669 numquam
1584 1598 1711 1652 licet
1749 1614 1763 1651 :
1798 1596 1879 1651 sic
1903 1595 2068 1649 mari-

478 1710 600 1756 tatre
627 1711 734 1754 tum
765 1699 980 1752 demum
1000 1738 1015 1761 ,
1047 1709 1168 1749 cum
1200 1693 1281 1747 vir
1316 1691 1527 1746 obierit.
1554 1689 1688 1744 Nam
1723 1688 1768 1743 si
1798 1686 1878 1742 fas
1902 1696 2066 1749 esset,

477 1807 545 1849 eo
591 1791 749 1851 etiam
776 1789 896 1842 vivo
930 1786 999 1841 ab
1036 1800 1105 1840 eo
1140 1783 1211 1838 ad
1259 1783 1459 1844 alium,
1517 1781 1824 1849 iterumque
1867 1778 1936 1833 ab
1980 1776 2072 1831 illo

458 1853 546 1938 bad
585 1882 746 1937 alium
783 1879 1046 1943 transire,
1074 1875 1199 1946 quid
1223 1873 1562 1929 matrimonio
1592 1886 1728 1943 opus
1756 1877 1920 1936 esset,
1944 1869 2072 1924 viris

480 1974 784 2046 promiscue
831 1972 1001 2025 altero
1058 1967 1282 2022 alterius
1327 1980 1497 2020 uxore
1554 1963 1862 2029 utentibus,
1915 1973 2075 2033 atque

479 2082 603 2122 cum
627 2062 875 2120 omnibus
900 2058 1258 2117 coeuntibus?
1287 2056 1406 2125 Quo
1432 2064 1589 2127 pacto
1640 2065 1820 2110 autem
1868 2069 1975 2110 non
2021 2063 2077 2110 et

481 2159 720 2219 studium
765 2170 892 2226 erga
945 2151 1353 2208 contubernales
1407 2149 1646 2221 periret,
1702 2147 1806 2202 hoc
1875 2146 2070 2213 hodie,

482 2264 602 2306 cras
631 2250 759 2314 illo,
790 2262 853 2301 ac
881 2260 1091 2300 rursum
1123 2244 1229 2297 alio
1264 2258 1384 2296 cum
1415 2256 1604 2296 eorum
1633 2256 1799 2296 uxore
1848 2254 2075 2295 consue-

484 2338 797 2397 scentibus?
848 2337 1033 2393 Merito
1062 2334 1112 2389 id
1146 2334 1401 2389 Dominus
1427 2331 1747 2386 adulterium
1775 2330 2003 2386 vocavit.

558 2431 697 2486 XLI.
726 2428 830 2486 Cur
856 2427 1056 2481 Judav's
1109 2425 1411 2480 concesserit
1451 2422 1591 2478 Deus
1628 2424 1830 2492 repudii
1857 2424 2080 2478 libellum

489 2521 694 2590 offerre.
722 2550 796 2561 —
816 2519 924 2575 Cur
949 2519 1108 2589 igitur
1132 2517 1181 2570 id
1207 2515 1406 2573 Judmis
1437 2514 1715 2585 permisit?
1755 2514 1835 2570 Ne
1854 2515 1993 2570 inter
2021 2529 2079 2571 se

486 2614 840 2691 conﬂigerent
866 2658 883 2684 ,
923 2626 993 2665 ne
1042 2624 1279 2684 cognato
1306 2615 1577 2687 sanguine
1591 2609 1738 2666 aedes
1758 2624 1891 2668 suas
1928 2623 2079 2668 coru-

490 2711 719 2782 plerent.
750 2708 894 2765 Cedo
922 2708 1086 2771 enim,
1116 2716 1295 2760 utrum
1326 2705 1613 2775 praestabat
1634 2747 1650 2772 ,
1671 2705 1900 2761 invisam
1920 2705 2083 2763 domo

490 2803 673 2873 exigi,
731 2816 798 2855 an
847 2800 985 2854 intra
1026 2798 1259 2868 parietes
1308 2796 1575 2867 iugulari,
1627 2796 1773 2865 quod
1796 2796 2078 2866 fecissent,

491 2896 540 2952 si
564 2910 675 2950 non
703 2894 781 2948 eis
802 2892 997 2962 ejicere
1024 2891 1307 2945 licuisset?
1337 2890 1515 2959 itaque
1555 2889 1745 2960 inquit,
1779 2889 1842 2945 Si
1869 2891 2085 2945 inrisam

488 2987 660 3053 habet,
689 2986 885 3041 dimitte
914 2982 1093 3053 (Deut.
1123 2983 1215 3036 2L
1252 2980 1330 3054 l).
1361 2982 1430 3036 At
1459 2989 1789 3048 mansuetos,
1819 2990 1875 3036 et
1892 2983 2086 3053 quibus

491 3094 595 3135 nec
637 3078 793 3133 irasci
848 3076 1155 3147 permittat,
1213 3073 1489 3143 alloquens
1518 3072 1640 3127 ait:
1672 3071 1771 3128 Sin
1811 3073 2086 3130 divortium

490 3171 682 3245 facta,
712 3166 891 3224 ccclebs
914 3174 1114 3220 mando
1153 3164 1231 3236 (1.
1261 3163 1380 3219 Cor.
1412 3164 1465 3219 7.
1499 3164 1609 3235 11).
1652 3163 1816 3219 Vides
1845 3167 2085 3222 necessi-

490 3271 692 3329 tatem,
720 3258 1079 3315 inevitabilem
1123 3257 1434 3312 servitutem
1463 3296 1479 3322 ,
1523 3264 1579 3311 et
1620 3254 1892 3311 vinculum
1942 3256 2087 3327 quod

491 3363 781 3423 utrumque
822 3347 1187 3419 constringit?
1231 3346 1373 3403 Vere
1411 3345 1556 3402 enim
1602 3346 1873 3402 vinculum
1900 3348 2088 3402 matri-

493 3446 733 3503 monium
760 3450 873 3511 est,
902 3458 1010 3497 non
1037 3440 1214 3496 solum
1260 3449 1478 3509 propter
1510 3438 1931 3495 sollicitudinum
1976 3449 2090 3495 tur-

495 3536 618 3611 bam
646 3551 710 3591 ac
748 3533 1087 3605 quotidianas
1115 3531 1406 3596 molestias,
1451 3529 1546 3586 sed
1573 3531 1734 3585 etiam
1772 3531 1917 3602 quod
1958 3546 2091 3588 con-

496 3632 648 3702 iuges
691 3628 880 3699 quovis
931 3642 1091 3684 servo
1139 3626 1356 3696 gravius
1400 3627 1633 3681 invicem
1676 3627 1867 3699 subjici
1911 3640 2085 3701 cogat.

504 3722 617 3788 Vir,
645 3722 853 3792 inquit,
887 3719 1039 3774 uxori
1082 3718 1374 3772 dominetur
1424 3716 1578 3790 (Gen.
1619 3719 1673 3774 ὃ.
1705 3719 1819 3789 16).
1849 3724 1919 3774 At
1970 3720 2090 3791 quis

501 3813 619 3885 ejus
658 3810 882 3868 dominii
929 3825 1060 3865 usus
1098 3809 1226 3865 est?
1270 3825 1392 3864 nam
1427 3810 1661 3865 vicissim
1699 3825 1823 3866 eum
1872 3827 2090 3867 servum

498 3906 665 3964 efllcit
702 3904 822 3975 ejus
847 3903 932 3959 cui
974 3903 1203 3972 imperet
1228 3942 1244 3969 ,
1298 3917 1432 3957 nova
1481 3902 1715 3972 quadam
1751 3911 1807 3959 et
1854 3903 2090 3960 inaudita

499 3997 798 4066 excogitata
825 3994 1263 4066 compensatione
1311 3995 1587 4050 servitutis
1616 4012 1631 4063 ;
1659 4010 1724 4051 ac
1764 3998 1916 4064 quasi
1947 3996 2090 4069 fugi-

458 4149 466 4156 ,
500 4088 729 4143 tivorum
767 4085 933 4158 pedes
959 4094 1017 4141 et
1054 4086 1287 4141 seorsim
1316 4085 1512 4154 vincti,
1550 4095 1607 4141 et
1631 4103 1847 4143 rursum
1868 4088 2010 4146 inter
2033 4106 2091 4146 se

497 4184 688 4252 exigua
725 4179 953 4252 quadam
993 4186 1181 4235 catena
1212 4178 1417 4249 bieipiti
1447 4182 1721 4250 utrimque
1768 4181 1968 4251 pedicis
2014 4184 2093 4239 at.

501 4274 614 4328 tina
658 4273 977 4339 constricti,
1029 4271 1171 4327 haud
1216 4286 1346 4328 sane
1396 4271 1569 4329 libere
1612 4273 1822 4345 ingredi
1854 4282 2088 4345 queant,

499 4365 645 4437 quod
681 4368 818 4421 alter
855 4365 1086 4421 alterum
1118 4366 1373 4435 consequi
1414 4375 1716 4435 cogantur:
1746 4365 1819 4421 ad
1843 4367 2093 4423 eumdem

500 4458 720 4512 modum
747 4468 803 4513 et
824 4458 1113 4527 coniugum
1140 4466 1349 4511 mentes
1366 4496 1383 4523 ,
1411 4472 1532 4512 cum
1558 4458 1791 4528 privatas
1817 4474 1973 4514 curas
2000 4460 2095 4513 ba-

500 4549 661 4615 bent,
686 4558 796 4604 tum
827 4547 929 4602 alia
956 4546 1276 4602 necessitate
1313 4548 1475 4602 etiam
1496 4563 1563 4604 ex
1593 4558 1781 4604 mutua
1794 4550 2093 4620 colligatio-

502 4655 574 4696 ne
597 4648 866 4704 tenentur,
898 4653 1015 4708 quae
1038 4653 1132 4694 eos
1160 4637 1307 4692 omni
1337 4645 1524 4693 catena
1555 4639 1752 4695 arctius
1773 4641 2018 4713 stringat,
2041 4651 2096 4698 et

500 4732 717 4801 utrique
740 4731 1040 4785 libertatem
1072 4729 1296 4798 eripiat,
1328 4729 1469 4799 quod
1502 4731 1590 4784 uni
1624 4730 1905 4800 imperium
1933 4748 2096 4789 omne

504 4841 611 4882 non
664 4824 979 4888 tradiderit,
1019 4822 1117 4877 sed
1174 4823 1291 4892 ejus
1345 4830 1660 4892 potestatem
1710 4826 1763 4879 in
1811 4832 2096 4897 utrumque

503 4919 815 4989 dispertitos
844 4916 933 4971 sit.
966 4915 1068 4971 Ubi
1102 4924 1227 4971 sunt
1253 4916 1411 4986 igitur
1445 4917 1536 4986 qui
1586 4919 1753 4987 parati
1788 4928 1914 4975 sunt
1941 4920 2095 4975 volu-

506 5011 668 5081 ptatis
709 5008 887 5065 solatii
924 5021 1084 5063 causa
1132 5021 1347 5062 munem
1395 5007 1901 5065 condemnationem
1939 5012 2097 5081 pati?

507 5103 690 5172 Neque
728 5102 873 5157 enim
898 5114 1087 5170 parum
1125 5098 1194 5154 de
1236 5099 1510 5169 voluptate
1547 5099 1798 5168 decedit,
1828 5103 2096 5159 interdum

504 5196 709 5253 mutuis
743 5194 881 5250 odiis
914 5207 977 5248 ac
1000 5191 1237 5247 dissidiis
1279 5193 1330 5246 in
1360 5193 1587 5264 longum
1618 5201 1835 5265 tempus
1854 5195 2098 5251 duranti-

504 5292 626 5347 bus.
661 5288 798 5355 Quin
825 5299 888 5343 ea
935 5299 1149 5356 quoque
1170 5285 1433 5353 servitus,
1462 5294 1523 5340 ut
1569 5286 1790 5343 aiterius
1836 5288 2097 5358 improbi-

506 5391 590 5434 tas
609 5377 762 5434 alteri
791 5377 874 5431 vel
903 5377 1070 5430 invito
1098 5374 1323 5431 ferenda
1347 5376 1418 5431 sit
1438 5417 1453 5438 ,
1486 5377 1631 5433 satis.
1659 5387 1747 5433 est
1788 5387 1846 5433 ut
1874 5379 2099 5435 delicias

510 5486 699 5527 omnes
727 5469 994 5525 obliteret.
1042 5468 1228 5538 Itaque
1272 5468 1462 5524 beatus
1505 5469 1595 5525 ille
1649 5470 1884 5526 libidinis
1927 5472 2101 5542 impo-

510 5562 733 5620 tentiam
760 5564 987 5632 primum
1019 5562 1224 5631 asperis
1253 5561 1359 5616 illis
1385 5562 1564 5618 verbis
1594 5567 1853 5632 repressit
1882 5572 2101 5635 propter

509 5654 919 5711 fornicationem
940 5695 957 5722 ,
988 5653 1449 5724 intemperantiam
1490 5663 1548 5709 et
1570 5654 1824 5721 ardores;
1856 5657 1955 5714 sed
1977 5672 2099 5712 cum

510 5744 720 5799 videret
748 5743 904 5813 vulgo
939 5757 1057 5797 eam
1100 5742 1599 5799 condemnationem
1653 5759 1685 5801 a
1714 5747 1899 5803 multis
1948 5747 2102 5803 ﬂocci

514 5834 631 5892 ﬁeri
661 5876 678 5903 ,
715 5832 855 5905 quod
901 5832 966 5889 ad
996 5832 1374 5888 deterrendum
1425 5833 1695 5893 efﬁcacius
1748 5846 1892 5895 esset
1931 5836 2098 5894 addit.

1206 388 1262 442 S.
1302 381 1581 440 JOANNIS
1617 372 2090 435 Cllll‘i'SOSTOlll
2129 372 2448 430 ABCHIEP.
2489 371 3025 429 CONSTANTINOP.

3652 372 3762 429 5M

2164 489 2288 545 Ideo
2326 488 2572 557 discipuli
2616 490 2788 543 coacti
2841 497 2965 543 sunt
3007 488 3222 555 dicere,
3257 486 3378 542 Non
3430 487 3632 558 expedit
3661 501 3762 541 2.":-

2162 582 2275 635 bcre
2302 580 2510 651 (Matth.
2546 579 2632 636 19.
2665 580 2778 648 10).
2807 579 2863 633 ld
2890 590 3068 635 autem
3095 589 3179 635 est
3201 620 3218 645 ,
3245 580 3525 651 coniugem
3553 579 3763 635 nullum

2163 676 2245 731 sui
2281 690 2401 729 esse
2445 674 2602 745 juris.
2634 673 2819 744 Neque
2866 673 2917 728 id
2976 673 3346 728 bortabundus
3397 683 3451 728 et
3491 683 3763 735 tamquam

2164 767 2451 822 consulens
2495 765 2733 835 profert,
2765 765 2857 819 sed
2886 765 3200 835 prmcipiens
3230 779 3293 818 ac
3319 763 3601 818 mandans.
3627 762 3765 817 Nam

2166 859 2570 913 matrimonium
2595 855 2915 911 contrahere
2957 866 3048 910 aut
3076 871 3180 909 non
3228 855 3549 910 contrahere
3598 870 3770 923 penes

2169 967 2268 1007 nos
2300 960 2383 1006 est
2406 969 2418 1005 :
2442 967 2561 1022 qua:
2590 949 2984 1005 m'atrimonium
3014 960 3418 1019 consequuntur
3440 992 3455 1014 ,
3486 964 3590 1004 non
3611 951 3766 1010 item,

2169 1043 2266 1099 sed
2306 1045 2534 1099 velimus
2571 1043 2802 1097 nolimus
2842 1041 3055 1096 ferenda
3087 1042 3320 1096 servitus
3349 1049 3451 1096 est.
3479 1039 3619 1110 Quid
3655 1040 3767 1094 ita?

2170 1134 2324 1202 Quod
2350 1150 2457 1189 non
2506 1134 2658 1188 inscii
2686 1149 2802 1188 eam
2851 1134 3083 1203 primum
3129 1132 3503 1200 suscepimus,
3532 1129 3626 1185 sed
3683 1130 3774 1184 vel

2173 1227 2339 1297 probe
2386 1227 2504 1296 ejus
2546 1226 2666 1296 jura
2713 1233 2873 1296 atque
2912 1224 3057 1294 leges
3106 1233 3389 1291 tenentes,
3434 1231 3625 1293 sponte
3671 1226 3777 1278 sub

2168 1318 2352 1390 jugum
2395 1333 2495 1374 nos
2537 1318 2880 1389 subjecimus.
2912 1318 2990 1372 Ac
3016 1324 3197 1387 postea
3227 1315 3298 1372 de
3352 1317 3417 1371 iis
3471 1317 3723 1387 loquutus
3755 1356 3774 1379 ,

2175 1411 2266 1480 qui
2301 1408 2544 1464 infideles
2576 1424 2770 1463 uxores
2801 1408 3081 1472 haberent,
3119 1423 3410 1475 omnesque
3448 1407 3777 1463 matrimonii

2177 1501 2319 1571 leges
2360 1510 2609 1557 accurate
2657 1511 3044 1570 persequutus,
3122 1499 3402 1569 interjecta
3467 1500 3536 1555 de
3600 1501 3778 1555 servis

2177 1591 2566 1662 disputatione,
2598 1599 2756 1662 atque
2783 1592 2849 1646 iis
2883 1633 2899 1657 ,
2928 1590 3068 1662 quod
3110 1591 3323 1646 abunde
3368 1591 3561 1646 solatio
3587 1602 3778 1659 esset,

2177 1684 2428 1749 monitis,
2475 1684 2856 1755 ingenuitatem
2882 1683 3180 1753 spiritalem
3236 1698 3298 1738 ea
3350 1684 3611 1739 servitute
3663 1700 3774 1737 non

2180 1776 2420 1830 imminui
2445 1816 2461 1843 ,
2493 1777 2667 1845 pergit
2701 1774 2769 1830 ad
2798 1789 3100 1830 sermonem
3129 1774 3196 1830 de
3226 1775 3532 1845 virginitate
3562 1818 3577 1842 ,
3607 1791 3775 1848 quem

2182 1867 2385 1938 pridem
2431 1866 2769 1937 parturicbat
2797 1882 2862 1922 ac
2908 1881 3090 1922 serere
3113 1867 3423 1937 satagebat,
3469 1883 3612 1923 nunc
3654 1871 3783 1924 eni-

2181 1967 2300 2014 tens
2325 1976 2339 2022 ;
2371 1960 2469 2013 etsi
2493 1974 2615 2014 eum
2645 1974 2744 2014 nec
2768 1958 2837 2015 de
2865 1960 3206 2014 matrimonio
3232 1959 3507 2015 disserens
3524 1962 3784 2015 sustinuit

2182 2052 2394 2108 silentio
2437 2053 2733 2123 pncterire.
2765 2051 2898 2108 Nam
2929 2053 3165 2109 breviter
3204 2052 3293 2108 ille
3319 2053 3537 2124 quidem
3581 2062 3637 2107 et
3663 2049 3782 2107 obi-

2184 2154 2286 2214 ter,
2318 2145 2414 2202 sed
2447 2154 2625 2201 tamen
2657 2146 2706 2201 ei
2733 2162 2948 2217 quoque
2973 2146 3330 2202 exbortationi
3358 2163 3481 2203 eum
3511 2145 3780 2202 intexuit:

2184 2245 2345 2307 atque
2366 2253 2429 2293 ea
2457 2238 2820 2308 pulcherrima
2864 2239 3071 2294 ratione
3105 2254 3264 2294 aures
3294 2248 3504 2295 nostras
3547 2248 3603 2295 et
3631 2238 3790 2310 inge-

2188 2331 2331 2385 nium
2351 2340 2601 2402 tanqtram
2622 2345 2927 2401 praeparans
2941 2346 3003 2386 ac
3024 2332 3400 2401 praemolliens,
3419 2332 3642 2388 orationi
3661 2331 3791 2387 faci-

2189 2422 2293 2478 lem
2308 2422 2506 2477 aditum
2525 2422 2743 2477 molitur
2759 2433 2877 2492 post
2898 2423 3322 2478 exhortationem
3341 2424 3413 2478 ad
3426 2437 3631 2478 servos.
3647 2423 3788 2479 Nam

2190 2516 2381 2586 pretio,
2432 2514 2631 2592 inquit.
2668 2517 2824 2591 empti
2847 2517 2967 2573 estis
2997 2531 3016 2568 :
3038 2516 3200 2571 nolite
3222 2517 3331 2590 ﬁeri
3357 2518 3487 2577 servi
3521 2517 3792 2576 hominum

2192 2612 2272 2683 (1.
2295 2614 2412 2667 Cor.
2446 2614 2497 2667 7.
2521 2614 2636 2682 2⁸5).
2672 2612 2879 2668 Domini
2907 2612 3060 2667 nobis
3087 2612 3351 2668 beneﬂcio
3380 2613 3430 2667 in
3466 2613 3789 2668 memoriam

2191 2712 2463 2768 revocato,
2474 2704 2816 2774 omniumque
2837 2701 3104 2757 mentibus
3118 2717 3184 2756 eo
3201 2703 3397 2758 erectis
3418 2701 3469 2757 in
3487 2703 3796 2773 ctelumque

2191 2795 2417 2851 sublatis
2437 2837 2454 2863 ,
2495 2794 2563 2850 de
2589 2795 2895 2866 virginitate
2920 2794 3336 2864 disputationem
3377 2794 3594 2851 demum
3638 2796 3792 2851 inse-

2191 2887 2263 2942 rit
2306 2886 2391 2943 his
2441 2886 2667 2942 verbis:
2702 2886 2780 2943 De
2823 2886 3100 2959 uirginibus
3133 2899 3301 2942 autent
3345 2889 3559 2942 Domini
3602 2904 3798 2958 γνωσο-

2193 2986 2336 3048 ptum
2364 2994 2467 3033 non
2509 2978 2667 3033 habeo
2686 3019 2701 3047 ,
2732 2978 2822 3033 sed
2853 2979 3127 3033 consilium
3172 2979 3260 3045 do,
3303 2989 3557 3051 tamquam
3588 2980 3798 3035 miseri-

2193 3070 2420 3124 cordiam
2463 3080 2803 3140 consequutus
2825 3086 2856 3122 a
2876 3069 3100 3124 Domino
3118 3112 3132 3138 ,
3162 3079 3220 3124 ut
3248 3071 3346 3125 sim
3376 3071 3544 3141 ﬁdelis
3568 3070 3645 3145 (1.
3666 3068 3798 3126 Cor.

2195 3160 2250 3228 7,
2273 3161 2393 3234 25).
2420 3161 2523 3227 At,
2556 3162 2645 3233 qni
2685 3162 2752 3217 de
2782 3162 2957 3218 ﬁdelis
2984 3178 3107 3218 cum
3149 3161 3349 3219 inﬁdeli
3378 3163 3626 3235 conjugio
3663 3178 3801 3234 pra:-

2194 3265 2409 3325 ceptum
2447 3255 2575 3309 item
2626 3270 2733 3310 non
2785 3255 3044 3324 haberet,
3094 3271 3287 3327 magna
3338 3258 3659 3313 auctoritate
3713 3259 3793 3314 ita

2195 3346 2405 3401 sancit:
2438 3344 2644 3402 Cateris
2692 3357 2859 3401 autem
2884 3364 2975 3420 ego
3026 3348 3221 3413 scribo,
3260 3365 3363 3403 non
3409 3349 3658 3405 Dominus
3685 3367 3707 3405 :
3733 3350 3802 3407 Si

2195 3439 2311 3510 quis
2335 3442 2494 3510 frater
2529 3455 2745 3494 uxorem
2784 3440 2933 3494 habet
2974 3440 3234 3508 inﬁdelem
3261 3483 3277 3507 ,
3320 3451 3367 3495 et
3413 3443 3521 3497 haec
3547 3445 3801 3499 consentit

2196 3530 2423 3585 habitare
2449 3547 2565 3585 cum
2605 3531 2696 3586 illo
2718 3573 2733 3597 ,
2777 3548 2879 3586 non
2934 3530 3191 3598 dimittat,
3223 3532 3368 3587 illam
3404 3532 3509 3605 (Ib.
3536 3547 3665 3587 vers.
3686 3530 3804 3600 η).

2197 3623 2306 3679 Cur
2328 3638 2433 3678 non
2477 3624 2637 3695 igitur
2663 3632 2719 3679 et
2754 3623 2823 3679 de
2846 3623 3141 3697 virginibus
3170 3624 3352 3679 itidem
3398 3624 3622 3680 sciscis?
3649 3625 3790 3692 Quia

2204 3715 2310 3772 hoc
2335 3714 2581 3772 Christus
2610 3716 2783 3787 palam
2817 3717 3115 3783 constituit,
3135 3727 3321 3773 vetans
3364 3734 3482 3774 eam
3506 3734 3618 3773 rem
3643 3734 3792 3789 prm-

2197 3813 2336 3884 cepti
2366 3813 2690 3869 necessitate
2714 3811 2947 3867 deliniri.
2981 3811 3112 3868 Illud
3158 3828 3389 3883 namque
3417 3855 3433 3881 ,
3482 3811 3589 3878 Qui
3631 3824 3801 3883 potest

2198 3920 2418 3976 capere,
2457 3906 2666 3977 capiat,
2720 3905 2945 3960 liberam
2998 3904 3228 3959 auditori
3283 3907 3554 3975 optionem
3593 3907 3802 3961 condo.

2200 4000 2378 4054 nantis
2421 4008 2525 4053 est.
2556 3996 2745 4067 Itaque
2790 3996 2860 4052 de
2914 3997 3241 4052 continentia
3281 3997 3576 4062 disserens,
3619 3997 3751 4054 Volo
3780 4041 3800 4066 ,

2200 4087 2416 4159 inquit,
2460 4104 2634 4143 omnes
2663 4088 2892 4143 homines
2919 4088 2991 4143 sic
3018 4104 3126 4142 esse
3152 4131 3167 4155 ,
3212 4098 3266 4142 ut
3304 4105 3397 4161 ego
3444 4106 3585 4155 sum,
3626 4092 3800 4145 conti-

2200 4193 2374 4235 nentes
2400 4181 2479 4251 (1.
2502 4179 2622 4237 Cor.
2652 4181 2705 4235 7.
2741 4178 2795 4254 7)
2826 4198 2840 4248 ;
2873 4190 2928 4235 et
2956 4195 3171 4236 rursum
3196 4222 3213 4249 ,
3244 4180 3484 4253 Innuptis
3535 4196 3706 4238 autent
3736 4204 3800 4241 ac

2201 4272 2371 4326 viduis
2396 4272 2509 4326 dico
2537 4271 2777 4327 :Bonum
2820 4282 2897 4327 est
2920 4272 3025 4327 illis
3055 4314 3070 4339 ,
3117 4273 3162 4327 si
3207 4274 3281 4327 sic
3326 4286 3650 4344 pennaneant
3673 4317 3688 4341 ,
3746 4290 3803 4331 ut

2202 4379 2293 4434 ego
2345 4361 2451 4434 (Ib.
2483 4379 2533 4417 υ.
2560 4362 2639 4433 8).
2665 4363 2734 4417 At
2764 4377 2871 4417 non
2915 4363 2968 4417 in
2995 4377 3246 4418 sermone
3274 4363 3344 4419 de
3377 4365 3678 4435 virginitate
3708 4383 3809 4423 us~

2201 4471 2359 4525 quam
2382 4470 2445 4510 se
2463 4456 2513 4509 in
2536 4456 2841 4524 exemplum
2859 4454 3108 4510 adducit:
3129 4454 3354 4526 ideoque
3367 4456 3652 4511 admodum
3676 4474 3805 4512 mo-

2203 4546 2357 4601 deste
2383 4557 2543 4616 atque
2571 4557 2728 4602 caute
2774 4546 3039 4616 loquitur,
3080 4548 3171 4616 qui
3197 4562 3298 4602 nec
3341 4547 3457 4618 ipse
3486 4563 3548 4603 ea
3577 4550 3807 4617 perlim-

2203 4645 2321 4693 ctus
2347 4644 2511 4693 esset.
2551 4636 2874 4709 Prwceptum
2898 4680 2911 4703 ,
2944 4638 3153 4708 inquit,
3182 4656 3288 4694 non
3338 4641 3519 4695 habeo.
3560 4641 3808 4698 Primum

2203 4745 2516 4802 proponens
2541 4732 2815 4802 optionem
2847 4731 3170 4788 benevolum
3225 4733 3402 4789 reddit
3448 4734 3753 4790 auditorem
3784 4782 3795 4803 ,

2205 4833 2318 4880 tum
2356 4826 2639 4881 consilium
2688 4826 2923 4896 subjicit.
2972 4827 3240 4894 Quoniam
3292 4829 3436 4884 enim
3478 4828 3811 4900 virginitatis

2204 4930 2401 4971 nomen
2434 4917 2698 4986 prolatum
2726 4917 2972 4986 protinus
3012 4918 3282 4988 ingentem
3322 4918 3560 4977 laborem
3611 4920 3810 4976 decla-

2204 5016 2325 5075 ret,
2364 5007 2486 5063 ideo
2519 5022 2627 5062 non
2658 5008 2837 5062 statim
2868 5008 2939 5062 ad
2972 5009 3396 5067 cohortationem
3429 5028 3488 5068 se
3526 5014 3755 5068 contulit
3788 5059 3804 5082 ,

2205 5100 2301 5155 sed
2326 5101 2627 5155 auditorem
2681 5100 2828 5170 prius
2856 5101 3075 5170 optione
3116 5102 3378 5158 deliniens
3399 5143 3414 5167 ,
3450 5104 3672 5174 ejusque
3714 5106 3805 5161 in-

2204 5194 2421 5265 genium
2449 5194 2598 5249 cicur
2619 5208 2684 5249 ac
2722 5195 3001 5251 tractabile
3033 5195 3265 5251 reddens
3288 5235 3303 5261 ,
3334 5196 3405 5251 ita
3432 5196 3649 5252 demum
3678 5215 3808 5267 pro-

2206 5287 2375 5356 ponit.
2417 5285 2627 5342 Audisti
2655 5285 3048 5357 virginitatem,
3091 5302 3286 5342 nomen
3333 5287 3485 5343 multi
3516 5289 3711 5344 laboris
3740 5307 3807 5349 ac

2206 5376 2455 5433 sudoris:
2485 5392 2554 5433 ne
2578 5387 2788 5443 metue;
2820 5394 2927 5432 non
2953 5388 3279 5448 praeceptum
3307 5378 3518 5450 agitur,
3548 5390 3642 5435 aut
3661 5382 3807 5450 jussi

2209 5470 2500 5525 necessitas
2524 5511 2539 5534 ,
2566 5470 2662 5526 sed
2701 5484 2797 5525 eos
2835 5469 2924 5540 qui
2967 5484 3027 5525 se
3060 5471 3305 5526 volentes
3356 5481 3519 5542 atque
3572 5472 3810 5532 libenter

2210 5562 2602 5629 amplectantur
2631 5604 2644 5627 ,
2687 5562 2779 5617 illa
2809 5562 2920 5617 suis
2963 5561 3121 5618 bonis
3148 5571 3532 5619 remuneratur
3553 5604 3569 5629 ,
3611 5578 3807 5623 eorum

2210 5656 2368 5726 capiti
2395 5655 2728 5726 splendidam
2749 5672 2815 5711 ac
2838 5653 3058 5711 ﬂoream
3082 5670 3338 5713 coronam
3365 5659 3682 5730 imponens;
3706 5662 3806 5731 qui

2210 5759 2462 5802 recusent
2512 5762 2678 5816 seque
2720 5747 3023 5803 adsciscere
3076 5748 3287 5818 nolint,
3349 5765 3451 5806 nec
3501 5753 3654 5824 putuit
3701 5768 3809 5809 nec

2213 5838 2409 5894 invitos
2436 5838 2596 5910 cogit.
2636 5836 2821 5897 Ncaue
2848 5853 2913 5894 eo
2940 5838 3111 5896 solum
3138 5841 3431 5898 orationem
3470 5855 3673 5913 gratam
3701 5858 3806 5900 nec
