4020 6378
486 363 593 418 ὕῧῖἰ

480 485 579 537 καὶ
614 483 817 556 εὐανθῆ
855 486 1120 555 στέφανον
1147 504 1213 539 πε
1224 488 1486 557 ριτιθεῖσα
1524 486 1704 540 αὐτῶν
1735 487 1800 555 τῇ
1829 482 2063 553 κεφαλῇ,

487 569 609 629 τοὺς
651 568 713 622 δὲ
759 571 1231 640 παραιτουμένους
1276 570 1465 639 αὐτὴν,
1524 570 1617 623 καὶ
1655 571 1757 623 οῦκ
1786 567 2069 629 ἐθέλοντας
2117 613 2139 625 ,

491 650 814 720 προσθέσθαι
843 650 890 716 δ’
922 651 1045 706 οὔτε
1078 650 1295 716 κολάζει
1319 692 1333 715 ,
1358 652 1483 706 οὔτε
1508 654 1741 715 ἄκοντας
1768 649 2067 718 ἀναγκάζει

489 733 643 785 τοῦτο
674 736 867 787 ποιεῖν.
898 735 976 788 Ού
1004 735 1180 809 ταύτῃ
1203 736 1260 789 δέ
1292 736 1450 806 μόνον
1482 734 1764 805 ἀνεπαχθῆ
1793 734 1883 787 τὸν
1911 733 2068 801 λόγον

496 816 780 885 ιξργάσατο
828 817 924 871 καὶ
968 819 1135 888 ἡδὺν,
1181 818 1316 872 ἀλλά
1367 817 1461 871 καὶ
1504 817 1583 888 τῷ
1626 817 1727 888 τὴν
1766 817 1927 889 χάριν
1972 816 2067 868 τοῦ

494 900 811 971 πράγματος
854 901 953 953 οὐκ
996 900 1159 955 αὑτοῦ
1210 901 1372 970 φάναι
1411 897 1573 967 εἶναι,
1604 900 1746 956 ἀλλά
1788 899 1883 953 τοῦ
1929 898 2068 971 Χρι-

506 985 629 1041 ἰτοῦ.
667 984 742 1036 Ού
776 985 885 1055 γάρ
917 980 1065 1047 εἷπε,
1100 985 1235 1055 Περὶ
1261 984 1317 1036 δὲ
1345 985 1454 1036 τῶν
1496 984 1781 1055 παρθένων
1812 981 1914 1035 οὐκ
1944 984 2066 1035 ἐπι-

482 1067 685 1126 τάσσω.
721 1066 858 1130 ἀλλ’,
903 1066 1226 1137 Ἐπιταγὴν
1256 1069 1367 1120 οὐκ
1396 1068 1535 1136 ἔχω,
1565 1067 1641 1131 ὡς
1669 1069 1733 1120 ἂν
1764 1068 1814 1118 εἰ
1846 1065 2028 1133 ἔλεγεν
2050 1082 2063 1096 ·

482 1152 544 1202 [ί
598 1149 699 1220 μὲν
747 1148 805 1214 ἐξ
853 1148 1212 1221 ἀνθρωπίνων
1254 1149 1533 1220 λογισμῶν
1579 1148 1690 1218 ἐγὼ
1744 1148 2066 1217 κινούμενος

480 1232 649 1286 ταῦτα
676 1233 973 1303 παρῄνουν,
1001 1232 1102 1286 οῦκ
1127 1233 1234 1286 ἔδει
1264 1233 1488 1306 θαρρεῖν
1514 1249 1529 1263 ·
1557 1232 1741 1302 ἐπειδὴ
1766 1232 1821 1285 δὲ
1847 1231 1924 1302 τῷ
1947 1230 2066 1301 Θεῷ

479 1315 637 1369 τοῦτο
668 1316 874 1381 ἔδοξεν,
908 1316 1150 1384 ἀσφαλὲς
1191 1316 1251 1370 τὸ
1282 1317 1380 1387 τῆς
1417 1316 1603 1379 ἁδείας
1640 1317 1915 1385 ἐνέχυρον.
1953 1315 2065 1384 Τὴν

483 1398 581 1469 μὲν
606 1397 859 1465 ἐξουσίαν
885 1398 981 1451 τοῦ
1012 1399 1080 1452 τά
1111 1398 1336 1453 τοιαῦτα
1373 1400 1681 1452 ἐπιτάττειν
1714 1398 2062 1469 παρῄρημαι,

479 1484 527 1536 εί
558 1481 615 1534 δέ
649 1479 902 1550 βούλεσθε
947 1480 1168 1535 ἀκούειν
1208 1483 1284 1547 ῶς
1323 1481 1647 1553 ὁμοδούλου,
1678 1481 1939 1550 Γνώμην
1972 1480 2062 1533 δί-

477 1568 655 1638 δωμι,
700 1568 897 1638 φησίν,
929 1569 1009 1634 ὡς
1050 1566 1387 1636 ἠλεημένος
1423 1566 1541 1619 ὑπὸ
1576 1566 1798 1631 Κυρίου
1845 1566 2063 1631 πιστὸς

475 1649 649 1705 εἶναι.
692 1652 875 1717 Ἀξιον
903 1652 959 1705 δὲ
986 1650 1221 1704 ἐνταῦθα
1244 1649 1523 1719 θαυμάσαι
1544 1648 1638 1702 τοῦ
1666 1647 1938 1720 μακαρίου
1964 1648 2062 1718 τὴν

476 1734 679 1806 πολλὴν
704 1733 1045 1805 εὐμηχανίαν
1067 1733 1162 1787 καὶ
1183 1733 1283 1803 τὴν
1310 1732 1547 1795 σύνεσιν,
1572 1731 1668 1785 καὶ
1690 1730 1805 1796 πῶς
1830 1732 1885 1784 ἐν
1911 1731 2062 1802 μέσῳ

473 1819 617 1872 δυοῖν
648 1819 963 1887 ἀναγκαίων
1004 1817 1099 1871 καὶ
1139 1816 1396 1869 ἐναντίων
1430 1815 1841 1886 ἀπειλημμένος
1872 1826 1898 1855 ⁸
1922 1854 1938 1878 ,
1966 1813 2059 1869 τοῦ

474 1919 532 1955 τε
561 1904 828 1973 συστῆσαι
848 1902 909 1953 τὸ
927 1899 1121 1954 ἐαυτοῦ
1147 1899 1460 1972 πρόσωπον,
1486 1899 1624 1951 ῶστε
1660 1897 2062 1969 εὑπαράδεκτον

472 1985 731 2055 γενέσθαι
750 1984 850 2055 τὴν
876 1982 1208 2055 συμϐουλὴν,
1234 1981 1441 2036 καὶτοῦ
1473 1982 1637 2053 μηδὲν
1661 1986 1802 2052 μέγα
1822 1981 2059 2051 φθέγξα-

476 2072 600 2127 σθαι
620 2073 749 2143 περὶ
772 2065 987 2134 ἐαυτοῦ,
1010 2068 1100 2123 διὰ
1119 2068 1181 2121 τδ
1200 2067 1300 2137 τῆς
1325 2068 1528 2138 ἀρετῆς
1550 2066 1756 2135 ταύτης
1778 2066 2058 2133 γεγονέναι

474 2155 657 2218 ἐκτὸς,
678 2155 962 2225 ἀμφότερα
992 2154 1049 2204 ἐν
1078 2151 1268 2222 βραχεῖ
1292 2148 1682 2204 κατεσκεύασε.
1708 2147 1797 2218 Τῷ
1829 2149 1927 2219 μὲν
1951 2149 2060 2220 γάρ

474 2240 678 2305 εἰπεῖν,
717 2239 812 2303 Ὠς
843 2235 1197 2305 ἠλεημένος,
1222 2231 1501 2303 συνίστησί
1528 2249 1644 2294 πως
1669 2231 1882 2296 ἑαυτὸν,
1907 2232 1981 2303 τῷ
2003 2233 2059 2286 δὲ

479 2323 555 2395 μὴ
594 2324 703 2377 ἀπὸ
733 2321 829 2376 τοῦ
862 2320 1244 2391 λαμπροτέρου
1283 2315 1442 2370 τοῦτο
1472 2317 1697 2387 ποιῆσαι
1730 2314 1932 2387 μέρους
1962 2333 2059 2369 τα-

475 2409 651 2461 πεινοῖ
666 2407 760 2460 καὶ
788 2403 1065 2458 συστέλλει
1092 2402 1277 2457 πάλιν.

543 2492 675 2543 MR’.
695 2490 769 2543 Ού
784 2491 893 2559 7&9
923 2483 1067 2542 εἷπε·
1089 2486 1292 2556 Δίδωμι
1312 2484 1558 2555 γνώμην,
1576 2485 1652 2547 ὡς
1672 2483 1981 2547 πιστευθεὶς
1997 2484 2057 2537 τὸ

472 2573 825 2643 Εὐαγγέλιον,
855 2572 933 2637 ὡς
963 2569 1215 2636 ἀξιωθεὶς
1241 2565 1379 2621 εἶναι
1411 2568 1480 2638 χὴ
1491 2567 1588 2639 ρυξ
1619 2566 1729 2620 τῶν
1762 2566 1949 2631 ἐθνῶν,
1981 2567 2057 2631 ὡς

472 2655 808 2728 προστασίαν
834 2655 933 2726 τὴν
966 2653 1239 2725 ὑμετέραν
1267 2649 1656 2721 ἐγχειρισθεὶς,
1694 2649 1771 2714 ὼς
1802 2649 2057 2705 διδάσκα-

471 2742 564 2807 λος
595 2743 689 2797 καὶ
711 2741 1049 2812 καθηγητὴς·
1071 2735 1208 2792 άλλά
1228 2735 1345 2798 πῶς
1364 2752 1376 2798 ;
1409 2735 1499 2801 Ὠς
1515 2734 1876 2802 ἠλεημένος,
1899 2736 2053 2808 φησὶ,

471 2825 569 2879 καὶ
595 2824 657 2877 τὸ
676 2824 894 2877 ἔλαττον
919 2821 1032 2884 θείς
1048 2838 1062 2853 ο
1088 2820 1308 2873 ἔλαττον
1330 2817 1439 2888 γὰρ
1462 2816 1556 2870 τοῦ
1577 2816 1893 2871 διδάσκαλον
1917 2815 2055 2873 εἶναι

469 2906 581 2960 τῶν
604 2905 810 2960 πιστῶν
833 2905 894 2958 τὸ
920 2904 1077 2975 μόνον
1099 2898 1238 2956 εἶναι
1261 2902 1471 2956 πιστόν.
1497 2899 1609 2953 Καὶ
1632 2900 1828 2972 ἑτέραν
1850 2903 2059 2955 ἐπινοεῖ

472 2991 636 3045 πάλιν
663 2989 1011 3044 ταπείνωσιν.
1045 2987 1210 3040 Ποίαν
1242 2985 1300 3038 δέ
1335 2983 1569 3055 ταύτην;
1603 2983 1718 3036 Οὐκ
1750 2981 1923 3049 εἶπεν,
1969 2985 2057 3047 Ὠς

470 3076 760 3146 γενόμενος
776 3072 982 3135 πιστὸς,
1002 3070 1138 3134 ἀλλ’,
1176 3071 1270 3135 Ὠς
1292 3066 1625 3138 ἠλεημένος
1644 3064 1793 3122 εἶναι
1817 3070 2051 3135 πιστός.

470 3159 559 3230 Μὴ
590 3157 699 3229 7&9
723 3157 821 3228 τὴν
852 3154 1157 3225 ἀποστολὴν
1193 3152 1289 3206 καὶ
1317 3152 1378 3205 τὸ
1415 3152 1677 3224 κήρυγμα
1706 3152 1800 3205 καὶ
1836 3152 1936 3222 τὴν
1978 3152 2057 3206 δι·

470 3240 764 3295 δασκαλίαν
795 3238 954 3310 μόνον
975 3238 1234 3308 νομίσητε
1255 3234 1354 3306 τῆς
1377 3234 1586 3305 δωρεᾶς
1612 3230 1752 3289 εἶναι
1776 3233 1874 3288 τοῦ
1894 3234 2051 3288 Θεοῦ·

468 3324 565 3380 καὶ
595 3323 703 3396 7&9
736 3322 867 3377 αύτὸ
894 3321 953 3374 τὸ
981 3319 1269 3373 πιστεῦσαι
1295 3318 1402 3370 ἀπὸ
1427 3317 1521 3371 τοῦ
1551 3317 1735 3382 ἐλέους
1772 3336 1863 3390 μοι
1892 3320 2054 3388 γέγο-

470 3426 559 3461 νεν
585 3408 817 3461 ἐκείνου.
855 3405 930 3457 Οὐ
960 3403 1069 3475 7&9
1102 3401 1289 3471 ἐπειδὴ
1320 3400 1469 3466 ἄξιος
1514 3401 1687 3472 ἥμην,
1737 3401 1892 3473 φησι,
1926 3420 2056 3455 κατ-

467 3489 709 3562 ηξιὼῦην
739 3489 836 3559 τῆς
858 3487 1112 3552 πίστεως,
1135 3484 1248 3539 ἀλλ’
1272 3483 1458 3555 ἐπειδὴ
1477 3484 1714 3556 ἠλεήθην
1739 3484 1918 3555 μόνον·
1950 3486 1979 3538 ὁ
2000 3484 2055 3539 δέ

469 3573 618 3638 ἔλεος
650 3571 869 3644 χάριτός
900 3569 1070 3633 ἐστιν,
1105 3569 1168 3621 ού
1201 3568 1295 3621 τοῦ
1328 3569 1451 3620 κατ’
1485 3567 1663 3632 ἀξίαν.
1702 3567 1866 3619 Ὥστε
1896 3568 1945 3620 εί
1980 3567 2055 3638 μὴ

467 3653 538 3727 ἦν
572 3657 779 3727 σφόδρα
807 3652 1181 3723 εῦσπλαγχνος
1208 3652 1238 3703 ὁ
1270 3650 1424 3714 Θεὸς,
1453 3651 1514 3703 οὐ
1546 3649 1706 3720 μόνον
1732 3649 2052 3715 ἀπόστολος,

469 3740 585 3793 ἀλλ’
614 3738 738 3794 οὔτε
785 3737 977 3801 πιστὸς
1015 3736 1283 3807 ἠδυνήθην
1319 3732 1385 3786 ἂν
1427 3732 1683 3801 γενέσθαι
1717 3734 1871 3788 ποτέ.
1903 3731 2056 3799 Εἶδες

468 3821 891 3893 εὐγνωμοσύνην
919 3820 1130 3874 οἰκέτου
1159 3819 1253 3873 καὶ
1285 3816 1757 3889 συντετριμμένην
1787 3818 2017 3889 καρδίαν
2036 3858 2052 3880 ,

470 3908 587 3971 πῶς
613 3906 764 3960 οὐδὲν
792 3906 953 3958 πλέον
984 3901 1162 3973 ἐαυτῷ
1190 3901 1372 3955 δίδωσι
1400 3900 1509 3954 τῶν
1530 3900 1754 3963 λοιπῶν,
1785 3902 1921 3955 άλλά
1959 3905 2054 3958 καὶ

466 3989 646 4056 τοῦτο,
681 3989 710 4042 ὃ
741 3988 921 4043 κοινὸν
950 3985 1099 4057 αὑτῷ
1127 3984 1221 4039 καὶ
1263 3987 1375 4049 τοῖς
1416 3984 1688 4056 μαθηταῖς
1718 3981 1809 4056 ἦν,
1854 3986 1915 4038 τὸ
1954 3987 2054 4057 τῆς

468 4074 707 4137 πίστεως
734 4073 836 4127 ούκ
862 4070 1025 4125 αὐτοῦ
1059 4086 1225 4140 φησιν
1253 4064 1412 4133 εἶναι,
1444 4068 1583 4122 ἀλλά
1610 4068 1702 4122 τοῦ
1743 4068 1928 4134 ἐλέους
1960 4071 2054 4124 καὶ

467 4159 567 4231 τῆς
598 4158 820 4229 χάριτος
848 4155 944 4210 τοῦ
970 4153 1128 4220 Θεοῦ,
1156 4152 1356 4206 ταυτὸν
1388 4151 1668 4223 ἐμφαίνων
1694 4152 1784 4207 διὰ
1813 4152 1923 4207 τῶν
1952 4154 2052 4225 ρη-

472 4244 657 4314 μάτων
677 4241 901 4304 τούτων,
918 4234 1029 4293 οἷον
1052 4239 1101 4291 εἰ
1124 4236 1299 4306 ἔλεγε·
1323 4234 1416 4305 Μὴ
1438 4235 1787 4308 άπαξιὼσητε
1817 4237 2054 4308 συμϐου-

467 4320 564 4392 λὴν
578 4320 831 4386 δέξασθαι
855 4317 985 4389 παρ’
1016 4316 1173 4388 ἐμοῦ·
1196 4315 1315 4369 οὐδὲ
1341 4314 1451 4386 7&9
1473 4317 1501 4370 ὁ
1519 4315 1651 4381 Θεὸς
1674 4316 1954 4386 ἀπηξίωσέ
1984 4334 2051 4388 με

467 4402 562 4457 τοῦ
590 4402 771 4466 ἐλέους
797 4401 891 4456 τοῦ
919 4402 1047 4471 παρ’
1078 4397 1266 4453 αὐτοῦ.
1299 4396 1510 4462 ’Ἄλλως
1548 4416 1608 4452 τε
1643 4401 1737 4453 καὶ
1766 4399 1963 4471 γνώμη
1992 4401 2053 4454 τὸ

468 4481 705 4554 πρᾶγμά
732 4483 878 4535 ἐστιν
899 4520 915 4542 ,
953 4481 1055 4531 οὐκ
1083 4478 1384 4547 ἐπίταγμα·
1416 4478 1771 4547 συμϐουλεύω
1812 4481 1945 4552 7&9,
1989 4481 2051 4534 οὐ

468 4558 763 4631 νομοθετῶ.
794 4559 868 4612 Τὸ
890 4556 948 4610 δέ
967 4555 1039 4610 τά
1068 4554 1425 4627 παραστάντα
1454 4556 1669 4625 ἑκάστῳ
1701 4557 2052 4627 συμφέροντα

468 4641 656 4711 φέρειν
685 4640 765 4702 εἰς
798 4638 961 4708 μέσον
989 4634 1083 4689 καὶ
1117 4632 1432 4706 προτιθέναι
1463 4634 1635 4698 οὐδεὶς
1662 4635 1928 4689 κωλύσειε
1962 4638 2052 4690 νόη

472 4738 600 4791 μος.
625 4721 721 4773 καὶ
747 4718 983 4791 μάλιστα
1006 4716 1135 4769 ὅταν
1154 4714 1215 4780 ἐξ
1239 4715 1509 4785 αἰτήσεως
1528 4715 1687 4770 τοῦτο
1704 4717 1922 4786 γίνηται
1943 4718 2051 4775 τῶν

467 4799 775 4872 ἀκροατῶν,
800 4796 1052 4866 καθάπερ
1071 4795 1166 4848 καὶ
1192 4794 1277 4863 ἐφ’
1309 4792 1484 4863 ὑμῶν.
1512 4795 1736 4865 Νομίζω
1760 4792 1876 4863 οὖν,
1894 4799 2049 4868 φησὶ,

466 4882 644 4936 τοῦτο
678 4881 868 4934 καλὸν
898 4879 1212 4948 ὑπάρχειν.
1253 4876 1415 4948 Ὁρᾷς
1455 4875 1615 4929 πάλιν
1644 4878 1935 4949 ὑφειμένον
1962 4883 2052 4935 τ’,ν

466 4961 625 5029 λόγον
665 4961 761 5013 καὶ
808 4958 987 5031 πάσης
1023 4958 1228 5029 ἔρημον
1264 4956 1530 5023 ἐξουσίας.
1569 4955 1718 5031 [505]
1750 4959 1939 5014 Καίτοι
1986 4980 2050 5032 γε

466 5039 595 5108 ἐνῆν
633 5036 807 5102 οὕτως
853 5037 1057 5090 εἰπεῖν.
1122 5035 1344 5105 Ἐπειδὴ
1377 5035 1406 5087 ὁ
1442 5034 1646 5106 Κύριος
1679 5038 1778 5091 ούκ
1820 5040 2052 5107 ἐπέταξε

465 5116 786 5188 παρθενίαν,
817 5114 906 5169 διὰ
933 5112 1092 5167 τοῦτο
1114 5114 1237 5167 οὐδὲ
1270 5114 1383 5183 ἐγὼ
1402 5131 1416 5145 ·
1456 5114 1809 5186 συμϐουλεύω
1838 5118 1896 5171 δέ
1921 5120 2050 5190 ὑμῖν

464 5196 566 5251 καὶ
599 5193 848 5265 παραινῶ
875 5193 1034 5247 τοῦτο
1070 5191 1288 5263 ζηλοῦν,
1317 5195 1411 5248 καὶ
1438 5194 1544 5266 7&9
1577 5195 1870 5263 ἀπόστολος
1896 5200 2052 5270 ὑμῶν

469 5278 603 5345 εἰμι.
642 5273 909 5345 Καθάπερ
944 5273 1040 5326 καὶ
1085 5273 1223 5344 μετά
1252 5273 1426 5326 ταῦτα
1455 5273 1838 5346 διαλεγόμενος
1864 5280 2053 5343 αὐτοῖς

467 5355 686 5424 ἔλεγεν·
722 5355 792 5409 El
829 5351 1042 5419 ἄλλοις
1074 5354 1186 5406 οὐκ
1224 5352 1342 5421 είμὶ
1378 5354 1754 5423 ἀπόστολος,
1784 5358 1945 5414 ἀλλά
1985 5379 2052 5430 γε

467 5435 612 5509 ὑμῖν
646 5437 783 5505 ειμι.
839 5432 976 5485 Ἀλλ’
1022 5430 1254 5486 ἐνταῦθα
1288 5433 1442 5487 οὐδὲν
1480 5433 1686 5489 τούτων
1730 5436 2047 5508 φθέγγεται,

465 5515 606 5599 ἀλλά
655 5514 1050 5599 μετά-πολλῆς⁸
1087 5514 1303 5599 φειδοῦς
1322 5517 1445 5599 τοῖς
1484 5516 1694 5599 ῥήμασι
1745 5521 2047 5599 κέχρηται,

468 5596 593 5649 ἀντὶ
623 5597 719 5667 μὲν
743 5593 861 5663 τοῦ,
896 5594 1277 5665 Συμϐουλεύω,
1306 5596 1564 5665 Γνώμην
1590 5593 1826 5668 δίδωμι,
1849 5601 2048 5672 λέγων·

468 5678 591 5732 ἀντὶ
618 5677 676 5731 δέ
717 5673 843 5741 τοῦ,
897 5674 985 5738 Ὠς
1015 5675 1335 5741 διδάσκαλος
1353 5716 1373 5740 ,
1427 5677 1525 5743 Ὠς
1554 5678 1894 5750 ἠλεημένος
1925 5687 2050 5740 ὑπὸ

470 5760 692 5840 Κυρίου
733 5756 972 5840 πιστὸς-
992 5752 1171 5810 εῖναι·
1201 5757 1296 5840 καὶ
1325 5758 1515 5840 ῶσπερ
1563 5760 1682 5814 οὐδὲ
1716 5763 1920 5818 τούτων
1949 5768 2050 5840 ἀρ-

468 5838 709 5894 κούντων
753 5836 889 5907 πρὸς
926 5834 987 5887 τὸ
1021 5837 1450 5907 συνεσταλμένον
1480 5841 1702 5912 ποιῆσαι
1742 5844 1833 5898 τὸν
1868 5834 2045 5915 λόγον,

535 5932 553 6000 ξ
583 5929 710 6000 flag.
734 5929 917 6000 ιιι-ϐαι.
951 5926 1244 6000 προσίεσθαι.
1267 5928 1372 6000 M9:
1415 5935 1472 6000 εί
1500 5932 1715 6000 Ριευίὶη.
1744 5940 2048 6000 προσθέσθαι.

533 5998 556 6023 ⁸
585 5989 708 6054 ιι
742 5993 843 6046 πῶς
862 5990 945 6038 δύο
968 5989 1185 6048 ἀναγκῶν
1208 5989 1550 6052 ἀπειλημμένος
1575 5996 1737 6057 μέσον.

1178 367 1236 422 S.
1277 366 1561 424 JOANN‘S
1599 362 2085 424 CleSOSTOM‘l
2124 320 2445 417 ARCHIEP.
2486 360 3037 419 CONSTANTINQP.

3669 364 3784 421 ἔίὶσ

2177 480 2481 553 ἀρχόμενος
2501 483 2599 552 τῆς
2624 482 2932 555 συμϐουλῆς
2952 482 3310 552 ὑποτέμνεται
3327 483 3486 537 πάλιν
3505 484 3605 554 τὴν
3623 485 3779 553 ἐξουο

2180 564 2320 627 σίαν,
2335 566 2433 635 οὐχ
2451 566 2636 629 ἁπλῶς
2656 566 3115 636 ἀποφαινόμενος,
3138 566 3274 620 ἀλλά
3294 568 3385 619 καὶ
3401 568 3581 620 αἰτίαν
3597 584 3777 637 προσο

2175 646 2376 710 τιθείς·
2403 648 2630 717 Νομίζω
2663 649 2768 722 7&9
2801 648 2980 702 τοῦτο
3012 649 3207 703 καλὸν
3244 650 3561 718 ὑπάρχειν.
3606 651 3773 722 φησὶ,

2176 729 2275 784 διὰ
2312 730 2427 799 τὴν
2454 730 2809 788 ἐνεστῶσαν
2851 732 3145 802 ἀνάγκην.
3177 733 3371 786 Καίτοι
3410 750 3474 801 γε
3504 734 3593 787 ὅτε
3635 742 3771 806 περί

2177 814 2504 883 ἐγκρατείας
2521 814 2952 883 διελέγετο,ούτε
2980 817 3060 879 τὸ,
3087 807 3333 885 Νομίζω,
3362 816 3773 882 τέθεικεν,οῦτσ

2176 897 2357 949 αἰτίαν
2397 900 2547 964 τινὰ,
2587 899 2703 951 ἀλλ’
2736 899 2943 962 ἀπλῶς,
2968 899 3175 953 Καλὸν
3198 899 3407 965 αὐτοῖς
3429 900 3622 965 ἐστιν,
3655 900 3773 953 ἐὰν

2168 982 2458 1049 μείνωσιν
2477 980 2558 1048 ὠς
2579 982 2756 1052 κάγώ·
2778 983 3011 1036 ἐνταῦθα
3032 983 3109 1048 δὲ,
3130 981 3355 1053 Νομίζω
3372 983 3524 1036 εἶναι
3551 985 3769 1038 καλόν.

2174 1064 2349 1117 Τοῦτο
2366 1065 2421 1118 δὲ
2437 1068 2582 1117 ποιεῖ
2596 1067 2621 1105 δ
2639 1065 2737 1120 ούκ
2757 1066 3113 1137 ἀμφιϐάλλων
3139 1067 3267 1141 περὶ
3294 1068 3389 1121 τοῦ
3414 1068 3769 1139 πράγματος·

2174 1148 2384 1215 ἄπαγε·
2421 1148 2559 1203 ἀλλά
2585 1152 2652 1221 τῇ
2694 1149 3143 1204 τῶν’ἀκουόντων
3182 1150 3363 1221 κρίσει
3392 1151 3455 1204 τὸ
3492 1154 3599 1205 πᾶν
3645 1155 3773 1206 ἐπι-

2172 1232 2372 1301 τρέψαι
2411 1231 2753 1303 βουλόμενος.
2799 1233 3053 1287 Τοιοῦτον
3086 1235 3195 1306 γάρ
3227 1237 3256 1289 ὁ
3305 1235 3627 1307 σύμϐουλος,
3662 1236 3770 1288 οὐκ

2173 1315 2338 1379 αὐτὸς
2380 1318 2493 1379 τοῖς
2538 1317 2851 1387 λεγομένοις
2882 1317 3212 1386 ψηφίζεται,
3248 1319 3386 1372 ἀλλὰ
3417 1320 3476 1373 τὸ
3525 1322 3631 1373 πᾶν
3660 1319 3774 1372 ὑπὸ

2171 1398 2271 1470 τὴν
2302 1397 2484 1468 κρίσιν
2507 1398 2701 1470 ἀφίησι
2729 1400 2943 1454 κεῖσθαι
2969 1401 3078 1453 τῶν
3102 1402 3409 1473 ἀκροατῶν.

2241 1482 2372 1536 MI".
2394 1484 2560 1537 Ποίαν
2577 1484 2633 1536 δὲ
2663 1485 2757 1537 καὶ
2775 1486 3022 1553 ἀνάγκην
3049 1486 3284 1540 ἐνταῦθά
3307 1504 3472 1558 φησιν
3498 1504 3511 1551 ;
3533 1482 3640 1558 ἆρα
3662 1487 3771 1557 τὴν

2172 1565 2281 1618 ἀπὸ
2301 1566 2401 1636 τῆς
2422 1566 2639 1634 φύσεως
2657 1582 2671 1631 ;
2688 1568 3207 1640 Ούδαμῶς.11ρῶτον
3225 1570 3324 1641 μέν
3341 1571 3472 1642 γάρ,
3490 1574 3538 1624 εἰ
3560 1572 3773 1643 ταύτην

2170 1648 2354 1717 ἔλεγε,
2391 1648 2704 1702 τούναντίον
2750 1649 2818 1703 ἂν
2860 1644 3033 1723 οὗπερ
3081 1651 3334 1706 ἐϐούλετο
3386 1655 3771 1709 κατεσκεύασε

2172 1731 2522 1804 μεμνημένος
2546 1733 2717 1804 αὐτῆς
2733 1750 2746 1761 ·
2770 1735 2819 1786 οἱ
2849 1733 2959 1804 γάρ
2990 1733 3303 1807 βουλόμενοι
3326 1744 3527 1808 γαμεῖν
3555 1740 3771 1806 ταύτην

2168 1815 2281 1870 ἄνω
2313 1817 2409 1869 καὶ
2437 1817 2588 1870 κάτω
2628 1817 2942 1889 στρέφουσι.
2973 1819 3237 1891 Δεύτερον
3265 1821 3324 1874 δὲ
3353 1821 3455 1875 οὐκ
3493 1822 3559 1875 ἂν
3586 1824 3771 1891 αὐτὴν

2166 1899 2518 1953 ἐνεστῶσαν
2548 1900 2829 1955 ἐκάλεσεν·
2859 1901 2921 1953 ού
2951 1900 3060 1971 7&9
3084 1903 3179 1956 νῦν
3206 1903 3454 1974 πρῶτον,
3482 1904 3595 1959 ἀλλ’
3621 1906 3773 1960 ἀνω-

2168 1980 2260 2035 θεν
2281 1985 2362 2047 εἰς
2386 1982 2449 2036 τὸ
2468 1984 2576 2036 τῶν
2596 1982 2901 2054 ἀνθρώπων
2926 1986 3304 2058 κατεφυτεύθη
3335 1988 3512 2051 γένος,
3541 1989 3634 2041 καὶ
3657 1989 3774 2042 πά-

2166 2065 2255 2121 λαι
2284 2067 2384 2137 μὲν
2410 2067 2767 2139 χαλεπωτέρα
2796 2069 2892 2121 καὶ
2915 2068 3306 2134 ἀτιθάσσευτος
3334 2067 3424 2142 ἦν·
3450 2089 3772 2141 παραγενο-

2170 2149 2333 2220 μένου
2374 2150 2431 2203 δέ
2469 2150 2565 2203 τοῦ
2605 2151 2865 2223 Χριστοῦ,
2897 2152 2992 2205 καὶ
3020 2154 3121 2224 τῆς
3149 2155 3352 2225 ἀρετῆς
3383 2156 3767 2226 ἐκδοθείσης,

2166 2233 2638 2301 εύκαταγώνιστος
2662 2235 2907 2303 γέγονεν.
2936 2237 3097 2289 Ὥστε
3136 2238 3197 2290 οὐ
3230 2240 3359 2309 περὶ
3386 2238 3586 2310 ταύτης
3614 2241 3644 2292 ό
3673 2241 3771 2293 λό-

2165 2333 2261 2385 γος
2293 2316 2477 2388 αὐτῷ,
2513 2317 2627 2371 ἀλλ’
2676 2319 2872 2391 ἑτέραν
2912 2320 3036 2375 τινὰ
3072 2322 3372 2375 αἰνίττεται
3421 2324 3770 2395 πολύτροπον

2165 2402 2262 2453 καὶ
2293 2401 2570 2471 πολυειδῆ.
2599 2401 2696 2465 Τίς
2726 2398 2819 2455 οὖν
2846 2402 2995 2456 ἐστιν
3023 2404 3195 2475 αῦτη;
3227 2405 3293 2457 Ἥ
3320 2405 3429 2458 τῶν
3458 2408 3516 2459 ἐν
3545 2406 3621 2476 τῷ
3660 2407 3772 2479 βίῳ

2165 2484 2510 2555 πραγμάτων
2535 2484 2852 2557 διαστροφή.
2886 2485 3136 2558 Τοσαύτη
3167 2488 3279 2559 γάρ
3314 2490 3463 2541 ἐστιν
3493 2490 3526 2561 ἠ
3564 2490 3770 2561 σύγχυ-

2167 2584 2249 2630 σις
2270 2609 2285 2631 ,
2321 2566 2560 2637 τοσαύτη
2587 2566 2699 2620 τῶν
2726 2568 3022 2638 φροντίδων
3053 2570 3086 2640 ὴ
3122 2571 3408 2641 τυραννὶς,
3449 2572 3704 2637 τοσοῦτος
3736 2576 3770 2627 ό

2163 2651 2273 2703 τῶν
2298 2650 2674 2722 περιστάσεων
2704 2651 2879 2721 ὄχλος,
2905 2651 2982 2715 ὡς
3003 2653 3097 2705 καὶ
3125 2652 3327 2707 ἄκοντα
3358 2655 3527 2709 πολλὰ
3558 2657 3768 2712 πολλά-

2164 2750 2252 2796 κις
2299 2733 2708 2801 ἀναγκάζεσθαι
2738 2733 2830 2787 τὸν
2873 2734 3228 2806 γεγαμηκότα
3274 2738 3611 2810 ἁμαρτάνειν
3662 2742 3770 2795 καὶ

2164 2816 2270 2887 πλη
2282 2834 2320 2887 μ
2326 2816 2521 2886 μελεῖν.

2228 2899 2440 2954 ΜΔ’.Τὸ
2455 2900 2555 2972 μὲν
2569 2902 2677 2974 7&9
2692 2902 2922 2957 παλαιὸν
2933 2903 2995 2955 ού
3010 2902 3261 2957 τοσοῦτον
3279 2905 3411 2975 ἡμῖν
3423 2906 3772 2980 ἀρετῆςπρό-

2164 3000 2317 3036 κειτο
2346 2984 2569 3055 μέτρον,
2598 2984 2736 3039 ἀλλὰ
2759 2988 2854 3039 καὶ
2876 2985 3295 3056 ἀμύνασθαιτὺν
3324 2988 3635 3051 ἀδικοῦντα.
3662 2995 3768 3048 καὶ

2164 3065 2705 3137 ἀντιλοιδορήσασθαι
2736 3067 2815 3138 τῷ
2844 3067 3269 3140 λοιδορουμένῳ,
3317 3072 3412 3124 καὶ
3456 3073 3768 3143 χρημάτων

2163 3148 2600 3219 ἐπιμελήσασθαι
2644 3149 2797 3220 ἐξῆν,
2837 3152 2934 3204 καί
2970 3150 3302 3223 εύορκοῦντα
3345 3156 3609 3226 ὀμνύναι,
3662 3160 3766 3212 καὶ

2161 3230 2439 3303 ὀφθαλμὸν
2477 3230 2729 3304 ἐξορύξαι
2762 3234 2885 3287 ἀντὶ
2915 3233 3221 3306 ὀφθαλμοῦ,
3247 3238 3342 3290 καὶ
3386 3240 3617 3311 μισῆσαι
3662 3241 3769 3297 τὸν

2162 3313 2256 3384 ἐχθ
2268 3314 2356 3385 ρον
2376 3355 2391 3377 ,
2422 3314 2515 3368 καὶ
2538 3315 2662 3369 οὔτε
2689 3318 2897 3389 τρυφᾷν
2916 3359 2931 3385 ,
2963 3317 3086 3372 οὔτε
3118 3320 3474 3391 ὀργίζεσθαι,
3509 3322 3632 3376 οὔτε
3659 3341 3765 3392 γυ-

2162 3401 2327 3453 ναῖκα
2366 3398 2465 3470 τὴν
2504 3398 2603 3469 μὲν
2634 3400 2942 3464 ἐκϐάλλειν.
2975 3402 3075 3473 τὴν
3114 3402 3170 3456 δέ
3201 3405 3546 3474 ἀντεισάγειν
3583 3409 3767 3461 κεκώ-

2162 3481 2307 3541 λυτο.
2336 3484 2446 3537 Καὶ
2471 3483 2532 3535 ού
2556 3482 2715 3537 τοῦτο
2741 3484 2920 3555 μόνον,
2950 3484 3087 3538 ἀλλὰ
3113 3487 3208 3540 καί
3245 3487 3335 3541 δύο
3375 3490 3515 3543 κατά
3559 3492 3764 3545 ταυτὸν

2161 3564 2294 3635 ὁμοῦ
2330 3568 2594 3634 γυναῖκας
2646 3566 2790 3637 ἔχειν
2822 3569 2851 3620 ὁ
2897 3568 3062 3638 νόμος
3093 3570 3401 3642 ἐπέτρεπε,
3446 3573 3541 3626 καὶ
3584 3574 3767 3645 πολλὴ

2163 3648 2259 3701 καὶ
2280 3650 2336 3702 ἐν
2363 3648 2574 3714 τούτοις
2596 3651 2691 3703 καί
2712 3651 2769 3705 ἐν
2788 3653 2902 3714 τοῖς
2925 3650 3107 3717 ἀλλοις
3130 3651 3388 3726 ἀπασινή
3416 3655 3765 3724 συγκατάϐα-

2164 3746 2248 3794 σις
2286 3726 2375 3801 ἦν.
2411 3732 2567 3786 Μετά
2606 3732 2664 3785 δέ
2694 3734 2794 3805 τὴν
2824 3734 2918 3787 τοῦ
2967 3735 3208 3805 Χριστοῦ
3241 3738 3542 3807 παρουσίαν
3574 3739 3765 3812 πολλῷ

2163 3814 2472 3887 στενωτέρα
2496 3815 2720 3884 γέγονεν
2744 3818 2778 3887 ἡ
2798 3817 2936 3883 ὁδὸς,
2960 3819 3024 3871 οὐ
3048 3818 3211 3889 μόνον
3224 3820 3303 3891 τῷ
3322 3821 3626 3891 τῆν’ἀδειαν
3647 3824 3763 3879 τῶν

2162 3897 2469 3967 εἰρημένων
2514 3897 2772 3954 ἁπάντων
2803 3900 2904 3969 τὴν
2937 3899 3145 3970 ἄφατον
3174 3902 3379 3974 ταύτην
3412 3905 3507 3958 καὶ
3552 3905 3763 3980 πολλὴν

2161 3982 2530 4051 περικοπῆναι
2560 3983 2658 4051 τῆς
2687 3982 2936 4047 ἐξουσίας
2963 3985 3061 4054 τῆς
3092 3987 3386 4057 ἡμετέρας,
3407 3988 3541 4043 ἀλλά
3563 3992 3764 4062 καὶτῷ

2158 4062 2259 4134 τὴν
2286 4064 2457 4117 πολλὰ
2486 4064 2748 4130 πολλάκις
2781 4064 3303 4124 ἀναπείθουσανκαὶ
3333 4071 3761 4140 ἀναγκάζουσαν

2161 4147 2310 4216 ἡμᾶς
2330 4146 2423 4200 καὶ
2449 4145 2684 4211 ἄκοντας
2707 4149 3043 4220 ἁμαρτάνειν
3068 4156 3304 4219 γυναῖκα
3327 4196 3343 4220 ,
3375 4155 3584 4227 ταύτην
3606 4157 3760 4211 ἔνδον

2161 4229 2306 4299 ἔχειν
2341 4230 2662 4294 διαπαντὸς,
2698 4231 2732 4303 ἢ
2775 4233 3024 4304 μοιχείας
3070 4236 3390 4292 ἁλίσκεσθαι
3426 4238 3762 4311 βουλόμενον

2160 4312 2466 4368 ἐκϐάλλειν.
2494 4314 2568 4367 Ού
2590 4314 2762 4387 ταύτῃ
2792 4315 2850 4368 δὲ
2875 4317 3034 4386 μόνον
3062 4321 3197 4389 ἡμῖν
3234 4322 3263 4390 ἡ
3305 4321 3474 4393 ἀρετὴ
3503 4322 3753 4377 δυσκατ-

2160 4396 2415 4468 όρθωτος,
2452 4397 2566 4451 ἀλλ’
2598 4399 2700 4462 ὅτι,
2726 4398 2831 4453 κᾶν
2859 4401 3084 4455 ἀνεκτὸν
3109 4402 3260 4475 [504]
3284 4400 3414 4475 ἦθος
3438 4404 3537 4477 ἔχῃ
3567 4407 3599 4477 ὴ
3628 4423 3759 4460 συν-

2159 4479 2384 4534 οικοῦσα
2408 4520 2422 4543 ,
2461 4483 2490 4535 ὁ
2518 4481 2586 4534 δι’
2612 4481 2783 4553 αὐτὴν
2809 4485 2902 4536 καὶ
2921 4483 2989 4537 τά
3017 4484 3215 4553 ἔκγονα
3236 4488 3302 4540 τά
3322 4488 3537 4558 ἐκείνης
3559 4493 3756 4561 περιρ-

2162 4562 2302 4632 ῥέων
2339 4564 2489 4634 ἡμᾶς
2520 4564 2817 4634 φροντίδων
2848 4566 3002 4638 ὄχλος
3047 4568 3169 4622 οὐδέ
3219 4571 3413 4643 μικρὸν
3451 4572 3758 4642 ἀναϐλέψαι

2161 4645 2300 4716 πρὸς
2344 4648 2436 4701 τὸν
2480 4648 2708 4720 οὐρανὸν
2763 4654 3070 4722 συγχωρεῖ,
3122 4653 3385 4708 πάντοθεν
3436 4655 3624 4728 ῶσπερ
3666 4675 3758 4723 τις

2161 4729 2368 4799 ἴλιγγος
2398 4732 2780 4803 περιστρέφων
2811 4735 2904 4787 καὶ
2938 4735 3217 4804 βαπτίζων
3243 4737 3403 4808 ἡμῶν
3428 4738 3525 4804 τὴν
3545 4740 3753 4811 ψυχήν,

2163 4816 2303 4886 Ὅρα
2322 4816 2451 4887 γάρ·
2478 4816 2725 4886 βούλεται
2745 4828 2766 4856 ο
2788 4818 2876 4871 τὸν
2901 4818 3008 4872 τῶν
3032 4820 3260 4874 ἰδιωτῶν
3287 4822 3402 4892 βίον
3424 4822 3518 4876 τὸν
3536 4824 3759 4877 ἀκίνδυ-

2160 4916 2248 4952 νον
2274 4899 2463 4952 τοῦτον
2496 4900 2590 4954 καὶ
2619 4900 2954 4972 ἀπράγμονα
2983 4902 3083 4975 ζῇν
3112 4907 3139 4957 ό
3167 4905 3326 4975 ἀνήρ·
3362 4905 3477 4959 ἀλλ’
3508 4906 3634 4960 ὅταν
3664 4907 3759 4981 ἴδῃ

2160 4983 2359 5048 παῖδας
2404 4983 2778 5054 περιεστῶτας
2802 4987 2896 5038 καὶ
2924 4990 3161 5054 γυναῖκα
3198 4988 3447 5060 δαπάνης
3486 4990 3759 5061 δεομένην

2161 5067 2383 5138 πολλῆς,
2413 5067 2505 5121 καὶ
2531 5068 2679 5121 ἄκων
2705 5068 2785 5131 εἰς
2811 5068 2904 5122 τὸν
2933 5069 3043 5124 τῶν
3074 5072 3367 5125 πολιτικῶν
3408 5075 3757 5144 πραγμάτων

2161 5151 2384 5223 ἔρριψεν
2421 5149 2614 5203 ἑαυτὸν
2641 5151 2907 5208 κλύδωνα.
2946 5155 3095 5208 Ἐκεῖ
3127 5155 3184 5209 δὲ
3225 5158 3538 5227 ἐμπεσόντα
3564 5159 3755 5213 λοιπὸν

2159 5234 2280 5286 οὑδέ
2314 5233 2459 5287 ἐστιν
2492 5233 2664 5286 εἰπεῖν
2694 5235 2795 5289 ὅσα
2824 5236 3163 5308 ἁμαρτάνειν
3186 5240 3431 5311 ἀνάγκη,
3460 5240 3757 5313 ὀργιζόμε-

2158 5335 2270 5384 νον,
2299 5315 2557 5387 ὀμνύντα,
2580 5315 3010 5390 λοιδορούμενον,
3044 5322 3386 5395 ἀμυνόμενον
3406 5363 3421 5389 ,
3454 5326 3750 5395 ύποκρινό·

2165 5420 2324 5473 μενον
2344 5401 2396 5465 ἀ,
2428 5401 2600 5456 πολλά
2638 5404 2776 5474 πρὸς
2818 5404 3015 5476 χάριν,
3058 5406 3231 5460 πολλά
3278 5409 3413 5480 πρὸς
3447 5410 3754 5481 ἀπέχθειαν

2160 5484 2441 5539 ποιοῦντα.
2468 5485 2594 5549 Πῶς
2616 5485 2726 5558 γάρ
2747 5487 2826 5541 ἔνι
2848 5488 3217 5559 στρεφόμενον
3237 5492 3297 5545 ἐν
3327 5491 3463 5565 ζάλῃ
3484 5495 3747 5567 τοσαιζτῃ,

2157 5569 2254 5622 καὶ
2297 5568 2619 5641 βουλόμενον
2671 5571 2982 5640 εὐδοκιμεῖν
3023 5574 3084 5625 ἐν
3113 5574 3284 5645 αὐτῇ,
3332 5576 3408 5646 μὴ
3445 5575 3610 5629 πολὺν
3655 5578 3749 5632 τὸν

2157 5652 2267 5707 ἀπὸ
2285 5652 2395 5707 τῶν
2418 5654 2836 5725 ἁμαρτημάτων
2858 5657 3287 5726 προστρίϐεσθαι
3311 5658 3513 5728 ρύπονς
3545 5660 3654 5713 Καὶ
3678 5661 3753 5715 τὰ

2220 5758 2247 5829 ξι
2272 5758 2396 5821 Reg.
2407 5758 2624 5829 3096101
2646 5758 2728 5807 οὖν
2746 5755 2890 5829 τοῦτο
2916 5758 3033 5806 εἶναι
3070 5763 3217 5810 καλὸν
3255 5762 3335 5811 διὰ
3370 5763 3455 5819 τὴν
3478 5763 3752 5815 ἐνεστῶσαν

2155 5821 2381 5882 ἀνάγκην.
2406 5820 2561 5868 Τοῦτο
2584 5820 2637 5882 δέ
2665 5820 2808 5868 ποιεῖ.

2225 5880 2395 5944 (Reg.
2420 5882 2593 5944 ψυχήν.
2627 5880 2737 5928 Ἐὰν
2757 5882 2847 5943 γὰρ
2869 5881 2947 5927 καὶ
2972 5881 3218 5944 βούληται.

2225 5898 2247 5912 ι
2274 5898 2395 5941 nog.
2434 5898 2441 5915 ι
2517 5898 2593 5937 ην.
2641 5898 2737 5928 ι·.αν
2757 5898 2847 5943 γαρ
2869 5898 2947 5927 και
2972 5898 3218 5944 βουληται.

2164 6006 2177 6017 ⁸
2223 5943 2248 5982 d
2277 5946 2398 6015 Reg.
2420 5898 2749 6005 ῖΐέξιζόμενον,
2794 5943 3060 6004 ὑϐρίζοντα,
3101 5948 3325 6009 ὀμνύντα,
3364 5946 3752 6014 λοιδορούμενον,

2158 6020 2541 6069 υποκρινομενον.
