4020 6376
241 358 340 427 565

244 486 514 542 nmtestam
543 484 792 542 reddidit
822 525 836 550 ,
864 484 958 539 sed
995 485 1155 540 etiam
1182 483 1320 552 quod
1367 480 1678 536 beneﬁcium
1730 476 1831 529 hoc

252 595 351 633 non
386 592 583 641 suum,
625 575 726 632 sed
756 575 953 631 Christi
1007 589 1126 630 esse
1173 574 1335 628 dicat.
1382 572 1497 627 Non
1542 570 1685 626 enim
1724 567 1829 628 ait.

253 667 328 724 De
371 666 669 740 virginibus
711 684 819 722 non
869 666 1149 737 pra-cipio,
1188 664 1282 720 sed
1309 706 1323 728 ,
1371 663 1690 732 Pra'ccptum
1733 675 1832 711 non

254 761 442 815 habeo:
465 761 616 830 quasi
644 760 852 815 diceret
883 778 896 816 :
928 758 984 814 Si
1032 758 1279 812 humanis
1323 755 1621 811 rationibus
1658 760 1835 806 motus

254 852 364 922 ipse
400 850 517 905 lucc
541 850 893 913 cohortarer,
931 864 1036 903 non
1078 848 1349 903 fldcndum
1393 854 1539 902 esset
1571 863 1585 899 :
1618 853 1673 898 at
1711 857 1831 897 cum

255 943 306 996 id
337 943 447 996 Deo
474 943 648 997 visum
673 943 781 1006 sit,
826 951 1028 996 certum
1060 949 1143 995 est
1181 940 1368 1010 pignus
1398 937 1676 993 libertatis.
1709 934 1835 990 Mihi

253 1033 470 1103 quidem
522 1049 586 1088 ea
629 1032 923 1101 imperandi
973 1030 1196 1087 facultas
1249 1040 1333 1086 est
1382 1038 1605 1099 erepta:
1651 1026 1744 1081 sed
1793 1026 1837 1080 si

253 1124 439 1179 audire
469 1123 629 1177 vultis
657 1122 801 1177 velut
823 1137 1175 1185 conservum,
1206 1120 1482 1174 Consilium
1511 1120 1577 1172 do
1600 1158 1618 1185 ,
1641 1118 1832 1187 inquit,

254 1222 511 1285 tamquam
549 1213 941 1267 misericordiam
976 1222 1306 1282 consequutus
1334 1230 1365 1263 α
1406 1209 1626 1264 Domino
1654 1218 1708 1260 ut
1744 1208 1840 1259 sim

254 1306 442 1372 ﬁdelis.
478 1307 652 1375 Atque
680 1304 781 1357 hoc
816 1304 934 1359 loco
963 1300 1114 1355 Pauli
1157 1316 1421 1356 summum
1467 1298 1747 1353 artificium
1778 1311 1840 1351 ac

257 1396 538 1467 prudentia
584 1395 826 1450 miranda
866 1402 989 1460 est,
1043 1391 1493 1464 quemadmodum
1539 1390 1677 1445 inter
1733 1388 1841 1443 duo

257 1488 588 1554 necessaria,
615 1503 787 1558 eaque
829 1487 1114 1551 contraria,
1143 1485 1500 1554 interceptus,
1550 1491 1659 1538 tum
1706 1489 1760 1535 ut
1783 1494 1841 1535 se

254 1577 688 1641 commendaret,
717 1594 823 1648 quo
839 1577 1118 1631 consilium
1152 1576 1429 1646 plausibile
1454 1582 1627 1640 esset,
1652 1583 1761 1627 tum
1788 1579 1844 1625 nt

257 1670 390 1723 nihil
417 1670 488 1723 de
517 1684 576 1723 se
605 1684 853 1739 magnum
884 1668 1226 1738 pmdiearet,
1253 1667 1448 1737 quippe
1490 1665 1608 1736 ejus
1636 1664 1843 1718 virtutis

256 1774 469 1823 exsors,
526 1758 774 1813 brevibus
802 1759 977 1812 verbis
1023 1765 1308 1828 utrumque
1348 1762 1715 1825 consequutus
1752 1754 1840 1808 sit.

256 1848 388 1902 Nam
416 1849 509 1916 qui
536 1847 699 1913 dicat,
725 1848 1007 1917 Tamquam
1057 1848 1455 1902 misericordiam
1489 1854 1841 1915 consequutus,

258 1938 496 2009 quodam
525 1939 683 1993 modo
707 1954 764 1994 se
787 1940 1124 1995 commendat
1153 1957 1166 1994 :
1194 1941 1283 2009 qui
1313 1954 1372 1995 se
1408 1938 1599 2008 potiori
1631 1936 1845 1992 nomine

258 2044 368 2084 non
402 2030 781 2095 commendet,
825 2030 1058 2084 vicissim
1093 2045 1150 2084 se
1179 2038 1432 2084 extenuat
1470 2043 1533 2082 ac
1571 2026 1841 2096 deprimit.

327 2117 491 2173 XLII.
521 2116 602 2172 De
629 2118 783 2173 Pauli
810 2120 1107 2174 humilitate.
1139 2150 1210 2161 —-
1236 2120 1350 2175 Non
1381 2122 1523 2175 enim
1554 2120 1627 2174 ait
1652 2161 1667 2186 ,
1699 2119 1845 2173 Con-

258 2208 435 2261 silium
463 2208 555 2273 do,
584 2218 639 2261 ut
664 2209 749 2262 cui
774 2209 1029 2263 crcdltum
1053 2210 1115 2264 sit
1142 2211 1496 2279 evangelium,
1524 2218 1584 2264 ut
1607 2209 1847 2264 delectus

258 2297 497 2367 gentium
518 2315 712 2369 prmco,
734 2309 790 2354 ut
817 2300 899 2354 cui
932 2301 982 2354 in
1002 2316 1096 2356 vos
1113 2301 1470 2368 magisterium
1501 2302 1844 2355 commissum

258 2392 349 2455 sit,
376 2399 438 2445 ut
466 2391 655 2446 ductor
675 2402 832 2462 atque
861 2390 964 2447 dux
991 2407 1009 2458 ;
1038 2392 1130 2448 sed
1157 2393 1325 2463 quid?
1351 2391 1629 2464 Tamquam
1656 2392 1820 2446 miseri
1837 2424 1849 2433 -

260 2483 491 2536 cordiam
543 2493 874 2551 consequutus
917 2500 936 2539 :
986 2499 1197 2554 eoque,
1249 2484 1387 2555 quod
1443 2486 1615 2537 minus
1666 2493 1843 2551 esset,

263 2572 574 2642 proposito;
608 2588 728 2627 nam
778 2573 953 2629 minus
999 2584 1082 2630 est
1129 2576 1337 2629 fidelem
1366 2574 1643 2629 dumtaxat
1686 2590 1843 2640 esse,

261 2679 419 2732 quam
470 2663 703 2719 fidelium
749 2666 1077 2735 magistrum.
1121 2666 1398 2735 Aliamque
1441 2681 1649 2719 rursum
1697 2676 1846 2721 cxte—

264 2753 568 2808 nnationcm
597 2753 894 2808 meditatur.
932 2752 1225 2821 Quamnam
1248 2754 1270 2808 ‘?
1295 2754 1410 2809 Non
1438 2756 1550 2822 ait,
1584 2754 1647 2809 Ut
1678 2754 1848 2810 fidelis

263 2844 485 2900 effectus
507 2887 522 2908 ,
554 2845 646 2900 sed
671 2887 685 2911 ,
717 2843 983 2913 Tanquam
1030 2846 1425 2901 misericordiam
1476 2858 1806 2914 consequutus
1828 2887 1846 2915 ,

266 2943 319 2987 nt
343 2936 439 2988 sint
463 2935 645 3003 ﬁdelis.
672 2935 749 2991 Ne
773 2938 1122 3007 apostolatum
1152 2939 1321 2993 solum
1348 2979 1363 3003 ,
1393 2938 1846 3008 pudicationcm,

266 3034 319 3079 ct
346 3026 705 3096 magisterium
738 3027 832 3081 Dei
864 3029 1235 3083 munificentiae
1261 3038 1440 3099 putate
1472 3046 1486 3082 :
1520 3046 1641 3085 nam
1674 3032 1848 3099 ipsum

267 3117 423 3170 etiam
450 3117 672 3176 credere
702 3118 828 3171 mihi
856 3121 969 3187 ejus
999 3120 1359 3175 misericordia
1385 3135 1697 3177 concessum
1727 3131 1845 3177 est:

266 3206 380 3260 Non
411 3208 576 3273 enim,
609 3208 798 3277 inquit,
827 3210 964 3279 quod
994 3211 1182 3282 dignus
1211 3226 1405 3278 essem,
1439 3212 1596 3268 fidem
1626 3214 1803 3283 accepi
1830 3230 1847 3280 ;

267 3296 361 3354 sed
386 3300 527 3370 quod
557 3301 975 3357 misericordiam
1006 3301 1104 3357 sim
1132 3314 1510 3373 consequutus.
1542 3303 1849 3360 Misericor-

266 3392 351 3446 dia
397 3400 575 3447 autcm
626 3395 807 3463 gratiae
853 3403 971 3459 est,
1003 3411 1108 3449 non
1157 3411 1221 3450 ex
1273 3397 1484 3451 merito.
1518 3396 1699 3467 Itaque
1745 3398 1849 3454 nisi

268 3486 490 3539 multum
518 3485 818 3541 misericors
843 3498 983 3542 esset
1004 3486 1165 3558 Deus,
1193 3504 1295 3542 non
1325 3498 1525 3544 tantum
1553 3491 1847 3560 apostolus,

268 3575 361 3628 sed
387 3589 455 3629 ne
473 3573 640 3629 ﬂdclis
658 3576 869 3645 quidem
888 3592 1136 3649 umquam
1165 3579 1301 3635 cfliei
1332 3584 1641 3649 potuissem.
1661 3583 1848 3639 Viden’

268 3666 406 3719 servi
434 3674 639 3735 gratum
684 3671 917 3721 animum
963 3678 1119 3739 atque
1148 3672 1432 3725 contritum
1458 3714 1472 3737 ,
1504 3684 1561 3727 ut
1589 3674 1716 3727 nihil
1746 3675 1848 3730 sibi

268 3756 472 3809 ceteris
505 3755 619 3824 plus
662 3767 910 3827 arroget;
940 3761 1065 3829 quin
1116 3760 1165 3815 id
1211 3760 1369 3816 etiam
1416 3763 1555 3832 quod
1585 3764 1683 3817 sibi
1727 3780 1849 3820 eum

270 3843 541 3914 discipulis
564 3860 846 3902 commune
872 3858 1050 3917 esset,
1080 3849 1237 3905 ﬁdem
1265 3892 1279 3919 ,
1308 3864 1462 3907 suum
1494 3868 1614 3909 esse
1651 3864 1844 3925 neget,

270 3934 365 3989 sed
413 3935 509 3990 Dei
560 3934 939 3994 misericordia:
982 3951 1035 3996 et
1083 3942 1309 4012 gratim?
1356 3943 1495 3999 idem
1544 3944 1625 3999 his
1672 3946 1847 4001 verbis

270 4026 573 4095 signiﬁcans
612 4042 675 4084 ac
702 4031 747 4084 si
786 4029 990 4088 diceret
1023 4052 1035 4086 :
1067 4032 1144 4089 Nc
1169 4034 1526 4104 dedignamini
1566 4037 1846 4091 consilium

270 4131 299 4167 a
343 4132 431 4171 me
477 4118 752 4189 recipere;
800 4136 973 4191 neque
999 4125 1141 4178 enim
1173 4140 1259 4180 mc
1303 4125 1441 4182 Deus
1485 4128 1847 4183 misericordia

270 4221 363 4261 sua
406 4207 721 4278 dedignatus
747 4220 847 4265 est.
877 4213 942 4268 Et
966 4213 1160 4285 alioqui
1191 4217 1468 4271 consilium
1494 4218 1665 4289 agitur
1685 4260 1703 4287 ,
1743 4235 1847 4274 non

272 4310 589 4367 praeceptum
639 4316 655 4354 :
707 4300 913 4357 Etenim
966 4307 1222 4372 consulo,
1269 4323 1375 4362 non
1423 4310 1625 4365 sancio.
1681 4311 1850 4366 Porro

272 4402 391 4455 qua:
415 4388 607 4458 cuique
645 4400 928 4447 occurrant
954 4395 1098 4449 utilia
1124 4438 1141 4462 ,
1171 4397 1222 4451 in
1251 4397 1485 4453 medium
1514 4401 1750 4469 proferre
1787 4415 1851 4455 ac

272 4491 570 4547 proponere
592 4480 731 4534 nulla
750 4483 831 4537 lex
852 4485 1111 4553 prohibet,
1131 4487 1359 4545 maxime
1373 4489 1458 4543 ubi
1480 4488 1528 4543 id
1548 4490 1851 4546 auditorum

271 4576 456 4638 rogata
504 4568 597 4623 flat
628 4589 641 4624 :
671 4573 811 4642 quod
857 4576 1066 4645 quidem
1111 4587 1165 4633 et
1191 4580 1342 4636 vobis
1384 4581 1595 4637 accidit.
1623 4582 1852 4637 Arbitror

271 4658 448 4728 igitur,
468 4659 655 4730 inquit,
678 4664 772 4717 hoc
798 4665 979 4719 bonum
1000 4680 1124 4723 esse.
1146 4668 1303 4727 Vides
1325 4687 1535 4727 rursum
1558 4672 1849 4730 modestam

270 4752 589 4819 nationem,
618 4755 686 4808 ah
712 4758 962 4828 omnique
988 4762 1302 4819 ancteritate
1329 4764 1577 4819 alienam.
1607 4766 1764 4836 Atqui
1797 4768 1848 4822 in

271 4841 408 4896 bane
440 4846 761 4900 sententiam
785 4848 1047 4906 disserere
1072 4853 1280 4908 interim
1318 4853 1512 4910 licebat
1543 4873 1556 4910 :
1589 4857 1849 4923 Quoniam

272 4933 529 4988 Dominus
554 4936 905 5006 virginitatem
936 4956 1039 4995 non
1067 4946 1334 5014 przecepit,
1365 4946 1484 5001 ideo
1514 4963 1685 5017 neque
1711 4963 1808 5019 ego
1833 4966 1844 5001 :

269 5027 494 5080 consido
541 5037 716 5083 tamen
764 5044 827 5085 ac
870 5032 1122 5089 cohortor
1165 5036 1229 5090 ad
1275 5037 1390 5106 ejus
1437 5038 1709 5107 studium,
1760 5040 1849 5110 qui

268 5120 544 5187 apostolos
584 5130 769 5177 vester
809 5124 929 5177 sim.
977 5126 1432 5192 Quemadmodum
1480 5136 1535 5183 et
1580 5128 1711 5183 infra
1759 5146 1851 5185 eos

266 5208 548 5279 alloquens
592 5213 702 5279 ait,
750 5213 810 5269 Si
852 5216 965 5270 aliis
1012 5233 1114 5271 non
1141 5236 1251 5273 sum
1294 5221 1592 5291 apostolus,
1638 5233 1690 5274 at
1720 5234 1850 5277 certe

266 5300 403 5354 vobis
426 5318 539 5354 sum
564 5303 653 5369 (i.
682 5303 798 5359 Cor.
827 5307 880 5361 9.
907 5307 999 5378 2).
1030 5309 1097 5363 At
1119 5310 1205 5365 hic
1229 5310 1357 5365 nihil
1383 5312 1640 5382 ejusmodi
1666 5314 1847 5379 refert,

265 5390 359 5444 sed
390 5391 676 5447 admodum
704 5399 1004 5453 verecunde
1033 5400 1190 5455 verba
1223 5400 1365 5466 facit,
1398 5403 1512 5471 ejus
1538 5403 1672 5468 vice,
1705 5403 1848 5458 Con-

264 5480 420 5546 sule,
473 5480 787 5539 Sententiam
832 5486 933 5551 do,
981 5489 1263 5559 inquiens;
1307 5492 1422 5560 ejus
1469 5503 1645 5547 antem
1691 5494 1844 5559 vice,

265 5578 425 5637 ιιι-θυι
456 5569 682 5642 doctor,
720 5574 1003 5645 Tamquam
1041 5580 1434 5634 misericordiam
1461 5593 1789 5653 consequutus
1818 5602 1850 5638 a

271 5659 524 5729 Domino,
566 5675 625 5719 ut
671 5667 770 5720 sim
815 5668 982 5737 ﬁdelis
1008 5687 1029 5726 :
1059 5673 1314 5742 quasique
1362 5688 1429 5728 ne
1472 5676 1587 5729 hrec
1633 5676 1845 5744 quidem

264 5750 409 5804 satis
438 5765 615 5810 ment
644 5756 717 5812 ad
762 5761 1059 5815 orationem
1105 5764 1495 5818 extenuandam
1517 5807 1529 5829 ,
1563 5767 1845 5822 consilium

1584 359 1674 418 DE
1717 348 2176 416 \‘lRGlNITATE.

3416 352 3520 407 560

1940 486 2163 528 exorsus
2192 470 2559 526 auctoritatem
2600 471 2794 525 iterum
2823 468 3008 524 minuit
3035 509 3050 534 ,
3082 467 3168 537 qui
3197 478 3300 521 non
3329 475 3529 522 statuat

1942 566 2114 618 solum
2137 607 2152 629 ,
2192 563 2285 618 sed
2311 564 2471 617 addat
2497 564 2656 617 etiam
2683 564 2943 617 rationem
2975 579 2987 615 :
3022 560 3250 615 Arbitror
3270 601 3286 628 ,
3313 562 3524 631 inquit,

1941 655 2034 708 hoc
2058 654 2241 707 bonum
2264 670 2388 719 esse,
2415 662 2618 723 propter
2640 653 2907 705 instantem
2931 652 3271 705 necessitatem
3300 650 3375 722 (I.
3406 650 3522 703 Cor.

1944 748 1995 799 7.
2026 744 2158 816 26).
2206 747 2269 799 At
2300 746 2441 799 enim
2485 744 2554 799 de
2593 745 2917 799 continentia
2955 743 3227 798 disserens
3250 783 3266 809 ,
3310 757 3484 811 neque
3507 781 3524 803 ,

1942 836 2160 889 arbitror
2182 876 2196 900 ,
2231 834 2443 905 posuit,
2487 850 2661 903 neque
2703 835 2862 888 ullam
2911 834 3065 903 plane
3093 834 3397 897 rationem;
3428 834 3525 888 sed

1943 926 2072 981 illud
2117 926 2276 981 modo
2299 967 2314 992 ,
2342 925 2540 979 Bonum
2566 935 2639 980 est
2675 922 2778 978 illis
2802 966 2816 990 ,
2847 925 2890 980 sl
2931 934 3294 995 permaneant,
3327 926 3455 978 sicut
3481 935 3527 977 ct

1943 1034 2034 1088 ego
2066 1033 2084 1071 :
2116 1018 2199 1072 hic
2223 1059 2237 1081 ,
2264 1017 2494 1071 Arbitror
2539 1017 2633 1071 hoc
2675 1016 2860 1070 bonum
2886 1030 3010 1072 esse.
3060 1018 3114 1071 Id
3156 1024 3332 1072 autem
3365 1018 3486 1072 facit
3512 1058 3529 1081 ,

1945 1124 2050 1162 non
2079 1109 2167 1177 qui
2194 1108 2261 1164 de
2286 1123 2351 1163 eo
2376 1108 2642 1162 dubitaret
2672 1149 2688 1174 ,
2713 1109 2841 1162 nihil
2870 1109 3048 1163 minus
3072 1126 3085 1174 ;
3115 1109 3209 1164 sed
3238 1109 3327 1179 qui
3360 1118 3529 1163 totum

1943 1198 2243 1252 auditorum
2268 1197 2468 1267 judicio
2491 1199 2799 1267 permittere
2830 1199 3009 1253 vellet.
3034 1199 3163 1253 Nam
3194 1201 3531 1255 consiliarius

1946 1290 1991 1344 is
2019 1299 2138 1353 est,
2169 1304 2275 1344 non
2316 1290 2405 1359 qui
2447 1290 2514 1344 de
2557 1289 2621 1344 iis
2651 1304 2769 1359 qua:
2812 1290 3009 1359 profert
3051 1299 3283 1356 statuat,
3316 1291 3410 1346 sed
3440 1293 3531 1362 qui

1949 1387 2116 1433 totum
2166 1379 2217 1433 in
2267 1380 2565 1435 auditorum
2598 1380 2819 1435 arbitrio
2864 1381 3092 1449 positum
3139 1381 3421 1451 relinquat.

2019 1473 2201 1529 XLIII.
2246 1474 2414 1541 Quam
2455 1474 2726 1528 instantem
2767 1475 3107 1529 necessitatem
3136 1472 3331 1529 Paulus
3370 1478 3533 1529 nomi—

1948 1573 2049 1617 net.
2077 1593 2149 1605 —
2168 1564 2274 1619 Sed
2312 1581 2430 1635 qua:
2456 1575 2559 1628 est,
2591 1581 2749 1636 quam
2783 1567 2868 1620 hic
2896 1577 3165 1621 memorat
3203 1567 3533 1621 necessitas?

1947 1670 2101 1723 eane,
2136 1672 2256 1726 qua:
2277 1671 2309 1712 a
2338 1667 2522 1711 natura
2551 1658 2759 1727 prodit?
2786 1658 3020 1712 Minime.
3052 1657 3289 1712 Primum
3317 1659 3459 1712 enim
3488 1660 3533 1712 si

1950 1747 2088 1803 hanc
2122 1750 2302 1817 vellet,
2333 1750 2449 1819 ejus
2483 1751 2993 1805 commemoratione
3018 1752 3345 1806 contrarium
3374 1761 3536 1821 atque

1948 1839 2216 1908 cogitabat
2250 1840 2488 1894 efficeret
2515 1858 2528 1893 :
2558 1840 2755 1895 etenim
2782 1840 2871 1909 qui
2897 1842 3292 1895 matrimonium
3323 1851 3538 1896 contra-

1952 1928 2079 1982 here
2099 1929 2302 1994 volunt,
2327 1929 2464 1985 banc
2490 1944 2687 2000 susque
2708 1930 2879 1998 deque
2899 1930 3119 2000 jactant.
3151 1930 3395 1986 Secundo
3416 1948 3535 1988 eam

1949 2020 2220 2074 instantem
2251 2036 2359 2075 non
2394 2029 2640 2087 vocaret;
2671 2036 2774 2075 non
2814 2023 2956 2077 enim
2988 2036 3126 2076 nunc
3154 2022 3407 2092 primum,
3438 2024 3535 2078 sed

1947 2111 2057 2181 jam
2088 2113 2213 2166 olim
2246 2113 2549 2167 mortalium
2580 2114 2761 2183 generi
2800 2114 2955 2168 insita
2990 2122 3092 2180 est,
3122 2121 3281 2184 atque
3308 2122 3423 2168 erat
3450 2117 3534 2169 illa

1951 2204 2165 2273 quidem
2209 2216 2333 2261 ante
2373 2205 2744 2261 vehementior
2783 2217 2837 2259 ct
2882 2205 3158 2274 indomita,
3212 2207 3305 2262 sed
3340 2206 3536 2263 Christi

1951 2298 2209 2363 adventu,
2250 2309 2507 2369 auctaque
2531 2299 2639 2369 jam
2681 2299 2901 2365 virtute,
2944 2308 3195 2368 superatu
3244 2300 3411 2355 facilis
3457 2312 3540 2356 est

1950 2389 2164 2445 efl'ecta.
2210 2390 2392 2460 Itaque
2429 2390 2478 2445 ei
2526 2405 2630 2444 non
2658 2389 2725 2443 dc
2766 2389 2864 2444 hac
2899 2405 3078 2445 sermo
3109 2400 3212 2456 est,
3259 2391 3353 2446 sed
3382 2392 3538 2446 aliam

1951 2479 2234 2548 quamdam
2263 2479 2455 2545 innuit,
2485 2480 2833 2548 multiplicem
2862 2490 2918 2535 ct
2944 2481 3166 2534 variam.
3194 2481 3448 2549 Quaenam
3475 2499 3539 2538 ea

1950 2569 2070 2624 est?
2100 2570 2460 2625 Humanarum
2508 2584 2685 2625 rerum
2724 2570 3027 2625 conversio.
3066 2570 3235 2625 Tanta
3274 2572 3415 2627 enim
3458 2584 3539 2627 est

1952 2662 2211 2724 confusio,
2259 2670 2403 2716 tanta
2450 2661 2705 2732 tyrannis,
2753 2677 2817 2715 ac
2858 2662 3315 2716 circumstantium
3362 2679 3541 2719 rerum

1954 2753 2129 2819 turba,
2170 2762 2228 2807 ut
2269 2754 2325 2807 in
2378 2754 2559 2807 multis
2601 2766 2971 2823 saepenumero
3008 2753 3220 2824 conjugi
3262 2755 3344 2809 vel
3374 2754 3538 2809 invito

1953 2844 2236 2899 erramlnm
2267 2843 2703 2914 peccandnmque
2732 2844 2820 2898 sit.

2025 2934 2207 2989 XLIV.
2251 2933 2483 2989 Facilius
2528 2952 2635 2990 esse
2677 2936 2923 3007 virginem
2970 2949 3120 3006 quam
3162 2938 3426 3008 conjugem
3462 2955 3537 2992 re-

1952 3045 2107 3098 gnum
2127 3029 2384 3096 consequi.
2402 3056 2475 3067 —
2499 3028 2711 3083 Etenim
2741 3028 2865 3082 olim
2892 3043 2998 3081 non
3031 3030 3076 3082 is
3103 3039 3218 3083 erat
3253 3031 3409 3084 nobis
3432 3032 3538 3085 vir-

1955 3118 2083 3173 tutis
2112 3118 2421 3187 propositus
2461 3116 2674 3183 modus,
2718 3117 2811 3173 sed
2858 3126 2911 3173 et
2942 3117 3191 3187 injttriam
3234 3120 3439 3188 ulcisci,
3487 3132 3538 3178 et

1953 3210 2250 3266 convicium
2285 3208 2533 3277 reddere,
2562 3217 2616 3263 et
2653 3210 2904 3278 pecunias
2934 3224 3222 3279 procurare
3250 3210 3459 3277 licebat,
3487 3222 3538 3267 et

1953 3312 2135 3358 sancte
2155 3302 2357 3373 iurare,
2385 3312 2440 3359 et
2466 3302 2677 3357 oculum
2707 3317 2806 3372 pro
2831 3304 2986 3357 oculo
3011 3314 3224 3371 eruere,
3267 3314 3322 3359 et
3362 3305 3538 3362 inimi-

1952 3410 2044 3450 cos
2078 3395 2289 3461 odisse;
2330 3409 2503 3465 neque
2540 3401 2632 3449 aut
2670 3393 2875 3450 deliciis
2913 3394 3188 3464 indulgere
3229 3404 3321 3450 aut
3359 3396 3536 3463 irasci,

1951 3497 2044 3541 aut
2068 3502 2292 3542 uxorem
2343 3487 2502 3540 aliam
2538 3486 2753 3556 ejicere,
2798 3486 2953 3540 aliam
2993 3486 3293 3541 adsciscere
3323 3486 3541 3543 interdi-

1953 3584 2097 3631 ctum
2124 3586 2259 3631 erat.
2303 3575 2486 3645 Neque
2513 3575 2567 3629 id
2592 3574 2787 3641 Solum,
2818 3574 2912 3630 sed
2941 3575 3075 3629 duas
3100 3576 3257 3629 etiam
3287 3578 3539 3648 conjugcs

1953 3667 2111 3722 simul
2142 3666 2338 3721 habere
2370 3667 2450 3721 lex
2479 3666 2706 3730 sinebat,
2730 3676 2949 3735 eratque
2977 3674 3084 3720 tum
3108 3665 3207 3720 hac
3233 3667 3286 3721 in
3317 3683 3396 3730 re.
3427 3677 3537 3723 tum

1954 3757 2011 3812 in
2036 3756 2153 3811 aliis
2191 3755 2436 3811 omnibus
2472 3770 2677 3810 summa
2719 3756 2836 3823 ejus
2865 3756 3107 3811 facilitas.
3154 3758 3225 3810 At
3262 3768 3538 3828 postquam

1953 3846 2198 3902 Christus
2222 3846 2441 3917 prodiit,
2485 3846 2569 3899 via
2598 3846 2754 3915 longe
2797 3844 2930 3899 facta
2971 3855 3055 3901 est
3094 3848 3386 3918 angustior,
3432 3864 3539 3904 nou

1952 3939 2124 3993 solum
2152 3937 2293 4008 quod
2325 3936 2751 4008 incomparabilis
2777 3951 2838 3991 ea
2866 3944 2921 3992 et
2951 3936 3136 4007 ingens
3156 3940 3393 3994 omnium
3419 3954 3540 4010 quas

1953 4029 2066 4084 dixi
2096 4029 2308 4084 licentia
2353 4028 2505 4083 nobis
2531 4042 2563 4082 e
2600 4028 2847 4083 manibus
2880 4036 3061 4097 erepta
3097 4029 3199 4096 sit;
3242 4030 3336 4085 sed
3377 4033 3535 4086 etiam

1952 4120 2095 4191 quod
2122 4135 2271 4186 uxor,
2298 4136 2418 4191 quae
2444 4133 2541 4173 nos
2573 4118 2735 4173 multa
2777 4117 3039 4173 interdum
3071 4120 3155 4174 vel
3176 4120 3369 4175 invitos
3397 4123 3541 4177 desi-

1954 4227 2118 4283 gnare
2159 4212 2375 4266 inducat
2416 4221 2573 4278 atque
2618 4218 2795 4278 cogat,
2838 4208 2980 4262 domi
3028 4218 3284 4279 perpetuo
3334 4212 3405 4266 sit
3439 4212 3536 4267 ha-

1956 4302 2148 4369 benda,
2176 4310 2287 4365 aut,
2331 4299 2376 4354 si
2411 4298 2605 4369 ejicere
2628 4298 2780 4365 velis,
2813 4297 3060 4352 adulterii
3088 4300 3290 4355 crimen
3318 4301 3387 4355 sit
3412 4304 3539 4357 sub-

1956 4393 2209 4450 cnndmn.
2239 4392 2420 4463 Neque
2445 4392 2545 4446 hoc
2588 4399 2791 4445 tantum
2832 4392 3047 4447 nomine
3087 4394 3251 4449 virtus
3292 4410 3354 4450 ea
3386 4394 3539 4453 nobis

1955 4484 2189 4540 difficilis
2212 4492 2313 4550 est,
2345 4483 2437 4538 sed
2462 4483 2602 4554 quod
2622 4484 2744 4538 licet
2769 4486 2964 4553 coniux
2986 4485 3404 4544 intolerabilibus
3429 4507 3542 4544 mo-

1954 4577 2106 4632 ribus
2131 4576 2220 4643 sit,
2246 4589 2492 4630 curarum
2523 4581 2699 4629 tamen
2729 4591 2847 4645 quae
2870 4591 2969 4631 nos
2993 4586 3210 4647 propter
3246 4592 3364 4633 eam
3391 4580 3537 4650 ejus-

1957 4682 2060 4737 que
2110 4666 2308 4721 liberos
2352 4665 2740 4720 circumfundat
2785 4667 2959 4733 turba,
3005 4682 3107 4722 nec
3153 4668 3432 4724 minimum
3484 4674 3536 4726 in

1957 4760 2147 4814 cadum
2172 4759 2445 4828 suSpicere
2483 4759 2732 4828 patiatur,
2769 4760 2978 4813 animos
3006 4768 3216 4815 nostros
3250 4763 3398 4831 quasi
3424 4760 3544 4831 qni-

1957 4851 2080 4905 dam
2122 4858 2311 4905 vortex
2351 4848 2583 4920 undique
2630 4858 2881 4920 torquens
2924 4864 2988 4905 ac
3030 4850 3366 4920 demergens.
3407 4852 3540 4907 Nam

1958 4957 2082 4998 ecce
2122 4943 2270 5012 cupit
2313 4942 2392 4995 vir
2432 4942 2690 5012 privatam
2740 4949 2796 4997 et
2835 4941 3060 4997 otiosam
3098 4944 3259 4997 vitam
3308 4943 3540 5012 degere;

1958 5032 2052 5087 sed
2090 5033 2391 5101 conspectis
2415 5032 2880 5087 circumstantibus
2922 5030 3106 5086 liberis
3130 5040 3288 5101 atque
3315 5032 3540 5103 conjuge

1957 5124 2143 5195 grandi
2172 5130 2386 5195 sumptu
2408 5132 2617 5193 egente,
2636 5122 2718 5177 vel
2742 5122 2936 5175 invitus
2952 5136 3012 5176 se
3036 5122 3087 5175 in
3109 5121 3340 5176 civilium
3363 5138 3539 5177 rerum

1958 5224 2147 5270 testum
2186 5214 2425 5283 conjicit.
2469 5213 2549 5267 Eo
2584 5222 2759 5266 autem
2805 5212 3048 5281 illapsum
3091 5211 3194 5266 dici
3232 5226 3337 5265 non
3369 5222 3545 5282 potest

1958 5316 2151 5377 quanta
2172 5305 2243 5360 illi
2272 5319 2493 5374 peccare
2516 5318 2734 5358 necesse
2758 5303 2846 5369 sit,
2871 5303 3147 5370 irascenti,
3167 5303 3387 5372 juranti,
3416 5317 3546 5356 con-

1960 5397 2198 5462 vicianli,
2254 5394 2553 5459 ulciscenti,
2615 5393 2906 5459 simulanti,
2965 5394 3127 5447 multa
3180 5392 3246 5446 ad
3293 5393 3541 5463 gratiam,

1957 5490 2121 5544 multa
2151 5488 2216 5543 ad
2238 5486 2561 5541 simultatem
2588 5483 2819 5540 facienti.
2847 5484 2945 5552 Qui
2975 5483 3115 5538 enim
3145 5492 3337 5552 potest,
3373 5485 3460 5553 qui
3490 5485 3543 5539 in

1958 5582 2118 5636 tantis
2161 5578 2408 5633 fluctibus
2436 5587 2698 5643 versetur,
2743 5584 2899 5645 atque
2938 5575 3060 5630 inde
3086 5576 3311 5646 gloriam
3341 5584 3538 5645 captet,

1958 5690 2063 5729 non
2096 5688 2285 5744 graves
2324 5671 2589 5727 scelerum
2616 5670 2800 5725 sordes
2827 5668 3183 5725 contrahere?
3211 5668 3327 5725 Jam
3354 5671 3400 5724 si
3425 5670 3543 5739 quis

1958 5766 2246 5821 domestica
2287 5763 2532 5831 rimetur,
2574 5761 2763 5817 eadem
2805 5770 2964 5830 atque
2993 5761 3154 5816 etiam
3185 5760 3372 5826 majori
3398 5759 3541 5814 dim-
