4020 6402
406 377 510 436 567
554 366 561 379 '

401 492 605 548 cultatc
637 489 794 560 plena
839 485 1073 542 inveniet
1100 491 1319 555 pr0pter
1361 494 1616 541 uxorem;
1658 476 1819 531 multa
1857 474 1998 530 enim

410 598 472 640 ac
499 583 566 638 de
594 581 773 637 multis
799 587 949 635 curet
974 591 1194 634 necesse
1223 585 1323 637 est,
1345 573 1538 643 quibus
1566 571 1789 625 seorsim
1818 568 1993 637 agenti

406 679 522 731 viro
562 673 691 730 nihil
720 688 853 743 opus
893 680 1057 727 esset.
1104 670 1277 738 Atque
1322 666 1437 720 haec
1465 664 1702 734 quidem,
1745 663 1788 715 si
1830 661 1997 731 proba

407 778 566 837 atque
588 765 868 822 commoda
894 764 965 818 sit
992 776 1162 824 uxor;
1192 760 1275 813 sin
1306 757 1573 825 pervicax.
1607 753 1818 816 acerba,
1856 749 2001 805 difﬁ-

408 859 546 924 cilis,
590 872 695 912 non
718 856 828 926 jam
858 853 910 908 id
943 854 1233 908 necessitas
1258 847 1440 913 modo,
1465 847 1557 901 sed
1592 860 1747 914 poma
1777 858 1840 899 ac
1869 856 1998 910 sup-

412 949 628 1018 plicium
664 945 961 1003 vocandum
989 943 1112 999 erit.
1141 941 1241 1010 Qui
1286 938 1482 1011 poterit
1505 952 1633 1006 ergo
1675 936 1775 990 iter
1800 933 1867 987 ad
1893 948 2002 986 ca:-

410 1041 517 1094 Iutn
563 1038 846 1102 coniicere,
885 1034 1028 1105 quod
1075 1031 1265 1087 solutis
1302 1045 1366 1086 ac
1405 1028 1709 1100 pernicibus
1752 1025 1998 1095 pedibus,

409 1133 588 1187 animo
614 1131 852 1186 accincta
877 1137 931 1183 et
957 1126 1120 1197 probe
1141 1122 1393 1193 expedito
1420 1121 1639 1190 indiget,
1664 1134 1725 1173 ea
1758 1117 2000 1186 negotio-

410 1238 527 1276 rum
574 1222 715 1274 mole
759 1218 1027 1288 imposita,
1078 1223 1155 1270 tot
1199 1212 1398 1285 pedicis
1436 1210 1778 1274 constrictus,
1816 1216 2003 1262 catena

411 1314 530 1378 hac,
574 1312 756 1367 uxoris
808 1312 1022 1380 inquam
1077 1306 1438 1377 improbitate,
1486 1303 1737 1358 deorsum
1791 1296 2005 1353 assidue

413 1404 494 1457 de:
507 1403 716 1457 raetiis?

483 1493 644 1549 XLV.
689 1492 792 1561 Qui
833 1506 1174 1560 supervacuas
1208 1488 1524 1559 diﬁicultates
1568 1482 1869 1555 cxcogitent,
1921 1496 2005 1534 eos

412 1567 743 1656 nullum-ejus
768 1585 843 1639 rei
870 1584 1136 1655 pm'mium
1164 1597 1388 1635 manere.
1416 1607 1488 1619 —-
1511 1580 1581 1633 At
1617 1576 1759 1647 quod
1797 1586 1879 1630 est
1904 1573 2005 1628 hoc

411 1678 624 1747 sapiens
655 1676 790 1746 vulgi
819 1688 1153 1745 responsum,
1181 1688 1303 1727 cum
1329 1671 1395 1726 ad
1433 1685 1528 1726 eos
1552 1669 1670 1725 haec
1693 1668 1870 1722 omnia
1912 1674 2003 1720 re-‘

412 1768 732 1823 censemus?
758 1766 959 1837 Itaque,
993 1764 1181 1835 inquit,
1210 1762 1398 1833 majori
1430 1760 1648 1832 praemio
1672 1759 1865 1828 dignus
1906 1757 2008 1812 erit

412 1858 523 1929 qui,
557 1858 655 1913 hac
701 1858 948 1927 imposita
980 1855 1319 1917 necessitate,
1362 1860 1509 1907 recte
1552 1866 1613 1907 se
1656 1857 1825 1920 gerat.
1867 1846 2006 1914 Quid

412 1950 510 2015 ita,
541 1948 680 2003 boue
710 1950 809 2011 vir,
842 1956 895 2001 et
915 1946 1261 2017 quamobrem
1281 1944 1303 1998 ?
1324 1942 1476 2011 Quod
1507 1942 1786 2011 majorem,
1815 1939 2006 2009 inquit,

413 2042 652 2096 laborem
682 2049 901 2110 propter
939 2036 1338 2093 matrimonium
1378 2035 1589 2090 subeat.
1624 2034 1688 2087 Et
1722 2033 1840 2102 quis
1883 2045 2006 2085 eum

418 2141 621 2187 tantum
646 2146 782 2186 onus
809 2130 1081 2200 suscipere
1107 2126 1316 2196 coegit?
1348 2140 1468 2179 nam
1497 2123 1542 2178 si
1569 2122 1783 2194 quidem
1820 2120 2009 2174 matri-

417 2224 657 2278 monium
684 2220 915 2277 ineundo
938 2228 1258 2290 praeceptum
1278 2216 1543 2286 impleret,
1567 2229 1629 2268 ac
1651 2228 1759 2267 non
1779 2210 2012 2267 ineundo

420 2317 472 2369 in
502 2315 671 2384 legem
711 2313 1068 2383 delinqueret,
1103 2310 1321 2363 haberet
1347 2307 1395 2361 id
1427 2305 1854 2378 probabilitatem
1889 2303 2008 2357 :sin

419 2417 617 2471 autem,
674 2406 758 2461 cui
798 2405 1037 2461 .liberum
1089 2411 1233 2458 esset
1282 2398 1607 2455 matrimonii
1664 2397 1849 2468 jugum
1906 2410 2009 2448 non

419 2499 624 2561 subire,
672 2497 832 2562 ultro,
873 2505 1098 2566 cogente
1144 2493 1311 2559 nullo,
1355 2506 1415 2546 se
1443 2492 1497 2545 in
1536 2504 1629 2545 eas
1672 2487 2013 2542 difﬁcultates

422 2589 678 2644 inducere
714 2587 898 2651 voluit,
945 2603 1049 2655 quo
1089 2585 1302 2656 gravius
1344 2582 1446 2637 sibi
1491 2581 1699 2636 virtutis
1741 2586 2012 2635 certamen

422 2680 759 2741 redderetur,
803 2676 932 2731 ttihil
962 2675 1062 2730 hoc
1099 2675 1166 2729 ad
1205 2673 1603 2744 agonothetam,
1636 2670 1725 2740 qui
1765 2669 1817 2725 id
1849 2685 2013 2723 unum

420 2771 663 2839 jusserit,
695 2784 813 2823 cum
846 2765 1058 2821 diabolo
1099 2766 1297 2821 bellum
1325 2763 1610 2828 coniicere,
1643 2768 1804 2832 atque
1827 2759 2017 2814 adven-

426 2880 542 2919 srm
581 2863 704 2917 vitia
736 2861 1012 2917 victoriam
1040 2873 1300 2929 qumrere.
1330 2857 1457 2913 Sive
1485 2864 1661 2911 autem
1689 2854 1809 2924 quis
1833 2852 2018 2906 matri-

428 2958 609 3011 monio
630 2954 907 3011 devinctus
933 2967 995 3006 ac
1023 2950 1227 3011 deliciis
1256 2964 1468 3013 vacans,
1495 2947 1668 3018 deque
1697 2945 1881 3000 multis
1911 2943 2019 2996 sol-

426 3049 600 3102 licitus
654 3048 743 3111 sit,
794 3046 907 3100 sive
953 3043 1219 3097 exercitus
1258 3049 1312 3097 et
1349 3040 1602 3105 amictus,
1653 3052 1827 3107 neque
1873 3035 2015 3091 aliud

429 3150 686 3207 prteterca
716 3151 927 3201 curans,
969 3134 1021 3189 id
1058 3133 1186 3186 nihil
1216 3132 1364 3203 pensi
1413 3130 1593 3186 habet.
1625 3128 1873 3185 Victoria:
1895 3126 2016 3197 qui-

427 3228 550 3283 dem
578 3226 816 3293 modum,
853 3234 1011 3294 atque
1038 3223 1105 3278 ad
1136 3233 1395 3294 tropaeum
1424 3221 1680 3279 terentem
1705 3218 1870 3285 viam,
1897 3232 2017 3272 eam

427 3320 684 3391 praedicat
711 3332 831 3389 quae
867 3318 1025 3372 rebus
1062 3316 1311 3371 omnibus
1340 3315 1586 3369 humanis
1629 3312 1804 3367 soluta
1848 3312 1916 3365 sit
1956 3323 2019 3365 ac

433 3413 599 3469 libera
624 3428 637 3464 :
661 3410 783 3476 quia
813 3418 989 3464 autem
1022 3416 1076 3461 tu
1103 3422 1223 3462 cum
1252 3420 1417 3461 uxore
1446 3419 1510 3460 ac
1535 3404 1737 3470 liberis,
1762 3402 2019 3471 negotiis-

429 3520 535 3576 que
576 3503 675 3558 ista
722 3499 1103 3558 comitantibus
1146 3498 1343 3554 bellum
1385 3511 1577 3568 gerere
1621 3509 1684 3550 ac
1732 3493 2021 3563 conﬂigere

433 3597 533 3662 vis,
557 3595 709 3664 quasi
739 3594 883 3663 paria
915 3591 1245 3663 prmstiturus
1273 3599 1431 3659 atque
1459 3590 1496 3644 ii
1532 3589 1622 3659 qui
1648 3587 1717 3642 ab
1744 3586 1827 3641 his
1848 3584 2022 3641 omni-

437 3691 536 3746 bus
556 3686 786 3757 expediti
812 3694 958 3753 sunt,
980 3684 1203 3754 ideoque
1223 3682 1410 3752 majori
1432 3679 1769 3736 admirationi
1792 3677 2020 3746 futurus,

436 3797 577 3836 nunc
602 3781 828 3836 fortasse
857 3792 957 3833 nos
996 3791 1203 3847 magme
1231 3774 1494 3846 superbire
1534 3772 1811 3828 insimules
1835 3813 1848 3835 ,
1887 3771 1934 3825 si
1971 3779 2024 3826 te

434 3873 503 3928 ad
531 3870 669 3926 idem
712 3870 780 3926 ad
823 3869 965 3940 quod
1008 3867 1084 3922 illi
1116 3881 1372 3922 cacumen
1411 3864 1672 3934 attingere
1716 3877 1820 3917 non
1863 3875 2023 3933 posse

435 3965 711 4027 dicamus;
756 3961 849 4016 sed
891 3959 1230 4030 praemiorum
1273 3956 1486 4012 demum
1534 3964 1745 4023 tempus
1772 3951 1935 4023 probe
1976 3958 2026 4006 te

440 4067 550 4112 tum
581 4055 812 4121 docebit,
836 4054 1006 4108 multo
1032 4058 1288 4123 praastare
1314 4047 1655 4104 securitatem
1692 4045 1836 4101 inani
1861 4044 2029 4099 ambi-

442 4148 592 4212 tioni,
628 4145 901 4219 satiusque
924 4156 1045 4198 esse
1071 4139 1306 4205 Christo,
1346 4154 1504 4209 quam
1535 4136 1773 4191 futilibus
1807 4136 1916 4189 suis
1943 4134 2026 4188 in-

438 4238 616 4294 ventis
653 4235 893 4293 credere.
938 4234 1146 4289 Etenim
1195 4231 1438 4287 Christus
1468 4238 1624 4300 negat
1666 4228 1732 4282 ad
1775 4227 2027 4283 virtutem

444 4330 605 4385 nobis
627 4329 897 4394 sullicere,
925 4330 1043 4384 suis
1065 4329 1326 4383 omnibus
1350 4324 1697 4382 renuntiare.
1728 4319 1836 4376 nisi
1864 4317 2030 4373 etiam

443 4422 813 4489 nosmetipsos
835 4420 1116 4475 oderimus
1136 4419 1288 4483 (Luc.
1319 4419 1408 4472 Η.
1433 4416 1504 4471 26
1523 4417 1562 4483 );
1587 4424 1644 4469 tu
1666 4414 1752 4469 his
1773 4410 2033 4467 omnibus

445 4509 753 4580 permistus,
809 4506 887 4560 ais
938 4518 1098 4574 posse
1150 4518 1422 4570 superare.
1471 4500 1599 4561 Sed,
1662 4510 1718 4554 ut
1766 4499 2027 4563 dicebam,

446 4598 614 4669 probe
655 4607 765 4652 tum
805 4594 1088 4664 intelliges,
1117 4602 1375 4663 quantum
1416 4590 1482 4645 ad
1521 4591 1768 4645 virtutem
1810 4589 2033 4659 impedi-

445 4699 685 4745 mentum
712 4687 781 4742 sit
806 4701 941 4741 uxor
960 4693 1119 4754 atque
1140 4682 1337 4737 uxoriae
1361 4696 1523 4738 cura}.

521 4780 705 4836 XLVI.
747 4777 851 4834 Cur
895 4777 1126 4848 adjutria:
1154 4784 1326 4829 vocata
1370 4792 1500 4830 uxor
1526 4789 1640 4845 qua:
1679 4774 2034 4844 impedimento

445 4885 518 4930 est
540 4874 608 4928 ad
635 4872 906 4945 perfectam
934 4870 1107 4945 uitam.
1129 4899 1200 4909 --
1229 4868 1296 4922 Et
1316 4868 1426 4938 qui,
1455 4868 1644 4938 inquit,
1671 4867 2034 4938 adjumentum

450 4980 568 5021 eam
600 4972 754 5018 vocat
780 4976 901 5031 qua:
939 4958 1230 5028 impediat?
1257 4974 1377 5011 nam
1408 4956 1706 5025 Faciamus,
1730 4957 1825 5019 ait,
1865 4959 1911 5010 ei
1939 4958 2035 5009 ad-

446 5057 672 5128 jutorem
689 5054 907 5109 similem
935 5051 1032 5121 ipsi
1052 5048 1204 5123 (Gen.
1229 5048 1285 5102 2.
1318 5050 1430 5119 18).
1461 5048 1574 5119 Ego
1599 5062 1728 5104 vero
1752 5048 1849 5104 abs
1875 5057 1928 5104 te
1951 5051 2035 5104 itt-

448 5163 608 5218 snper
636 5160 892 5216 quaeram,
924 5159 1030 5215 quo
1058 5151 1213 5213 pacto
1242 5141 1471 5212 adjutrix
1499 5150 1601 5207 est,
1629 5157 1747 5211 qum
1777 5143 1947 5197 virum
1975 5157 2036 5197 ea

451 5241 740 5295 securitate
777 5237 1046 5309 spoliavit,
1075 5244 1234 5304 atque
1262 5233 1559 5288 admirabili
1592 5233 1681 5287 illo
1712 5233 1763 5288 in
1794 5234 2039 5303 paradiso

446 5331 719 5386 domicilio
739 5328 1075 5384 exturbatum
1104 5328 1156 5382 in
1183 5326 1459 5396 prmsentis
1493 5326 1616 5380 vita:
1647 5326 1828 5381 turbas
1853 5327 2037 5396 conje-

449 5424 559 5476 cit?
588 5425 702 5477 lucc
740 5420 883 5476 enim
916 5428 1039 5474 sunt
1068 5433 1173 5473 non
1200 5418 1560 5486 adjumentum
1590 5419 1914 5486 praestantis,
1943 5419 2038 5473 sed

452 5513 773 5568 insidiantis.
798 5511 843 5564 A
877 5511 1103 5576 muliere,
1151 5510 1323 5579 inquit
1361 5508 1472 5574 ille,
1510 5508 1711 5561 initium
1751 5512 1961 5578 peccati,
1993 5521 2041 5564 et

455 5613 659 5674 propter
683 5603 829 5656 illaut
858 5603 1102 5655 morimur
1139 5617 1311 5656 omnes
1337 5598 1523 5669 (Eccli.
1554 5599 1643 5655 25.
1675 5599 1789 5671 35).
1824 5601 1891 5654 Et
1918 5601 2041 5656 hea-

451 5703 542 5746 tus
567 5692 782 5755 Paulus,
812 5690 997 5757 Adam,
1025 5691 1120 5757 ait,
1146 5706 1248 5745 non
1273 5699 1344 5745 est
1370 5691 1625 5760 deceptus,
1661 5701 1712 5742 at
1742 5693 1913 5745 mulier
1947 5695 2038 5747 de-

452 5792 594 5854 cepta
615 5782 671 5835 in
700 5780 1108 5853 praearicatione
1132 5782 1229 5854 fuit
1258 5783 1335 5853 (~l.
1367 5782 1498 5835 Tim.
1524 5780 1578 5834 2.
1614 5780 1726 5851 li).
1758 5782 2035 5849 Quomodo

1112 369 1170 425 S.
1213 364 1497 424 .IOANNIS
1534 355 2014 418 CIIRYSOSTOMI
2058 351 2376 409 ARCIIIEP.
2420 350 2955 407 CONSTANTINOP.

3600 351 3709 406 568

2108 472 2265 541 igitur
2287 470 2515 540 adjutrix
2556 480 2637 525 est
2667 485 2786 540 qua:
2826 470 3001 525 virum
3047 468 3148 525 sub
3175 479 3401 552 morte‘m
3441 472 3709 542 subjecit?

2107 566 2376 634 quomodo
2403 564 2657 634 adjutrix,
2683 579 2778 633 per
2802 580 2961 634 qttam
2986 564 3078 619 Dei
3109 564 3221 631 lilii,
3251 566 3493 635 adeoque
3513 579 3704 621 omnes

2109 667 2220 712 tum
2263 668 2459 711 terram
2503 656 2818 723 incolentes,
2865 670 2986 710 cum
3020 654 3166 722 feris,
3202 656 3527 723 volucribus,
3570 673 3704 712 cun-

2108 752 2313 818 etisque
2336 749 2552 819 reliquis
2565 750 2923 802 animantibus
2944 747 3142 802 diluvio
3157 748 3317 803 deleti
3343 748 3504 802 sunt?
3526 762 3708 804 nonne

2108 858 2171 898 ea
2226 844 2427 912 justum
2471 842 2664 897 Jobum
2713 841 3032 912 perdidisset
3077 841 3221 912 (Job.
3265 841 3336 912 2)
3386 842 3486 896 nisi
3525 841 3570 897 is
3610 841 3706 896 ad-

2108 935 2325 990 modum
2356 949 2414 987 se
2440 935 2609 988 virum
2642 933 2996 1003 praebuisset?
3036 949 3214 990 nonne
3244 934 3359 989 lucc
3386 933 3707 989 Samsoncm

2110 1025 2341 1095 perdidit
2374 1025 2521 1096 (Jud.
2559 1025 2690 1094 16)?
2734 1040 2912 1081 nonne
2952 1040 3015 1081 ea
3046 1025 3266 1095 perfecit
3310 1036 3368 1081 ut
3396 1026 3708 1082 universum

2113 1117 2459 1172 Hebraeorum
2490 1132 2663 1187 genus
2681 1117 3029 1188 Beelphegori
3059 1119 3357 1174 initiaretur
3378 1118 3705 1193 (Num.25),

2111 1224 2175 1265 ac
2214 1220 2563 1281 cognatorum
2609 1211 2855 1265 manibus
2898 1210 3287 1265 trucidaretur?
3314 1210 3445 1278 Quis
3487 1212 3708 1281 potissi-

2111 1316 2258 1356 mum
2303 1300 2613 1356 Aehaabum
2653 1301 2869 1357 diabolo
2907 1301 3138 1371 prodidit
3184 1303 3259 1371 (5.
3287 1300 3416 1373 Reg.
3457 1302 3548 1358 21.
3579 1302 3705 1374 25).

2113 1403 2275 1461 atque
2298 1401 2421 1448 ante
2447 1407 2567 1447 eum
2593 1392 3055 1462 Salomonchb.
3075 1392 3159 1448 Η.
3186 1393 3263 1464 4),
3288 1404 3407 1463 post
3435 1402 3543 1449 tam
3570 1395 3709 1449 insi-

2112 1499 2269 1555 gnem
2314 1484 2628 1554 Sapientiam
2660 1499 2725 1540 ac
2762 1484 3169 1541 celebritatem?
3212 1487 3400 1541 Nonne
3439 1487 3710 1557 hodieque

2112 1579 2240 1632 viris
2283 1579 2395 1632 snis
2435 1588 2682 1632 auctores
2709 1585 2834 1633 sunt
2868 1578 3036 1632 multa
3072 1578 3124 1632 in
3158 1578 3321 1634 Deum
3351 1579 3711 1634 admittendi?

2114 1684 2293 1724 nonne
2337 1669 2534 1724 idcirco
2578 1672 2792 1740 sapiens
2828 1670 2919 1725 ille
2964 1670 3219 1739 scriptum
3261 1670 3494 1738 reliquit,
3537 1670 3711 1723 Parua

2114 1770 2189 1815 est
2226 1761 2413 1830 qumvis
2452 1761 2677 1829 pret-itas
2720 1776 2826 1831 prce
2851 1762 3078 1815 mulieris
3108 1762 3351 1831 pravitate
3379 1760 3567 1832 (Eccli.
3608 1762 3705 1818 25.

2113 1853 2250 1924 26)?
2276 1853 2556 1921 Quomodo
2583 1854 2763 1925 igitur,
2793 1855 2983 1923 inquit,
3007 1853 3136 1909 dixit
3172 1854 3334 1922 Deus,
3360 1854 3633 1909 Faciamus
3661 1858 3708 1910 ei

2114 1947 2398 2016 adjutorth
2441 1945 2656 2000 similem
2702 1947 2801 2015 ipsi
2849 1945 3001 2017 (Gen.
3049 1946 3105 2000 Ξ.
3149 1947 3281 2018 18)7
3335 1965 3506 2018 neque
3559 1950 3707 2004 enim

2115 2039 2372 2094 mentitur
2397 2039 2558 2093 Deus.
2598 2038 2780 2108 Neque
2810 2037 2861 2092 id
2889 2038 3133 2108 equidem
3175 2054 3424 2109 umquam
3453 2039 3702 2107 dixerim,

2117 2130 2335 2185 minime
2360 2131 2633 2200 gentium;
2664 2130 2757 2185 sed
2789 2145 2906 2200 qua:
2944 2146 3005 2185 ea
3037 2130 3103 2187 de
3132 2146 3291 2186 causa
3331 2129 3470 2186 facta
3508 2140 3611 2197 est,
3653 2132 3706 2185 in

2117 2221 2372 2291 dignitate
2406 2237 2501 2275 sua
2547 2221 2834 2291 persistere
2882 2222 3075 2288 noluit;
3122 2222 3569 2292 quemadmodum
3609 2240 3713 2280 nec

2118 2313 2234 2382 ejus
2261 2313 2361 2367 vir.
2395 2312 2523 2366 Nam
2557 2323 2612 2367 et
2653 2328 2774 2367 eum
2805 2313 2870 2368 ad
2908 2314 3187 2384 imaginem
3220 2324 3274 2369 et
3302 2314 3707 2371 similitudinem

2117 2417 2267 2458 suam
2318 2404 2459 2458 Deus
2508 2403 2794 2458 fabricatus
2841 2406 3001 2459 est‘:
3036 2419 3158 2458 nam
3185 2404 3278 2472 ait,
3310 2404 3585 2460 Faciamus
3610 2407 3710 2460 Ito-

2129 2494 2323 2545 minem
2350 2492 2419 2546 ad
2441 2492 2724 2563 imaginem
2750 2503 2801 2548 et
2818 2494 2888 2547 ad
2909 2494 3313 2550 similitudinem
3333 2505 3575 2550 nostram
3596 2494 3710 2566 (Id.

2123 2584 2177 2639 1.
2204 2585 2329 2655 26);
2359 2594 2419 2640 ut
2441 2593 2494 2641 et
2524 2586 2685 2651 dixit,
2720 2584 3009 2641 Faciamus
3038 2587 3087 2642 ei
3117 2586 3418 2655 adjutorem
3441 2603 3459 2649 ;
3486 2587 3581 2643 sed
3614 2588 3716 2657 qn'.

2122 2689 2348 2750 utroque
2391 2679 2646 2749 prmditus
2689 2687 2849 2745 esset,
2893 2685 3173 2749 utrumque
3216 2680 3462 2750 protinus
3510 2679 3711 2734 amisit.

2120 2769 2253 2824 Nam
2306 2783 2407 2824 nec
2454 2769 2856 2825 similitudinem
2908 2770 3265 2837 conservavit,
3321 2771 3412 2841 qui
3464 2771 3714 2825 absurdae

2121 2860 2397 2931 cupiditati
2437 2874 2497 2916 se
2539 2859 2825 2924 dediderit,
2866 2875 2929 2915 ac
2968 2858 3091 2915 dolo
3131 2870 3340 2930 captus,
3384 2861 3714 2931 voluptatem

2122 2954 2343 3009 minime
2390 2951 2637 3023 fregerit;
2685 2961 2739 3008 et
2786 2952 2928 3023 quod
2963 2960 3079 3007 erat
3119 2953 3172 3007 in
3208 2966 3274 3008 eo
3319 2955 3385 3007 ad
3431 2953 3716 3022 imaginem

2126 3045 2242 3111 Dei,
2303 3046 2463 3101 etiam
2516 3045 2719 3100 nolenti
2768 3044 3027 3115 deinceps
3073 3053 3320 3115 ereptum
3375 3054 3477 3100 est.
3530 3042 3720 3114 Neque

2126 3136 2270 3194 enim
2322 3138 2462 3192 Dens
2505 3151 2668 3207 parva
2716 3130 2924 3206 imperii
2970 3143 3121 3206 parte
3166 3150 3288 3190 eum
3323 3136 3617 3205 mulctavit,
3661 3147 3717 3191 et

2125 3244 2247 3283 eum
2290 3230 2379 3297 qui
2435 3227 2683 3283 omnibus
2721 3226 2973 3283 terribilis
3020 3234 3167 3282 esset
3200 3226 3349 3282 velut
3384 3225 3568 3291 herus,
3618 3241 3720 3282 ceu

2127 3322 2390 3393 ingratum
2435 3338 2674 3387 servum,
2708 3321 2795 3392 qui
2833 3320 3110 3376 dominum
3135 3320 3461 3388 offendisset,
3493 3336 3724 3378 consen-

2126 3413 2210 3475 vis
2235 3412 2616 3483 deSpicabilem
2642 3412 2840 3468 eli‘ceit.
2868 3412 3001 3467 Nam
3031 3412 3187 3467 initio
3207 3413 3364 3468 etiam
3394 3411 3521 3468 feris
3544 3413 3723 3468 omni-

2128 3506 2227 3561 bus
2258 3506 2449 3561 terrori
2491 3512 2640 3571 erat;
2682 3520 2870 3560 omnes
2896 3505 3095 3575 quippe
3130 3504 3273 3560 Deus
3316 3503 3382 3563 ad
3430 3504 3577 3558 illum
3619 3505 3724 3559 ad-

2128 3599 2300 3665 duxit,
2333 3613 2506 3668 neque
2537 3598 2643 3654 ulla
2672 3613 2794 3653 enm
2823 3597 3022 3654 laedere
3062 3612 3127 3652 ac
3169 3596 3417 3653 invadere
3446 3607 3529 3652 est
3555 3611 3723 3661 ausa;

2131 3691 2344 3746 videbat
2370 3690 2565 3760 quippe
2607 3689 2660 3743 in
2700 3703 2766 3744 eo
2806 3687 3134 3743 relucentem
3169 3687 3451 3758 imaginem
3490 3686 3723 3756 regiam.

2131 3783 2275 3852 Quas
2304 3782 2395 3837 ubi
2434 3789 2587 3836 notas
2613 3786 2834 3851 peccato
2859 3778 3196 3844 deformavit,
3232 3793 3352 3833 eum
3382 3777 3522 3832 Deus
3547 3776 3726 3846 impe-

2132 3878 2213 3934 rio
2239 3876 2455 3947 dejecit.
2489 3876 2670 3947 Igitur,
2713 3876 2836 3931 licet
2873 3875 3139 3938 omnibus,
3168 3889 3288 3945 qua:
3316 3874 3369 3928 in
3412 3882 3551 3929 terra
3590 3873 3726 3937 sint,

2130 3967 2268 4023 adeo
2295 3983 2399 4021 non
2429 3967 2673 4037 imperet,
2704 3974 2765 4020 ut
2790 3965 3032 4033 qumdam
3081 3964 3240 4019 etiam
3280 3962 3498 4020 horreat
3524 3977 3587 4018 ac
3613 3963 3729 4017 for-

2135 4059 2334 4121 midet,
2368 4058 2461 4112 Dei
2488 4056 2805 4112 sententiam
2862 4055 3005 4109 illam
3059 4054 3319 4110 mendacii
3372 4070 3479 4109 non
3524 4056 3725 4124 arguit,

2137 4148 2206 4205 Et
2258 4149 2582 4203 dominentur
2630 4148 2971 4202 animantibus
3028 4158 3175 4201 terrae
3194 4148 3299 4220 (Ib.
3326 4150 3729 4222 u.28):neque

2135 4241 2277 4297 enim
2303 4241 2422 4310 ejus
2450 4240 2539 4310 qui
2567 4239 2735 4307 dedit,
2765 4238 2859 4295 sed
2886 4240 2974 4310 qui
3006 4241 3211 4309 accepit
3238 4240 3366 4295 vitio
3391 4255 3453 4296 ea
3483 4249 3726 4312 potestas

2138 4332 2366 4403 praecisa
2414 4339 2497 4387 est
2527 4348 2540 4384 :
2571 4332 2643 4385 ita
2679 4344 2779 4386 nec
2817 4330 3024 4385 insidia:
3054 4346 3173 4401 quae
3201 4331 3328 4386 viris
3366 4331 3433 4386 ab
3469 4331 3730 4386 uxoribus

2138 4433 2436 4489 struuntur,
2471 4421 2573 4477 hoc
2601 4421 2800 4478 dictum
2828 4421 3167 4487 labefactant,
3201 4422 3473 4477 Faciamus
3499 4424 3545 4477 ei
3566 4424 3729 4490 adju-

2141 4524 2298 4569 torem
2321 4515 2536 4569 similem
2560 4515 2660 4583 ipsi
2683 4531 2695 4566 :
2723 4528 2845 4568 nam
2873 4513 2939 4568 ad
2971 4512 3070 4568 hoc
3090 4524 3393 4584 comparata
3420 4524 3522 4579 est,
3554 4514 3647 4569 sed
3672 4516 3729 4568 in

2141 4621 2206 4661 eo
2236 4621 2341 4661 non
2372 4607 2682 4676 permansit.
2710 4605 2849 4673 Quin
2891 4604 3023 4660 illud
3054 4614 3316 4675 praeterea
3360 4605 3538 4662 afferri
3565 4606 3734 4662 etiam

2142 4706 2344 4767 posset,
2389 4711 2511 4753 eam
2558 4696 2625 4752 ad
2674 4698 2954 4767 praesentis
2997 4699 3120 4752 vitae
3164 4705 3385 4764 statum,
3437 4698 3733 4752 liberorum

2143 4790 2608 4859 procreationem,
2665 4799 2824 4858 atque
2867 4789 3080 4844 insitam
3121 4788 3174 4844 in
3222 4799 3407 4843 natura
3453 4788 3733 4843 libidinem

2142 4879 2506 4951 adjumentum
2556 4889 2810 4950 prtestare
2853 4879 2991 4935 :sed
3040 4895 3161 4934 cum
3210 4888 3265 4934 et
3311 4881 3432 4934 vita:
3463 4878 3638 4949 hujus,
3675 4890 3737 4934 et

2145 4973 2348 5028 sobolis
2392 4970 2774 5042 procreandae,
2824 4981 2878 5027 et
2932 4970 3166 5027 libidinis
3222 4971 3474 5041 deinceps
3523 4980 3736 5039 tempus
3820 4981 3833 4991 '

2146 5078 2251 5119 non
2282 5064 2369 5130 sit,
2399 5061 2522 5133 quid
2562 5060 2692 5115 mihi
2741 5061 2856 5130 ejus
2890 5061 3028 5116 hanc
3072 5062 3123 5115 in
3167 5072 3370 5132 partem
3420 5060 3738 5130 adjutricem

2148 5155 2338 5210 frustra
2383 5153 2682 5208 memoras?
2716 5151 2849 5207 Nam
2882 5169 2998 5224 qua:
3041 5152 3105 5207 ad
3149 5151 3366 5207 minima
3407 5153 3574 5207 solum
3614 5154 3743 5209 usni

2146 5247 2234 5315 sit,
2274 5263 2392 5303 eam
2434 5248 2478 5301 si
2525 5246 2592 5300 ad
2636 5261 2826 5316 magna
2869 5247 3068 5300 sociam
3105 5244 3376 5311 adhibeat,
3424 5259 3527 5299 non
3574 5243 3746 5299 modo

2147 5338 2278 5392 nihil
2302 5338 2560 5409 proficiet,
2584 5337 2676 5392 Sed
2704 5338 2862 5392 etiam
2884 5337 3025 5390 curis
3053 5335 3392 5403 impedietur.

2219 5431 2427 5488 XLVII.
2472 5430 2737 5497 Quomodo
2766 5431 2931 5484 virum
2970 5429 3171 5499 adjuvet
3200 5430 3408 5481 uxorin
3450 5428 3745 5498 spirituali-

2149 5526 2506 5594 bus.—-Quid
2534 5527 2711 5597 igitur,
2761 5525 2952 5594 inquit,
2995 5523 3061 5579 ad
3102 5523 3323 5578 Paulum
3362 5523 3624 5589 dicemus,
3652 5537 3749 5577 eu-

2143 5619 2233 5688 jus
2270 5617 2430 5672 verba
2473 5617 2591 5671 haec
2629 5624 2793 5670 sunt:
2824 5614 2922 5680 Qui
2949 5614 3065 5695 scis,
3099 5614 3301 5680 mulier,
3342 5613 3387 5669 si
3429 5614 3590 5673 virum
3629 5614 3744 5667 sal-

2213 5731 2229 5761 ι
2266 5729 2586 5841 Illiclqttiedam
2624 5727 2802 5778 desunt
2838 5728 2888 5778 in
2921 5723 3221 5789 uore1.quae
3261 5738 3324 5776 ex
3352 5733 3469 5788 neg.
3509 5733 3560 5776 et
3599 5724 3748 5775 savii.

2213 5806 2268 5841 Illi
2293 5805 2354 5839 en
2377 5804 2433 5840 ω’

2148 5804 2433 5854 supplentur
