4020 6376
280 340 379 397 569
1628 322 1716 379 DE
1758 318 2214 377 VIBGINITATE.

280 475 391 516 eum
426 456 580 528 facies
616 455 699 525 (I.
730 452 857 507 Cor.
887 454 940 506 7.
982 448 1109 518 Ili)?
1134 447 1327 518 quique
1365 443 1479 513 ejus
1505 439 1869 510 adjumentum

284 554 440 607 etiam
482 550 536 603 in
570 545 908 616 spiritalibus
951 539 1309 596 necessarium
1337 532 1562 589 censet?
1598 531 1664 586 Et
1696 544 1795 600 ego
1824 528 1875 582 id

287 642 547 698 conﬁteor
592 656 606 692 :
651 652 762 691 non
808 636 951 690 enim
1002 645 1120 686 cam
1162 629 1230 683 ab
1267 627 1413 683 omni
1462 622 1684 695 spiritali
1726 621 1877 690 adju-

287 742 466 789 mento
491 728 753 792 excludo;
794 727 1015 781 minime
1042 737 1205 787 vero;
1236 719 1334 776 sed
1374 719 1428 774 in
1474 732 1592 772 eam
1622 722 1879 786 praestare

285 826 427 888 dico,
464 838 569 877 non
598 836 717 875 cum
743 824 960 875 exercet
990 830 1052 871 ea
1082 828 1201 884 qum
1242 808 1568 867 matrimonii
1605 814 1750 872 sunt,
1781 803 1880 861 sed

288 933 408 972 cum
453 912 697 969 muliebri
734 926 869 968 sexu
914 907 1172 980 prmdita,
1215 905 1282 961 ad
1322 904 1598 960 beatorum
1642 900 1880 955 virorum

288 1010 539 1063 virtutem
576 1005 772 1063 evadit.
801 1003 986 1072 Neque
1011 1001 1153 1055 enim
1176 1006 1412 1068 compta,
1443 995 1689 1062 delicata,
1718 1006 1883 1061 pecu-

290 1100 491 1154 uiarios
528 1096 734 1154 reditus
775 1110 807 1149 a
849 1094 964 1149 viro
999 1091 1264 1162 ﬂagitans,
1295 1087 1535 1159 prodiga,
1569 1093 1882 1154 sumptuosa

289 1208 411 1247 eum
440 1191 651 1259 eripere
674 1196 854 1258 queat,
878 1184 975 1242 sed
1001 1200 1123 1240 cum
1151 1183 1235 1238 his
1264 1181 1424 1237 rebus
1447 1178 1695 1234 omnibus
1718 1174 1886 1231 subli-

292 1284 452 1348 mior,
499 1279 847 1351 apostolicam
887 1277 942 1332 in
981 1291 1042 1333 se
1084 1280 1244 1330 vitam
1293 1271 1568 1342 exprimit,
1618 1280 1882 1321 summam

292 1376 616 1446 probitatem
636 1381 690 1428 et
711 1370 1051 1436 modestiam,
1064 1378 1116 1424 et
1131 1365 1476 1438 pecuniarum
1496 1367 1889 1430 contemptum,

291 1480 346 1523 et
379 1467 720 1523 tolerantiam
750 1465 1146 1528 demonstrans,
1178 1461 1251 1515 ita
1294 1474 1417 1515 eum
1455 1456 1673 1512 demum
1714 1467 1885 1521 expu-

292 1575 460 1631 gnare
499 1559 695 1629 poterit
722 1575 735 1612 :
765 1572 887 1612 cum
924 1556 1066 1612 dicet
1092 1572 1106 1608 :
1137 1553 1392 1607 Alimenta
1420 1558 1573 1619 atque
1602 1553 1887 1618 tegumenta

297 1654 558 1718 habentes,
589 1651 651 1706 iis
672 1650 890 1704 contenti
917 1663 1090 1703 sumus
1125 1645 1202 1717 (I.
1233 1643 1368 1698 Tim.
1400 1640 1453 1698 6.
1489 1641 1543 1712 8)
1577 1657 1591 1691 :
1624 1654 1744 1695 cum
1773 1635 1888 1689 lucc

297 1745 457 1800 rebus
497 1743 627 1813 ipsis
669 1742 980 1806 meditatur,
1018 1754 1081 1794 ac
1119 1736 1452 1808 corporalem
1496 1740 1724 1788 mortem
1765 1728 1890 1784 irri-

297 1838 455 1902 deus,
500 1837 662 1891 vitam
695 1835 833 1889 hanc
857 1841 1174 1903 praesentem
1222 1828 1355 1883 nihil
1400 1841 1521 1881 esse
1565 1824 1736 1878 dicit:
1766 1836 1888 1874 cum

298 1945 514 1984 omnem
537 1930 661 1983 vita:
678 1926 834 1997 hujus
852 1924 1078 1995 gloriam
1105 1920 1395 1977 secundum
1422 1915 1739 1988 prophetam
1762 1911 1890 1967 freni

300 2028 488 2079 florem
513 2022 783 2079 existimat
813 2018 962 2093 (Isai.
997 2018 1086 2073 b0.
1114 2017 1188 2087 7).
1219 2014 1333 2069 Non
1364 2011 1525 2083 igitur
1546 2024 1665 2080 qua:
1692 2005 1890 2062 mulie-

301 2116 468 2170 briter
494 2129 616 2169 cum
638 2112 753 2167 viro
773 2116 1109 2174 consuescat,
1139 2107 1218 2162 sic
1234 2105 1409 2160 virum
1429 2114 1647 2157 servare
1674 2096 1890 2168 poterit,

299 2206 395 2262 sed
451 2205 581 2261 dum
624 2202 985 2274 evangelieam
1029 2200 1194 2255 vitam
1244 2193 1554 2268 praestabit;
1604 2190 1708 2247 hoc
1745 2187 1892 2245 enim

302 2298 490 2352 multae
514 2297 679 2352 etiam
702 2296 842 2350 citra
861 2291 1272 2348 matrimonium
1303 2288 1572 2343 fecerunt.
1602 2283 1738 2339 Nam
1754 2281 1893 2359 _Pri-

312 2388 496 2453 scilla,
527 2386 713 2455 inquit
754 2384 898 2455 (Act.
937 2383 1047 2453 l8),
1073 2381 1308 2436 ascitum
1340 2377 1534 2448 Apollo
1555 2391 1651 2447 per
1676 2388 1897 2430 omnem

303 2484 542 2542 veritatis
573 2483 711 2537 viam
755 2478 994 2536 deduxit.
1036 2474 1190 2545 Quod
1236 2474 1283 2529 si
1327 2486 1470 2528 nunc
1519 2487 1625 2525 non
1658 2469 1803 2533 licet,
1841 2473 1899 2522 at

306 2586 529 2648 possunt
570 2573 784 2629 interim
826 2586 953 2642 erga
994 2567 1249 2623 mulieres
1292 2564 1433 2621 idem
1485 2562 1719 2618 studium
1760 2576 1898 2631 prae-

304 2680 473 2733 stare,
516 2663 873 2732 eamdemque
914 2659 1144 2715 fructum
1191 2658 1401 2721 facere;
1450 2669 1576 2709 nam
1618 2650 1760 2723 quod
1785 2649 1896 2721 jam

304 2759 437 2826 dixi,
472 2772 666 2827 neque,
699 2755 788 2808 illa
827 2751 1079 2823 quoniam
1122 2748 1329 2819 conjux'
1364 2755 1467 2813 est,
1498 2745 1675 2801 virum
1714 2742 1894 2798 trahit.

307 2848 518 2919 Μὶν(ιυί
546 2845 678 2901 nihil
701 2851 924 2907 vetaret,
959 2841 1226 2897 nemiuem
1263 2853 1329 2892 ex
1374 2836 1440 2892 iis
1467 2835 1555 2905 qui
1586 2849 1807 2889 uxorem
1837 2832 1900 2885 li-

305 2942 482 2997 delem
507 2937 738 2992 habeant
773 2933 1039 2989 infidelem
1069 2944 1310 2995 manere,
1343 2928 1387 2983 si
1409 2926 1625 2999 quidem
1665 2938 1896 2979 consue-

309 3032 437 3089 tudo
462 3045 525 3084 ac
551 3028 828 3084 convictus
854 3040 967 3081 rem
993 3024 1241 3081 effectam
1272 3020 1444 3075 daret.
1477 3021 1548 3073 At
1576 3033 1683 3073 non
1712 3017 1783 3071 ita
1812 3030 1899 3070 res

307 3139 369 3179 se
394 3122 583 3188 habet;
612 3119 708 3176 sed
724 3120 767 3174 si
785 3118 1002 3174 multam
1017 3114 1403 3187 phiIOSOphiam
1421 3123 1582 3182 atque
1597 3108 1901 3181 patientiam

307 3215 581 3278 exhibeat,
593 3211 638 3265 si
649 3210 877 3282 conjugii
892 3208 1221 3264 calamitates
1231 3204 1488 3271 derideat,
1502 3214 1661 3272 atque
1670 3200 1722 3255 id
1738 3214 1903 3254 unum

309 3307 522 3363 assidue
562 3304 830 3375 negotium
864 3302 1045 3368 ducat,
1085 3298 1138 3353 id
1179 3312 1309 3352 vero
1353 3293 1602 3364 estquod
1628 3290 1746 3362 ejus
1781 3305 1903 3347 cum

309 3416 418 3472 quo
462 3398 666 3452 habitat
707 3395 948 3451 animum
996 3393 1203 3447 salvum
1240 3397 1492 3461 prmstet:
1526 3385 1611 3442 sin
1654 3384 1905 3456 persistat

310 3489 592 3545 muliebria
636 3487 927 3559 postulare,
970 3484 1020 3540 ei
1064 3490 1224 3538 nocet
1265 3480 1433 3552 magis
1467 3493 1626 3549 quam
1663 3476 1901 3548 prodest.

313 3585 427 3639 lam
459 3598 586 3638 vero
612 3582 695 3637 vel
726 3581 804 3635 sic
842 3595 958 3635 rem
1002 3579 1054 3632 in
1083 3577 1271 3648 primis
1301 3573 1575 3629 dillicilem
1609 3586 1749 3636 esse,
1779 3569 1904 3625 audi

316 3677 436 3746 quid
480 3675 624 3730 dicat
654 3693 668 3728 :
696 3672 796 3738 Qui
842 3672 941 3725 scis
985 3670 1136 3734 enim,
1177 3667 1382 3735 mulier,
1429 3665 1475 3720 si
1511 3665 1676 3718 virum
1710 3664 1909 3718 salvum

319 3770 513 3841 facies?
551 3782 660 3837 quo
703 3762 1062 3834 interrogandi
1101 3775 1296 3831 genere
1342 3758 1417 3812 uti
1453 3756 1690 3813 solemus
1739 3755 1790 3808 in
1844 3754 1908 3808 iis

317 3878 435 3931 qua:
479 3859 771 3913 insolenter
797 3853 1063 3910 accidunt.
1105 3851 1244 3920 Quid
1284 3864 1415 3905 vero
1456 3855 1576 3919 post
1612 3847 1702 3902 illa
1737 3845 1909 3901 dicit?

318 3953 571 4023 Alligatus
599 3966 649 4004 es
676 3948 864 4003 uxori?
892 3946 997 4000 noli
1021 3959 1244 4015 quatrere
1267 3941 1609 4003 solutionem;
1633 3939 1826 3993 solutus
1857 3954 1910 3992 es

319 4045 383 4098 ab
422 4043 624 4097 uxore?
666 4040 773 4095 noli
811 4054 1035 4110 quaerere
1072 4052 1301 4091 uxorem.
1343 4033 1523 4096 Vides,
1574 4041 1634 4087 ut
1668 4031 1910 4086 assiduas

321 4135 662 4191 transitiones
690 4132 867 4198 faciat,
895 4137 950 4185 et
978 4129 1228 4198 frequens
1253 4124 1473 4181 omnino
1496 4125 1514 4155 ³
1530 4123 1807 4191 utriusque
1822 4134 1912 4176 co-

322 4225 639 4281 hortationis
672 4223 817 4279 velut
843 4218 1354 4292 temperamentum?
1383 4215 1514 4271 Nam
1536 4223 1605 4292 ρι
1627 4214 1697 4270 de
1726 4212 1913 4267 matri-

316 4318 504 4374 monio
523 4312 871 4386 disputationi
899 4311 966 4367 de
985 4308 1313 4365 continentia
1342 4275 1645 4362 sermoﬁm
1672 4303 1913 4371 interpo-

320 4410 450 4477 suit,
478 4407 780 4464 auditorem
811 4404 1022 4459 interim
1053 4407 1291 4457 excitans
1313 4415 1327 4452 :
1349 4398 1422 4453 ita
1450 4405 1504 4452 et
1528 4394 1616 4451 hic
1638 4392 1915 4450 tractatio-

324 4519 447 4557 nem
479 4500 550 4556 de
585 4498 925 4554 matrimonio
950 4494 1183 4549 vicissim
1229 4492 1433 4557 inserit,
1477 4504 1603 4544 eum
1641 4500 1912 4543 recreans.

326 4594 568 4650 Exorsus
595 4607 624 4645 a
652 4589 977 4659 virginitate,
1014 4597 1301 4655 antequam
1327 4582 1395 4639 de
1435 4596 1496 4636 ea
1522 4579 1721 4651 aliquid
1746 4577 1916 4633 dixis-

324 4695 429 4752 set,
476 4684 654 4738 statim
709 4680 774 4734 ad
822 4678 1214 4733 matrimonium
1273 4671 1699 4730 recurritzillud
1749 4669 1914 4736 enim,

332 4779 651 4846 f’rwceptum
702 4790 804 4828 non
852 4770 1043 4834 habeo,
1088 4766 1528 4823 matrimoniuma
1564 4762 1920 4835 permittentis

328 4881 386 4926 et
408 4867 793 4925 introducentis
813 4874 914 4920 est.
946 4863 1080 4917 Tum
1105 4861 1194 4916 ubi
1222 4860 1290 4915 ad
1320 4857 1678 4928 virginitatem
1702 4864 1919 4909 ventum

327 4974 433 5028 est,
463 4961 791 5029 dictumque,
819 4957 1048 5011 Arbitror
1074 4956 1167 5009 hoc
1188 4955 1371 5007 bonum
1404 4967 1533 5018 esse,
1565 4963 1686 5003 cum
1715 4946 1923 5002 videret

329 5055 447 5125 ejus
475 5066 667 5107 nomen
699 5048 913 5104 assidue
938 5056 1249 5116 usurpatum
1270 5042 1513 5099 delicatis
1542 5041 1758 5095 auribus
1785 5038 1925 5094 ntul-

332 5162 443 5201 tam
481 5144 823 5199 acerbitatem
865 5140 1076 5203 alTerre,
1116 5154 1220 5192 non
1264 5135 1556 5190 identidem
1597 5134 1650 5188 id
1693 5132 1921 5203 repetit;

329 5239 462 5308 quin
494 5236 756 5305 explicata
800 5234 931 5289 satis
971 5230 1122 5301 gravi
1160 5243 1321 5285 causa
1357 5227 1425 5282 ad
1450 5226 1566 5297 ejus
1597 5225 1807 5280 labores
1832 5238 1924 5278 so-

331 5327 545 5394 landos,
576 5327 628 5381 id
649 5335 750 5391 est,
780 5324 997 5380 instanti
1025 5321 1362 5387 necessitate,
1391 5334 1460 5373 ne
1482 5317 1560 5372 sic
1582 5315 1800 5387 quidem
1827 5330 1926 5369 au-

333 5436 427 5477 sus
474 5428 558 5475 est
602 5419 963 5489 virginitatem
1015 5415 1208 5468 iterum
1259 5411 1572 5476 nominare;
1619 5410 1715 5464 sed
1757 5407 1928 5478 quid?

342 5513 536 5567 Bonum
584 5522 657 5566 est
695 5508 888 5565 homini
935 5508 1009 5562 sic
1048 5522 1173 5561 esse.
1217 5504 1402 5575 Neque
1447 5518 1565 5559 eam
1608 5500 1930 5559 sententiam

336 5607 699 5678 prosequitur,
745 5604 841 5660 sed
885 5618 948 5658 ea
977 5603 1273 5672 interrupta
1321 5609 1376 5656 et
1404 5599 1592 5667 incisa,
1626 5598 1931 5669 priusquam

403 5756 417 5817 ξ
456 5751 683 5815 sicjuxta
699 5745 926 5817 Sat-italu
950 5741 1470 5817 8.,bretiiintm'vallo.
1552 5747 1607 5790 at.

402 5816 423 5847 ⁸
460 5809 571 5879 toi,
591 5809 972 5873 internuntium,
996 5809 1143 5859 deest
1170 5810 1219 5856 iu
1244 5814 1360 5869 tieg.

3469 312 3574 369 570

1986 437 2164 509 gravis
2197 433 2491 500 videretur,
2518 432 2588 489 de
2627 433 2969 490 matrimonio
3004 449 3219 489 rursum
3245 433 3459 490 disserit
3487 435 3569 491 bis

1984 528 2200 584 verbis:
2232 525 2486 597 Alligatus
2541 541 2593 580 es
2629 525 2815 580 uxori?
2848 526 2951 579 noli
3002 542 3226 596 quwrere
3275 526 3575 581 solutionem

1984 620 2060 691 (I.
2083 620 2202 676 Cor.
2235 623 2286 677 7.
2320 618 2433 689 27).
2465 620 2596 675 Nam
2624 620 2679 677 ni
2711 621 2761 676 id
2793 627 2958 686 esset,
2986 619 3086 673 nisi
3112 619 3165 673 id
3207 618 3295 674 hic
3322 618 3573 674 solatium

1984 728 2175 783 parare
2209 717 2503 787 cogitaret,
2530 719 2766 786 ineptum
2794 721 2937 770 esset
2981 713 3337 784 virginitatem
3376 728 3575 769 consu-

1987 804 2186 861 lentem
2225 807 2295 863 de
2335 808 2674 864 matrimonio
2711 807 3100 879 philosophari.
3148 806 3349 861 Deinde
3385 807 3576 861 iterum

1988 896 2055 952 ad
2080 897 2433 968 virginitatem
2464 900 2687 965 transit;
2736 915 2799 954 ac
2842 915 2909 954 ne
2948 914 3089 954 nunc
3116 898 3334 969 quidem
3365 898 3580 966 proprio

1989 991 2207 1046 nomine
2231 991 2486 1060 appellat,
2513 991 2607 1047 sed
2634 990 2795 1061 quid?
2824 990 3039 1045 Solutus
3064 1007 3117 1044 es
3145 990 3208 1043 ab
3241 1005 3401 1044 uxore
3424 990 3449 1043 ?
3475 989 3580 1042 noli

1988 1100 2212 1155 querere
2252 1100 2484 1138 uxorem.
2518 1084 2587 1137 At
2611 1083 2755 1138 enim
2796 1097 2864 1137 ne
2891 1064 3144 1146 vetieare;
3172 1096 3278 1136 non
3317 1081 3367 1135 id
3394 1090 3581 1135 censet

1989 1186 2150 1245 atque
2173 1174 2387 1229 sancit:
2423 1187 2591 1243 prope
2618 1183 2699 1229 est
2729 1173 2874 1228 enim
2903 1188 3112 1228 rursum
3143 1174 3211 1226 de
3236 1172 3582 1226 matrimonio

1992 1282 2191 1333 sermo,
2242 1275 2501 1322 terrorem
2548 1281 2668 1321 eum
2714 1266 2931 1320 solvens
2979 1265 3062 1320 his
3096 1265 3314 1320 verbis:
3349 1263 3498 1331 Quod
3538 1263 3586 1318 si

1992 1359 2199 1413 duxeris
2223 1396 2238 1421 ,
2285 1374 2389 1412 non
2418 1357 2634 1427 peccasti
2665 1355 2824 1427 (Ibid.
2849 1373 2897 1411 υ.
2926 1355 3042 1428 9.8).
3090 1357 3159 1410 At
3181 1370 3280 1410 nec
3313 1355 3422 1426 jam
3448 1369 3580 1408 con-

1993 1452 2145 1518 cide;
2177 1466 2299 1506 uam
2326 1451 2519 1506 iterum
2553 1458 2609 1505 te
2636 1450 2703 1504 ad
2734 1450 3091 1521 virginitatem
3120 1449 3302 1503 trahit.
3332 1450 3507 1518 Atque
3530 1447 3582 1502 id

1994 1551 2077 1601 est
2100 1542 2242 1613 quod
2268 1543 2403 1611 vult,
2433 1541 2657 1609 docens,
2684 1541 2776 1611 qui
2817 1540 3217 1596 matrimonium
3259 1539 3462 1605 ineant,
3489 1553 3586 1593 eos

1996 1635 2215 1691 multam
2261 1633 2313 1688 in
2359 1648 2522 1688 carne
2562 1632 2960 1688 tribulationem
3002 1631 3288 1687 sustinere.
3326 1630 3397 1685 Ut
3442 1630 3584 1684 enim

1995 1728 2180 1798 optimi
2211 1727 2405 1798 quique
2436 1726 2625 1782 medici
2654 1735 2709 1781 ct
2730 1725 2945 1796 benigni
2964 1740 3208 1779 amarum
3226 1724 3586 1779 medicamen-

2000 1831 2109 1875 tum
2140 1828 2231 1874 aut
2270 1819 2566 1875 sectionem
2610 1827 2702 1873 aut
2737 1818 3112 1873 ustulationem
3150 1825 3243 1872 aut
3280 1817 3454 1871 simile
3487 1818 3586 1869 ali.

1997 1913 2124 1983 quid
2169 1911 2482 1978 adhibituri,
2526 1926 2631 1966 non
2677 1910 2929 1967 continuo
2962 1920 3129 1965 totum
3172 1919 3451 1981 peragunt,
3493 1912 3588 1965 scd

1999 2005 2122 2059 data
2153 2004 2365 2060 interim
2390 2017 2533 2075 :rgro
2564 2004 2936 2073 rCSpimtionc,
2970 2003 3042 2057 ita
3064 2016 3279 2072 semper
3299 2002 3442 2071 quod
3461 2002 3588 2056 reli—

1999 2111 2163 2166 quum
2198 2103 2282 2150 est
2319 2094 2590 2149 adducunt
2614 2113 2627 2149 :
2654 2094 2722 2149 ad
2761 2094 3011 2150 eumdem
3055 2094 3272 2149 modum
3313 2102 3367 2149 et
3400 2093 3591 2148 beatus

2003 2186 2200 2241 Paulus
2226 2185 2544 2256 virginitatis
2581 2185 2863 2240 consilium
2890 2198 2999 2238 non
3038 2184 3157 2240 sine
3197 2182 3591 2240 intermissione

2001 2286 2055 2332 ct
2079 2284 2335 2347 perpetuo
2361 2291 2426 2332 ac
2452 2285 2841 2346 consequenter
2867 2274 3153 2346 pertexuit,
3185 2274 3279 2330 scd
3306 2275 3373 2331 de
3410 2275 3593 2329 matria

2003 2370 2187 2426 monio
2226 2371 2510 2426 sententiis
2553 2370 2605 2424 id
2634 2369 2848 2425 assidue
2876 2370 3290 2438 interrumpens,
3333 2377 3493 2439 atque
3522 2368 3594 2423 ita

2004 2460 2262 2516 molestia:
2307 2459 2448 2517 illius
2475 2475 2693 2517 sensum
2729 2459 2988 2528 eripiens,
3018 2459 3268 2515 blandam
3307 2473 3373 2513 ac
3399 2459 3594 2528 plausi—

2004 2552 2168 2607 bilem
2197 2553 2496 2608 orationem
2532 2550 2789 2607 reddidit.
2818 2551 2901 2607 0b
2940 2551 2991 2606 id
3022 2551 3183 2622 igitur
3208 2552 3349 2607 varia
3376 2561 3595 2607 senten-

2005 2646 2199 2701 tiarum
2240 2645 2393 2714 quasi
2424 2645 2661 2700 miscella
2703 2644 2840 2700 facta
2881 2652 2984 2700 est.
3014 2644 3122 2700 Sed
3158 2659 3336 2715 opera:
3363 2644 3596 2714 pretium

2008 2754 2168 2810 porro
2189 2748 2271 2794 est
2288 2739 2399 2808 ipsa
2417 2739 2578 2795 etiam
2597 2738 2756 2794 verba
2777 2738 3048 2808 indagare.
3066 2738 3321 2809 Alligatus
3342 2755 3395 2792 es
3415 2739 3599 2793 uxori!

2009 2833 2198 2903 inquit,
2232 2833 2337 2887 noli
2364 2847 2588 2902 quwrere
2622 2832 2942 2887 solutionem.
2983 2831 3100 2890 Hoc
3126 2846 3235 2887 non
3276 2843 3385 2885 tam
3412 2846 3598 2887 consu~

2007 2927 2168 2981 lentis
2208 2935 2315 2993 est,
2354 2940 2519 2995 quam
2564 2925 2764 2980 vinculi
2810 2925 3151 2980 tenacitatem
3192 2939 3256 2979 ac
3288 2924 3599 2980 ﬁrmitatem

2008 3018 2448 3074 demonstrantis.
2485 3017 2844 3084 Quamobrem
2892 3026 3203 3072 autemnon
3241 3016 3398 3083 dixit,
3426 3015 3602 3073 Habes

2011 3107 2272 3164 uxorem?
2303 3125 2371 3164 ne
2398 3124 2517 3163 eam
2544 3108 2762 3174 desere;
2803 3123 2926 3163 cum
2968 3108 3055 3162 illa
3094 3107 3412 3178 conjunctus
3439 3108 3595 3174 vivis,

2014 3217 2083 3258 ne
2108 3200 2345 3267 discede,
2390 3199 2483 3255 scd
2513 3199 2785 3254 vinculum
2828 3198 3133 3270 conjugium
3163 3199 3415 3255 vocavit?
3440 3200 3603 3253 nimi-

2011 3310 2131 3349 rum
2160 3302 2217 3350 ut
2239 3294 2316 3349 rei
2343 3293 2686 3348 acerbitatem
2710 3291 2796 3347 hic
2821 3290 3150 3346 ostenderet.
3171 3290 3435 3359 Quoniam
3458 3291 3603 3345 enim

2013 3386 2082 3441 ad
2120 3385 2519 3441 matrimonium
2559 3400 2660 3440 ceu
2703 3385 2770 3439 ad
2810 3384 3019 3439 facilius
3056 3384 3214 3454 vulgo
3255 3393 3604 3448 concurrunt,

2016 3479 2273 3549 conjuges
2297 3478 2534 3533 declarat
2562 3476 2695 3531 nihil
2720 3492 2749 3530 a
2775 3477 2968 3531 vinctis
2992 3474 3244 3543 dilferre;
3277 3491 3398 3530 nam
3426 3485 3482 3531 et
3520 3476 3608 3531 hic

2015 3586 2349 3644 quocumque
2381 3571 2518 3627 alter
2545 3572 2738 3636 trahat,
2762 3570 2915 3625 alteri
2940 3569 3274 3640 sequendum
3313 3578 3417 3635 est,
3440 3579 3531 3623 aut
3560 3570 3609 3624 si

2017 3678 2248 3735 pugnam
2276 3672 2508 3728 moveat,
2540 3678 2661 3717 cum
2686 3677 2752 3717 eo
2783 3677 2883 3716 una
2914 3660 3270 3733 pereundum.
3291 3660 3430 3729 Quid
3457 3676 3605 3729 vero,

2018 3755 2209 3825 inquit,
2248 3754 2293 3810 si
2323 3757 2407 3808 vir
2440 3752 2736 3809 dissolutus
2777 3752 2849 3807 sit
2869 3793 2885 3818 ,
2934 3767 3034 3822 ego
3059 3752 3341 3807 continens
3364 3766 3486 3806 esse
3513 3766 3608 3807 ve-

2018 3850 2156 3905 lim?
2180 3848 2415 3905 Necesse
2457 3856 2561 3915 est,
2588 3858 2647 3903 ut
2676 3857 2730 3901 tu
2762 3848 2909 3902 illum
2946 3845 3224 3916 sequaris;
3268 3845 3321 3900 id
3367 3845 3513 3899 enim
3553 3855 3612 3900 ut

2018 3943 2105 3998 vel
2141 3943 2334 3999 nolens
2369 3941 2550 4006 facias,
2573 3939 2808 4010 jucunda
2848 3937 3173 3993 matrimonii
3204 3944 3396 3991 catena
3424 3935 3608 4002 trahit,

2021 4036 2089 4093 ad
2118 4050 2348 4107 eumque
2373 4034 2516 4105 cogit
2554 4028 2645 4103 qui
2668 4043 2846 4088 tecum
2872 4031 3026 4086 initio
3066 4030 3347 4085 devinctus
3373 4037 3456 4083 est
3485 4046 3498 4081 :
3526 4029 3612 4083 sin

2022 4130 2265 4186 obnitare
2291 4143 2354 4184 ac
2387 4138 2440 4182 te
2464 4127 2733 4197 sejungas,
2775 4133 2831 4180 et
2866 4133 2917 4179 te
2954 4123 3178 4179 vinculis
3206 4137 3313 4177 non
3340 4121 3610 4188 exsolves,

2023 4231 2078 4278 et
2105 4223 2157 4276 in
2181 4228 2479 4276 extremum
2508 4218 2824 4287 supplicium
2850 4214 3127 4284 conjicies.

2095 4313 2327 4371 XLVIII.
2360 4313 2491 4379 Qua:
2508 4310 2661 4365 invito
2681 4311 2787 4365 viro
2809 4308 3070 4363 continens
3087 4307 3170 4374 sit,
3190 4307 3447 4377 graviores
3461 4324 3616 4378 quam

2024 4408 2069 4463 is
2092 4406 2179 4476 qui
2221 4403 2470 4459 adulterat
2486 4418 2666 4472 pinnas
2690 4402 2959 4456 daturam.
2974 4430 3041 4440 —
3058 4398 3268 4456 Etenim
3290 4414 3414 4471 quae
3443 4398 3615 4454 invito

2026 4501 2143 4555 viro
2177 4497 2459 4554 continens
2494 4503 2617 4563 est,
2650 4508 2755 4549 non
2788 4491 2964 4549 solum
3001 4490 3343 4548 continentia
3378 4491 3617 4563 prmmiis

2028 4601 2215 4659 caret,
2244 4589 2341 4646 sed
2382 4588 2524 4642 illius
2557 4587 2718 4642 etiam
2749 4584 3066 4640 adulterium
3096 4583 3310 4653 gravius
3337 4596 3501 4654 quam
3530 4582 3619 4638 ille

2032 4683 2143 4739 luet
2167 4696 2232 4737 ac
2270 4680 2554 4752 pleetetur.
2582 4676 2718 4746 Quid
2747 4676 2858 4731 ita?
2883 4674 3036 4744 Quod
3061 4688 3184 4729 eum
3212 4672 3446 4744 legitimo
3473 4672 3617 4729 coitu

2032 4775 2359 4839 fraudatum,
2389 4775 2442 4828 in
2467 4772 2701 4826 lascivire
2730 4768 3038 4825 barathrum
3061 4766 3379 4823 deturbarit.
3409 4764 3543 4819 Nam
3571 4766 3616 4819 si

2032 4886 2099 4927 eo
2126 4869 2343 4926 nolente
2374 4881 2475 4922 nec
2505 4865 2784 4921 minimum
2825 4862 2876 4918 id
2916 4861 3094 4917 facere
3132 4859 3490 4932 permittitur,
3515 4872 3621 4927 qua

2033 4967 2184 5023 venia
2212 4964 2369 5035 digna
2395 4963 2466 5018 sit
2488 4977 2611 5032 quae
2632 4975 2755 5017 cum
2783 4958 2973 5012 solatio
3000 4956 3103 5011 hoc
3129 4962 3384 5025 perpetuo
3412 4952 3626 5022 privat?

2035 5058 2106 5113 Et
2126 5056 2276 5128 quid,
2309 5054 2500 5123 inquit,
2529 5067 2593 5109 ea
2619 5050 2938 5109 necessitate
2964 5062 3028 5102 ac
3055 5047 3267 5101 miseria
3290 5044 3479 5099 durius
3502 5057 3626 5113 pos-

2035 5149 2106 5205 sit
2131 5145 2411 5204 accidere?
2433 5144 2504 5199 Et
2524 5156 2626 5213 ego
2648 5141 2788 5197 idem
2814 5139 3007 5195 sentio.
3039 5137 3147 5193 Cur
3170 5143 3222 5191 te
3248 5134 3552 5190 necessitati
3575 5133 3627 5188 ei

2037 5236 2296 5311 subjicis?
2322 5237 2597 5293 enimvero
2623 5248 2743 5290 eam
2771 5231 3030 5287 rationem
3058 5241 3163 5283 non
3192 5234 3352 5297 post,
3380 5224 3475 5281 sed
3503 5234 3631 5277 ante

2042 5330 2440 5387 matrimonium
2461 5327 2775 5383 subductam
2790 5322 3091 5393 oportebat.
3112 5319 3292 5390 Itaque
3311 5318 3471 5373 etiam
3492 5316 3630 5370 Pau-

2044 5424 2126 5479 lus
2154 5420 2423 5493 proposita
2456 5417 2671 5473 domum
2701 5414 2897 5469 vinculi
2922 5411 3241 5467 necessitate
3265 5450 3282 5475 ,
3314 5408 3381 5464 de
3405 5407 3629 5463 solutio-

2044 5529 2113 5570 ne
2135 5511 2554 5569 sermocinatur:
2574 5508 2625 5565 ei
2644 5506 2945 5572 sententia,
2969 5502 3221 5573 Alligatus
3239 5517 3293 5555 es
3312 5502 3459 5555 uxori
3478 5500 3504 5554 1'
3527 5497 3637 5553 noli

2043 5621 2266 5675 quatere
2284 5602 2606 5665 solutionem,
2624 5599 2770 5654 illam
2789 5597 3044 5664 subdens,
3064 5594 3278 5651 Solutus
3296 5611 3349 5649 es
3366 5594 3426 5647 ab
3446 5590 3639 5647 uxore?

2046 5714 2109 5752 ne
2134 5713 2301 5766 qutere
2329 5710 2558 5750 uxorem.
2588 5691 2644 5750 ld
2683 5700 2860 5745 autem
2888 5688 3044 5755 facit,
3076 5697 3135 5743 ut
3158 5696 3270 5743 tute
3301 5687 3447 5757 prius
3476 5699 3636 5738 aecu-

2049 5800 2161 5846 rate
2184 5795 2464 5861 perapecta
2484 5801 2545 5842 ac
2565 5782 2776 5856 cognita
2796 5780 3123 5838 matrimonii
3140 5779 3190 5835 vi
3216 5777 3419 5835 facilius
3441 5776 3509 5832 de
