4020 6420
364 361 459 416 5⁸71

361 482 529 539 libatu
556 480 851 538 orationem
880 476 1146 533 admittas.
1174 472 1322 542 Quod
1342 473 1383 527 si
1403 469 1613 531 duxisti,
1637 468 1824 538 inquit,
1852 483 1953 522 non

363 578 623 641 peccasti;
650 585 696 629 et
722 576 766 630 si
795 578 966 645 nupsit
989 572 1149 642 virgo,
1181 586 1281 624 non
1308 567 1548 641 peccavit.
1581 565 1659 621 En
1689 563 1863 634 magni
1895 563 1955 617 il-

365 669 468 723 lius
494 668 764 733 facinoris,
786 664 1108 721 matrimonii
1135 663 1356 727 scilicet,
1379 661 1601 725 exitum,
1624 666 1678 713 ut
1704 673 1809 712 non
1832 671 1955 712 reus

364 763 562 831 agaris,
593 774 698 813 non
726 768 781 812 ut
808 756 1145 812 admirationi
1179 752 1452 817 babearis;
1484 750 1536 805 id
1568 751 1708 805 enim
1739 759 1822 804 est
1851 750 1955 803 viro

362 850 599 924 ginitatis
628 866 643 906 :
669 857 923 905 eteterum
951 844 1163 915 conjugi
1194 844 1322 898 satis
1350 843 1420 896 sit
1442 840 1627 895 audire
1651 881 1666 903 ,
1698 855 1819 894 eum
1848 854 1953 892 non

365 957 635 1015 peccasse.
680 942 791 997 Cur
831 940 1026 1010 igitur,
1070 936 1277 1007 inquit,
1315 932 1548 988 hortaris
1587 946 1806 986 uxorem
1849 945 1953 984 non

364 1034 644 1103 quatrcre?
667 1030 820 1100 Quod
848 1029 1013 1085 semel
1041 1027 1287 1082 devineto
1307 1066 1321 1090 ,
1354 1023 1487 1081 solvi
1518 1023 1666 1077 nefas
1690 1023 1779 1088 sit,
1810 1020 1952 1091 quod

365 1128 420 1182 in
449 1142 514 1182 eo
550 1127 620 1180 sit
649 1127 833 1195 ingens
861 1121 1099 1176 miseria.
1126 1118 1360 1174 Hoceine
1398 1115 1570 1171 solum
1596 1155 1611 1182 ,
1637 1128 1822 1184 quaeso
1844 1153 1858 1178 ,
1888 1126 1955 1167 ex

363 1220 662 1291 virginitate
688 1223 924 1288 quaestus
950 1214 1159 1279 faciam,
1191 1220 1249 1266 ut
1273 1208 1518 1265 miserias
1544 1208 1640 1262 bas
1667 1204 1955 1276 eﬁ'ugiam?

364 1320 418 1368 ct
444 1312 561 1381 quis
585 1309 942 1379 virginitatem
967 1306 1148 1362 colere
1168 1302 1427 1358 sustineat
1449 1298 1647 1354 tantilla
1676 1295 1955 1351 mercede?

362 1404 484 1475 quis
511 1403 561 1456 in
587 1410 790 1458 tantum
811 1407 1086 1455 certamen
1112 1393 1438 1451 descendere
1458 1391 1694 1446 animum
1718 1388 1951 1455 inducat,

364 1501 634 1549 tantorum
661 1491 918 1546 sudorum
946 1491 1047 1543 hoc
1070 1487 1240 1543 solum
1267 1483 1543 1556 praemium
1570 1481 1865 1552 capturus?

436 1582 623 1639 XLIX.
664 1581 769 1637 Cur
805 1580 868 1635 ab
903 1579 1057 1650 hujus
1094 1578 1209 1633 vitta
1237 1574 1482 1647 jucundis
1516 1572 1585 1626 ad
1620 1571 1955 1642 virginitatem

364 1677 663 1747 instiget.——
677 1672 812 1742 Quid
829 1670 1000 1727 dicis?
1018 1685 1138 1728 cum
1158 1683 1242 1723 me
1265 1666 1334 1722 ad
1356 1680 1585 1737 pugnam
1606 1679 1728 1719 cum
1745 1663 1951 1718 dromo-

365 1771 522 1826 nibus
550 1781 825 1838 provocas.
857 1763 968 1819 Nec
994 1763 1127 1818 enim
1152 1760 1293 1817 nobis
1315 1760 1449 1815 lucta
1473 1768 1545 1815 est
1568 1759 1808 1813 adversus
1830 1772 1951 1810 san~

365 1862 564 1933 guinem
595 1869 642 1914 et
670 1873 871 1912 carnem
903 1855 922 1928 (
946 1855 1136 1926 Epiros.
1160 1855 1214 1909 6.
1240 1851 1310 1907 12
1329 1850 1349 1921 )
1370 1895 1385 1917 ,
1416 1867 1534 1907 cum
1558 1860 1760 1905 natura:
1788 1848 1952 1903 furori

362 1954 622 2008 obsistere
654 1951 849 2022 jubes,
879 1964 1001 2004 eum
1040 1961 1201 2003 carne
1235 1953 1291 2001 et
1326 1943 1584 2014 sanguine
1611 1942 1952 1998 constitutam

363 2024 697 2116 incorporeis
718 2041 1017 2097 Virtutibus
1041 2039 1188 2110 paria
1219 2044 1471 2108 praestare
1502 2034 1748 2099 hortaris,
1780 2042 1949 2088 terre-

361 2153 432 2194 na
461 2149 729 2192 memoras
756 2134 895 2190 bona
921 2173 935 2197 ,
962 2131 1204 2201 dicisque
1230 2144 1330 2184 nos
1359 2126 1680 2182 matrimonii
1712 2124 1954 2181 miserias

363 2244 471 2285 non
498 2226 736 2283 laturas?
760 2223 894 2279 Nam
925 2238 1021 2278 cur
1060 2237 1166 2276 non
1197 2220 1273 2275 sic
1300 2219 1375 2274 ait
1402 2236 1415 2273 :
1447 2217 1599 2287 Quod
1628 2217 1672 2272 si
1715 2216 1955 2286 nupserit

364 2323 533 2392 virgo,
564 2334 668 2375 non
699 2316 959 2388 peccavit,
987 2313 1081 2370 sed
1111 2310 1429 2383 virginitatis
1454 2310 1670 2366 coronis
1693 2323 1752 2364 se
1775 2308 1954 2379 priva-

368 2412 476 2478 vit,
504 2409 713 2481 magnis
746 2407 851 2463 illis
882 2415 936 2460 et
961 2404 1171 2460 arcanis
1199 2402 1400 2460 bonis?
1426 2401 1534 2458 Cur
1560 2416 1665 2456 non
1693 2400 1911 2471 prtemia
1933 2441 1951 2466 ,

364 2517 485 2572 quae
514 2509 636 2572 post
662 2508 933 2555 certamen
964 2512 1056 2552 eas
1082 2503 1353 2560 maneant,
1378 2493 1667 2560 recensuit,
1695 2501 1753 2547 ut
1777 2492 1829 2547 in
1858 2506 1954 2547 oc-

363 2609 577 2648 cursum
607 2591 868 2663 prodeant
886 2603 1105 2660 sponso,
1127 2596 1186 2642 ut
1208 2586 1513 2657 splendidas
1533 2586 1778 2642 lucernas
1804 2585 1956 2641 babi-

363 2694 498 2738 turze
523 2683 629 2737 sint
648 2722 663 2748 ,
691 2689 750 2735 ut
780 2693 987 2735 summa
1017 2693 1137 2733 cum
1166 2678 1331 2749 gloria
1361 2692 1425 2733 ac
1453 2676 1644 2731 ﬁducia
1673 2676 1871 2748 Regem
1901 2678 1951 2730 in

365 2776 654 2832 thalamum
680 2772 1004 2829 comitentur
1026 2812 1041 2837 ,
1068 2780 1125 2825 ut
1149 2771 1386 2824 omnium
1415 2770 1655 2840 proxime
1678 2769 1793 2838 ejus
1818 2769 1956 2824 solio

363 2878 418 2924 et
456 2867 618 2937 regiis
663 2866 793 2921 toris
834 2863 1159 2935 eﬁ‘ulgeant?
1200 2862 1306 2918 Sed
1349 2861 1418 2917 de
1454 2861 1539 2916 his
1578 2876 1647 2916 ne
1685 2860 1955 2917 levissime

363 2958 575 3029 quidem
604 2957 871 3024 meminit;
900 2956 1126 3026 vittaque
1151 2953 1486 3009 miseriarum
1508 2953 1822 3008 vacuitatem
1840 2967 1955 3007 sur-

363 3068 483 3109 sum
510 3052 868 3122 deorsumque
888 3050 1072 3121 jactat.
1098 3046 1348 3111 Arbitror,
1376 3046 1564 3116 inquit,
1585 3046 1642 3099 id
1664 3045 1848 3099 bonum
1871 3061 1954 3099 es-

362 3161 415 3206 se
443 3161 461 3199 :
492 3160 556 3200 ac
593 3143 770 3199 dicere
809 3143 1118 3213 negligens,
1169 3148 1387 3209 propter
1424 3138 1596 3192 futura
1637 3137 1809 3201 bona,
1839 3135 1951 3203 ait,

363 3239 583 3308 Propter
610 3238 879 3292 instantem
904 3235 1266 3290 necessitatem.
1294 3231 1496 3287 Deinde
1534 3245 1746 3285 rursum
1777 3244 1843 3284 eo
1867 3227 1953 3283 di-

362 3339 451 3385 cto
476 3370 490 3394 ,
525 3329 675 3394 Quod
699 3328 744 3382 si
772 3327 1001 3398 nupserit
1029 3326 1170 3397 virgo
1189 3367 1206 3392 ,
1236 3340 1337 3378 non
1367 3323 1586 3392 peccavit
1607 3365 1622 3389 ,
1649 3320 1954 3376 cu‘lcstibus

364 3422 619 3494 preemiis,
642 3420 833 3491 quibus
859 3434 917 3473 se
939 3418 1178 3487 privarit,
1202 3416 1418 3470 silentio
1439 3412 1744 3483 praeteritis,
1771 3410 1813 3466 Τ
1816 3411 1955 3465 ribu-

364 3516 624 3580 lationem,
653 3512 846 3581 inquit,
874 3513 1042 3564 carnis
1070 3508 1320 3563 habebunt
1346 3506 1659 3579 hujusmodi.
1689 3505 1872 3576 Neque
1901 3504 1953 3559 id

365 3610 623 3663 hactenus
648 3605 844 3669 solum,
877 3603 970 3659 sed
999 3602 1065 3657 ad
1098 3603 1257 3656 ﬁnem
1286 3615 1453 3669 usque
1484 3599 1611 3654 facit
1629 3639 1644 3663 ,
1672 3610 1725 3654 et
1754 3598 1953 3654 omissa

363 3699 482 3769 ejus
507 3714 536 3751 a
563 3696 752 3752 futuris
776 3695 933 3751 bonis
958 3691 1422 3749 commendatione
1444 3732 1458 3755 ,
1484 3690 1678 3746 iterum
1707 3691 1773 3744 ad
1804 3704 1954 3744 eam-

366 3791 484 3846 dem
526 3802 743 3845 causam
785 3785 1059 3857 confugit,
1093 3783 1313 3852 Tempus
1353 3783 1495 3837 breve
1527 3791 1638 3850 est,
1668 3782 1951 3852 inquiens;

366 3884 592 3955 ejusque
615 3882 755 3945 loco,
784 3878 920 3935 Volo
942 3892 1039 3933 vos
1066 3879 1117 3932 in
1142 3877 1277 3932 οωιο
1303 3875 1669 3946 reSplendere,
1697 3884 1750 3931 et
1775 3875 1955 3946 nuptis

367 3979 538 4034 multo
583 3975 897 4030 illustriores
939 3971 1161 4035 haberi,
1203 3984 1416 4025 rursum
1459 3969 1630 4025 haeret
1671 3968 1950 4039 inquiens,

373 4068 503 4124 Volo
523 4075 693 4121 autem
716 4081 801 4119 vos
824 4064 932 4119 sine
953 4061 1294 4117 sollicitudine
1316 4076 1441 4116 esse.
1462 4059 1649 4131 Neque
1676 4060 1727 4116 id
1756 4060 1844 4115 hic
1868 4074 1956 4114 so-

368 4157 475 4220 lum
506 4158 630 4213 facit
656 4199 672 4226 ,
702 4156 799 4214 sed
827 4155 988 4212 etiam
1019 4168 1126 4225 quo
1156 4154 1273 4210 loco
1307 4153 1355 4209 ei
1391 4152 1461 4208 de
1487 4152 1693 4223 injuriis
1720 4150 1956 4207 ferendis

367 4267 544 4309 sermo
572 4259 658 4307 est
676 4291 694 4317 ,
720 4248 962 4305 eamdem
990 4246 1199 4302 consilii
1224 4245 1365 4300 viam
1394 4244 1532 4300 iniit.
1565 4243 1694 4299 Nam
1721 4257 1845 4299 cum
1872 4242 1957 4298 di-

369 4345 536 4401 xisset
554 4383 569 4409 ,
602 4341 664 4397 Si
690 4342 842 4395 esurit
864 4338 1100 4394 inimicus
1124 4348 1240 4392 tuus
1259 4379 1275 4404 ,
1299 4336 1408 4391 ciba
1433 4337 1616 4404 illum;
1638 4337 1682 4391 si
1709 4337 1831 4403 sitit,
1861 4351 1957 4407 po-

374 4445 482 4491 tum
504 4437 572 4490 da
598 4434 675 4489 illi
695 4433 869 4505 (Rom.
895 4431 982 4486 η.
1010 4430 1103 4501 20)
1129 4429 1255 4501 :qui
1280 4444 1393 4485 rem
1420 4438 1619 4486 tantam
1646 4430 1955 4498 imperaret,

369 4536 662 4596 contraque
698 4531 902 4578 naturae
930 4521 1305 4577 necessitatem
1334 4520 1431 4576 niti
1467 4520 1679 4590 juberct
1698 4561 1714 4586 ,
1747 4534 1810 4575 ac
1835 4537 1956 4575 cum

370 4634 502 4690 rogo
551 4626 656 4671 tam
702 4612 1023 4671 intolerabili
1064 4611 1376 4678 decertare,
1406 4610 1497 4667 ubi
1545 4610 1612 4665 ad
1652 4611 1959 4667 mercedem

372 4721 590 4765 ventum
616 4715 700 4762 est
718 4747 733 4772 ,
760 4705 827 4759 de
852 4705 985 4758 carlo
1011 4717 1075 4759 ac
1098 4702 1402 4758 caelestibus
1427 4701 1722 4768 silentium;
1755 4711 1960 4757 tantum

370 4805 490 4873 ejus
518 4818 547 4856 a
578 4792 873 4873 qttolznsus
899 4798 974 4852 sis
994 4797 1191 4852 damno
1219 4795 1705 4851 remunerationem
1734 4793 1957 4850 deﬁnit:

376 4895 444 4951 Id
479 4894 611 4949 enim
649 4891 872 4964 faciens,
903 4887 1110 4959 inquit,
1143 4885 1381 4941 carbones
1408 4885 1541 4957 ignis
1581 4886 1636 4939 in
1661 4886 1772 4957 ejus
1808 4894 1960 4954 caput

374 4982 611 5049 congeris
649 4976 881 5050 (Ibid.).
911 4976 1049 5041 Quid
1080 4974 1248 5045 igitur
1276 4989 1341 5029 eo
1384 4973 1562 5029 solatii
1600 4988 1802 5044 genere
1832 4987 1965 5030 usus

374 5071 495 5127 est?
545 5069 662 5126 Non
725 5069 945 5125 inscitia
1005 5083 1181 5139 neque
1236 5066 1455 5138 ignarus
1508 5066 1962 5134 quemadmodum

376 5162 696 5218 alliciendos
730 5169 894 5230 atque
929 5157 1268 5214 inducendus
1303 5159 1376 5213 sit
1404 5156 1648 5222 auditor,
1687 5157 1779 5212 sed
1821 5157 1966 5227 quod

379 5253 614 5309 maxime
640 5253 885 5308 omnium
910 5251 1223 5306 mortalium
1247 5249 1351 5304 hac
1379 5250 1579 5304 virtute
1603 5250 1865 5319 pneditus
1890 5264 1972 5304 es-

380 5358 483 5408 set,
516 5343 905 5414 persuadendi,
942 5343 1187 5412 inquam.
1225 5340 1382 5397 Unde
1415 5343 1468 5397 id
1503 5341 1764 5412 apparet?
1799 5339 1878 5394 Ex
1904 5341 1973 5396 iis

381 5454 503 5504 qua:
519 5436 761 5492 disserit.
781 5434 909 5502 Qui,
923 5433 1296 5505 etquomodo?
1309 5433 1610 5489 Corinthiis
1627 5433 1974 5504 loquebatur;

385 5533 545 5605 prius
572 5531 716 5584 enim
735 5530 839 5583 hoc
850 5528 919 5584 de
933 5528 1247 5600 virginitate
1260 5523 1975 5597 expediemus;Corintbiis,

388 5624 637 5691 inquam,
657 5620 800 5690 apud
822 5635 964 5689 quos
986 5628 1259 5676 statuerat
1278 5618 1417 5674 nihil
1441 5619 1606 5683 scire,
1641 5618 1747 5673 nisi
1784 5614 1977 5673 Jesum

386 5710 705 5776 Christum,
726 5716 780 5764 et
809 5726 933 5766 eum
952 5711 1274 5766 cruciﬁxum
1304 5711 1380 5782 (l.
1408 5710 1532 5766 Cor.
1564 5709 1618 5763 ‘2.
1644 5708 1734 5780 2);
1761 5723 1899 5778 quos
1922 5715 1983 5763 ut.

396 5800 718 5881 spirituales.
741 5803 945 5883 alloqui
966 5819 1076 5861 non
1094 5812 1367 5883 potuerat,
1393 5814 1446 5862 et
1465 5803 1613 5883 quod
1634 5802 1886 5870 carnales
1903 5817 1987 5867 es;

1094 362 1151 416 s.
1190 357 1470 416 mmsis
1503 350 1979 414 cunvsosrout
2021 349 2345 411 ARCHIEP.
2386 309 2930 413 eousrsurmor.

3547 355 3657 414 5'72

2066 478 2187 525 sent
2225 467 2398 524 adhuc
2421 509 2436 535 ,
2486 471 2622 526 lacte
2660 471 2903 538 aluerat;
2944 469 3138 542 quibus
3176 470 3336 527 etiam
3375 486 3498 528 cum
3545 472 3663 529 hmo

2065 561 2344 625 scriberet,
2377 561 2489 615 huic
2520 562 2648 619 vitio
2669 562 2829 618 dabat
2852 602 2868 630 ,
2899 562 3004 618 Sed
3033 579 3096 635 ne
3119 580 3255 618 nunc
3282 564 3487 635 quidem
3514 575 3657 635 pote-

2063 654 2189 718 stis;
2214 653 2383 709 adltuc
2416 656 2549 709 enim
2575 656 2808 711 carnales
2843 658 2962 711 estis
2981 698 2996 724 ,
3028 664 3075 710 et
3097 656 3373 711 secundum
3403 657 3658 711 hominem

2063 745 2333 799 ambulatis
2366 744 2441 816 (l.
2475 746 2591 799 Cor.
2621 746 2674 800 5.
2703 744 2786 819 2).
2822 745 2943 801 Ideo
2967 760 2997 800 a
3023 747 3185 801 rebus
3215 747 3460 813 terrenis,
3493 760 3659 818 aspe-

2061 836 2341 892 ctabilibus
2361 852 2425 893 ac
2446 837 2788 894 sensibilibus
2805 881 2819 905 ,
2842 854 2937 895 eos
2957 848 3009 896 et
3029 839 3095 894 ad
3121 840 3477 910 virginitatem
3500 841 3658 896 insti-

2060 938 2172 1000 gat,
2199 939 2253 985 et
2280 944 2311 985 a
2341 931 2682 987 matrimonio
2706 931 2923 987 abducit
2949 950 2964 987 τ
2986 932 3129 1004 quod
3160 934 3326 1003 probe
3351 934 3534 1000 sciret,
3556 934 3659 989 de-

2061 1020 2236 1092 iectos
2259 1032 2418 1092 atque
2444 1037 2644 1093 pronos
2667 1032 2718 1079 et
2746 1024 2799 1078 in
2827 1034 3022 1079 terram
3047 1024 3221 1081 adhuc
3241 1025 3522 1082 inclinatus
3549 1035 3662 1082 tero

2062 1116 2205 1169 renis
2249 1114 2409 1170 rebus
2455 1117 2623 1185 magis
2665 1116 2797 1172 cieri
2838 1131 2902 1191 ac
2940 1117 3136 1188 pellici.
3175 1117 3312 1186 Quid
3349 1128 3433 1175 est
3470 1119 3612 1177 enim
3635 1158 3651 1182 ,

2059 1221 2243 1279 qumso
2263 1249 2277 1273 ,
2308 1208 2449 1279 quod
2481 1209 2723 1266 homines
2747 1210 2962 1281 quidem
2987 1212 3170 1267 rustici
3200 1226 3264 1268 ac
3289 1212 3514 1285 pingues
3540 1224 3655 1270 tum

2067 1301 2244 1370 parvis
2269 1344 2285 1368 ,
2319 1313 2428 1356 tom
2460 1304 2665 1373 magnis
2695 1303 2747 1359 in
2774 1305 2934 1362 rebus
2971 1319 3161 1362 secure
3189 1306 3356 1361 Deum
3386 1315 3442 1363 et
3471 1308 3656 1378 jurant

2060 1403 2113 1448 et
2144 1394 2415 1464 pejerant;
2447 1396 2498 1451 in
2536 1398 2710 1467 capite
2749 1413 2876 1454 vero
2903 1399 3130 1455 ﬁliorum
3152 1400 3337 1472 jurare
3363 1418 3654 1473 numquam

2059 1486 2295 1542 animum
2316 1488 2605 1544 inducant?
2624 1504 2852 1561 cumque
2873 1500 2925 1547 et
2948 1492 3240 1563 perjurium
3261 1502 3316 1549 et
3330 1496 3653 1566 supplicium

2060 1578 2161 1636 hoc
2186 1580 2315 1637 illud
2341 1582 2498 1654 longe
2524 1584 2737 1655 gravius
2762 1584 2833 1641 sit
2857 1625 2873 1653 ,
2908 1595 3085 1641 tamen
3129 1585 3231 1643 hoc
3257 1602 3415 1658 quam
3444 1588 3539 1644 illo
3559 1589 3654 1660 jn-

2057 1673 2344 1744 rejurando
2384 1676 2554 1747 magis
2591 1678 2948 1734 continentur.
2979 1680 3138 1750 Atqui
3177 1680 3243 1735 ad
3273 1696 3540 1752 pauperes
3561 1683 3656 1753 ju-

2059 1764 2266 1818 vandos
2293 1780 2399 1820 non
2430 1765 2653 1836 perinde
2681 1768 3019 1825 sermonibus
3043 1769 3111 1825 de
3139 1786 3304 1841 regno
3330 1774 3654 1836 excitantur.

2058 1855 2158 1910 etsi
2205 1854 2517 1926 frequenter
2558 1856 2805 1926 audiant,
2851 1869 3009 1929 atque
3049 1874 3147 1931 spe
3189 1863 3546 1934 consequendi
3597 1865 3654 1921 in

2059 1949 2310 2019 praesenti
2336 1949 2443 2003 vita
2469 1948 2570 2004 sibi
2591 1958 2681 2004 aut
2700 1950 2886 2007 liberis
2910 1950 3055 2008 boni.
3080 1951 3260 2024 Itaque
3282 1962 3391 2009 tum
3418 1956 3655 2013 maxime

2065 2042 2119 2096 in
2159 2041 2245 2096 his
2283 2041 2603 2112 adiumentis
2642 2044 2908 2100 ambitiosi
2952 2044 3115 2112 ﬁunt,
3157 2046 3248 2102 ubi
3290 2062 3356 2102 ex
3398 2046 3657 2104 diuturno

2059 2132 2249 2187 morbo
2287 2133 2689 2200 convaluerint,
2730 2134 2820 2190 ubi
2865 2136 3160 2205 periculum
3206 2136 3526 2209 eﬁ‘ugerint,
3558 2140 3654 2197 ubi

2059 2223 2426 2293 magistratum
2465 2224 2695 2294 aliquem
2718 2234 2771 2280 et
2806 2224 3090 2295 imperium
3120 2227 3260 2281 nacti
3291 2227 3431 2295 sint;
3460 2229 3653 2300 plane-

2058 2328 2163 2384 que
2187 2314 2355 2369 multo
2384 2315 2561 2384 plures
2585 2315 2682 2383 iis,
2714 2330 2833 2385 qua:
2860 2325 2986 2371 ante
3011 2316 3177 2387 pedes
3200 2318 3341 2385 sint,
3372 2321 3540 2391 magis
3566 2321 3655 2381 in-

2058 2404 2211 2458 citari
2234 2403 2626 2475 deprehendas.
2654 2405 2780 2461 Hazc
2804 2421 3035 2476 namque
3057 2417 3114 2463 et
3139 2408 3192 2464 in
3218 2409 3467 2466 secundis
3486 2411 3655 2469 vehe—

2058 2498 2292 2555 mentius
2318 2499 2663 2556 exsdmulant
2686 2540 2702 2566 ,
2729 2509 2784 2557 et
2822 2502 2875 2556 in
2913 2501 3153 2558 adversis
3190 2510 3396 2559 terrent
3432 2505 3609 2561 acrius
3632 2546 3663 2577 π

2057 2590 2200 2661 quod
2229 2589 2420 2645 borum
2450 2605 2664 2647 sensum
2698 2592 3131 2664 propinquiorem
3178 2594 3428 2649 habeant.
3472 2596 3656 2663 Quare

2058 2691 2113 2737 et
2139 2696 2260 2738 eum
2290 2681 2587 2738 Corinthiis
2614 2683 2692 2739 sic
2720 2683 3010 2748 disseruit,
3045 2694 3099 2739 et
3131 2684 3403 2741 Romanos
3431 2701 3460 2740 a
3490 2688 3657 2743 rebus

2058 2773 2413 2845 praesentibus
2455 2774 2522 2829 ad
2565 2774 2773 2845 injuria:
2811 2775 3119 2846 patientiam
3158 2777 3415 2832 exercuit.
3457 2778 3657 2837 Anima

2058 2866 2201 2923 enim
2240 2864 2453 2921 inﬁrma
2492 2866 2735 2922 lacessita
2760 2909 2775 2933 ,
2807 2882 2913 2921 non
2945 2879 3051 2923 tam
3083 2865 3236 2924 facile
3262 2870 3354 2923 irae
3385 2886 3652 2927 venenum

2057 2958 2303 3025 remittit,
2331 2959 2376 3013 si
2403 2958 2470 3014 de
2499 2974 2663 3029 regno
2688 2960 2886 3025 audiat,
2914 2969 3072 3032 atque
3104 2962 3154 3016 in
3182 2976 3328 3034 spem
3355 2949 3533 3019 ven'iat
3561 2983 3652 3020 re-

2057 3060 2259 3105 motam
2286 3093 2301 3118 ,
2332 3066 2488 3121 quam
2527 3052 2571 3105 si
2608 3051 2723 3121 ejus
2759 3052 2847 3122 qui
2877 3053 3121 3123 injuriam
3158 3054 3366 3110 dederit
3398 3056 3651 3113 ultionem

2058 3151 2350 3214 exspectet.
2379 3142 2559 3214 Itaque
2579 3145 2763 3199 volens
2782 3145 3090 3214 injuriarum
3117 3148 3498 3203 recordationis
3519 3150 3657 3204 radi-

2057 3250 2173 3291 cem
2201 3236 2529 3302 eonvellere,
2561 3245 2721 3307 atque
2750 3237 2879 3290 iram
2903 3253 3156 3294 amovere
3175 3282 3189 3307 ,
3218 3240 3358 3311 quod
3383 3240 3658 3297 efﬁcacius

2060 3334 2178 3382 erat
2202 3327 2269 3381 ad
2296 3341 2418 3382 eum
2444 3326 2534 3397 qui
2559 3327 2720 3382 laesus
2742 3337 2885 3383 esset
2909 3329 3188 3385 solandum
3217 3330 3436 3402 profert,
3465 3349 3568 3387 non
3597 3345 3657 3388 ut

2060 3432 2182 3473 eum
2222 3418 2470 3488 repositis
2508 3418 2562 3472 in
2595 3417 2772 3473 futuro
2810 3429 3050 3490 tempore
3091 3422 3322 3490 praemiis
3362 3423 3657 3495 fraudaret,

2058 3508 2152 3563 sed
2179 3518 2238 3563 ut
2266 3524 2478 3580 quoque
2516 3509 2677 3565 modo
2707 3510 2761 3566 in
2802 3510 3157 3581 philosophia:
3196 3514 3333 3570 viam
3372 3515 3659 3574 induceret

2059 3609 2218 3671 atque
2258 3601 2324 3657 ad
2367 3602 2859 3659 reconciliationem
2900 3605 3093 3660 ostium
3134 3608 3384 3677 aperiret.
3426 3609 3561 3667 Nam
3600 3611 3654 3664 in

2063 3690 2211 3746 omni
2243 3692 2495 3762 prmclara
2530 3693 2799 3749 iunctione
2837 3694 3043 3749 initium
3078 3693 3254 3752 facere
3281 3697 3659 3761 difﬁcillimum

2058 3793 2176 3852 est;
2210 3794 2330 3855 post
2369 3785 2667 3856 ingressum
2705 3801 2768 3842 ea
2809 3803 2913 3842 non
2957 3803 3109 3859 mque
3147 3799 3229 3845 est
3268 3790 3553 3847 laboriosa.
3583 3796 3661 3851 At

2059 3890 2167 3931 non
2213 3876 2468 3930 Dominus
2508 3886 2692 3932 noster
2726 3875 2881 3932 Jesus
2914 3878 3160 3934 Christus
3199 3879 3339 3935 idem
3377 3880 3521 3948 facit,
3556 3899 3658 3940 nec

2059 3982 2180 4022 eum
2210 3966 2280 4022 de
2308 3966 2613 4037 virginitate
2637 4008 2652 4034 ,
2687 3983 2785 4024 nec
2817 3983 2938 4023 cum
2969 3969 3037 4025 tle
3074 3970 3285 4041 injuriis
3310 3971 3544 4028 ferendis
3559 3971 3664 4027 dls-

2060 4066 2241 4130 putat;
2282 4060 2376 4116 sed
2403 4060 2510 4115 illic
2526 4061 2741 4116 caeleste
2764 4076 2982 4132 regnum
3025 4064 3306 4133 proponit:
3332 4064 3465 4120 Sunt
3485 4066 3654 4135 enim,

2061 4151 2270 4220 inquit,
2299 4154 2548 4216 eunuchi,
2575 4153 2663 4224 qui
2703 4152 2894 4225 seipsos
2930 4165 3135 4226 propter
3169 4174 3377 4228 regnum
3415 4159 3659 4213 ccelorum

2060 4252 2349 4298 castrarunt
2374 4244 2393 4314 (
2421 4243 2609 4298 Matth.
2642 4243 2730 4299 l9.
2763 4244 2830 4298 12
2855 4241 2875 4316 )
2902 4263 2915 4298 :
2941 4260 3062 4300 cum
3101 4262 3230 4309 vero
3273 4263 3370 4317 pro
3410 4248 3660 4312 hostibus

2061 4338 2267 4407 precari
2297 4346 2479 4393 monet
2505 4379 2520 4406 ,
2554 4352 2654 4392 nec
2687 4337 2992 4393 detrimenti
3024 4336 3210 4394 eorum
3241 4341 3330 4411 qui
3371 4341 3610 4397 lmserint
3636 4384 3654 4411 ,

2061 4444 2163 4486 nec
2196 4429 2473 4500 igneorum
2501 4428 2795 4483 carbonum
2827 4429 3106 4496 meminit,
3135 4430 3231 4486 sed
3260 4446 3323 4484 ea
3349 4431 3526 4486 omnia
3554 4448 3659 4503 pu-

2061 4519 2343 4576 sillanimis
2370 4532 2435 4574 ac
2480 4519 2691 4576 miseris
2715 4518 2937 4576 dicenda
2969 4521 3205 4586 mittens,
3232 4521 3347 4591 ipse
3371 4538 3465 4579 eos
3490 4523 3661 4593 majo-

2063 4611 2211 4666 ribus
2253 4610 2488 4681 praamiis
2527 4611 2736 4668 invitat.
2760 4611 3145 4677 'Quibusnam?
3176 4612 3243 4668 Ut
3280 4614 3470 4670 similes
3506 4616 3658 4681 sitis,

2063 4701 2257 4772 inquit,
2291 4700 2464 4756 Patris
2488 4703 2636 4757 vestri
2659 4703 2747 4775 qui
2768 4703 2823 4757 in
2848 4704 2984 4757 cadis
3006 4713 3079 4758 est
3108 4704 3320 4777 (Matth.
3344 4706 3391 4761 5.
3426 4706 3539 4776 45).
3565 4706 3663 4762 Vi—

2064 4792 2133 4847 de
2158 4802 2413 4863 quantum
2450 4793 2760 4862 prazmium;
2795 4808 2917 4847 nam
2950 4793 3219 4850 auditores
3249 4805 3399 4850 erant
3429 4795 3618 4852 Petrus
3639 4837 3658 4865 ,

2063 4883 2314 4952 Jacobus,
2341 4883 2596 4950 Joannes,
2624 4894 2924 4955 emteraque
2952 4886 3314 4954 apostolorum
3345 4886 3495 4942 turba
3523 4904 3535 4941 :
3560 4888 3664 4944 ita-

2065 4991 2170 5046 que
2209 4992 2302 5031 eos
2341 4976 2671 5047 spiritalibus
2709 4977 2946 5047 pranniis
2988 4979 3171 5032 allicit.
3204 4980 3379 5049 Atque
3424 4980 3562 5036 idem
3606 4992 3662 5039 et

2066 5066 2260 5122 Paulus
2282 5065 2513 5132 fecisset,
2529 5066 2571 5121 si
2585 5081 2705 5120 cum
2719 5066 2980 5136 ejusmodi
2999 5077 3274 5124 tractasset
3294 5087 3307 5124 :
3325 5070 3419 5125 sed
3436 5073 3523 5141 qui
3537 5087 3660 5127 cum

2065 5158 2355 5213 Corinthiis
2380 5168 2592 5230 ageret,
2623 5158 2797 5214 adhuc
2825 5159 3009 5215 rudius
3033 5160 3236 5217 affectis
3256 5204 3271 5228 ,
3294 5163 3406 5231 jam
3434 5165 3556 5219 inde
3583 5167 3665 5220 eis

2067 5249 2308 5305 laborum
2359 5249 2590 5305 fructum
2642 5252 2931 5321 proponit,
2976 5266 3084 5323 quo
3130 5255 3342 5310 virtutis
3391 5257 3663 5324 negotium

2065 5339 2378 5405 promptius
2402 5338 2624 5389 inirent.
2649 5336 2838 5407 Neque
2865 5339 3027 5392 aliam
3047 5340 3118 5394 ob
3140 5356 3366 5397 causam
3396 5345 3538 5399 Deus
3568 5344 3670 5400 Ju-

2067 5425 2201 5482 daais
2224 5427 2407 5496 (Deut.
2432 5426 2546 5498 28),
2570 5429 2776 5485 omissa
2803 5430 3038 5485 czelestis
3067 5434 3219 5503 regni
3237 5434 3665 5504 pollicitatione,

2066 5532 2288 5582 terrena
2308 5518 2877 5590 bonalargiebatur,et
2891 5538 2989 5592 pro
3008 5525 3316 5582 sceleribus
3333 5542 3442 5581 non
3463 5530 3669 5597 gehen-

2063 5625 2222 5675 nam,
2255 5612 2353 5668 sed
2397 5613 2496 5667 aevi
2544 5613 2708 5682 hujus
2742 5616 3108 5678 calamitates.
3159 5628 3398 5688 pestem,
3429 5620 3626 5676 famem
3648 5664 3665 5688 ,

2065 5702 2312 5772 morbos,
2342 5703 2511 5769 bella,
2547 5705 2825 5771 exsilium,
2857 5706 3182 5778 reliquaque
3207 5709 3409 5764 similia
3436 5714 3663 5767 commi-

2065 5795 2318 5864 nabatur,
2352 5796 2438 5853 bis
2465 5796 2613 5853 enim
2644 5798 2984 5861 carnalioros
3009 5800 3186 5874 magis
3209 5802 3572 5866 continentur
3601 5820 3668 5869 ac
