4020 6384
230 357 294 411 πε
1584 363 1676 419 DE
1713 360 2182 420 VlRGlNl’l‘ATE.

216 466 647 536 portet-refinxit;
680 471 757 526 de
787 471 849 527 iis
875 487 999 528 vero
1025 488 1143 543 qua:
1172 482 1443 544 aspectum
1473 474 1706 546 fugiant,
1739 491 1840 531 nec

228 568 413 630 praesto
442 561 584 628 sint,
612 564 804 618 minus
829 575 1111 634 anguntur.
1134 564 1310 633 Quare
1332 566 1527 622 Paulus
1551 566 1602 621 in
1637 566 1701 621 iis
1725 582 1841 621 ma-

230 654 303 721 gis
321 652 495 709 haeret
513 696 530 720 ,
557 669 688 725 qua:
712 671 898 711 eorum
924 656 1220 712 tarditatem
1245 658 1577 729 potissimum
1601 656 1841 714 ferirent.

243 746 502 800 Praeterea
535 747 675 801 illud
705 764 917 818 quoque
942 749 1226 805 ostendere
1249 750 1495 818 volebat,
1527 760 1841 806 caeterarinn

238 838 491 892 \irtututu
525 838 795 910 quasdam
826 840 911 894 hic
941 855 1037 896 nos
1068 841 1249 897 multis
1277 842 1546 898 laboribus
1567 856 1841 912 exercere,

239 943 289 984 et
317 930 560 986 fructum
595 948 813 987 omnem
845 934 895 988 in
922 933 1154 991 futurum
1185 943 1394 1006 tempus
1421 934 1656 993 condere
1686 952 1700 991 :
1730 935 1841 989 vir-

240 1025 516 1095 ginitatem
550 1037 706 1094 vero‘,
735 1026 894 1083 etiam
920 1027 1050 1084 dum
1083 1027 1295 1095 colitur,
1326 1043 1431 1083 non
1469 1028 1644 1084 levem
1679 1028 1837 1085 nobis

242 1118 741 1187 compensationem
772 1118 1015 1185 reddere,
1039 1134 1157 1190 quae
1182 1134 1283 1175 nos
1309 1126 1388 1175 tot
1407 1120 1660 1175 aerumnis
1683 1127 1845 1187 atque

243 1211 383 1266 curis
410 1210 629 1266 liberet.
661 1212 835 1281 Atque
865 1212 1083 1282 insuper
1106 1219 1163 1267 et
1187 1212 1400 1268 tertium
1425 1211 1679 1283 quiddam
1702 1228 1841 1282 pra:-

243 1302 401 1357 stitit.
431 1302 740 1371 Quidnam?
770 1303 847 1359 Ne
883 1321 970 1360 res
1001 1305 1346 1374 impossibilis
1374 1304 1685 1361 crederetur
1704 1347 1720 1373 ,
1750 1305 1845 1359 sed

244 1393 328 1447 vel
357 1392 412 1447 in
444 1393 637 1463 primis
666 1392 855 1448 facilis.
886 1393 941 1449 1d
968 1403 1145 1451 autem
1171 1394 1353 1462 efficit,
1383 1395 1558 1451 inesse
1584 1395 1636 1450 in
1663 1396 1849 1450 matri-

244 1484 429 1539 monio
473 1485 595 1555 plus
635 1484 1000 1541 dflieultatum
1047 1486 1202 1543 facile
1242 1486 1656 1553 demonstrans;
1696 1488 1847 1558 quasi

243 1576 456 1632 diceret
499 1596 512 1633 :
550 1577 877 1634 IErumnosa
920 1579 1016 1634 tibi
1060 1594 1124 1635 ac
1164 1579 1430 1636 laboriosa
1474 1594 1562 1636 res
1602 1580 1844 1636 videtur!

244 1667 503 1738 equidem
538 1683 664 1724 vero
692 1680 973 1741 propterea
1003 1670 1427 1744 persequendam
1453 1686 1670 1736 censeo,
1703 1670 1847 1742 quod

243 1762 386 1816 adeo
416 1762 553 1817 levis
579 1763 664 1827 sit,
698 1774 754 1817 ut
782 1765 1114 1834 negotiorum
1145 1766 1312 1821 multo
1341 1765 1517 1819 minus
1539 1780 1699 1834 quam
1730 1779 1847 1819 ma~

247 1853 566 1907 trimonium
595 1854 848 1924 praebeat.
878 1855 1008 1909 Nam
1039 1870 1159 1911 cum
1192 1855 1344 1911 Vobis
1372 1871 1612 1928 paream,
1640 1856 1847 1926 inquit,

246 1960 353 2000 nec
374 1945 537 2000 velim
562 1946 803 2002 miserias
823 1946 1048 2014 habere,
1073 1957 1315 2018 optarem
1337 1964 1433 2005 vos
1452 1949 1851 2005 matrimonium

246 2053 359 2092 non
390 2041 733 2096 contrahere.
758 2040 928 2107 Quam
956 2041 1266 2095 miseriam?
1286 2041 1429 2096 dicat
1455 2040 1681 2096 fortasse
1707 2041 1853 2110 quis-

246 2132 433 2199 piam;
466 2132 578 2186 imo
610 2145 739 2186 vero
778 2131 1032 2202 grandem
1073 2132 1486 2189 oblectationem
1526 2148 1592 2189 ac
1632 2132 1851 2190 delicias

246 2222 454 2277 habere
485 2221 839 2279 inveniemus.
873 2225 1046 2294 Atque
1085 2225 1136 2278 in
1178 2224 1363 2295 primis
1391 2239 1598 2279 summa
1628 2239 1748 2279 cum
1783 2223 1850 2279 li-

246 2316 429 2372 centia
453 2316 799 2386 cupiditatem
827 2318 1063 2388 explere,
1094 2334 1193 2373 nec
1218 2319 1333 2390 cogi
1365 2327 1567 2373 naturte
1594 2318 1851 2388 impetum

248 2409 399 2464 ferre
441 2424 549 2464 non
580 2410 858 2464 minimum
887 2410 1013 2467 facit
1040 2411 1107 2466 ad
1146 2411 1451 2467 facilitatem
1484 2429 1497 2465 :
1528 2410 1853 2483 insuperqnc

249 2500 461 2571 reliqua
491 2502 666 2556 omnis
692 2501 796 2556 vita
822 2518 854 2556 a
884 2518 1117 2560 maerore
1141 2518 1204 2559 ac
1228 2504 1475 2574 squalore
1503 2503 1691 2572 libera,
1718 2503 1855 2560 hila-

249 2594 432 2649 ritatis
457 2636 474 2661 ,
512 2595 683 2661 risus,
726 2596 902 2666 gaudii
942 2598 1097 2666 plena
1130 2605 1237 2652 est.
1272 2597 1487 2652 Etenim
1522 2605 1577 2652 et
1613 2598 1849 2668 opiparis

251 2689 483 2753 mensis,
503 2697 555 2742 et
575 2688 814 2743 delicatis
828 2689 1083 2756 vestibus,
1102 2700 1154 2745 et
1177 2689 1323 2745 molli
1348 2698 1486 2758 toro,
1506 2698 1562 2746 et
1582 2690 1853 2761 perpetuis

251 2777 467 2833 balneis
495 2820 510 2842 ,
541 2788 597 2835 et
624 2780 904 2851 unguentis
924 2822 940 2847 ,
970 2789 1025 2836 et
1056 2782 1180 2836 vino
1209 2791 1480 2852 unguento
1508 2782 1674 2838 nihilo
1698 2782 1850 2839 dete-

253 2867 410 2933 riori,
435 2868 644 2938 aliaque
668 2870 831 2925 multa
852 2884 913 2926 ac
933 2871 1078 2926 varia
1104 2871 1344 2942 impensa
1364 2886 1559 2944 corpus
1578 2880 1854 2944 curantes,

254 2962 382 3016 inde
411 2976 652 3018 summas
676 2964 725 3019 ei
749 2963 969 3019 delicias
997 2974 1331 3037 comparant.

328 3052 393 3106 L.
429 3052 638 3107 Deficiat
662 3054 871 3124 perinde
893 3056 943 3108 in
975 3052 1139 3110 Veteri
1162 3065 1313 3127 atque
1332 3056 1384 3111 in
1408 3054 1559 3111 Nova
1580 3055 1716 3129 Lege
1737 3072 1855 3127 prae

257 3145 452 3199 hibitw.
481 3175 547 3184 —
570 3146 641 3201 At
666 3162 798 3202 vero
828 3162 998 3218 neque
1025 3147 1140 3202 hzec
1165 3147 1347 3214 licent,
1374 3157 1430 3204 et
1456 3149 1854 3205 matrimonium

256 3237 432 3292 coitus
452 3237 626 3292 solum
651 3238 937 3302 licentiam,
960 3254 1068 3295 non
1090 3242 1248 3295 etiam
1270 3239 1582 3295 deliciarum
1604 3250 1857 3311 praestare

258 3328 399 3383 solet
428 3344 443 3385 :
480 3329 530 3383 id
559 3330 744 3384 beatus
777 3330 971 3385 Paulus
1000 3340 1225 3387 testatur
1255 3332 1337 3387 his
1363 3332 1541 3387 verbis
1559 3374 1573 3399 ,
1611 3333 1738 3400 Qua!
1764 3348 1858 3385 au-

261 3433 361 3477 tem
382 3423 433 3476 in
456 3422 650 3477 deliciis
669 3432 762 3489 est,
787 3425 953 3479 vivens
973 3434 1171 3480 mortua
1197 3434 1271 3479 est
1291 3426 1366 3495 (ι.
1394 3424 1528 3478 Tim.
1552 3426 1604 3480 5.
1624 3424 1701 3496 6).
1725 3425 1856 3492 Qua:

260 3515 305 3569 si
332 3514 401 3570 de
429 3514 606 3569 viduis
629 3513 819 3571 effatus
841 3526 942 3581 est,
972 3517 1093 3571 audi
1121 3516 1247 3587 quid
1271 3516 1340 3572 de
1364 3517 1543 3586 nuptis
1566 3516 1748 3571 itidem
1774 3515 1855 3570 di-

263 3615 350 3661 cat
382 3623 397 3659 :
431 3606 675 3660 Mulieres
704 3606 876 3661 habitu
902 3607 1125 3663 modesto
1149 3649 1165 3673 ,
1187 3624 1301 3663 cum
1327 3608 1465 3662 omni
1493 3608 1791 3661 verecundia
1810 3616 1857 3661 et

265 3696 531 3751 sobrietate
552 3707 790 3752 amantes
809 3714 882 3763 se,
911 3715 1013 3753 non
1039 3698 1304 3761 cincinnis,
1328 3708 1414 3752 aut
1437 3714 1584 3765 auro,
1608 3708 1697 3752 aut
1722 3714 1859 3752 mar-

266 3789 461 3859 garitis,
482 3798 570 3842 aut
593 3797 885 3856 sumptuoso
910 3792 1105 3854 vestitu,
1134 3789 1222 3844 sed
1249 3801 1299 3844 ut
1330 3790 1545 3859 feminas
1574 3792 1731 3853 decet,
1754 3790 1860 3860 pie-

268 3891 418 3935 tatem
449 3891 583 3935 recte
610 3881 760 3953 factis
788 3883 1079 3952 proﬁtentes
1100 3883 1178 3951 (l.
1206 3879 1338 3935 Tim.
1369 3881 1422 3936 2.
1452 3882 1506 3937 9.
1530 3881 1642 3949 l0).
1673 3880 1861 3951 Neque

227 3994 240 4007 ·
269 3971 355 4028 hic
380 3973 580 4040 solum,
608 3973 702 4028 sed
733 3973 860 4028 alibi
891 3988 1100 4044 quoque
1132 3974 1182 4028 in
1211 3988 1275 4028 eo
1302 3973 1454 4028 valde
1484 3973 1734 4042 frequens
1757 3982 1860 4040 est,

268 4063 399 4117 nihil
418 4064 577 4132 plane
593 4064 779 4118 harum
800 4079 977 4118 rerum
993 4079 1315 4134 magnopere
1336 4064 1689 4133 expetendum
1710 4065 1864 4120 nobis

268 4170 412 4213 esse.
441 4156 512 4210 Et
556 4155 682 4226 quid
724 4155 946 4211 Paulum
987 4156 1108 4213 dico
1148 4156 1207 4210 ‘?
1238 4156 1324 4226 qui
1365 4172 1485 4212 cum
1530 4165 1583 4212 et
1639 4172 1865 4212 summa:

270 4248 628 4304 accurationis
668 4258 875 4318 tempus
911 4252 1083 4316 esset,
1113 4260 1167 4304 et
1193 4250 1379 4319 ingens
1408 4249 1625 4319 spiritus
1648 4251 1816 4321 gratia
1842 4290 1859 4317 ,

271 4342 387 4395 lucc
426 4341 659 4397 dicebat.
689 4342 857 4398 Amos
895 4342 1057 4409 enim,
1086 4343 1174 4413 qui
1213 4342 1441 4399 infantes
1473 4343 1688 4400 Judmos
1726 4344 1863 4399 allo-

271 4432 539 4503 quebatnr
558 4475 573 4501 ,
602 4450 703 4505 qua
732 4442 1045 4505 tempestate
1068 4434 1293 4502 deliciae,
1326 4435 1479 4490 luxus
1498 4478 1513 4503 ,
1545 4435 1829 4506 omniaque
1848 4477 1864 4503 ,

270 4537 329 4580 ut
360 4530 439 4581 sic
470 4526 641 4582 dicam
666 4569 683 4592 ,
712 4542 1107 4598 supervacanea
1144 4531 1402 4599 permissa
1442 4537 1596 4583 erant
1618 4570 1632 4592 ,
1660 4530 1779 4584 audi
1812 4538 1868 4585 ut

272 4618 487 4674 deliciis
512 4618 750 4674 addictos
778 4620 921 4675 serio
949 4630 1125 4692 tangat
1152 4639 1166 4677 :
1207 4620 1292 4675 Vae
1320 4623 1405 4692 qui
1429 4622 1496 4675 ad
1518 4622 1652 4677 diem
1677 4622 1869 4677 malum

270 4713 562 4781 conﬂuunt,
590 4712 674 4781 qui
703 4712 837 4782 falsa
863 4712 1067 4767 sabbata
1096 4714 1413 4783 frequentant
1440 4724 1589 4782 atque
1616 4724 1866 4780 tractant;

273 4801 364 4869 qui
390 4801 442 4854 in
472 4800 610 4855 lectis
633 4801 873 4856 cubantes
898 4803 1146 4870 eburneis,
1169 4803 1493 4858 luxuriantur
1519 4804 1573 4857 in
1597 4803 1701 4857 suis
1727 4802 1869 4857 cubi-

274 4895 434 4959 libus,
467 4905 514 4949 et
542 4895 748 4950 acilium
779 4897 948 4949 Ita'dos
968 4937 984 4964 ,
1014 4907 1060 4952 et
1087 4914 1148 4953 ex
1173 4898 1336 4953 medio
1366 4895 1607 4953 bovilium
1635 4897 1872 4954 lactentes

274 4988 465 5041 vitulos
505 4988 809 5053 comedunt;
833 4990 917 5054 qui
943 4989 1011 5043 ad
1036 5006 1341 5061 organorum
1369 5006 1550 5045 sonum
1578 4991 1829 5061 plaudunt
1853 5030 1870 5056 ,

277 5080 497 5151 fugitiva
526 5097 618 5147 pro
643 5082 787 5135 statis
815 5080 1072 5144 habentes,
1099 5082 1272 5136 vinum
1297 5081 1595 5152 defwcatum
1621 5082 1839 5137 bibentes
1856 5123 1873 5151 ,

275 5185 324 5228 et
357 5174 616 5243 primariis
645 5173 910 5245 unguentis
939 5173 1147 5228 delibuti
1174 5173 1349 5245 (Amos
1377 5173 1429 5227 6.
1459 5169 1596 5243 4-6).

357 5268 439 5321 LI.
481 5266 615 5320 Licet
646 5266 874 5323 deliciuri
915 5267 1216 5336 permissum
1255 5277 1416 5334 esset,
1463 5266 1775 5320 matrimonii
1800 5274 1870 5319 ta-

279 5376 398 5413 men
430 5360 686 5416 milestias
727 5360 851 5415 satis
878 5377 985 5414 esse
1013 5376 1127 5427 qua:
1173 5376 1283 5414 eam
1326 5359 1632 5430 voluptatem
1688 5359 1880 5413 castiu-

281 5463 534 5524 guant.——
552 5451 730 5522 Itaque
763 5451 904 5525 quod
932 5451 1172 5507 dicebam
1204 5451 1255 5505 in
1285 5450 1489 5522 primis,
1518 5464 1619 5505 nec
1641 5448 1879 5507 deliciari

349 5611 367 5642 ι
402 5618 582 5673 neg....
608 5609 751 5674 Nobis
770 5622 873 5659 esse
896 5621 920 5674 :_
941 5607 1176 5658 Habentes
1200 5607 1326 5657 enim
1342 5603 1534 5674 ,_inq_nit
1551 5640 1566 5664 ,
1590 5602 1816 5674 alimenta
1837 5607 1885 5673 et

284 5667 580 5737 tantumita,
607 5671 684 5721 his
710 5670 921 5737 contenti
942 5685 1123 5737 sumus.
1150 5680 1270 5720 Nam
1295 5667 1559 5737 quivolnnt
1581 5667 1753 5737 diritas
1766 5667 1886 5737 ﬁeri

286 5728 500 5802 incidunt
520 5728 926 5802 _tentutionem,
949 5740 994 5783 ct
1016 5728 1315 5792 inlaqueant
1335 5728 1541 5802 diaboli,
1567 5735 1612 5802 ft
1636 5728 1887 5802 desideria

283 5800 434 5855 nudta
456 5798 650 5849 inutilia
671 5805 718 5848 et
742 5796 926 5855 nativo,
950 5808 1059 5857 qua:
1082 5802 1302 5858 mergunt
1316 5792 1540 5858 Vltontines
1563 5792 1612 5841 in
1634 5792 1885 5858 interitum

288 5850 333 5921 Ls
352 5862 669 5928 perditionem
691 5862 767 5925 (ί.
792 5850 975 5911 tinet}:
993 5862 1044 5911 8.
1061 5860 1134 5921 tt).
1162 5850 1217 5909 Et
1239 5856 1357 5922 quid
1385 5854 1588 5913 Pindum
1609 5854 1718 5905 dico
1733 5850 1819 5903 1’...

3430 363 3535 417 574

1955 477 2106 531 licet.
2128 474 2267 543 Quin
2307 486 2366 529 ut
2391 473 2521 530 nihil
2553 474 2743 530 horum
2770 475 2992 531 vetitum
3023 484 3201 541 esset,
3234 474 3328 530 sed
3357 480 3539 529 omnia

1950 582 2227 632 concessa,
2257 576 2312 621 at
2337 577 2462 622 sunt
2484 565 2587 620 alia
2624 565 2690 620 ad
2739 566 3044 622 maestitiam
3076 581 3137 620 ac
3184 567 3423 620 dolorem
3454 568 3535 619 his

1952 659 2197 729 mqualia,
2229 657 2337 713 imo
2368 666 2515 712 tanto
2540 666 2593 712 et
2617 657 2766 727 plura
2792 666 2851 712 et
2875 659 3098 726 majora,
3117 667 3173 711 ut
3202 657 3413 712 illorum
3440 670 3542 710 nec

1954 755 2229 809 minimum
2260 754 2476 825 quidem
2511 769 2733 810 sensum
2762 754 3035 824 capiamus
3063 793 3081 819 ,
3125 751 3221 807 sed
3250 752 3425 807 omnis
3469 763 3536 803 ex

1953 846 2019 901 iis
2048 846 2292 915 voluptas
2317 844 2565 901 facessat.

2024 936 2132 992 ιιι.
2163 937 2421 1004 Quantum
2451 937 2641 990 malum
2670 936 2736 990 sit
2759 936 3032 1007 selotypia.
3060 964 3134 975 —
3160 933 3217 989 Si
3246 933 3388 988 enim
3415 932 3536 1002 quis

1953 1036 2142 1085 natura
2192 1029 2262 1085 sit
2308 1028 2376 1084 ad
2422 1028 2739 1099 zelotypiam
2785 1042 3081 1098 propensus
3110 1068 3125 1095 ,
3166 1035 3259 1081 aut
3286 1041 3352 1081 ex
3379 1039 3537 1078 causa

1952 1121 2062 1176 ulla
2093 1120 2314 1175 minime
2340 1134 2465 1175 vera
2492 1134 2558 1175 eo
2586 1120 2727 1174 malo
2747 1120 3070 1189 corripiatur
3100 1160 3116 1186 ,
3145 1117 3336 1188 ecquid
3358 1117 3536 1171 anima

1954 1210 2256 1281 bujusmodi
2284 1209 2640 1266 miserabilius
2664 1211 2773 1265 sit?
2812 1210 2869 1265 Si
2898 1210 3094 1264 bellum
3130 1218 3291 1279 atque
3335 1218 3543 1276 tempe-

1954 1312 2145 1361 Statem
2164 1318 2284 1359 cum
2301 1303 2385 1359 his
2398 1303 2602 1361 aedibus
2612 1311 3308 1372 coiiiparemus,accurstam
3322 1300 3544 1370 hujusce

1956 1397 2032 1454 rei
2054 1411 2448 1468 consequemur
2468 1398 2751 1468 imaginem
2781 1414 2794 1449 :
2818 1396 2994 1451 omnia
3018 1395 3264 1457 tristitiae,
3281 1394 3542 1462 suspicio-

1954 1491 2063 1559 nis,
2103 1491 2370 1556 rixarum,
2388 1489 2562 1546 turbae
2585 1489 2738 1558 plena
2767 1497 2908 1543 sunt.
2948 1487 3079 1542 Nam
3098 1487 3188 1558 qui
3216 1486 3313 1542 hac
3335 1486 3539 1540 insania

1954 1582 2093 1640 ictus
2104 1582 2248 1649 sit,ei
2260 1581 2429 1638 nihilo
2446 1582 2637 1637 melius
2652 1590 2916 1650 est,quam
2930 1579 3273 1634 dmmoniacis
3289 1587 3543 1633 aemente

1955 1674 2144 1744 captis:
2158 1674 2294 1730 adeo
2309 1672 2523 1729 assidue
2546 1671 2940 1739 exsilit,resilit,
2957 1672 3009 1726 in
3026 1686 3215 1726 omnes
3235 1669 3542 1725 stomachao

1957 1775 2046 1823 tur
2066 1767 2119 1822 in
2142 1775 2455 1835 praesentes,
2479 1780 2574 1820 seu
2600 1779 2809 1831 servus,
2836 1780 2931 1818 seu
2958 1771 3119 1817 natus
3142 1803 3156 1828 ,
3181 1777 3277 1818 seu
3305 1762 3545 1831 quisquis

1956 1862 2093 1918 alius
2116 1860 2204 1925 sit,
2229 1861 2574 1916 immerentes
2590 1858 2734 1925 licet,
2748 1857 3014 1912 irascitur.
3051 1855 3306 1925 Voluptas
3324 1868 3545 1924 prorsus

1957 1952 2449 2024 fugatur,mterore,
2471 1950 2636 2018 luctu,
2656 1949 2977 2004 insuavitate
2997 1948 3174 2002 omnia
3189 1946 3380 2002 referta
3395 1955 3540 1999 sunt:

1958 2060 2053 2103 seu
2075 2044 2220 2100 domi
2247 2051 2480 2106 maneat,
2511 2058 2605 2097 seu
2631 2042 2684 2096 in
2714 2041 2886 2097 forum
2913 2039 3168 2112 prodeat,
3198 2054 3292 2095 seu
3322 2039 3424 2093 iter
3449 2036 3544 2090 ad-

1957 2149 2146 2203 ornet,
2176 2136 2372 2207 ubique
2400 2135 2541 2190 malo
2568 2134 2798 2204 tangitur
2824 2173 2840 2198 ,
2885 2132 3120 2187 animum
3150 2130 3199 2186 ei
3228 2130 3419 2201 quovis
3444 2128 3544 2182 sti-

1958 2229 2104 2286 mulo
2131 2227 2309 2284 acrius
2332 2236 2601 2298 pungente
2621 2240 2685 2281 ac
2704 2232 2932 2280 vexante
2962 2266 2978 2291 ,
3025 2238 3125 2278 nec
3164 2223 3443 2294 quiescere
3467 2221 3544 2276 si-

1958 2326 2120 2377 nente
2144 2336 2157 2372 :
2184 2333 2355 2388 neque
2383 2318 2526 2373 enim
2558 2317 2643 2372 hic
2668 2316 2885 2372 morbus
2912 2314 3182 2369 tristitiam
3211 2312 3382 2367 solum
3405 2355 3419 2380 ,
3449 2313 3546 2367 sed

1961 2410 2127 2468 etiam
2157 2409 2546 2465 intolerabilem
2576 2406 2813 2462 furorem
2835 2420 3025 2477 parere
3046 2404 3201 2459 solet.
3234 2406 3412 2474 Atque
3434 2403 3548 2457 haec

1957 2504 2042 2559 vel
2063 2501 2267 2571 singula
2290 2501 2534 2557 satissint
2548 2516 2665 2570 quie
2679 2499 2780 2554 hoc
2800 2498 2989 2553 morbo
3005 2506 3215 2568 captum
3237 2496 3546 2552 conficiant:

1959 2594 2041 2652 sin
2084 2604 2261 2649 autem
2308 2592 2466 2648 simul
2523 2591 2804 2662 conjuncta
2846 2596 3200 2661 oppugnent,
3246 2603 3370 2644 eum
3407 2588 3545 2642 assi-

1959 2685 2063 2741 due
2088 2684 2377 2755 prementia
2403 2723 2417 2748 ,
2455 2698 2556 2738 nec
2592 2682 2868 2736 minimum
2913 2681 2963 2737 ei
3012 2680 3310 2751 respirandi
3340 2688 3551 2749 tempus

1963 2777 2243 2835 tribuentia
2269 2816 2285 2843 ,
2323 2790 2426 2846 qua
2455 2790 2562 2830 non
2592 2781 2764 2830 morte
2787 2773 2838 2827 id
2867 2772 3114 2828 acerbius
3142 2772 3248 2827 sit?
3293 2770 3427 2826 Nam
3456 2786 3550 2824 Seu

1958 2879 2255 2928 extremam
2280 2876 2573 2939 egestatem
2600 2908 2617 2935 ,
2644 2883 2741 2922 seu
2767 2865 3115 2921 insanabilem
3143 2864 3386 2919 morbum
3413 2905 3427 2926 ,
3454 2877 3548 2916 seu

1961 2962 2158 3031 ignem,
2180 2976 2276 3016 seu
2303 2959 2505 3015 ferrum
2533 2959 2797 3026 nomines,
2817 2957 2948 3012 nihil
2974 2973 3070 3026 par
3095 2956 3294 3010 dixeris
3325 2972 3339 3009 :
3372 2954 3423 3008 id
3449 2954 3551 3008 soli

1960 3053 2170 3123 experti
2195 3052 2360 3122 probe
2381 3053 2574 3105 sciunt.
2601 3049 2755 3104 Nulla
2778 3057 2861 3104 est
2880 3049 3023 3103 enim
3043 3047 3253 3103 dicendi
3278 3055 3419 3100 tanta
3448 3046 3550 3103 vis.

1961 3164 2080 3217 qua:
2128 3147 2249 3201 mali
2292 3145 2609 3216 gravitatem
2645 3151 3021 3211 consequatur.
3048 3140 3258 3194 Etenim
3284 3154 3408 3192 cum
3433 3152 3551 3191 om-

1962 3242 2108 3298 nium
2141 3240 2471 3295 carissimam
2504 3279 2519 3304 ,
2550 3244 2605 3292 et
2648 3251 2747 3305 pro
2791 3250 2896 3306 qua
2936 3234 3125 3288 lubens
3149 3231 3234 3286 vel
3263 3231 3420 3283 vitam
3452 3229 3550 3282 im-

1964 3333 2193 3405 pendat,
2238 3340 2538 3401 snspectam
2571 3328 2767 3384 habere
2802 3341 3015 3395 semper
3051 3324 3279 3394 cogitur,
3301 3320 3430 3392 quid
3475 3330 3557 3375 est

1964 3426 2183 3483 omnino
2211 3423 2353 3494 quod
2380 3422 2540 3478 solari
2579 3436 2703 3477 eum
2733 3418 2946 3490 possit?
2992 3417 3099 3472 Seu
3125 3431 3360 3484 namque
3398 3430 3538 3469 som-

1966 3536 2091 3574 num
2120 3518 2275 3584 inire,
2306 3532 2399 3571 seu
2426 3514 2603 3570 cibum
2628 3522 2918 3584 potumque
2943 3524 3136 3580 capere
3162 3522 3438 3563 necessum
3461 3506 3551 3569 sit,

1966 3625 2204 3667 mensam
2234 3608 2479 3663 letalibus
2503 3606 2725 3662 venenis
2759 3604 2937 3674 potius
2968 3617 3124 3673 quam
3149 3599 3337 3655 eduliis
3354 3597 3553 3652 instru-

1966 3711 2108 3757 ctam
2131 3700 2347 3756 credet:
2383 3698 2436 3753 in
2468 3699 2605 3754 lecto
2624 3712 2723 3751 nec
2743 3695 2828 3750 vel
2857 3703 3131 3749 momento
3160 3692 3433 3761 quiescet,
3461 3688 3555 3742 sed

1969 3804 2221 3864 tanquam
2252 3790 2509 3860 subjectis
2541 3788 2726 3860 prunis
2746 3785 2993 3842 :cstuabit
3019 3799 3082 3839 ac
3106 3782 3424 3853 jactabitur:
3456 3794 3554 3834 ne-

1968 3900 2073 3957 que
2097 3892 2189 3940 aut
2214 3883 2509 3937 amicorum
2538 3892 2878 3950 congressus,
2907 3883 3002 3930 aut
3030 3873 3364 3943 negotiorum
3403 3885 3553 3932 cura,

1968 3986 2063 4034 aut
2083 3976 2440 4048 periculorum
2459 3981 2649 4037 metus,
2675 3981 2765 4026 ant
2793 3971 2981 4040 ingens
3005 3968 3269 4036 voluptas,
3293 3973 3384 4017 aut
3408 3962 3554 4016 aliud

1969 4070 2255 4143 quidquam
2286 4067 2354 4122 ab
2378 4081 2444 4122 eo
2468 4076 2606 4120 mstu
2639 4062 2909 4117 hominem
2939 4058 3204 4115 abducere
3224 4062 3402 4126 potest
3422 4093 3439 4121 ,
3460 4051 3555 4108 sed

1970 4164 2203 4237 procella
2232 4161 2348 4216 haec
2381 4159 2627 4216 omnibus
2655 4165 2710 4212 et
2730 4153 2983 4225 jucundis
3010 4161 3064 4207 et
3098 4149 3338 4205 tristibus
3369 4156 3557 4218 poten-

1973 4261 2077 4317 tius
2116 4257 2354 4311 animum
2399 4251 2655 4323 possidet.
2705 4250 2828 4304 ΙΙωο
2868 4262 2989 4303 cum
3016 4243 3378 4317 perspexieset
3407 4242 3560 4295 Salo-

1972 4367 2121 4419 mon,
2149 4349 2361 4405 dicehat
2384 4364 2398 4401 ε
2427 4346 2599 4400 Durus
2619 4345 2746 4399 sicut
2771 4344 3000 4414 infernus
3028 4338 3164 4393 zelus
3184 4335 3354 4410 (Cant.
3383 4336 3434 4393 8.
3465 4332 3559 4404 6):

1973 4459 2027 4505 et
2052 4460 2283 4510 rursum,
2317 4441 2511 4497 Plenus
2540 4438 2674 4493 enim
2700 4437 2795 4491 zeli
2824 4436 2932 4506 ejus
2960 4433 3054 4487 viri
3075 4435 3241 4503 furor,
3267 4445 3367 4483 non
3394 4435 3564 4498 parcet

1974 4542 2028 4597 in
2039 4540 2120 4594 die
2125 4537 2336 4609 judicii,
2355 4551 2443 4589 nec
2468 4531 2808 4601 redemptione
2833 4527 2940 4581 ulla
2962 4523 3252 4580 inimicitias
3278 4527 3563 4590 componet,

1974 4652 2067 4690 nec
2092 4631 2369 4705 quantisvis
2407 4627 2553 4682 donis
2583 4624 2866 4695 placabitur
2885 4619 3068 4693 (Prov.
3096 4618 3148 4674 6.
3174 4619 3262 4673 '55.
3280 4617 3392 4687 55).
3418 4615 3465 4669 ls
3484 4621 3569 4671 est

1976 4730 2119 4784 enim
2147 4723 2317 4779 morbi
2336 4721 2495 4791 hujus
2527 4720 2693 4781 furor,
2724 4726 2781 4771 ut
2808 4730 2906 4769 nec
2925 4722 3140 4783 sumpto
3163 4710 3231 4765 de
3260 4724 3325 4765 eo
3352 4707 3445 4779 qni
3476 4707 3570 4761 lie-

1978 4820 2109 4877 serit
2136 4816 2422 4887 supplicio,
2452 4812 2694 4868 dolorem
2728 4809 2951 4863 missum
2979 4807 3154 4860 faciat.
3185 4804 3366 4873 Itaque
3393 4800 3566 4863 multi,

1977 4913 2222 4969 adultero
2247 4909 2460 4966 sublato
2492 4948 2507 4969 ,
2550 4906 2684 4959 iram
2723 4912 2883 4972 atque
2914 4914 3202 4955 nnerorem
3244 4896 3431 4951 tollere
3461 4907 3569 4946 non

1978 5011 2287 5077 potuerunt.
2315 5001 2450 5058 Sunt
2476 5008 2531 5056 et
2559 4998 2653 5069 qui
2677 4997 2829 5051 cazsis
2854 4994 2965 5048 suis
2986 4990 3301 5061 conjugibus
3325 5028 3340 5053 ,
3371 5000 3525 5055 aeque
3553 5026 3571 5051 ,

1982 5099 2090 5154 imo
2115 5096 2303 5165 magis,
2336 5108 2404 5150 eo
2427 5106 2558 5160 rogo
2584 5087 2899 5144 exarserint.
2930 5087 3008 5138 Ac
3034 5085 3113 5136 vir
3151 5079 3365 5150 quidem
3406 5078 3459 5133 in
3492 5077 3573 5130 his

1984 5190 2139 5247 malis
2162 5188 2342 5257 degit,
2397 5185 2557 5239 etiam
2604 5196 2730 5236 cum
2769 5178 2901 5233 nihil
2941 5190 3126 5231 verum
3170 5173 3258 5227 sit.
3306 5171 3572 5227 Caeterum

1987 5282 2183 5336 misera
2213 5279 2301 5333 illa
2329 5286 2387 5334 et
2407 5287 2708 5330 aerumnosa
2736 5270 2818 5325 vel
2836 5269 2950 5324 viro
2974 5265 3188 5338 gravius
3214 5262 3573 5319 excruciatum

1984 5374 2117 5430 Nam
2147 5389 2267 5427 cum
2294 5385 2417 5426 eum
2451 5409 2468 5433 ,
2499 5366 2589 5436 qui
2638 5376 2999 5421 mrumnarum
3044 5357 3280 5412 omnium
3328 5351 3576 5407 solatium

1988 5482 2109 5524 esse
2137 5465 2361 5528 debeat,
2417 5468 2472 5516 et
2507 5457 2648 5512 nmle
2672 5453 2984 5527 prmsidium
3014 5445 3434 5518 exspectamlnm
3463 5441 3528 5499 sit
3561 5483 3577 5507 ,

1989 5561 2212 5617 efferum
2242 5566 2402 5625 atque
2443 5552 2683 5606 omnium
2731 5550 2781 5602 in
2836 5564 2895 5600 se
2938 5541 3301 5597 inimicissime
3330 5537 3581 5593 affectum

1991 5653 2183 5716 cernit,
2224 5667 2331 5718 quo
2351 5650 2463 5716 jam
2493 5661 2550 5699 se
2575 5641 2783 5699 vertat?
2828 5639 2893 5692 ad
2913 5653 3071 5707 quem
3096 5631 3409 5701 confugiat?
3440 5628 3582 5684 unde

1992 5746 2253 5803 malorum
2282 5740 2543 5795 auxilium
2569 5745 2748 5806 petat,
2776 5742 2929 5802 porto
2957 5730 3005 5783 ei
3035 5734 3353 5797 pI'tESll'lltllt)
3371 5766 3386 5790 ,
3415 5735 3466 5777 et
3498 5721 3549 5777 iu
3568 5749 3582 5757 -

1996 5837 2416 5901 nutncrabilibus
2450 5831 2684 5905 scopulis
2712 5825 2947 5885 referto?
2991 5823 3126 5888 Tum
3155 5832 3209 5879 ct
3244 5819 3388 5879 servi
3412 5825 3458 5873 ει
3483 5828 3580 5874 auo
