4020 6444
408 379 515 453 575

409 512 546 566 cilia:
586 512 637 566 in
663 526 782 567 eam
824 511 939 567 viro
983 513 1481 568 contumeliosiores
1528 522 1671 568 sunt.
1718 511 1813 565 Est
1850 511 1992 566 enim

411 618 581 671 genus
606 604 707 657 hoc
737 603 1047 669 hominum,
1082 619 1200 657 cum
1228 603 1424 673 alioqui
1450 603 1802 673 suspiciosum
1831 610 1885 656 et
1913 603 1994 655 in-

413 705 622 762 gratum
652 736 667 759 ,
702 703 811 749 tum
843 695 1071 750 licentim
1098 697 1215 765 plus
1241 694 1378 750 nacti
1404 736 1418 760 ,
1448 695 1693 764 interque
1720 709 1779 749 se
1804 694 1994 748 advero

418 800 507 838 sos
550 784 709 839 heros
734 786 1123 856 cOnSpicientes
1147 826 1162 853 ,
1193 801 1262 840 ex
1301 800 1486 839 eorum
1526 784 1666 839 bello
1692 800 1798 838 non
1826 784 1998 839 levem

420 877 776 944 improbitatis
802 892 912 932 sua:
938 893 1122 932 ansam
1149 878 1382 947 capiunt.
1429 876 1562 932 Nam
1605 887 1715 931 tum
1744 877 1808 932 iis
1842 874 2001 946 quid—

418 965 709 1035 quidlubet
730 984 935 1022 sununa
951 968 1260 1037 impunitate
1282 969 1480 1040 fingere
1501 977 1660 1038 atque
1670 967 2000 1023 comminisci

425 1056 584 1121 licet,
627 1065 680 1112 et
708 1058 1065 1127 suSpicionem
1094 1059 1375 1113 calumniis
1404 1059 1521 1113 suis
1552 1058 2002 1113 confirmatiorem

424 1148 669 1203 reddere.
702 1149 922 1202 Animus
963 1151 1103 1204 enim
1144 1151 1315 1205 semel
1357 1148 1461 1205 hoc
1507 1149 1774 1219 pestilenti
1819 1151 2007 1204 morbo

425 1255 480 1293 υ(
493 1250 748 1310 cupatus,
800 1241 953 1296 facile
983 1253 1170 1298 cuncta
1195 1243 1367 1297 credit
1390 1284 1403 1308 ,
1429 1251 1481 1298 et
1508 1257 1637 1298 aure
1664 1242 1912 1297 omnibus
1940 1257 2007 1297 ex

425 1348 578 1403 a'quo
606 1344 786 1403 aperta
815 1376 830 1400 ,
864 1335 1223 1405 sycophantas
1255 1351 1285 1389 a
1316 1349 1417 1390 non
1444 1335 1786 1407 sycopltantis
1811 1335 2012 1390 discer-

426 1442 554 1481 nere
585 1443 687 1481 non
715 1430 962 1494 sustinet,
995 1429 1088 1482 sed
1122 1428 1155 1482 ii
1185 1429 1360 1500 potius
1385 1445 1507 1483 vera
1537 1428 1720 1483 dicere
1741 1429 2007 1495 videntur,

427 1519 516 1587 qui
562 1521 920 1591 suspicionem
965 1529 1180 1590 augent,
1211 1536 1371 1590 quam
1396 1520 1484 1590 qui
1513 1520 1698 1574 tollere
1722 1528 2008 1575 conantur.

434 1608 615 1678 Itaque
640 1608 843 1680 fugitivi
868 1611 965 1679 illi,
996 1626 1288 1681 eormnque
1317 1624 1534 1676 uxores,
1560 1609 1729 1664 nihilo
1757 1609 1932 1663 minus
1961 1608 2011 1663 ei

430 1715 589 1771 quam
618 1702 1017 1758 contubernalis
1047 1703 1264 1757 timendi
1287 1712 1338 1758 et
1361 1702 1612 1758 horrendi
1647 1712 1804 1769 sunt,
1832 1716 2014 1756 suum-

430 1809 532 1861 que
559 1792 661 1847 illis
689 1792 862 1848 locum
888 1792 1046 1848 cedat
1085 1794 1137 1848 in
1167 1794 1485 1864 illorumquc
1504 1793 1749 1849 ordinem
1781 1800 2016 1848 transeat

430 1894 658 1956 oportet.
685 1885 751 1940 Et
771 1886 983 1958 quando
1003 1887 1119 1942 sine
1139 1886 1392 1959 lacrytnis
1413 1901 1571 1956 agere
1601 1886 1836 1957 poterit?
1854 1901 2014 1957 quam

431 1974 687 2030 noctem?
717 1991 874 2046 quem
914 1975 1099 2031 diem?
1146 1977 1287 2044 quod
1344 1976 1580 2031 festum?
1626 1975 1841 2048 quando
1884 1976 2017 2031 citra

428 2067 683 2136 gemitum
709 2108 723 2135 ,
747 2068 1002 2137 ejulatum
1032 2109 1048 2136 ,
1094 2068 1361 2123 lamenta?
1390 2068 1544 2123 M'nze
1574 2110 1589 2137 ,
1633 2068 1970 2125 contumelia:
2000 2109 2017 2137 ,

434 2159 673 2213 convicia
756 2169 1013 2229 perpetuo
1062 2201 1078 2227 ,
1149 2169 1258 2215 tum
1333 2176 1364 2214 a
1433 2162 1548 2216 viro
1620 2170 1822 2219 temere
1893 2177 2019 2217 sau-

433 2250 519 2303 cio
546 2292 561 2315 ,
606 2258 717 2305 tmn
748 2251 814 2307 ab
842 2251 1064 2320 impuris
1110 2252 1322 2308 famulis
1353 2271 1367 2307 :
1397 2254 1653 2309 custodite
1694 2271 1815 2311 una:
1859 2265 2019 2326 atque

433 2341 619 2396 alterae
649 2359 662 2395 :
695 2343 873 2397 omnia
899 2346 1121 2399 terroris
1143 2359 1207 2400 ac
1235 2346 1602 2415 trepidationis
1629 2348 1804 2418 plena.
1836 2347 2023 2418 Neque

434 2434 579 2488 enim
607 2435 784 2490 exitus
822 2436 995 2491 solum
1025 2445 1080 2492 et
1111 2438 1382 2508 ingressus
1411 2479 1426 2503 ,
1459 2439 1554 2494 sed
1584 2448 1638 2495 et
1656 2440 1817 2496 verba
1848 2448 1904 2496 et
1927 2442 2025 2498 ob-

435 2534 582 2582 tutus
605 2536 657 2582 et
682 2528 910 2598 suspiria
936 2537 1188 2584 accurate
1226 2537 1387 2600 atque
1414 2532 1626 2586 curiose
1652 2531 2023 2601 explorantur,

436 2627 491 2671 et
515 2618 596 2672 vel
629 2619 774 2673 saxis
798 2618 1108 2689 rigidiorem
1149 2620 1364 2675 silentio
1391 2630 1581 2676 cuncta
1603 2621 1766 2689 ferre,
1808 2636 1873 2679 ac
1903 2622 2017 2676 tha-

440 2706 579 2765 lamo
603 2721 860 2780 perpetuo
883 2711 1096 2767 afﬁxam
1115 2728 1234 2768 esse
1257 2713 1433 2768 vincto
1458 2712 1646 2769 durius
1672 2729 1894 2770 necesse
1916 2722 2023 2783 est,

438 2802 522 2856 vel
553 2802 718 2872 loqui,
741 2802 1035 2873 suspirare,
1066 2804 1248 2874 egredi
1277 2804 1550 2861 volentem
1574 2847 1591 2875 ,
1622 2807 1860 2862 omnium
1891 2822 2025 2862 cau-

435 2909 551 2950 sam
581 2895 764 2952 dicere
788 2896 930 2965 apud
963 2906 1248 2967 corruptos
1283 2912 1378 2953 eos
1403 2898 1611 2968 iudices
1636 2940 1652 2965 ,
1686 2898 1913 2953 famulas
1939 2899 2025 2953 in-

437 3002 595 3055 quam
621 2996 675 3041 et
701 3002 977 3043 servorum
1009 2989 1240 3043 turbam.
1271 2989 1465 3060 Igitur,
1498 2991 1542 3045 si
1570 2991 1759 3061 placet,
1788 3007 1910 3047 cum
1942 2990 2027 3047 his

438 3079 592 3134 malis
617 3086 674 3133 et
697 3094 828 3148 opes
871 3080 1111 3150 ingentes
1144 3090 1199 3137 ct
1236 3079 1548 3151 splendidas
1594 3096 1805 3138 mensas
1828 3094 1883 3138 et
1908 3099 2026 3139 ser-

438 3182 626 3223 vorum
654 3185 868 3240 gregem
894 3212 909 3236 ,
954 3171 1169 3242 generis
1215 3172 1558 3243 splendorem
1586 3214 1600 3239 ,
1631 3175 1882 3244 potentiae
1910 3190 2030 3231 ma-

438 3263 770 3332 gnitudinem
796 3306 810 3330 ,
839 3264 1063 3336 gloriam
1086 3280 1385 3334 summam,
1432 3266 1695 3338 majorum
1727 3269 2025 3325 claritatem

438 3353 656 3422 confer;
684 3370 871 3411 eorum
900 3373 1019 3428 qua:
1045 3359 1207 3413 vitam
1235 3359 1372 3414 hanc
1412 3360 1593 3416 studio
1618 3360 2027 3417 desiderabilem

440 3447 677 3503 efficiant
702 3449 833 3502 nihil
863 3450 1235 3519 prmtermitte,
1261 3450 1355 3507 sed
1385 3453 1565 3506 omnia
1593 3452 1875 3522 diligenter
1903 3452 2022 3509 col-

442 3539 574 3594 lecta
605 3540 775 3594 dolori
823 3540 944 3595 huic
968 3554 1181 3611 oppone
1216 3558 1230 3595 :
1263 3557 1394 3598 sane
1431 3542 1758 3613 voluptatem
1804 3560 1923 3614 qua:
1961 3559 2029 3601 ex

441 3632 508 3687 iis
529 3641 711 3687 manat
733 3648 833 3688 nec
862 3641 1209 3704 apparentem
1242 3634 1458 3705 quidem
1483 3650 1673 3691 cernes
1697 3676 1714 3702 ,
1766 3645 1925 3708 atque
1956 3636 2027 3692 ita

442 3723 806 3795 profligatam,
836 3734 894 3780 ut
919 3725 1151 3781 scintilla
1184 3726 1237 3780 in
1262 3735 1470 3782 vastum
1499 3742 1683 3798 aequor
1710 3727 1899 3797 illapsa
1929 3744 2028 3782 ex-

442 3814 747 3884 stinguitur.
787 3816 852 3870 Et
878 3816 992 3872 lucc
1020 3815 1235 3887 quidem
1258 3818 1344 3871 ubi
1373 3819 1454 3872 vir
1480 3819 1743 3890 zelotypia
1769 3819 1926 3874 fuerit
1945 3819 2030 3874 af-

450 3906 641 3963 fectus.
679 3908 771 3963 Sin
798 3908 865 3964 ad
888 3924 1114 3966 uxorem
1148 3911 1413 3981 aagritudo
1437 3927 1500 3968 ea
1528 3912 1784 3983 pervadat
1813 3912 1833 3986 (
1857 3930 2030 3985 neque

440 4000 585 4055 enim
617 4001 668 4056 id
694 4017 815 4058 raro
839 4004 1055 4059 evenire
1081 4004 1261 4076 solet)
1289 4046 1304 4071 ,
1332 4020 1451 4060 cum
1478 4006 1570 4060 illo
1589 4021 1748 4078 quam
1780 4023 1900 4062 cum
1931 4008 2032 4064 hac

445 4091 638 4147 melius
679 4103 901 4164 agetur:
949 4094 1044 4150 sed
1074 4096 1126 4150 in
1157 4096 1294 4152 hanc
1326 4098 1574 4154 miseram
1607 4116 1819 4157 rursum
1862 4102 2033 4170 major

441 4184 685 4239 dolorum
712 4200 836 4256 pars
864 4187 1185 4244 redundabit
1209 4207 1224 4245 :
1253 4204 1428 4262 neque
1450 4191 1595 4246 enim
1628 4193 1706 4248 fas
1735 4202 1817 4248 est
1839 4194 2030 4250 iisdem

443 4276 609 4333 armis
639 4277 691 4331 in
718 4289 1022 4349 suspectum
1049 4282 1144 4335 uti.
1195 4281 1325 4337 Nam
1370 4284 1489 4354 quis
1533 4300 1754 4341 uxorem
1786 4285 1921 4342 ferat
1947 4288 2034 4357 ju-

445 4368 657 4425 bentem
686 4371 830 4426 domi
856 4373 1070 4428 assidue
1104 4375 1363 4430 manere?
1398 4377 1516 4447 quis
1547 4392 1579 4433 e
1627 4379 1797 4433 servis
1843 4379 2030 4435 herum

445 4464 730 4520 observare
764 4465 942 4531 ausit,
973 4468 1098 4536 quin
1130 4469 1384 4523 continuo
1436 4469 1502 4523 ad
1555 4469 1861 4525 barathrum
1892 4473 2034 4527 abri-

448 4555 657 4624 piatur?
690 4554 868 4625 Itaque
892 4572 992 4613 nec
1022 4556 1106 4614 his
1136 4559 1579 4616 machinamentis
1616 4563 1776 4617 solari
1816 4578 1875 4618 se
1913 4579 2038 4634 pos-

447 4647 536 4710 sit,
566 4662 665 4704 nec
691 4648 823 4703 iram
862 4649 1043 4704 verbis
1086 4650 1310 4707 efferre:
1358 4652 1453 4706 sed
1489 4652 1574 4706 vir
1609 4653 1782 4708 semel
1808 4654 2034 4710 fortasse

451 4740 747 4809 iterumque
809 4740 1202 4810 vitilitigantem
1274 4741 1549 4811 patietur;
1607 4744 1692 4798 sin
1758 4744 2035 4800 criminari

450 4830 722 4899 persistat,
749 4831 927 4886 statim
957 4831 1190 4898 docebit,
1213 4842 1470 4902 praestare
1485 4848 1549 4889 ea
1576 4834 1789 4890 silentio
1812 4834 1952 4891 ferre
1972 4850 2037 4892 ac

451 4925 747 4981 tabescere.
786 4926 959 4995 Atque
985 4924 1100 4980 haac
1128 4926 1344 4995 quidem
1394 4926 1440 4981 si
1488 4926 1725 4997 suspicio
1753 4927 1842 4982 sit.
1866 4928 2037 4984 Porro

448 5020 492 5075 si
522 5021 721 5075 malum
764 5019 863 5074 huc
888 5036 1073 5075 verum
1104 5020 1174 5075 sit
1200 5062 1215 5088 ,
1264 5021 1376 5091 jam
1411 5035 1633 5075 uxorem
1680 5035 1888 5077 nemoe
1914 5020 2031 5077 lmsi

459 5117 703 5171 manibus
742 5115 934 5186 eripiat
962 5157 977 5181 ,
1010 5116 1135 5185 quin
1168 5114 1312 5185 leges
1350 5115 1674 5185 opitulantes
1705 5126 1891 5170 nactus
1915 5131 2037 5170 om-

452 5210 595 5262 nium
627 5208 725 5262 sibi
747 5208 1078 5262 carissimam
1116 5207 1166 5261 in
1186 5206 1443 5277 judicium
1471 5206 1752 5262 adductain
1787 5207 2033 5263 trucidet:

458 5311 711 5356 caeterum
732 5300 816 5355 vir
842 5300 1016 5371 legum
1046 5315 1233 5370 poenas
1259 5300 1476 5371 effugit,
1506 5301 1720 5356 sublimi
1748 5316 1812 5355 ac
1840 5301 2037 5356 divina:

452 5394 731 5449 sententia:
757 5384 1020 5449 servatus.
1058 5395 1254 5449 Verum
1288 5393 1339 5448 id
1364 5392 1431 5448 ad
1463 5393 1677 5449 misera:
1709 5394 2037 5449 consolatio-

455 5505 574 5542 nem
590 5505 692 5545 non
717 5488 1046 5555 sufﬁcit;sed
1075 5504 1296 5546 necesse
1324 5499 1406 5545 est
1428 5489 1637 5560 longam
1665 5489 1947 5560 quamdam
1978 5504 2042 5544 ac

457 5581 815 5636 miserandam
846 5591 1072 5637 mortem
1095 5583 1276 5638 subire
1295 5624 1310 5649 ,
1340 5597 1436 5652 per
1458 5583 1849 5637 incantamenta
1881 5591 2040 5652 atque

460 5673 709 5728 veneficia
729 5716 745 5740 ,
776 5691 894 5744 qua:
918 5675 1177 5730 adultera:
1205 5674 1457 5729 mulieres
1484 5684 1783 5745 praeparant
1808 5690 1821 5726 :
1852 5674 2041 5742 plora:-

459 5780 561 5833 qae
583 5765 743 5817 cliam
774 5778 875 5819 nec
901 5763 1106 5819 insidiis
1132 5766 1184 5820 in
1220 5780 1315 5821 eas
1338 5779 1469 5835 quas
1497 5765 1762 5820 lacessant
1783 5778 1920 5834 Opus
1947 5763 2042 5817 ha-

462 5859 806 5928 buerunt,scd
828 5859 931 5915 illa:
945 5860 1192 5917 mmroris
1207 5860 1545 5919 vehementia
1564 5860 1716 5933 prius
1735 5859 2037 5929 exstinctaz,

1107 398 1166 456 S.
1205 398 1481 456 JOANNIS
1518 395 1991 455 CllllYSOSTOMl
2033 396 2348 453 ARCHIEP.
2392 397 2928 454 CONSTANTlNOP.

3577 396 3687 453 576

2102 512 2242 580 ipsas
2271 520 2671 580 pr.everterunt.
2724 511 2796 567 ita
2831 520 2887 565 ut
2912 512 3250 581 quantumvis
3276 513 3374 567 viri
3400 528 3587 568 omnes
3615 514 3685 568 ad

2102 602 2498 656 matrimonium
2521 601 2872 669 conﬂuerent,
2900 602 3111 657 feminis
3142 603 3192 657 id
3237 618 3344 659 non
3385 604 3458 659 sit
3500 618 3691 675 perse-

2103 694 2394 765 quendum.
2421 694 2556 749 Nam
2585 710 2685 750 nec
2714 696 2889 752 inesse
2922 696 2973 751 in
3018 711 3075 751 se
3101 706 3301 752 tantam
3331 696 3567 753 libidinis
3586 698 3696 752 im—

2107 787 2395 857 potentiam
2424 796 2647 856 possunt
2670 787 2850 842 dicere
2872 828 2888 855 ,
2936 797 2991 842 et
3011 788 3259 844 dolorum
3284 789 3374 859 qui
3404 805 3469 844 ex
3496 804 3563 845 eo
3589 789 3698 843 im-

2109 876 2373 947 pendeant
2398 876 2519 946 plus
2547 877 2762 946 capiunt
2792 894 2805 930 :
2833 878 2976 947 quod
3007 877 3221 949 quidem
3239 878 3347 949 jam
3375 887 3458 934 est
3484 894 3513 932 a
3537 878 3698 934 nobis

2107 967 2549 1023 demonstratum.
2570 969 2705 1037 Quid
2724 969 2898 1041 igitttr,
2926 970 3131 1040 inquit,
3153 969 3205 1025 id
3234 970 3285 1025 in
3318 970 3465 1025 omni
3494 971 3688 1025 matri-

2109 1059 2290 1115 monio
2332 1059 2456 1114 est?
2482 1060 2591 1116 Nec
2641 1075 2771 1116 vero
2819 1060 2971 1116 abest
2996 1061 3063 1116 ab
3091 1061 3236 1115 omni
3275 1076 3290 1113 :
3341 1070 3597 1116 caeterum
3626 1059 3704 1115 ab

2112 1152 2256 1209 omni
2285 1152 2582 1224 virginitate
2603 1154 2758 1225 longe
2776 1162 2932 1224 atque
2953 1154 3134 1224 procul
3160 1162 3260 1209 est.
3289 1153 3366 1211 Ac
3382 1166 3543 1223 nupta
3571 1153 3703 1208 licet

2113 1247 2165 1300 in
2195 1246 2390 1301 malum
2421 1261 2528 1302 non
2554 1248 2791 1314 incidat,
2818 1256 2874 1302 at
2899 1248 2949 1301 in
2976 1248 3096 1301 mali
3123 1257 3320 1302 metum
3348 1247 3579 1302 incidet:
3611 1262 3705 1300 ne-

2114 1353 2217 1406 que
2263 1340 2404 1392 enim
2438 1347 2649 1406 potest,
2679 1339 2760 1393 cui
2794 1354 2913 1392 cum
2941 1339 3056 1393 viro
3085 1338 3541 1394 consuescendum
3589 1339 3702 1399 sit,

2116 1445 2220 1483 non
2252 1442 2353 1482 una
2377 1444 2497 1484 cum
2525 1429 2910 1484 consuetudine
2939 1429 3074 1483 mala
3102 1429 3280 1484 omnia
3312 1444 3491 1484 secum
3510 1438 3704 1498 putare

2116 1534 2179 1575 ac
2205 1529 2444 1575 metuere
2473 1538 2488 1575 :
2525 1521 2871 1591 virgo-autem
2903 1535 3010 1575 non
3038 1520 3208 1574 solum
3231 1534 3259 1573 a
3282 1519 3539 1574 molestiis
3562 1561 3578 1587 ,
3606 1518 3707 1572 sed

2119 1610 2276 1664 etiam
2298 1626 2327 1664 a
2357 1610 2661 1681 suspicione
2687 1611 2851 1666 libera
2880 1620 2981 1666 est.
3016 1611 3087 1664 At
3111 1609 3214 1665 hoc
3240 1624 3344 1664 non
3372 1620 3454 1664 est
3480 1610 3529 1663 in
3556 1608 3710 1663 omni

2120 1702 2479 1757 matrimonio.
2510 1701 2625 1757 Non
2663 1702 2910 1773 equidem
2941 1701 2993 1757 id
3018 1701 3137 1756 dico
3162 1742 3177 1768 ,
3222 1701 3312 1755 sed
3357 1703 3603 1771 quamvis
3651 1700 3708 1752 id

2121 1808 2228 1847 non
2254 1793 2398 1860 insit,
2423 1794 2523 1847 alia
2553 1794 2733 1848 insunt
2755 1793 2943 1859 multa,
2967 1807 3028 1847 ac
3048 1792 3174 1847 licet
3202 1792 3289 1846 illa
3318 1789 3556 1859 effugias,
3589 1804 3715 1842 οιιιο

2122 1884 2209 1939 nia
2236 1885 2393 1955 plane
2417 1883 2652 1956 effugere
2683 1899 2787 1939 non
2811 1884 2985 1955 possis
3009 1900 3024 1950 ;
3057 1883 3152 1938 sed
3179 1883 3323 1938 velut
3351 1883 3404 1935 in
3430 1879 3671 1936 sentibus
3690 1921 3709 1942 ,

2122 1993 2242 2047 qua:
2265 1978 2597 2033 vestimentis
2624 1976 2934 2032 adhaereant
2959 2015 2974 2040 ,
3002 1974 3093 2046 qui
3120 1988 3299 2043 sepem
3329 1970 3659 2027 transcendit
3691 2012 3713 2037 ,

2122 2071 2189 2126 ad
2210 2087 2367 2127 unam
2388 2070 2718 2136 evellendam
2740 2083 3049 2134 conversus,
3073 2067 3189 2121 aliis
3212 2065 3448 2137 pluribus
3475 2072 3714 2119 tenetur:

2124 2163 2197 2218 ita
2225 2171 2280 2219 et
2308 2163 2361 2218 in
2392 2178 2453 2219 re
2478 2162 2664 2219 uxoria
2686 2202 2702 2229 ,
2732 2162 2821 2233 qui
2854 2160 2955 2217 hoc
2994 2159 3289 2231 perrumpit
3320 2200 3335 2225 ,
3372 2157 3463 2212 illo
3495 2169 3714 2210 rursum

2125 2256 2369 2323 laeditur;
2415 2257 2505 2326 qui
2536 2270 2665 2311 vero
2693 2254 2818 2310 illud
2845 2253 3107 2317 evaserit,
3135 2251 3281 2307 aliud
3311 2249 3530 2305 offendit
3555 2266 3567 2302 :
3608 2261 3718 2302 nec

2125 2348 2282 2404 facile
2311 2350 2706 2404 matrimonium
2735 2348 2976 2402 invenias
3004 2345 3146 2399 omni
3181 2344 3418 2398 molestia
3449 2341 3712 2396 solutum.

2197 2439 2329 2495 Llll.
2362 2437 2667 2510 Conjugium
2706 2438 2917 2492 divitum
2951 2435 3279 2506 expetendum
3305 2449 3403 2487 non
3429 2447 3566 2496 esse,
3608 2431 3718 2483 imo

2128 2548 2408 2603 pauperum
2435 2530 2682 2585 connubio
2711 2530 2970 2585 molestius
2993 2544 3116 2582 esse.
3137 2555 3207 2566 —
3233 2524 3428 2581 Verum
3449 2566 3463 2589 ,
3495 2522 3538 2577 si
3566 2522 3720 2577 vidc-

2098 2636 2234 2695 ttur,
2270 2625 2513 2681 infaustis
2541 2624 2775 2679 dimissis
2797 2665 2812 2690 ,
2841 2620 2982 2692 quod
3010 2621 3061 2674 iu
3092 2635 3158 2676 eo
3189 2627 3269 2673 ter
3296 2618 3505 2673 beatum
3528 2615 3718 2669 existi-

2130 2728 2325 2783 metur,
2358 2724 2412 2771 et
2450 2715 2621 2782 multi,
2650 2714 2891 2783 adeoque
2917 2727 3105 2766 omnes
3131 2718 3313 2780 optent
3344 2707 3626 2777 consequi,
3662 2705 3719 2760 id

2130 2825 2271 2864 nunc
2297 2810 2348 2863 in
2379 2808 2613 2863 medium
2641 2806 2957 2877 productum
2997 2804 3346 2873 inquiramus.
3370 2800 3630 2869 Quidnam
3661 2799 3717 2855 id

2130 2902 2249 2958 est?
2275 2900 2373 2969 Qui
2409 2915 2632 2971 pauper,
2662 2897 2877 2953 humilis
2896 2938 2912 2965 ,
2946 2895 3183 2966 abiectus
3211 2895 3285 2949 sis
3306 2934 3323 2962 ,
3355 2909 3421 2948 ex
3447 2892 3620 2961 ampla
3650 2906 3719 2961 ac

2131 2994 2332 3065 potenti
2376 3000 2432 3048 et
2473 2991 2736 3061 locuplete
2772 2989 2933 3045 domo
2960 3002 3179 3043 uxorem
3210 2986 3426 3042 ducere.
3465 2986 3535 3039 At
3571 2981 3677 3037 hoc
3698 3024 3716 3049 ,

2129 3084 2272 3156 quod
2299 3081 2654 3153 expetendum
2681 3080 2908 3147 videtur,
2941 3094 3045 3134 non
3093 3077 3389 3132 minoribus
3409 3117 3423 3141 ,
3454 3090 3613 3147 quam
3655 3075 3721 3129 il-

2130 3177 2251 3243 lud,
2283 3176 2423 3249 quod
2463 3188 2710 3246 perosum
2741 3180 2856 3237 est,
2885 3170 3275 3226 calamitatibus
3304 3168 3591 3223 obnoxium
3621 3165 3723 3221 «ιθ

2132 3269 2545 3342 prehendemus.
2577 3267 2673 3322 Est
2699 3267 2840 3321 enim
2872 3263 3072 3335 alioqui
3095 3277 3219 3317 eum
3248 3260 3521 3315 hominum
3546 3273 3723 3330 genus

2133 3362 2630 3424 insolentissimum,
2663 3368 2773 3413 tum
2799 3357 2852 3412 in
2879 3356 2942 3411 iis
2967 3354 3236 3419 mulieres,
3266 3366 3331 3408 eo
3357 3349 3572 3423 quidem
3598 3364 3722 3403 ma-

2131 3457 2232 3528 gis,
2262 3469 2371 3526 quo
2411 3453 2809 3524 impotentiores
2841 3456 2982 3504 sunt.
3010 3448 3188 3517 Quare
3212 3454 3268 3502 et
3295 3443 3481 3500 morbo
3510 3443 3610 3497 hoc
3640 3440 3723 3495 fa-

2132 3548 2288 3602 cilius
2315 3544 2597 3614 capiuntur
2620 3560 2635 3598 :
2661 3541 2707 3596 si
2734 3555 2862 3596 vero
2886 3538 3150 3610 superbia:
3178 3551 3366 3608 graves
3391 3534 3548 3591 etiam
3587 3546 3724 3587 cau-

2132 3656 2220 3696 sas
2265 3638 2532 3706 habeant,
2564 3635 2692 3690 nihil
2722 3644 2804 3689 est
2837 3631 2980 3704 quod
3003 3645 3095 3687 eas
3122 3632 3174 3686 in
3213 3627 3393 3683 officio
3415 3627 3725 3693 contineat;

2133 3732 2232 3788 sed
2261 3731 2411 3802 quasi
2439 3728 2653 3784 ﬂamma
2678 3726 2955 3784 materiam
2985 3732 3137 3779 nacta
3158 3763 3172 3787 ,
3200 3722 3268 3776 ita
3296 3720 3526 3775 immane
3548 3732 3725 3789 quan-

2134 3834 2247 3881 tum
2278 3839 2336 3880 se
2358 3821 2666 3886 sustollant,
2695 3819 2938 3875 ordinem
2965 3818 3233 3870 invertunt
3251 3855 3267 3879 ,
3294 3826 3497 3867 summa
3525 3810 3731 3864 infimis

2135 3925 2362 3973 mutant.
2394 3913 2526 3970 Nam
2554 3911 2729 3968 virum
2758 3925 2895 3966 uxor
2932 3908 3121 3979 capitis
3161 3906 3335 3961 locum
3381 3912 3565 3958 tenere
3612 3914 3728 3955 non

2135 4012 2280 4077 sinit,
2308 4008 2401 4064 sed
2429 4023 2532 4079 qua
2557 4016 2640 4062 est
2662 4003 2992 4061 contumacia
3017 4010 3176 4072 atque
3201 4001 3359 4066 fastu,
3381 3997 3449 4055 de
3470 4012 3536 4052 eo
3555 3995 3726 4067 gradu

2135 4103 2402 4174 deiectum
2441 4101 2493 4155 in
2524 4114 2679 4155 suum
2698 4139 2715 4165 ,
2744 4096 2795 4152 id
2823 4106 2907 4152 est
2933 4094 3001 4150 ad
3029 4093 3413 4163 subjectionem
3437 4131 3451 4156 ,
3479 4088 3728 4157 compel-

2136 4194 2226 4259 lit,
2269 4194 2489 4263 ipsaque
2519 4191 2578 4245 fit
2602 4197 2763 4259 caput
2806 4201 2869 4242 ac
2891 4186 3019 4242 dux.
3050 4185 3119 4241 Et
3146 4182 3275 4254 quid
3304 4197 3366 4237 ea
3392 4180 3731 4236 absurditate

2134 4279 2349 4350 gravius
2374 4290 2495 4332 esse
2530 4273 2744 4345 potest?
2785 4279 2842 4327 ut
2867 4269 3000 4325 nihil
3036 4268 3245 4332 dicam,
3290 4264 3563 4332 convicia,
3594 4278 3732 4319 con-

2138 4369 2383 4425 tumelias
2401 4410 2416 4434 ,
2445 4364 2834 4429 insuavitatem,
2862 4376 2981 4433 quae
3009 4360 3246 4416 omnium
3269 4368 3393 4413 sunt
3417 4356 3729 4433 durissima.

2209 4459 2343 4517 LIV.
2379 4457 2709 4524 Quantumvis
2742 4454 3016 4526 subjectum
3058 4468 3269 4506 uxorem
3305 4450 3593 4522 opulentam
3632 4448 3737 4502 Ita-

2140 4555 2276 4621 beas,
2318 4553 2492 4621 ingens
2530 4546 2904 4602 incommodum
2943 4560 3069 4598 esse.
3097 4571 3169 4583 —-
3195 4541 3313 4597 lam
3349 4540 3393 4595 si
3423 4538 3541 4610 quis
3583 4536 3738 4593 dicat

2141 4650 2289 4719 (nam
2333 4643 2579 4714 equidem
2623 4641 2820 4694 multos
2858 4638 3039 4694 dicere
3081 4634 3278 4700 audivi,
3311 4648 3430 4689 cum
3462 4629 3734 4702 ejusmodi

2141 4751 2420 4795 sermones
2450 4730 2713 4802 incidunt)
2744 4748 2758 4786 :
2791 4730 3021 4785 Tantum
3052 4727 3201 4782 dives
3226 4734 3282 4781 et
3318 4736 3599 4780 nummosa
3634 4720 3736 4790 sit,

2142 4830 2288 4886 nullo
2319 4827 2529 4898 negotio
2548 4825 2663 4895 ejus
2692 4823 2859 4878 fastus
2880 4819 3207 4890 deprimetur
3239 4831 3302 4871 ac
3331 4814 3611 4885 dejicictur
3638 4829 3653 4866 :
3682 4813 3738 4868 si

2142 4921 2282 4992 quis,
2328 4920 2567 4989 inquam,
2612 4917 2729 4972 luce
2775 4914 2940 4980 dicat,
2986 4928 3069 4967 nte
3115 4910 3205 4965 ille
3248 4911 3478 4980 primum
3524 4908 3739 4978 ignorat

2142 5014 2294 5071 valde
2315 5012 2367 5068 id
2392 5010 2609 5068 difficile
2628 5022 2749 5065 esse
2770 5024 2783 5072 ;
2805 5004 2998 5062 deinde
3024 5013 3081 5059 ut
3101 5003 3392 5072 contingat,
3414 5015 3523 5055 non
3544 5013 3734 5070 parum

2142 5105 2313 5163 adfert
2335 5102 2663 5161 detrimenti.
2696 5099 2908 5155 Etenim
2935 5099 2986 5153 vi
3019 5107 3074 5153 et
3099 5096 3374 5151 timentem
3401 5108 3465 5149 ac
3490 5101 3736 5148 coactam
3824 5134 3829 5139 ι

2143 5200 2259 5255 viro
2286 5197 2497 5268 subjici,
2527 5194 2739 5264 gravius
2780 5204 2940 5263 atque
2966 5189 3305 5261 injucundius
3333 5195 3435 5250 est,
3465 5200 3622 5257 quam
3650 5186 3740 5241 vel

2144 5308 2352 5351 summa
2384 5289 2699 5345 auctoritate
2737 5286 2787 5341 ei
2830 5286 3112 5355 imperare.
3149 5280 3286 5348 Quid
3322 5278 3435 5335 ita?
3479 5277 3633 5347 Quod
3671 5293 3740 5333 ea

2142 5388 2224 5443 vis
2252 5383 2540 5443 amicitiam
2563 5395 2776 5436 omnem
2804 5393 2869 5432 ac
2896 5376 3221 5446 voluptatem
3253 5369 3523 5442 expellat:
3553 5369 3743 5424 amici-

2146 5480 2232 5536 tia:
2258 5487 2434 5532 autem
2462 5482 2621 5543 atque
2659 5471 2820 5527 studii
2860 5469 3032 5524 vicem
3074 5475 3281 5521 terrore
3324 5477 3388 5517 ac
3415 5460 3742 5517 necessitate

2146 5574 2427 5636 subeunte,
2453 5567 2635 5640 quanti
2666 5565 2775 5637 jam
2812 5561 2940 5618 illud
2968 5559 3126 5616 fuerit
3157 5555 3557 5613 matrimonium
3584 5552 3739 5607 testi-

2146 5664 2436 5723 mandum?
2974 5666 2981 5671 ’

2218 5758 2331 5816 LV.
2363 5751 2688 5811 Intolerabile
2716 5751 2906 5805 malum
2945 5764 3050 5803 esse
3088 5745 3261 5800 ditiori
3292 5743 3398 5798 viro
3433 5741 3636 5795 nubere.
3667 5766 3737 5779 -

2151 5856 2326 5925 Atque
2352 5851 2465 5907 hac
2486 5846 2700 5920 quidem
2723 5845 2767 5901 si
2793 5858 2927 5900 uxor
2950 5840 3202 5912 Opulenta
3218 5838 3305 5895 sit.
3325 5836 3420 5893 Sin
3438 5835 3733 5904 contingat.
