4020 6376
168 319 247 376 575
1550 319 1656 394 nu,
1679 319 2143 377 VIRGINITATE.

167 439 235 490 καὶ
249 432 376 505 {313]
392 432 596 486 οἰκέται
615 434 712 487 καὶ
733 431 1056 505 θεράπαιναι
1083 433 1301 506 τάνδρὸς
1324 434 1678 506 ὑϐριστικώτε
1690 455 1780 508 ρον

165 522 265 592 αὐτῇ
283 520 554 592 κέχρηνται
573 537 588 551 ο
625 521 868 574 ὕποπτον
893 521 990 591 μὲν
1018 521 1124 594 γάρ
1159 523 1255 575 καὶ
1278 523 1452 588 άλλως
1473 525 1566 578 καὶ
1585 525 1781 596 ἀχάρι-

165 625 258 660 στον
287 608 426 662 τοῦτο
447 607 508 660 τὸ
535 609 734 678 γένος,
775 611 904 664 ὅταν
948 609 1002 662 δέ
1036 610 1131 662 καὶ
1173 612 1484 684 παρρησίας
1539 613 1782 684 μείζονος

165 697 452 768 ἐπιλάϐηται,
476 698 572 751 καὶ
599 693 1081 762 διαστασιάζοντας
1111 700 1247 770 πρὸς
1264 700 1526 772 ἀλλήλους
1543 699 1628 774 ῖδῃ
1655 701 1783 765 τοὺς

165 786 439 856 κρατοῦντας
461 787 664 852 αὐτῶν,
690 788 750 840 οὑ
775 786 975 859 μικράν
986 787 1239 859 ἀφορμὴν
1251 788 1350 857 τῆς
1371 789 1578 852 οἰκείας
1596 788 1783 858 βδελυ-

166 874 254 946 ρίας
277 885 296 909 ι
321 874 404 928 τὸν
437 873 667 928 ἐκείνων
707 874 1042 946 λαμϐάνουσι
1070 876 1328 947 πόλεμον.
1369 877 1482 930 Καὶ
1512 876 1622 948 γάρ
1654 893 1784 930 συν-

161 960 321 1016 τιθέναι
340 962 427 1016 καὶ
447 961 712 1017 πλάττειν
737 963 944 1034 ὅσαπερ
969 961 1034 1016 ἀν
1065 962 1326 1017 ἐθέλωσιν
1353 962 1563 1028 ἐξεστιν
1597 963 1784 1028 αὑτοῖς

166 1049 269 1121 μετὰ
293 1049 465 1114 ἀδείας
491 1051 718 1122 ἀπάσης
757 1050 900 1115 τότε,
937 1050 1033 1104 καλ⁵
1071 1051 1170 1121 τὴν
1210 1050 1446 1120 ὑποψίαν
1491 1055 1614 1115 ταῖς
1651 1053 1783 1122 παρ’

163 1137 298 1192 αὑτῶν
318 1137 585 1202 διαϐολαῖς
625 1138 1004 1211 δυνατωτέραν
1056 1140 1255 1194 ποιεῖν.
1288 1139 1354 1194 Ἦ
1389 1139 1498 1210 γάρ
1530 1138 1681 1204 ἀπαξ
1713 1142 1782 1211 τῇ

165 1228 328 1297 πονηρᾷ
350 1225 515 1299 ταύτῃ
552 1227 702 1298 νόσῳ
735 1225 1136 1297 κατασχεθεῖσα
1163 1226 1312 1298 ψυχὴ
1342 1228 1521 1282 πάντα
1547 1227 1786 1289 εὐκόλως

163 1315 375 1380 πείθεται,
397 1315 492 1369 καὶ
526 1317 702 1370 πᾶσιν
741 1316 1131 1370 ἀναπετάσασα
1165 1314 1224 1382 ἐξ
1271 1315 1394 1384 ίσης
1441 1315 1542 1386 τὴν
1585 1314 1781 1385 ἀκοὴν,

164 1403 234 1456 οὑκ
247 1403 473 1473 ἀνέχεται
495 1403 800 1475 διακρίνειν
832 1405 957 1468 τοὺς
989 1403 1332 1474 συκοφάντας
1359 1402 1470 1456 τῶν
1504 1402 1580 1474 μὴ
1607 1399 1785 1455 τοιοὺο

162 1509 255 1556 των,
277 1490 396 1545 ἀλλά
415 1491 510 1545 καὶ
535 1493 697 1546 αὐτοὶ
726 1491 958 1562 μάλιστα
985 1491 1155 1544 πιστὰ
1175 1491 1356 1560 λέγειν
1373 1489 1644 1553 δοκοῦσιν,
1667 1490 1783 1542 ὅσοι

163 1580 232 1646 τὴν
268 1577 482 1647 ὑποψίαν
529 1578 885 1650 ἐπαίρουσιν,
930 1577 962 1648 ἤ
1013 1579 1128 1631 ὅσοι
1175 1577 1572 1642 σπουδάζουσιν
1614 1576 1786 1648 αὑτὴν

162 1663 377 1722 καθελεῖν.
417 1664 701 1719 Ἐντεῦθεν
736 1666 919 1720 λοιπὸν
967 1667 1181 1738 ἀνάγκη
1209 1664 1509 1719 δεδοικέναι
1541 1664 1637 1719 καὶ
1663 1664 1788 1735 τρέ-

164 1770 250 1822 μειν
270 1753 352 1806 τοῦ
369 1751 743 1817 συνοικοῦντος
771 1755 868 1825 οὑχ
884 1749 1044 1825 ἦττον
1068 1755 1196 1816 τοὺς
1215 1753 1487 1824 δραπέτας
1513 1751 1780 1816 ἐκείνους,

164 1840 228 1892 καὶ
247 1840 331 1902 τὰς
345 1841 564 1896 ἐκείνων
585 1845 878 1910 γυναῖκας,
897 1842 992 1896 καὶ
1017 1842 1118 1912 τὴν
1139 1841 1278 1914 αὐτῇ
1297 1841 1616 1912 πρέπουσαν
1635 1839 1788 1906 τάξιν

163 1930 414 2001 προεμένην
445 1930 476 1970 ιι
502 1931 717 1997 αὑτοῖς,
763 1927 859 2002 τὴν
895 1929 1119 1983 ἐκείνων
1155 1929 1485 1984 ἀντιλαϐεῖν.
1528 1929 1665 1982 Πότε
1696 1923 1789 1981 οὖν

161 2016 369 2086 ἀδακρυτὶ
410 2017 699 2087 διαγαγεῖν
753 2017 1080 2088 δυνήσεταις
1141 2017 1302 2070 ποίαν
1361 2017 1570 2080 νύκτας
1627 2016 1790 2069 ποίαν

161 2104 349 2174 ήμέραν;
373 2106 529 2160 ποίαν
547 2105 754 2176 ἑορτήν
775 2121 790 2170 ;
819 2105 948 2158 πότε
972 2103 1294 2174 στεναγμῶν
1317 2105 1488 2175 χωρὶς
1506 2104 1614 2157 ’καὶ
1635 2103 1792 2175 ὀδυρ-

160 2191 242 2258 μῶν
269 2193 349 2245 καὶ
373 2192 620 2265 θρήνων;
661 2193 910 2247 ’Λπειλαὶ
935 2194 1030 2246 καὶ
1053 2191 1241 2263 ὕϐρεις
1265 2193 1359 2246 καὶ
1383 2191 1643 2264 λοιδορίαι
1671 2192 1790 2246 διας

161 2280 330 2344 παντὸς,
353 2282 407 2334 αί
437 2283 536 2352 μὲν
571 2281 733 2354 παρά
763 2283 858 2335 τοῦ
885 2281 1230 2352 τετρωμένου
1272 2282 1450 2351 μάτην
1490 2281 1707 2353 άνδρδς,
1734 2281 1790 2334 αί

158 2367 333 2439 δὲταρά
348 2369 449 2424 τῶν
472 2369 696 2442 μιαρῶν
719 2369 1068 2441 θεραπόντων
1088 2387 1101 2400 ·
1123 2368 1384 2440 φυλακαὶ,
1409 2369 1787 2441 προφυλακαὶ,

160 2455 224 2506 καὶ
249 2455 439 2512 ᾶπαντα
468 2458 634 2522 δέους
669 2459 764 2513 καὶ
799 2458 1004 2529 τρόμου
1051 2457 1245 2528 μεστά.
1287 2458 1363 2510 υύ
1397 2457 1507 2528 γὰρ
1540 2469 1562 2497 ο
1595 2457 1793 2511 εἴσοδοι

161 2544 224 2594 καὶ
239 2543 387 2608 ἔξοδοι
419 2543 1013 2618 πολυπραγμονοῦνται
1047 2545 1233 2616 μόνον,
1263 2544 1400 2598 ἀλλά
1437 2545 1532 2598 καὶ
1575 2545 1794 2615 ῥήματα

159 2632 224 2684 καὶ
253 2631 520 2706 βλέμματα
552 2635 659 2688 καὶ
684 2633 984 2704 στεναγμὸς
1019 2633 1157 2704 μετά
1196 2632 1400 2704 πολλῆς
1433 2631 1790 2703 βασανίζεται

160 2720 228 2789 τῆς
256 2722 539 2794 ἀκριϐείας,
573 2723 680 2777 καὶ
731 2721 947 2792 ἀνάγκη
994 2722 1026 2793 ἢ
1055 2721 1164 2775 τῶν
1201 2720 1368 2776 λίθων
1401 2721 1794 2794 ἀκινητοτέραν

160 2801 278 2874 εἶναι,
308 2811 395 2866 καὶ
431 2814 558 2883 σιγῇ
604 2809 789 2864 πάντα
834 2809 1020 2881 φέρειν
1044 2850 1059 2872 ,
1092 2811 1188 2864 καὶ
1238 2808 1316 2882 τῷ
1350 2807 1582 2880 θαλάμῳ
1620 2825 1791 2882 προσ-

161 2896 352 2966 ηλῶσθαι
364 2899 660 2962 διαπαντὸς
674 2895 953 2968 δεσμώτου
983 2899 1186 2970 χεῖρον,
1211 2897 1242 2970 ἢ
1271 2894 1604 2969 βουλομένην
1631 2896 1798 2968 φθέγ-

163 2985 310 3051 γεσθαι
339 2987 429 3040 καὶ
463 2987 685 3041 στένειν
716 2985 812 3040 καὶ
831 2984 1053 3051 ἐξιέναι,
1080 2985 1302 3040 πάντων
1319 2985 1552 3050 εύθύνας
1571 2985 1797 3056 ὑπέχειν

162 3075 229 3126 καὶ
250 3073 411 3144 λόγον,
431 3077 486 3128 ἐν
507 3078 630 3139 τοῖς
659 3073 1077 3144 διεφθαρμένοις
1093 3073 1324 3136 ἐκείνοις
1343 3073 1650 3137 δικασταῖς,
1675 3074 1798 3136 ταῖς

163 3157 450 3232 θεραπαινίσι
476 3162 632 3231 λέγω
662 3162 756 3216 καὶ
788 3159 867 3233 τῷ
895 3159 1091 3232 πλήθει
1115 3161 1231 3214 τῶν
1261 3159 1512 3214 οἰκετῶν.
1553 3160 1796 3225 Τούτων,

163 3251 198 3300 ιί
215 3249 385 3319 βούλει,
420 3250 632 3322 μεταξὺ
655 3249 765 3303 τῶν
792 3247 983 3304 δεινῶν
1011 3247 1151 3302 τίθει
1177 3249 1274 3302 καὶ
1303 3246 1536 3302 πλοῦτον
1564 3246 1798 3318 ἄφατον,

163 3337 232 3389 καὶ
252 3340 513 3410 τραπέζης
542 3337 920 3402 πολυτέλειαν,
964 3336 1059 3390 καὶ
1089 3333 1318 3390 οἰκετῶν
1354 3334 1582 3404 ἀγέλας,
1607 3334 1801 3404 γένους

162 3416 486 3494 λαμπρότητα,
510 3420 840 3482 δυναστείας
871 3417 1130 3490 μέγεθος,
1155 3417 1315 3482 δόξαν
1347 3417 1571 3488 πολλὴν,
1598 3417 1802 3488 προγό-

163 3518 239 3555 νων
262 3507 610 3576 περιφάνειαν
631 3521 648 3536 ο
690 3505 855 3576 μηδὲν
878 3503 1017 3566 ὅλως
1035 3505 1183 3575 ἀφῇς
1218 3501 1330 3556 τῶν
1360 3500 1665 3555 δοκούντων
1697 3500 1801 3572 ζη-

163 3586 289 3645 λωτὸν
323 3591 407 3646 τδν
438 3593 695 3664 παρόντα
731 3590 844 3662 βίον
895 3591 1092 3654 ποιεῖν,
1140 3587 1280 3644 ἀλλά
1329 3587 1510 3642 πάντα
1558 3585 1804 3659 ἀκριϐῶς

164 3675 454 3744 συναγαγὼν,
481 3675 708 3739 ἀντίθες
730 3673 902 3746 ταύτῃ
921 3675 986 3745 τῇ
1007 3673 1176 3745 λύπῃ,
1205 3673 1300 3726 καὶ
1324 3671 1447 3726 οὐδὲ
1468 3671 1804 3742 φαινομένην

163 3753 252 3822 ὕᾷει
281 3759 368 3828 τήν
401 3759 460 3823 ἐξ
497 3757 732 3814 ἐκείνων
770 3757 982 3828 ἡδονὴν,
1022 3755 1138 3808 ἀλλ’
1183 3753 1359 3817 οὕτως
1391 3752 1802 3825 ήφανισμένην,

163 3841 310 3918 ὥσπερ
353 3848 408 3900 ἐν
438 3846 675 3916 πελάγει
713 3843 893 3916 πολλῷ
937 3844 1212 3916 σπινθῆρα
1253 3843 1450 3914 μικρὸν
1493 3843 1808 3914 ἐμπεσόντα

166 3929 290 3985 σϐεσθ
303 3934 414 4003 Ξιναι
446 3935 622 3998 εἰκός.
653 3934 764 3987 Καὶ
788 3931 963 3987 ταῦτα
993 3932 1092 4004 μὲν
1122 3931 1249 3986 ὅταν
1275 3931 1304 3984 6
1332 3930 1472 4002 ἀνὴρ
1495 3929 1771 4002 ζηλοτυπῇ
1791 3945 1805 3960 ο

163 4017 199 4068 εί
221 4018 265 4071 δέ
292 4022 376 4074 ἐπὶ
405 4021 503 4091 τὴν
527 4019 770 4091 γυναῖκά
791 4035 922 4074 ποτε
958 4017 1225 4090 μεταϐαίη
1257 4017 1319 4071 τὸ
1354 4016 1526 4080 πάθος
1549 4016 1672 4082 (οὐκ
1697 4015 1810 4069 ὀλιο

163 4105 288 4172 γάκις
314 4107 366 4162 δέ
383 4109 548 4163 τοῦτο
579 4107 738 4162 εἴωθε
769 4104 1060 4178 γίνεσθαι),
1088 4107 1298 4170 ἐκεῖνος
1321 4105 1423 4176 μὲν
1453 4105 1586 4176 ῥᾷον
1610 4103 1814 4158 διακεί-

164 4209 280 4248 σεται
305 4198 397 4269 τῆς
423 4197 714 4266 γυναικὸς,
745 4196 806 4250 τὸ
843 4195 902 4249 δὲ
940 4194 1103 4248 πλέον
1137 4194 1237 4264 τῆς
1278 4193 1474 4266 ὀδύνης
1517 4191 1680 4246 πάλιν
1719 4191 1812 4245 ἐπὶ

165 4282 236 4352 τὴν
261 4283 442 4339 ἀθλίαν
486 4285 712 4358 ἐκείνην
759 4284 1060 4356 μετέπεσεν
1085 4301 1098 4314 ·
1140 4281 1265 4336 οὕτε
1311 4282 1421 4354 γάρ
1467 4283 1580 4344 τοῖς
1625 4271 1813 4342 αὑτοῖς

165 4368 307 4436 ἀτλοις
330 4372 639 4444 χρήσασθαι
669 4373 762 4426 ἐπὶ
787 4373 882 4426 τὸν
923 4369 1332 4426 ὑποπτευθέντα
1365 4369 1656 4438 δυνήσεται
1677 4383 1693 4396 ’
1725 4367 1811 4430 τίς

166 4457 248 4529 γὰρ
268 4461 510 4526 ἀνέξεται
539 4461 797 4530 γυναικὸς
829 4458 1159 4530 κελευούσης
1185 4459 1329 4513 οῖκοι
1367 4457 1551 4528 μένειν
1577 4455 1812 4510 διαπαν-

167 4544 260 4610 τόςς
287 4547 362 4614 τίς
402 4549 459 4603 δὲ
496 4549 596 4602 τὸν
629 4547 897 4620 δεσπότην
929 4547 1192 4619 τολμήσει
1225 4543 1666 4618 παρατηρεῖσθαι
1703 4541 1814 4596 τῶν

168 4633 372 4701 οἰκετῶν,
407 4638 502 4691 καὶ
531 4637 633 4690 οὑκ
659 4635 862 4700 εὐθέως
890 4636 984 4690 ἐπὶ
1014 4635 1076 4688 τὸ
1096 4633 1370 4707 βάραθρον
1393 4630 1774 4703 άπαχθήσεται
1799 4647 1813 4694 ;

171 4719 275 4775 Οὔτε
325 4719 414 4779 οὖν
455 4725 670 4790 τούτοις
720 4725 1010 4796 δυνήσεται
1059 4723 1257 4795 ἑαυτὴν
1303 4718 1815 4792 παραμυθήσασθαι

170 4809 256 4870 Vi;
283 4816 498 4886 μηχανή
509 4829 695 4884 μασιν,
720 4812 846 4865 οὕτε
881 4810 959 4882 τῷ
978 4811 1078 4882 τὴν
1105 4811 1278 4882 ὀργὴν
1303 4808 1392 4863 διὰ
1417 4807 1527 4862 τῶν
1555 4807 1815 4878 ῥημάτων

172 4894 460 4968 ὲξενεγκεῖν,
505 4901 621 4957 ἀλλ’
659 4899 808 4966 ἅπαξ
860 4901 960 4972 μὲν
1002 4899 1171 4972 αὐτὴν
1225 4899 1356 4962 ἴσως
1382 4895 1819 4968 χαλεπαίνουσαν

172 4984 279 5039 οίσει
295 4991 389 5042 καί
412 4990 540 5055 δὶςό
553 4990 693 5061 ἀνήρ
716 5007 728 5021 ·
745 4988 843 5043 ἐάν
863 4988 920 5042 δέ
946 4989 1038 5042 ἐπι
1047 4988 1206 5062 μείνῃ
1224 4985 1463 5056 συνεχῶς
1485 4983 1819 5054 ἐγκαλοῦσα,

175 5067 337 5138 διδάξει
375 5077 587 5148 ταχέως
617 5076 808 5149 αὐτὴν,
836 5077 920 5130 ὃτι
951 5075 1157 5148 βέλτιον
1203 5075 1331 5146 σιγῇ
1368 5073 1438 5126 τά
1470 5071 1696 5126 τοιαῦτα
1729 5069 1823 5140 φέ-

180 5171 267 5224 ρειν
296 5163 389 5217 καὶ
427 5164 711 5236 τήκεσθαι.
751 5164 863 5218 Καὶ
907 5162 1082 5216 ταῦτα
1117 5161 1216 5233 μὲν
1255 5162 1312 5216 ἐν
1354 5161 1476 5223 ταῖς
1527 5156 1821 5228 ὑποψίαις·

177 5245 342 5302 ὅτανδέ
373 5252 570 5323 ἀληθὲς
592 5251 651 5304 ὃν
676 5250 818 5324 τύχῃ
843 5251 904 5304 τὸ
922 5249 1114 5314 δεινὸν,
1136 5247 1236 5320 τὴν
1271 5247 1372 5318 μὲν
1397 5248 1632 5315 γυναῖκα
1652 5244 1828 5307 οὐδεὶς

179 5331 337 5408 ἔξαιρή
347 5354 496 5393 σεται
520 5339 629 5393 τῶν
654 5339 750 5393 τοῦ
775 5338 1111 5410 ἠδικημένου
1140 5335 1362 5408 χειρῶν,
1383 5334 1535 5407 [514]
1553 5333 1668 5387 ἀλλ’
1688 5333 1826 5404 έχων

181 5418 301 5489 α”δτῷ
335 5422 662 5494 βοηθοῦντας
690 5425 814 5488 τοὺς
840 5425 1040 5496 νόμους
1062 5425 1164 5494 τὴν
1185 5422 1440 5477 ἁπάντων
1469 5419 1618 5492 αὑτῷ
1641 5421 1830 5490 φιλτά-

181 5518 260 5573 την
285 5511 362 5574 εἰς
387 5511 731 5584 δικαστήριον
755 5511 979 5580 ἀγαγὼν
1011 5509 1351 5579 κατέσφαξεν
1371 5525 1384 5538 ·
1415 5507 1445 5558 6
1480 5506 1538 5560 δέ
1559 5506 1700 5578 ἀνὴρ
1731 5505 1830 5578 τὴν

186 5592 268 5657 μὲν
286 5595 390 5651 ἀπὸ
419 5597 526 5652 τῶν
555 5600 737 5671 νόμων
767 5598 1053 5669 διαφεύγει
1080 5597 1376 5671 τιμωρίαν,
1413 5597 1480 5666 τῇ
1523 5594 1579 5648 δέ
1623 5592 1831 5648 ἄνωθεν

187 5677 268 5732 καὶ
302 5687 363 5756 τῇ
399 5687 491 5742 τοῦ
531 5688 666 5743 Θεοῦ
693 5687 723 5728 ἀ
761 5691 1061 5760 τετήρηται
1101 5688 1290 5758 ψήφῳ.
1339 5683 1478 5738 Ἀλλ’
1507 5683 1608 5753 οὑχ
1649 5681 1832 5735 ἱκανὸν

188 5765 325 5848 τοῦτο
349 5775 846 5848 παραμυθήσασθαι
869 5775 969 5847 τὴν
992 5773 1182 5828 ἀθλίαν
1209 5772 1446 5843 ἐκείνην,
1474 5770 1590 5824 ἀλλ’
1616 5769 1830 5839 ἀνάγκη

244 5847 270 5922 ξ
291 5851 406 5922 Beg.
431 5847 672 5922 λοιδορίας.
687 5854 827 5922 Infra
848 5857 978 5922 idem
999 5857 1057 5904 ἀν
1081 5857 1343 5922 βούλοιντο,
1365 5857 1542 5911 ἔξεστιν
1560 5851 1740 5908 αὑταῖς.

245 5904 408 6003 ξὲξξ.
432 5904 582 6003 αὐτοῖς
603 5904 881 6003 πρέπουσαέ
904 5919 1041 6003 δόξαν
1063 5904 1364 6003 προεῇνοιῖς.

195 6006 202 6022 .
249 5972 273 6026 ε
293 5972 412 6039 Βεξ.
435 5982 507 6029 καὶ
525 5972 654 6046 μετά
665 5981 936 6046 σφραγίδων
955 5972 1155 6028 ἅπαντα.
1181 5972 1252 6028 ὺύ
1278 5972 1385 6046 γάρ.

3453 319 3559 374 576

1895 438 2106 510 μακρόν
2135 453 2255 490 τινα
2297 435 2388 489 καὶ
2433 435 2660 490 ἐλεεινδν
2709 436 3003 508 ὑπομένειν
3053 435 3305 498 θάνατον,
3339 433 3430 489 τὸν
3463 437 3572 490 ἀπο

1888 527 1999 580 τῶν
2043 524 2414 597 μαγγανειῶν,
2456 525 2547 579 τὸν
2599 527 2706 580 ἀπὸ
2745 525 2854 580 τῶν
2902 525 3283 597 φαρμακειῶν,
3337 523 3482 596 ἆπερ
3508 525 3562 577 al

1890 615 2284 688 πορνευόμεναι
2308 617 2566 683 γυναῖκες
2589 615 3106 680 κατασκευάζουσιν.
3131 613 3250 668 Εἰσὶ
3265 613 3320 667 δέ
3339 607 3430 676 αἷς
3443 609 3569 664 οὕτε

1891 702 2184 773 ἐπιϐουλῆς
2231 703 2324 756 ἐπὶ
2361 702 2460 764 τάς
2497 702 2833 773 ήδικημένας
2875 703 3126 774 ἐδέησεν,
3175 701 3290 756 ἀλλ’
3325 699 3571 769 ἔφθασαν

1890 791 2096 845 ἐκεῖναι
2129 789 2670 863 προαναρπασθεῖσαι
2699 793 2766 863 τῇ
2800 792 2897 864 τῆς
2928 791 3169 860 ἀθυμίας
3205 787 3566 858 σφοδρότητν

1889 879 2031 934 ὥστε
2063 882 2112 934 εί
2144 881 2240 934 καὶ
2268 879 2468 942 πάντες
2491 879 2683 951 ἀνδρες
2709 880 3002 952 ἐπέτρεχον
3035 877 3110 949 τῷ
3141 877 3324 947 γάμῳ,
3349 875 3449 938 τὰς
3474 892 3568 943 γυ-

1891 971 2085 1032 ναῖκας
2112 968 2212 1022 οὑκ
2245 969 2412 1040 ἐχρῆν
2454 969 2616 1022 αὑτὸν
2667 967 2908 1024 διώκειν.
2958 965 3096 1020 Οὕτε
3135 964 3248 1034 γὰρ
3289 962 3356 1016 ἂν
3393 961 3576 1034 ἐχοιεν

1892 1057 2065 1110 εἰπεῖν
2091 1056 2168 1121 ὡς
2189 1059 2427 1129 τοσαύτη
2447 1059 2576 1130 παρ’
2601 1057 2792 1119 αὑταῖς
2813 1055 2910 1120 τῆς
2927 1053 3270 1123 ἐπιθυμίαςή
3291 1049 3570 1122 τυραννὶς,

1893 1144 2119 1218 καὶ-τῶν
2148 1147 2240 1198 τοῦ
2270 1147 2596 1218 πράγματος
2619 1142 2804 1198 κακῶν
2833 1143 2896 1196 τὸ
2919 1141 3080 1194 πλέον
3112 1141 3278 1193 αὑταὶ
3294 1136 3573 1210 καρποῦν-

1891 1249 1984 1285 ται
2014 1231 2201 1302 μέρος,
2226 1232 2416 1303 ῶσπερ
2436 1228 2530 1286 οὖν
2559 1231 2654 1284 καὶ
2691 1231 2720 1282 ό
2745 1229 2904 1296 λόγος
2929 1225 3202 1291 ἀπέδειξε.
3235 1225 3302 1278 Τί
3330 1220 3446 1288 οὖν,
3470 1239 3574 1294 φη·

1894 1319 2000 1383 σὶν,
2031 1319 2202 1374 ἅπασι
2233 1319 2392 1373 τοῦτο
2423 1319 2682 1391 πρόσεστι
2704 1318 2819 1379 τοῖς
2838 1315 3068 1386 γάμοις;
3111 1312 3253 1366 Ἀλλ’
3283 1311 3408 1364 οὐδὲ
3435 1310 3576 1364 πάνυ

1892 1425 2001 1461 των
2039 1407 2258 1471 ἄπεστι,
2304 1407 2604 1480 παρθενίας
2645 1405 2701 1460 δέ
2749 1403 2939 1476 πόρρω
2981 1401 3076 1455 καὶ
3125 1399 3345 1471 μακρὰν
3393 1397 3576 1469 πάσης

1894 1495 2033 1548 ἐστί.
2064 1496 2224 1565 Καὶή
2256 1495 2355 1566 μὲν
2385 1493 2716 1564 γαμηθεῖσα,
2736 1491 2839 1545 κᾶν
2872 1489 2946 1562 μὴ
2979 1486 3056 1555 τῷ
3090 1485 3249 1556 δεινῴ
3277 1486 3574 1556 περιπέσῃ,

1895 1582 2030 1636 ἀλλά
2057 1585 2122 1654 τῇ
2151 1582 2246 1635 τοῦ
2267 1581 2441 1635 δεινοῦ
2465 1580 2763 1652 προσδοκία
2782 1579 3190 1649 περιπεσεῖταιι
3226 1575 3286 1627 ού
3319 1573 3430 1644 γάρ
3461 1572 3578 1626 ἐστι

1893 1671 1992 1743 τὴν
2009 1671 2162 1742 ἀνδρὶ
2193 1669 2489 1739 μέλλουσαν
2513 1668 2743 1739 ὁμιλεῖν,
2769 1663 2842 1737 μὴ
2871 1665 3008 1737 μετά
3028 1665 3126 1736 τῆς
3145 1662 3368 1734 ὁμιλίας
3397 1661 3580 1714 πάντα

1895 1757 2311 1826 ἀναλογίζεσθαι
2342 1759 2436 1812 καὶ
2467 1753 2767 1810 δεδοικέναι
2805 1752 2876 1807 τά
2919 1751 3104 1806 δεινά⁶
3137 1751 3170 1820 ἡ
3205 1749 3263 1803 δὲ
3309 1748 3582 1820 παρθένος

1895 1847 1958 1901 οὑ
1991 1847 2149 1918 μόνον
2177 1845 2286 1901 τῶν
2307 1843 2584 1916 δυσχερῶν
2615 1841 2982 1914 πραγμάτων,
3033 1835 3172 1894 ἀλλά
3205 1837 3301 1891 καὶ
3353 1837 3454 1907 τῆς
3481 1836 3582 1889 ὑπ-

1897 1936 2058 2006 οψίας
2089 1935 2455 2007 ἀπήλλακται.
2476 1934 2550 1987 Οὑ
2581 1931 2840 2002 πρόσεστι
2872 1927 3030 1982 τοῦτο
3065 1927 3197 1980 πᾶσι
3218 1927 3330 1988 τοῖς
3358 1925 3580 1996 γάμοις.

1899 2025 2034 2079 Οὑδέ
2063 2025 2172 2096 γάρ
2207 2021 2318 2093 ἐγὼ
2355 2021 2514 2076 τοῦτό
2549 2038 2712 2092 φημι,
2748 2017 2863 2071 ἀλλ’
2894 2015 2990 2069 ἐὰν
3031 2014 3192 2068 τοῦτο
3243 2015 3320 2084 μὴ
3377 2013 3580 2083 προσῇ,

1901 2111 2074 2166 πολλὰ
2101 2111 2265 2182 ἐτερα
2293 2111 2580 2182 πρόσεστι·
2625 2107 2730 2162 κᾶν
2767 2104 2952 2158 ἐκεῖνά
2999 2120 3083 2166 τις
3109 2101 3370 2172 διαφύγῃ,
3402 2101 3582 2153 πάντα

1901 2197 2083 2264 ἁπλῶς
2129 2198 2410 2267 διαφυγεῖν
2445 2198 2504 2251 οὑ
2557 2195 2866 2267 δυνήσεται.
2917 2191 3056 2244 Ἀλλ’
3092 2189 3285 2260 ῶσπερ
3331 2189 3425 2241 ἐπὶ
3471 2187 3581 2240 τῶν

1900 2287 2154 2343 ἀκανθῶν
2189 2286 2296 2340 τῶν
2327 2289 2439 2350 τοῖς
2481 2285 2719 2355 ἱματίοις
2756 2278 3267 2354 προσπηγνυμένων
3301 2277 3360 2330 ἐν
3387 2275 3466 2348 τῷ
3489 2277 3586 2340 τίς

1901 2375 2168 2448 αἱμασιὰς
2195 2375 2515 2432 διαϐαίνειν.
2544 2375 2673 2427 ὅταν
2712 2371 3021 2441 ἐπιστραφῇ
3064 2385 3148 2430 τις
3179 2366 3279 2436 τὴν
3313 2365 3440 2437 μίαν
3500 2364 3589 2428 ἐξ-

1903 2467 2068 2532 ελεῖν,
2101 2466 2320 2539 ἐτέραις
2350 2464 2640 2534 κατέχεται
2677 2461 2938 2523 πλείοσιν,
2965 2458 3107 2512 οὕτω
3133 2457 3228 2511 καὶ
3245 2456 3336 2509 ἐπὶ
3357 2454 3463 2508 τῶν
3491 2452 3587 2506 τοῦ

1903 2555 2083 2624 γάμου
2120 2551 2464 2624 πραγμάτων
2488 2550 2516 2602 6
2542 2548 2702 2602 τοῦτο
2725 2546 2968 2618 διαδρὰς,
2990 2545 3185 2614 ἐκείνῳ
3203 2541 3588 2614 περιπείρεται

1907 2642 2068 2697 πάλιν
2087 2657 2101 2671 ο
2143 2641 2240 2694 καὶ
2265 2641 2293 2693 6
2321 2637 2480 2692 τοῦτο
2509 2637 2711 2700 διαδὺς,
2739 2635 2885 2704 ἄλλῳ
2911 2633 3303 2706 προσέπταισε,
3325 2630 3418 2683 καὶ
3450 2629 3586 2691 ὅλως

1903 2733 2005 2784 οὑκ
2033 2729 2113 2783 ἐνι
2141 2730 2318 2798 γάμον
2347 2727 2528 2796 πάσης
2551 2726 2729 2795 εὑρεῖν
2761 2723 2955 2794 ἀηδίας
2983 2720 3290 2792 ἐλεύθερον.

1977 2821 2102 2875 ΝΡ.
2119 2817 2280 2881 ’Δλλ’,
2298 2819 2346 2870 εί
2366 2815 2566 2887 βούλει,
2580 2815 2650 2868 τά
2666 2812 2904 2882 δυσχερῆ
2915 2811 3053 2873 τέως
3068 2810 3297 2878 ἀφέντες
3320 2805 3381 2858 1:6
3400 2802 3593 2858 δοκοῦν

1905 2904 2046 2963 εἶναι
2074 2910 2131 2962 ἐν
2162 2905 2310 2977 αὑτῷ
2336 2901 2694 2976 μακαριστὸν,
2714 2901 2808 2954 καὶ
2831 2895 2892 2952 οὕ
2924 2897 3111 2950 πολλοὶ
3139 2895 3422 2956 πολλάκις,
3451 2891 3592 2963 μᾶλ-

1906 2997 1998 3051 λον
2028 2997 2084 3049 δέ
2119 2994 2322 3057 πάντες
2367 2990 2620 3062 εὔχονται
2654 2989 2956 3058 ἐπιτυχεῖν,
2991 2984 3152 3038 τοῦτο
3181 2981 3481 3052 ἀγαγόντες
3513 2980 3592 3042 είς

1911 3086 2076 3155 μέσον
2111 3081 2456 3150 ἐξετάσωμεν
2489 3078 2604 3131 νῦν.
2641 3076 2708 3128 Τί
2753 3075 2817 3147 δὴ
2860 3073 3016 3126 τοῦτό
3055 3073 3240 3136 ἐστιν;
3271 3067 3592 3155 Τὸνπένητα

1908 3153 2040 3227 δντα
2069 3170 2166 3224 καλ⁸
2192 3167 2386 3236 εὐτελῆ
2410 3165 2502 3220 καὶ
2535 3161 2792 3217 ταπεινὸν
2823 3161 2930 3214 ἀπὸ
2963 3158 3215 3229 μεγάλων
3236 3155 3328 3209 καὶ
3350 3153 3593 3208 δυνατῶν

1909 3260 2004 3314 καὶ
2037 3257 2208 3310 πολλά
2235 3258 2498 3327 χρήματα
2527 3249 2884 3320 κεκτημένων
2914 3248 3148 3316 γυναῖκα
3181 3241 3392 3296 λαϐεῖν.
3433 3240 3594 3296 Ἀλλά

1908 3346 2070 3401 τοῦτο
2105 3345 2167 3398 τὸ
2193 3342 2434 3414 ζηλωτὸν
2464 3340 2676 3394 ἐκείνου
2720 3336 2815 3390 τοῦ
2863 3331 3139 3389 ἀπευκτοῦ
3187 3331 3292 3384 οὑκ
3339 3329 3594 3392 ἐλάττους

1909 3433 2218 3506 εὑρήσομεν
2245 3431 2367 3501 ἔχον
2389 3427 2488 3491 τὰς
2519 3444 2581 3479 συ
2591 3424 2826 3496 μφοράς.
2853 3423 3012 3476 Ἔστι
3041 3419 3139 3490 μὲν
3163 3417 3274 3490 γάρ
3301 3418 3395 3506 καὶ
3416 3417 3593 3506 ἄλλως

1911 3501 2438 3590 τὸντῶννάνθρώπων
2454 3515 2612 3585 γένος
2632 3525 2656 3552 θ
2677 3508 3217 3583 ὑπεροπτικώτατον,
3236 3505 3332 3559 καὶ
3362 3507 3419 3558 ἐν
3444 3501 3597 3574 αὑτῷ

1911 3609 2088 3680 τούτῳ
2119 3607 2319 3680 μᾶλλον
2339 3605 2401 3658 τὸ
2429 3602 2540 3658 τῶν
2575 3599 2872 3680 γυναικῶν,
2903 3599 3014 3668 ὅσῳ
3041 3595 3133 3650 καὶ
3168 3593 3558 3662 ἀσθενέστερον
3579 3607 3596 3622 ·

1913 3698 1998 3752 διὸ
2025 3696 2120 3752 καὶ
2155 3694 2354 3768 μᾶλλον
2391 3692 2496 3746 ὑπὸ
2531 3691 2626 3744 τοῦ
2668 3689 2875 3751 πάθους
2915 3685 3200 3741 ἁλίσκεται
3221 3699 3233 3713 ·
3266 3683 3396 3736 ὅταν
3427 3680 3484 3734 δέ
3506 3681 3601 3734 καὶ

1915 3785 2171 3858 ἀφορμάς
2202 3783 2298 3854 ἔχῃ
2333 3782 2430 3850 τῆς
2454 3777 2752 3851 ὑπεροψίας
2780 3775 2998 3840 πολλὰς,
3030 3772 3185 3827 οὐδέν
3230 3772 3348 3824 ἐστι
3379 3769 3440 3822 τὸ
3464 3785 3602 3858 κατ-

1916 3873 2041 3944 έχον
2091 3871 2294 3934 αὑτάςο
2339 3869 2529 3940 ὥσπερ
2573 3867 2706 3938 ὕλης
2743 3864 2886 3928 τινὸς
2926 3861 3202 3932 λαϐομένη
3244 3858 3396 3928 φλὸξ,
3429 3857 3604 3921 οὕτως

1919 3963 2001 4026 είς
2031 3960 2164 4030 ὕψος
2194 3958 2398 4029 ἄφατον
2425 3957 2695 4026 αἴρονται,
2730 3952 2827 4006 καὶ
2854 3951 2954 4022 τὴν
2980 3949 3130 4016 τάξιν
3161 3944 3599 4016 ἀντιστρέφουσι,

1920 4049 2016 4103 καὶ
2045 4047 2114 4101 τά
2149 4047 2260 4100 ἀνω
2303 4044 2455 4098 κάτω
2493 4040 2757 4095 ποιοῦσιν.
2802 4039 2877 4092 Ού
2911 4037 3021 4106 γὰρ
3056 4035 3280 4104 ἀφίησιν
3314 4034 3371 4085 ἐν
3398 4035 3466 4103 τῇ
3501 4031 3601 4102 τῆς

1921 4134 2167 4207 κεφαλῆς
2198 4131 2354 4204 χώρᾳ
2382 4131 2562 4202 μένειν
2585 4131 2676 4182 τὸν
2704 4127 2871 4197 ἄνδρα
2907 4127 2940 4195 ἠ
2979 4127 3139 4194 γυνὴ,
3175 4121 3288 4176 ἀλλ’
3332 4120 3436 4174 ὑπὸ
3472 4137 3607 4207 φρο-

1920 4205 2162 4296 νήματος
2206 4221 2298 4274 και
2345 4217 2603 4278 ἀπονοίας
2641 4213 2982 4282 ἀπωσαμένη
3029 4210 3130 4282 τῆς
3180 4209 3388 4275 τάξεως
3437 4205 3606 4260 αὑτὸν

1923 4313 2166 4382 ἐκείνης,
2190 4309 2284 4363 καὶ
2310 4309 2389 4371 είς
2417 4305 2517 4376 τὴν
2541 4305 2677 4374 αὐτῇ
2707 4303 3094 4374 προσήκουσαν
3127 4297 3360 4382 ἄγουσα,
3385 4296 3606 4382 τὴνῗτῆς

1926 4377 2224 4466 ὑποταγῆς,
2251 4392 2388 4463 αὑτὴ
2423 4390 2634 4460 γίνεται
2654 4386 2861 4458 κεφαλὴ
2893 4387 2986 4440 καὶ
3011 4383 3255 4456 ἀρχή.Τί
3283 4377 3374 4436 οὖν
3403 4381 3608 4453 ταύτης

1923 4487 2026 4558 τῆς
2045 4483 2364 4555 ἀνωμαλίας
2377 4481 2558 4552 χεῖρον
2589 4476 2785 4547 γένοιτ’
2806 4475 2906 4542 ἀν;
2943 4473 3057 4527 Καὶ
3082 4471 3272 4526 σιωπῶ
3309 4471 3376 4525 τά
3405 4471 3606 4540 ὀνείδη,

1926 4557 2024 4638 τάς
2068 4572 2284 4642 ὕϐρεις,
2329 4569 2426 4632 τὰς
2458 4567 2670 4638 ἀηδίας,
2700 4564 2734 4618 ἀ
2771 4565 2988 4618 πάντων
3019 4561 3166 4614 ἐστὶν
3201 4557 3607 4631 ἀφορητότερα·

1998 4662 2122 4716 ΝΔ’.
2164 4660 2225 4712 Εἰ
2258 4659 2316 4712 δέ
2337 4657 2484 4726 λέγοι
2509 4673 2593 4718 τις
2619 4654 2733 4724 (καὶ
2752 4651 2861 4723 γὰρ
2877 4650 3088 4704 πολλῶν
3110 4649 3319 4719 ήκουσα
3341 4646 3612 4716 λεγόντων

1928 4748 2059 4818 ἐγὼ,
2101 4748 2229 4801 ὅταν
2262 4745 2496 4798 τοιοῦτοι
2546 4742 2804 4811 γίνωνται
2866 4739 3056 4808 λόγοι)·
3104 4735 3412 4788 Πλουτείτω
3452 4733 3611 4804 μόνον

1931 4830 2083 4906 [515]
2107 4831 2200 4884 καὶ
2215 4827 2446 4900 εὕπορος
2469 4827 2630 4886 ἐστω,
2659 4825 2754 4878 καὶ
2774 4823 2922 4876 οὐδὲν
2947 4822 3108 4906 ἔργον
3125 4819 3611 4906 ἐστὶῌκατενεγκεῖν

1930 4896 2102 4986 αὐτῆς
2133 4915 2229 4969 καὶ
2259 4896 2595 4966 ταπεινῶσαι
2628 4910 2688 4961 τὸ
2711 4907 2983 4977 φρόνημα·
3017 4903 3071 4958 εῖ
3097 4919 3182 4965 τις
3209 4896 3303 4954 οὖν
3332 4899 3507 4952 ταῦτα
3532 4898 3614 4950 λέ-

1931 5013 2040 5066 γοι,
2057 4981 2293 5068 *πρῶτον
2328 4995 2425 5066 μέν
2449 4995 2634 5062 ἀγνοεῖ
2660 4992 2742 5045 ὅτι
2767 4990 2877 5043 τῶν
2909 4988 3112 5058 σφόδρα
3137 4982 3419 5068 δυσκόλων.
3441 4981 3610 5068 ἐστίνς

1932 5063 2231 5134 ἔπειτα-ὄτι
2265 5063 2368 5132 κάν
2399 5076 2630 5147 γένοιτο,
2663 5075 2722 5127 οὑ
2759 5071 2964 5144 μικράν
2995 5069 3109 5140 ἔχει
3147 5067 3250 5138 τὴν
3283 5065 3511 5136 ζημίαν.
3533 5063 3616 5147 -Τδ

1933 5165 2044 5236 γὰρ
2081 5163 2297 5235 ἀνάγκῃ
2331 5145 2428 5215 καί⁷
2458 5159 2758 5213 δεδοικυῖαν
2797 5155 2893 5236 καὶ
2927 5149 3217 5236 μετά-βίας
3250 5145 3616 5236 ὑποτετάχθιμ

1934 5229 2027 5316 τῶ
2051 5229 2208 5316 ἀνδρί
2242 5229 2336 5297 τοῦ
2377 5239 2517 5312 μετά
2550 5240 2731 5307 πάσης
2765 5234 3016 5300 ἐξουσίας
3064 5231 3372 5316 ἐπιτάττειν
3405 5241 3431 5270 ο
3467 5229 3616 5316 αὑτῷ

1940 5313 2238 5400 βαρύτερον
2265 5325 2417 5379 ἔσται
2444 5324 2538 5377 καὶ
2562 5320 2908 5391 ἀηδέστερον.
2941 5316 3006 5368 Τί
3029 5316 3264 5386 δήποτε;
3293 5313 3416 5366 Ὅτι
3436 5314 3616 5366 πᾶσαν

1939 5395 2191 5467 ἐκϐάλλει
2234 5409 2418 5480 φιλίαν
2449 5407 2545 5460 καὶ
2577 5403 2768 5475 ἡδονήν
2807 5399 2944 5472 αὕτη
2975 5400 3009 5470 ή
3043 5398 3152 5469 βία·
3201 5396 3387 5466 φιλίας
3428 5395 3486 5450 δὲ
3517 5396 3619 5449 οὑκ

1939 5498 2106 5569 οὕσης
2139 5495 2260 5549 οὐδὲ
2284 5493 2473 5557 πόθου,
2499 5489 2613 5544 ἀλλ’
2636 5488 2758 5540 ἀντὶ
2789 5484 2994 5569 τούτων
3027 5481 3194 5569 φόϐου
3227 5483 3321 5536 καὶ
3349 5481 3618 5555 ἀνάγκης,

1941 5566 2084 5644 τίνος
2109 5581 2138 5633 6
2157 5577 2395 5640 τοιοῦτος
2416 5575 2563 5640 ἄξιος
2585 5573 2737 5625 ἔσται
2768 5569 2948 5638 γάμος
2969 5566 3156 5620 λοιπόν
3179 5584 3194 5626 ς

1992 5665 2038 5717 Ν
2046 5663 2117 5717 Ε’,
2138 5662 2247 5714 Καὶ
2260 5659 2430 5713 ταῦτα
2451 5658 2596 5728 μὲνὴ
2617 5653 2752 5724 γυνὴ
2771 5654 2903 5706 ὅταν
2920 5648 3288 5724 εὕποροςῇΕί
3302 5649 3358 5702 δὲ
3379 5646 3620 5719 συμϐαίη

1942 5745 2146 5814 ταύτην
2185 5743 2283 5815 μὲν
2315 5740 2478 5813 μηδὲν
2503 5739 2668 5809 ἔχειν,
2710 5735 2803 5790 τὸν
2841 5735 2898 5788 δὲ
2943 5734 3112 5806 ἀνδρα
3157 5734 3426 5795 πλουτεῖν,
3459 5728 3620 5799 Θερά-

2011 5842 2037 5882 d
2066 5845 2189 5906 Reg.
2215 5841 2391 5906 ἄνωθεν
2409 5839 2539 5902 παρά
2558 5835 2645 5906 τοῦ
2673 5832 2818 5906 θεοῦ.

2011 5907 2039 5967 Ἀ
2073 5900 2195 5967 Begu
2220 5905 2277 5967 τὸ
2296 5905 2394 5967 τῶν
2409 5900 2644 5967 γυναικῶν
2662 5900 2812 5967 γένος.

2020 5963 2040 6003 ί
2071 5955 2200 6016 Βιρυε
2227 5955 2522 6025 Βαιἰιί‹)”ρι·ο
2548 5955 2837 6008 ὑποτάττειν.
2869 5955 3002 6005 Ιίοιτ.
