4020 6410
386 356 491 411 577

384 483 549 519 παινα
582 461 679 534 μὲν
711 461 827 517 ἀντὶ
852 459 1123 530 γαμετῆς,
1159 460 1254 512 καὶ
1288 460 1320 529 ἡ
1354 457 1615 527 ἐλευθέρα
1641 455 1847 522 γίνεται
1870 450 2055 534 δούλη,

385 541 478 595 καὶ
508 529 606 611 τὴν
647 541 780 610 αὐτῇ
812 529 1193 611 προσήκουσαν
1226 537 1538 608 παρρησίαν
1585 534 1921 592 ἀπολέσασα,
1947 529 2056 584 τῶν

383 624 785 694 ἀργυρωνήτων
815 620 966 672 οὐδὲν
995 621 1217 689 ἄμεινον
1233 618 1586 675 διακείσεται,
1609 614 1742 667 ἀλλὰ
1772 613 1876 666 κᾶν
1900 613 2060 665 ἀσελ-

1240 342 1297 397 S.
1337 336 1627 396 JOANNES
1662 327 2150 393 CHRYSOSTOMI
2194 326 2511 386 ARCIHEP.
2559 322 3106 386 CONSTANTINOP.

3749 322 3858 382 573

2165 448 2573 518 καταμάθωμεν
2609 447 2686 511 ('6;
2722 446 2967 500 δυνατόν’
3003 445 3141 515 μετά
3189 445 3476 518 ἀκριϐείας
3511 445 3623 517 γάρ
3662 447 3714 499 οί
3746 462 3858 499 παι-

2164 529 2348 592 θόντες
2393 529 2538 581 ἴσασι
2580 527 2751 596 μόνοι.
2807 527 3043 594 Ἑπέστη
3077 525 3177 595 τῆς
3220 526 3517 595 μνηστείας
3564 528 3594 578 6
3633 527 3855 594 καιρίιςο

2166 612 2261 663 καλ.
2287 609 2565 681 φροντίδες
2604 606 2805 669 εὐθέως
2830 606 3118 675 ἐπάλληλοι
3160 607 3255 658 καὶ
3292 605 3556 667 ποικίλαι,
3591 607 3717 658 τίνα
3747 608 3858 677 ἄρα

381 685 609 765 γάίνείν,
663 685 767 753 κᾶν
806 685 1083 769 παροινεῖν
1125 699 1331 758 ἐκεῖνος
1381 694 1563 764 ἐθέλῃ,
1608 694 1713 746 κᾶν
1766 693 1854 746 ἐπ’
1889 691 2060 760 αὐτὴν
2161 690 2389 761 λήψεται
2432 689 2622 769 ἄνδρα,
2793 687 3047 769 δυσγενῆ,
3210 685 3563 769 τῶνᾼάτίμων
3594 686 3860 769 τινᾷημὴ

382 782 538 848 ἄγειν
571 779 671 849 τὴν
713 778 926 850 ἐκείνης
964 776 1125 847 εὐνὴν
1158 774 1584 847 ἐταιριζομένων
1634 772 1841 841 πλῆθος
1871 789 2061 841 γυναι-

383 862 516 925 κῶν,
539 860 721 914 πάντα
746 860 933 931 φέρειν
967 861 1178 929 ἀνάγκη
1204 858 1297 911 καὶ
1331 855 1670 925 ἀσμενίζειν,
1695 854 1727 924 ἢ
1755 855 1853 922 τῆς
1883 853 2060 916 οἰκίας

383 942 657 993 ἐκπεσεῖν.
695 930 901 993 Καὶ.νού
939 937 1096 990 τοῦτο
1141 938 1298 1007 μόνον
1344 936 1460 988 ἐστ)⁵
1510 935 1570 986 τὸ
1612 930 1805 995 δεινὸν,
1838 931 1953 985 ἀλλ’
1981 932 2062 983 ὅτι

383 1018 608 1089 τάνδρὸς
638 1018 780 1072 οὕτω
807 1017 1174 1087 διακειμένου,
1210 1014 1334 1069 οὕτε
1356 1014 1616 1077 οἰκέταις,
1642 1013 1765 1067 οὔτε
1794 1012 2062 1082 θεραπαι-

391 1098 490 1149 νίσι
540 1100 653 1166 μετ’
697 1097 1007 1166 ἐλευθερίας
1042 1096 1351 1148 ἐπιτάττειν
1382 1094 1694 1165 δυνήσεται,
1727 1090 1841 1144 ἀλλ’
1874 1090 2063 1158 ὥσπερ

385 1177 443 1226 ἐυ
473 1175 771 1244 ἀλλοτρίοις
792 1174 960 1238 ζῶσα,
999 1174 1091 1227 καὶ
1118 1174 1228 1225 τῶν
1255 1172 1315 1225 οὐ
1347 1171 1735 1243 προσηκόντων
1760 1166 2064 1222 ἀπολαύου-

386 1271 475 1317 σαι
513 1255 605 1307 καὶ
632 1254 866 1326 δεσπότῃ
907 1253 1166 1325 μάλλονῆ
1204 1253 1361 1324 ἀνδρὶ
1402 1249 1748 1311 συνοικοῦσα,
1774 1247 1932 1326 οὕτω
1970 1247 2065 1326 καλ.

385 1334 644 1403 πράττειν
684 1335 779 1386 καὶ
815 1324 1045 1403 πάσχειν
1084 1331 1302 1385 ἅπαντα
1336 1329 1729 1397 ἀναγκάζεται.
1772 1324 1835 1379 El
1885 1326 1941 1379 δὲ
1969 1325 2065 1378 καὶ

385 1413 442 1479 ἐξ
466 1412 668 1481 ὁμοίων
688 1429 773 1476 τις
801 1411 974 1466 ἐθέλοι
994 1411 1215 1480 γαμεῖν,
1242 1408 1406 1462 πάλιν
1433 1407 1512 1477 τῷ
1530 1407 1634 1477 τῆς
1668 1405 1946 1474 ὑποταγῆς
1974 1403 2064 1458 νό-

387 1509 474 1562 μῳ
510 1490 569 1543 εά
590 1491 690 1562 τῆς
717 1490 1008 1561 ὁμοτιμίας
1028 1490 1367 1558 λυμαίνεται,
1396 1488 1489 1542 τοῦ
1515 1488 1613 1557 τῆς
1644 1486 1833 1562 οὐσίας
1864 1485 2064 1555 μέτρου

386 1561 665 1633 πείθοντος
718 1570 888 1640 αὐτὴν
940 1568 1251 1636 ἐξισοῦσθαι
1297 1568 1376 1639 τῷ
1418 1568 1592 1640 ἀνδρί.
1633 1566 1701 1619 Τί
1750 1561 1846 1619 οὖν
1876 1565 1942 1618 ἄν
1981 1580 2065 1626 τις

386 1651 632 1722 ποιήσειε
665 1648 932 1720 τοσαύτης
964 1648 1251 1712 δυσκολίας
1290 1646 1571 1718 πανταχοῦ
1609 1645 1777 1717 οὔσης
1797 1662 1813 1711 ;
1837 1644 1928 1714 Μὴ
1953 1643 2065 1714 γάρ

389 1748 502 1802 μοι,
532 1728 687 1781 εἵπου
716 1726 920 1797 σφόδρα
949 1728 1119 1796 ὀλίγοι
1151 1728 1244 1782 καὶ
1278 1726 1636 1799 εὐαρίθμητοι
1679 1724 1852 1778 ταῦτα
1879 1723 2065 1802 διέφυ-

387 1799 483 1877 γον
511 1808 697 1877 γάμοι,
728 1806 951 1870 τούτους
992 1808 1073 1870 είς
1109 1807 1276 1876 μέσον
1310 1806 1546 1876 ἀγάγῃς·
1578 1804 1638 1856 οὐ
1675 1803 1785 1875 γάρ
1814 1801 1921 1856 ἀπὸ
1952 1799 2065 1853 τῶν

389 1886 776 1950 σπανιζόντων,
807 1885 919 1938 ἀλλ’
954 1884 1062 1938 ἀπὸ
1089 1885 1195 1937 τῶν
1237 1885 1324 1937 ἀεὶ⁸
1349 1883 1759 1953 συμϐαινόντων
1787 1900 2068 1954 χαρακτη-

389 1968 557 2038 ρίζειν
581 1967 648 2020 τά
687 1965 986 2035 πράγματα
1020 1966 1308 2035 προσήκει.
1346 1963 1471 2015 Ἐπὶ
1507 1961 1607 2033 μὲν
1644 1962 1755 2033 γάρ
1784 1963 1884 2033 τῆς
1919 1979 2065 2033 παρ-

387 2045 569 2109 θενίας
597 2044 853 2098 δύσκολον
890 2044 1064 2099 ταῦτα
1103 2042 1382 2111 γενέσθαι,
1426 2041 1627 2112 μᾶλλον
1675 2043 1733 2095 δὲ
1783 2041 2064 2106 ἀδύνατον,

387 2126 482 2179 ἐπὶ
508 2126 566 2180 δὲ
586 2124 696 2178 τῶν
727 2124 923 2195 γάμων
944 2122 1203 2177 δύσκολον
1240 2123 1315 2193 μὴ
1345 2119 1622 2191 γενέσθαι.

458 2257 605 2328 NQ”.
627 2261 690 2312 Εί
709 2258 765 2312 δὲ
798 2259 889 2312 ἐπὶ
916 2262 1029 2323 τοῖς
1044 2258 1294 2314 δοκοῦσιν
1327 2255 1468 2313 εἶναι
1494 2259 1773 2332 χρηστοῖς,
1806 2255 2067 2311 τοσαῦται

386 2339 663 2394 τίκτονται
686 2338 867 2410 ἀηδίαι
891 2340 985 2391 καὶ
1009 2340 1370 2411 συμφοραὶ,τί
1399 2340 1465 2394 ἀν
1493 2357 1578 2404 τις
1606 2338 1699 2392 ἐπὶ
1719 2340 1833 2402 τοῖς
1857 2336 2067 2408 ώμολο-

387 2420 649 2491 γημένοις
676 2419 818 2471 είποι
839 2417 1137 2489 λυπηροῖς;
1170 2418 1246 2471 Οὐ
1277 2418 1388 2489 γὰρ
1413 2419 1553 2491 ὑπὲρ
1587 2419 1705 2482 ἐνὸς
1738 2418 1944 2472 δέδοικε
1980 2416 2070 2469 θαι

391 2500 553 2552 νάτου
583 2498 762 2568 μόνον,
796 2496 973 2550 καίτοι
996 2512 1059 2565 γε
1089 2495 1238 2561 ἅπαξ
1260 2498 1527 2566 μέλλουσα
1549 2494 2001 2551 ἐναποθανεῖσθαι
2024 2503 2065 2559 ⁸,

389 2578 509 2632 οὐδὲ
529 2576 667 2650 ὑπὲρ
703 2578 831 2647 μιᾶς
851 2578 1129 2645 φροντίζει
1159 2577 1337 2649 ψυχῆς
1360 2581 1489 2650 μίαν
1520 2578 1720 2649 ἔχουσα
1760 2578 1949 2649 μόνην,
1972 2576 2070 2627 ἀλ-

391 2657 459 2713 λά
492 2657 681 2728 τρέμει
725 2656 825 2726 μὲν
868 2658 1008 2727 ὑπὲρ
1051 2658 1264 2729 ἀνδρὸς,
1304 2659 1499 2729 τρέμει
1550 2659 1608 2712 δὲ
1659 2658 1800 2729 ὑπὲρ
1840 2656 2069 2720 παίδων,

388 2738 581 2809 τρέμει
633 2738 691 2792 δὲ
740 2737 880 2809 ὑπὲρ
925 2738 1033 2790 τῶν
1083 2737 1314 2801 ἐκείνοις
1368 2739 1757 2810 προσηκόντων
1788 2736 2069 2807 γυναικῶν

389 2818 554 2872 πάλιν
587 2819 680 2871 καὶ
715 2817 941 2889 παίδων,
970 2818 1064 2871 καὶ
1092 2817 1311 2887 ὅσῳπερ
1339 2815 1407 2871 ἂν
1434 2820 1513 2881 είς
1540 2817 1796 2880 πλείονας
1823 2816 2071 2885 ἐκτείνη-

391 2912 482 2952 ται
540 2898 766 2961 κλάδους
822 2899 857 2968 ὴ
910 2896 1056 2969 ῥίζα,
1088 2896 1329 2968 τοσούτῳ
1377 2896 1664 2961 πλεονάζει
1721 2895 1816 2950 καὶ
1862 2897 1931 2950 τά
1964 2895 2072 2949 τῶν

391 2979 688 3051 φροντίδων
724 2978 882 3049 αὐτῇ*
931 2978 1025 3030 καὶ
1070 2976 1192 3031 καθ’
1227 2977 1458 3031 ἕκαστον
1509 2977 1712 3051 τούτων
1751 2977 1860 3029 εἴτε
1898 2976 2073 3047 ζημία

391 3048 710 3130 χρημάτων,
732 3048 841 3110 εἴτε
878 3055 1131 3126 σώματος
1157 3056 1463 3127 ἀρρωστία,
1490 3048 1816 3128 εἴτεέτερόν
1841 3073 1894 3108 τι
1933 3071 1997 3107 συ
2006 3073 2072 3125 μ-

392 3139 517 3208 ϐαίη
548 3137 658 3192 τῶν
687 3135 1022 3207 ἀϐουλήτων,
1051 3136 1264 3207 ἀνάγκη
1297 3136 1590 3190 κόπτεσθαι
1613 3137 1707 3190 καὶ
1728 3135 1947 3207 θρηνεῖν
1963 3135 2072 3187 τῶν

393 3218 710 3288 πασχόντων
749 3216 849 3287 οὐχ
889 3212 1051 3287 ἦττον
1094 3217 1294 3270 αὐτῶν’
1337 3216 1444 3271 κᾶν
1486 3217 1583 3288 μὲν
1651 3216 2071 3289 προαπέλθωσιν

393 3299 652 3363 ἅπαντες,
689 3296 961 3368 ἀφόρητον
995 3296 1056 3350 τὸ
1089 3296 1304 3361 πένθος·
1336 3296 1402 3351 ἂν
1430 3296 1488 3349 δέ
1518 3299 1566 3350 οἱ
1601 3297 1699 3367 μὲν
1733 3297 1992 3368 μένωσιν,
2021 3296 2070 3349 οἱ

393 3373 455 3429 δέ
469 3376 670 3449 ἀώροις
700 3374 1039 3445 ἀπενεχθῶσι
1074 3375 1346 3440 θανάτοις,
1369 3377 1491 3429 οὐδέ
1522 3373 1665 3429 οὕτω
1698 3375 1947 3447 καθαρὰν
1981 3371 2074 3426 εὖ-

398 3472 480 3527 ροι
515 3472 599 3518 τις
629 3453 695 3507 ἂν
723 3451 1096 3523 παραμυθίαν.
1144 3454 1204 3506 Ὁ
1244 3454 1355 3525 γάρ
1387 3453 1529 3525 ὑπὲρ
1571 3452 1681 3507 τῶν
1718 3451 1936 3516 ζώντων
1983 3452 2074 3505 ἀεὶ

394 3536 559 3605 φόϐος
607 3532 915 3587 κατασείων
962 3534 1063 3604 τὴν
1106 3533 1285 3605 ψυχὴν
1323 3535 1423 3587 οὐκ
1451 3535 1690 3588 ἐλάττων
1716 3534 1815 3604 τῆς
1837 3533 1930 3586 ἐπὶ¹
1958 3535 2073 3594 τοῖς

393 3614 806 3682 τετελευτηκόσι
850 3616 1055 3685 γίνεται
1087 3614 1283 3686 λύπης,
1319 3615 1435 3671 ἀλλ’
1460 3619 1508 3669 εί
1551 3617 1631 3670 δεῖ
1657 3634 1711 3669 τι
1738 3616 1832 3669 καὶ
1859 3614 2073 3685 θαυμα-

397 3699 523 3753 στόν
549 3700 743 3765 εἰπεῖν,
772 3695 1170 3770 χαλεπώτερος.
1200 3696 1308 3766 Τὴν
1347 3696 1447 3765 μὲν
1487 3695 1595 3766 γάρ
1624 3695 1717 3748 ἐπὶ
1742 3697 1857 3759 τοῖς
1891 3711 2073 3749 κεκοι-

398 3778 662 3850 μημένοις
699 3779 938 3850 ἀθυμίαν
973 3776 1001 3828 6
1035 3774 1227 3846 χρόνος
1265 3774 1527 3845 ἐμάλαξε,
1566 3776 1665 3838 τάς
1698 3774 1757 3827 δέ
1794 3774 1934 3846 ὑπὲρ
1962 3774 2073 3828 τῶν

397 3857 612 3922 ζώντων
654 3857 938 3928 φροντίδας
976 3854 1157 3923 μένειν
1190 3854 1403 3925 ἀνάγκη
1439 3853 1754 3917 διαπαντὸς,
1792 3852 1825 3923 ἢ
1855 3853 2072 3923 θανάτῳ

397 3935 708 3990 παύσασθαι
736 3933 902 4008 μόνῳ.
938 3934 999 3986 Ei
1032 3932 1090 3986 δὲ
1132 3935 1247 3996 τοῖς
1283 3933 1506 3997 οίκείοις
1543 3935 1643 3986 οὐκ
1685 3931 1833 4004 [516]
1867 3931 2073 4003 ἀρκοῦ-

399 4030 500 4084 μεν
534 4013 751 4077 πάθεσι,
789 4013 942 4065 ποῖον
980 4009 1290 4081 βιωσόμεθα
1323 4009 1436 4081 βίον
1476 4008 1573 4073 τὰς
1607 4010 1811 4082 ἐτέρων
1861 4009 2073 4064 πενθεῖν

395 4091 828 4163 ἀναγκαζόμενοι
853 4090 1170 4161 συμφοράς;
1196 4088 1396 4143 Πολλαὶ
1432 4089 1690 4152 πολλάκις
1722 4088 1968 4156 ἐγένοντο
1989 4106 2076 4157 γο-

395 4172 532 4225 νέων
558 4171 846 4243 λαμπρῶν,
878 4172 1261 4243 ἀνετράφησαν
1291 4168 1433 4240 μετά
1465 4168 1667 4239 πολλῆς
1694 4169 1793 4237 τῆς
1831 4168 2070 4238 τρυφῆς,

397 4250 719 4321 ἐξεδόθησάν
768 4268 876 4304 τινι
920 4250 1029 4305 τῶν
1085 4248 1295 4320 μεγάλα
1327 4248 1641 4319 δυναμένων
1682 4247 1915 4318 ἀνδρῶν,
1954 4243 2074 4300 εἶτα

398 4330 659 4401 ἐξαίφνης
681 4331 810 4401 πρὶν
836 4328 928 4382 ἐπὶ
949 4326 1160 4392 τούτοις
1192 4329 1621 4399 μακαρισθῖψαι,
1651 4326 1901 4381 κινδύνου
1928 4327 2074 4389 τινὸς

399 4409 648 4477 καθάπερ
678 4407 991 4476 καταιγίδος
1023 4407 1057 4477 ἢ
1091 4406 1404 4477 πνεύματος
1453 4407 1885 4479 προσπεσόντος,
1938 4424 2074 4459 κατ-

398 4486 593 4539 έδυσαν
628 4486 724 4538 καὶ
758 4481 939 4548 αὗται,
982 4487 1079 4538 καὶ
1108 4483 1218 4537 τῶν
1260 4486 1353 4539 τοῦ
1400 4487 1663 4556 ναυαγίου
1693 4485 2072 4556 συμμετέσχσν

399 4564 607 4631 δεινῶν,
634 4567 730 4619 καὶ
763 4564 969 4636 μυρίων
997 4563 1103 4634 πρὸ
1127 4560 1222 4614 τοῦ
1260 4564 1438 4633 γάμου
1468 4563 1647 4618 καλῶν
1676 4562 2071 4631 ἀπολαύουσαι,

399 4644 537 4714 πρὸς
560 4647 657 4714 τὴν
684 4644 919 4713 ἐσχάτην
952 4640 1060 4694 ἀπὸ
1081 4639 1176 4693 τοῦ
1205 4641 1387 4711 γάμου
1417 4641 1724 4693 κατέπεσαν
1764 4643 2069 4713 συμφοράν.

414 4722 553 4775 Ἀλλ’
577 4723 639 4774 οὐ
671 4722 865 4784 ταῦτα,
897 4721 1051 4791 φησὶ,
1080 4720 1269 4782 πᾶσιν,
1303 4719 1425 4773 οὐδὲ
1468 4721 1557 4774 ἀεὶ
1584 4720 1917 4790 συμπίπτειν
1950 4721 2069 4773 εἴω-

671 4738 865 4784 ταυτα,
897 4737 1051 4784 φησι,
1080 4737 1269 4782 πασιν,
1303 4737 1425 4773 ουοε
1468 4737 1557 4774 αει
1584 4737 1917 4784 συμπιπτειν
1950 4737 2073 4773 ειω-

402 4804 514 4866 θεν,
540 4801 653 4855 ἀλλ’
682 4801 802 4853 οὐδὲ
832 4800 1047 4853 πάντων
1065 4796 1395 4869 κεχώρισται
1425 4799 1541 4867 (καὶ
1568 4798 1679 4869 γὰρ
1705 4797 1815 4867 ἐγὼ
1841 4797 1910 4851 τά
1933 4799 2073 4852 αὐτά

401 4885 565 4939 πάλιν
594 4881 749 4954 ἐρῶ),
784 4879 923 4933 ἀλλά
947 4880 1059 4940 τοῖς
1088 4878 1186 4947 μὲν
1212 4879 1307 4931 καὶ
1328 4878 1415 4932 διά
1443 4879 1544 4948 τῆς
1570 4879 1767 4949 πείρας
1812 4877 2068 4948 ἐπῆλθον,

400 4963 516 5017 ὅσοι
539 4962 599 5016 δέ
626 4954 723 5027 τὴν
750 4960 945 5030 πεῖραν
969 4956 1246 5026 διέφυγον,
1270 4956 1491 5018 τούτους
1511 4958 1601 5011 διὰ
1618 4958 1719 5028 τῆς
1748 4958 2072 5030 προσδοκίας

401 5043 612 5113 ἠνίασε.
637 5037 911 5111 Παρθένος
929 5036 984 5089 δὲ
1011 5036 1159 5089 πᾶσα
1193 5035 1287 5089 καὶ
1314 5037 1412 5108 τῆς
1438 5037 1631 5109 πείρας
1657 5037 1752 5092 καὶ
1775 5037 1873 5108 τῆς
1904 5056 2074 5109 προσ-

403 5122 587 5185 δοκίας
608 5120 757 5173 ἐστὶν
788 5114 1056 5188 ἀνωτέρα.

463 5244 587 5298 NZ".
606 5238 753 5308 Πλὴν
765 5238 879 5293 ἀλλ’
901 5239 950 5291 εί
976 5236 1123 5292 δοκεῖ
1147 5238 1331 5293 ἐκεῖνα
1358 5240 1608 5311 ἀφέντες,
1622 5242 1663 5296 δι
1685 5242 2068 5311 συγκεκλήρω-

397 5348 490 5387 ται
523 5330 684 5402 φύσει
708 5327 794 5399 τῷ
816 5326 1002 5398 γάμῳ,
1036 5326 1132 5381 καὶ
1160 5327 1306 5399 ἅπερ
1334 5328 1509 5393 οὐδεὶς
1543 5331 1609 5384 ἂν
1629 5328 1754 5383 οὕτε
1778 5328 1921 5384 ἑκὼν
1945 5330 2068 5385 οὔτε

400 5422 547 5474 ἄκων
588 5416 862 5486 διαφύγοι,
899 5414 1072 5469 ταῦτα
1113 5415 1533 5486 διασκεψώμεθα
1569 5416 1664 5471 νῦν
1692 5417 1741 5472 ι).
1802 5417 1937 5471 Τίνα
1978 5413 2071 5472 οῦν

402 5512 520 5563 ἐστι
543 5506 748 5571 ταῦτας
790 5504 985 5567 Ὠδίνες
1032 5503 1126 5557 καλ⁵
1175 5503 1325 5556 τόκοι
1367 5504 1461 5556 καὶ
1506 5505 1715 5558 παιδία.
1750 5505 1971 5560 Μᾶλλον
2014 5506 2072 5558 δέ

402 5595 658 5664 ἀνωτέρω
696 5594 788 5646 τὸν
823 5593 977 5658 λόγον
1012 5593 1330 5661 ἀγάγωμεν,
1370 5594 1463 5644 καὶ
1500 5591 1568 5645 τὰ
1608 5593 1714 5664 πρὸ
1750 5592 1846 5646 τοῦ
1888 5594 2069 5664 γάμου

462 5816 487 5844 ⁸
514 5815 628 5864 "me
652 5822 732 5861 est
755 5812 992 5877 scrjptura
1016 5817 1204 5867 Savilii.
1223 5819 1336 5869 Alio
1360 5825 1428 5871 et.
1455 5825 1509 5868 ut
1533 5820 1745 5877 vidntur,
1777 5822 1938 5869 minus
1963 5820 2067 5869 ido-

395 5890 491 5944 ηερ
512 5875 854 5944 gensu-Monlf2
890 5878 1111 5944 καίτοιχε
1133 5880 1235 5936 μέλ.
1268 5880 1644 5931 ἐναποθανεῖσθαι
1667 5875 1802 5944 μόνη.
1834 5886 1967 5934 Eon.

457 5936 489 5986 b
514 5939 630 5997 Reg.
661 5937 1027 5994 ἐπισκεψώμεθα
1048 5937 1150 5985 νῦν.

2162 770 2391 841 αὐθάδη,
2425 768 2501 840 μὴ
2532 766 2847 832 ἀπατεῶνα,
2888 767 2961 837 μὴ
2986 765 3242 830 ἀλαζόνα,
3280 766 3355 837 μὴ
3390 765 3621 836 θρασὺν,
3652 766 3729 837 μὴ
3752 766 3858 836 {1;-

2160 850 2415 913 λότυπον,
2463 847 2538 919 μὴ
2572 846 2892 918 μικρολόγον
2926 845 3069 906 τινὰ,
3111 844 3186 916 μὴ
3230 847 3423 917 εὐήθη,
3472 847 3548 917 μὴ
3588 847 3858 918 πονηρὸν,

2168 928 2241 999 μὴ
2272 927 2526 998 σκληρὸν,
2568 926 2641 997 μὴ
2677 925 2957 995 ἄνανδρον.
2997 926 3182 979 Ταῦτα
3215 925 3325 997 γὰρ
3355 925 3572 979 ἃπαντα
3614 928 3857 998 συμϐαί-

2166 1032 2277 1067 νειν
2310 1013 2407 1082 μὲν
2438 1013 2538 1065 οὐκ
2582 1012 2796 1082 ἀνάγκη
2840 1012 2958 1075 ταῖς
3002 1011 3381 1080 γαμουμέναις
3434 1012 3702 1076 ἀπάσαις,
3751 1031 3857 1083 με-

2170 1094 2366 1163 ριμνᾷν
2402 1091 2458 1146 δὲ
2491 1093 2707 1160 ἀνάγκη
2736 1092 2829 1144 καὶ
2869 1088 3176 1159 φροντίζειν
3207 1090 3425 1144 ἅπαντα
3456 1102 3505 1130 ε·
3549 1090 3705 1145 οὔπω
3744 1095 3863 1166 γάρ

2166 1170 2317 1234 ὄντος
2361 1172 2453 1225 τοῦ
2482 1170 2973 1242 κληρωθησομένου
3005 1170 3183 1241 δήλου,
3211 1170 3327 1224 ἀλλ’
3353 1171 3434 1224 ἔτι
3480 1172 3574 1243 τῆς
3632 1170 3861 1239 ἐλπίδος

2171 1250 2446 1321 μετεώρου
2484 1251 2772 1323 μενούσης,
2802 1252 2979 1306 πάντα
3010 1255 3042 1322 ἡ
3072 1252 3219 1323 ψυχὴ
3243 1252 3452 1307 δέδοικε
3500 1254 3596 1308 καὶ
3631 1256 3856 1327 τρέμει,

2168 1335 2259 1387 καὶ
2279 1334 2431 1387 οὐδέν
2451 1332 2598 1386 ἐστιν
2624 1332 2762 1405 ὅπερ
2783 1333 2843 1387 66
2865 1331 3137 1401 λογίζεται
3165 1333 3390 1408 τούτων.
3418 1333 3479 1387 Εἰ
3504 1334 3561 1387 δὲ
3590 1334 3743 1404 λέγοι
3767 1354 3860 1401 τις

2165 1415 2246 1467 ὅτι
2277 1414 2371 1468 καὶ
2394 1413 2461 1467 τά
2486 1412 2704 1467 ἐναντία
2729 1414 3087 1486 προσδοκῶσα
3112 1413 3496 1484 εὐφραίνεσθαι
3523 1414 3731 1469 δύναιτ’
3765 1417 3861 1480 ἂν,

2167 1493 2226 1551 εὖ
2264 1497 2396 1550 ίστω
2415 1495 2497 1548 ὅτι
2523 1495 2622 1566 οὐχ
2655 1494 2829 1558 οὕτως
2857 1495 3004 1565 ἡμᾶς
3024 1497 3079 1548 αξ
3107 1494 3218 1548 τῶν
3250 1493 3472 1562 ἀγαθῶν
3501 1495 3719 1560 ἐλπίδες
3748 1516 3863 1551 πα-

2170 1572 2556 1646 ραμυθοῦνται,
2586 1573 2662 1635 ώς
2701 1575 2757 1627 αἱ
2790 1573 2899 1627 τῶν
2928 1575 3184 1645 πονηρῶν
3235 1574 3554 1644 προσδοκίαι
3594 1575 3858 1629 λυποῦσι.

2168 1656 2249 1709 Τὰ
2286 1655 2383 1726 μὲν
2413 1654 2523 1725 γὰρ
2561 1654 2745 1721 ἀγαθά
2788 1654 2919 1707 ὅταν
2963 1653 3193 1724 ἐλπισθῇ
3235 1652 3490 1723 βεϐαίως,
3522 1654 3648 1707 τότε
3689 1655 3864 1725 μόνον

2166 1734 2339 1788 τίκτει
2372 1734 2471 1805 τὴν
2502 1734 2714 1805 ἡδονήν
2750 1731 2821 1786 τὰ
2859 1732 2916 1785 δὲ
2967 1732 3114 1786 κακά
3157 1732 3260 1786 κᾶν
3300 1733 3615 1803 ὑποπτευθῇ
3668 1734 3861 1804 μόνον.

2167 1813 2367 1877 εὐθέως
2406 1813 2627 1884 συνέχεε
2678 1814 2771 1868 καὶ
2808 1812 3140 1884 συνετάραξε
3186 1812 3285 1886 τὴν
3318 1813 3518 1884 ψυχήν.
3556 1815 3776 1886 Ὠσπερ
3800 1815 3865 1867 δὲ

2169 1892 2262 1946 ἐπὶ
2300 1891 2407 1945 τῶν
2436 1891 2787 1963 ἀνδραπόδων
2822 1893 2855 1964 ἠ
2886 1892 2995 1945 τῶν
3025 1892 3300 1964 ἐσομένων
3343 1893 3540 1965 ἀδηλία
3574 1893 3866 1948 δεσποτῶν

2167 1971 2267 2026 οὐκ
2290 1972 2512 2041 ἀφίησιν
2542 1969 2820 2042 ἠρεμῆσαι
2849 1970 2948 2043 τὴν
2976 1972 3200 2025 ἐκείνοιν
3225 1970 3426 2044 ψυχὴν,
3458 1971 3601 2027 οὕτω
3630 1975 3726 2026 καί⁸
3762 1974 3864 2026 ἐπὶ

2167 2052 2274 2105 τῶν
2329 2051 2617 2120 παρθένων
2670 2052 2850 2105 πάντα
2894 2051 2986 2105 τὸν
3032 2051 3140 2104 ἀπὸ
3176 2051 3277 2122 τῆς
3319 2052 3618 2122 μνηστείας
3656 2051 3867 2122 καιρὸν

2169 2130 2554 2204 χειμαζομένῳ
2600 2130 2773 2201 πλοίῳ
2829 2132 3153 2203 προσέοικεν
3212 2129 3394 2187 αὐτῶν
3442 2133 3475 2201 ή
3508 2129 3679 2202 ψυχὴ,
3728 2133 3863 2186 καθ’

2169 2211 2406 2281 ἑκάστην
2460 2210 2673 2281 ἡμέραν
2729 2209 2838 2263 τῶν
2877 2209 3081 2279 γονέων
3128 2213 3256 2276 τοὺς
3286 2213 3386 2281 μὲν
3430 2211 3782 2282 κρατούντων
3803 2209 3863 2271 δ.

2168 2292 2295 2354 τοὺς
2317 2290 2375 2344 δὲ
2406 2288 2799 2343 ἐκϐαλλόντων.
2826 2290 2930 2341 Τδν
2954 2290 3066 2359 γάρ
3086 2291 3387 2360 νικήσαντα
3415 2290 3542 2361 χθὲς
3569 2289 3680 2341 τῶν
3714 2307 3862 2359 μνη-

2172 2373 2386 2442 στήρων
2418 2371 2658 2440 σήμερον
2688 2366 3161 2438 παρευδοκίμησεν
3186 2369 3272 2423 ἒτε
3283 2386 3392 2441 ρος,
3420 2368 3515 2422 καὶ
3541 2368 3733 2421 τοῦτον
3753 2370 3862 2422 πά⁴

2168 2448 2252 2502 λιν
2286 2447 2538 2514 ἐξέϐαλεν
2570 2446 2749 2509 ἄλλος.
2798 2449 2953 2500 Ἔστι
2984 2447 3040 2501 δὲ
3073 2448 3163 2501 ὅτε
3198 2449 3295 2502 καὶ
3344 2448 3485 2519 πρὸς
3518 2447 3712 2510 αὐταῖς
3758 2445 3864 2501 τοῦ

2170 2528 2351 2598 γάμου
2380 2529 2497 2590 ταῖς
2537 2525 2729 2596 θύραις
2760 2527 2789 2578 6
2830 2528 2929 2596 μὲν
2964 2526 3360 2598 προσδοκηθεὶς
3397 2527 3629 2595 νυμφίος
3667 2528 3861 2590 κεναῖς

2169 2607 2383 2677 ἀπῆλθε
2420 2605 2596 2676 χερσὶ,
2626 2603 2703 2675 τῷ
2741 2604 2797 2656 δέ
2839 2605 2912 2675 μὴ
2947 2604 3255 2658 ἐλπισθέντι
3283 2605 3384 2674 τὴν
3415 2604 3583 2675 κόρην
3607 2604 3866 2673 παρέδωο

2171 2703 2273 2740 καν
2306 2687 2354 2739 οί
2385 2686 2579 2755 γονεῖς.
2612 2686 2689 2738 U6
2725 2686 2981 2751 γυναῖκες
3025 2684 3081 2737 δὲ
3126 2684 3307 2755 μόνον,
3342 2683 3478 2739 ἀλλά
3530 2683 3623 2737 καὶ
3663 2684 3864 2757 ἄνδρες

2171 2768 2415 2840 χαλεπὰς
2458 2767 2640 2836 έχουσι
2675 2765 2775 2829 τὰς
2813 2765 3119 2836 φροντίδας.
3168 2765 3404 2830 Τούτους
3448 2766 3549 2837 μὲν
3594 2766 3705 2835 γὰρ
3764 2765 3863 2818 καὶ

2172 2849 2649 2919 πολυπραγμονεῖν
2691 2846 2889 2910 ἔνεστι,
2934 2845 3032 2916 τὴν
3070 2846 3127 2899 δὲ
3160 2844 3308 2899 ἔνδον
3348 2845 3862 2916 συγκεκλεισμένην

2170 2924 2465 2991 διαπαντὸς
2514 2925 2631 2990 πῶς
2660 2927 2726 2981 ἀν
2767 2944 2849 2991 τις
2891 2931 3314 2998 περιεργάσαιτο
3342 2926 3561 2998 τρόπων
3594 2926 3791 2979 ἕνεκεν
3827 2925 3861 2996 ἢ

2176 3006 2423 3078 μορφῆς;
2453 3005 2564 3057 Καὶ
2580 3004 2753 3058 ταῦτα
2787 3004 2886 3077 μὲν
2911 3007 3052 3059 κατά
3077 3011 3168 3061 τὸν
3189 3006 3286 3077 τῆς
3315 3007 3610 3079 μνηστείας
3633 3005 3860 3076 καιρόν·

2171 3087 2299 3139 ὅταν
2325 3086 2381 3138 δὲ
2412 3086 2440 3138 6
2466 3083 2561 3137 τοῦ
2590 3083 2771 3153 γάμου
2796 3086 3190 3156 παραγίνηται,
3222 3084 3529 3139 ἐπιδίδωσιν
3555 3089 3587 3156 ἠ
3619 3086 3860 3153 ἀγωνία,

2173 3165 2269 3218 καὶ
2298 3165 2396 3234 τῆς
2427 3165 2623 3235 ἡδονῆς
2655 3165 2854 3218 πλείων
2887 3163 2917 3217 6
2951 3165 3135 3234 φόϐος,
3180 3167 3392 3235 μήποτε
3423 3166 3516 3218 ἀπ’
3551 3167 3725 3238 αὐτῆς
3759 3167 3863 3236 τῆς

2174 3242 2414 3315 ἑσπέρας
2444 3244 2614 3316 ἀηδής
2644 3260 2733 3306 τις
2757 3239 2897 3297 εἶναι
2927 3244 3074 3316 δόξῃ,
3103 3247 3198 3298 καὶ
3226 3245 3328 3315 τῆς
3361 3246 3693 3316 προσδοκίας
3730 3245 3866 3298 πολ-

2172 3323 2251 3392 λῷ
2280 3323 2698 3394 καταδεεστέρα.
2725 3323 2836 3394 Τὴν
2871 3324 2974 3393 μὲν
2996 3325 3104 3395 γάρ
3132 3324 3287 3393 παρὰ.
3312 3325 3410 3396 τὴν
3439 3326 3612 3396 ἀρχὴν
3639 3326 3863 3379 εὐδοκι-

2178 3405 2430 3474 μήσασαν
2462 3402 2691 3472 ὕστερον
2724 3403 3207 3473 καταφρονηθῆναι
3233 3407 3489 3476 φορητόν·
3517 3408 3647 3459 ὅταν
3678 3407 3736 3459 δὲ
3760 3404 3864 3459 ἀπ’

2175 3483 2368 3553 αὐτῆς,
2401 3482 2477 3547 ὼς
2513 3483 2582 3539 ἂν
2612 3485 2755 3537 εἴποι
2793 3499 2897 3547 τις,
2943 3483 3042 3552 τῆς
3086 3484 3353 3555 γραμμῆς
3396 3483 3549 3556 [ειη
3595 3485 3864 3554 φαίνηται

2177 3563 2511 3634 προσκορὴς,
2555 3562 2687 3616 πότε
2728 3562 3015 3631 δυνήσεται
3054 3562 3433 3634 θαυμασθῆναι
3490 3565 3709 3630 λοιπόνς
3745 3568 3864 3621 Καὶ

2179 3644 2253 3713 μή
2297 3660 2386 3712 μοι
2430 3642 2589 3696 τοῦτο
2624 3641 2806 3717 εἴπῃς,
2845 3643 2910 3696 Τί
2944 3643 3023 3701 δὲ.
3065 3643 3131 3696 ἀν
3170 3642 3443 3713 εὔμορφος
3490 3640 3624 3697 οὖσα
3680 3646 3859 3716 τύχῃ;

2177 3720 2311 3775 Οὐδὲ
2343 3720 2452 3792 γὰρ
2482 3721 2623 3775 οὕτω
2654 3722 2855 3794 ταύτης
2883 3721 3225 3793 ἀπήλλακται
3252 3724 3352 3793 τῆς
3380 3724 3682 3793 φροντίδος.
3714 3727 3861 3779 Πολ-

2175 3799 2264 3853 λαὶ
2318 3800 2450 3869 γοῦν
2489 3800 2862 3872 διαλάμψασαι
2912 3801 3118 3872 σφόδρα
3156 3801 3307 3854 κατάι
3341 3803 3441 3871 τὴν
3473 3802 3567 3855 τοῦ
3600 3801 3863 3872 σώματος

2175 3879 2325 3951 ὥραν
2362 3880 2464 3932 οὐκ
2502 3880 2729 3951 ἴσχυσαν
2760 3882 2887 3943 τοὺς
2921 3881 3119 3951 ἄνδρας
3146 3881 3353 3934 ἑαυτῶν
3381 3883 3538 3947 ἑλεῖν,
3572 3882 3710 3935 ἀλλά
3748 3885 3861 3951 ἀφ-

2176 3961 2327 4024 έντες
2357 3958 2524 4033 αὐτὰς
2547 3962 2742 4016 ἐκεῖνοι
2771 3963 2890 4023 ταῖς
2913 3961 3118 4031 σφόδρα
3153 3960 3504 4031 λειπομέναις
3535 3962 3716 4016 αὐτῶν
3761 3964 3860 4029 ἐξ-

2176 4040 2383 4093 έδωκαν
2415 4041 2657 4103 ἑαυτούς.
2693 4040 2805 4093 Καὶ
2843 4039 3045 4108 ταύτης
3074 4039 3130 4091 δὲ
3158 4040 3259 4110 τῆς
3288 4042 3566 4111 φροντίδος
3597 4042 3861 4112 λυθείσης

2176 4120 2340 4191 ἑτέρα
2373 4118 2536 4172 πάλιν
2570 4120 2950 4190 ἐπεισέρχεται
2979 4118 3140 4188 ἀηδία
3174 4120 3234 4172 ἐν
3260 4122 3327 4191 τῇ
3360 4120 3460 4188 τῆς
3489 4121 3716 4191 προικὸς
3753 4140 3864 4176 κα-

2174 4198 2398 4269 ταϐολῇ,
2440 4199 2469 4251 ὃ
2507 4214 2568 4250 τε
2608 4198 2877 4268 κηδεστὴς
2913 4198 2975 4250 66
3011 4198 3149 4268 μετά
3188 4199 3498 4270 προθυμίας
3547 4201 3860 4267 ἀποδιδοὺς,

2176 4285 2272 4339 ἅτε
2303 4288 2502 4356 προῖκα
2524 4285 2856 4349 κατατιθεὶς,
2897 4286 2926 4338 6
2956 4303 3015 4338 τε
3045 4286 3280 4355 νυμφίος
3313 4287 3490 4340 πάντα
3514 4287 3614 4357 μὲν
3642 4287 3860 4340 ἀπολα-

2175 4368 2290 4421 ϐεῖν
2329 4367 2597 4432 σπεύδων,
2640 4367 2739 4438 τὴν
2778 4367 2836 4421 δὲ
2863 4367 3150 4441 εἴσπραξιν
3188 4368 3328 4440 μετά
3367 4369 3551 4433 αἰδοῦς
3578 4370 3862 4424 ποιεῖσθαι

2174 4451 2636 4522 ἀναγκαζόμενος.
2662 4453 2696 4521 ἦ
2725 4468 2785 4504 τε
2806 4451 2943 4521 γυνὴ
2972 4454 3031 4504 ἐν
3058 4455 3123 4523 τῇ
3151 4453 3253 4522 τῆς
3276 4452 3532 4516 ἐκτίσεως
3571 4463 3595 4492 ε
3616 4453 3861 4527 ἀναϐολῇ

2175 4535 2546 4606 αἰσχυνομένη
2588 4533 2684 4588 καὶ
2725 4533 3034 4605 ἐρυθριῶσα
3081 4536 3172 4589 τὸν
3206 4536 3374 4606 ἀνδρα
3408 4535 3615 4600 παντὸς
3649 4535 3860 4606 μᾶλλον

2174 4618 2489 4689 ἀγνώμονος
2524 4616 2820 4687 όφειλέτου·
2857 4618 3094 4689 παρίημι
3124 4618 3241 4673 νῦν.
3293 4619 3455 4671 Ἀλλά
3484 4620 3595 4690 γὰρ
3633 4620 3860 4690 ἐκείνης

2174 4697 2272 4767 τῆς
2303 4699 2580 4769 φροντίδος
2610 4698 2865 4770 λυθείσης
2891 4701 2919 4752 ό
2943 4701 3040 4769 τῆς
3073 4698 3329 4762 ἀπαιδίας
3369 4698 3573 4763 εὐθέως
3602 4699 3864 4772 ἐπεισέρ-

2175 4798 2330 4851 χεται
2370 4781 2554 4850 φόϐος,
2580 4783 2673 4836 καὶ
2709 4782 2845 4854 πρὸς
2879 4782 3055 4855 τούτῳ
3084 4784 3246 4838 πάλιν
3278 4785 3314 4854 ἡ
3344 4782 3447 4854 τῆς
3490 4782 3863 4849 πολυπαιδίας

2176 4881 2213 4933 φ
2220 4865 2423 4935 ροντ’ίς,
2449 4866 2541 4919 καὶ
2561 4866 2773 4929 οὐδενὸς
2796 4868 2964 4920 ὄντων
2986 4868 3193 4921 τούτων
3214 4867 3429 4921 οὐδέπω
3450 4865 3709 4938 φανεροῦ,
3728 4870 3861 4932 ταῖς

2175 4948 2501 5019 ἀμφοτέρων
2544 4949 2604 5013 ἐξ
2640 4949 2817 5018 ἀρχῆς
2861 4951 3223 5020 ταράττονται
3280 4950 3548 5020 φροντίσι.
3596 4949 3712 5003 Κᾶν
3749 4948 3861 5017 μὲν

2173 5031 2376 5095 εὐθέως
2407 5034 2605 5102 κυήσῃ.
2663 5033 2800 5102 μετά
2851 5035 3018 5102 φόϐου
3058 5034 3220 5088 πάλιν
3277 5036 3310 5103 ἡ
3345 5034 3487 5103 χαρά
3521 5033 3698 5099 (οὐδὲν
3739 5032 3864 5105 γάρ

2174 5114 2285 5168 τῶν
2317 5118 2375 5169 ἐν
2403 5115 2481 5184 τῷ
2510 5116 2673 5186 γάμῳ
2699 5117 2879 5170 καλῶν
2902 5119 3068 5186 φόϐου
3091 5117 3304 5189 χωρίς)·
3332 5118 3361 5169 6
3384 5118 3438 5170 δέ
3464 5116 3646 5186 φόϐος,
3674 5118 3862 5187 μήπο-

2172 5213 2231 5249 τε
2278 5198 2578 5267 γενομένης
2616 5199 2951 5268 ἀμϐλώσεως
2990 5200 3262 5273 διαφθαρῇ
3302 5201 3400 5270 μὲν
3429 5200 3490 5254 τὸ
3522 5199 3860 5271 συλληφθὲν,

2176 5285 2491 5358 κινδυνεύσῃ
2521 5286 2576 5339 δὲ
2599 5288 2727 5360 περὶ
2750 5289 2860 5342 τῶν
2889 5287 3130 5359 ἐσχάτων
3155 5292 3189 5360 ἡ
3219 5288 3446 5342 κύουσα.
3472 5289 3569 5341 Ἂν
3589 5288 3645 5340 δέ
3681 5288 3860 5354 πολὺς

2179 5373 2380 5441 μεταξὺ
2412 5375 2636 5446 γένηται
2673 5377 2883 5448 χρόνος,
2911 5377 3362 5448 ἀπαρρησίαστος
3400 5381 3434 5449 ἡ
3469 5378 3627 5450 γυνὴ,
3658 5376 3855 5449 ὥσπερ

2174 5460 2311 5532 αὐτὴ
2342 5461 2505 5532 κυρία
2532 5458 2668 5516 οὖσα
2693 5464 2786 5516 τοῦ
2810 5467 3006 5517 τεκεῖν.
3037 5466 3207 5520 Ὅταν
3225 5465 3279 5518 δὲ
3302 5468 3330 5519 6
3353 5465 3447 5519 τοῦ
3470 5466 3631 5520 τόκου
3658 5466 3856 5540 καιρὸς

2174 5546 2391 5619 ἐπιστῇ,
2427 5550 2778 5605 διακόπτουσι
2811 5552 2911 5619 μὲν
2935 5554 3030 5606 καὶ
3049 5553 3319 5606 διασπῶσι
3350 5555 3448 5625 τὴν
3480 5555 3572 5608 ἐπὶ
3607 5554 3855 5626 τοσούτῳ

2238 5768 2261 5796 ε
2293 5768 2415 5829 Reg.
2437 5768 2660 5826 ἅπαντας.

2236 5829 2262 5866 τί
2287 5832 2407 5895 [ιρις.
2437 5840 2490 5895 οι
2520 5833 2669 5895 Savil.
2697 5833 3017 5895 ἐγκρινὲντων.

2173 5893 2412 6013 Πέρὶξιῗὲ.
2437 5893 2675 5943 ἐκτίσεωε.
2702 5893 2853 5944 Ιίιιιιο
2873 5905 2980 5956 post
3004 5898 3125 5959 Reg.
3152 5896 3393 5959 ὀφειλέτω
3418 5899 3593 5962 πατρὸς
3611 5894 3848 5963 τυχοῦσα,
