4020 6428
205 374 291 431 δη

224 506 285 548 ea
303 491 437 550 nihil
466 495 757 568 habeme,
793 505 971 560 virum
993 504 1209 561 divitem
1237 519 1384 573 esse,
1412 504 1606 562 famula
1632 507 1735 561 erit
1755 523 1855 579 pro

243 589 482 660 conjuge,
504 602 559 646 et
584 611 721 664 qum
749 597 983 667 ingenua
1007 605 1091 654 est
1115 612 1269 654 serva
1295 598 1577 664 efficietur,
1608 613 1671 653 ac
1692 614 1750 653 se
1774 599 1854 654 di-

246 698 341 753 gna
356 683 654 741 libertatee
669 688 923 745 manibus
943 691 1160 758 amissa,
1178 691 1433 762 emptitiis
1454 691 1618 747 nihilo
1633 701 1855 762 pra‘sta-

254 776 363 840 bit;
393 776 490 832 sed
520 783 880 846 quantumvis
918 785 997 838 vir
1032 783 1292 849 lasciviat,
1331 785 1673 855 quantumvis
1709 785 1855 842 fero-

252 872 376 931 ciat,
405 874 764 940 quantumvis
792 877 1137 931 meretricum
1175 892 1397 932 manum
1434 877 1489 933 in
1532 878 1649 949 ejus
1675 888 1856 933 torum

250 964 543 1028 adsciscat,
577 969 761 1021 omnia
799 970 907 1038 pati
945 984 1008 1023 ac
1049 967 1276 1040 benigne
1304 971 1551 1040 accipere
1577 986 1856 1026 necessum

249 1058 375 1120 erit,
398 1067 497 1112 aut
520 1058 686 1115 domo
710 1061 924 1117 cedere.
953 1061 1137 1132 Neque
1175 1063 1228 1117 id
1258 1064 1429 1118 solum
1460 1073 1543 1119 est
1571 1065 1853 1133 molestior,

250 1149 349 1202 sed
387 1151 552 1205 etiam
589 1153 731 1222 quod
767 1155 883 1209 viro
915 1155 995 1210 sic
1031 1154 1243 1222 allecto,
1277 1170 1377 1212 nec
1403 1157 1603 1223 servis,
1635 1172 1735 1212 nec
1761 1172 1858 1212 an-

254 1243 398 1298 rillis
441 1243 621 1301 libere
665 1247 922 1304 mandare
967 1249 1186 1318 poterit.
1242 1249 1336 1304 sed
1383 1249 1525 1306 velut
1571 1251 1627 1305 in
1669 1250 1857 1306 alienis

248 1335 489 1406 degens,
516 1337 691 1408 iisque
733 1355 852 1408 qua:
889 1339 955 1394 ad
997 1354 1056 1396 se
1100 1357 1208 1394 non
1251 1341 1553 1410 pertineant
1587 1351 1761 1410 utens,
1804 1350 1857 1397 et

250 1426 394 1481 hero
430 1429 611 1496 potius
638 1444 795 1499 quam
827 1431 947 1485 viro
969 1431 1280 1500 convivens,
1314 1433 1386 1486 ita
1415 1433 1593 1488 omnia
1620 1442 1675 1488 et
1697 1448 1858 1505 agere

248 1530 307 1574 et
340 1521 457 1591 pati
502 1523 728 1592 cogitur.
754 1523 907 1592 Quod
945 1525 991 1578 si
1029 1525 1249 1595 mqualis
1286 1525 1609 1582 conditionis
1636 1541 1856 1582 uxorem

249 1612 448 1675 ducas,
489 1614 836 1684 subjectionis
870 1632 1080 1671 rursum
1112 1618 1283 1687 legem
1309 1617 1585 1688 aequalitas
1611 1633 1857 1688 pessum-

250 1702 432 1770 dabit,
456 1719 582 1758 eum
607 1704 913 1761 facultatum
939 1706 1130 1762 modus
1153 1708 1401 1776 postulet,
1431 1718 1487 1763 ut
1509 1724 1573 1764 ea
1602 1725 1723 1764 cum
1745 1710 1860 1765 viro

248 1806 528 1865 mouetur.
570 1796 704 1864 Quid
737 1799 895 1868 igitur
925 1808 1003 1853 tot
1032 1799 1227 1870 ubique
1264 1800 1669 1857 difficultatibus
1694 1803 1860 1873 agas?

249 1884 448 1956 Neque
476 1887 623 1942 enim
663 1889 811 1954 mihi,
840 1890 887 1945 si
916 1907 1035 1960 qua:
1064 1908 1287 1962 usquam
1321 1909 1485 1963 pauca
1515 1894 1857 1950 matrimonia

251 1978 384 2033 inec
421 1978 741 2049 effugerunt,
781 1997 845 2038 ea
883 1984 939 2037 in
981 1986 1220 2041 medium
1262 1986 1470 2056 profer;
1515 2003 1640 2043 nam
1688 2003 1753 2043 ex
1796 1990 1861 2045 iis

250 2085 383 2139 qua:
402 2071 626 2127 assidue
651 2075 981 2145 contingant,
1017 2090 1129 2131 non
1154 2092 1273 2147 quae
1300 2079 1581 2134 insolentia
1609 2080 1738 2147 sint,
1771 2095 1861 2137 res

250 2162 635 2218 describendae
658 2174 801 2220 sunt.
830 2166 957 2222 llaec
982 2181 1215 2238 namque
1236 2170 1293 2223 in
1317 2169 1618 2240 virginitate
1638 2170 1859 2228 difﬁcile

250 2263 341 2307 est
368 2256 613 2319 evenire,
634 2256 740 2311 imo
765 2272 829 2312 ea
855 2258 1099 2315 accidere
1118 2269 1415 2331 nequeunt;
1448 2262 1505 2316 in
1521 2262 1861 2319 matrimonio

251 2347 489 2404 difﬁcile
512 2358 599 2403 est
623 2364 733 2405 non
758 2355 999 2406 evenire.

330 2440 475 2495 LVI.
512 2439 707 2513 Nupta!
741 2460 948 2514 gravent
980 2445 1170 2500 doloris
1200 2447 1544 2501 necessitatem
1571 2448 1859 2518 impositam

254 2547 388 2585 esse.
410 2562 486 2572 —
505 2532 657 2599 Quod
688 2535 732 2588 si
762 2535 815 2588 in
845 2535 908 2589 iis
935 2551 1051 2605 qua:
1070 2536 1304 2606 jucunda
1333 2536 1633 2604 rideantur,
1655 2547 1858 2593 tantum

254 2624 437 2678 oritur
482 2625 817 2679 miseriarum
852 2635 907 2681 et
943 2626 1324 2691 calamitatum,
1358 2628 1484 2696 quid
1522 2628 1593 2683 de
1633 2629 1700 2683 iis
1740 2645 1859 2698 quae

258 2713 405 2768 haud
432 2714 601 2770 dubie
632 2717 825 2771 acerba
853 2726 996 2785 sunt,
1025 2717 1313 2773 dicendum
1342 2718 1478 2774 erit?
1505 2719 1690 2790 Neque
1716 2721 1856 2775 enim

254 2824 386 2862 cum
425 2809 544 2864 sola
587 2811 843 2864 moritura
880 2810 969 2876 sit,
1014 2827 1171 2865 unam
1214 2812 1386 2866 solum
1429 2821 1657 2868 mortem
1695 2829 1860 2883 expa-

257 2900 455 2965 vescit,
489 2915 591 2957 nec
614 2917 733 2971 qua:
755 2917 911 2956 unam
937 2903 1128 2958 habeat
1151 2903 1387 2957 animam
1410 2903 1481 2959 de
1503 2919 1609 2958 una
1628 2904 1857 2960 sollicita

256 3000 364 3055 est,
390 2992 489 3048 sed
518 3003 572 3048 et
596 2994 712 3048 viro
740 3003 795 3050 et
819 2994 1003 3052 liberis
1028 2997 1180 3052 timet
1213 3011 1511 3068 eorumque
1540 2997 1859 3068 coniugibus

259 3098 428 3157 atque
446 3087 643 3155 soboli,
672 3104 733 3145 ae
754 3105 860 3160 quo
884 3091 1034 3146 radix
1062 3093 1114 3146 in
1144 3093 1324 3162 plures
1342 3107 1525 3149 ramos
1545 3093 1853 3161 eﬂunditur,

262 3187 412 3233 tanto
437 3178 492 3234 ei
517 3189 570 3234 et
598 3195 846 3236 curarum
880 3182 999 3252 plus
1024 3184 1253 3239 accedit.
1285 3184 1486 3239 Horum
1514 3186 1741 3255 singulis
1761 3201 1857 3241 scu

264 3285 609 3324 nummorum
634 3271 863 3340 jactura,
894 3287 993 3328 seu
1020 3275 1261 3344 corporis
1293 3274 1561 3341 valetudo,
1590 3291 1682 3330 seu
1711 3276 1855 3331 aliud

260 3359 463 3429 aliquid
513 3362 724 3416 accidat
765 3363 1048 3434 ingratum,
1081 3366 1128 3419 ei
1168 3380 1445 3421 macerare
1480 3379 1540 3421 se
1570 3380 1637 3421 ac
1676 3367 1859 3439 lugere

262 3465 489 3506 necesse
507 3452 614 3507 erit
634 3453 799 3508 nihilo
821 3456 1019 3521 minus,
1039 3469 1197 3527 quam
1221 3457 1287 3511 iis
1309 3458 1398 3527 qui
1425 3456 1542 3512 haec
1563 3458 1854 3528 patiuntur.

263 3545 341 3597 ne
369 3544 415 3597 si
445 3544 665 3615 quidem
693 3562 879 3602 omnes
900 3558 1027 3603 ante
1048 3563 1167 3604 eam
1189 3549 1473 3617 decedant,
1503 3551 1859 3612 intolerabilis

262 3637 366 3691 erit
392 3637 572 3693 luctus
591 3653 606 3702 ;
626 3638 711 3693 sin
732 3639 848 3693 aliis
868 3640 1245 3709 superstitibus
1265 3641 1354 3697 alii
1378 3643 1658 3697 immatura
1685 3653 1859 3700 morte

264 3733 563 3800 rapiantur,
598 3748 667 3788 ne
705 3734 782 3788 sic
818 3734 1032 3805 quidem
1078 3736 1325 3791 solatium
1360 3754 1548 3808 purum
1592 3740 1853 3795 invenias.

266 3821 397 3877 Nam
428 3823 500 3878 de
528 3824 664 3879 vivis
694 3834 868 3881 metus
895 3828 1107 3883 assidue
1134 3829 1364 3885 animam
1392 3833 1646 3888 conciens
1670 3832 1856 3890 dolore

265 3915 333 3970 de
362 3917 590 3970 mortuis
614 3915 755 3972 haud
781 3932 911 3974 sane
930 3919 1100 3976 levior
1118 3929 1230 3984 est;
1264 3923 1388 3991 quin
1411 3922 1459 3978 si
1481 3923 1671 3978 mirum
1701 3924 1856 3995 quid-

266 4006 387 4061 dam
416 4009 602 4065 dicere
627 4009 708 4064 fas
732 4011 821 4077 sit,
851 4012 1009 4067 etiam
1047 4014 1279 4083 gravior.
1312 4013 1443 4068 Nam
1482 4014 1854 4071 defunctorum

267 4114 557 4154 memorem
602 4108 810 4170 tempus
853 4102 1065 4174 mitigat
1098 4121 1115 4159 :
1156 4103 1225 4159 de
1266 4105 1400 4160 vivis
1443 4106 1853 4162 sollicitudinem

269 4200 529 4257 perpetuo
552 4206 771 4248 manere
799 4203 1028 4263 oportet,
1066 4203 1158 4250 aut
1200 4206 1375 4252 morte
1411 4198 1523 4253 sola
1567 4200 1854 4270 exstingui.

267 4280 421 4345 Quod
459 4282 505 4335 si
544 4298 643 4337 nec
684 4286 917 4356 propriis
955 4287 1109 4342 ovalis
1148 4286 1464 4354 sufﬁcimus,
1501 4302 1660 4359 quam
1690 4292 1856 4347 vitam

266 4388 510 4443 agemus,
556 4376 785 4432 aliorum
828 4379 1161 4435 calamitates
1201 4382 1384 4451 lugere
1429 4382 1639 4438 coacti?
1681 4361 1858 4439 Multis:

267 4480 411 4535 smpe
448 4466 608 4521 claris
635 4469 924 4538 majoribus
957 4480 1109 4535 ortae,
1145 4471 1430 4526 admodum
1457 4472 1687 4528 delicate
1721 4472 1856 4529 edu-

265 4564 443 4623 catae,
504 4557 620 4613 viro
671 4560 901 4628 cuipiam
952 4564 1270 4630 praepotenti
1320 4563 1578 4629 elaeatae,
1633 4572 1856 4634 repente

266 4646 581 4717 priusquam
626 4648 689 4703 iis
729 4649 892 4705 rebus
929 4651 1175 4720 beentur,
1217 4653 1455 4723 periculo
1495 4654 1680 4726 aliquo
1715 4662 1856 4709 tam-

268 4751 426 4805 quam
461 4738 688 4799 procella
723 4752 789 4793 ac
818 4739 1031 4795 turbine
1056 4740 1320 4812 ingruenti
1345 4751 1399 4797 et
1437 4743 1568 4814 ipsae
1594 4743 1857 4800 demerste

267 4826 529 4896 naufragii
567 4828 826 4883 malorum
866 4830 1153 4901 participes
1184 4834 1336 4899 fiunt,
1365 4842 1419 4889 et
1458 4848 1579 4906 qum
1620 4833 1858 4906 innuptae

267 4916 414 4971 mille
436 4916 591 4972 benis
614 4918 944 4989 fruebantur,
975 4932 1153 4992 nuptae
1181 4923 1239 4978 in
1262 4904 1561 4981 extremam
1586 4904 1858 4981 calamita-

270 5019 377 5064 tem
433 5009 704 5067 deeidunt.
750 5015 821 5068 At
865 5029 970 5070 non
1015 5015 1152 5081 inec,
1210 5018 1401 5088 inquit,
1450 5019 1719 5086 outnibus,
1765 5028 1860 5075 aut

269 5116 487 5171 semper
527 5104 743 5159 evenire
783 5105 980 5161 solent.
1012 5106 1195 5178 Neque
1223 5122 1353 5165 vero
1390 5110 1466 5165 ab
1497 5110 1744 5165 omnibus
1772 5126 1858 5166 re-

268 5204 413 5249 rnots
440 5204 595 5260 sunt;
623 5212 751 5251 nam
776 5199 1027 5268 equidem
1055 5217 1265 5273 quoque
1295 5202 1439 5259 idem
1463 5212 1739 5273 repetam;
1763 5204 1858 5259 sed

267 5298 390 5339 cum
420 5286 614 5355 partim
646 5288 763 5342 usui
790 5298 1086 5357 venerunt,
1118 5299 1233 5346 tum
1261 5292 1452 5362 quibus
1481 5292 1603 5348 usui
1631 5308 1738 5348 non
1768 5309 1860 5349 rev

270 5377 498 5443 nissent,
540 5393 632 5434 eos
670 5380 756 5434 sui
781 5389 931 5436 metu
955 5382 1264 5439 erueiarunt
1294 5401 1308 5439 :
1340 5394 1603 5441 caeterum
1627 5385 1778 5456 virgo
1805 5393 1860 5440 et

268 5471 639 5540 experimento
667 5482 721 5528 et
740 5483 891 5530 metu
907 5475 1059 5531 omni
1075 5478 1355 5533 sublimior
1370 5487 1474 5534 est.

340 5563 497 5619 LVII.
527 5561 610 5620 De
635 5568 876 5624 molestiis
903 5585 1018 5641 qua.-
1052 5585 1167 5624 cum
1202 5571 1339 5625 omni
1378 5570 1699 5625 matrimonio
1740 5587 1860 5625 con-

261 5653 458 5723 iuncta!
482 5658 598 5714 sint.
631 5688 703 5700 —
731 5660 838 5716 Sed
876 5661 1021 5717 enim
1048 5662 1094 5717 si
1124 5662 1318 5734 placet,
1352 5664 1436 5719 bis
1472 5663 1710 5731 omissis,
1741 5679 1862 5735 quae

271 5760 456 5804 natura
480 5751 823 5808 matrimonio
852 5754 1047 5810 tributa
1074 5756 1204 5824 sint,
1232 5771 1405 5827 neque
1426 5770 1459 5810 a
1480 5770 1749 5827 quoquam
1776 5772 1863 5811 vo-

272 5837 411 5896 lente
449 5841 671 5900 nolente
698 5844 852 5901 vitari
892 5847 1119 5919 possint,
1153 5848 1206 5904 in
1245 5847 1530 5920 praesentia
1573 5846 1864 5920 perlusue—

1601 390 1687 446 DF.
1733 390 2196 449 \‘lRGlNlTATE.

3451 393 3561 452 578

1965 523 2102 563 mus.
2132 508 2389 577 Quanam
2417 522 2478 564 ea
2507 510 2667 564 sunt?
2694 506 2916 566 Dolores
2940 518 3143 582 partus,
3169 510 3419 567 intantes.
3452 512 3560 567 Ιιιιο

1964 614 2095 653 vero
2133 600 2293 655 altius
2327 601 2626 656 orationem
2667 610 2999 672 repetamus,
3034 611 3090 656 et
3126 617 3244 672 quas
3282 601 3562 656 matrimo-

1964 691 2111 745 nium
2137 692 2476 759 antecedant,
2498 702 2756 763 quantum
2779 693 2859 749 fas
2882 702 2966 749 est
2989 709 3411 764 cognoscamus;
3436 710 3557 749 nam

1962 794 2213 859 acyurate
2233 786 2333 839 soli
2357 788 2563 854 experti
2583 787 2796 842 callent.
2825 786 2986 841 Adest
3007 788 3396 857 sponsaliorum
3428 799 3562 843 tent-

1964 889 2096 943 pus;
2144 875 2324 945 itaque
2360 878 2602 946 protinus
2635 892 2767 933 cura
2808 893 3004 949 anceps
3035 889 3195 949 atque
3228 879 3370 933 varia
3401 895 3560 949 quem

1963 967 2135 1021 virum
2155 976 2377 1038 captura
2406 970 2499 1036 sit,
2525 984 2593 1024 an
2623 970 2937 1038 obscurum,
2959 986 3025 1026 an
3046 972 3321 1037 infamem,
3346 988 3412 1025 an
3440 988 3557 1042 per-

1964 1059 2226 1124 vicacem,
2257 1078 2325 1115 an
2352 1059 2598 1116 fallacem
2623 1070 2681 1117 et
2696 1073 3057 1134 arrogantem,
3089 1080 3158 1119 an
3188 1064 3467 1130 audacem,
3495 1082 3562 1118 an

1964 1153 2294 1224 zelotypum,
2336 1170 2403 1208 an
2438 1156 2698 1211 trivialem
2739 1159 3062 1226 quempiam,
3101 1173 3168 1211 an
3212 1157 3461 1221 bardum,
3494 1173 3562 1211 an

1964 1242 2287 1314 improbum,
2311 1260 2379 1300 an
2404 1247 2619 1314 durum,
2642 1263 2711 1303 an
2739 1249 3032 1305 imbellem.
3062 1249 3189 1304 llaec
3214 1250 3358 1305 enim
3381 1252 3562 1305 omnia

1964 1344 2160 1405 nuptas
2186 1337 2447 1407 consequi
2478 1354 2584 1393 non
2612 1347 2696 1394 est
2725 1353 2969 1406 necesse,
2999 1340 3172 1395 vereri
3194 1341 3370 1395 omnia
3402 1356 3466 1396 ac
3494 1343 3561 1396 ti-

1965 1442 2376 1485 tuere-necesse
2415 1440 2498 1486 est
2531 1431 2771 1502 :qnippe
2812 1448 2934 1487 cum
2976 1433 3210 1487 nondum
3253 1443 3460 1488 eertum
3490 1435 3559 1487 sit

1964 1536 2126 1590 quem
2153 1522 2222 1577 sit
2247 1523 2521 1587 sortitura,
2547 1524 2641 1580 sed
2668 1524 2842 1582 adhuc
2867 1539 2963 1595 spe
2990 1534 3258 1595 tamquam
3288 1541 3317 1579 e
3344 1526 3559 1583 sublimi

1966 1613 2284 1670 imminente
2323 1615 2534 1671 animus
2559 1618 2739 1672 omnia
2778 1628 2934 1687 pavet
2976 1633 3039 1673 ac
3080 1618 3353 1681 formidat,
3386 1634 3561 1688 neque

1967 1703 2155 1760 borum
2182 1706 2475 1777 quidquam
2498 1714 2585 1762 est
2607 1709 2748 1777 quod
2782 1724 2891 1763 non
2917 1709 3138 1779 cogitet.
3166 1708 3259 1765 Sin
3285 1709 3432 1764 dicat
3458 1708 3559 1762 ali-

1964 1798 2107 1869 quis,
2133 1812 2253 1853 eam
2282 1808 2683 1868 exspectantem
2709 1799 2979 1854 contraria
3001 1799 3170 1854 laetari
3192 1800 3353 1854 etiam
3378 1800 3557 1869 posse,

1964 1890 2102 1945 sciat
2122 1904 2228 1944 non
2257 1897 2367 1944 tam
2392 1904 2493 1945 nos
2515 1889 2780 1945 bonorum
2814 1904 2964 1960 Spem
2992 1890 3175 1953 solari,
3200 1905 3363 1960 quant
3390 1890 3559 1944 malo-

1966 1996 2089 2036 rutn
2126 1990 2326 2038 metum
2370 1997 2588 2053 angere.
2633 1982 2765 2036 Nam
2807 1982 2947 2038 bona
2990 1983 3207 2037 demum
3253 1998 3375 2038 cum
3410 1993 3561 2037 certo

1965 2082 2273 2143 sperantur,
2300 2075 2625 2143 voluptatem
2650 2074 2894 2144 pariunt;
2922 2074 3082 2139 mala,
3108 2074 3193 2129 ubi
3219 2073 3299 2129 vel
3325 2073 3560 2144 suspicio

1967 2166 2059 2232 sit,
2088 2165 2362 2235 extemplo
2389 2174 2624 2220 mentem
2655 2165 2988 2220 confundunt
3028 2179 3093 2220 ac
3123 2164 3457 2235 perturbant.
3493 2165 3559 2221 Ut

1965 2258 2109 2312 enim
2151 2258 2416 2328 mancipia
2445 2257 2515 2314 de
2540 2257 2731 2312 futuris
2773 2257 2921 2313 beris
2949 2258 3151 2313 incerta
3186 2259 3365 2313 animo
3403 2257 3560 2328 qttie«

1965 2362 2116 2404 scere
2140 2363 2245 2403 non
2273 2358 2493 2418 possunt
2518 2366 2530 2402 :
2558 2349 2629 2403 ita
2651 2356 2705 2404 et
2728 2350 2990 2420 virginum
3013 2364 3187 2416 mens,
3213 2365 3281 2405 ex
3297 2365 3402 2419 quo
3425 2348 3559 2405 facta

1964 2440 2187 2510 sponsio
2214 2449 2317 2506 est,
2341 2440 2652 2496 fluctuantis
2677 2442 2873 2513 navigii
2901 2442 3091 2497 similis
3120 2450 3226 2509 est,
3249 2442 3561 2512 parentibus

1962 2531 2020 2587 in
2040 2533 2157 2588 dies
2176 2533 2310 2587 alios
2333 2533 2711 2602 retinentibus,
2745 2533 2881 2589 alios
2902 2533 3260 2603 exigentibus.
3286 2533 3419 2589 Nam
3443 2532 3560 2588 lteri

1965 2625 2223 2680 victorem
2254 2639 2478 2694 procum
2506 2625 2667 2681 hodie
2704 2626 2875 2696 gratia
2914 2626 3082 2681 vincit
3118 2626 3276 2692 alius,
3319 2634 3375 2681 et
3416 2624 3560 2680 hunc

1963 2732 2175 2771 rursum
2196 2717 2447 2772 exturbat
2468 2717 2629 2771 alius.
2655 2716 2797 2786 Quin
2823 2717 3137 2788 plerumque
3165 2717 3216 2771 in
3240 2717 3357 2786 ipso
3378 2717 3560 2771 matri—

1966 2807 2129 2862 monii
2166 2815 2440 2877 tamquam
2472 2808 2674 2874 limine,
2710 2807 2800 2878 qui
2830 2821 3060 2878 sponsus
3085 2815 3344 2878 speretur,
3380 2808 3561 2862 vacuis

1964 2901 2209 2957 manibus
2240 2900 2487 2968 discedit,
2521 2902 2695 2971 puella
2725 2917 2755 2956 a
2793 2902 3105 2972 parentibus
3133 2903 3405 2972 insperato
3434 2902 3557 2961 cni-

1964 2993 2105 3063 piam
2139 2993 2349 3048 tradita.
2378 2992 2487 3048 Nec
2512 2994 2727 3049 feminae
2748 2995 2943 3060 solum,
2975 2994 3069 3049 sed
3095 2995 3255 3049 etiam
3278 2995 3376 3048 viri
3403 3009 3557 3049 acer—

1963 3083 2061 3138 bas
2088 3097 2244 3139 curas
2286 3083 2505 3140 habent.
2548 3083 2602 3137 In
2642 3083 2742 3139 bos
2786 3100 3016 3153 namque
3057 3084 3370 3154 perquirere
3403 3084 3560 3140 facile

1963 3184 2066 3243 est;
2096 3176 2238 3231 illius
2268 3192 2396 3232 vero
2425 3191 2546 3247 qum
2573 3176 2790 3231 assidue
2830 3177 2974 3231 intus
3009 3176 3262 3230 conclusa
3292 3183 3554 3240 teneatur,

1961 3281 2147 3323 mores
2171 3279 2335 3339 atque
2362 3268 2589 3323 formam
2629 3282 2736 3338 quo
2765 3275 2921 3337 pacto
2950 3267 3354 3337 exploraveris?
3383 3269 3557 3338 Atque

1962 3357 2082 3414 haec
2107 3359 2325 3429 quidem
2355 3357 2692 3428 sponsalium
2719 3367 2983 3427 tempore.
3010 3359 3081 3412 At
3109 3357 3196 3412 ubi
3218 3357 3330 3428 jam
3360 3369 3559 3428 praesul

1962 3456 2047 3503 est
2072 3448 2399 3505 matrimonii
2438 3456 2684 3518 tempus,
2713 3448 2910 3503 crescit
2954 3447 3288 3517 sollicitudo,
3318 3464 3381 3504 ac
3410 3449 3560 3503 volu—

1963 3550 2108 3612 ptate
2128 3543 2299 3611 major
2325 3551 2495 3598 metus
2515 3550 2619 3609 est,
2650 3557 2717 3598 ne
2745 3556 2809 3595 ex
2840 3555 2908 3596 eo
2934 3540 3051 3611 ipso
3090 3556 3318 3611 vespere
3346 3542 3553 3612 ingrata

1962 3642 2019 3689 et
2043 3633 2211 3688 multo
2235 3634 2635 3702 exspectatione
2657 3632 2898 3689 deterior
2922 3631 3189 3687 videatur.
3219 3631 3432 3688 Etenim
3477 3632 3559 3687 in-

1964 3727 2061 3783 itio
2088 3726 2361 3783 laudatam
2382 3734 2505 3797 post
2529 3726 2825 3790 contemni,
2845 3725 3123 3781 ferendum
3154 3734 3267 3792 est;
3290 3734 3348 3781 at
3373 3741 3497 3781 cum
3527 3742 3555 3780 a

1954 3819 2214 3875 curriculi
2239 3819 2566 3882 carceribus,
2599 3829 2656 3872 ut
2684 3818 2758 3872 ita
2782 3819 2982 3883 dicam,
3013 3816 3230 3872 fastidio
3256 3830 3380 3872 esse
3403 3815 3559 3872 vide-

1966 3922 2073 3977 tur,
2113 3910 2328 3981 quando
2367 3910 2566 3980 suSpiei
2615 3910 2846 3981 poterit?
2892 3910 3076 3980 Neque
3123 3908 3210 3964 hic
3251 3909 3382 3963 mihi
3426 3909 3557 3963 illud

1961 4018 2347 4069 commemora,
2387 4003 2527 4071 Quid
2564 4018 2713 4069 vero,
2755 4003 2800 4059 si
2843 4002 3019 4073 lepida
3062 4002 3164 4057 sit?
3207 4016 3331 4056 nam
3371 4016 3440 4058 ne
3480 4002 3560 4057 sic

1960 4097 2178 4168 quidem
2199 4111 2327 4150 cura
2350 4096 2448 4150 bac
2474 4096 2649 4151 soluta
2673 4104 2729 4151 et
2749 4095 2923 4150 libera
2946 4103 3048 4149 est.
3072 4094 3253 4149 Multa:
3274 4095 3419 4149 enim
3437 4107 3558 4149 cor-

1961 4191 2110 4261 poris
2128 4197 2411 4246 venustate
2424 4187 2715 4243 admodum
2734 4186 3039 4256 conspieum
3059 4188 3202 4241 viros
3217 4200 3347 4241 suos
3363 4200 3559 4255 capere

1960 4281 2337 4352 nequiverunt,
2370 4279 2463 4335 sed
2495 4279 2527 4332 ii
2554 4278 2673 4332 aliis
2700 4278 2860 4347 longe
2891 4291 2950 4332 se
2976 4276 3320 4332 inferioribus
3357 4276 3554 4331 addicti

1962 4372 2107 4442 ipsas
2147 4370 2498 4440 reliquerunt.
2526 4367 2650 4423 Iam
2675 4383 2740 4423 ea
2779 4366 2940 4422 etiam
2977 4380 3107 4421 cura
3145 4366 3418 4436 expedita,
3448 4366 3553 4421 alia

1960 4479 2175 4520 rursum
2214 4463 2439 4518 molesta
2469 4460 2708 4517 succedit
2744 4460 2801 4514 in
2834 4458 2976 4515 dotis
3017 4457 3291 4529 pensione,
3329 4472 3540 4524 socero,

1961 4556 2115 4627 quasi
2139 4556 2302 4627 gratis
2333 4563 2601 4622 numeret,
2624 4552 2767 4607 baud
2796 4566 2926 4607 sane
2943 4550 3175 4607 comiter
3199 4550 3476 4615 reddente,
3503 4560 3558 4607 et

1960 4664 2181 4719 sponso,
2209 4648 2302 4720 qui
2330 4655 2501 4703 totum
2536 4645 2772 4702 nancisci
2809 4643 3053 4712 studeat,
3084 4658 3207 4699 cum
3237 4642 3559 4699 verecundia

1963 4742 2177 4812 exigere
2200 4748 2413 4805 coacto,
2435 4749 2489 4795 et
2519 4752 2653 4793 nova
2683 4748 2849 4807 nupta
2872 4735 3155 4791 solutionis
3180 4734 3437 4791 dilatione
3458 4751 3557 4806 pu-

1962 4833 2193 4900 defaeta,
2222 4832 2397 4887 virum
2436 4831 2627 4901 quovis
2665 4829 2909 4900 improbo
2938 4829 3179 4884 debitore
3207 4830 3376 4900 magis
3402 4844 3559 4885 reve-

1962 4936 2117 4981 rente
2148 4942 2163 4979 :
2194 4939 2314 4994 qua:
2341 4924 2501 4978 mitte
2538 4922 2591 4977 in
2624 4921 2926 4993 prmsentia.
2968 4923 3043 4976 At
3075 4921 3218 4976 enim
3260 4921 3361 4976 hac
3387 4922 3561 4976 soluta

1962 5032 2115 5083 cura,
2164 5016 2419 5070 cuttinuo
2465 5013 2760 5069 sterilitatis
2802 5020 2976 5066 metus
3024 5011 3255 5082 ingruit;
3300 5020 3560 5081 praeterea

1961 5114 2217 5162 autemet
2244 5105 2473 5175 probum
2506 5102 2818 5173 frequentiae
2857 5103 3097 5157 anxietas
3129 5118 3143 5154 :
3175 5115 3351 5171 neque
3387 5100 3561 5155 adhuc

1964 5198 2162 5254 borum
2190 5212 2455 5269 quoquam
2493 5196 2791 5267 explorato,
2825 5202 3108 5264 utramque
3131 5194 3185 5249 in
3214 5203 3420 5264 partem
3447 5193 3559 5264 jam

1964 5292 2093 5347 inde
2113 5290 2184 5347 ab
2206 5291 2356 5347 initio
2379 5291 2681 5346 turbantur.
2708 5286 2867 5355 Quod
2882 5287 2928 5342 si
2949 5286 3097 5342 brevi
3124 5295 3336 5341 uterum
3364 5294 3559 5356 gestet,

1964 5400 2177 5444 rursum
2199 5401 2325 5441 cum
2361 5393 2567 5441 terrore
2600 5382 2821 5449 lzetitia;
2852 5380 2986 5437 nihil
3006 5389 3088 5436 est
3116 5380 3260 5438 enim
3280 5381 3561 5434 matrimo-

1965 5457 2045 5535 nii
2084 5480 2350 5534 bonorum
2395 5491 2625 5532 vacuum
2673 5484 2912 5541 terrore;
2961 5482 3161 5540 terror,
3207 5471 3448 5541 inquam,
3496 5484 3565 5525 ne

1966 5572 2155 5626 abortu
2181 5568 2450 5625 incidente
2485 5578 2539 5623 ct
2577 5567 2720 5638 quod
2744 5573 3062 5635 conceptum
3102 5572 3186 5619 est
3226 5563 3478 5623 intereat.
3506 5572 3563 5617 et

1963 5645 2181 5733 gravida
2225 5660 2277 5716 in
2316 5667 2616 5715 extremum
2643 5657 2934 5717 discrimen
2960 5655 3159 5713 veniat.
3213 5654 3307 5710 Sin
3337 5653 3560 5709 multum

1967 5754 2227 5828 temporis
2267 5750 2498 5815 intersit,
2536 5764 2672 5804 uxor
2700 5746 2909 5803 hiscere
2947 5762 3054 5803 non
3084 5745 3281 5812 audet,
3313 5744 3465 5816 quasi
3492 5744 3562 5797 sit

1968 5846 2166 5901 arbitra
2195 5845 2308 5915 ipsa
2339 5838 2599 5914 pariendi.
2629 5838 2819 5893 Partus
2846 5846 3026 5894 autem
3055 5845 3331 5892 momento
3351 5835 3561 5905 impen-
