  <div class='ocr_page' id='page_1' title='image "/cluster/home/n/w/nwhite01/storage/ocr_20150623/48:no.1:pt.2/coo.31924054869478/059.png"; bbox 0 0 4020 6378; ppageno 0'>
   <div class='ocr_carea' id='block_1_1' title="bbox 502 350 604 406">
    <p class='ocr_par' dir='ltr' id='par_1_1' title="bbox 502 350 604 406">
     <span class='ocr_line' id='line_1_1' title="bbox 502 350 604 406; baseline -0.01 0"><span class='ocrx_word' id='word_1_1' title='bbox 502 350 604 406; x_wconf 72' lang='lat'><strong>57&#39;.)</strong></span> 
     </span>
    </p>
   </div>
   <div class='ocr_carea' id='block_1_2' title="bbox 489 452 2080 530">
    <p class='ocr_par' dir='ltr' id='par_1_2' title="bbox 489 452 2080 530">
     <span class='ocr_line' id='line_1_2' title="bbox 489 452 2080 530; baseline -0.007 -13"><span class='ocrx_word' id='word_1_2' title='bbox 489 463 648 519; x_wconf 88' lang='lat' dir='ltr'><strong>dente</strong></span> <span class='ocrx_word' id='word_1_3' title='bbox 689 460 867 517; x_wconf 88' lang='lat' dir='ltr'><strong>alvum</strong></span> <span class='ocrx_word' id='word_1_4' title='bbox 908 471 1055 516; x_wconf 89' lang='lat' dir='ltr'><strong>tanto</strong></span> <span class='ocrx_word' id='word_1_5' title='bbox 1095 461 1203 530; x_wconf 86' lang='lat' dir='ltr'><strong>jam</strong></span> <span class='ocrx_word' id='word_1_6' title='bbox 1235 469 1476 529; x_wconf 89' lang='lat' dir='ltr'><strong>tempore</strong></span> <span class='ocrx_word' id='word_1_7' title='bbox 1519 457 1823 511; x_wconf 85' lang='lat' dir='ltr'><strong>afllictatam</strong></span> <span class='ocrx_word' id='word_1_8' title='bbox 1862 452 2080 508; x_wconf 94' lang='lat' dir='ltr'><strong>dolores</strong></span> 
     </span>
    </p>
   </div>
   <div class='ocr_carea' id='block_1_3' title="bbox 489 544 2082 624">
    <p class='ocr_par' dir='ltr' id='par_1_3' title="bbox 489 544 2082 624">
     <span class='ocr_line' id='line_1_3' title="bbox 489 544 2082 624; baseline -0.006 -17"><span class='ocrx_word' id='word_1_9' title='bbox 489 555 832 624; x_wconf 77' lang='lat' dir='ltr'><strong>disrumpunt</strong></span> <span class='ocrx_word' id='word_1_10' title='bbox 871 567 934 606; x_wconf 90' lang='lat' dir='ltr'><strong>ac</strong></span> <span class='ocrx_word' id='word_1_11' title='bbox 960 551 1241 616; x_wconf 88' lang='lat' dir='ltr'><strong>divellnnt,</strong></span> <span class='ocrx_word' id='word_1_12' title='bbox 1270 550 1358 618; x_wconf 92' lang='lat' dir='ltr'><strong>qui</strong></span> <span class='ocrx_word' id='word_1_13' title='bbox 1389 549 1475 603; x_wconf 89' lang='lat' dir='ltr'><strong>vel</strong></span> <span class='ocrx_word' id='word_1_14' title='bbox 1504 546 1603 602; x_wconf 92' lang='lat' dir='ltr'><strong>soli</strong></span> <span class='ocrx_word' id='word_1_15' title='bbox 1644 560 1857 600; x_wconf 91' lang='lat' dir='ltr'><strong>omnem</strong></span> <span class='ocrx_word' id='word_1_16' title='bbox 1899 544 2082 598; x_wconf 88' lang='lat' dir='ltr'><strong>matri-</strong></span> 
     </span>
    </p>
   </div>
   <div class='ocr_carea' id='block_1_4' title="bbox 490 638 2081 715">
    <p class='ocr_par' dir='ltr' id='par_1_4' title="bbox 490 638 2081 715">
     <span class='ocr_line' id='line_1_4' title="bbox 490 638 2081 715; baseline -0.007 -15"><span class='ocrx_word' id='word_1_17' title='bbox 490 645 655 701; x_wconf 84' lang='lat' dir='ltr'><strong>monii</strong></span> <span class='ocrx_word' id='word_1_18' title='bbox 705 646 1031 715; x_wconf 87' lang='lat' dir='ltr'><strong>voluptatem</strong></span> <span class='ocrx_word' id='word_1_19' title='bbox 1071 643 1350 699; x_wconf 89' lang='lat' dir='ltr'><strong>offuscent.</strong></span> <span class='ocrx_word' id='word_1_20' title='bbox 1391 642 1526 709; x_wconf 91' lang='lat' dir='ltr'><strong>Quin</strong></span> <span class='ocrx_word' id='word_1_21' title='bbox 1573 649 1627 694; x_wconf 91' lang='lat' dir='ltr'><strong>et</strong></span> <span class='ocrx_word' id='word_1_22' title='bbox 1669 640 1789 692; x_wconf 78' lang='lat' dir='ltr'><strong>alia:</strong></span> <span class='ocrx_word' id='word_1_23' title='bbox 1828 638 2081 705; x_wconf 87' lang='lat' dir='ltr'><strong>deinceps</strong></span> 
     </span>
    </p>
   </div>
   <div class='ocr_carea' id='block_1_5' title="bbox 488 731 2079 792">
    <p class='ocr_par' dir='ltr' id='par_1_5' title="bbox 488 731 2079 792">
     <span class='ocr_line' id='line_1_5' title="bbox 488 731 2079 792; baseline -0.008 0"><span class='ocrx_word' id='word_1_24' title='bbox 488 751 633 792; x_wconf 78' lang='lat' dir='ltr'><strong>cura:</strong></span> <span class='ocrx_word' id='word_1_25' title='bbox 676 752 795 791; x_wconf 89' lang='lat' dir='ltr'><strong>eam</strong></span> <span class='ocrx_word' id='word_1_26' title='bbox 839 735 1147 790; x_wconf 77' lang='lat' dir='ltr'><strong>sollicitant.</strong></span> <span class='ocrx_word' id='word_1_27' title='bbox 1189 732 1398 787; x_wconf 87' lang='lat' dir='ltr'><strong>Etenim</strong></span> <span class='ocrx_word' id='word_1_28' title='bbox 1443 731 1635 785; x_wconf 88' lang='lat' dir='ltr'><strong>misera</strong></span> <span class='ocrx_word' id='word_1_29' title='bbox 1679 739 1734 783; x_wconf 89' lang='lat' dir='ltr'><strong>et</strong></span> <span class='ocrx_word' id='word_1_30' title='bbox 1780 742 2079 783; x_wconf 64' lang='lat' dir='ltr'><strong>aerumnosa</strong></span> 
     </span>
    </p>
   </div>
   <div class='ocr_carea' id='block_1_6' title="bbox 489 819 2078 895">
    <p class='ocr_par' dir='ltr' id='par_1_6' title="bbox 489 819 2078 895">
     <span class='ocr_line' id='line_1_6' title="bbox 489 819 2078 895; baseline -0.008 -14"><span class='ocrx_word' id='word_1_31' title='bbox 489 827 685 895; x_wconf 83' lang='lat' dir='ltr'><strong>puella,</strong></span> <span class='ocrx_word' id='word_1_32' title='bbox 720 827 820 882; x_wconf 90' lang='lat' dir='ltr'><strong>etsi</strong></span> <span class='ocrx_word' id='word_1_33' title='bbox 856 824 1320 881; x_wconf 81' lang='lat' dir='ltr'><strong>vehementissime</strong></span> <span class='ocrx_word' id='word_1_34' title='bbox 1363 822 1426 876; x_wconf 91' lang='lat' dir='ltr'><strong>iis</strong></span> <span class='ocrx_word' id='word_1_35' title='bbox 1461 820 1784 876; x_wconf 85' lang='lat' dir='ltr'><strong>cruciatibus</strong></span> <span class='ocrx_word' id='word_1_36' title='bbox 1825 819 2078 882; x_wconf 88' lang='lat' dir='ltr'><strong>distenta,</strong></span> 
     </span>
    </p>
   </div>
   <div class='ocr_carea' id='block_1_7' title="bbox 490 910 2081 983">
    <p class='ocr_par' dir='ltr' id='par_1_7' title="bbox 490 910 2081 983">
     <span class='ocr_line' id='line_1_7' title="bbox 490 910 2081 983; baseline -0.006 -10"><span class='ocrx_word' id='word_1_37' title='bbox 490 918 655 973; x_wconf 85' lang='lat' dir='ltr'><strong>nihilo</strong></span> <span class='ocrx_word' id='word_1_38' title='bbox 685 918 767 973; x_wconf 93' lang='lat' dir='ltr'><strong>his</strong></span> <span class='ocrx_word' id='word_1_39' title='bbox 797 917 971 971; x_wconf 86' lang='lat' dir='ltr'><strong>minus</strong></span> <span class='ocrx_word' id='word_1_40' title='bbox 1002 915 1269 978; x_wconf 74' lang='lat' dir='ltr'><strong>formidat,</strong></span> <span class='ocrx_word' id='word_1_41' title='bbox 1304 929 1369 968; x_wconf 91' lang='lat' dir='ltr'><strong>ne</strong></span> <span class='ocrx_word' id='word_1_42' title='bbox 1400 928 1497 983; x_wconf 91' lang='lat' dir='ltr'><strong>pro</strong></span> <span class='ocrx_word' id='word_1_43' title='bbox 1523 911 1759 982; x_wconf 90' lang='lat' dir='ltr'><strong>perfecto</strong></span> <span class='ocrx_word' id='word_1_44' title='bbox 1785 918 1838 964; x_wconf 91' lang='lat' dir='ltr'><strong>ct</strong></span> <span class='ocrx_word' id='word_1_45' title='bbox 1872 910 2081 979; x_wconf 86' lang='lat' dir='ltr'><strong>integro</strong></span> 
     </span>
    </p>
   </div>
   <div class='ocr_carea' id='block_1_8' title="bbox 490 1003 2081 1077">
    <p class='ocr_par' dir='ltr' id='par_1_8' title="bbox 490 1003 2081 1077">
     <span class='ocr_line' id='line_1_8' title="bbox 490 1003 2081 1077; baseline -0.003 -19"><span class='ocrx_word' id='word_1_46' title='bbox 490 1009 715 1064; x_wconf 89' lang='lat' dir='ltr'><strong>vitiosus</strong></span> <span class='ocrx_word' id='word_1_47' title='bbox 757 1018 917 1077; x_wconf 85' lang='lat' dir='ltr'><strong>atque</strong></span> <span class='ocrx_word' id='word_1_48' title='bbox 955 1008 1172 1062; x_wconf 92' lang='lat' dir='ltr'><strong>mutilus</strong></span> <span class='ocrx_word' id='word_1_49' title='bbox 1202 1005 1376 1061; x_wconf 85' lang='lat' dir='ltr'><strong>infans</strong></span> <span class='ocrx_word' id='word_1_50' title='bbox 1405 1003 1648 1074; x_wconf 88' lang='lat' dir='ltr'><strong>prodeat,</strong></span> <span class='ocrx_word' id='word_1_51' title='bbox 1690 1018 1757 1057; x_wconf 92' lang='lat' dir='ltr'><strong>ne</strong></span> <span class='ocrx_word' id='word_1_52' title='bbox 1800 1014 1898 1070; x_wconf 90' lang='lat' dir='ltr'><strong>pro</strong></span> <span class='ocrx_word' id='word_1_53' title='bbox 1934 1014 2081 1054; x_wconf 86' lang='lat' dir='ltr'><strong>mare</strong></span> 
     </span>
    </p>
   </div>
   <div class='ocr_carea' id='block_1_9' title="bbox 492 1092 2076 1170">
    <p class='ocr_par' dir='ltr' id='par_1_9' title="bbox 492 1092 2076 1170">
     <span class='ocr_line' id='line_1_9' title="bbox 492 1092 2076 1170; baseline -0.006 -19"><span class='ocrx_word' id='word_1_54' title='bbox 492 1102 707 1154; x_wconf 80' lang='lat' dir='ltr'><strong>femina.</strong></span> <span class='ocrx_word' id='word_1_55' title='bbox 741 1099 920 1170; x_wconf 90' lang='lat' dir='ltr'><strong>Neque</strong></span> <span class='ocrx_word' id='word_1_56' title='bbox 948 1100 1090 1154; x_wconf 92' lang='lat' dir='ltr'><strong>enim</strong></span> <span class='ocrx_word' id='word_1_57' title='bbox 1129 1098 1244 1153; x_wconf 59' lang='lat' dir='ltr'><strong>haec</strong></span> <span class='ocrx_word' id='word_1_58' title='bbox 1283 1112 1375 1153; x_wconf 91' lang='lat' dir='ltr'><strong>eas</strong></span> <span class='ocrx_word' id='word_1_59' title='bbox 1404 1093 1703 1149; x_wconf 87' lang='lat' dir='ltr'><strong>sollicitudo</strong></span> <span class='ocrx_word' id='word_1_60' title='bbox 1745 1092 1912 1148; x_wconf 77' lang='lat' dir='ltr'><strong>levius</strong></span> <span class='ocrx_word' id='word_1_61' title='bbox 1943 1099 2076 1155; x_wconf 89' lang='lat' dir='ltr'><strong>tum,</strong></span> 
     </span>
    </p>
   </div>
   <div class='ocr_carea' id='block_1_10' title="bbox 492 1182 2081 1263">
    <p class='ocr_par' dir='ltr' id='par_1_10' title="bbox 492 1182 2081 1263">
     <span class='ocr_line' id='line_1_10' title="bbox 492 1182 2081 1263; baseline -0.007 -17"><span class='ocrx_word' id='word_1_62' title='bbox 492 1206 659 1263; x_wconf 87' lang='lat' dir='ltr'><strong>quam</strong></span> <span class='ocrx_word' id='word_1_63' title='bbox 702 1190 937 1254; x_wconf 88' lang='lat' dir='ltr'><strong>dolores,</strong></span> <span class='ocrx_word' id='word_1_64' title='bbox 983 1198 1232 1253; x_wconf 76' lang='lat' dir='ltr'><strong>exercet;</strong></span> <span class='ocrx_word' id='word_1_65' title='bbox 1273 1203 1392 1259; x_wconf 77' lang='lat' dir='ltr'><strong>qua:</strong></span> <span class='ocrx_word' id='word_1_66' title='bbox 1436 1203 1544 1242; x_wconf 90' lang='lat' dir='ltr'><strong>non</strong></span> <span class='ocrx_word' id='word_1_67' title='bbox 1594 1184 1753 1240; x_wconf 92' lang='lat' dir='ltr'><strong>modo</strong></span> <span class='ocrx_word' id='word_1_68' title='bbox 1795 1187 1847 1238; x_wconf 92' lang='lat' dir='ltr'><strong>lu</strong></span> <span class='ocrx_word' id='word_1_69' title='bbox 1889 1182 2081 1253; x_wconf 80' lang='lat' dir='ltr'><strong>quibus</strong></span> 
     </span>
    </p>
   </div>
   <div class='ocr_carea' id='block_1_11' title="bbox 491 1277 2080 1349">
    <p class='ocr_par' dir='ltr' id='par_1_11' title="bbox 491 1277 2080 1349">
     <span class='ocr_line' id='line_1_11' title="bbox 491 1277 2080 1349; baseline -0.003 -18"><span class='ocrx_word' id='word_1_70' title='bbox 491 1294 684 1336; x_wconf 84' lang='lat' dir='ltr'><strong>noxam</strong></span> <span class='ocrx_word' id='word_1_71' title='bbox 730 1284 1089 1347; x_wconf 81' lang='lat' dir='ltr'><strong>committant,</strong></span> <span class='ocrx_word' id='word_1_72' title='bbox 1139 1280 1234 1337; x_wconf 92' lang='lat' dir='ltr'><strong>sed</strong></span> <span class='ocrx_word' id='word_1_73' title='bbox 1281 1280 1440 1336; x_wconf 88' lang='lat' dir='ltr'><strong>etiam</strong></span> <span class='ocrx_word' id='word_1_74' title='bbox 1493 1279 1546 1333; x_wconf 91' lang='lat' dir='ltr'><strong>in</strong></span> <span class='ocrx_word' id='word_1_75' title='bbox 1589 1277 1783 1349; x_wconf 88' lang='lat' dir='ltr'><strong>quibus</strong></span> <span class='ocrx_word' id='word_1_76' title='bbox 1832 1279 2008 1329; x_wconf 88' lang='lat' dir='ltr'><strong>absint</strong></span> <span class='ocrx_word' id='word_1_77' title='bbox 2049 1287 2080 1327; x_wconf 88' lang='lat' dir='ltr'><strong>a</strong></span> 
     </span>
    </p>
   </div>
   <div class='ocr_carea' id='block_1_12' title="bbox 492 1369 2077 1443">
    <p class='ocr_par' dir='ltr' id='par_1_12' title="bbox 492 1369 2077 1443">
     <span class='ocr_line' id='line_1_12' title="bbox 492 1369 2077 1443; baseline -0.009 -12"><span class='ocrx_word' id='word_1_78' title='bbox 492 1373 669 1443; x_wconf 82' lang='lat' dir='ltr'><strong>culpa,</strong></span> <span class='ocrx_word' id='word_1_79' title='bbox 695 1373 746 1426; x_wconf 91' lang='lat' dir='ltr'><strong>in</strong></span> <span class='ocrx_word' id='word_1_80' title='bbox 777 1372 864 1427; x_wconf 86' lang='lat' dir='ltr'><strong>his</strong></span> <span class='ocrx_word' id='word_1_81' title='bbox 889 1389 997 1427; x_wconf 91' lang='lat' dir='ltr'><strong>non</strong></span> <span class='ocrx_word' id='word_1_82' title='bbox 1024 1374 1201 1427; x_wconf 89' lang='lat' dir='ltr'><strong>minus</strong></span> <span class='ocrx_word' id='word_1_83' title='bbox 1228 1386 1388 1442; x_wconf 91' lang='lat' dir='ltr'><strong>quam</strong></span> <span class='ocrx_word' id='word_1_84' title='bbox 1419 1370 1471 1424; x_wconf 90' lang='lat' dir='ltr'><strong>in</strong></span> <span class='ocrx_word' id='word_1_85' title='bbox 1502 1370 1607 1424; x_wconf 87' lang='lat' dir='ltr'><strong>illis</strong></span> <span class='ocrx_word' id='word_1_86' title='bbox 1634 1369 1777 1421; x_wconf 92' lang='lat' dir='ltr'><strong>viros</strong></span> <span class='ocrx_word' id='word_1_87' title='bbox 1807 1373 2077 1430; x_wconf 88' lang='lat' dir='ltr'><strong>metuant;</strong></span> 
     </span>
    </p>
   </div>
   <div class='ocr_carea' id='block_1_13' title="bbox 493 1460 2082 1535">
    <p class='ocr_par' dir='ltr' id='par_1_13' title="bbox 493 1460 2082 1535">
     <span class='ocr_line' id='line_1_13' title="bbox 493 1460 2082 1535; baseline -0.004 -18"><span class='ocrx_word' id='word_1_88' title='bbox 493 1464 545 1517; x_wconf 93' lang='lat' dir='ltr'><strong>in</strong></span> <span class='ocrx_word' id='word_1_89' title='bbox 585 1479 757 1535; x_wconf 89' lang='lat' dir='ltr'><strong>eaque</strong></span> <span class='ocrx_word' id='word_1_90' title='bbox 796 1473 1112 1535; x_wconf 83' lang='lat' dir='ltr'><strong>tempestate</strong></span> <span class='ocrx_word' id='word_1_91' title='bbox 1154 1466 1338 1519; x_wconf 91' lang='lat' dir='ltr'><strong>salutis</strong></span> <span class='ocrx_word' id='word_1_92' title='bbox 1374 1478 1483 1518; x_wconf 70' lang='lat' dir='ltr'><strong>sua:</strong></span> <span class='ocrx_word' id='word_1_93' title='bbox 1527 1461 1703 1516; x_wconf 84' lang='lat' dir='ltr'><strong>studio</strong></span> <span class='ocrx_word' id='word_1_94' title='bbox 1743 1460 1966 1521; x_wconf 88' lang='lat' dir='ltr'><strong>omisso,</strong></span> <span class='ocrx_word' id='word_1_95' title='bbox 2011 1470 2082 1511; x_wconf 88' lang='lat' dir='ltr'><strong>ne</strong></span> 
     </span>
    </p>
   </div>
   <div class='ocr_carea' id='block_1_14' title="bbox 491 1550 2079 1629">
    <p class='ocr_par' dir='ltr' id='par_1_14' title="bbox 491 1550 2079 1629">
     <span class='ocr_line' id='line_1_14' title="bbox 491 1550 2079 1629; baseline -0.006 -18"><span class='ocrx_word' id='word_1_96' title='bbox 491 1556 619 1627; x_wconf 77' lang='lat' dir='ltr'><strong>quid</strong></span> <span class='ocrx_word' id='word_1_97' title='bbox 662 1558 778 1612; x_wconf 90' lang='lat' dir='ltr'><strong>viro</strong></span> <span class='ocrx_word' id='word_1_98' title='bbox 818 1558 1029 1613; x_wconf 86' lang='lat' dir='ltr'><strong>accidat</strong></span> <span class='ocrx_word' id='word_1_99' title='bbox 1066 1558 1354 1629; x_wconf 87' lang='lat' dir='ltr'><strong>ingratum,</strong></span> <span class='ocrx_word' id='word_1_100' title='bbox 1386 1563 1659 1611; x_wconf 89' lang='lat' dir='ltr'><strong>verentur.</strong></span> <span class='ocrx_word' id='word_1_101' title='bbox 1690 1552 1808 1608; x_wconf 83' lang='lat' dir='ltr'><strong>Jatn</strong></span> <span class='ocrx_word' id='word_1_102' title='bbox 1851 1551 1997 1606; x_wconf 85' lang='lat' dir='ltr'><strong>edito</strong></span> <span class='ocrx_word' id='word_1_103' title='bbox 2025 1550 2079 1604; x_wconf 93' lang='lat' dir='ltr'><strong>in</strong></span> 
     </span>
    </p>
   </div>
   <div class='ocr_carea' id='block_1_15' title="bbox 492 1644 2078 1719">
    <p class='ocr_par' dir='ltr' id='par_1_15' title="bbox 492 1644 2078 1719">
     <span class='ocr_line' id='line_1_15' title="bbox 492 1644 2078 1719; baseline -0.003 -19"><span class='ocrx_word' id='word_1_104' title='bbox 492 1661 655 1703; x_wconf 81' lang='lat' dir='ltr'><strong>auras</strong></span> <span class='ocrx_word' id='word_1_105' title='bbox 696 1646 915 1713; x_wconf 82' lang='lat' dir='ltr'><strong>infante,</strong></span> <span class='ocrx_word' id='word_1_106' title='bbox 947 1664 1011 1704; x_wconf 91' lang='lat' dir='ltr'><strong>ac</strong></span> <span class='ocrx_word' id='word_1_107' title='bbox 1038 1650 1261 1719; x_wconf 86' lang='lat' dir='ltr'><strong>primam</strong></span> <span class='ocrx_word' id='word_1_108' title='bbox 1295 1663 1481 1702; x_wconf 89' lang='lat' dir='ltr'><strong>vocem</strong></span> <span class='ocrx_word' id='word_1_109' title='bbox 1507 1645 1687 1710; x_wconf 86' lang='lat' dir='ltr'><strong>ell‘ato,</strong></span> <span class='ocrx_word' id='word_1_110' title='bbox 1719 1644 1837 1699; x_wconf 72' lang='lat' dir='ltr'><strong>alia:</strong></span> <span class='ocrx_word' id='word_1_111' title='bbox 1864 1656 2078 1698; x_wconf 87' lang='lat' dir='ltr'><strong>rursum</strong></span> 
     </span>
    </p>
   </div>
   <div class='ocr_carea' id='block_1_16' title="bbox 493 1734 2082 1809">
    <p class='ocr_par' dir='ltr' id='par_1_16' title="bbox 493 1734 2082 1809">
     <span class='ocr_line' id='line_1_16' title="bbox 493 1734 2082 1809; baseline -0.003 -16"><span class='ocrx_word' id='word_1_112' title='bbox 493 1753 636 1793; x_wconf 77' lang='lat' dir='ltr'><strong>cui-te</strong></span> <span class='ocrx_word' id='word_1_113' title='bbox 655 1740 927 1808; x_wconf 86' lang='lat' dir='ltr'><strong>excipiunt</strong></span> <span class='ocrx_word' id='word_1_114' title='bbox 948 1741 1328 1795; x_wconf 85' lang='lat' dir='ltr'><strong>incolumitatis</strong></span> <span class='ocrx_word' id='word_1_115' title='bbox 1350 1750 1510 1809; x_wconf 88' lang='lat' dir='ltr'><strong>atque</strong></span> <span class='ocrx_word' id='word_1_116' title='bbox 1535 1735 1885 1793; x_wconf 88' lang='lat' dir='ltr'><strong>educationis.</strong></span> <span class='ocrx_word' id='word_1_117' title='bbox 1916 1734 1973 1790; x_wconf 89' lang='lat' dir='ltr'><strong>Si</strong></span> <span class='ocrx_word' id='word_1_118' title='bbox 1999 1734 2082 1788; x_wconf 82' lang='lat' dir='ltr'><strong>iu-</strong></span> 
     </span>
    </p>
   </div>
   <div class='ocr_carea' id='block_1_17' title="bbox 492 1828 2094 1903">
    <p class='ocr_par' dir='ltr' id='par_1_17' title="bbox 492 1828 2094 1903">
     <span class='ocr_line' id='line_1_17' title="bbox 492 1828 2094 1903; baseline -0.001 -19"><span class='ocrx_word' id='word_1_119' title='bbox 492 1831 613 1887; x_wconf 88' lang='lat' dir='ltr'><strong>dole</strong></span> <span class='ocrx_word' id='word_1_120' title='bbox 639 1841 721 1887; x_wconf 91' lang='lat' dir='ltr'><strong>est</strong></span> <span class='ocrx_word' id='word_1_121' title='bbox 751 1833 958 1888; x_wconf 81' lang='lat' dir='ltr'><strong>liberali</strong></span> <span class='ocrx_word' id='word_1_122' title='bbox 986 1842 1039 1889; x_wconf 91' lang='lat' dir='ltr'><strong>et</strong></span> <span class='ocrx_word' id='word_1_123' title='bbox 1065 1833 1134 1889; x_wconf 87' lang='lat' dir='ltr'><strong>ad</strong></span> <span class='ocrx_word' id='word_1_124' title='bbox 1160 1835 1408 1888; x_wconf 90' lang='lat' dir='ltr'><strong>virtutem</strong></span> <span class='ocrx_word' id='word_1_125' title='bbox 1432 1842 1763 1903; x_wconf 88' lang='lat' dir='ltr'><strong>comparata,</strong></span> <span class='ocrx_word' id='word_1_126' title='bbox 1793 1831 1986 1884; x_wconf 89' lang='lat' dir='ltr'><strong>iterum</strong></span> <span class='ocrx_word' id='word_1_127' title='bbox 2024 1828 2094 1883; x_wconf 85' lang='lat' dir='ltr'><strong>in&#39;</strong></span> 
     </span>
    </p>
   </div>
   <div class='ocr_carea' id='block_1_18' title="bbox 492 1922 2077 1995">
    <p class='ocr_par' dir='ltr' id='par_1_18' title="bbox 492 1922 2077 1995">
     <span class='ocr_line' id='line_1_18' title="bbox 492 1922 2077 1995; baseline 0.001 -22"><span class='ocrx_word' id='word_1_128' title='bbox 492 1930 637 1976; x_wconf 90' lang='lat' dir='ltr'><strong>metu</strong></span> <span class='ocrx_word' id='word_1_129' title='bbox 664 1935 931 1992; x_wconf 89' lang='lat' dir='ltr'><strong>parentes,</strong></span> <span class='ocrx_word' id='word_1_130' title='bbox 957 1940 1025 1979; x_wconf 91' lang='lat' dir='ltr'><strong>ne</strong></span> <span class='ocrx_word' id='word_1_131' title='bbox 1054 1925 1179 1995; x_wconf 89' lang='lat' dir='ltr'><strong>quid</strong></span> <span class='ocrx_word' id='word_1_132' title='bbox 1202 1925 1476 1980; x_wconf 88' lang='lat' dir='ltr'><strong>sinistrum</strong></span> <span class='ocrx_word' id='word_1_133' title='bbox 1505 1924 1757 1994; x_wconf 79' lang='lat' dir='ltr'><strong>patiatur,</strong></span> <span class='ocrx_word' id='word_1_134' title='bbox 1791 1936 1857 1976; x_wconf 92' lang='lat' dir='ltr'><strong>ne</strong></span> <span class='ocrx_word' id='word_1_135' title='bbox 1886 1922 2077 1975; x_wconf 87' lang='lat' dir='ltr'><strong>imma-</strong></span> 
     </span>
    </p>
   </div>
   <div class='ocr_carea' id='block_1_19' title="bbox 493 2014 2125 2086">
    <p class='ocr_par' dir='ltr' id='par_1_19' title="bbox 493 2014 2125 2086">
     <span class='ocr_line' id='line_1_19' title="bbox 493 2014 2125 2086; baseline 0 -18"><span class='ocrx_word' id='word_1_136' title='bbox 493 2022 610 2068; x_wconf 91' lang='lat' dir='ltr'><strong>tura</strong></span> <span class='ocrx_word' id='word_1_137' title='bbox 650 2025 825 2071; x_wconf 87' lang='lat' dir='ltr'><strong>morte</strong></span> <span class='ocrx_word' id='word_1_138' title='bbox 864 2016 1041 2083; x_wconf 91' lang='lat' dir='ltr'><strong>obeat,</strong></span> <span class='ocrx_word' id='word_1_139' title='bbox 1083 2032 1154 2072; x_wconf 90' lang='lat' dir='ltr'><strong>ne</strong></span> <span class='ocrx_word' id='word_1_140' title='bbox 1191 2018 1244 2071; x_wconf 93' lang='lat' dir='ltr'><strong>in</strong></span> <span class='ocrx_word' id='word_1_141' title='bbox 1281 2018 1465 2072; x_wconf 89' lang='lat' dir='ltr'><strong>vitium</strong></span> <span class='ocrx_word' id='word_1_142' title='bbox 1501 2014 1714 2086; x_wconf 87' lang='lat' dir='ltr'><strong>aliquod</strong></span> <span class='ocrx_word' id='word_1_143' title='bbox 1752 2015 2075 2083; x_wconf 77' lang='lat' dir='ltr'><strong>degeneret;</strong></span> <span class='ocrx_word' id='word_1_144' title='bbox 2117 2030 2125 2036; x_wconf 83' lang='lat'>&#39;</span> 
     </span>
    </p>
   </div>
   <div class='ocr_carea' id='block_1_20' title="bbox 493 2108 2079 2179">
    <p class='ocr_par' dir='ltr' id='par_1_20' title="bbox 493 2108 2079 2179">
     <span class='ocr_line' id='line_1_20' title="bbox 493 2108 2079 2179; baseline 0 -20"><span class='ocrx_word' id='word_1_145' title='bbox 493 2121 613 2160; x_wconf 89' lang='lat' dir='ltr'><strong>nam</strong></span> <span class='ocrx_word' id='word_1_146' title='bbox 641 2123 746 2162; x_wconf 89' lang='lat' dir='ltr'><strong>non</strong></span> <span class='ocrx_word' id='word_1_147' title='bbox 769 2109 940 2163; x_wconf 92' lang='lat' dir='ltr'><strong>solum</strong></span> <span class='ocrx_word' id='word_1_148' title='bbox 970 2125 1032 2163; x_wconf 82' lang='lat' dir='ltr'><strong>ex</strong></span> <span class='ocrx_word' id='word_1_149' title='bbox 1062 2109 1319 2177; x_wconf 84' lang='lat' dir='ltr'><strong>improbis</strong></span> <span class='ocrx_word' id='word_1_150' title='bbox 1347 2109 1519 2179; x_wconf 86' lang='lat' dir='ltr'><strong>probi,</strong></span> <span class='ocrx_word' id='word_1_151' title='bbox 1547 2108 1640 2163; x_wconf 91' lang='lat' dir='ltr'><strong>sed</strong></span> <span class='ocrx_word' id='word_1_152' title='bbox 1668 2108 1828 2162; x_wconf 90' lang='lat' dir='ltr'><strong>etiam</strong></span> <span class='ocrx_word' id='word_1_153' title='bbox 1857 2122 1923 2161; x_wconf 88' lang='lat' dir='ltr'><strong>ex</strong></span> <span class='ocrx_word' id='word_1_154' title='bbox 1954 2121 2079 2175; x_wconf 89' lang='lat' dir='ltr'><strong>pro-</strong></span> 
     </span>
    </p>
   </div>
   <div class='ocr_carea' id='block_1_21' title="bbox 494 2197 2077 2271">
    <p class='ocr_par' dir='ltr' id='par_1_21' title="bbox 494 2197 2077 2271">
     <span class='ocr_line' id='line_1_21' title="bbox 494 2197 2077 2271; baseline 0.001 -21"><span class='ocrx_word' id='word_1_155' title='bbox 494 2197 575 2251; x_wconf 90' lang='lat' dir='ltr'><strong>bis</strong></span> <span class='ocrx_word' id='word_1_156' title='bbox 602 2198 829 2268; x_wconf 89' lang='lat' dir='ltr'><strong>improbi</strong></span> <span class='ocrx_word' id='word_1_157' title='bbox 858 2214 922 2255; x_wconf 88' lang='lat' dir='ltr'><strong>ac</strong></span> <span class='ocrx_word' id='word_1_158' title='bbox 960 2198 1206 2271; x_wconf 84' lang='lat' dir='ltr'><strong>ﬂagitiosi</strong></span> <span class='ocrx_word' id='word_1_159' title='bbox 1245 2200 1398 2255; x_wconf 83' lang='lat' dir='ltr'><strong>fiunt.</strong></span> <span class='ocrx_word' id='word_1_160' title='bbox 1430 2200 1668 2268; x_wconf 89' lang='lat' dir='ltr'><strong>Quorum</strong></span> <span class='ocrx_word' id='word_1_161' title='bbox 1700 2200 1743 2252; x_wconf 88' lang='lat' dir='ltr'><strong>si</strong></span> <span class='ocrx_word' id='word_1_162' title='bbox 1783 2197 1910 2268; x_wconf 89' lang='lat' dir='ltr'><strong>quid</strong></span> <span class='ocrx_word' id='word_1_163' title='bbox 1950 2211 2077 2251; x_wconf 84' lang='lat' dir='ltr'><strong>eve-</strong></span> 
     </span>
    </p>
   </div>
   <div class='ocr_carea' id='block_1_22' title="bbox 496 2290 2080 2365">
    <p class='ocr_par' dir='ltr' id='par_1_22' title="bbox 496 2290 2080 2365">
     <span class='ocr_line' id='line_1_22' title="bbox 496 2290 2080 2365; baseline 0.004 -23"><span class='ocrx_word' id='word_1_164' title='bbox 496 2290 608 2345; x_wconf 89' lang='lat' dir='ltr'><strong>niat</strong></span> <span class='ocrx_word' id='word_1_165' title='bbox 632 2291 880 2359; x_wconf 90' lang='lat' dir='ltr'><strong>invisum,</strong></span> <span class='ocrx_word' id='word_1_166' title='bbox 913 2293 1299 2350; x_wconf 85' lang='lat' dir='ltr'><strong>intolerabilius</strong></span> <span class='ocrx_word' id='word_1_167' title='bbox 1337 2295 1535 2349; x_wconf 89' lang='lat' dir='ltr'><strong>malum</strong></span> <span class='ocrx_word' id='word_1_168' title='bbox 1572 2303 1673 2358; x_wconf 83' lang='lat' dir='ltr'><strong>est,</strong></span> <span class='ocrx_word' id='word_1_169' title='bbox 1704 2307 1862 2365; x_wconf 91' lang='lat' dir='ltr'><strong>quam</strong></span> <span class='ocrx_word' id='word_1_170' title='bbox 1892 2291 1937 2346; x_wconf 91' lang='lat' dir='ltr'><strong>si</strong></span> <span class='ocrx_word' id='word_1_171' title='bbox 1964 2290 2080 2348; x_wconf 72' lang='lat' dir='ltr'><strong>hic</strong></span> 
     </span>
    </p>
   </div>
   <div class='ocr_carea' id='block_1_23' title="bbox 492 2382 2078 2456">
    <p class='ocr_par' dir='ltr' id='par_1_23' title="bbox 492 2382 2078 2456">
     <span class='ocr_line' id='line_1_23' title="bbox 492 2382 2078 2456; baseline 0 -20"><span class='ocrx_word' id='word_1_172' title='bbox 492 2383 559 2438; x_wconf 90' lang='lat' dir='ltr'><strong>ab</strong></span> <span class='ocrx_word' id='word_1_173' title='bbox 589 2384 738 2438; x_wconf 90' lang='lat' dir='ltr'><strong>initio</strong></span> <span class='ocrx_word' id='word_1_174' title='bbox 755 2386 1133 2456; x_wconf 86' lang='lat' dir='ltr'><strong>contigissent:</strong></span> <span class='ocrx_word' id='word_1_175' title='bbox 1158 2388 1239 2441; x_wconf 90' lang='lat' dir='ltr'><strong>sin</strong></span> <span class='ocrx_word' id='word_1_176' title='bbox 1260 2387 1438 2440; x_wconf 86' lang='lat' dir='ltr'><strong>omnia</strong></span> <span class='ocrx_word' id='word_1_177' title='bbox 1462 2386 1513 2440; x_wconf 93' lang='lat' dir='ltr'><strong>in</strong></span> <span class='ocrx_word' id='word_1_178' title='bbox 1542 2401 1608 2440; x_wconf 90' lang='lat' dir='ltr'><strong>eo</strong></span> <span class='ocrx_word' id='word_1_179' title='bbox 1638 2385 1888 2456; x_wconf 69' lang='lat' dir='ltr'><strong>prteclara</strong></span> <span class='ocrx_word' id='word_1_180' title='bbox 1908 2382 2078 2439; x_wconf 91' lang='lat' dir='ltr'><strong>stabi-</strong></span> 
     </span>
    </p>
   </div>
   <div class='ocr_carea' id='block_1_24' title="bbox 493 2474 2075 2548">
    <p class='ocr_par' dir='ltr' id='par_1_24' title="bbox 493 2474 2075 2548">
     <span class='ocr_line' id='line_1_24' title="bbox 493 2474 2075 2548; baseline 0.001 -20"><span class='ocrx_word' id='word_1_181' title='bbox 493 2474 558 2529; x_wconf 87' lang='lat' dir='ltr'><strong>lia</strong></span> <span class='ocrx_word' id='word_1_182' title='bbox 581 2489 943 2545; x_wconf 88' lang='lat' dir='ltr'><strong>permaneant,</strong></span> <span class='ocrx_word' id='word_1_183' title='bbox 960 2488 1015 2533; x_wconf 89' lang='lat' dir='ltr'><strong>at</strong></span> <span class='ocrx_word' id='word_1_184' title='bbox 1029 2480 1333 2534; x_wconf 83' lang='lat' dir='ltr'><strong>mutationis</strong></span> <span class='ocrx_word' id='word_1_185' title='bbox 1353 2480 1512 2534; x_wconf 89' lang='lat' dir='ltr'><strong>timor</strong></span> <span class='ocrx_word' id='word_1_186' title='bbox 1526 2479 1738 2533; x_wconf 88' lang='lat' dir='ltr'><strong>assidue</strong></span> <span class='ocrx_word' id='word_1_187' title='bbox 1756 2485 1951 2548; x_wconf 72' lang='lat' dir='ltr'><strong>praesto</strong></span> <span class='ocrx_word' id='word_1_188' title='bbox 1972 2485 2075 2542; x_wconf 91' lang='lat' dir='ltr'><strong>est,</strong></span> 
     </span>
    </p>
   </div>
   <div class='ocr_carea' id='block_1_25' title="bbox 492 2568 2079 2640">
    <p class='ocr_par' dir='ltr' id='par_1_25' title="bbox 492 2568 2079 2640">
     <span class='ocr_line' id='line_1_25' title="bbox 492 2568 2079 2640; baseline -0.001 -19"><span class='ocrx_word' id='word_1_189' title='bbox 492 2578 770 2637; x_wconf 84' lang='lat' dir='ltr'><strong>parentum</strong></span> <span class='ocrx_word' id='word_1_190' title='bbox 794 2572 1001 2626; x_wconf 80' lang='lat' dir='ltr'><strong>animos</strong></span> <span class='ocrx_word' id='word_1_191' title='bbox 1029 2585 1249 2625; x_wconf 87' lang='lat' dir='ltr'><strong>versans</strong></span> <span class='ocrx_word' id='word_1_192' title='bbox 1270 2585 1622 2640; x_wconf 76' lang='lat' dir='ltr'><strong>magnamque</strong></span> <span class='ocrx_word' id='word_1_193' title='bbox 1647 2568 1934 2638; x_wconf 72' lang='lat' dir='ltr'><strong>voluptatis</strong></span> <span class='ocrx_word' id='word_1_194' title='bbox 1961 2582 2079 2637; x_wconf 86' lang='lat' dir='ltr'><strong>par-</strong></span> 
     </span>
    </p>
   </div>
   <div class='ocr_carea' id='block_1_26' title="bbox 493 2660 2081 2732">
    <p class='ocr_par' dir='ltr' id='par_1_26' title="bbox 493 2660 2081 2732">
     <span class='ocr_line' id='line_1_26' title="bbox 493 2660 2081 2732; baseline 0.001 -18"><span class='ocrx_word' id='word_1_195' title='bbox 493 2670 599 2714; x_wconf 91' lang='lat' dir='ltr'><strong>tem</strong></span> <span class='ocrx_word' id='word_1_196' title='bbox 639 2660 981 2717; x_wconf 88' lang='lat' dir='ltr'><strong>detruncans.</strong></span> <span class='ocrx_word' id='word_1_197' title='bbox 1029 2664 1099 2718; x_wconf 85' lang='lat' dir='ltr'><strong>At</strong></span> <span class='ocrx_word' id='word_1_198' title='bbox 1138 2678 1244 2719; x_wconf 94' lang='lat' dir='ltr'><strong>non</strong></span> <span class='ocrx_word' id='word_1_199' title='bbox 1287 2664 1536 2717; x_wconf 91' lang='lat' dir='ltr'><strong>omnibus</strong></span> <span class='ocrx_word' id='word_1_200' title='bbox 1575 2662 1780 2717; x_wconf 85' lang='lat' dir='ltr'><strong>maritis</strong></span> <span class='ocrx_word' id='word_1_201' title='bbox 1816 2661 2081 2732; x_wconf 89' lang='lat' dir='ltr'><strong>contingit</strong></span> 
     </span>
    </p>
   </div>
   <div class='ocr_carea' id='block_1_27' title="bbox 490 2752 2074 2826">
    <p class='ocr_par' dir='ltr' id='par_1_27' title="bbox 490 2752 2074 2826">
     <span class='ocr_line' id='line_1_27' title="bbox 490 2752 2074 2826; baseline 0 -20"><span class='ocrx_word' id='word_1_202' title='bbox 490 2752 690 2807; x_wconf 90' lang='lat' dir='ltr'><strong>liberos</strong></span> <span class='ocrx_word' id='word_1_203' title='bbox 719 2752 938 2809; x_wconf 90' lang='lat' dir='ltr'><strong>habere.</strong></span> <span class='ocrx_word' id='word_1_204' title='bbox 969 2754 1151 2826; x_wconf 85' lang='lat' dir='ltr'><strong>Itaque</strong></span> <span class='ocrx_word' id='word_1_205' title='bbox 1189 2755 1318 2808; x_wconf 91' lang='lat' dir='ltr'><strong>mihi</strong></span> <span class='ocrx_word' id='word_1_206' title='bbox 1356 2755 1516 2808; x_wconf 85' lang='lat' dir='ltr'><strong>aliain</strong></span> <span class='ocrx_word' id='word_1_207' title='bbox 1558 2768 1770 2809; x_wconf 88' lang='lat' dir='ltr'><strong>rursum</strong></span> <span class='ocrx_word' id='word_1_208' title='bbox 1808 2753 2074 2823; x_wconf 88' lang='lat' dir='ltr'><strong>inquietu-</strong></span> 
     </span>
    </p>
   </div>
   <div class='ocr_carea' id='block_1_28' title="bbox 488 2842 2078 2912">
    <p class='ocr_par' dir='ltr' id='par_1_28' title="bbox 488 2842 2078 2912">
     <span class='ocr_line' id='line_1_28' title="bbox 488 2842 2078 2912; baseline 0.001 -16"><span class='ocrx_word' id='word_1_209' title='bbox 488 2842 628 2898; x_wconf 90' lang='lat' dir='ltr'><strong>dinis</strong></span> <span class='ocrx_word' id='word_1_210' title='bbox 653 2858 870 2899; x_wconf 88' lang='lat' dir='ltr'><strong>causam</strong></span> <span class='ocrx_word' id='word_1_211' title='bbox 912 2858 1117 2899; x_wconf 89' lang='lat' dir='ltr'><strong>narras.</strong></span> <span class='ocrx_word' id='word_1_212' title='bbox 1144 2844 1319 2911; x_wconf 86' lang='lat' dir='ltr'><strong>Quare</strong></span> <span class='ocrx_word' id='word_1_213' title='bbox 1348 2845 1392 2898; x_wconf 91' lang='lat' dir='ltr'><strong>si</strong></span> <span class='ocrx_word' id='word_1_214' title='bbox 1428 2856 1485 2899; x_wconf 93' lang='lat' dir='ltr'><strong>et</strong></span> <span class='ocrx_word' id='word_1_215' title='bbox 1513 2844 1774 2912; x_wconf 87' lang='lat' dir='ltr'><strong>susceptis</strong></span> <span class='ocrx_word' id='word_1_216' title='bbox 1804 2842 1987 2897; x_wconf 91' lang='lat' dir='ltr'><strong>liberis</strong></span> <span class='ocrx_word' id='word_1_217' title='bbox 2014 2856 2078 2897; x_wconf 90' lang='lat' dir='ltr'><strong>ac</strong></span> 
     </span>
    </p>
   </div>
   <div class='ocr_carea' id='block_1_29' title="bbox 490 2931 2076 3005">
    <p class='ocr_par' dir='ltr' id='par_1_29' title="bbox 490 2931 2076 3005">
     <span class='ocr_line' id='line_1_29' title="bbox 490 2931 2076 3005; baseline 0 -19"><span class='ocrx_word' id='word_1_218' title='bbox 490 2948 593 2986; x_wconf 92' lang='lat' dir='ltr'><strong>non</strong></span> <span class='ocrx_word' id='word_1_219' title='bbox 617 2934 903 3003; x_wconf 89' lang='lat' dir='ltr'><strong>susceptis,</strong></span> <span class='ocrx_word' id='word_1_220' title='bbox 933 2944 987 2989; x_wconf 92' lang='lat' dir='ltr'><strong>et</strong></span> <span class='ocrx_word' id='word_1_221' title='bbox 1011 2935 1189 3004; x_wconf 89' lang='lat' dir='ltr'><strong>probis</strong></span> <span class='ocrx_word' id='word_1_222' title='bbox 1210 2949 1271 2989; x_wconf 91' lang='lat' dir='ltr'><strong>ac</strong></span> <span class='ocrx_word' id='word_1_223' title='bbox 1293 2933 1589 3005; x_wconf 81' lang='lat' dir='ltr'><strong>ﬂagitiosis,</strong></span> <span class='ocrx_word' id='word_1_224' title='bbox 1616 2934 1781 2986; x_wconf 90' lang='lat' dir='ltr'><strong>variis</strong></span> <span class='ocrx_word' id='word_1_225' title='bbox 1800 2931 2076 2986; x_wconf 79' lang='lat' dir='ltr'><strong>doloribus</strong></span> 
     </span>
    </p>
   </div>
   <div class='ocr_carea' id='block_1_30' title="bbox 487 3023 2074 3097">
    <p class='ocr_par' dir='ltr' id='par_1_30' title="bbox 487 3023 2074 3097">
     <span class='ocr_line' id='line_1_30' title="bbox 487 3023 2074 3097; baseline 0 -20"><span class='ocrx_word' id='word_1_226' title='bbox 487 3032 648 3093; x_wconf 84' lang='lat' dir='ltr'><strong>atque</strong></span> <span class='ocrx_word' id='word_1_227' title='bbox 668 3025 809 3079; x_wconf 90' lang='lat' dir='ltr'><strong>curis</strong></span> <span class='ocrx_word' id='word_1_228' title='bbox 835 3026 1196 3093; x_wconf 89' lang='lat' dir='ltr'><strong>continentur,</strong></span> <span class='ocrx_word' id='word_1_229' title='bbox 1222 3026 1361 3081; x_wconf 90' lang='lat' dir='ltr'><strong>unde</strong></span> <span class='ocrx_word' id='word_1_230' title='bbox 1383 3026 1492 3095; x_wconf 90' lang='lat' dir='ltr'><strong>jam</strong></span> <span class='ocrx_word' id='word_1_231' title='bbox 1519 3040 1682 3097; x_wconf 89' lang='lat' dir='ltr'><strong>porro</strong></span> <span class='ocrx_word' id='word_1_232' title='bbox 1706 3023 2074 3079; x_wconf 80' lang='lat' dir='ltr'><strong>suavissimam</strong></span> 
     </span>
    </p>
   </div>
   <div class='ocr_carea' id='block_1_31' title="bbox 485 3117 2073 3189">
    <p class='ocr_par' dir='ltr' id='par_1_31' title="bbox 485 3117 2073 3189">
     <span class='ocr_line' id='line_1_31' title="bbox 485 3117 2073 3189; baseline 0.002 -20"><span class='ocrx_word' id='word_1_233' title='bbox 485 3117 769 3187; x_wconf 87' lang='lat' dir='ltr'><strong>conjugqu</strong></span> <span class='ocrx_word' id='word_1_234' title='bbox 810 3120 975 3173; x_wconf 90' lang='lat' dir='ltr'><strong>vitam</strong></span> <span class='ocrx_word' id='word_1_235' title='bbox 1020 3120 1369 3175; x_wconf 88' lang='lat' dir='ltr'><strong>vocabimus?</strong></span> <span class='ocrx_word' id='word_1_236' title='bbox 1397 3119 1515 3174; x_wconf 81' lang='lat' dir='ltr'><strong>Jam</strong></span> <span class='ocrx_word' id='word_1_237' title='bbox 1558 3120 1604 3175; x_wconf 92' lang='lat' dir='ltr'><strong>si</strong></span> <span class='ocrx_word' id='word_1_238' title='bbox 1643 3118 1912 3189; x_wconf 79' lang='lat' dir='ltr'><strong>eonjugati</strong></span> <span class='ocrx_word' id='word_1_239' title='bbox 1942 3132 2073 3173; x_wconf 86' lang='lat' dir='ltr'><strong>con-</strong></span> 
     </span>
    </p>
   </div>
   <div class='ocr_carea' id='block_1_32' title="bbox 484 3209 2076 3283">
    <p class='ocr_par' dir='ltr' id='par_1_32' title="bbox 484 3209 2076 3283">
     <span class='ocr_line' id='line_1_32' title="bbox 484 3209 2076 3283; baseline 0.003 -20"><span class='ocrx_word' id='word_1_240' title='bbox 484 3209 678 3265; x_wconf 89' lang='lat' dir='ltr'><strong>cordes</strong></span> <span class='ocrx_word' id='word_1_241' title='bbox 712 3210 876 3265; x_wconf 88' lang='lat' dir='ltr'><strong>vitam</strong></span> <span class='ocrx_word' id='word_1_242' title='bbox 917 3213 1151 3283; x_wconf 78' lang='lat' dir='ltr'><strong>exigant,</strong></span> <span class='ocrx_word' id='word_1_243' title='bbox 1189 3212 1418 3268; x_wconf 86' lang='lat' dir='ltr'><strong>formido</strong></span> <span class='ocrx_word' id='word_1_244' title='bbox 1445 3213 1548 3268; x_wconf 89' lang='lat' dir='ltr'><strong>erit</strong></span> <span class='ocrx_word' id='word_1_245' title='bbox 1589 3228 1659 3268; x_wconf 92' lang='lat' dir='ltr'><strong>ne</strong></span> <span class='ocrx_word' id='word_1_246' title='bbox 1687 3213 1900 3268; x_wconf 88' lang='lat' dir='ltr'><strong>irruens</strong></span> <span class='ocrx_word' id='word_1_247' title='bbox 1929 3227 2076 3268; x_wconf 82' lang='lat' dir='ltr'><strong>mors</strong></span> 
     </span>
    </p>
   </div>
   <div class='ocr_carea' id='block_1_33' title="bbox 485 3300 2072 3372">
    <p class='ocr_par' dir='ltr' id='par_1_33' title="bbox 485 3300 2072 3372">
     <span class='ocr_line' id='line_1_33' title="bbox 485 3300 2072 3372; baseline 0.001 -20"><span class='ocrx_word' id='word_1_248' title='bbox 485 3300 813 3369; x_wconf 82' lang='lat' dir='ltr'><strong>voluptatem</strong></span> <span class='ocrx_word' id='word_1_249' title='bbox 863 3300 1115 3372; x_wconf 88' lang='lat' dir='ltr'><strong>dissipet;</strong></span> <span class='ocrx_word' id='word_1_250' title='bbox 1167 3302 1276 3357; x_wconf 90' lang='lat' dir='ltr'><strong>imo</strong></span> <span class='ocrx_word' id='word_1_251' title='bbox 1328 3317 1455 3359; x_wconf 87' lang='lat' dir='ltr'><strong>vero</strong></span> <span class='ocrx_word' id='word_1_252' title='bbox 1504 3317 1611 3358; x_wconf 92' lang='lat' dir='ltr'><strong>non</strong></span> <span class='ocrx_word' id='word_1_253' title='bbox 1663 3302 1892 3358; x_wconf 89' lang='lat' dir='ltr'><strong>formido</strong></span> <span class='ocrx_word' id='word_1_254' title='bbox 1935 3302 2072 3368; x_wconf 89' lang='lat' dir='ltr'><strong>erit,</strong></span> 
     </span>
    </p>
   </div>
   <div class='ocr_carea' id='block_1_34' title="bbox 486 3392 2073 3463">
    <p class='ocr_par' dir='ltr' id='par_1_34' title="bbox 486 3392 2073 3463">
     <span class='ocr_line' id='line_1_34' title="bbox 486 3392 2073 3463; baseline 0.003 -19"><span class='ocrx_word' id='word_1_255' title='bbox 486 3406 659 3463; x_wconf 90' lang='lat' dir='ltr'><strong>neque</strong></span> <span class='ocrx_word' id='word_1_256' title='bbox 700 3392 757 3447; x_wconf 90' lang='lat' dir='ltr'><strong>id</strong></span> <span class='ocrx_word' id='word_1_257' title='bbox 803 3393 1002 3449; x_wconf 88' lang='lat' dir='ltr'><strong>malum</strong></span> <span class='ocrx_word' id='word_1_258' title='bbox 1041 3394 1390 3450; x_wconf 90' lang='lat' dir='ltr'><strong>metuendum</strong></span> <span class='ocrx_word' id='word_1_259' title='bbox 1430 3394 1709 3450; x_wconf 77' lang='lat' dir='ltr'><strong>dumtaxat</strong></span> <span class='ocrx_word' id='word_1_260' title='bbox 1751 3393 1930 3459; x_wconf 88' lang='lat' dir='ltr'><strong>fuerit,</strong></span> <span class='ocrx_word' id='word_1_261' title='bbox 1976 3392 2073 3449; x_wconf 80' lang='lat' dir='ltr'><strong>sed</strong></span> 
     </span>
    </p>
   </div>
   <div class='ocr_carea' id='block_1_35' title="bbox 484 3483 2070 3556">
    <p class='ocr_par' dir='ltr' id='par_1_35' title="bbox 484 3483 2070 3556">
     <span class='ocr_line' id='line_1_35' title="bbox 484 3483 2070 3556; baseline 0.003 -22"><span class='ocrx_word' id='word_1_262' title='bbox 484 3483 706 3537; x_wconf 90' lang='lat' dir='ltr'><strong>omnino</strong></span> <span class='ocrx_word' id='word_1_263' title='bbox 744 3484 1037 3539; x_wconf 87' lang='lat' dir='ltr'><strong>necessitas</strong></span> <span class='ocrx_word' id='word_1_264' title='bbox 1064 3485 1168 3540; x_wconf 89' lang='lat' dir='ltr'><strong>erit</strong></span> <span class='ocrx_word' id='word_1_265' title='bbox 1205 3484 1490 3556; x_wconf 86' lang='lat' dir='ltr'><strong>aliquando</strong></span> <span class='ocrx_word' id='word_1_266' title='bbox 1527 3486 1582 3540; x_wconf 88' lang='lat' dir='ltr'><strong>in</strong></span> <span class='ocrx_word' id='word_1_267' title='bbox 1607 3493 1782 3540; x_wconf 90' lang='lat' dir='ltr'><strong>aetum</strong></span> <span class='ocrx_word' id='word_1_268' title='bbox 1818 3485 2070 3556; x_wconf 87' lang='lat' dir='ltr'><strong>prodire;</strong></span> 
     </span>
    </p>
   </div>
   <div class='ocr_carea' id='block_1_36' title="bbox 485 3574 2074 3647">
    <p class='ocr_par' dir='ltr' id='par_1_36' title="bbox 485 3574 2074 3647">
     <span class='ocr_line' id='line_1_36' title="bbox 485 3574 2074 3647; baseline 0.004 -20"><span class='ocrx_word' id='word_1_269' title='bbox 485 3588 645 3628; x_wconf 88' lang='lat' dir='ltr'><strong>nemo</strong></span> <span class='ocrx_word' id='word_1_270' title='bbox 660 3574 803 3628; x_wconf 89' lang='lat' dir='ltr'><strong>enim</strong></span> <span class='ocrx_word' id='word_1_271' title='bbox 820 3577 993 3644; x_wconf 89' lang='lat' dir='ltr'><strong>potuit</strong></span> <span class='ocrx_word' id='word_1_272' title='bbox 1016 3585 1298 3647; x_wconf 90' lang='lat' dir='ltr'><strong>utrumque</strong></span> <span class='ocrx_word' id='word_1_273' title='bbox 1320 3593 1426 3633; x_wconf 92' lang='lat' dir='ltr'><strong>uno</strong></span> <span class='ocrx_word' id='word_1_274' title='bbox 1446 3578 1535 3633; x_wconf 90' lang='lat' dir='ltr'><strong>die</strong></span> <span class='ocrx_word' id='word_1_275' title='bbox 1553 3579 1872 3634; x_wconf 90' lang='lat' dir='ltr'><strong>exstinctum</strong></span> <span class='ocrx_word' id='word_1_276' title='bbox 1893 3587 2074 3634; x_wconf 84' lang='lat' dir='ltr'><strong>osten-</strong></span> 
     </span>
    </p>
   </div>
   <div class='ocr_carea' id='block_1_37' title="bbox 484 3662 2073 3739">
    <p class='ocr_par' dir='ltr' id='par_1_37' title="bbox 484 3662 2073 3739">
     <span class='ocr_line' id='line_1_37' title="bbox 484 3662 2073 3739; baseline 0.005 -22"><span class='ocrx_word' id='word_1_277' title='bbox 484 3662 629 3718; x_wconf 89' lang='lat' dir='ltr'><strong>dere.</strong></span> <span class='ocrx_word' id='word_1_278' title='bbox 661 3665 815 3731; x_wconf 90' lang='lat' dir='ltr'><strong>Quod</strong></span> <span class='ocrx_word' id='word_1_279' title='bbox 837 3667 882 3722; x_wconf 93' lang='lat' dir='ltr'><strong>si</strong></span> <span class='ocrx_word' id='word_1_280' title='bbox 905 3682 1011 3722; x_wconf 88' lang='lat' dir='ltr'><strong>non</strong></span> <span class='ocrx_word' id='word_1_281' title='bbox 1028 3668 1321 3739; x_wconf 89' lang='lat' dir='ltr'><strong>contingat,</strong></span> <span class='ocrx_word' id='word_1_282' title='bbox 1348 3669 1489 3739; x_wconf 89' lang='lat' dir='ltr'><strong>quod</strong></span> <span class='ocrx_word' id='word_1_283' title='bbox 1511 3679 1756 3739; x_wconf 83' lang='lat' dir='ltr'><strong>superest</strong></span> <span class='ocrx_word' id='word_1_284' title='bbox 1778 3670 2073 3725; x_wconf 86' lang='lat' dir='ltr'><strong>necessitas</strong></span> 
     </span>
    </p>
   </div>
   <div class='ocr_carea' id='block_1_38' title="bbox 483 3757 2071 3829">
    <p class='ocr_par' dir='ltr' id='par_1_38' title="bbox 483 3757 2071 3829">
     <span class='ocr_line' id='line_1_38' title="bbox 483 3757 2071 3829; baseline 0.006 -21"><span class='ocrx_word' id='word_1_285' title='bbox 483 3757 585 3809; x_wconf 89' lang='lat' dir='ltr'><strong>erit</strong></span> <span class='ocrx_word' id='word_1_286' title='bbox 617 3758 695 3810; x_wconf 87' lang='lat' dir='ltr'><strong>vel</strong></span> <span class='ocrx_word' id='word_1_287' title='bbox 736 3767 906 3813; x_wconf 90' lang='lat' dir='ltr'><strong>morte</strong></span> <span class='ocrx_word' id='word_1_288' title='bbox 944 3760 1271 3815; x_wconf 87' lang='lat' dir='ltr'><strong>acerbiorem</strong></span> <span class='ocrx_word' id='word_1_289' title='bbox 1316 3762 1476 3816; x_wconf 86' lang='lat' dir='ltr'><strong>vitam</strong></span> <span class='ocrx_word' id='word_1_290' title='bbox 1521 3764 1807 3829; x_wconf 85' lang='lat' dir='ltr'><strong>sustinere,</strong></span> <span class='ocrx_word' id='word_1_291' title='bbox 1848 3778 1943 3818; x_wconf 88' lang='lat' dir='ltr'><strong>seu</strong></span> <span class='ocrx_word' id='word_1_292' title='bbox 1980 3764 2071 3819; x_wconf 92' lang='lat' dir='ltr'><strong>diu</strong></span> 
     </span>
    </p>
   </div>
   <div class='ocr_carea' id='block_1_39' title="bbox 485 3852 2070 3927">
    <p class='ocr_par' dir='ltr' id='par_1_39' title="bbox 485 3852 2070 3927">
     <span class='ocr_line' id='line_1_39' title="bbox 485 3852 2070 3927; baseline 0.005 -26"><span class='ocrx_word' id='word_1_293' title='bbox 485 3862 602 3901; x_wconf 85' lang='lat' dir='ltr'><strong>cum</strong></span> <span class='ocrx_word' id='word_1_294' title='bbox 646 3864 708 3902; x_wconf 89' lang='lat' dir='ltr'><strong>ea</strong></span> <span class='ocrx_word' id='word_1_295' title='bbox 736 3852 1035 3917; x_wconf 85' lang='lat' dir='ltr'><strong>consuevit,</strong></span> <span class='ocrx_word' id='word_1_296' title='bbox 1067 3866 1163 3906; x_wconf 92' lang='lat' dir='ltr'><strong>seu</strong></span> <span class='ocrx_word' id='word_1_297' title='bbox 1206 3866 1418 3922; x_wconf 91' lang='lat' dir='ltr'><strong>parum.</strong></span> <span class='ocrx_word' id='word_1_298' title='bbox 1459 3853 1591 3908; x_wconf 86' lang='lat' dir='ltr'><strong>Nam</strong></span> <span class='ocrx_word' id='word_1_299' title='bbox 1631 3853 1722 3908; x_wconf 91' lang='lat' dir='ltr'><strong>ille</strong></span> <span class='ocrx_word' id='word_1_300' title='bbox 1759 3869 1867 3923; x_wconf 91' lang='lat' dir='ltr'><strong>quo</strong></span> <span class='ocrx_word' id='word_1_301' title='bbox 1903 3857 2070 3927; x_wconf 88' lang='lat' dir='ltr'><strong>magis</strong></span> 
     </span>
    </p>
   </div>
   <div class='ocr_carea' id='block_1_40' title="bbox 483 3937 2070 4016">
    <p class='ocr_par' dir='ltr' id='par_1_40' title="bbox 483 3937 2070 4016">
     <span class='ocr_line' id='line_1_40' title="bbox 483 3937 2070 4016; baseline 0.007 -26"><span class='ocrx_word' id='word_1_302' title='bbox 483 3937 778 4005; x_wconf 84' lang='lat' dir='ltr'><strong>periculum</strong></span> <span class='ocrx_word' id='word_1_303' title='bbox 825 3939 971 4002; x_wconf 90' lang='lat' dir='ltr'><strong>fecit,</strong></span> <span class='ocrx_word' id='word_1_304' title='bbox 1000 3955 1067 3995; x_wconf 89' lang='lat' dir='ltr'><strong>eo</strong></span> <span class='ocrx_word' id='word_1_305' title='bbox 1097 3941 1356 4011; x_wconf 88' lang='lat' dir='ltr'><strong>majorem</strong></span> <span class='ocrx_word' id='word_1_306' title='bbox 1396 3943 1556 3999; x_wconf 86' lang='lat' dir='ltr'><strong>habet</strong></span> <span class='ocrx_word' id='word_1_307' title='bbox 1593 3943 1867 4008; x_wconf 89' lang='lat' dir='ltr'><strong>dolorem,</strong></span> <span class='ocrx_word' id='word_1_308' title='bbox 1912 3946 2070 4016; x_wconf 85' lang='lat' dir='ltr'><strong>longa</strong></span> 
     </span>
    </p>
   </div>
   <div class='ocr_carea' id='block_1_41' title="bbox 481 4031 2069 4093">
    <p class='ocr_par' dir='ltr' id='par_1_41' title="bbox 481 4031 2069 4093">
     <span class='ocr_line' id='line_1_41' title="bbox 481 4031 2069 4093; baseline 0.006 -9"><span class='ocrx_word' id='word_1_309' title='bbox 481 4031 869 4088; x_wconf 83' lang='lat' dir='ltr'><strong>consuetudine</strong></span> <span class='ocrx_word' id='word_1_310' title='bbox 918 4034 1256 4091; x_wconf 87' lang='lat' dir='ltr'><strong>intolerabile</strong></span> <span class='ocrx_word' id='word_1_311' title='bbox 1302 4036 1583 4091; x_wconf 87' lang='lat' dir='ltr'><strong>dissidium</strong></span> <span class='ocrx_word' id='word_1_312' title='bbox 1632 4036 1891 4091; x_wconf 90' lang='lat' dir='ltr'><strong>reddente</strong></span> <span class='ocrx_word' id='word_1_313' title='bbox 1932 4053 1946 4089; x_wconf 90' lang='lat'><strong>:</strong></span> <span class='ocrx_word' id='word_1_314' title='bbox 1981 4037 2069 4093; x_wconf 89' lang='lat' dir='ltr'><strong>hic</strong></span> 
     </span>
    </p>
   </div>
   <div class='ocr_carea' id='block_1_42' title="bbox 480 4122 2067 4196">
    <p class='ocr_par' dir='ltr' id='par_1_42' title="bbox 480 4122 2067 4196">
     <span class='ocr_line' id='line_1_42' title="bbox 480 4122 2067 4196; baseline 0.006 -21"><span class='ocrx_word' id='word_1_315' title='bbox 480 4122 788 4193; x_wconf 87' lang='lat' dir='ltr'><strong>priusquam</strong></span> <span class='ocrx_word' id='word_1_316' title='bbox 815 4138 1051 4180; x_wconf 89' lang='lat' dir='ltr'><strong>amorem</strong></span> <span class='ocrx_word' id='word_1_317' title='bbox 1072 4128 1369 4196; x_wconf 78' lang='lat' dir='ltr'><strong>gustaverit</strong></span> <span class='ocrx_word' id='word_1_318' title='bbox 1391 4142 1454 4183; x_wconf 90' lang='lat' dir='ltr'><strong>ac</strong></span> <span class='ocrx_word' id='word_1_319' title='bbox 1475 4128 1792 4196; x_wconf 79' lang='lat' dir='ltr'><strong>expleverit,</strong></span> <span class='ocrx_word' id='word_1_320' title='bbox 1822 4126 2067 4185; x_wconf 80' lang='lat' dir='ltr'><strong>fervente</strong></span> 
     </span>
    </p>
   </div>
   <div class='ocr_carea' id='block_1_43' title="bbox 479 4214 2066 4289">
    <p class='ocr_par' dir='ltr' id='par_1_43' title="bbox 479 4214 2066 4289">
     <span class='ocr_line' id='line_1_43' title="bbox 479 4214 2066 4289; baseline 0.004 -20"><span class='ocrx_word' id='word_1_321' title='bbox 479 4214 653 4269; x_wconf 88' lang='lat' dir='ltr'><strong>adhuc</strong></span> <span class='ocrx_word' id='word_1_322' title='bbox 694 4215 962 4272; x_wconf 89' lang='lat' dir='ltr'><strong>desiderio</strong></span> <span class='ocrx_word' id='word_1_323' title='bbox 1001 4233 1065 4273; x_wconf 89' lang='lat' dir='ltr'><strong>ea</strong></span> <span class='ocrx_word' id='word_1_324' title='bbox 1109 4219 1385 4289; x_wconf 81' lang='lat' dir='ltr'><strong>Spoliatus,</strong></span> <span class='ocrx_word' id='word_1_325' title='bbox 1434 4219 1662 4289; x_wconf 86' lang='lat' dir='ltr'><strong>idipsum</strong></span> <span class='ocrx_word' id='word_1_326' title='bbox 1697 4219 2066 4275; x_wconf 81' lang='lat' dir='ltr'><strong>vehementius</strong></span> 
     </span>
    </p>
   </div>
   <div class='ocr_carea' id='block_1_44' title="bbox 481 4306 2066 4381">
    <p class='ocr_par' dir='ltr' id='par_1_44' title="bbox 481 4306 2066 4381">
     <span class='ocr_line' id='line_1_44' title="bbox 481 4306 2066 4381; baseline 0.005 -22"><span class='ocrx_word' id='word_1_327' title='bbox 481 4306 654 4376; x_wconf 82' lang='lat' dir='ltr'><strong>luget;</strong></span> <span class='ocrx_word' id='word_1_328' title='bbox 684 4316 847 4377; x_wconf 89' lang='lat' dir='ltr'><strong>atque</strong></span> <span class='ocrx_word' id='word_1_329' title='bbox 866 4324 930 4364; x_wconf 85' lang='lat' dir='ltr'><strong>ex</strong></span> <span class='ocrx_word' id='word_1_330' title='bbox 951 4310 1235 4365; x_wconf 83' lang='lat' dir='ltr'><strong>contrariis</strong></span> <span class='ocrx_word' id='word_1_331' title='bbox 1254 4312 1428 4366; x_wconf 89' lang='lat' dir='ltr'><strong>causis</strong></span> <span class='ocrx_word' id='word_1_332' title='bbox 1451 4313 1635 4367; x_wconf 84' lang='lat' dir='ltr'><strong>eadem</strong></span> <span class='ocrx_word' id='word_1_333' title='bbox 1663 4321 1885 4381; x_wconf 90' lang='lat' dir='ltr'><strong>uterque</strong></span> <span class='ocrx_word' id='word_1_334' title='bbox 1906 4312 2066 4367; x_wconf 84' lang='lat' dir='ltr'><strong>mise-</strong></span> 
     </span>
    </p>
   </div>
   <div class='ocr_carea' id='block_1_45' title="bbox 480 4396 2061 4469">
    <p class='ocr_par' dir='ltr' id='par_1_45' title="bbox 480 4396 2061 4469">
     <span class='ocr_line' id='line_1_45' title="bbox 480 4396 2061 4469; baseline 0.004 -21"><span class='ocrx_word' id='word_1_335' title='bbox 480 4396 556 4449; x_wconf 83' lang='lat' dir='ltr'><strong>ria</strong></span> <span class='ocrx_word' id='word_1_336' title='bbox 586 4405 810 4450; x_wconf 90' lang='lat' dir='ltr'><strong>tenetur.</strong></span> <span class='ocrx_word' id='word_1_337' title='bbox 842 4398 977 4464; x_wconf 86' lang='lat' dir='ltr'><strong>Quid</strong></span> <span class='ocrx_word' id='word_1_338' title='bbox 1004 4398 1113 4467; x_wconf 90' lang='lat' dir='ltr'><strong>jam</strong></span> <span class='ocrx_word' id='word_1_339' title='bbox 1152 4399 1357 4466; x_wconf 90' lang='lat' dir='ltr'><strong>dicam,</strong></span> <span class='ocrx_word' id='word_1_340' title='bbox 1388 4417 1507 4469; x_wconf 77' lang='lat' dir='ltr'><strong>qua:</strong></span> <span class='ocrx_word' id='word_1_341' title='bbox 1542 4401 1756 4456; x_wconf 88' lang='lat' dir='ltr'><strong>interim</strong></span> <span class='ocrx_word' id='word_1_342' title='bbox 1798 4401 2061 4469; x_wconf 88' lang='lat' dir='ltr'><strong>incidunt,</strong></span> 
     </span>
    </p>
   </div>
   <div class='ocr_carea' id='block_1_46' title="bbox 478 4487 2063 4562">
    <p class='ocr_par' dir='ltr' id='par_1_46' title="bbox 478 4487 2063 4562">
     <span class='ocr_line' id='line_1_46' title="bbox 478 4487 2063 4562; baseline 0.006 -24"><span class='ocrx_word' id='word_1_343' title='bbox 478 4487 860 4554; x_wconf 87' lang='lat' dir='ltr'><strong>separationes,</strong></span> <span class='ocrx_word' id='word_1_344' title='bbox 896 4488 1176 4544; x_wconf 89' lang='lat' dir='ltr'><strong>diuturnas</strong></span> <span class='ocrx_word' id='word_1_345' title='bbox 1216 4492 1691 4561; x_wconf 77' lang='lat' dir='ltr'><strong>peregrinationes,</strong></span> <span class='ocrx_word' id='word_1_346' title='bbox 1733 4509 1961 4562; x_wconf 83' lang='lat' dir='ltr'><strong>angores</strong></span> <span class='ocrx_word' id='word_1_347' title='bbox 1999 4494 2063 4548; x_wconf 91' lang='lat' dir='ltr'><strong>iis</strong></span> 
     </span>
    </p>
   </div>
   <div class='ocr_carea' id='block_1_47' title="bbox 477 4574 2059 4646">
    <p class='ocr_par' dir='ltr' id='par_1_47' title="bbox 477 4574 2059 4646">
     <span class='ocr_line' id='line_1_47' title="bbox 477 4574 2059 4646; baseline 0.007 -19"><span class='ocrx_word' id='word_1_348' title='bbox 477 4574 811 4644; x_wconf 89' lang='lat' dir='ltr'><strong>conjunetos,</strong></span> <span class='ocrx_word' id='word_1_349' title='bbox 840 4578 1093 4633; x_wconf 88' lang='lat' dir='ltr'><strong>morbos?</strong></span> <span class='ocrx_word' id='word_1_350' title='bbox 1121 4578 1259 4646; x_wconf 90' lang='lat' dir='ltr'><strong>Quid</strong></span> <span class='ocrx_word' id='word_1_351' title='bbox 1286 4581 1386 4635; x_wconf 86' lang='lat' dir='ltr'><strong>hoc</strong></span> <span class='ocrx_word' id='word_1_352' title='bbox 1414 4582 1480 4635; x_wconf 88' lang='lat' dir='ltr'><strong>ad</strong></span> <span class='ocrx_word' id='word_1_353' title='bbox 1510 4583 1948 4637; x_wconf 78' lang='lat' dir='ltr'><strong>matrimonium?</strong></span> <span class='ocrx_word' id='word_1_354' title='bbox 1974 4584 2059 4638; x_wconf 87' lang='lat' dir='ltr'><strong>in-</strong></span> 
     </span>
    </p>
   </div>
   <div class='ocr_carea' id='block_1_48' title="bbox 476 4663 2059 4743">
    <p class='ocr_par' dir='ltr' id='par_1_48' title="bbox 476 4663 2059 4743">
     <span class='ocr_line' id='line_1_48' title="bbox 476 4663 2059 4743; baseline 0.008 -27"><span class='ocrx_word' id='word_1_355' title='bbox 476 4666 609 4734; x_wconf 86' lang='lat' dir='ltr'><strong>quit.</strong></span> <span class='ocrx_word' id='word_1_356' title='bbox 638 4663 797 4720; x_wconf 86' lang='lat' dir='ltr'><strong>Certe</strong></span> <span class='ocrx_word' id='word_1_357' title='bbox 825 4668 1005 4722; x_wconf 73' lang='lat' dir='ltr'><strong>multa:</strong></span> <span class='ocrx_word' id='word_1_358' title='bbox 1031 4684 1174 4738; x_wconf 81' lang='lat' dir='ltr'><strong>saepe</strong></span> <span class='ocrx_word' id='word_1_359' title='bbox 1194 4671 1311 4740; x_wconf 89' lang='lat' dir='ltr'><strong>ejus</strong></span> <span class='ocrx_word' id='word_1_360' title='bbox 1339 4686 1502 4741; x_wconf 87' lang='lat' dir='ltr'><strong>opera</strong></span> <span class='ocrx_word' id='word_1_361' title='bbox 1528 4673 1895 4743; x_wconf 82' lang='lat' dir='ltr'><strong>:cgritudinem</strong></span> <span class='ocrx_word' id='word_1_362' title='bbox 1927 4688 2059 4729; x_wconf 74' lang='grc' dir='ltr'><strong>0οη-</strong></span> 
     </span>
    </p>
   </div>
   <div class='ocr_carea' id='block_1_49' title="bbox 478 4759 2057 4835">
    <p class='ocr_par' dir='ltr' id='par_1_49' title="bbox 478 4759 2057 4835">
     <span class='ocr_line' id='line_1_49' title="bbox 478 4759 2057 4835; baseline 0.007 -25"><span class='ocrx_word' id='word_1_363' title='bbox 478 4766 753 4813; x_wconf 81' lang='lat' dir='ltr'><strong>traxernnt</strong></span> <span class='ocrx_word' id='word_1_364' title='bbox 788 4777 802 4811; x_wconf 91' lang='lat'><strong>:</strong></span> <span class='ocrx_word' id='word_1_365' title='bbox 846 4759 1034 4830; x_wconf 87' lang='lat' dir='ltr'><strong>injuria</strong></span> <span class='ocrx_word' id='word_1_366' title='bbox 1080 4763 1222 4817; x_wconf 89' lang='lat' dir='ltr'><strong>enim</strong></span> <span class='ocrx_word' id='word_1_367' title='bbox 1267 4763 1472 4818; x_wconf 78' lang='lat' dir='ltr'><strong>affecta:</strong></span> <span class='ocrx_word' id='word_1_368' title='bbox 1513 4775 1568 4819; x_wconf 90' lang='lat' dir='ltr'><strong>et</strong></span> <span class='ocrx_word' id='word_1_369' title='bbox 1608 4766 1829 4820; x_wconf 72' lang='lat' dir='ltr'><strong>irritata:</strong></span> <span class='ocrx_word' id='word_1_370' title='bbox 1866 4768 2057 4835; x_wconf 89' lang='lat' dir='ltr'><strong>partim</strong></span> 
     </span>
    </p>
   </div>
   <div class='ocr_carea' id='block_1_50' title="bbox 476 4850 2059 4924">
    <p class='ocr_par' dir='ltr' id='par_1_50' title="bbox 476 4850 2059 4924">
     <span class='ocr_line' id='line_1_50' title="bbox 476 4850 2059 4924; baseline 0.006 -21"><span class='ocrx_word' id='word_1_371' title='bbox 476 4850 573 4914; x_wconf 87' lang='lat' dir='ltr'><strong>ira,</strong></span> <span class='ocrx_word' id='word_1_372' title='bbox 609 4852 797 4918; x_wconf 86' lang='lat' dir='ltr'><strong>partim</strong></span> <span class='ocrx_word' id='word_1_373' title='bbox 832 4866 1081 4917; x_wconf 69' lang='lat' dir='ltr'><strong>interere,</strong></span> <span class='ocrx_word' id='word_1_374' title='bbox 1110 4870 1326 4924; x_wconf 78' lang='lat' dir='ltr'><strong>gravent</strong></span> <span class='ocrx_word' id='word_1_375' title='bbox 1371 4856 1558 4910; x_wconf 84' lang='lat' dir='ltr'><strong>febrim</strong></span> <span class='ocrx_word' id='word_1_376' title='bbox 1594 4858 1950 4912; x_wconf 89' lang='lat' dir='ltr'><strong>concitarunt.</strong></span> <span class='ocrx_word' id='word_1_377' title='bbox 1979 4859 2059 4914; x_wconf 82' lang='lat' dir='ltr'><strong>Ac</strong></span> 
     </span>
    </p>
   </div>
   <div class='ocr_carea' id='block_1_51' title="bbox 471 4944 2055 5021">
    <p class='ocr_par' dir='ltr' id='par_1_51' title="bbox 471 4944 2055 5021">
     <span class='ocr_line' id='line_1_51' title="bbox 471 4944 2055 5021; baseline 0.008 -27"><span class='ocrx_word' id='word_1_378' title='bbox 471 4944 717 5009; x_wconf 82' lang='lat' dir='ltr'><strong>quamvis</strong></span> <span class='ocrx_word' id='word_1_379' title='bbox 756 4957 821 4997; x_wconf 92' lang='lat' dir='ltr'><strong>eo</strong></span> <span class='ocrx_word' id='word_1_380' title='bbox 851 4955 1114 5012; x_wconf 85' lang='lat' dir='ltr'><strong>praesente</strong></span> <span class='ocrx_word' id='word_1_381' title='bbox 1153 4946 1285 5001; x_wconf 86' lang='lat' dir='ltr'><strong>nihil</strong></span> <span class='ocrx_word' id='word_1_382' title='bbox 1324 4948 1585 5017; x_wconf 89' lang='lat' dir='ltr'><strong>ejusmodi</strong></span> <span class='ocrx_word' id='word_1_383' title='bbox 1628 4951 1917 5021; x_wconf 87' lang='lat' dir='ltr'><strong>patiantur,</strong></span> <span class='ocrx_word' id='word_1_384' title='bbox 1960 4951 2055 5006; x_wconf 92' lang='lat' dir='ltr'><strong>scd</strong></span> 
     </span>
    </p>
   </div>
   <div class='ocr_carea' id='block_1_52' title="bbox 472 5030 2055 5108">
    <p class='ocr_par' dir='ltr' id='par_1_52' title="bbox 472 5030 2055 5108">
     <span class='ocr_line' id='line_1_52' title="bbox 472 5030 2055 5108; baseline 0.009 -26"><span class='ocrx_word' id='word_1_385' title='bbox 472 5030 610 5087; x_wconf 81' lang='lat' dir='ltr'><strong>facili</strong></span> <span class='ocrx_word' id='word_1_386' title='bbox 644 5043 902 5102; x_wconf 88' lang='lat' dir='ltr'><strong>perpetuo</strong></span> <span class='ocrx_word' id='word_1_387' title='bbox 929 5042 1161 5099; x_wconf 84' lang='lat' dir='ltr'><strong>utantur,</strong></span> <span class='ocrx_word' id='word_1_388' title='bbox 1199 5038 1723 5108; x_wconf 79' lang='lat' dir='ltr'><strong>peregrinationibus</strong></span> <span class='ocrx_word' id='word_1_389' title='bbox 1750 5040 1802 5095; x_wconf 91' lang='lat' dir='ltr'><strong>in</strong></span> <span class='ocrx_word' id='word_1_390' title='bbox 1830 5056 1891 5096; x_wconf 89' lang='lat' dir='ltr'><strong>ea</strong></span> <span class='ocrx_word' id='word_1_391' title='bbox 1915 5041 2055 5097; x_wconf 90' lang='lat' dir='ltr'><strong>mala</strong></span> 
     </span>
    </p>
   </div>
   <div class='ocr_carea' id='block_1_53' title="bbox 469 5125 2050 5200">
    <p class='ocr_par' dir='ltr' id='par_1_53' title="bbox 469 5125 2050 5200">
     <span class='ocr_line' id='line_1_53' title="bbox 469 5125 2050 5200; baseline 0.008 -25"><span class='ocrx_word' id='word_1_392' title='bbox 469 5137 680 5176; x_wconf 86' lang='lat' dir='ltr'><strong>rursum</strong></span> <span class='ocrx_word' id='word_1_393' title='bbox 725 5135 1009 5194; x_wconf 89' lang='lat' dir='ltr'><strong>coguntur.</strong></span> <span class='ocrx_word' id='word_1_394' title='bbox 1052 5125 1157 5183; x_wconf 87' lang='lat' dir='ltr'><strong>Sed</strong></span> <span class='ocrx_word' id='word_1_395' title='bbox 1199 5128 1313 5184; x_wconf 77' lang='lat' dir='ltr'><strong>hzec</strong></span> <span class='ocrx_word' id='word_1_396' title='bbox 1356 5131 1534 5185; x_wconf 91' lang='lat' dir='ltr'><strong>omnia</strong></span> <span class='ocrx_word' id='word_1_397' title='bbox 1579 5132 1743 5187; x_wconf 86' lang='lat' dir='ltr'><strong>missa</strong></span> <span class='ocrx_word' id='word_1_398' title='bbox 1773 5133 2050 5200; x_wconf 88' lang='lat' dir='ltr'><strong>faciamus,</strong></span> 
     </span>
    </p>
   </div>
   <div class='ocr_carea' id='block_1_54' title="bbox 469 5214 2053 5293">
    <p class='ocr_par' dir='ltr' id='par_1_54' title="bbox 469 5214 2053 5293">
     <span class='ocr_line' id='line_1_54' title="bbox 469 5214 2053 5293; baseline 0.009 -26"><span class='ocrx_word' id='word_1_399' title='bbox 469 5226 569 5267; x_wconf 91' lang='lat' dir='ltr'><strong>nec</strong></span> <span class='ocrx_word' id='word_1_400' title='bbox 606 5214 1001 5271; x_wconf 88' lang='lat' dir='ltr'><strong>matrimonium</strong></span> <span class='ocrx_word' id='word_1_401' title='bbox 1028 5217 1302 5287; x_wconf 88' lang='lat' dir='ltr'><strong>eulpemus</strong></span> <span class='ocrx_word' id='word_1_402' title='bbox 1334 5237 1350 5275; x_wconf 88' lang='lat'><strong>:</strong></span> <span class='ocrx_word' id='word_1_403' title='bbox 1387 5230 1445 5275; x_wconf 91' lang='lat' dir='ltr'><strong>at</strong></span> <span class='ocrx_word' id='word_1_404' title='bbox 1486 5236 1593 5277; x_wconf 91' lang='lat' dir='ltr'><strong>non</strong></span> <span class='ocrx_word' id='word_1_405' title='bbox 1632 5223 1734 5278; x_wconf 92' lang='lat' dir='ltr'><strong>hoc</strong></span> <span class='ocrx_word' id='word_1_406' title='bbox 1771 5239 1923 5293; x_wconf 77' lang='lat' dir='ltr'><strong>teque</strong></span> <span class='ocrx_word' id='word_1_407' title='bbox 1948 5224 2053 5280; x_wconf 85' lang='lat' dir='ltr'><strong>eri-</strong></span> 
     </span>
    </p>
   </div>
   <div class='ocr_carea' id='block_1_55' title="bbox 473 5302 2050 5383">
    <p class='ocr_par' dir='ltr' id='par_1_55' title="bbox 473 5302 2050 5383">
     <span class='ocr_line' id='line_1_55' title="bbox 473 5302 2050 5383; baseline 0.007 -26"><span class='ocrx_word' id='word_1_408' title='bbox 473 5317 594 5357; x_wconf 89' lang='lat' dir='ltr'><strong>men</strong></span> <span class='ocrx_word' id='word_1_409' title='bbox 626 5302 858 5374; x_wconf 78' lang='lat' dir='ltr'><strong>effugere</strong></span> <span class='ocrx_word' id='word_1_410' title='bbox 900 5308 1088 5374; x_wconf 88' lang='lat' dir='ltr'><strong>possit.</strong></span> <span class='ocrx_word' id='word_1_411' title='bbox 1127 5308 1445 5373; x_wconf 88' lang='lat' dir='ltr'><strong>Quodnam?</strong></span> <span class='ocrx_word' id='word_1_412' title='bbox 1485 5311 1638 5378; x_wconf 89' lang='lat' dir='ltr'><strong>Quod</strong></span> <span class='ocrx_word' id='word_1_413' title='bbox 1677 5327 1863 5366; x_wconf 89' lang='lat' dir='ltr'><strong>sanum</strong></span> <span class='ocrx_word' id='word_1_414' title='bbox 1904 5329 2050 5383; x_wconf 82' lang='lat' dir='ltr'><strong>:rgro</strong></span> 
     </span>
    </p>
   </div>
   <div class='ocr_carea' id='block_1_56' title="bbox 468 5391 2050 5472">
    <p class='ocr_par' dir='ltr' id='par_1_56' title="bbox 468 5391 2050 5472">
     <span class='ocr_line' id='line_1_56' title="bbox 468 5391 2050 5472; baseline 0.011 -30"><span class='ocrx_word' id='word_1_415' title='bbox 468 5391 633 5447; x_wconf 89' lang='lat' dir='ltr'><strong>nihilo</strong></span> <span class='ocrx_word' id='word_1_416' title='bbox 674 5393 863 5449; x_wconf 91' lang='lat' dir='ltr'><strong>melius</strong></span> <span class='ocrx_word' id='word_1_417' title='bbox 890 5396 1138 5451; x_wconf 65' lang='lat' dir='ltr'><strong>allectum</strong></span> <span class='ocrx_word' id='word_1_418' title='bbox 1175 5397 1439 5466; x_wconf 88' lang='lat' dir='ltr'><strong>demittat,</strong></span> <span class='ocrx_word' id='word_1_419' title='bbox 1487 5402 1582 5456; x_wconf 88' lang='lat' dir='ltr'><strong>sed</strong></span> <span class='ocrx_word' id='word_1_420' title='bbox 1619 5401 1685 5456; x_wconf 91' lang='lat' dir='ltr'><strong>ad</strong></span> <span class='ocrx_word' id='word_1_421' title='bbox 1728 5417 1908 5472; x_wconf 87' lang='lat' dir='ltr'><strong>parem</strong></span> <span class='ocrx_word' id='word_1_422' title='bbox 1950 5403 2050 5459; x_wconf 86' lang='lat' dir='ltr'><strong>de-</strong></span> 
     </span>
    </p>
   </div>
   <div class='ocr_carea' id='block_1_57' title="bbox 463 5482 1521 5560">
    <p class='ocr_par' dir='ltr' id='par_1_57' title="bbox 463 5482 1521 5560">
     <span class='ocr_line' id='line_1_57' title="bbox 463 5482 1521 5560; baseline 0.011 -26"><span class='ocrx_word' id='word_1_423' title='bbox 463 5482 733 5539; x_wconf 86' lang='lat' dir='ltr'><strong>cumbenti</strong></span> <span class='ocrx_word' id='word_1_424' title='bbox 762 5486 1183 5555; x_wconf 82' lang='lat' dir='ltr'><strong>inquietudinem</strong></span> <span class='ocrx_word' id='word_1_425' title='bbox 1213 5492 1521 5560; x_wconf 87' lang='lat' dir='ltr'><strong>compellat.</strong></span> 
     </span>
    </p>
   </div>
   <div class='ocr_carea' id='block_1_58' title="bbox 537 5574 2044 5656">
    <p class='ocr_par' dir='ltr' id='par_1_58' title="bbox 537 5574 2044 5656">
     <span class='ocr_line' id='line_1_58' title="bbox 537 5574 2044 5656; baseline 0.008 -28"><span class='ocrx_word' id='word_1_426' title='bbox 537 5574 715 5629; x_wconf 81' lang='lat' dir='ltr'><strong>LVlll.</strong></span> <span class='ocrx_word' id='word_1_427' title='bbox 762 5577 1141 5635; x_wconf 76' lang='lat' dir='ltr'><strong>Matrimonium</strong></span> <span class='ocrx_word' id='word_1_428' title='bbox 1168 5583 1282 5636; x_wconf 83' lang='lat' dir='ltr'><strong>licet</strong></span> <span class='ocrx_word' id='word_1_429' title='bbox 1311 5600 1480 5639; x_wconf 75' lang='lat' dir='ltr'><strong>omnes</strong></span> <span class='ocrx_word' id='word_1_430' title='bbox 1527 5585 1755 5653; x_wconf 69' lang='lat' dir='ltr'><strong>miserias</strong></span> <span class='ocrx_word' id='word_1_431' title='bbox 1796 5585 2004 5656; x_wconf 70' lang='lat' dir='ltr'><strong>effugiat</strong></span> <span class='ocrx_word' id='word_1_432' title='bbox 2027 5627 2044 5652; x_wconf 94' lang='lat'><strong>,</strong></span> 
     </span>
    </p>
   </div>
   <div class='ocr_carea' id='block_1_59' title="bbox 463 5663 2049 5733">
    <p class='ocr_par' dir='ltr' id='par_1_59' title="bbox 463 5663 2049 5733">
     <span class='ocr_line' id='line_1_59' title="bbox 463 5663 2049 5733; baseline 0.011 -18"><span class='ocrx_word' id='word_1_433' title='bbox 463 5663 590 5716; x_wconf 86' lang='lat' dir='ltr'><strong>nihil</strong></span> <span class='ocrx_word' id='word_1_434' title='bbox 620 5681 852 5733; x_wconf 81' lang='lat' dir='ltr'><strong>magnum</strong></span> <span class='ocrx_word' id='word_1_435' title='bbox 874 5668 1310 5727; x_wconf 66' lang='lat' dir='ltr'><strong>[tabem—Visne</strong></span> <span class='ocrx_word' id='word_1_436' title='bbox 1342 5673 1456 5728; x_wconf 69' lang='lat' dir='ltr'><strong>haec</strong></span> <span class='ocrx_word' id='word_1_437' title='bbox 1475 5676 1632 5729; x_wconf 79' lang='lat' dir='ltr'><strong>etiam</strong></span> <span class='ocrx_word' id='word_1_438' title='bbox 1653 5687 1840 5731; x_wconf 86' lang='lat' dir='ltr'><strong>cuncta</strong></span> <span class='ocrx_word' id='word_1_439' title='bbox 1871 5676 2049 5731; x_wconf 86' lang='lat' dir='ltr'><strong>dimit-</strong></span> 
     </span>
    </p>
   </div>
   <div class='ocr_carea' id='block_1_60' title="bbox 464 5758 2043 5833">
    <p class='ocr_par' dir='ltr' id='par_1_60' title="bbox 464 5758 2043 5833">
     <span class='ocr_line' id='line_1_60' title="bbox 464 5758 2043 5833; baseline 0.01 -26"><span class='ocrx_word' id='word_1_440' title='bbox 464 5760 669 5823; x_wconf 84' lang='lat' dir='ltr'><strong>tamus,</strong></span> <span class='ocrx_word' id='word_1_441' title='bbox 711 5768 774 5809; x_wconf 92' lang='lat' dir='ltr'><strong>ac</strong></span> <span class='ocrx_word' id='word_1_442' title='bbox 799 5773 915 5825; x_wconf 65' lang='lat' dir='ltr'><strong>qua:</strong></span> <span class='ocrx_word' id='word_1_443' title='bbox 946 5758 1061 5812; x_wconf 79' lang='lat' dir='ltr'><strong>fieri</strong></span> <span class='ocrx_word' id='word_1_444' title='bbox 1096 5774 1362 5831; x_wconf 82' lang='lat' dir='ltr'><strong>nequeant</strong></span> <span class='ocrx_word' id='word_1_445' title='bbox 1409 5778 1768 5833; x_wconf 85' lang='lat' dir='ltr'><strong>supponamus</strong></span> <span class='ocrx_word' id='word_1_446' title='bbox 1789 5808 1803 5828; x_wconf 88' lang='lat'><strong>.</strong></span> <span class='ocrx_word' id='word_1_447' title='bbox 1844 5776 1900 5822; x_wconf 90' lang='lat' dir='ltr'><strong>et</strong></span> <span class='ocrx_word' id='word_1_448' title='bbox 1929 5783 2043 5822; x_wconf 88' lang='lat' dir='ltr'><strong>ma-</strong></span> 
     </span>
    </p>
   </div>
   <div class='ocr_carea' id='block_1_61' title="bbox 1269 333 3100 401">
    <p class='ocr_par' dir='ltr' id='par_1_61' title="bbox 1269 333 3100 401">
     <span class='ocr_line' id='line_1_61' title="bbox 1269 333 3100 401; baseline 0 -1"><span class='ocrx_word' id='word_1_449' title='bbox 1269 343 1327 400; x_wconf 88' lang='lat' dir='ltr'><strong>S.</strong></span> <span class='ocrx_word' id='word_1_450' title='bbox 1369 341 1647 401; x_wconf 74' lang='lat' dir='ltr'><strong>JOANNIS</strong></span> <span class='ocrx_word' id='word_1_451' title='bbox 1682 333 2164 397; x_wconf 70' lang='lat' dir='ltr'><strong>CllRYSOSTOMl</strong></span> <span class='ocrx_word' id='word_1_452' title='bbox 2202 337 2521 395; x_wconf 74' lang='lat' dir='ltr'><strong>ARClllEP.</strong></span> <span class='ocrx_word' id='word_1_453' title='bbox 2563 339 3100 401; x_wconf 73' lang='lat' dir='ltr'><strong>CONSTANTINOP.</strong></span> 
     </span>
    </p>
   </div>
   <div class='ocr_carea' id='block_1_62' title="bbox 3674 350 3784 407">
    <p class='ocr_par' dir='ltr' id='par_1_62' title="bbox 3674 350 3784 407">
     <span class='ocr_line' id='line_1_62' title="bbox 3674 350 3784 407; baseline 0 0"><span class='ocrx_word' id='word_1_454' title='bbox 3674 350 3784 407; x_wconf 77' lang='lat'><strong>580</strong></span> 
     </span>
    </p>
   </div>
   <div class='ocr_carea' id='block_1_63' title="bbox 2190 452 3782 531">
    <p class='ocr_par' dir='ltr' id='par_1_63' title="bbox 2190 452 3782 531">
     <span class='ocr_line' id='line_1_63' title="bbox 2190 452 3782 531; baseline 0.006 -24"><span class='ocrx_word' id='word_1_455' title='bbox 2190 452 2494 508; x_wconf 91' lang='lat' dir='ltr'><strong>trimonium</strong></span> <span class='ocrx_word' id='word_1_456' title='bbox 2543 453 2735 510; x_wconf 89' lang='lat' dir='ltr'><strong>demus</strong></span> <span class='ocrx_word' id='word_1_457' title='bbox 2785 458 2965 511; x_wconf 87' lang='lat' dir='ltr'><strong>omnia</strong></span> <span class='ocrx_word' id='word_1_458' title='bbox 3010 458 3169 513; x_wconf 89' lang='lat' dir='ltr'><strong>simul</strong></span> <span class='ocrx_word' id='word_1_459' title='bbox 3214 458 3352 514; x_wconf 87' lang='lat' dir='ltr'><strong>bona</strong></span> <span class='ocrx_word' id='word_1_460' title='bbox 3394 460 3782 531; x_wconf 78' lang='lat' dir='ltr'><strong>complexum,</strong></span> 
     </span>
    </p>
   </div>
   <div class='ocr_carea' id='block_1_64' title="bbox 2185 545 3783 622">
    <p class='ocr_par' dir='ltr' id='par_1_64' title="bbox 2185 545 3783 622">
     <span class='ocr_line' id='line_1_64' title="bbox 2185 545 3783 622; baseline 0.009 -27"><span class='ocrx_word' id='word_1_461' title='bbox 2185 545 2392 615; x_wconf 88' lang='lat' dir='ltr'><strong>prolem</strong></span> <span class='ocrx_word' id='word_1_462' title='bbox 2432 560 2772 602; x_wconf 87' lang='lat' dir='ltr'><strong>numerosam</strong></span> <span class='ocrx_word' id='word_1_463' title='bbox 2800 588 2818 616; x_wconf 89' lang='lat'><strong>,</strong></span> <span class='ocrx_word' id='word_1_464' title='bbox 2855 550 3021 605; x_wconf 87' lang='lat' dir='ltr'><strong>scitos</strong></span> <span class='ocrx_word' id='word_1_465' title='bbox 3047 550 3242 607; x_wconf 90' lang='lat' dir='ltr'><strong>liberos</strong></span> <span class='ocrx_word' id='word_1_466' title='bbox 3272 592 3288 618; x_wconf 89' lang='lat'><strong>,</strong></span> <span class='ocrx_word' id='word_1_467' title='bbox 3318 566 3448 622; x_wconf 87' lang='lat' dir='ltr'><strong>opes</strong></span> <span class='ocrx_word' id='word_1_468' title='bbox 3473 594 3490 619; x_wconf 92' lang='lat'><strong>,</strong></span> <span class='ocrx_word' id='word_1_469' title='bbox 3521 562 3783 609; x_wconf 86' lang='lat' dir='ltr'><strong>matrem--</strong></span> 
     </span>
    </p>
   </div>
   <div class='ocr_carea' id='block_1_65' title="bbox 2188 633 3780 710">
    <p class='ocr_par' dir='ltr' id='par_1_65' title="bbox 2188 633 3780 710">
     <span class='ocr_line' id='line_1_65' title="bbox 2188 633 3780 710; baseline 0.008 -23"><span class='ocrx_word' id='word_1_470' title='bbox 2188 633 2411 690; x_wconf 84' lang='lat' dir='ltr'><strong>familias</strong></span> <span class='ocrx_word' id='word_1_471' title='bbox 2439 635 2571 707; x_wconf 84' lang='lat' dir='ltr'><strong>frugi</strong></span> <span class='ocrx_word' id='word_1_472' title='bbox 2598 679 2612 703; x_wconf 95' lang='lat'><strong>,</strong></span> <span class='ocrx_word' id='word_1_473' title='bbox 2643 636 2933 693; x_wconf 83' lang='lat' dir='ltr'><strong>formosam</strong></span> <span class='ocrx_word' id='word_1_474' title='bbox 2955 681 2969 705; x_wconf 93' lang='lat'><strong>,</strong></span> <span class='ocrx_word' id='word_1_475' title='bbox 2998 649 3269 696; x_wconf 90' lang='lat' dir='ltr'><strong>strenuam</strong></span> <span class='ocrx_word' id='word_1_476' title='bbox 3292 683 3307 709; x_wconf 92' lang='lat'><strong>,</strong></span> <span class='ocrx_word' id='word_1_477' title='bbox 3330 644 3747 699; x_wconf 87' lang='lat' dir='ltr'><strong>consensionem</strong></span> <span class='ocrx_word' id='word_1_478' title='bbox 3767 685 3780 710; x_wconf 91' lang='lat'><strong>,</strong></span> 
     </span>
    </p>
   </div>
   <div class='ocr_carea' id='block_1_66' title="bbox 2188 724 3783 804">
    <p class='ocr_par' dir='ltr' id='par_1_66' title="bbox 2188 724 3783 804">
     <span class='ocr_line' id='line_1_66' title="bbox 2188 724 3783 804; baseline 0.007 -26"><span class='ocrx_word' id='word_1_479' title='bbox 2188 724 2481 796; x_wconf 72' lang='lat' dir='ltr'><strong>longazvam</strong></span> <span class='ocrx_word' id='word_1_480' title='bbox 2532 730 2902 785; x_wconf 88' lang='lat' dir='ltr'><strong>senectutem?</strong></span> <span class='ocrx_word' id='word_1_481' title='bbox 2946 731 3087 787; x_wconf 89' lang='lat' dir='ltr'><strong>addo</strong></span> <span class='ocrx_word' id='word_1_482' title='bbox 3114 741 3170 787; x_wconf 91' lang='lat' dir='ltr'><strong>et</strong></span> <span class='ocrx_word' id='word_1_483' title='bbox 3195 734 3409 804; x_wconf 88' lang='lat' dir='ltr'><strong>generis</strong></span> <span class='ocrx_word' id='word_1_484' title='bbox 3444 734 3743 791; x_wconf 86' lang='lat' dir='ltr'><strong>claritatem</strong></span> <span class='ocrx_word' id='word_1_485' title='bbox 3767 777 3783 799; x_wconf 84' lang='lat'><strong>.</strong></span> 
     </span>
    </p>
   </div>
   <div class='ocr_carea' id='block_1_67' title="bbox 2186 819 3787 889">
    <p class='ocr_par' dir='ltr' id='par_1_67' title="bbox 2186 819 3787 889">
     <span class='ocr_line' id='line_1_67' title="bbox 2186 819 3787 889; baseline 0.007 -19"><span class='ocrx_word' id='word_1_486' title='bbox 2186 827 2240 870; x_wconf 91' lang='lat' dir='ltr'><strong>et</strong></span> <span class='ocrx_word' id='word_1_487' title='bbox 2282 819 2530 887; x_wconf 69' lang='lat' dir='ltr'><strong>potentia:</strong></span> <span class='ocrx_word' id='word_1_488' title='bbox 2572 820 3035 889; x_wconf 85' lang='lat' dir='ltr'><strong>magnitudinem:</strong></span> <span class='ocrx_word' id='word_1_489' title='bbox 3088 838 3188 878; x_wconf 92' lang='lat' dir='ltr'><strong>nee</strong></span> <span class='ocrx_word' id='word_1_490' title='bbox 3223 820 3306 879; x_wconf 86' lang='lat' dir='ltr'><strong>vel</strong></span> <span class='ocrx_word' id='word_1_491' title='bbox 3349 840 3635 881; x_wconf 89' lang='lat' dir='ltr'><strong>commune</strong></span> <span class='ocrx_word' id='word_1_492' title='bbox 3680 826 3787 881; x_wconf 88' lang='lat' dir='ltr'><strong>hoe</strong></span> 
     </span>
    </p>
   </div>
   <div class='ocr_carea' id='block_1_68' title="bbox 2188 912 3774 979">
    <p class='ocr_par' dir='ltr' id='par_1_68' title="bbox 2188 912 3774 979">
     <span class='ocr_line' id='line_1_68' title="bbox 2188 912 3774 979; baseline 0.008 -17"><span class='ocrx_word' id='word_1_493' title='bbox 2188 918 2389 963; x_wconf 70' lang='lat' dir='ltr'><strong>natura:</strong></span> <span class='ocrx_word' id='word_1_494' title='bbox 2417 912 2617 966; x_wconf 91' lang='lat' dir='ltr'><strong>malum</strong></span> <span class='ocrx_word' id='word_1_495' title='bbox 2648 927 2742 968; x_wconf 89' lang='lat' dir='ltr'><strong>eos</strong></span> <span class='ocrx_word' id='word_1_496' title='bbox 2785 913 3067 979; x_wconf 91' lang='lat' dir='ltr'><strong>sollicitet,</strong></span> <span class='ocrx_word' id='word_1_497' title='bbox 3102 915 3293 970; x_wconf 86' lang='lat' dir='ltr'><strong>harum</strong></span> <span class='ocrx_word' id='word_1_498' title='bbox 3335 931 3513 972; x_wconf 89' lang='lat' dir='ltr'><strong>rerum</strong></span> <span class='ocrx_word' id='word_1_499' title='bbox 3556 933 3774 973; x_wconf 81' lang='lat' dir='ltr'><strong>conver-</strong></span> 
     </span>
    </p>
   </div>
   <div class='ocr_carea' id='block_1_69' title="bbox 2186 1000 3787 1071">
    <p class='ocr_par' dir='ltr' id='par_1_69' title="bbox 2186 1000 3787 1071">
     <span class='ocr_line' id='line_1_69' title="bbox 2186 1000 3787 1071; baseline 0.006 -18"><span class='ocrx_word' id='word_1_500' title='bbox 2186 1000 2355 1055; x_wconf 88' lang='lat' dir='ltr'><strong>sionis</strong></span> <span class='ocrx_word' id='word_1_501' title='bbox 2380 1000 2638 1070; x_wconf 89' lang='lat' dir='ltr'><strong>formido,</strong></span> <span class='ocrx_word' id='word_1_502' title='bbox 2678 1003 2772 1059; x_wconf 84' lang='lat' dir='ltr'><strong>sed</strong></span> <span class='ocrx_word' id='word_1_503' title='bbox 2799 1005 2974 1059; x_wconf 91' lang='lat' dir='ltr'><strong>omnis</strong></span> <span class='ocrx_word' id='word_1_504' title='bbox 3000 1007 3249 1062; x_wconf 68' lang='lat' dir='ltr'><strong>maeroris</strong></span> <span class='ocrx_word' id='word_1_505' title='bbox 3268 1049 3282 1071; x_wconf 89' lang='lat'><strong>,</strong></span> <span class='ocrx_word' id='word_1_506' title='bbox 3310 1008 3489 1064; x_wconf 90' lang='lat' dir='ltr'><strong>omnis</strong></span> <span class='ocrx_word' id='word_1_507' title='bbox 3511 1019 3688 1065; x_wconf 90' lang='lat' dir='ltr'><strong>metus</strong></span> <span class='ocrx_word' id='word_1_508' title='bbox 3719 1027 3787 1063; x_wconf 88' lang='lat' dir='ltr'><strong>ac</strong></span> 
     </span>
    </p>
   </div>
   <div class='ocr_carea' id='block_1_70' title="bbox 2186 1099 3784 1170">
    <p class='ocr_par' dir='ltr' id='par_1_70' title="bbox 2186 1099 3784 1170">
     <span class='ocr_line' id='line_1_70' title="bbox 2186 1099 3784 1170; baseline 0.005 -23"><span class='ocrx_word' id='word_1_509' title='bbox 2186 1107 2437 1148; x_wconf 86' lang='lat' dir='ltr'><strong>curarum</strong></span> <span class='ocrx_word' id='word_1_510' title='bbox 2488 1108 2646 1150; x_wconf 86' lang='lat' dir='ltr'><strong>causa</strong></span> <span class='ocrx_word' id='word_1_511' title='bbox 2673 1100 2965 1167; x_wconf 88' lang='lat' dir='ltr'><strong>proscripta</strong></span> <span class='ocrx_word' id='word_1_512' title='bbox 3013 1099 3114 1163; x_wconf 90' lang='lat' dir='ltr'><strong>sit,</strong></span> <span class='ocrx_word' id='word_1_513' title='bbox 3161 1114 3334 1170; x_wconf 89' lang='lat' dir='ltr'><strong>neque</strong></span> <span class='ocrx_word' id='word_1_514' title='bbox 3382 1110 3472 1154; x_wconf 91' lang='lat' dir='ltr'><strong>aut</strong></span> <span class='ocrx_word' id='word_1_515' title='bbox 3515 1101 3618 1155; x_wconf 84' lang='lat' dir='ltr'><strong>alia</strong></span> <span class='ocrx_word' id='word_1_516' title='bbox 3673 1102 3784 1155; x_wconf 82' lang='lat' dir='ltr'><strong>tilla</strong></span> 
     </span>
    </p>
   </div>
   <div class='ocr_carea' id='block_1_71' title="bbox 2186 1184 3782 1254">
    <p class='ocr_par' dir='ltr' id='par_1_71' title="bbox 2186 1184 3782 1254">
     <span class='ocr_line' id='line_1_71' title="bbox 2186 1184 3782 1254; baseline 0.007 -17"><span class='ocrx_word' id='word_1_517' title='bbox 2186 1184 2299 1248; x_wconf 89' lang='lat' dir='ltr'><strong>vis,</strong></span> <span class='ocrx_word' id='word_1_518' title='bbox 2342 1192 2435 1239; x_wconf 89' lang='lat' dir='ltr'><strong>aut</strong></span> <span class='ocrx_word' id='word_1_519' title='bbox 2479 1201 2625 1240; x_wconf 89' lang='lat' dir='ltr'><strong>mors</strong></span> <span class='ocrx_word' id='word_1_520' title='bbox 2668 1186 2949 1244; x_wconf 90' lang='lat' dir='ltr'><strong>immatura</strong></span> <span class='ocrx_word' id='word_1_521' title='bbox 2977 1190 3374 1245; x_wconf 87' lang='lat' dir='ltr'><strong>matrimonium</strong></span> <span class='ocrx_word' id='word_1_522' title='bbox 3402 1192 3649 1254; x_wconf 86' lang='lat' dir='ltr'><strong>dirimat.</strong></span> <span class='ocrx_word' id='word_1_523' title='bbox 3681 1193 3782 1248; x_wconf 80' lang='lat' dir='ltr'><strong>sed</strong></span> 
     </span>
    </p>
   </div>
   <div class='ocr_carea' id='block_1_72' title="bbox 2185 1280 3788 1355">
    <p class='ocr_par' dir='ltr' id='par_1_72' title="bbox 2185 1280 3788 1355">
     <span class='ocr_line' id='line_1_72' title="bbox 2185 1280 3788 1355; baseline 0.007 -25"><span class='ocrx_word' id='word_1_524' title='bbox 2185 1290 2303 1331; x_wconf 86' lang='lat' dir='ltr'><strong>eam</strong></span> <span class='ocrx_word' id='word_1_525' title='bbox 2332 1293 2546 1348; x_wconf 87' lang='lat' dir='ltr'><strong>quoque</strong></span> <span class='ocrx_word' id='word_1_526' title='bbox 2574 1295 2762 1336; x_wconf 89' lang='lat' dir='ltr'><strong>omnes</strong></span> <span class='ocrx_word' id='word_1_527' title='bbox 2790 1280 2981 1337; x_wconf 88' lang='lat' dir='ltr'><strong>eodem</strong></span> <span class='ocrx_word' id='word_1_528' title='bbox 3017 1282 3106 1337; x_wconf 89' lang='lat' dir='ltr'><strong>die</strong></span> <span class='ocrx_word' id='word_1_529' title='bbox 3134 1283 3368 1351; x_wconf 86' lang='lat' dir='ltr'><strong>obeant,</strong></span> <span class='ocrx_word' id='word_1_530' title='bbox 3406 1294 3497 1339; x_wconf 92' lang='lat' dir='ltr'><strong>aut</strong></span> <span class='ocrx_word' id='word_1_531' title='bbox 3529 1285 3671 1355; x_wconf 88' lang='lat' dir='ltr'><strong>quod</strong></span> <span class='ocrx_word' id='word_1_532' title='bbox 3710 1301 3788 1341; x_wconf 83' lang='lat' dir='ltr'><strong>eo</strong></span> 
     </span>
    </p>
   </div>
   <div class='ocr_carea' id='block_1_73' title="bbox 2185 1365 3784 1446">
    <p class='ocr_par' dir='ltr' id='par_1_73' title="bbox 2185 1365 3784 1446">
     <span class='ocr_line' id='line_1_73' title="bbox 2185 1365 3784 1446; baseline 0.006 -26"><span class='ocrx_word' id='word_1_533' title='bbox 2185 1365 2343 1436; x_wconf 89' lang='lat' dir='ltr'><strong>longe</strong></span> <span class='ocrx_word' id='word_1_534' title='bbox 2371 1367 2688 1425; x_wconf 87' lang='lat' dir='ltr'><strong>fortunatius</strong></span> <span class='ocrx_word' id='word_1_535' title='bbox 2718 1370 2960 1438; x_wconf 85' lang='lat' dir='ltr'><strong>videtur,</strong></span> <span class='ocrx_word' id='word_1_536' title='bbox 3001 1372 3150 1427; x_wconf 89' lang='lat' dir='ltr'><strong>liberi</strong></span> <span class='ocrx_word' id='word_1_537' title='bbox 3181 1373 3421 1430; x_wconf 70' lang='lat' dir='ltr'><strong>haeredes</strong></span> <span class='ocrx_word' id='word_1_538' title='bbox 3465 1375 3739 1446; x_wconf 85' lang='lat' dir='ltr'><strong>supersint</strong></span> <span class='ocrx_word' id='word_1_539' title='bbox 3762 1416 3784 1442; x_wconf 88' lang='lat'><strong>,</strong></span> 
     </span>
    </p>
   </div>
   <div class='ocr_carea' id='block_1_74' title="bbox 2184 1462 3876 1537">
    <p class='ocr_par' dir='ltr' id='par_1_74' title="bbox 2184 1462 3876 1537">
     <span class='ocr_line' id='line_1_74' title="bbox 2184 1462 3876 1537; baseline 0.009 -27"><span class='ocrx_word' id='word_1_540' title='bbox 2184 1466 2458 1527; x_wconf 90' lang='lat' dir='ltr'><strong>parentem</strong></span> <span class='ocrx_word' id='word_1_541' title='bbox 2483 1468 2770 1531; x_wconf 88' lang='lat' dir='ltr'><strong>utrumque</strong></span> <span class='ocrx_word' id='word_1_542' title='bbox 2808 1462 2861 1517; x_wconf 89' lang='lat' dir='ltr'><strong>in</strong></span> <span class='ocrx_word' id='word_1_543' title='bbox 2889 1472 3127 1518; x_wconf 81' lang='lat' dir='ltr'><strong>extrema</strong></span> <span class='ocrx_word' id='word_1_544' title='bbox 3153 1473 3428 1520; x_wconf 87' lang='lat' dir='ltr'><strong>senectute</strong></span> <span class='ocrx_word' id='word_1_545' title='bbox 3453 1466 3610 1521; x_wconf 91' lang='lat' dir='ltr'><strong>simul</strong></span> <span class='ocrx_word' id='word_1_546' title='bbox 3634 1483 3783 1537; x_wconf 64' lang='lat' dir='ltr'><strong>prato</strong></span> <span class='ocrx_word' id='word_1_547' title='bbox 3866 1513 3876 1524; x_wconf 94' lang='lat'><strong>.</strong></span> 
     </span>
    </p>
   </div>
   <div class='ocr_carea' id='block_1_75' title="bbox 2185 1548 3785 1628">
    <p class='ocr_par' dir='ltr' id='par_1_75' title="bbox 2185 1548 3785 1628">
     <span class='ocr_line' id='line_1_75' title="bbox 2185 1548 3785 1628; baseline 0.007 -27"><span class='ocrx_word' id='word_1_548' title='bbox 2185 1548 2400 1604; x_wconf 85' lang='lat' dir='ltr'><strong>mittant</strong></span> <span class='ocrx_word' id='word_1_549' title='bbox 2427 1568 2440 1605; x_wconf 92' lang='lat'><strong>:</strong></span> <span class='ocrx_word' id='word_1_550' title='bbox 2467 1567 2626 1621; x_wconf 90' lang='lat' dir='ltr'><strong>quem</strong></span> <span class='ocrx_word' id='word_1_551' title='bbox 2659 1553 2876 1609; x_wconf 89' lang='lat' dir='ltr'><strong>tandem</strong></span> <span class='ocrx_word' id='word_1_552' title='bbox 2918 1554 3077 1608; x_wconf 87' lang='lat' dir='ltr'><strong>linem</strong></span> <span class='ocrx_word' id='word_1_553' title='bbox 3118 1567 3549 1627; x_wconf 89' lang='lat' dir='ltr'><strong>consequentur,</strong></span> <span class='ocrx_word' id='word_1_554' title='bbox 3578 1566 3632 1612; x_wconf 93' lang='lat' dir='ltr'><strong>et</strong></span> <span class='ocrx_word' id='word_1_555' title='bbox 3667 1574 3785 1628; x_wconf 86' lang='lat' dir='ltr'><strong>quo</strong></span> 
     </span>
    </p>
   </div>
   <div class='ocr_carea' id='block_1_76' title="bbox 2183 1637 3781 1716">
    <p class='ocr_par' dir='ltr' id='par_1_76' title="bbox 2183 1637 3781 1716">
     <span class='ocr_line' id='line_1_76' title="bbox 2183 1637 3781 1716; baseline 0.006 -22"><span class='ocrx_word' id='word_1_556' title='bbox 2183 1637 2398 1695; x_wconf 91' lang='lat' dir='ltr'><strong>demum</strong></span> <span class='ocrx_word' id='word_1_557' title='bbox 2428 1658 2494 1696; x_wconf 89' lang='lat' dir='ltr'><strong>ex</strong></span> <span class='ocrx_word' id='word_1_558' title='bbox 2520 1642 2622 1698; x_wconf 88' lang='lat' dir='ltr'><strong>hac</strong></span> <span class='ocrx_word' id='word_1_559' title='bbox 2651 1653 2794 1698; x_wconf 90' lang='lat' dir='ltr'><strong>tanta</strong></span> <span class='ocrx_word' id='word_1_560' title='bbox 2820 1646 3090 1716; x_wconf 85' lang='lat' dir='ltr'><strong>voluptate</strong></span> <span class='ocrx_word' id='word_1_561' title='bbox 3118 1656 3341 1716; x_wconf 88' lang='lat' dir='ltr'><strong>accepto</strong></span> <span class='ocrx_word' id='word_1_562' title='bbox 3368 1649 3737 1710; x_wconf 86' lang='lat' dir='ltr'><strong>emolumento</strong></span> <span class='ocrx_word' id='word_1_563' title='bbox 3763 1690 3781 1715; x_wconf 93' lang='lat'><strong>,</strong></span> 
     </span>
    </p>
   </div>
   <div class='ocr_carea' id='block_1_77' title="bbox 2182 1730 3780 1810">
    <p class='ocr_par' dir='ltr' id='par_1_77' title="bbox 2182 1730 3780 1810">
     <span class='ocr_line' id='line_1_77' title="bbox 2182 1730 3780 1810; baseline 0.008 -26"><span class='ocrx_word' id='word_1_564' title='bbox 2182 1743 2251 1784; x_wconf 87' lang='lat' dir='ltr'><strong>eo</strong></span> <span class='ocrx_word' id='word_1_565' title='bbox 2289 1730 2613 1788; x_wconf 90' lang='lat' dir='ltr'><strong>discedent?</strong></span> <span class='ocrx_word' id='word_1_566' title='bbox 2661 1734 2794 1790; x_wconf 89' lang='lat' dir='ltr'><strong>Nam</strong></span> <span class='ocrx_word' id='word_1_567' title='bbox 2825 1737 3021 1793; x_wconf 90' lang='lat' dir='ltr'><strong>multos</strong></span> <span class='ocrx_word' id='word_1_568' title='bbox 3065 1738 3263 1793; x_wconf 90' lang='lat' dir='ltr'><strong>liberos</strong></span> <span class='ocrx_word' id='word_1_569' title='bbox 3288 1738 3604 1810; x_wconf 86' lang='lat' dir='ltr'><strong>reliquisse.</strong></span> <span class='ocrx_word' id='word_1_570' title='bbox 3634 1755 3780 1796; x_wconf 52' lang='lat' dir='ltr'><strong>tuo.</strong></span> 
     </span>
    </p>
   </div>
   <div class='ocr_carea' id='block_1_78' title="bbox 2183 1828 3782 1904">
    <p class='ocr_par' dir='ltr' id='par_1_78' title="bbox 2183 1828 3782 1904">
     <span class='ocr_line' id='line_1_78' title="bbox 2183 1828 3782 1904; baseline 0.009 -28"><span class='ocrx_word' id='word_1_571' title='bbox 2183 1836 2296 1877; x_wconf 92' lang='lat' dir='ltr'><strong>rem</strong></span> <span class='ocrx_word' id='word_1_572' title='bbox 2324 1836 2604 1881; x_wconf 80' lang='lat' dir='ltr'><strong>venustam</strong></span> <span class='ocrx_word' id='word_1_573' title='bbox 2643 1843 2767 1883; x_wconf 91' lang='lat' dir='ltr'><strong>eum</strong></span> <span class='ocrx_word' id='word_1_574' title='bbox 2812 1828 3019 1886; x_wconf 85' lang='lat' dir='ltr'><strong>deliciis</strong></span> <span class='ocrx_word' id='word_1_575' title='bbox 3045 1832 3361 1903; x_wconf 67' lang='lat' dir='ltr'><strong>ueterisque</strong></span> <span class='ocrx_word' id='word_1_576' title='bbox 3381 1833 3632 1888; x_wconf 82' lang='lat' dir='ltr'><strong>ouinibus</strong></span> <span class='ocrx_word' id='word_1_577' title='bbox 3653 1850 3782 1904; x_wconf 80' lang='lat' dir='ltr'><strong>qua:</strong></span> 
     </span>
    </p>
   </div>
   <div class='ocr_carea' id='block_1_79' title="bbox 2181 1912 3775 1996">
    <p class='ocr_par' dir='ltr' id='par_1_79' title="bbox 2181 1912 3775 1996">
     <span class='ocr_line' id='line_1_79' title="bbox 2181 1912 3775 1996; baseline 0.008 -29"><span class='ocrx_word' id='word_1_578' title='bbox 2181 1912 2293 1983; x_wconf 89' lang='lat' dir='ltr'><strong>jam</strong></span> <span class='ocrx_word' id='word_1_579' title='bbox 2334 1918 2616 1986; x_wconf 88' lang='lat' dir='ltr'><strong>percensui</strong></span> <span class='ocrx_word' id='word_1_580' title='bbox 2649 1929 2938 1987; x_wconf 85' lang='lat' dir='ltr'><strong>tractasse,</strong></span> <span class='ocrx_word' id='word_1_581' title='bbox 2970 1924 3036 1977; x_wconf 89' lang='lat' dir='ltr'><strong>ad</strong></span> <span class='ocrx_word' id='word_1_582' title='bbox 3085 1933 3353 1979; x_wconf 84' lang='lat' dir='ltr'><strong>senectam</strong></span> <span class='ocrx_word' id='word_1_583' title='bbox 3398 1924 3609 1996; x_wconf 87' lang='lat' dir='ltr'><strong>longam</strong></span> <span class='ocrx_word' id='word_1_584' title='bbox 3648 1941 3775 1980; x_wconf 87' lang='lat' dir='ltr'><strong>eva-</strong></span> 
     </span>
    </p>
   </div>
   <div class='ocr_carea' id='block_1_80' title="bbox 2182 2006 3783 2087">
    <p class='ocr_par' dir='ltr' id='par_1_80' title="bbox 2182 2006 3783 2087">
     <span class='ocr_line' id='line_1_80' title="bbox 2182 2006 3783 2087; baseline 0.008 -26"><span class='ocrx_word' id='word_1_585' title='bbox 2182 2006 2337 2073; x_wconf 87' lang='lat' dir='ltr'><strong>sisse,</strong></span> <span class='ocrx_word' id='word_1_586' title='bbox 2373 2010 2562 2080; x_wconf 90' lang='lat' dir='ltr'><strong>ecquid</strong></span> <span class='ocrx_word' id='word_1_587' title='bbox 2592 2013 2747 2068; x_wconf 89' lang='lat' dir='ltr'><strong>nobis</strong></span> <span class='ocrx_word' id='word_1_588' title='bbox 2768 2013 2834 2068; x_wconf 90' lang='lat' dir='ltr'><strong>ad</strong></span> <span class='ocrx_word' id='word_1_589' title='bbox 2880 2015 3109 2071; x_wconf 87' lang='lat' dir='ltr'><strong>tribunal</strong></span> <span class='ocrx_word' id='word_1_590' title='bbox 3138 2017 3264 2072; x_wconf 90' lang='lat' dir='ltr'><strong>illud</strong></span> <span class='ocrx_word' id='word_1_591' title='bbox 3305 2017 3541 2087; x_wconf 72' lang='lat' dir='ltr'><strong>praesidii</strong></span> <span class='ocrx_word' id='word_1_592' title='bbox 3580 2018 3783 2074; x_wconf 78' lang='lat' dir='ltr'><strong>aﬂ‘erre</strong></span> 
     </span>
    </p>
   </div>
   <div class='ocr_carea' id='block_1_81' title="bbox 2183 2100 3784 2180">
    <p class='ocr_par' dir='ltr' id='par_1_81' title="bbox 2183 2100 3784 2180">
     <span class='ocr_line' id='line_1_81' title="bbox 2183 2100 3784 2180; baseline 0.008 -28"><span class='ocrx_word' id='word_1_593' title='bbox 2183 2100 2383 2169; x_wconf 90' lang='lat' dir='ltr'><strong>possit,</strong></span> <span class='ocrx_word' id='word_1_594' title='bbox 2438 2101 2491 2156; x_wconf 92' lang='lat' dir='ltr'><strong>in</strong></span> <span class='ocrx_word' id='word_1_595' title='bbox 2544 2103 2685 2159; x_wconf 87' lang='lat' dir='ltr'><strong>veris</strong></span> <span class='ocrx_word' id='word_1_596' title='bbox 2738 2106 3057 2177; x_wconf 65' lang='lat' dir='ltr'><strong>aeternisque</strong></span> <span class='ocrx_word' id='word_1_597' title='bbox 3102 2107 3310 2163; x_wconf 82' lang='lat' dir='ltr'><strong>rebus?</strong></span> <span class='ocrx_word' id='word_1_598' title='bbox 3372 2107 3533 2163; x_wconf 87' lang='lat' dir='ltr'><strong>Nihil.</strong></span> <span class='ocrx_word' id='word_1_599' title='bbox 3589 2106 3784 2180; x_wconf 81' lang='lat' dir='ltr'><strong>Itaque</strong></span> 
     </span>
    </p>
   </div>
   <div class='ocr_carea' id='block_1_82' title="bbox 2183 2191 3781 2271">
    <p class='ocr_par' dir='ltr' id='par_1_82' title="bbox 2183 2191 3781 2271">
     <span class='ocr_line' id='line_1_82' title="bbox 2183 2191 3781 2271; baseline 0.007 -27"><span class='ocrx_word' id='word_1_600' title='bbox 2183 2191 2370 2246; x_wconf 89' lang='lat' dir='ltr'><strong>umbra</strong></span> <span class='ocrx_word' id='word_1_601' title='bbox 2415 2202 2540 2248; x_wconf 91' lang='lat' dir='ltr'><strong>sunt</strong></span> <span class='ocrx_word' id='word_1_602' title='bbox 2569 2193 2723 2263; x_wconf 67' lang='lat' dir='ltr'><strong>hinc,</strong></span> <span class='ocrx_word' id='word_1_603' title='bbox 2768 2206 2927 2266; x_wconf 86' lang='lat' dir='ltr'><strong>atque</strong></span> <span class='ocrx_word' id='word_1_604' title='bbox 2965 2200 3270 2265; x_wconf 90' lang='lat' dir='ltr'><strong>somnium;</strong></span> <span class='ocrx_word' id='word_1_605' title='bbox 3318 2200 3516 2271; x_wconf 88' lang='lat' dir='ltr'><strong>quippe</strong></span> <span class='ocrx_word' id='word_1_606' title='bbox 3559 2216 3683 2255; x_wconf 88' lang='lat' dir='ltr'><strong>cum</strong></span> <span class='ocrx_word' id='word_1_607' title='bbox 3720 2201 3781 2256; x_wconf 89' lang='lat' dir='ltr'><strong>iu</strong></span> 
     </span>
    </p>
   </div>
   <div class='ocr_carea' id='block_1_83' title="bbox 2184 2283 3780 2360">
    <p class='ocr_par' dir='ltr' id='par_1_83' title="bbox 2184 2283 3780 2360">
     <span class='ocr_line' id='line_1_83' title="bbox 2184 2283 3780 2360; baseline 0.006 -24"><span class='ocrx_word' id='word_1_608' title='bbox 2184 2283 2505 2351; x_wconf 87' lang='lat' dir='ltr'><strong>perennibus</strong></span> <span class='ocrx_word' id='word_1_609' title='bbox 2548 2284 2652 2339; x_wconf 91' lang='lat' dir='ltr'><strong>illis</strong></span> <span class='ocrx_word' id='word_1_610' title='bbox 2700 2287 2944 2353; x_wconf 66' lang='lat' dir='ltr'><strong>sxreulis,</strong></span> <span class='ocrx_word' id='word_1_611' title='bbox 2996 2303 3116 2358; x_wconf 73' lang='lat' dir='ltr'><strong>qua:</strong></span> <span class='ocrx_word' id='word_1_612' title='bbox 3164 2297 3275 2343; x_wconf 91' lang='lat' dir='ltr'><strong>tum</strong></span> <span class='ocrx_word' id='word_1_613' title='bbox 3323 2304 3424 2344; x_wconf 89' lang='lat' dir='ltr'><strong>nos</strong></span> <span class='ocrx_word' id='word_1_614' title='bbox 3466 2291 3780 2360; x_wconf 80' lang='lat' dir='ltr'><strong>excipient,</strong></span> 
     </span>
    </p>
   </div>
   <div class='ocr_carea' id='block_1_84' title="bbox 2182 2372 3781 2451">
    <p class='ocr_par' dir='ltr' id='par_1_84' title="bbox 2182 2372 3781 2451">
     <span class='ocr_line' id='line_1_84' title="bbox 2182 2372 3781 2451; baseline 0.005 -24"><span class='ocrx_word' id='word_1_615' title='bbox 2182 2372 2311 2427; x_wconf 91' lang='lat' dir='ltr'><strong>nihil</strong></span> <span class='ocrx_word' id='word_1_616' title='bbox 2339 2388 2404 2429; x_wconf 88' lang='lat' dir='ltr'><strong>ex</strong></span> <span class='ocrx_word' id='word_1_617' title='bbox 2432 2372 2517 2429; x_wconf 87' lang='lat' dir='ltr'><strong>his</strong></span> <span class='ocrx_word' id='word_1_618' title='bbox 2545 2374 2746 2430; x_wconf 90' lang='lat' dir='ltr'><strong>fructus</strong></span> <span class='ocrx_word' id='word_1_619' title='bbox 2765 2418 2779 2441; x_wconf 93' lang='lat'><strong>,</strong></span> <span class='ocrx_word' id='word_1_620' title='bbox 2807 2377 2936 2431; x_wconf 88' lang='lat' dir='ltr'><strong>nihil</strong></span> <span class='ocrx_word' id='word_1_621' title='bbox 2964 2378 3138 2433; x_wconf 88' lang='lat' dir='ltr'><strong>solatii</strong></span> <span class='ocrx_word' id='word_1_622' title='bbox 3180 2379 3505 2448; x_wconf 85' lang='lat' dir='ltr'><strong>sperandum</strong></span> <span class='ocrx_word' id='word_1_623' title='bbox 3531 2380 3636 2445; x_wconf 90' lang='lat' dir='ltr'><strong>sit;</strong></span> <span class='ocrx_word' id='word_1_624' title='bbox 3679 2383 3781 2451; x_wconf 86' lang='lat' dir='ltr'><strong>qui</strong></span> 
     </span>
    </p>
   </div>
   <div class='ocr_carea' id='block_1_85' title="bbox 2183 2456 3785 2542">
    <p class='ocr_par' dir='ltr' id='par_1_85' title="bbox 2183 2456 3785 2542">
     <span class='ocr_line' id='line_1_85' title="bbox 2183 2456 3785 2542; baseline 0.007 -26"><span class='ocrx_word' id='word_1_625' title='bbox 2183 2456 2267 2517; x_wconf 84' lang='lat' dir='ltr'><strong>his</strong></span> <span class='ocrx_word' id='word_1_626' title='bbox 2307 2464 2504 2532; x_wconf 84' lang='lat' dir='ltr'><strong>potitus</strong></span> <span class='ocrx_word' id='word_1_627' title='bbox 2529 2473 2633 2532; x_wconf 89' lang='lat' dir='ltr'><strong>est,</strong></span> <span class='ocrx_word' id='word_1_628' title='bbox 2677 2466 2866 2522; x_wconf 88' lang='lat' dir='ltr'><strong>eodem</strong></span> <span class='ocrx_word' id='word_1_629' title='bbox 2898 2469 3014 2524; x_wconf 93' lang='lat' dir='ltr'><strong>loco</strong></span> <span class='ocrx_word' id='word_1_630' title='bbox 3034 2479 3119 2525; x_wconf 92' lang='lat' dir='ltr'><strong>est</strong></span> <span class='ocrx_word' id='word_1_631' title='bbox 3146 2469 3419 2526; x_wconf 90' lang='lat' dir='ltr'><strong>habendus</strong></span> <span class='ocrx_word' id='word_1_632' title='bbox 3443 2486 3550 2542; x_wconf 90' lang='lat' dir='ltr'><strong>quo</strong></span> <span class='ocrx_word' id='word_1_633' title='bbox 3577 2486 3785 2542; x_wconf 82' lang='lat' dir='ltr'><strong>exper-</strong></span> 
     </span>
    </p>
   </div>
   <div class='ocr_carea' id='block_1_86' title="bbox 2184 2555 3780 2631">
    <p class='ocr_par' dir='ltr' id='par_1_86' title="bbox 2184 2555 3780 2631">
     <span class='ocr_line' id='line_1_86' title="bbox 2184 2555 3780 2631; baseline 0.008 -22"><span class='ocrx_word' id='word_1_634' title='bbox 2184 2564 2282 2610; x_wconf 90' lang='lat' dir='ltr'><strong>tes.</strong></span> <span class='ocrx_word' id='word_1_635' title='bbox 2313 2555 2497 2626; x_wconf 84' lang='lat' dir='ltr'><strong>Neque</strong></span> <span class='ocrx_word' id='word_1_636' title='bbox 2523 2559 2665 2613; x_wconf 90' lang='lat' dir='ltr'><strong>enim</strong></span> <span class='ocrx_word' id='word_1_637' title='bbox 2696 2560 2742 2614; x_wconf 93' lang='lat' dir='ltr'><strong>si</strong></span> <span class='ocrx_word' id='word_1_638' title='bbox 2768 2561 2886 2631; x_wconf 88' lang='lat' dir='ltr'><strong>quis</strong></span> <span class='ocrx_word' id='word_1_639' title='bbox 2919 2562 2971 2616; x_wconf 91' lang='lat' dir='ltr'><strong>in</strong></span> <span class='ocrx_word' id='word_1_640' title='bbox 3003 2562 3151 2619; x_wconf 88' lang='lat' dir='ltr'><strong>mille</strong></span> <span class='ocrx_word' id='word_1_641' title='bbox 3184 2563 3341 2618; x_wconf 88' lang='lat' dir='ltr'><strong>anuis</strong></span> <span class='ocrx_word' id='word_1_642' title='bbox 3363 2573 3577 2620; x_wconf 90' lang='lat' dir='ltr'><strong>noctem</strong></span> <span class='ocrx_word' id='word_1_643' title='bbox 3607 2580 3780 2621; x_wconf 85' lang='lat' dir='ltr'><strong>unam</strong></span> 
     </span>
    </p>
   </div>
   <div class='ocr_carea' id='block_1_87' title="bbox 2181 2651 3779 2726">
    <p class='ocr_par' dir='ltr' id='par_1_87' title="bbox 2181 2651 3779 2726">
     <span class='ocr_line' id='line_1_87' title="bbox 2181 2651 3779 2726; baseline 0.006 -24"><span class='ocrx_word' id='word_1_644' title='bbox 2181 2662 2345 2705; x_wconf 86' lang='lat' dir='ltr'><strong>suave</strong></span> <span class='ocrx_word' id='word_1_645' title='bbox 2389 2651 2655 2706; x_wconf 90' lang='lat' dir='ltr'><strong>somnium</strong></span> <span class='ocrx_word' id='word_1_646' title='bbox 2705 2653 2873 2723; x_wconf 84' lang='lat' dir='ltr'><strong>vidit,</strong></span> <span class='ocrx_word' id='word_1_647' title='bbox 2913 2655 3031 2725; x_wconf 81' lang='lat' dir='ltr'><strong>plus</strong></span> <span class='ocrx_word' id='word_1_648' title='bbox 3058 2656 3310 2726; x_wconf 89' lang='lat' dir='ltr'><strong>quiddam</strong></span> <span class='ocrx_word' id='word_1_649' title='bbox 3356 2657 3554 2713; x_wconf 88' lang='lat' dir='ltr'><strong>habere</strong></span> <span class='ocrx_word' id='word_1_650' title='bbox 3581 2656 3779 2713; x_wconf 84' lang='lat' dir='ltr'><strong>dicen-</strong></span> 
     </span>
    </p>
   </div>
   <div class='ocr_carea' id='block_1_88' title="bbox 2181 2738 3825 2825">
    <p class='ocr_par' dir='ltr' id='par_1_88' title="bbox 2181 2738 3825 2825">
     <span class='ocr_line' id='line_1_88' title="bbox 2181 2738 3825 2825; baseline 0.007 -31"><span class='ocrx_word' id='word_1_651' title='bbox 2181 2738 2282 2795; x_wconf 89' lang='lat' dir='ltr'><strong>dus</strong></span> <span class='ocrx_word' id='word_1_652' title='bbox 2320 2750 2428 2805; x_wconf 89' lang='lat' dir='ltr'><strong>est,</strong></span> <span class='ocrx_word' id='word_1_653' title='bbox 2468 2757 2627 2812; x_wconf 85' lang='lat' dir='ltr'><strong>quam</strong></span> <span class='ocrx_word' id='word_1_654' title='bbox 2669 2745 2758 2813; x_wconf 92' lang='lat' dir='ltr'><strong>qui</strong></span> <span class='ocrx_word' id='word_1_655' title='bbox 2785 2744 2902 2814; x_wconf 88' lang='lat' dir='ltr'><strong>ejus</strong></span> <span class='ocrx_word' id='word_1_656' title='bbox 2927 2746 3027 2801; x_wconf 87' lang='lat' dir='ltr'><strong>visi</strong></span> <span class='ocrx_word' id='word_1_657' title='bbox 3059 2761 3258 2817; x_wconf 82' lang='lat' dir='ltr'><strong>expers</strong></span> <span class='ocrx_word' id='word_1_658' title='bbox 3282 2746 3463 2803; x_wconf 87' lang='lat' dir='ltr'><strong>fuerit.</strong></span> <span class='ocrx_word' id='word_1_659' title='bbox 3505 2748 3615 2804; x_wconf 91' lang='lat' dir='ltr'><strong>lmo</strong></span> <span class='ocrx_word' id='word_1_660' title='bbox 3641 2765 3781 2805; x_wconf 87' lang='lat' dir='ltr'><strong>vero</strong></span> <span class='ocrx_word' id='word_1_661' title='bbox 3820 2820 3825 2825; x_wconf 12' lang='grc' dir='ltr'><em>ἡ</em></span> 
     </span>
    </p>
   </div>
   <div class='ocr_carea' id='block_1_89' title="bbox 2181 2837 3770 2911">
    <p class='ocr_par' dir='ltr' id='par_1_89' title="bbox 2181 2837 3770 2911">
     <span class='ocr_line' id='line_1_89' title="bbox 2181 2837 3770 2911; baseline 0.006 -25"><span class='ocrx_word' id='word_1_662' title='bbox 2181 2847 2284 2888; x_wconf 90' lang='lat' dir='ltr'><strong>nec</strong></span> <span class='ocrx_word' id='word_1_663' title='bbox 2305 2844 2559 2903; x_wconf 90' lang='lat' dir='ltr'><strong>quantum</strong></span> <span class='ocrx_word' id='word_1_664' title='bbox 2585 2837 2826 2893; x_wconf 87' lang='lat' dir='ltr'><strong>volebam</strong></span> <span class='ocrx_word' id='word_1_665' title='bbox 2857 2839 3109 2908; x_wconf 90' lang='lat' dir='ltr'><strong>loquutus</strong></span> <span class='ocrx_word' id='word_1_666' title='bbox 3135 2855 3275 2896; x_wconf 79' lang='lat' dir='ltr'><strong>sum.</strong></span> <span class='ocrx_word' id='word_1_667' title='bbox 3306 2839 3438 2896; x_wconf 87' lang='lat' dir='ltr'><strong>Nam</strong></span> <span class='ocrx_word' id='word_1_668' title='bbox 3477 2856 3575 2896; x_wconf 89' lang='lat' dir='ltr'><strong>nec</strong></span> <span class='ocrx_word' id='word_1_669' title='bbox 3601 2858 3770 2911; x_wconf 85' lang='lat' dir='ltr'><strong>quam</strong></span> 
     </span>
    </p>
   </div>
   <div class='ocr_carea' id='block_1_90' title="bbox 2183 2925 3777 2998">
    <p class='ocr_par' dir='ltr' id='par_1_90' title="bbox 2183 2925 3777 2998">
     <span class='ocr_line' id='line_1_90' title="bbox 2183 2925 3777 2998; baseline 0.008 -22"><span class='ocrx_word' id='word_1_670' title='bbox 2183 2931 2292 2977; x_wconf 90' lang='lat' dir='ltr'><strong>tum</strong></span> <span class='ocrx_word' id='word_1_671' title='bbox 2321 2928 2460 2981; x_wconf 89' lang='lat' dir='ltr'><strong>veris</strong></span> <span class='ocrx_word' id='word_1_672' title='bbox 2477 2925 2677 2983; x_wconf 78' lang='lat' dir='ltr'><strong>distant</strong></span> <span class='ocrx_word' id='word_1_673' title='bbox 2701 2930 2904 2983; x_wconf 90' lang='lat' dir='ltr'><strong>somnia</strong></span> <span class='ocrx_word' id='word_1_674' title='bbox 2921 2970 2939 2998; x_wconf 91' lang='lat'><strong>,</strong></span> <span class='ocrx_word' id='word_1_675' title='bbox 2964 2938 3166 2986; x_wconf 89' lang='lat' dir='ltr'><strong>tantum</strong></span> <span class='ocrx_word' id='word_1_676' title='bbox 3192 2930 3308 2988; x_wconf 68' lang='lat' dir='ltr'><strong>hate</strong></span> <span class='ocrx_word' id='word_1_677' title='bbox 3328 2931 3398 2988; x_wconf 88' lang='lat' dir='ltr'><strong>ab</strong></span> <span class='ocrx_word' id='word_1_678' title='bbox 3421 2932 3526 2987; x_wconf 91' lang='lat' dir='ltr'><strong>illis</strong></span> <span class='ocrx_word' id='word_1_679' title='bbox 3543 2932 3740 2988; x_wconf 81' lang='lat' dir='ltr'><strong>absunt</strong></span> <span class='ocrx_word' id='word_1_680' title='bbox 3759 2975 3777 2997; x_wconf 83' lang='lat'><strong>.</strong></span> 
     </span>
    </p>
   </div>
   <div class='ocr_carea' id='block_1_91' title="bbox 2180 3016 3777 3093">
    <p class='ocr_par' dir='ltr' id='par_1_91' title="bbox 2180 3016 3777 3093">
     <span class='ocr_line' id='line_1_91' title="bbox 2180 3016 3777 3093; baseline 0.006 -22"><span class='ocrx_word' id='word_1_681' title='bbox 2180 3016 2274 3072; x_wconf 91' lang='lat' dir='ltr'><strong>sed</strong></span> <span class='ocrx_word' id='word_1_682' title='bbox 2301 3017 2468 3073; x_wconf 86' lang='lat' dir='ltr'><strong>multo</strong></span> <span class='ocrx_word' id='word_1_683' title='bbox 2493 3020 2722 3089; x_wconf 87' lang='lat' dir='ltr'><strong>amplius</strong></span> <span class='ocrx_word' id='word_1_684' title='bbox 2747 3038 2761 3076; x_wconf 92' lang='lat'><strong>:</strong></span> <span class='ocrx_word' id='word_1_685' title='bbox 2808 3036 2909 3077; x_wconf 91' lang='lat' dir='ltr'><strong>nec</strong></span> <span class='ocrx_word' id='word_1_686' title='bbox 2935 3022 3078 3093; x_wconf 91' lang='lat' dir='ltr'><strong>quod</strong></span> <span class='ocrx_word' id='word_1_687' title='bbox 3108 3023 3161 3077; x_wconf 92' lang='lat' dir='ltr'><strong>in</strong></span> <span class='ocrx_word' id='word_1_688' title='bbox 3189 3024 3333 3080; x_wconf 90' lang='lat' dir='ltr'><strong>mille</strong></span> <span class='ocrx_word' id='word_1_689' title='bbox 3355 3025 3508 3080; x_wconf 88' lang='lat' dir='ltr'><strong>annis</strong></span> <span class='ocrx_word' id='word_1_690' title='bbox 3533 3040 3635 3080; x_wconf 89' lang='lat' dir='ltr'><strong>una</strong></span> <span class='ocrx_word' id='word_1_691' title='bbox 3661 3040 3777 3081; x_wconf 85' lang='lat' dir='ltr'><strong>nox</strong></span> 
     </span>
    </p>
   </div>
   <div class='ocr_carea' id='block_1_92' title="bbox 2178 3112 3779 3184">
    <p class='ocr_par' dir='ltr' id='par_1_92' title="bbox 2178 3112 3779 3184">
     <span class='ocr_line' id='line_1_92' title="bbox 2178 3112 3779 3184; baseline 0.006 -19"><span class='ocrx_word' id='word_1_692' title='bbox 2178 3120 2294 3179; x_wconf 91' lang='lat' dir='ltr'><strong>est,</strong></span> <span class='ocrx_word' id='word_1_693' title='bbox 2327 3112 2654 3169; x_wconf 88' lang='lat' dir='ltr'><strong>tantumdem</strong></span> <span class='ocrx_word' id='word_1_694' title='bbox 2685 3114 2790 3171; x_wconf 93' lang='lat' dir='ltr'><strong>hoc</strong></span> <span class='ocrx_word' id='word_1_695' title='bbox 2810 3116 2878 3170; x_wconf 90' lang='lat' dir='ltr'><strong>ad</strong></span> <span class='ocrx_word' id='word_1_696' title='bbox 2924 3115 3158 3171; x_wconf 86' lang='lat' dir='ltr'><strong>futurum</strong></span> <span class='ocrx_word' id='word_1_697' title='bbox 3204 3117 3461 3173; x_wconf 72' lang='lat' dir='ltr'><strong>smculum</strong></span> <span class='ocrx_word' id='word_1_698' title='bbox 3513 3125 3628 3184; x_wconf 88' lang='lat' dir='ltr'><strong>est,</strong></span> <span class='ocrx_word' id='word_1_699' title='bbox 3670 3118 3779 3175; x_wconf 82' lang='lat' dir='ltr'><strong>sed</strong></span> 
     </span>
    </p>
   </div>
   <div class='ocr_carea' id='block_1_93' title="bbox 2178 3201 3779 3283">
    <p class='ocr_par' dir='ltr' id='par_1_93' title="bbox 2178 3201 3779 3283">
     <span class='ocr_line' id='line_1_93' title="bbox 2178 3201 3779 3283; baseline 0.006 -27"><span class='ocrx_word' id='word_1_700' title='bbox 2178 3201 2267 3257; x_wconf 86' lang='lat' dir='ltr'><strong>hic</strong></span> <span class='ocrx_word' id='word_1_701' title='bbox 2312 3216 2523 3259; x_wconf 88' lang='lat' dir='ltr'><strong>rursum</strong></span> <span class='ocrx_word' id='word_1_702' title='bbox 2550 3206 2709 3260; x_wconf 88' lang='lat' dir='ltr'><strong>etiam</strong></span> <span class='ocrx_word' id='word_1_703' title='bbox 2738 3206 2858 3276; x_wconf 89' lang='lat' dir='ltr'><strong>plus</strong></span> <span class='ocrx_word' id='word_1_704' title='bbox 2889 3207 3109 3263; x_wconf 88' lang='lat' dir='ltr'><strong>interest</strong></span> <span class='ocrx_word' id='word_1_705' title='bbox 3137 3208 3479 3266; x_wconf 89' lang='lat' dir='ltr'><strong>discriminis.</strong></span> <span class='ocrx_word' id='word_1_706' title='bbox 3512 3212 3583 3265; x_wconf 83' lang='lat' dir='ltr'><strong>At</strong></span> <span class='ocrx_word' id='word_1_707' title='bbox 3609 3212 3779 3283; x_wconf 85' lang='lat' dir='ltr'><strong>virgi-</strong></span> 
     </span>
    </p>
   </div>
   <div class='ocr_carea' id='block_1_94' title="bbox 2178 3292 3778 3372">
    <p class='ocr_par' dir='ltr' id='par_1_94' title="bbox 2178 3292 3778 3372">
     <span class='ocr_line' id='line_1_94' title="bbox 2178 3292 3778 3372; baseline 0.009 -26"><span class='ocrx_word' id='word_1_708' title='bbox 2178 3292 2319 3347; x_wconf 90' lang='lat' dir='ltr'><strong>nitas</strong></span> <span class='ocrx_word' id='word_1_709' title='bbox 2363 3309 2470 3349; x_wconf 93' lang='lat' dir='ltr'><strong>non</strong></span> <span class='ocrx_word' id='word_1_710' title='bbox 2508 3303 2592 3351; x_wconf 90' lang='lat' dir='ltr'><strong>est</strong></span> <span class='ocrx_word' id='word_1_711' title='bbox 2633 3296 2935 3367; x_wconf 86' lang='lat' dir='ltr'><strong>ejusmodi;</strong></span> <span class='ocrx_word' id='word_1_712' title='bbox 2982 3300 3107 3369; x_wconf 89' lang='lat' dir='ltr'><strong>quin</strong></span> <span class='ocrx_word' id='word_1_713' title='bbox 3134 3299 3275 3355; x_wconf 87' lang='lat' dir='ltr'><strong>facto</strong></span> <span class='ocrx_word' id='word_1_714' title='bbox 3323 3300 3512 3371; x_wconf 86' lang='lat' dir='ltr'><strong>grandi</strong></span> <span class='ocrx_word' id='word_1_715' title='bbox 3558 3311 3778 3372; x_wconf 79' lang='lat' dir='ltr'><strong>qutestu</strong></span> 
     </span>
    </p>
   </div>
   <div class='ocr_carea' id='block_1_95' title="bbox 2178 3384 3599 3464">
    <p class='ocr_par' dir='ltr' id='par_1_95' title="bbox 2178 3384 3599 3464">
     <span class='ocr_line' id='line_1_95' title="bbox 2178 3384 3599 3464; baseline 0.006 -25"><span class='ocrx_word' id='word_1_716' title='bbox 2178 3384 2419 3441; x_wconf 87' lang='lat' dir='ltr'><strong>discedit.</strong></span> <span class='ocrx_word' id='word_1_717' title='bbox 2448 3387 2552 3443; x_wconf 90' lang='lat' dir='ltr'><strong>Sed</strong></span> <span class='ocrx_word' id='word_1_718' title='bbox 2583 3404 2695 3444; x_wconf 91' lang='lat' dir='ltr'><strong>rem</strong></span> <span class='ocrx_word' id='word_1_719' title='bbox 2721 3404 2936 3447; x_wconf 89' lang='lat' dir='ltr'><strong>omnem</strong></span> <span class='ocrx_word' id='word_1_720' title='bbox 2963 3406 2994 3445; x_wconf 94' lang='lat' dir='ltr'><strong>a</strong></span> <span class='ocrx_word' id='word_1_721' title='bbox 3024 3392 3195 3462; x_wconf 87' lang='lat' dir='ltr'><strong>capite</strong></span> <span class='ocrx_word' id='word_1_722' title='bbox 3224 3392 3599 3464; x_wconf 88' lang='lat' dir='ltr'><strong>dlsquiramus.</strong></span> 
     </span>
    </p>
   </div>
   <div class='ocr_carea' id='block_1_96' title="bbox 2262 3476 3778 3551">
    <p class='ocr_par' dir='ltr' id='par_1_96' title="bbox 2262 3476 3778 3551">
     <span class='ocr_line' id='line_1_96' title="bbox 2262 3476 3778 3551; baseline 0.008 -20"><span class='ocrx_word' id='word_1_723' title='bbox 2262 3476 2400 3531; x_wconf 81' lang='lat' dir='ltr'><strong>LIX.</strong></span> <span class='ocrx_word' id='word_1_724' title='bbox 2470 3478 2817 3551; x_wconf 81' lang='lat' dir='ltr'><strong>Virginitatem</strong></span> <span class='ocrx_word' id='word_1_725' title='bbox 2864 3482 3066 3550; x_wconf 70' lang='lat' dir='ltr'><strong>facilem</strong></span> <span class='ocrx_word' id='word_1_726' title='bbox 3116 3483 3482 3539; x_wconf 48' lang='grc' dir='ltr'><strong>εδει-ΝΜ</strong></span> <span class='ocrx_word' id='word_1_727' title='bbox 3543 3499 3778 3543; x_wconf 78' lang='lat' dir='ltr'><strong>necesse</strong></span> 
     </span>
    </p>
   </div>
   <div class='ocr_carea' id='block_1_97' title="bbox 2177 3565 3777 3641">
    <p class='ocr_par' dir='ltr' id='par_1_97' title="bbox 2177 3565 3777 3641">
     <span class='ocr_line' id='line_1_97' title="bbox 2177 3565 3777 3641; baseline 0.007 -21"><span class='ocrx_word' id='word_1_728' title='bbox 2177 3565 2340 3622; x_wconf 88' lang='lat' dir='ltr'><strong>habet</strong></span> <span class='ocrx_word' id='word_1_729' title='bbox 2370 3569 2420 3623; x_wconf 93' lang='lat' dir='ltr'><strong>in</strong></span> <span class='ocrx_word' id='word_1_730' title='bbox 2452 3584 2707 3638; x_wconf 89' lang='lat' dir='ltr'><strong>sponsum</strong></span> <span class='ocrx_word' id='word_1_731' title='bbox 2741 3570 3009 3641; x_wconf 89' lang='lat' dir='ltr'><strong>inquirere</strong></span> <span class='ocrx_word' id='word_1_732' title='bbox 3030 3615 3045 3638; x_wconf 95' lang='lat'><strong>,</strong></span> <span class='ocrx_word' id='word_1_733' title='bbox 3074 3588 3173 3628; x_wconf 89' lang='lat' dir='ltr'><strong>nec</strong></span> <span class='ocrx_word' id='word_1_734' title='bbox 3197 3572 3377 3629; x_wconf 88' lang='lat' dir='ltr'><strong>fucum</strong></span> <span class='ocrx_word' id='word_1_735' title='bbox 3411 3575 3594 3631; x_wconf 88' lang='lat' dir='ltr'><strong>timet:</strong></span> <span class='ocrx_word' id='word_1_736' title='bbox 3625 3575 3777 3631; x_wconf 78' lang='lat' dir='ltr'><strong>Deus</strong></span> 
     </span>
    </p>
   </div>
   <div class='ocr_carea' id='block_1_98' title="bbox 2176 3659 3776 3725">
    <p class='ocr_par' dir='ltr' id='par_1_98' title="bbox 2176 3659 3776 3725">
     <span class='ocr_line' id='line_1_98' title="bbox 2176 3659 3776 3725; baseline 0.008 -15"><span class='ocrx_word' id='word_1_737' title='bbox 2176 3666 2260 3711; x_wconf 84' lang='lat' dir='ltr'><strong>est</strong></span> <span class='ocrx_word' id='word_1_738' title='bbox 2300 3659 2441 3713; x_wconf 89' lang='lat' dir='ltr'><strong>enim</strong></span> <span class='ocrx_word' id='word_1_739' title='bbox 2490 3674 2597 3714; x_wconf 91' lang='lat' dir='ltr'><strong>non</strong></span> <span class='ocrx_word' id='word_1_740' title='bbox 2638 3659 2828 3725; x_wconf 90' lang='lat' dir='ltr'><strong>homo,</strong></span> <span class='ocrx_word' id='word_1_741' title='bbox 2875 3661 3133 3718; x_wconf 90' lang='lat' dir='ltr'><strong>Dominus</strong></span> <span class='ocrx_word' id='word_1_742' title='bbox 3170 3679 3278 3717; x_wconf 88' lang='lat' dir='ltr'><strong>non</strong></span> <span class='ocrx_word' id='word_1_743' title='bbox 3326 3678 3635 3721; x_wconf 87' lang='lat' dir='ltr'><strong>conservus.</strong></span> <span class='ocrx_word' id='word_1_744' title='bbox 3688 3667 3776 3723; x_wconf 78' lang='lat' dir='ltr'><strong>Ac</strong></span> 
     </span>
    </p>
   </div>
   <div class='ocr_carea' id='block_1_99' title="bbox 2175 3749 3774 3827">
    <p class='ocr_par' dir='ltr' id='par_1_99' title="bbox 2175 3749 3774 3827">
     <span class='ocr_line' id='line_1_99' title="bbox 2175 3749 3774 3827; baseline 0.008 -27"><span class='ocrx_word' id='word_1_745' title='bbox 2175 3762 2492 3818; x_wconf 87' lang='lat' dir='ltr'><strong>sponsorum</strong></span> <span class='ocrx_word' id='word_1_746' title='bbox 2539 3749 2639 3805; x_wconf 91' lang='lat' dir='ltr'><strong>hoc</strong></span> <span class='ocrx_word' id='word_1_747' title='bbox 2666 3750 2954 3807; x_wconf 89' lang='lat' dir='ltr'><strong>discrimen</strong></span> <span class='ocrx_word' id='word_1_748' title='bbox 2981 3762 3066 3808; x_wconf 89' lang='lat' dir='ltr'><strong>est</strong></span> <span class='ocrx_word' id='word_1_749' title='bbox 3094 3773 3108 3809; x_wconf 90' lang='lat'><strong>:</strong></span> <span class='ocrx_word' id='word_1_750' title='bbox 3139 3754 3258 3810; x_wconf 88' lang='lat' dir='ltr'><strong>vide</strong></span> <span class='ocrx_word' id='word_1_751' title='bbox 3281 3764 3460 3811; x_wconf 80' lang='lat' dir='ltr'><strong>autent</strong></span> <span class='ocrx_word' id='word_1_752' title='bbox 3489 3765 3544 3810; x_wconf 92' lang='lat' dir='ltr'><strong>et</strong></span> <span class='ocrx_word' id='word_1_753' title='bbox 3571 3758 3774 3827; x_wconf 77' lang='lat' dir='ltr'><strong>quibus</strong></span> 
     </span>
    </p>
   </div>
   <div class='ocr_carea' id='block_1_100' title="bbox 2175 3839 3772 3919">
    <p class='ocr_par' dir='ltr' id='par_1_100' title="bbox 2175 3839 3772 3919">
     <span class='ocr_line' id='line_1_100' title="bbox 2175 3839 3772 3919; baseline 0.008 -26"><span class='ocrx_word' id='word_1_754' title='bbox 2175 3840 2336 3895; x_wconf 86' lang='lat' dir='ltr'><strong>rebus</strong></span> <span class='ocrx_word' id='word_1_755' title='bbox 2383 3839 2835 3911; x_wconf 88' lang='lat' dir='ltr'><strong>despondeantur.</strong></span> <span class='ocrx_word' id='word_1_756' title='bbox 2887 3844 3003 3900; x_wconf 89' lang='lat' dir='ltr'><strong>Non</strong></span> <span class='ocrx_word' id='word_1_757' title='bbox 3026 3847 3287 3917; x_wconf 89' lang='lat' dir='ltr'><strong>mancipia</strong></span> <span class='ocrx_word' id='word_1_758' title='bbox 3312 3889 3327 3911; x_wconf 91' lang='lat'><strong>,</strong></span> <span class='ocrx_word' id='word_1_759' title='bbox 3362 3863 3466 3903; x_wconf 90' lang='lat' dir='ltr'><strong>non</strong></span> <span class='ocrx_word' id='word_1_760' title='bbox 3493 3856 3650 3905; x_wconf 79' lang='lat' dir='ltr'><strong>terra:</strong></span> <span class='ocrx_word' id='word_1_761' title='bbox 3677 3849 3772 3919; x_wconf 81' lang='lat' dir='ltr'><strong>jn-</strong></span> 
     </span>
    </p>
   </div>
   <div class='ocr_carea' id='block_1_101' title="bbox 2173 3937 3773 4007">
    <p class='ocr_par' dir='ltr' id='par_1_101' title="bbox 2173 3937 3773 4007">
     <span class='ocr_line' id='line_1_101' title="bbox 2173 3937 3773 4007; baseline 0.009 -22"><span class='ocrx_word' id='word_1_762' title='bbox 2173 3946 2333 4002; x_wconf 87' lang='lat' dir='ltr'><strong>gera,</strong></span> <span class='ocrx_word' id='word_1_763' title='bbox 2384 3948 2490 3989; x_wconf 90' lang='lat' dir='ltr'><strong>non</strong></span> <span class='ocrx_word' id='word_1_764' title='bbox 2539 3943 2617 3988; x_wconf 91' lang='lat' dir='ltr'><strong>tot</strong></span> <span class='ocrx_word' id='word_1_765' title='bbox 2658 3950 2722 3990; x_wconf 89' lang='lat' dir='ltr'><strong>ac</strong></span> <span class='ocrx_word' id='word_1_766' title='bbox 2767 3937 2988 3993; x_wconf 91' lang='lat' dir='ltr'><strong>totidem</strong></span> <span class='ocrx_word' id='word_1_767' title='bbox 3021 3939 3136 3993; x_wconf 87' lang='lat' dir='ltr'><strong>auri</strong></span> <span class='ocrx_word' id='word_1_768' title='bbox 3169 3941 3396 4007; x_wconf 87' lang='lat' dir='ltr'><strong>talenta,</strong></span> <span class='ocrx_word' id='word_1_769' title='bbox 3428 3942 3523 3998; x_wconf 85' lang='lat' dir='ltr'><strong>sed</strong></span> <span class='ocrx_word' id='word_1_770' title='bbox 3549 3942 3669 3998; x_wconf 62' lang='grc' dir='ltr'><strong>(ξαειί</strong></span> <span class='ocrx_word' id='word_1_771' title='bbox 3710 3956 3773 4000; x_wconf 90' lang='lat' dir='ltr'><strong>et</strong></span> 
     </span>
    </p>
   </div>
   <div class='ocr_carea' id='block_1_102' title="bbox 2173 4023 3769 4100">
    <p class='ocr_par' dir='ltr' id='par_1_102' title="bbox 2173 4023 3769 4100">
     <span class='ocr_line' id='line_1_102' title="bbox 2173 4023 3769 4100; baseline 0.01 -23"><span class='ocrx_word' id='word_1_772' title='bbox 2173 4023 2402 4080; x_wconf 69' lang='lat' dir='ltr'><strong>ccclestia</strong></span> <span class='ocrx_word' id='word_1_773' title='bbox 2432 4025 2601 4092; x_wconf 89' lang='lat' dir='ltr'><strong>bona,</strong></span> <span class='ocrx_word' id='word_1_774' title='bbox 2632 4042 2844 4097; x_wconf 70' lang='lat' dir='ltr'><strong>sponsa:</strong></span> <span class='ocrx_word' id='word_1_775' title='bbox 2875 4029 3031 4100; x_wconf 88' lang='lat' dir='ltr'><strong>hujus</strong></span> <span class='ocrx_word' id='word_1_776' title='bbox 3054 4031 3250 4087; x_wconf 90' lang='lat' dir='ltr'><strong>dotalia</strong></span> <span class='ocrx_word' id='word_1_777' title='bbox 3294 4043 3439 4088; x_wconf 92' lang='lat' dir='ltr'><strong>sunt.</strong></span> <span class='ocrx_word' id='word_1_778' title='bbox 3495 4035 3769 4093; x_wconf 65' lang='lat' dir='ltr'><strong>Praeterea</strong></span> 
     </span>
    </p>
   </div>
   <div class='ocr_carea' id='block_1_103' title="bbox 2172 4116 3770 4195">
    <p class='ocr_par' dir='ltr' id='par_1_103' title="bbox 2172 4116 3770 4195">
     <span class='ocr_line' id='line_1_103' title="bbox 2172 4116 3770 4195; baseline 0.008 -25"><span class='ocrx_word' id='word_1_779' title='bbox 2172 4116 2367 4186; x_wconf 83' lang='lat' dir='ltr'><strong>conjux</strong></span> <span class='ocrx_word' id='word_1_780' title='bbox 2429 4128 2655 4175; x_wconf 87' lang='lat' dir='ltr'><strong>mortem</strong></span> <span class='ocrx_word' id='word_1_781' title='bbox 2706 4121 2964 4191; x_wconf 84' lang='lat' dir='ltr'><strong>trepidat&#39;,</strong></span> <span class='ocrx_word' id='word_1_782' title='bbox 3019 4138 3140 4178; x_wconf 91' lang='lat' dir='ltr'><strong>cum</strong></span> <span class='ocrx_word' id='word_1_783' title='bbox 3192 4133 3411 4195; x_wconf 84' lang='lat' dir='ltr'><strong>propter</strong></span> <span class='ocrx_word' id='word_1_784' title='bbox 3461 4127 3602 4195; x_wconf 87' lang='lat' dir='ltr'><strong>alia,</strong></span> <span class='ocrx_word' id='word_1_785' title='bbox 3649 4137 3770 4183; x_wconf 84' lang='lat' dir='ltr'><strong>tum</strong></span> 
     </span>
    </p>
   </div>
   <div class='ocr_carea' id='block_1_104' title="bbox 2171 4209 3768 4290">
    <p class='ocr_par' dir='ltr' id='par_1_104' title="bbox 2171 4209 3768 4290">
     <span class='ocr_line' id='line_1_104' title="bbox 2171 4209 3768 4290; baseline 0.008 -26"><span class='ocrx_word' id='word_1_786' title='bbox 2171 4209 2311 4280; x_wconf 91' lang='lat' dir='ltr'><strong>quod</strong></span> <span class='ocrx_word' id='word_1_787' title='bbox 2359 4225 2419 4267; x_wconf 88' lang='lat' dir='ltr'><strong>se</strong></span> <span class='ocrx_word' id='word_1_788' title='bbox 2447 4226 2478 4266; x_wconf 88' lang='lat' dir='ltr'><strong>a</strong></span> <span class='ocrx_word' id='word_1_789' title='bbox 2520 4214 2883 4270; x_wconf 89' lang='lat' dir='ltr'><strong>contubernali</strong></span> <span class='ocrx_word' id='word_1_790' title='bbox 2912 4215 3196 4287; x_wconf 87' lang='lat' dir='ltr'><strong>disjungat.</strong></span> <span class='ocrx_word' id='word_1_791' title='bbox 3244 4218 3407 4290; x_wconf 78' lang='lat' dir='ltr'><strong>Virgo</strong></span> <span class='ocrx_word' id='word_1_792' title='bbox 3444 4227 3499 4276; x_wconf 89' lang='lat' dir='ltr'><strong>et</strong></span> <span class='ocrx_word' id='word_1_793' title='bbox 3528 4228 3768 4276; x_wconf 86' lang='lat' dir='ltr'><strong>mortem</strong></span> 
     </span>
    </p>
   </div>
   <div class='ocr_carea' id='block_1_105' title="bbox 2171 4300 3769 4381">
    <p class='ocr_par' dir='ltr' id='par_1_105' title="bbox 2171 4300 3769 4381">
     <span class='ocr_line' id='line_1_105' title="bbox 2171 4300 3769 4381; baseline 0.008 -26"><span class='ocrx_word' id='word_1_794' title='bbox 2171 4300 2472 4369; x_wconf 86' lang='lat' dir='ltr'><strong>desiderat,</strong></span> <span class='ocrx_word' id='word_1_795' title='bbox 2503 4310 2560 4357; x_wconf 91' lang='lat' dir='ltr'><strong>et</strong></span> <span class='ocrx_word' id='word_1_796' title='bbox 2582 4303 2686 4358; x_wconf 91' lang='lat' dir='ltr'><strong>vita</strong></span> <span class='ocrx_word' id='word_1_797' title='bbox 2727 4316 3010 4375; x_wconf 87' lang='lat' dir='ltr'><strong>gravatur,</strong></span> <span class='ocrx_word' id='word_1_798' title='bbox 3040 4315 3296 4376; x_wconf 79' lang='lat' dir='ltr'><strong>spensum</strong></span> <span class='ocrx_word' id='word_1_799' title='bbox 3343 4323 3580 4379; x_wconf 72' lang='lat' dir='ltr'><strong>pmseus</strong></span> <span class='ocrx_word' id='word_1_800' title='bbox 3623 4325 3769 4381; x_wconf 75' lang='lat' dir='ltr'><strong>pm:-</strong></span> 
     </span>
    </p>
   </div>
   <div class='ocr_carea' id='block_1_106' title="bbox 2170 4394 3501 4468">
    <p class='ocr_par' dir='ltr' id='par_1_106' title="bbox 2170 4394 3501 4468">
     <span class='ocr_line' id='line_1_106' title="bbox 2170 4394 3501 4468; baseline 0.005 -22"><span class='ocrx_word' id='word_1_801' title='bbox 2170 4404 2374 4447; x_wconf 90' lang='lat' dir='ltr'><strong>sentem</strong></span> <span class='ocrx_word' id='word_1_802' title='bbox 2405 4394 2635 4461; x_wconf 91' lang='lat' dir='ltr'><strong>intueri,</strong></span> <span class='ocrx_word' id='word_1_803' title='bbox 2665 4410 2833 4466; x_wconf 87' lang='lat' dir='ltr'><strong>eaque</strong></span> <span class='ocrx_word' id='word_1_804' title='bbox 2861 4397 3029 4466; x_wconf 89' lang='lat' dir='ltr'><strong>gloria</strong></span> <span class='ocrx_word' id='word_1_805' title='bbox 3056 4397 3159 4452; x_wconf 88' lang='lat' dir='ltr'><strong>frui</strong></span> <span class='ocrx_word' id='word_1_806' title='bbox 3190 4414 3501 4468; x_wconf 88' lang='lat' dir='ltr'><strong>properans.</strong></span> 
     </span>
    </p>
   </div>
   <div class='ocr_carea' id='block_1_107' title="bbox 2240 4483 3770 4561">
    <p class='ocr_par' dir='ltr' id='par_1_107' title="bbox 2240 4483 3770 4561">
     <span class='ocr_line' id='line_1_107' title="bbox 2240 4483 3770 4561; baseline 0.005 -22"><span class='ocrx_word' id='word_1_807' title='bbox 2240 4483 2355 4539; x_wconf 73' lang='lat' dir='ltr'><strong>LX.</strong></span> <span class='ocrx_word' id='word_1_808' title='bbox 2408 4484 2755 4556; x_wconf 82' lang='lat' dir='ltr'><strong>Virginitatem</strong></span> <span class='ocrx_word' id='word_1_809' title='bbox 2795 4487 2983 4542; x_wconf 79' lang='lat' dir='ltr'><strong>nullius</strong></span> <span class='ocrx_word' id='word_1_810' title='bbox 3010 4504 3155 4558; x_wconf 85' lang='lat' dir='ltr'><strong>egere</strong></span> <span class='ocrx_word' id='word_1_811' title='bbox 3180 4490 3316 4559; x_wconf 79' lang='lat' dir='ltr'><strong>quod</strong></span> <span class='ocrx_word' id='word_1_812' title='bbox 3355 4490 3409 4544; x_wconf 89' lang='lat' dir='ltr'><strong>in</strong></span> <span class='ocrx_word' id='word_1_813' title='bbox 3436 4490 3579 4545; x_wconf 73' lang='lat' dir='ltr'><strong>nobis</strong></span> <span class='ocrx_word' id='word_1_814' title='bbox 3618 4494 3770 4561; x_wconf 73' lang='lat' dir='ltr'><strong>posi-</strong></span> 
     </span>
    </p>
   </div>
   <div class='ocr_carea' id='block_1_108' title="bbox 2169 4576 3771 4647">
    <p class='ocr_par' dir='ltr' id='par_1_108' title="bbox 2169 4576 3771 4647">
     <span class='ocr_line' id='line_1_108' title="bbox 2169 4576 3771 4647; baseline 0.007 -21"><span class='ocrx_word' id='word_1_815' title='bbox 2169 4583 2274 4627; x_wconf 84' lang='lat' dir='ltr'><strong>tum</strong></span> <span class='ocrx_word' id='word_1_816' title='bbox 2313 4591 2414 4629; x_wconf 85' lang='lat' dir='ltr'><strong>non</strong></span> <span class='ocrx_word' id='word_1_817' title='bbox 2459 4576 2637 4629; x_wconf 79' lang='lat' dir='ltr'><strong>sit.-—</strong></span> <span class='ocrx_word' id='word_1_818' title='bbox 2678 4576 2788 4631; x_wconf 89' lang='lat' dir='ltr'><strong>Nec</strong></span> <span class='ocrx_word' id='word_1_819' title='bbox 2818 4592 2946 4631; x_wconf 92' lang='lat' dir='ltr'><strong>vero</strong></span> <span class='ocrx_word' id='word_1_820' title='bbox 2968 4578 3048 4640; x_wconf 83' lang='lat' dir='ltr'><strong>ei.</strong></span> <span class='ocrx_word' id='word_1_821' title='bbox 3094 4586 3151 4633; x_wconf 91' lang='lat' dir='ltr'><strong>ut</strong></span> <span class='ocrx_word' id='word_1_822' title='bbox 3192 4580 3242 4633; x_wconf 90' lang='lat' dir='ltr'><strong>in</strong></span> <span class='ocrx_word' id='word_1_823' title='bbox 3287 4580 3658 4647; x_wconf 87' lang='lat' dir='ltr'><strong>matrimonio,</strong></span> <span class='ocrx_word' id='word_1_824' title='bbox 3713 4584 3771 4637; x_wconf 88' lang='lat' dir='ltr'><strong>in</strong></span> 
     </span>
    </p>
   </div>
   <div class='ocr_carea' id='block_1_109' title="bbox 2169 4663 3770 4742">
    <p class='ocr_par' dir='ltr' id='par_1_109' title="bbox 2169 4663 3770 4742">
     <span class='ocr_line' id='line_1_109' title="bbox 2169 4663 3770 4742; baseline 0.006 -24"><span class='ocrx_word' id='word_1_825' title='bbox 2169 4665 2344 4733; x_wconf 88' lang='lat' dir='ltr'><strong>inopia</strong></span> <span class='ocrx_word' id='word_1_826' title='bbox 2393 4663 2590 4734; x_wconf 88' lang='lat' dir='ltr'><strong>degere</strong></span> <span class='ocrx_word' id='word_1_827' title='bbox 2632 4667 2918 4738; x_wconf 89' lang='lat' dir='ltr'><strong>quidquam</strong></span> <span class='ocrx_word' id='word_1_828' title='bbox 2974 4668 3146 4723; x_wconf 89' lang='lat' dir='ltr'><strong>fraudi</strong></span> <span class='ocrx_word' id='word_1_829' title='bbox 3204 4684 3326 4726; x_wconf 90' lang='lat' dir='ltr'><strong>esse</strong></span> <span class='ocrx_word' id='word_1_830' title='bbox 3368 4680 3579 4739; x_wconf 87' lang='lat' dir='ltr'><strong>potest;</strong></span> <span class='ocrx_word' id='word_1_831' title='bbox 3630 4675 3770 4742; x_wconf 89' lang='lat' dir='ltr'><strong>quin</strong></span> 
     </span>
    </p>
   </div>
   <div class='ocr_carea' id='block_1_110' title="bbox 2169 4756 3770 4829">
    <p class='ocr_par' dir='ltr' id='par_1_110' title="bbox 2169 4756 3770 4829">
     <span class='ocr_line' id='line_1_110' title="bbox 2169 4756 3770 4829; baseline 0.007 -22"><span class='ocrx_word' id='word_1_832' title='bbox 2169 4756 2344 4824; x_wconf 87' lang='lat' dir='ltr'><strong>potius</strong></span> <span class='ocrx_word' id='word_1_833' title='bbox 2384 4756 2525 4826; x_wconf 89' lang='lat' dir='ltr'><strong>quod</strong></span> <span class='ocrx_word' id='word_1_834' title='bbox 2569 4759 2711 4813; x_wconf 91' lang='lat' dir='ltr'><strong>ultro</strong></span> <span class='ocrx_word' id='word_1_835' title='bbox 2751 4760 3046 4826; x_wconf 87' lang='lat' dir='ltr'><strong>sustineat,</strong></span> <span class='ocrx_word' id='word_1_836' title='bbox 3092 4775 3290 4829; x_wconf 90' lang='lat' dir='ltr'><strong>sponso</strong></span> <span class='ocrx_word' id='word_1_837' title='bbox 3335 4760 3387 4815; x_wconf 89' lang='lat' dir='ltr'><strong>id</strong></span> <span class='ocrx_word' id='word_1_838' title='bbox 3428 4777 3548 4817; x_wconf 91' lang='lat' dir='ltr'><strong>eam</strong></span> <span class='ocrx_word' id='word_1_839' title='bbox 3581 4762 3770 4819; x_wconf 88' lang='lat' dir='ltr'><strong>reddit</strong></span> 
     </span>
    </p>
   </div>
   <div class='ocr_carea' id='block_1_111' title="bbox 2167 4849 3763 4923">
    <p class='ocr_par' dir='ltr' id='par_1_111' title="bbox 2167 4849 3763 4923">
     <span class='ocr_line' id='line_1_111' title="bbox 2167 4849 3763 4923; baseline 0.005 -22"><span class='ocrx_word' id='word_1_840' title='bbox 2167 4849 2470 4904; x_wconf 88' lang='lat' dir='ltr'><strong>cariorem:</strong></span> <span class='ocrx_word' id='word_1_841' title='bbox 2516 4864 2618 4904; x_wconf 88' lang='lat' dir='ltr'><strong>nec</strong></span> <span class='ocrx_word' id='word_1_842' title='bbox 2672 4850 2888 4905; x_wconf 88' lang='lat' dir='ltr'><strong>sordide</strong></span> <span class='ocrx_word' id='word_1_843' title='bbox 2938 4860 3117 4905; x_wconf 88' lang='lat' dir='ltr'><strong>natam</strong></span> <span class='ocrx_word' id='word_1_844' title='bbox 3166 4866 3319 4918; x_wconf 90' lang='lat' dir='ltr'><strong>esse,</strong></span> <span class='ocrx_word' id='word_1_845' title='bbox 3364 4868 3464 4907; x_wconf 92' lang='lat' dir='ltr'><strong>nec</strong></span> <span class='ocrx_word' id='word_1_846' title='bbox 3511 4857 3763 4923; x_wconf 83' lang='lat' dir='ltr'><strong>corporis</strong></span> 
     </span>
    </p>
   </div>
   <div class='ocr_carea' id='block_1_112' title="bbox 2167 4943 3764 5014">
    <p class='ocr_par' dir='ltr' id='par_1_112' title="bbox 2167 4943 3764 5014">
     <span class='ocr_line' id='line_1_112' title="bbox 2167 4943 3764 5014; baseline 0.004 -20"><span class='ocrx_word' id='word_1_847' title='bbox 2167 4951 2447 4997; x_wconf 90' lang='lat' dir='ltr'><strong>venustate</strong></span> <span class='ocrx_word' id='word_1_848' title='bbox 2514 4956 2620 4996; x_wconf 92' lang='lat' dir='ltr'><strong>non</strong></span> <span class='ocrx_word' id='word_1_849' title='bbox 2668 4943 2988 5008; x_wconf 83' lang='lat' dir='ltr'><strong>excellere;</strong></span> <span class='ocrx_word' id='word_1_850' title='bbox 3050 4959 3225 5011; x_wconf 89' lang='lat' dir='ltr'><strong>neque</strong></span> <span class='ocrx_word' id='word_1_851' title='bbox 3279 4943 3422 4998; x_wconf 90' lang='lat' dir='ltr'><strong>aliud</strong></span> <span class='ocrx_word' id='word_1_852' title='bbox 3467 4944 3764 5014; x_wconf 89' lang='lat' dir='ltr'><strong>quidquam</strong></span> 
     </span>
    </p>
   </div>
   <div class='ocr_carea' id='block_1_113' title="bbox 2163 5033 3767 5104">
    <p class='ocr_par' dir='ltr' id='par_1_113' title="bbox 2163 5033 3767 5104">
     <span class='ocr_line' id='line_1_113' title="bbox 2163 5033 3767 5104; baseline 0.002 -16"><span class='ocrx_word' id='word_1_853' title='bbox 2163 5034 2359 5090; x_wconf 89' lang='lat' dir='ltr'><strong>simile.</strong></span> <span class='ocrx_word' id='word_1_854' title='bbox 2407 5034 2475 5089; x_wconf 88' lang='lat' dir='ltr'><strong>Et</strong></span> <span class='ocrx_word' id='word_1_855' title='bbox 2498 5033 2625 5104; x_wconf 91' lang='lat' dir='ltr'><strong>quid</strong></span> <span class='ocrx_word' id='word_1_856' title='bbox 2670 5033 2786 5089; x_wconf 63' lang='lat' dir='ltr'><strong>haec</strong></span> <span class='ocrx_word' id='word_1_857' title='bbox 2832 5035 3245 5090; x_wconf 84' lang='lat' dir='ltr'><strong>commemoro?</strong></span> <span class='ocrx_word' id='word_1_858' title='bbox 3275 5035 3407 5090; x_wconf 85' lang='lat' dir='ltr'><strong>Nam</strong></span> <span class='ocrx_word' id='word_1_859' title='bbox 3455 5044 3509 5090; x_wconf 91' lang='lat' dir='ltr'><strong>et</strong></span> <span class='ocrx_word' id='word_1_860' title='bbox 3555 5036 3601 5090; x_wconf 89' lang='lat' dir='ltr'><strong>si</strong></span> <span class='ocrx_word' id='word_1_861' title='bbox 3653 5052 3767 5092; x_wconf 84' lang='lat' dir='ltr'><strong>nec</strong></span> 
     </span>
    </p>
   </div>
   <div class='ocr_carea' id='block_1_114' title="bbox 2164 5123 3768 5196">
    <p class='ocr_par' dir='ltr' id='par_1_114' title="bbox 2164 5123 3768 5196">
     <span class='ocr_line' id='line_1_114' title="bbox 2164 5123 3768 5196; baseline 0.002 -18"><span class='ocrx_word' id='word_1_862' title='bbox 2164 5124 2328 5179; x_wconf 88' lang='lat' dir='ltr'><strong>libera</strong></span> <span class='ocrx_word' id='word_1_863' title='bbox 2359 5125 2469 5189; x_wconf 89' lang='lat' dir='ltr'><strong>sit,</strong></span> <span class='ocrx_word' id='word_1_864' title='bbox 2508 5139 2684 5194; x_wconf 90' lang='lat' dir='ltr'><strong>neque</strong></span> <span class='ocrx_word' id='word_1_865' title='bbox 2708 5123 2761 5179; x_wconf 87' lang='lat' dir='ltr'><strong>id</strong></span> <span class='ocrx_word' id='word_1_866' title='bbox 2790 5124 3009 5195; x_wconf 88' lang='lat' dir='ltr'><strong>quidem</strong></span> <span class='ocrx_word' id='word_1_867' title='bbox 3057 5125 3174 5195; x_wconf 89' lang='lat' dir='ltr'><strong>ejus</strong></span> <span class='ocrx_word' id='word_1_868' title='bbox 3221 5125 3559 5196; x_wconf 90' lang='lat' dir='ltr'><strong>sponsalibus</strong></span> <span class='ocrx_word' id='word_1_869' title='bbox 3597 5126 3768 5181; x_wconf 82' lang='lat' dir='ltr'><strong>dero-</strong></span> 
     </span>
    </p>
   </div>
   <div class='ocr_carea' id='block_1_115' title="bbox 2161 5213 3765 5287">
    <p class='ocr_par' dir='ltr' id='par_1_115' title="bbox 2161 5213 3765 5287">
     <span class='ocr_line' id='line_1_115' title="bbox 2161 5213 3765 5287; baseline 0.004 -18"><span class='ocrx_word' id='word_1_870' title='bbox 2161 5224 2287 5286; x_wconf 91' lang='lat' dir='ltr'><strong>gat,</strong></span> <span class='ocrx_word' id='word_1_871' title='bbox 2328 5215 2422 5271; x_wconf 89' lang='lat' dir='ltr'><strong>sed</strong></span> <span class='ocrx_word' id='word_1_872' title='bbox 2449 5213 2648 5271; x_wconf 81' lang='lat' dir='ltr'><strong>sufficit</strong></span> <span class='ocrx_word' id='word_1_873' title='bbox 2679 5216 2915 5272; x_wconf 91' lang='lat' dir='ltr'><strong>animum</strong></span> <span class='ocrx_word' id='word_1_874' title='bbox 2956 5218 3237 5286; x_wconf 88' lang='lat' dir='ltr'><strong>pulchrum</strong></span> <span class='ocrx_word' id='word_1_875' title='bbox 3267 5226 3519 5287; x_wconf 72' lang='lat' dir='ltr'><strong>praestare</strong></span> <span class='ocrx_word' id='word_1_876' title='bbox 3538 5260 3553 5284; x_wconf 92' lang='lat'><strong>,</strong></span> <span class='ocrx_word' id='word_1_877' title='bbox 3586 5227 3643 5273; x_wconf 90' lang='lat' dir='ltr'><strong>ut</strong></span> <span class='ocrx_word' id='word_1_878' title='bbox 3670 5223 3765 5275; x_wconf 90' lang='lat' dir='ltr'><strong>vel</strong></span> 
     </span>
    </p>
   </div>
   <div class='ocr_carea' id='block_1_116' title="bbox 2162 5307 3761 5381">
    <p class='ocr_par' dir='ltr' id='par_1_116' title="bbox 2162 5307 3761 5381">
     <span class='ocr_line' id='line_1_116' title="bbox 2162 5307 3761 5381; baseline 0.003 -21"><span class='ocrx_word' id='word_1_879' title='bbox 2162 5308 2362 5376; x_wconf 87' lang='lat' dir='ltr'><strong>primas</strong></span> <span class='ocrx_word' id='word_1_880' title='bbox 2386 5315 2761 5376; x_wconf 89' lang='lat' dir='ltr'><strong>consequatur.</strong></span> <span class='ocrx_word' id='word_1_881' title='bbox 2798 5307 2912 5363; x_wconf 93' lang='lat' dir='ltr'><strong>Non</strong></span> <span class='ocrx_word' id='word_1_882' title='bbox 2950 5308 3037 5361; x_wconf 92' lang='lat' dir='ltr'><strong>hic</strong></span> <span class='ocrx_word' id='word_1_883' title='bbox 3067 5308 3330 5381; x_wconf 80' lang='lat' dir='ltr'><strong>zelotypia</strong></span> <span class='ocrx_word' id='word_1_884' title='bbox 3372 5308 3607 5364; x_wconf 88' lang='lat' dir='ltr'><strong>timenda</strong></span> <span class='ocrx_word' id='word_1_885' title='bbox 3635 5318 3761 5377; x_wconf 90' lang='lat' dir='ltr'><strong>est,</strong></span> 
     </span>
    </p>
   </div>
   <div class='ocr_carea' id='block_1_117' title="bbox 2162 5400 3758 5471">
    <p class='ocr_par' dir='ltr' id='par_1_117' title="bbox 2162 5400 3758 5471">
     <span class='ocr_line' id='line_1_117' title="bbox 2162 5400 3758 5471; baseline 0.001 -16"><span class='ocrx_word' id='word_1_886' title='bbox 2162 5415 2267 5455; x_wconf 92' lang='lat' dir='ltr'><strong>non</strong></span> <span class='ocrx_word' id='word_1_887' title='bbox 2314 5400 2532 5455; x_wconf 89' lang='lat' dir='ltr'><strong>alterius</strong></span> <span class='ocrx_word' id='word_1_888' title='bbox 2598 5401 2848 5468; x_wconf 66' lang='lat' dir='ltr'><strong>femiute,</strong></span> <span class='ocrx_word' id='word_1_889' title='bbox 2897 5409 2957 5457; x_wconf 90' lang='lat' dir='ltr'><strong>ut</strong></span> <span class='ocrx_word' id='word_1_890' title='bbox 2994 5401 3207 5456; x_wconf 89' lang='lat' dir='ltr'><strong>clariori</strong></span> <span class='ocrx_word' id='word_1_891' title='bbox 3248 5402 3365 5456; x_wconf 89' lang='lat' dir='ltr'><strong>viro</strong></span> <span class='ocrx_word' id='word_1_892' title='bbox 3411 5401 3713 5471; x_wconf 65' lang='lat' dir='ltr'><strong>conjngataz</strong></span> <span class='ocrx_word' id='word_1_893' title='bbox 3741 5445 3758 5469; x_wconf 93' lang='lat'><strong>,</strong></span> 
     </span>
    </p>
   </div>
   <div class='ocr_carea' id='block_1_118' title="bbox 2159 5492 3763 5565">
    <p class='ocr_par' dir='ltr' id='par_1_118' title="bbox 2159 5492 3763 5565">
     <span class='ocr_line' id='line_1_118' title="bbox 2159 5492 3763 5565; baseline 0.001 -17"><span class='ocrx_word' id='word_1_894' title='bbox 2159 5492 2355 5548; x_wconf 89' lang='lat' dir='ltr'><strong>invidia</strong></span> <span class='ocrx_word' id='word_1_895' title='bbox 2392 5492 2680 5549; x_wconf 90' lang='lat' dir='ltr'><strong>dolendum</strong></span> <span class='ocrx_word' id='word_1_896' title='bbox 2712 5511 2724 5547; x_wconf 93' lang='lat'><strong>:</strong></span> <span class='ocrx_word' id='word_1_897' title='bbox 2766 5509 2938 5563; x_wconf 87' lang='lat' dir='ltr'><strong>neque</strong></span> <span class='ocrx_word' id='word_1_898' title='bbox 2966 5493 3109 5550; x_wconf 88' lang='lat' dir='ltr'><strong>enim</strong></span> <span class='ocrx_word' id='word_1_899' title='bbox 3154 5494 3202 5548; x_wconf 90' lang='lat' dir='ltr'><strong>ei</strong></span> <span class='ocrx_word' id='word_1_900' title='bbox 3248 5494 3526 5565; x_wconf 89' lang='lat' dir='ltr'><strong>quisquam</strong></span> <span class='ocrx_word' id='word_1_901' title='bbox 3563 5492 3763 5549; x_wconf 86' lang='lat' dir='ltr'><strong>similis</strong></span> 
     </span>
    </p>
   </div>
   <div class='ocr_carea' id='block_1_119' title="bbox 2158 5586 3756 5656">
    <p class='ocr_par' dir='ltr' id='par_1_119' title="bbox 2158 5586 3756 5656">
     <span class='ocr_line' id='line_1_119' title="bbox 2158 5586 3756 5656; baseline 0.001 -18"><span class='ocrx_word' id='word_1_902' title='bbox 2158 5596 2317 5656; x_wconf 84' lang='lat' dir='ltr'><strong>atque</strong></span> <span class='ocrx_word' id='word_1_903' title='bbox 2344 5601 2439 5655; x_wconf 91' lang='lat' dir='ltr'><strong>par</strong></span> <span class='ocrx_word' id='word_1_904' title='bbox 2461 5594 2579 5650; x_wconf 90' lang='lat' dir='ltr'><strong>est,</strong></span> <span class='ocrx_word' id='word_1_905' title='bbox 2610 5602 2712 5641; x_wconf 92' lang='lat' dir='ltr'><strong>nec</strong></span> <span class='ocrx_word' id='word_1_906' title='bbox 2758 5602 2887 5641; x_wconf 90' lang='lat' dir='ltr'><strong>vero</strong></span> <span class='ocrx_word' id='word_1_907' title='bbox 2927 5601 3090 5656; x_wconf 90' lang='lat' dir='ltr'><strong>parvo</strong></span> <span class='ocrx_word' id='word_1_908' title='bbox 3132 5587 3412 5641; x_wconf 88' lang='lat' dir='ltr'><strong>intervallo</strong></span> <span class='ocrx_word' id='word_1_909' title='bbox 3453 5586 3756 5656; x_wconf 82' lang='lat' dir='ltr'><strong>proximus.</strong></span> 
     </span>
    </p>
   </div>
   <div class='ocr_carea' id='block_1_120' title="bbox 2157 5677 3756 5748">
    <p class='ocr_par' dir='ltr' id='par_1_120' title="bbox 2157 5677 3756 5748">
     <span class='ocr_line' id='line_1_120' title="bbox 2157 5677 3756 5748; baseline -0.001 -17"><span class='ocrx_word' id='word_1_910' title='bbox 2157 5679 2228 5731; x_wconf 85' lang='lat' dir='ltr'><strong>At</strong></span> <span class='ocrx_word' id='word_1_911' title='bbox 2264 5677 2317 5729; x_wconf 91' lang='lat' dir='ltr'><strong>in</strong></span> <span class='ocrx_word' id='word_1_912' title='bbox 2359 5677 2700 5731; x_wconf 88' lang='lat' dir='ltr'><strong>matrimonio</strong></span> <span class='ocrx_word' id='word_1_913' title='bbox 2739 5687 3077 5747; x_wconf 81' lang='lat' dir='ltr'><strong>quantumvis</strong></span> <span class='ocrx_word' id='word_1_914' title='bbox 3104 5677 3431 5747; x_wconf 68' lang='lat' dir='ltr'><strong>prtedivitetn</strong></span> <span class='ocrx_word' id='word_1_915' title='bbox 3457 5687 3512 5732; x_wconf 91' lang='lat' dir='ltr'><strong>et</strong></span> <span class='ocrx_word' id='word_1_916' title='bbox 3542 5690 3756 5748; x_wconf 59' lang='lat' dir='ltr'><strong>pra&#39;po-</strong></span> 
     </span>
    </p>
   </div>
   <div class='ocr_carea' id='block_1_121' title="bbox 2162 5768 3759 5837">
    <p class='ocr_par' dir='ltr' id='par_1_121' title="bbox 2162 5768 3759 5837">
     <span class='ocr_line' id='line_1_121' title="bbox 2162 5768 3759 5837; baseline 0 -14"><span class='ocrx_word' id='word_1_917' title='bbox 2162 5777 2360 5823; x_wconf 77' lang='lat' dir='ltr'><strong>tentent</strong></span> <span class='ocrx_word' id='word_1_918' title='bbox 2390 5770 2561 5824; x_wconf 88' lang='lat' dir='ltr'><strong>virum</strong></span> <span class='ocrx_word' id='word_1_919' title='bbox 2589 5770 2781 5823; x_wconf 85' lang='lat' dir='ltr'><strong>mulier</strong></span> <span class='ocrx_word' id='word_1_920' title='bbox 2808 5779 2959 5824; x_wconf 88' lang='lat' dir='ltr'><strong>nacta</strong></span> <span class='ocrx_word' id='word_1_921' title='bbox 2991 5770 3089 5837; x_wconf 92' lang='lat' dir='ltr'><strong>sit,</strong></span> <span class='ocrx_word' id='word_1_922' title='bbox 3115 5769 3273 5824; x_wconf 85' lang='lat' dir='ltr'><strong>altam</strong></span> <span class='ocrx_word' id='word_1_923' title='bbox 3312 5778 3491 5824; x_wconf 90' lang='lat' dir='ltr'><strong>tamen</strong></span> <span class='ocrx_word' id='word_1_924' title='bbox 3521 5768 3759 5837; x_wconf 79' lang='lat' dir='ltr'><strong>reperiet</strong></span> 
     </span>
    </p>
   </div>
  </div>
