4020 6378
165 347 244 408 579
1518 343 1610 402 DE
1644 337 2120 406 VIRGINITATE.

3442 352 3549 411 580

161 467 296 540 χρόνῳ
334 459 649 534 πονηθεισαν
686 458 848 532 νηδὺν
899 459 1109 525 ὠδῖνες,
1152 456 1207 516 αῖ
1243 462 1337 516 καὶ
1379 461 1541 533 μόναι
1583 463 1771 518 ἱκαναὶ
1881 464 1948 520 τὰ
1984 465 2247 530 ἀδύνατα,
2281 467 2374 520 καὶ
2406 465 2854 538 συγχωρήσωμεν
2881 463 3134 535 γενέσθαι
3164 466 3342 539 γάμον
3372 469 3549 525 πάντα

160 555 295 608 πάντα
336 552 614 606 συσκιάσαι
651 549 720 605 τά
764 549 859 603 τοῦ
893 550 1074 620 γάμου
1104 550 1338 620 χρηστά.
1367 549 1669 620 Θορυϐοῦσι
1713 544 1848 619 δέει·
1870 553 2009 624 ὁμοῦ
2045 553 2238 625 έχοντα
2261 553 2332 609 τά
2377 553 2583 623 ἀγαθὰ,
2624 551 3007 620 πολυπαιδίαν,
3043 552 3354 621 εὐπαιδίαν,
3388 553 3552 610 πλοῦ-

160 641 287 712 αὑτὴν
308 641 391 693 καὶ
418 638 570 694 άλλαι
607 638 746 712 μετά
775 637 980 692 τούτων
1007 639 1310 710 φροντίδες.
1349 638 1418 691 Ἦ
1460 637 1571 708 γὰρ
1613 639 1773 693 ἀθλία

161 730 228 782 καὶ
260 728 578 800 ταλαίπωρος
619 729 777 800 κόρη,
815 728 987 781 καίτοι
1035 725 1180 780 οὕτω
1227 726 1478 797 σφοδρῶς
1530 720 1634 780 ὑπὸ
1663 725 1774 780 τῶν

159 818 408 889 ἀλγηδόνων
454 816 676 871 ἐκείνων
707 815 1161 888 κατατεινομένη,
1196 815 1402 870 δέδοικε
1433 808 1642 868 τούτων
1672 813 1772 884 οὑχ

157 901 295 978 ἦττον,
333 907 530 978 μήποτε
569 905 944 978 λελωϐημένον
970 906 1068 960 καὶ
1101 905 1386 976 ἀνάπηρον
1419 905 1543 957 ἀντὶ
1577 903 1769 974 ἀρτίου

157 996 227 1048 καὶ
250 994 410 1062 ὑγιοῦς
459 993 717 1066 προέλθῃ,
770 994 976 1064 μήποτε
1022 991 1145 1046 ἀντὶ
1197 991 1430 1063 ἄρρενος
1472 990 1626 1061 θῆλυ.
1662 991 1774 1044 Καὶ

157 1082 238 1152 γὰρ
257 1079 374 1151 αῦτη
404 1081 498 1151 οὐχ
523 1076 685 1152 ἦττον
716 1079 886 1141 αὑτὰς
915 1079 1026 1133 τῶν
1049 1079 1255 1132 ὠδίνων
1294 1079 1328 1149 ἡ
1366 1077 1576 1148 ἀγωνία
1609 1077 1774 1150 θορυ-

159 1169 220 1222 ϐεῖ
244 1169 364 1222 τότε·
405 1169 523 1221 οὑδὲ
569 1169 677 1238 γὰρ
716 1170 774 1220 ὲν
801 1161 882 1228 οἷς
922 1169 1060 1220 εἰσιν
1090 1165 1385 1220 ὑπεύθυνοι
1425 1164 1608 1235 μόνον,
1637 1163 1777 1219 ἀλλά

159 1249 305 1310 καλῶν
330 1255 423 1326 τῆς
449 1255 632 1318 αἰτίας
663 1257 932 1324 ἀφεῖνται,
959 1255 1062 1308 κάν
1095 1253 1310 1317 τούτοις
1343 1251 1617 1306 δεδοίκασι
1647 1251 1776 1316 τοὺς

159 1345 309 1417 ἀνδρας
335 1345 428 1398 οὑκ
454 1343 672 1397 ἔλαττον
713 1343 746 1414 ἢ
789 1345 846 1397 ἐν
878 1343 1130 1406 ἐκείνοις,
1165 1341 1260 1395 κά).
1291 1339 1392 1412 τὴν
1433 1338 1778 1409 ίδίαν⁹ἀσφάο

161 1435 270 1486 λιιαν
308 1435 512 1502 ἀφεῖσαι
557 1434 779 1487 σκοπεῖν
823 1435 880 1486 ἐν
905 1429 1148 1503 τοσούτῳ
1179 1429 1431 1494 κλύδωνι,
1460 1427 1773 1500 μεριμνῶσι

164 1523 216 1594 μή
246 1540 288 1575 τι
323 1521 498 1594 τάνδρὶ
532 1521 644 1575 τῶν
673 1518 990 1592 ἀϐουλήτων
1027 1519 1272 1591 γένηται.
1306 1517 1414 1571 Τοῦ
1458 1517 1516 1570 δέ
1559 1513 1775 1594 παιδίου

162 1611 360 1674 πεσόντος
381 1593 457 1675 είς
479 1609 580 1682 τὴν
602 1609 704 1682 γῆν
734 1609 830 1664 καὶ
851 1607 1073 1681 πρώτην
1097 1607 1325 1677 ἀφέντος
1353 1605 1557 1678 φωνὴν,
1585 1593 1773 1676 ἕτεραι

163 1699 280 1754 τάλιν
305 1699 624 1770 διαδέχονται
659 1698 956 1770 φροντίδες,
987 1699 1041 1751 αἱ
1069 1699 1170 1769 τῆς
1201 1696 1496 1767 σωτηρίας,
1531 1695 1588 1748 αἱ
1617 1694 1718 1766 τῆς
1748 1705 1775 1734 ι

163 1790 424 1860 ἀνατροφῆς.
464 1787 583 1842 Κᾶν
624 1788 724 1859 μὲν
758 1786 957 1856 εὐφυὲς
992 1785 1052 1838 δν
1084 1785 1223 1856 τύχῃ
1259 1784 1353 1838 καὶ
1400 1783 1539 1855 πρὸς
1572 1781 1776 1854 ἀρετὴν

164 1878 424 1948 ἐπιτήδειον,
449 1875 611 1930 πάλιν
643 1879 701 1929 ἐν
731 1874 914 1944 φόϐοις
945 1874 993 1927 οί
1016 1872 1270 1936 τεκόντες
1307 1872 1380 1943 μή
1412 1889 1466 1924 τι
1494 1869 1646 1942 πάθῃ
1670 1869 1778 1923 δει-

164 1965 291 2017 νδντδ
307 1965 502 2034 τεχθὲν,
536 1965 613 2036 μὴ
641 1963 872 2016 θάνατον
897 1963 1076 2033 ἄωρον
1113 1961 1351 2031 ὑποστῇ,
1388 1958 1463 2031 μὴ
1495 1958 1777 2031 μεταϐάλῃ

165 2053 262 2124 πρὸς
281 2053 458 2107 κακίαν
478 2052 621 2107 τινά.
653 2051 790 2105 Ούδέ
823 2050 931 2124 γάρ
971 2053 1036 2104 ἐκ
1064 2048 1318 2121 πονηρῶν
1340 2048 1568 2119 χρηστοὶ
1595 2047 1780 2117 γίνον-

164 2157 226 2194 ται
249 2141 396 2211 μόνον,
420 2139 553 2194 ἀλλὰ
585 2139 684 2193 καὶ
714 2137 822 2192 ἀπὸ
846 2136 1154 2191 σπουδαίων
1185 2135 1381 2206 φαῦλοι
1402 2135 1500 2189 καὶ
1528 2134 1776 2206 πονηροί.

165 2229 249 2281 Κᾶν
274 2228 354 2298 μὲν
380 2227 580 2281 τούτων
612 2244 669 2280 τι
699 2226 920 2297 γένηται
951 2224 1058 2278 τῶν
1085 2223 1400 2290 ἀπευκτῶν,
1443 2223 1780 2296 ἀφορητοτέ-

167 2330 235 2384 ραν
253 2316 342 2386 ἔχει
367 2316 458 2387 τὴν
485 2315 691 2387 λύπην,
718 2314 752 2385 ἢ
782 2316 830 2367 εί
873 2313 1022 2384 παρά
1063 2312 1163 2384 τὴν
1205 2311 1382 2384 ἀρχὴν
1415 2311 1593 2366 ταῦτα
1652 2329 1781 2364 συν-

167 2405 323 2459 ἔπεσεν·
340 2405 398 2460 ἂν
420 2407 471 2460 δὲ
493 2406 718 2460 ἅπαντα
759 2403 895 2477 μένῃ
921 2403 990 2456 τά
1014 2401 1230 2474 χρηστὰ
1255 2396 1660 2472 βέϐαια,όγοῦν
1673 2400 1784 2454 ἀπὸ

165 2494 232 2562 τῆς
254 2493 523 2564 μεταϐολῆς
572 2492 668 2546 ἀεὶ
716 2491 977 2561 πάρεστιν
1017 2489 1203 2554 αὑτοῖς
1250 2482 1439 2558 φόϐος,
1477 2489 1784 2541 κατασείων

165 2579 232 2649 τὴν
265 2579 416 2651 ψυχὴν
458 2579 567 2634 τῶν
614 2577 906 2643 τεκόντων,
941 2577 1037 2630 καὶ
1070 2575 1205 2630 πολὺ
1234 2575 1336 2646 τῆς
1362 2575 1558 2647 ἡδονῆς
1586 2575 1784 2627 ὑποτε-

169 2668 374 2739 μνόμενος
408 2669 591 2741 μέρος.
650 2667 790 2722 Ἀλλ’
813 2667 873 2720 οὑ
903 2667 1040 2720 πᾶσι
1066 2667 1182 2728 τοῖς
1203 2663 1552 2735 γεγαμηκόσι
1589 2663 1786 2726 παῖδας

167 2756 270 2825 ἔχειν
295 2757 580 2828 συμϐαίνει.
627 2754 836 2809 Οὐκοῦν
865 2753 1060 2825 ἑτέραν
1111 2769 1199 2824 μοι
1229 2753 1413 2821 λέγεις
1447 2750 1611 2805 πάλιν
1650 2751 1784 2805 aeu-

170 2845 261 2912 μίας
279 2846 526 2901 ὑπόθεσιν.
559 2845 738 2899 Ὅταν
763 2840 856 2897 οῦν
885 2843 980 2896 καὶ
1010 2841 1218 2895 παίδων
1241 2839 1412 2894 ὅντων
1447 2839 1544 2894 καὶ
1577 2839 1677 2892 οὑκ
1697 2838 1786 2892 δν-

167 2947 258 2995 των,
285 2933 368 2987 καὶ
399 2932 656 3004 χρηστῶν
685 2930 993 3002 γενομένων
1039 2929 1134 2982 καὶ
1183 2926 1460 2999 πονηρῶν,
1503 2925 1788 2997 διαφόροις

171 3021 434 3090 σσνὲχωνται
459 3021 663 3083 λύπαις
691 3019 787 3072 καὶ
819 3018 1088 3090 φροντίσι,
1128 3016 1292 3071 πόθεν
1325 3015 1515 3070 λοιπὸν
1561 3016 1788 3086 ἡδίστην

169 3108 402 3180 καλέσομεν
441 3110 536 3182 τὴν
569 3111 638 3162 ὲν
678 3106 758 3178 τῷ
787 3107 948 3178 γάμῳ
977 3105 1154 3177 ζωήνς
1183 3105 1373 3171 Πάλιν,
1417 3103 1484 3159 ἂν
1517 3101 1618 3176 μὲν
1653 3103 1787 3175 δμο-

169 3195 354 3262 νοοῦντες
382 3197 522 3270 [518]
549 3199 602 3252 οί
641 3195 1014 3258 συνοικοῦντες
1037 3192 1344 3256 διατελῶσι,
1369 3193 1535 3264 φόϐος
1574 3192 1650 3266 μὴ
1690 3193 1788 3246 θά-

169 3302 281 3350 νατος
319 3287 555 3358 ἐμπεσὼν
609 3284 846 3358 διακόψῃ
880 3283 981 3355 τὴν
1020 3282 1236 3354 ἡδονήν’
1270 3282 1472 3353 μᾶλλον
1514 3282 1572 3336 δέ
1604 3282 1791 3338 οὑκέτι

171 3373 289 3439 φάεος
311 3375 452 3429 τοῦτο
481 3375 668 3446 μόνον,
698 3373 819 3428 οὑδὲ
845 3371 1009 3443 μέχρι
1039 3371 1373 3444 προσδοκίας
1392 3371 1453 3424 τὸ
1482 3369 1677 3436 δεινὸν,
1707 3372 1794 3426 ἀλ-

169 3459 305 3517 λὰκαὶ
329 3466 398 3528 εἰς
419 3465 576 3537 ἔργον
604 3462 741 3517 αὐτὸ
769 3460 1051 3532 προελθεῖν
1074 3459 1293 3523 πάντως
1328 3460 1566 3532 ἀνάγκη.
1603 3459 1794 3524 Οὐδεὶς

173 3549 246 3622 γὰρ
264 3552 395 3622 ἔσχεν
424 3550 694 3616 ἐπιδεῖξαί
723 3567 854 3603 ποτε
886 3551 944 3602 ἐν
967 3549 1154 3620 ἡμέρα
1191 3549 1293 3619 μιᾷ
1320 3547 1668 3619 ἀμφοτέρους
1707 3566 1795 3602 τε·

171 3636 483 3710 λεντήσαντοις⁹
517 3639 718 3694 τούτου
751 3637 806 3690 δέ
830 3637 932 3690 οὑκ
960 3635 1114 3700 ὄντος
1135 3635 1196 3689 τὺ
1226 3635 1550 3706 λειπόμενον
1574 3635 1792 3705 ἀνάγκη

171 3726 267 3779 πολῦ
293 3727 372 3782 τοῦ
404 3728 637 3783 Θανάτου
681 3724 1067 3796 χαλεπωτέραν
1100 3723 1395 3794 ὑπομένειν
1433 3721 1604 3795 ζωὴν,
1633 3723 1698 3777 ἄν
1731 3740 1788 3776 τε

171 3812 294 3868 πολὺν
329 3815 456 3890 τύχῃ
482 3811 823 3885 συνῳκηκὼς
860 3811 1072 3884 χρόνον.
1105 3811 1170 3865 ἄν
1207 3827 1266 3864 τε
1297 3810 1499 3880 ὀλίγον.
1548 3811 1796 3874 Ἐκεῖνος

175 3899 244 3964 μὲν
265 3902 355 3974 γάρ
379 3906 481 3975 ὅσῳ
505 3900 739 3958 πλείονα
757 3901 856 3972 τὴν
881 3902 1074 3971 πεῖραν
1095 3899 1280 3964 ἔλαϐε,
1303 3895 1546 3970 τοσούτῳ
1573 3899 1796 3970 μείζονα

171 3987 349 4062 ἔχειτὴν
373 3992 582 4064 ὀδύνην,
621 3990 724 4059 τῆς
752 3988 956 4059 πολλῆς
989 3987 1280 4056 συνηθείας
1309 3989 1586 4060 ἀφόρητον
1618 3986 1799 4041 ποιού-

173 4091 244 4144 σης
261 4079 340 4132 τὸν
358 4077 654 4152 χωρισμόν*
677 4079 705 4130 ό
727 4077 783 4130 δὲ
813 4077 942 4148 πρὶν
968 4077 1001 4149 ἢ
1028 4076 1330 4146 γεύσασθαι
1357 4077 1452 4130 καὶ
1475 4076 1798 4148 ἐμπλησθῆ-

175 4176 234 4215 ναι
266 4167 349 4236 τῆς
385 4168 581 4238 φιλίας,
620 4162 982 4236 ἀκμαζούσης
1013 4164 1094 4217 ἔτι
1145 4167 1244 4235 τῆς
1279 4163 1599 4234 ἐπιθυμίας,
1628 4161 1799 4234 αὐτὴν

173 4251 448 4324 ἀφαιρεθεὶς,
480 4255 622 4311 αὐτὸ
656 4252 815 4308 τοῦτο
867 4253 1066 4324 μᾶλλον
1114 4252 1325 4307 ἐκείνου
1369 4251 1577 4317 πενθεῖ,
1623 4251 1719 4305 καὶ
1741 4251 1801 4315 ἐξ

174 4334 422 4406 ὑποθέσεως
448 4344 473 4383 b
505 4341 776 4396 ἐναντίων
805 4340 944 4403 ίσοις
982 4339 1286 4411 ἀμφότεροι
1321 4337 1640 4410 συνέχονται
1685 4339 1800 4401 τοῖς

172 4419 395 4500 λυπηροῖς,
427 4431 492 4484 Τί
524 4431 589 4483 δέ
624 4429 732 4500 χρὴ
763 4427 945 4496 λέγειν
971 4429 1098 4490 τοὺς
1132 4428 1190 4480 ἐν
1228 4427 1306 4499 τῷ
1346 4426 1550 4499 μεταξὺ
1581 4425 1802 4496 γινομέ-

176 4525 261 4575 vn;
291 4520 614 4589 χωρισμοὺς,
663 4530 762 4579 τας
805 4515 1022 4588 μακρὰς
1057 4515 1389 4586 ἀποδημίας,
1425 4515 1525 4579 τὰς
1556 4514 1804 4579 συνεζευ-

173 4611 327 4668 Υμεπης
352 4607 527 4671 αὑτοῖς
557 4603 819 4675 ἀγωνίας,
845 4603 942 4667 τὰς
969 4604 1194 4669 νόσους;
1236 4603 1346 4657 Καὶ
1383 4603 1437 4658 τί
1467 4595 1625 4656 τοῦτο
1665 4603 1803 4676 πρὸς

175 4684 236 4737 τόν
253 4691 435 4762 γάμονς
462 4693 620 4764 φησί.
655 4687 911 4746 Μάλιστα
942 4691 1040 4761 μὲν
1075 4691 1170 4744 καὶ
1211 4690 1320 4743 ἀπὸ
1352 4691 1450 4762 τῆς
1488 4691 1668 4754 αἰτίας
1703 4692 1804 4762 τῆς

174 4773 317 4830 τούτου
344 4781 528 4834 πολλαὶ
559 4779 820 4842 πολλάκις
846 4778 1234 4851 ὴρρώστησαν.
1261 4779 1374 4832 Καὶ
1403 4778 1510 4850 γὰρ
1535 4777 1808 4850 ὑϐρισθείς

176 4876 240 4914 σαι
277 4868 358 4920 καὶ
390 4869 728 4940 ὀργισθεῖσαι
757 4868 880 4921 τοτέ
911 4869 1011 4938 μὲν
1049 4867 1154 4920 ὑπὸ
1185 4865 1278 4920 τοῦ
1317 4866 1515 4939 θυμοῦ,
1549 4867 1670 4921 τοτέ
1696 4866 1754 4920 δὲ
1777 4878 1800 4907 ο

175 4946 252 5005 ὑπὸ
272 4955 358 5026 τῆς
379 4957 616 5028 ἀθυμίας
646 4956 876 5020 πολλοὺς
911 4954 1100 5009 ἔτεκον
1120 4953 1410 5026 πυρετούς.
1461 4955 1586 5010 Ἐὰν
1621 4955 1678 5009 δέ
1711 4957 1806 5009 καὶ

176 5039 388 5108 παρόντος
423 5046 591 5116 μηδὲν
613 5044 831 5099 πάθωσι
864 5041 1131 5110 τοιοῦτον,
1169 5043 1306 5097 ἀλλὰ
1335 5043 1647 5116 προσηνοῦς
1669 5044 1806 5097 ἀπο-

176 5121 366 5185 λαῦσωσι
389 5133 700 5197 διαπαντὸς,
737 5132 843 5186 ὑπὸ
866 5131 968 5201 τῆς
989 5131 1305 5202 ἀποδημίας
1327 5133 1408 5198 είς
1437 5132 1614 5187 ταῦτα
1643 5132 1807 5187 πάλιν

178 5216 500 5282 περιίστανται
532 5222 600 5276 τά
634 5219 804 5275 κακά.
842 5219 990 5290 Πλὴν
1016 5219 1152 5273 ἀλλά
1179 5219 1353 5273 ταῦτα
1393 5220 1575 5275 πάντα
1615 5219 1807 5294 παρεί-

183 5297 276 5367 σθω,
303 5307 390 5359 καὶ
425 5307 590 5378 μηδὲν
636 5306 960 5377 ἐγκαλῶμεν
1005 5306 1085 5378 τῷ
1131 5306 1318 5378 γάμῳ,
1351 5307 1466 5361 ἀλλ’
1501 5307 1622 5380 οὑχὶ
1668 5307 1808 5379 μετά

181 5386 336 5444 τούτων
349 5395 599 5466 κάκείνης
620 5396 782 5452 αὑτὸν
805 5395 1115 5462 ἀπαλλάξαι
1129 5395 1473 5467 δυνησόμεθα
1488 5398 1587 5466 τῆς
1605 5395 1802 5460 αἰτίας.

184 5469 308 5542 Ποίας
344 5481 404 5553 δὴ
439 5483 678 5554 ταύτης;
711 5485 836 5538 Ὅτι
875 5484 967 5538 τὸν
1011 5484 1326 5553 ὑγιαίνοντα
1378 5484 1531 5538 οὐδὲν
1580 5483 1810 5556 ἀφίησιν

183 5557 355 5626 ἄμεινον
387 5569 476 5623 τοῦ
521 5571 823 5642 κάμνοντος
862 5571 1188 5634 διακεῖσθαι,
1230 5571 1348 5626 ἀλλ’
1383 5572 1463 5635 είς
1507 5572 1605 5643 τὴν
1638 5571 1809 5643 αὑτὴν

184 5647 240 5715 τῷ
256 5656 467 5730 κειμένῳ
501 5659 820 5730 καθίστησιν
848 5658 1111 5730 ἀθυμίαν.

229 5739 334 5796 NH’.
344 5745 523 5801 Βούλει
539 5747 814 5804 καὶταῦτα
831 5748 1012 5803 πάντα
1025 5748 1353 5814 ἐκϐαλόντες
1367 5747 1550 5820 θῶμεν
1566 5747 1650 5820 τῷ
1666 5749 1809 5824 λόγῳ

229 5863 373 5943 Ῐὲθε·
397 5876 516 5943 Pi?
533 5885 614 5943 τῆς
634 5879 872 5943 σωτηρίας
895 5879 1093 5937 καὶτῆς.
1705 5864 1708 5870 ἶ

231 5923 371 6015 ξιεξο
393 5936 444 6015 ιε,

270 5988 373 6055 δεῇ.
395 5988 497 6048 τότε
519 5988 712 6062 μὲζιὺπὸ
733 5999 822 6051 τοῦ
845 6001 1032 6066 ἀνδρὸς,
1055 6001 1165 6051 τότε
1195 6003 1264 6052 δέ.

538 6089 804 6156 ΡΑτιιοι..
851 6094 966 6155 Gn.
1008 6095 1271 6155 XLVIII.

1872 658 1986 706 τον,
2032 643 2295 710 γυναικὸς
2338 643 2718 716 σωφροσύνην,
2750 641 2969 707 κάλλος,
3006 641 3241 709 σύνεσιν,
3271 641 3550 713 ὁμόνοιαν,

1875 729 2053 800 γῆρας
2084 731 2330 806 μακρόνς
2365 731 2650 803 προσέστω
2677 731 2773 784 καὶ
2803 730 2995 798 γένους
3049 731 3402 804 περιφάνεια,
3453 732 3553 794 καὶ

1873 817 2197 883 δυναστείας
2235 820 2486 891 μέγεθος,
2517 820 2611 874 καὶ
2653 819 2788 891 μηδέ
2813 819 2874 873 τὸ
2907 820 3087 876 κοινὸν
3120 819 3280 875 τοῦτο
3309 821 3412 892 τῆς
3444 818 3550 890 φύ-

1880 923 2020 964 σεως
2063 907 2289 976 ὀχλείτω
2318 908 2510 972 πάθος,
2559 909 2589 960 ὁ
2619 907 2786 976 φόϐος
2831 908 2930 980 τῆς
2969 907 3175 961 τούτων
3221 907 3546 980 μεταϐολῆς,

1876 992 1991 1046 ἀλλ’
2024 993 2306 1066 ἐξωρίσθω
2351 997 2502 1048 πᾶσα
2549 995 2646 1066 μὲν
2695 994 2936 1066 ἀθυμίας
2985 995 3267 1060 ὑπόθεσις,
3309 995 3463 1049 πᾶσα
3489 995 3549 1048 δέ

1876 1082 2158 1152 φροντίδος
2203 1083 2297 1136 καὶ
2336 1081 2609 1155 μερίμνης
2650 1083 2904 1156 ἀφορμὴ,
2951 1083 3046 1136 καὶ
3092 1083 3234 1155 μήτε
3279 1079 3416 1152 άλλη
3469 1097 3555 1147 τις

1876 1171 2047 1233 αἰτία,
2088 1173 2225 1242 μήτε
2279 1171 2508 1235 θάνατος
2559 1171 2738 1244 ἄωρος
2788 1169 3158 1239 διαζευγνύτω
3200 1168 3294 1227 τὸν
3345 1171 3550 1241 γάμον,

1877 1257 2016 1312 ἀλλὰ
2054 1259 2150 1313 καὶ
2177 1258 2368 1313 τοῦτον
2403 1262 2460 1313 ὲν
2495 1261 2595 1330 μιᾷ
2624 1259 2826 1321 πάντες
2857 1257 3200 1328 δεχέσθωσαν
3241 1257 3448 1330 ἡμέρᾳ,
3492 1257 3553 1328 ἢ,

1877 1341 1906 1399 ὃ
1934 1345 2142 1399 τούτων
2180 1345 2361 1418 πολλῷ
2412 1344 2830 1418 μακαριώτερον
2863 1340 3002 1399 εἶναι
3033 1344 3200 1410 δοκεῖ,
3242 1344 3556 1415 μενέτωσαν

1881 1433 1981 1504 μὲν
2009 1435 2057 1487 οί
2097 1432 2285 1498 παῖδες
2339 1434 2691 1506 κληρονόμοι,
2740 1435 2868 1497 τοὺς
2903 1433 2962 1486 δὲ
2996 1435 3177 1502 γονεῖς
3211 1433 3558 1504 ἀμφοτέρους

1878 1519 2015 1592 όμοῦ
2061 1522 2501 1594 προπεμπόντων
2536 1521 2563 1562 ἀ
2603 1521 2742 1594 μετά
2792 1522 2974 1594 γῆρας
3006 1521 3218 1592 μακρόν
3243 1537 3256 1551 ο
3288 1521 3384 1574 καὶ
3411 1518 3464 1573 τί
3492 1519 3554 1574 τὸ

1879 1610 2094 1682 πέρας;
2126 1609 2278 1664 ποῖον
2307 1610 2370 1664 τὸ
2406 1610 2596 1683 κέρδος
2618 1612 2684 1664 ἐκ
2727 1609 2934 1681 ταύτης
2976 1611 3077 1681 τῆς
3124 1609 3328 1680 πολλῆς
3367 1609 3558 1681 ἡδονῆς

1879 1695 2094 1768 ἔχοντες
2118 1697 2510 1752 ἀπελεύσονται
2544 1698 2694 1763 ἐκεῖ;
2725 1698 2801 1752 Τὸ
2826 1699 2935 1770 γὰρ
2969 1697 3200 1762 πολλοὺς
3231 1697 3428 1762 παῖδας
3459 1715 3562 1751 κα·-

1876 1782 2130 1838 ταλιπεῖν
2159 1785 2254 1839 καὶ
2297 1784 2474 1855 καλῆς
2512 1784 2823 1839 ἀπολαῦσαι
2869 1783 3130 1852 γυναικὸς
3173 1783 3314 1854 μετὰ
3345 1783 3560 1855 τρυφῆς

1879 1873 1974 1927 καὶ¹
2010 1871 2120 1927 τῶν
2152 1873 2328 1928 ἄλλων
2355 1874 2612 1928 ἁπάντων
2634 1865 2710 1928 ὧν
2729 1872 2852 1944 ἄρτι
2873 1872 3113 1942 διῆλθον,
3144 1874 3240 1927 καὶ
3267 1873 3348 1936 εἰς
3378 1871 3562 1945 γῆρας

1879 1961 2074 2016 ἐλάσαι
2101 1961 2335 2034 μακρὸν,
2371 1961 2427 2014 τί
2458 1961 2595 2034 πρὸς
2627 1959 2690 2013 τὸ
2711 1961 3068 2033 δικαστήριον
3092 1963 3242 2034 ἡμᾶς
3271 1958 3558 2029 ὠφελῆσαι

1878 2050 2166 2123 δυνήσεται
2200 2051 2378 2103 ἐκεῖνο
2410 2052 2470 2104 ἐν
2503 2051 2618 2113 τοῖς
2651 2049 2895 2112 αἰωνίοις
2927 2049 3220 2121 πράγμασι
3243 2047 3338 2102 καὶ
3367 2045 3558 2120 ἀληθι-

1881 2141 2029 2204 νοῖς;
2067 2137 2252 2192 Οὑδέν.
2288 2136 2498 2192 Οὐκοῦν
2531 2137 2656 2192 σκιά
2704 2135 2877 2190 ταῦτα
2915 2137 3010 2190 καὶ
3052 2137 3207 2206 ὄναρ.
3248 2133 3416 2189 Ὅταν
3452 2134 3564 2205 γάρ

1881 2227 1940 2278 ἐν
1971 2229 2086 2290 τοῖς
2119 2227 2238 2280 ἐκεῖ
2265 2224 2663 2296 διαδεξομένοις
2711 2225 2862 2296 ἡμᾶς
2905 2223 3069 2277 αἰῶσι
3113 2223 3210 2276 καὶ
3244 2223 3420 2294 πέρας
3463 2223 3566 2277 οὑκ

1883 2315 2066 2386 έχουσι
2096 2314 2262 2387 μηδὲν
2285 2314 2393 2369 ἀπὸ
2408 2314 2614 2368 τούτων
2641 2313 2958 2384 δυνηθῶμεν
2979 2310 3262 2384 κερδᾶναι,
3297 2311 3435 2384 μήτε
3459 2329 3566 2366 πα-

1885 2405 2162 2479 ραμυθίας
2198 2403 2506 2458 ἀπολαῦσαί
2549 2419 2715 2466 τινος,
2748 2403 2806 2455 ἐν
2835 2402 2936 2472 ῐσῳ
2977 2403 3090 2461 τοῖς
3132 2399 3192 2454 οὑ
3233 2397 3567 2472 μετασχοῦσι

1884 2495 1974 2546 τὸν
2009 2489 2348 2564 μετασχόντα
2376 2490 2582 2544 θετέον.
2613 2490 2750 2543 Οὑδέ
2778 2487 2886 2560 γάρ
2908 2487 3067 2552 εἴτις
3101 2489 3159 2542 ἐν
3201 2487 3396 2558 χιλίοις
3420 2485 3569 2542 ἔτεσι

1889 2582 2021 2650 μίαν
2051 2579 2224 2634 νύκτα
2255 2579 2425 2650 μόνην
2455 2574 2596 2632 εἶδεν
2625 2577 2759 2650 δναρ
2803 2575 3068 2648 χρηστὸν,
3101 2576 3265 2629 πλέον
3297 2593 3352 2628 τι
3378 2573 3571 2629 τοῦτον

1887 2668 2032 2739 ἔχειν
2073 2669 2319 2740 φήσομεν
2356 2665 2452 2720 τοῦ
2493 2667 2568 2738 μὴ
2597 2665 2803 2737 ταύτης
2826 2663 3260 2728 ἀπολελαυκότος
3286 2660 3440 2735 [519]
3470 2661 3572 2732 τῆς

1887 2757 2082 2825 ὂψεως.
2117 2756 2310 2810 Καίτοι
2347 2772 2413 2824 γε
2447 2754 2569 2808 οὐδέ
2593 2754 2718 2807 ὅσον
2757 2751 3063 2822 ἐϐουλόμην
3093 2746 3269 2804 εἷπον.
3296 2749 3433 2804 Οὑδέ
3463 2749 3572 2820 γὰρ

1887 2845 2013 2899 ὅσον
2047 2845 2115 2898 τὰ
2155 2845 2434 2916 όνείρατα’
2460 2841 2818 2896 ἀπολείπεται
2855 2841 2957 2911 τῆς
2986 2838 3271 2912 ἀληθείας,
3318 2835 3574 2891 τοσοῦτον

1887 2933 1959 2986 τὰ
1997 2931 2231 2986 ἐνταῦθα
2282 2931 2564 3002 ἀφέστηκε
2603 2929 2712 2982 τῶν
2737 2931 2876 2994 ἐκεῖ,
2909 2928 3025 2982 ἀλλ’
3053 2928 3133 2981 ἔτι
3183 2925 3416 2999 μᾶλλον*
3448 2923 3574 2979 οὑδέ

1888 3022 2027 3093 ὅπερ
2055 3021 2205 3074 ἐστὶν
2235 3021 2292 3072 ἐν
2321 3019 2465 3072 ἔτεσι
2509 3017 2704 3087 χιλίοις
2736 3018 2837 3087 μία
2880 3015 2998 3082 νὺξ,
3024 3016 3279 3070 τοσοῦτον
3322 3015 3352 3068 ό
3381 3011 3574 3083 παρὼν

1891 3111 2026 3163 αἰὼν
2060 3109 2197 3179 πρὸς
2241 3107 2332 3160 τὸν
2366 3106 2647 3177 μέλλοντα,
2676 3105 2814 3158 ἀλλά
2840 3105 2942 3158 κάν
2972 3103 3150 3174 τούτῳ
3184 3101 3364 3172 πολλῷ
3405 3100 3572 3154 πλέον

1891 3199 2052 3253 πάλιν
2078 3199 2139 3252 τὸ
2171 3197 2356 3268 μέσον.
2401 3192 2544 3250 Ἀλλ’
2566 3195 2627 3248 ού
2649 3194 2720 3247 τὰ
2740 3195 2838 3264 τῆς
2867 3189 3138 3264 παρθένου
3168 3191 3417 3251 τοιαῦτα,
3438 3189 3574 3249 ἀλλὰ

1892 3288 2094 3359 πολλὴν
2123 3289 2341 3342 ἄπεισιν
2371 3285 2572 3356 ἔχουσα
2599 3281 2698 3356 τὴν
2730 3282 3264 3356 ἐμπορίαν”μᾶλλον
3283 3278 3340 3336 δὲ
3367 3279 3457 3335 τὸν
3485 3280 3574 3337 λό-

1892 3396 1989 3450 γον
2022 3377 2230 3434 ἄνωθεν
2259 3376 2628 3447 ἐξετάσωμεν.

1948 3463 2580 3534 ΝΘ’.Ούκάναγκάζεται
2598 3465 2732 3518 πολυ
2742 3480 2888 3534 πραγ
2897 3465 3078 3535 μονεῖν
3092 3461 3182 3516 τὸν
3197 3477 3259 3515 νυ
3268 3458 3576 3531 μφίον,οὑδὲ

1899 3556 1974 3625 μή
1993 3570 2118 3607 τινα
2148 3551 2365 3622 ἀπάτην
2391 3553 2662 3623 ὑπομείνῃ
2688 3552 2926 3605 δέδοικεν
2947 3567 2961 3582 °
2995 3549 3130 3613 Θεὸς
3158 3548 3269 3620 γάρ
3299 3549 3445 3602 ἐστιν
3478 3547 3580 3601 οὐκ

1895 3641 2203 3712 ἄνθρωπος,
2232 3639 2502 3711 δεσπότης
2528 3640 2628 3710 οὑχ
2657 3639 2968 3710 ὀμόδουλος.
3006 3638 3117 3691 Καὶ
3152 3635 3261 3690 τῶν
3301 3636 3400 3707 μὲν
3437 3652 3579 3706 νυμ-

1897 3731 2036 3801 φίων
2063 3730 2126 3784 τὸ
2156 3731 2319 3801 μέσον
2347 3728 2601 3783 τοσοῦτον
2620 3743 2634 3759 ⁶
2670 3728 2862 3782 σκόπει
2896 3727 2953 3780 δέ
2980 3726 3075 3780 καὶ
3109 3725 3201 3778 ἐπὶ
3235 3723 3378 3777 τίσιν
3406 3722 3582 3795 ἁρμό-

1902 3820 2112 3884 ζονται.
2140 3819 2215 3872 Ού
2248 3817 2356 3890 γὰρ
2387 3816 2716 3888 ἀνδράποδα,
2755 3814 2874 3869 οὑδὲ
2908 3813 3015 3885 γῆς
3032 3811 3265 3883 πλέθρα,
3296 3809 3417 3864 οὑδὲ
3445 3810 3581 3863 τόσα

1899 3908 1994 3963 καὶ
2015 3908 2147 3963 τόσα
2172 3907 2397 3979 χρυσίου
2425 3905 2684 3970 τάλαντα,
2716 3902 2830 3957 ἀλλ’
2861 3898 3085 3974 οὐρανοὶ
3111 3896 3207 3954 καὶ
3231 3897 3299 3952 τὰ
3327 3899 3386 3950 ἐν
3417 3896 3582 3968 ούρα-

1900 3998 2011 4061 νοῖς
2043 3995 2227 4065 ἀγαθά
2262 3995 2333 4048 τὰ
2358 3995 2484 4048 ἐδνα
2511 3992 2718 4065 ταύτης
2748 3993 2850 4062 τῆς
2877 3991 3100 4061 νύμφης
3125 3985 3262 4040 ἐστί.
3289 3985 3434 4057 Πρὸς
3461 3982 3583 4036 τού-

1899 4085 2074 4156 τοιςὴ
2127 4084 2226 4154 μὲν
2265 4084 2620 4153 γεγαμηκυῖα
2661 4080 2876 4152 φρίττει
2922 4079 3014 4130 τὸν
3070 4075 3303 4129 θάνατον
3357 4071 3466 4125 τῶν
3521 4089 3582 4124 τε

1901 4172 2076 4227 ἀλλων
2104 4171 2312 4234 ἕνεκεν,
2345 4171 2439 4223 καὶ
2468 4171 2551 4223 ὅτι
2578 4160 2672 4221 τοῦ
2706 4163 3083 4225 συνοικοῦντος
3115 4159 3284 4231 αὐτὴν
3323 4171 3346 4199 θ
3370 4158 3585 4224 διαζευ-

1902 4277 2090 4329 γνυσιν
2110 4274 2124 4288 ·
2154 4261 2186 4330 ἡ
2225 4259 2282 4312 δὲ
2317 4257 2584 4329 παρθένος
2612 4254 2708 4308 καὶ
2739 4252 2900 4305 ποθεῖ
2922 4251 3022 4322 τὴν
3053 4247 3333 4318 τελευτὴν,
3364 4247 3459 4300 καὶ
3489 4245 3585 4316 βας

1905 4349 2126 4421 ρύνεται
2149 4349 2218 4418 τῇ
2246 4347 2382 4417 ζωῇ,
2416 4344 2723 4398 σπεύδουσα
2752 4342 2845 4395 τὸν
2875 4339 3109 4410 νυμφίον
3135 4337 3266 4391 ίδεῖν
3291 4335 3583 4405 πρόσωπον

1903 4436 2041 4509 πρὸς
2074 4435 2389 4505 πρόσωπον,
2432 4433 2530 4486 καλ⁹
2555 4433 2653 4503 τῆς
2681 4430 2840 4501 δόξης
2865 4426 3175 4484 ἀπολαῦσαι
3209 4425 3449 4496 ἐκείνης.

1966 4525 2039 4578 Ξ’.
2056 4522 2193 4577 Ούτε
2213 4522 2269 4575 δὲ
2293 4522 2355 4574 τὸ
2385 4521 2546 4593 πενίᾳ
2575 4519 2742 4591 συζῇν
2773 4517 3024 4589 καθάπερ
3049 4515 3142 4569 ἐπὶ
3160 4513 3255 4568 τοῦ
3276 4513 3457 4584 γάμου
3481 4531 3586 4567 πα-

1908 4610 2182 4684 ραϐλάψαι
2219 4609 2425 4664 δύναιτ’
2461 4609 2529 4662 ἂν
2579 4607 2772 4676 αὑτὴν,
2805 4605 2943 4661 ἀλλά
2978 4605 3075 4658 καὶ
3110 4602 3312 4675 μᾶλλον
3341 4601 3585 4654 ποθεινοο

1905 4701 2068 4773 τέραν
2097 4698 2175 4770 τῷ
2205 4698 2428 4768 νυμφίῳ
2453 4697 2550 4768 τὴν
2583 4693 2816 4749 ἐκοῦσαν
2845 4692 3003 4747 τοῦτο
3019 4691 3398 4763 ὑπομένουσαν
3420 4690 3582 4753 ποιεῖ,

1905 4789 2028 4843 οὔτε
2067 4788 2130 4842 τὸ
2157 4789 2222 4841 ἐκ
2252 4785 2526 4842 ταπεινῶν
2557 4785 2859 4854 γεγονέναι,
2893 4781 3019 4836 οῦτε
3051 4780 3114 4834 τὺ
3152 4779 3226 4851 μὴ
3253 4777 3585 4849 διαλάμπειν

1905 4878 2004 4950 τὴν
2042 4877 2134 4930 τοῦ
2169 4875 2424 4946 σώματος
2460 4873 2633 4946 ὤραν,
2670 4870 2795 4926 οὕτε
2825 4871 2952 4926 ἄλλο
2987 4869 3095 4923 τῶν
3127 4867 3385 4921 τοιούτων
3413 4865 3584 4918 οὐδέν.

1907 4967 2018 5021 Καὶ
2045 4966 2098 5019 τί
2123 4963 2268 5035 λέγω
2291 4963 2464 5018 ταῦτα
2488 4981 2502 5028 ;
2530 4963 2636 5017 κᾶν
2673 4961 2782 5031 γὰρ
2817 4960 2952 5032 μηδέ
2976 4957 3236 5028 ἐλευθέρα
3265 4951 3402 5012 οὖσα
3425 4954 3586 5026 τύχῃ.

1912 5054 2035 5109 οὐδὲ
2067 5054 2228 5108 τοῦτο
2265 5053 2437 5123 αὑτῆς
2467 5051 2790 5122 λυμαίνεται
2819 5049 2917 5120 τὴν
2943 5045 3262 5117 μνηστείαν,
3289 5043 3404 5098 ἀλλ’
3429 5044 3592 5115 ἀρκεῖ

1906 5139 2083 5215 ψυχὴν
2121 5139 2494 5208 ἐπιδείξασθαι
2530 5137 2723 5210 καλὴν,
2771 5137 2866 5191 καὶ
2897 5135 3007 5189 τῶν
3053 5133 3339 5206 πρωτείων
3381 5133 3586 5202 τυχεῖν.

1909 5232 2026 5286 υὺκ
2062 5230 2210 5285 ἐστιν
2250 5231 2369 5283 ἐκεῖ
2393 5226 2698 5298 φοϐηθῆναι
2729 5223 3087 5298 ζηλοτυπίαν,
3118 5222 3219 5275 οὑκ
3241 5220 3389 5276 ἔστιν
3421 5219 3590 5289 ἀλγῆ-
3665 5251 3680 5260 ι

1911 5336 2002 5373 σαι
2029 5316 2494 5387 διαφθονουμένην
2521 5311 2686 5386 ἑτέρα
2714 5312 2935 5383 γυναικὶ
2964 5311 3041 5375 ὡς
3073 5310 3444 5381 λαμπροτέρῳ
3472 5325 3592 5387 συν.-

1911 5381 2218 5478 εζευγμένῃ
2243 5381 2420 5476 ἀνδρί.
2447 5381 2534 5458 ’οὑ
2707 5381 2856 5455 ἐστιν
2896 5402 3084 5472 ὅμοιος
3116 5399 3266 5468 αὑτῷ
3312 5397 3434 5452 οὑδὲ
3475 5381 3590 5459 ἴσος

1911 5495 2110 5561 οὐδεὶς,
2144 5494 2259 5548 ἀλλ’
2301 5493 2423 5547 οὑδέ
2465 5491 2604 5546 κατὰ
2643 5490 2843 5562 μικρὸν
2883 5487 3087 5558 ἐγγύςο
3133 5489 3190 5540 ἐν
3224 5486 3280 5541 δὲ
3309 5485 3389 5556 τῷ
3427 5485 3593 5556 γάμῳ

1912 5582 2017 5637 κᾶν
2061 5581 2171 5636 τῶν
2206 5581 2411 5653 σφόδρα
2444 5579 2822 5634 πλουτούντων
2869 5577 2964 5630 καὶ
3019 5574 3234 5647 μεγάλα
3273 5573 3591 5645 δυναμένων

1912 5671 2010 5742 ἔχῃ
2059 5687 2146 5734 τις
2198 5667 2388 5741 ἄνδρα,
2427 5667 2542 5723 ἀλλ’
2597 5669 2748 5738 ὅμως
2789 5663 2994 5719 δύναιτ’
3036 5663 3104 5719 ἂν
3156 5662 3351 5734 ἑτέραν
3408 5656 3593 5728 εὑρεῖν

1913 5758 2094 5830 πολλῷ
2139 5755 2363 5828 μείζονα
2392 5755 2645 5827 ἔχουσαν.
2673 5755 2786 5826 οὑχ
2831 5753 2908 5817 ὡς
2949 5751 3110 5823 ἔτυχε
3143 5750 3202 5805 δέ
3246 5749 3461 5803 ἐλαττοῖ
3491 5742 3593 5814 τὴν

1978 5875 2006 5914 εὶ
2028 5874 2199 5924 Μαι-οι.
2225 5881 2279 5922 et
2299 5872 2450 5923 Savil.
2481 5875 2528 5921 in
2555 5876 2698 5921 textu
2720 5871 3114 5936 προπεμπόντων,
3137 5869 3262 5931 Reg.
3286 5870 3338 5917 el
3364 5863 3514 5914 Sam.
3541 5873 3593 5912 an

1915 5951 2067 6049 mal-[ﬁ
2088 5937 2538 6008 1:9orn391rétu)aav._

1982 6009 2007 6040 ο
2073 6011 2153 6049 εκ.
2178 6015 2286 6049 τους
2320 6014 2538 6047 συνοικου

1982 6009 2007 6040 ο
2029 5998 2153 6061 Reg.
2178 5998 2286 6054 ’.δοὺς
2320 5998 2651 6052 συνοικοῦντας
2678 5998 2818 6059 αὐτῇ,

3156 6078 3196 6143 4
