4020 6372
443 308 540 369 581

442 428 505 479 ἐκ
535 424 635 494 τῆς
661 420 770 476 τῶν
802 420 1038 492 ἡττόνων
1076 420 1349 491 ὑπεροχῆς
1380 421 1575 493 ἡδονὴν
1609 421 1775 492 ἡτῶν
1804 420 2068 492 μειζόνων
2091 429 2117 457 ι

451 500 741 574 ὑπερϐολή.
781 498 922 552 Ἀλλ’
968 500 1001 569 ἡ
1041 498 1210 570 πολλὴ
1252 500 1434 571 τρυφὴ
1462 500 1571 554 τῶν
1618 502 1856 570 χρυσίων
1888 499 1980 554 xal
2012 496 2120 551 τῶν

444 581 678 652 ίματίων
704 580 798 633 καὶ
835 578 937 650 τῆς
972 577 1252 649 τραπέζης
1277 580 1372 633 καὶ
1399 580 1502 651 τῆς
1531 579 1696 650 ἄλλης
1740 579 1927 645 ἀδείας
1962 580 2121 649 ἱκανή

443 659 695 714 δελεάσαι
741 657 920 729 ψυχὴν
950 657 1046 710 καὶ
1081 657 1521 727 ἐφελκύσασθαις
1558 660 1671 712 Kal
1700 659 1866 712 πόσαι
1914 657 2122 711 τούτων

442 738 779 794 ἀπολαύουσι
811 739 1103 803 γυναῖκες;
1138 739 1198 790 τὸ
1242 738 1349 811 γὰρ
1383 738 1634 792 πλεῖστον
1662 736 1769 792 τῶν
1817 736 2122 809 ἀνθρώπιον

447 819 613 890 μέρος
643 816 807 888 πενίᾳ
841 815 977 886 συςῇ
1023 817 1116 869 καί
1162 817 1566 889 ταλαιπωρίαις
1598 820 1696 872 καὶ
1733 819 1940 882 πόνοις.
1973 818 2037 871 Εἰ
2064 816 2122 870 δέ

443 913 589 961 τινες
617 891 726 949 εἷεν
750 897 807 948 αἰ
836 893 1058 970 τούτων.
1075 896 1423 967 μετέχουσαι,
1457 898 1665 970 σφόδρα
1696 898 1797 969 μὲν
1820 898 2000 966 ὀλίγαι
2028 896 2125 950 καὶ

444 973 831 1045 εὐαρίθμητοι,
858 974 949 1026 καὶ
995 967 1155 1028 αὗται
1195 976 1255 1030 δὲ
1298 977 1452 1049 παρά
1493 976 1556 1030 τὺ
1597 967 1847 1048 τῷθεῷ
1892 974 2121 1030 δοκοῦν*

441 1054 618 1109 οὐδενὶ
640 1052 750 1126 7&9
780 1054 991 1122 ἐφίεται
1023 1055 1081 1107 ἐν
1109 1053 1322 1120 τούτοις
1346 1058 1580 1128 τρυφᾷν,
1602 1056 1681 1120 ὠς
1718 1058 1812 1112 καὶ
1837 1054 2125 1121 ἀπεδείξα-

447 1150 546 1204 μεν
572 1134 629 1185 ἐν
656 1135 771 1196 τοῖς
797 1133 1033 1204 πρόσθεν
1061 1132 1242 1202 λόγοις
1268 1134 1317 1188 ι).

496 1226 779 1300 ΞΛἎΠλὴν
790 1228 928 1283 ἀλλά
942 1228 1126 1300 θῶμεν
1146 1230 1309 1284 πάλιν
1324 1228 1557 1301 τῷλόγῳ
1574 1230 1669 1283 καὶ
1685 1228 1888 1297 ταύτην
1904 1244 2121 1301 συγχω-

446 1307 657 1375 ρεῖσθαι
688 1307 787 1378 τὴν
813 1308 1049 1379 τρυφὴν,
1088 1308 1182 1362 καὶ
1222 1309 1360 1379 μήτε
1393 1308 1485 1361 τὸν
1515 1309 1825 1380 προφήτην,
1860 1310 2000 1380 μήτε
2030 1308 2123 1363 τὸν

442 1384 657 1440 Παῦλον
674 1385 1082 1457 ἀπεχθάνεσθαι
1105 1387 1243 1459 πρὸς
1263 1387 1367 1451 τὰς
1389 1384 1657 1457 χλιδώσας
1676 1386 1784 1441 τῶν
1807 1386 2088 1455 γυναικῶν
2106 1407 2122 1423 ⁸

440 1464 495 1517 τί
528 1464 590 1517 τὸ
625 1464 819 1534 δφελος
855 1465 965 1519 τῶν
998 1465 1209 1519 πολλῶν
1235 1465 1513 1538 χρυσίων;
1557 1464 1786 1539 Ἕτερον
1819 1466 1919 1537 μὲν
1946 1466 2120 1535 οὐδὲν,

446 1542 716 1613 βασκανία
753 1542 811 1596 δὲ
842 1545 937 1598 καὶ
970 1546 1195 1615 φροντὶς
1244 1546 1343 1598 καὶ
1388 1545 1555 1615 φόόος
1594 1546 1695 1616 οὐχ
1736 1547 1765 1599 ό
1791 1544 1990 1616 τυχών.
2046 1548 2122 1600 Οὐ

442 1623 554 1694 7&9
587 1623 750 1694 μόνον
782 1624 914 1679 ὅταν
951 1628 1033 1689 εἰς
1057 1625 1118 1679 τὸ
1150 1624 1408 1680 κιϐώτιον
1437 1624 1579 1679 αὑτά
1629 1624 1965 1691 ἀποθῶνται,
2000 1626 2124 1681 ούδέ

443 1705 640 1768 νυκτὸς
690 1704 1110 1775 καταλαϐούσης
1151 1706 1314 1777 μόνον
1349 1706 1716 1778 ταράττονται
1750 1708 1870 1770 ταῖς
1903 1706 2123 1778 φροντίι

444 1801 551 1861 σιν,
579 1784 716 1839 ἀλλά
741 1786 836 1840 καὶ
861 1786 989 1840 ὅταν
1018 1785 1161 1840 αύτά
1186 1787 1552 1858 περικέωνται
1577 1797 1627 1853 ε,
1656 1787 1751 1841 καὶ
1779 1788 1910 1840 ὅταν
1940 1787 2124 1861 ἡμέρα

441 1859 499 1936 ᾖ,
531 1864 632 1935 τὴν
668 1864 840 1936 αὐτὴν
872 1866 1208 1937 ὑπομένουσι
1254 1866 1549 1938 μέριμναν,
1585 1866 1787 1937 μᾶλλον
1811 1867 1870 1921 δέ
1900 1869 1995 1921 καὶ
2027 1859 2126 1939 χα-

441 1942 781 2017 λεπωτὲραν.
815 1945 926 1999 Kal
963 1944 1073 2018 7&9
1100 1947 1158 1999 ἐν
1183 1945 1492 2016 βαλανείοις
1534 1947 1632 2000 καὶ
1660 1945 1983 2018 ἐκκλησίαις
2015 1964 2124 2001 πα-

445 2024 759 2095 ραγίνονται
785 2024 938 2079 αἰ.τά
970 2024 1196 2079 τοιαῦτα
1224 2024 1377 2097 [520]
1404 2027 1811 2098 κακουργοῦσαι
1831 2029 2122 2095 γυναῖκες’

444 2103 717 2157 κάκείνων
739 2102 797 2156 δὲ
822 2102 1085 2168 πολλάκις
1132 2104 1303 2175 χωρὶς
1341 2104 1446 2159 ὑπὸ
1471 2103 1567 2158 τοῦ
1603 2105 1843 2175 πλήθους
1876 2104 2126 2177 ὠθούμε-

444 2197 533 2233 ναι
560 2180 654 2233 καὶ
694 2180 1019 2252 πιεζόμεναι
1047 2183 1104 2236 al
1151 2183 1593 2255 χρυσοφοροῦσαι
1621 2184 1746 2239 οὐδὲ
1777 2184 2126 2240 αἰσθάνονται

446 2259 775 2324 ἐκπεσόντος
808 2259 1001 2324 αὐταῖς
1028 2260 1137 2313 τῶν
1168 2261 1412 2332 χρυσίων
1445 2263 1613 2326 τινός.
1642 2262 1802 2318 υῦτω
1840 2263 1971 2333 γοῦν
1997 2262 2129 2318 πολ-

446 2338 536 2394 λαὶ
568 2341 629 2393 οὐ
658 2337 832 2393 ταῦτα
864 2339 1044 2410 μόνον,
1085 2339 1224 2395 ἀλλά
1254 2341 1436 2414 πολλῷ
1462 2341 1670 2396 τούτων
1711 2340 1792 2397 ἐτι
1822 2341 2129 2415 τιμιώτερα

447 2418 771 2491 περιδέραια
800 2417 915 2472 ἀπὺ
932 2417 1133 2489 τιμίων
1162 2419 1497 2493 συγκείμενα
1528 2420 1692 2476 λίθων
1721 2420 2127 2477 διασπασθέντα

447 2500 545 2553 καί
569 2497 876 2553 ἐκπεσόντα
899 2498 1214 2555 ἀπώλεσαν.
1306 2526 1315 2533 ·

499 2595 619 2651 ΞΒ.
635 2596 785 2669 Πλὴν
802 2594 940 2652 ἀλλά
963 2596 1099 2669 μηδὲ
1122 2589 1280 2660 οὗτος
1295 2597 1437 2652 έστω
1463 2599 1492 2652 ό
1508 2597 1694 2668 φόϐος,
1712 2597 1850 2651 ἀλλά
1863 2598 1958 2652 καὶ
1984 2596 2124 2670 αὕτη

448 2676 735 2750 ἐξῃρήσθω
788 2677 823 2747 ἠ
864 2678 1117 2748 φροντὶς,
1169 2678 1222 2731 τί
1261 2678 1325 2731 τὸ
1366 2677 1596 2748 δφελος;
1643 2672 1798 2732 Εἷδεν
1836 2676 1869 2717 ἀ
1909 2676 2125 2746 ἐτερος,

448 2755 605 2825 φησί,
630 2754 727 2808 καὶ
768 2754 1099 2826 ἐθαύμασεν.
1139 2755 1302 2810 Ἀλλά
1330 2757 1392 2810 ού
1420 2756 1520 2827 τὴν
1545 2758 1961 2828 περικειμένην,
1989 2755 2127 2810 ἀλλά

447 2833 518 2888 τὰ
553 2833 939 2905 περικείμενα,
966 2834 1185 2906 ἐκείνην
1211 2836 1270 2889 δὲ
1295 2836 1384 2889 διὰ
1406 2835 1583 2889 ταῦτα
1615 2838 1712 2890 καὶ
1743 2837 1972 2890 ἐκάκισε
2005 2836 2129 2890 πολ-

447 2915 629 2981 λάκις,
655 2913 846 2988 ῶσπερ
868 2915 1020 2987 παρά
1045 2917 1148 2988 τὴν
1173 2914 1334 2981 ἀξίαν
1360 2915 1749 2986 κοσμουμένην
1779 2916 1988 2979 αὐτοῖς.
2030 2916 2128 2969 Ἂν

434 2995 550 3065 -μὲν
588 2994 697 3066 7&9
735 2992 1015 3067 εὔμορφος
1059 2991 1119 3070 ᾖ,
1163 2995 1489 3068 λυμαίνεται
1529 2994 1612 3066 τῷ
1643 2995 1836 3049 κάλλει
1874 2995 1974 3066 τῆς
2026 2995 2129 3065 φύ-

449 3090 618 3138 σεως’
656 3075 686 3127 ὁ
725 3074 899 3139 πολὺς
946 3075 1057 3147 γὰρ
1097 3075 1307 3146 κόσμος
1352 3076 1563 3139 ἐκεῖνος
1590 3075 1694 3129 οὐκ
1730 3074 1959 3146 ἀφίησιν
1995 3074 2129 3128 αὐτὸ

448 3152 736 3224 φαίνεσθαι
779 3152 990 3224 γυμνὸν
1018 3153 1080 3213 τὸ
1109 3155 1363 3208 πλεῖστον
1386 3151 1553 3208 αὐτοῦ
1588 3153 1755 3226 μέρος
1780 3151 2128 3225 ἀφαιρούμεο

450 3248 543 3295 νος
573 3242 628 3270 ο·
668 3230 765 3286 ἐὰν
811 3231 870 3286 δέ
912 3232 1161 3304 ἄμορφος
1262 3233 1359 3287 καὶ
1401 3232 1673 3306 δυσειδὴς,
1717 3233 2130 3306 ἀτερπεστέραν

448 3309 737 3377 ἀπέδειξεν
779 3308 926 3365 οὕτω
968 3312 1165 3381 μᾶλλον
1205 3312 1398 3383 αὑτήν.
1458 3313 1524 3367 Ἥ
1553 3313 1664 3383 γὰρ
1706 3312 1956 3384 ἀμορφία
1990 3329 2128 3367 παν-

444 3387 787 3460 ταχοῦικαθ’
830 3389 1031 3461 ἐαυτὴν
1070 3391 1169 3460 μὲν
1219 3391 1524 3463 φαινομένη
1556 3392 1685 3446 ὅσον
1720 3391 1841 3445 ἐστὶ
1875 3390 2130 3463 φαίνεται

451 3467 644 3539 μόνον⁹
677 3467 808 3520 ὅταν
847 3466 907 3521 δὲ
945 3469 1083 3539 αὐτῇ
1137 3467 1560 3541 παραϐάλληται
1597 3468 1765 3542 λίθων
1801 3469 2130 3542 λαμπρότης

446 3532 542 3603 καὶ
578 3546 775 3618 ἐτέρας
812 3546 960 3611 τινὸς
979 3532 1364 3617 ὕληςκάλλος,
1389 3532 1723 3603 ἐτίιτείνεταῗι
1750 3550 1834 3613 είς
1860 3532 2130 3604 δυσειδίαν

451 3627 735 3698 μειζόνως.
764 3626 839 3681 Τό
873 3643 933 3681 τε
970 3626 1082 3698 γὰρ
1114 3625 1209 3681 τοῦ
1240 3627 1495 3700 σώματος
1524 3627 1696 3699 μέλαν
1717 3626 1901 3700 πολλῷ
1933 3627 2132 3699 μελάν-

447 3725 606 3777 τερον
653 3707 928 3761 δείκνυσιν
967 3706 1319 3778 ἐπικείμενον
1369 3707 1466 3762 τοῦ
1513 3708 1859 3780 μαργαρίτου
1906 3708 1969 3761 τὸ
2014 3708 2131 3778 φῶς

448 3788 543 3840 καὶ
596 3785 787 3858 ὥσπερ
829 3787 889 3838 ἐν
930 3785 1109 3857 σκότῳ
1155 3786 1402 3850 στίλϐον,
1453 3788 1515 3841 τό
1573 3805 1634 3842 τε
1689 3787 1786 3842 τοῦ
1833 3787 2129 3860 προσώπου

450 3865 881 3921 δυσδιάπλαστον
918 3865 988 3919 τὰ
1013 3863 1121 3919 τῶν
1159 3866 1392 3937 ἱματίων
1418 3866 1552 3937 ἄνθη
1592 3866 1728 3921 πολὺ
1769 3867 1964 3922 κάκιον
1993 3867 2126 3921 ἀπο-

446 3945 654 4014 φαίνει,
687 3944 787 3999 οὐκ
822 3944 1053 4015 ἀφιέντα
1083 3943 1209 3999 καθ’
1256 3946 1450 4002 ἑαυτὸν
1476 3946 1846 4015 ἀγωνίζεσθαι
1897 3948 1989 4001 τὸν
2029 3948 2130 4020 τῆς

446 4024 624 4093 ὅψεως
653 4023 827 4077 τύπον
868 4024 1023 4096 παρὰ
1047 4026 1164 4088 τοῖς
1204 4024 1449 4091 θεαταῖς,
1494 4025 1631 4080 ἀλλά
1667 4026 1806 4097 πρὸς
1831 4026 1895 4079 τδ
1944 4044 2130 4099 χειρο-

446 4104 676 4178 ποίητον
719 4104 896 4159 ἐκεῖνο
925 4104 1021 4158 καὶ
1074 4105 1361 4177 ἀμήχανον
1410 4106 1633 4171 κάλλος,
1671 4106 1796 4159 ὅθεν
1840 4106 1875 4177 ή
1926 4106 2131 4177 μείζων

444 4179 586 4256 ἧττα
630 4184 862 4254 γίνεται.
918 4182 978 4238 ’0
1025 4183 1136 4258 7&9
1174 4184 1577 4261 διεσπαρμένος
1629 4184 1689 4237 ἐν
1730 4187 1847 4250 τοῖς
1892 4186 2135 4255 ἱματίοις

445 4262 669 4334 χρυσὸς,
714 4262 810 4316 καί
849 4264 883 4333 ὴ
916 4261 1087 4333 πολλὴ
1109 4263 1220 4317 τῶν
1239 4264 1313 4318 τὰ
1340 4264 1569 4319 τοιαῦτα
1598 4264 1989 4336 ἐργαζομένων
2018 4281 2135 4319 ποι-

446 4341 618 4407 κιλία,
667 4341 765 4395 καὶ
794 4340 824 4393 δ
860 4341 1051 4405 λοιπὸς
1091 4342 1298 4413 κόσμος
1335 4343 1505 4409 ἅπας,
1542 4342 1798 4413 καθάπερ
1839 4360 1928 4407 τις
1960 4343 2134 4414 ἀθλη-

445 4422 545 4492 τὴς
586 4420 838 4488 γενναῖος
868 4417 1112 4495 εὐεκτῶν
1144 4421 1240 4475 καὶ
1272 4423 1522 4493 σφριγῶν
1555 4420 1844 4494 ψωραλέον
1879 4420 2006 4476 τινά
2038 4422 2133 4477 καὶ

447 4499 673 4571 αἰσχρὰν
710 4499 809 4555 καὶ
848 4498 1190 4569 λιμώττοντα
1222 4502 1625 4571 παρωσάμενος
1694 4499 2131 4571 ἀνταγωνιστὴν,

448 4578 593 4633 οὑτω
619 4577 720 4649 τὴν
750 4576 846 4631 τοῦ
877 4574 1174 4646 προσώπου
1205 4575 1364 4641 δόξαν
1387 4579 1487 4649 τῆς
1527 4578 1927 4650 περικειμένης
1958 4594 2134 4634 κατα-

450 4656 629 4711 ϐαλὼν
654 4657 795 4728 πρὸς
817 4656 1011 4712 ἐαυτὸν
1044 4656 1346 4711 ἐπισπᾶται
1370 4658 1500 4721 τοὺς
1529 4656 1754 4721 θεατὰς,
1785 4657 2003 4729 ἐκείνην
2031 4655 2134 4727 μὲν

448 4735 855 4806 καταγελᾶσθαι
882 4736 1168 4810 μειζόνως,
1195 4735 1378 4790 ἀὑτὸν
1404 4734 1462 4790 δέ
1494 4735 1615 4808 μεθ’
1652 4734 1964 4810 ὑπερϐολῆς
1997 4734 2134 4790 θαυ-

453 4805 721 4888 μάζεσθαι
760 4805 1225 4887 παρασκευάζων.

517 4913 635 4969 ΞΡ.
671 4913 810 4968 Ἀλλ’
846 4913 946 4985 οὐχ
972 4914 1002 4966 ὁ
1032 4913 1134 4983 τῆς
1169 4911 1473 4985 παρθενίας
1510 4911 1717 4984 κόσμος
1750 4907 2016 4975 τοιοῦτος.
2053 4908 2132 4966 Ού

448 4992 561 5065 γὰρ
575 4993 895 5063 λυμαίνεται
911 4994 978 5064 τῇ
997 4993 1382 5064 περικειμένῃ,
1396 4990 1585 5062 ἐπειδὴ
1607 4990 1731 5063 μηδ’
1748 4989 1867 5043 ἐστι
1892 5007 2137 5061 σωματι-

448 5071 567 5136 κὺς,
600 5070 737 5125 ἀλλά
761 5070 864 5141 τῆς
894 5070 1076 5143 ψυχῆς
1102 5071 1251 5135 ὅλος·
1289 5071 1387 5125 καὶ
1414 5071 1506 5125 διὰ
1532 5069 1715 5133 τοῦτο,
1750 5070 1817 5125 ἄν
1856 5086 1917 5123 τε
1955 5069 2137 5123 δυσει-

444 5150 544 5228 βῆς
570 5147 628 5225 ᾖ,
662 5150 927 5223 μετέϐαλε
949 5151 1049 5223 τὴν
1070 5149 1340 5206 δυσειδίαν
1376 5149 1584 5215 εὐθέως
1608 5149 1808 5213 κάλλος
1834 5146 2132 5228 περιθεὶςι

449 5226 755 5302 ἀμήχανον,
783 5228 851 5283 ἀν
862 5247 923 5283 τε
934 5229 1123 5302 ὡραία
1154 5231 1251 5284 καὶ
1272 5230 1501 5301 φαιδρὰ,
1520 5228 1920 5303 λαμπροτέραν
1938 5226 2138 5301 εἰργά-

519 5413 543 5437 ⁶
580 5416 702 5468 Reg.
731 5420 822 5468 ὒπε

520 5432 543 5437 ’
580 5432 702 5494 “9g.
731 5432 970 5528 υπερσγην
1012 5432 1043 5475 η
1070 5432 1215 5493 ,οοξαν
1246 5432 1277 5474 η
1321 5434 1434 5490 των.
1466 5432 1587 5477 μεις.
1626 5432 1754 5465 mira
1794 5432 1919 5475 μσς.
1954 5432 2138 5462 τουτων

452 5476 767 5539 ἀπολαύουσι,
792 5495 818 5529 a
842 5483 878 5531 ιί
897 5470 1249 5530 ἀπολαύουσαι.
1283 5478 1396 5529 Mox
1419 5477 1555 5528 Idem
1578 5477 1761 5534 πενίαις
1781 5479 1900 5539 συζῇ
1922 5476 2006 5524 καὶ
2050 5490 2138 5523 τα-

451 5536 732 5603 λαιπωρίαις
749 5543 831 5591 καί
849 5542 1035 5603 κόποις.

518 5599 547 5667 ξ)
569 5598 694 5667 Bég.
709 5603 936 5667 πρότερον
946 5602 1123 5663 λόγοις.
1134 5602 1291 5653 Paulo
1308 5607 1423 5664 post
1434 5600 1559 5663 Reg.
1573 5599 1769 5650 Παῦλον
1786 5598 2137 5665 ἀποφήνασθαι.

518 5664 543 5727 ε
569 5662 693 5727 Βεὲ-
719 5662 1089 5727 τίβρικέίσανται·

516 5721 546 5799 ξ
568 5721 691 5799 ξειξ.
717 5726 766 5799 τί
787 5721 853 5773 ’τὸ
871 5726 1040 5799 ὄφελος
1060 5726 1116 5772 ἐκ
1133 5721 1221 5772 τοῦ
1242 5725 1583 5788 χρυσοφορεῖις
1605 5726 1744 5773 είδει.

519 5790 544 5849 ε
568 5785 690 5849 Reg.
709 5785 1075 5849 ἀποφερόμεγος.

521 5845 546 5886 ί
569 5843 852 5911 δῆτὀριίιιιέ
868 5843 1022 5898 'Szivil.
1043 5882 1057 5906 ,
1078 5846 1277 5908 περιθείς
1295 5848 1358 5900 ad
1376 5845 1560 5903 κόσμος
1579 5845 1822 5897 referens.
1848 5843 2016 5896 Monii.
2043 5859 2131 5894 πι-

455 5913 650 5970 ριθεῖσα.
679 5913 809 5961 Eon.
1776 5922 1779 5927 '

943 5434 970 5465 ν
1012 5418 1043 5475 ἢ
1078 5418 1215 5473 δόξαν
1246 5419 1277 5474 ἠ
1321 5418 1418 5465 τῶν
1466 5419 1587 5477 μειζ.
1624 5413 1754 5465 Infra
1792 5413 1919 5475 Reg.
1954 5410 2138 5477 τούτων

1298 303 1356 361 S.
1392 300 2213 361 JOANNlS-CIIRYSOSTOMI
2254 297 2576 356 ARCIIIEP.
2619 295 3177 354 CONSTANTINOP.

3798 298 3903 353 582

2232 432 2382 470 σατο.
2420 416 2492 468 Οὐ
2530 414 2638 485 7&9
2672 414 2811 468 λίθοι
2837 414 2945 468 καὶ
2976 412 3200 483 χρυσὸς,
3232 412 3353 466 οὐδὲ
3405 410 3644 483 ίματίων
3669 408 3900 465 πολυτέ-

2226 497 2365 561 λεια,
2393 496 2516 551 οὑδὲ
2547 497 2855 568 χρωμάτων
2879 496 3147 567 πολυτελῆ
3177 494 3315 567 ἄνθη
3337 495 3595 566 διάφορα,
3621 494 3745 548 οὐδὲ
3772 493 3903 550 ἀλλο

2224 575 2465 629 τοιοῦτον
2495 575 2651 629 οὐδὲν
2670 576 2780 629 τῶν
2811 574 3068 646 φθαρτῶν
3100 574 3325 629 ἐκείνων
3353 577 3551 646 κοσμεῖ
3571 573 3675 638 τὰς
3697 572 3900 645 ψυχὰς,

2224 654 2340 710 ἀλλ’
2369 655 2491 709 ἀντὶ
2522 654 2731 708 τούτων
2767 657 3037 726 νηστεῖαι,
3071 654 3395 725 παννυχίδες
3427 654 3595 724 ἱεραὶ,
3626 654 3899 725 πραότης,

2224 730 2732 812 ἐπιείκεια,’πιξνία,
2781 733 3023 805 ἀνδρεία,
3068 732 3565 806 ταπεινοφροσύνη,
3610 731 3899 803 καρτερία,

2226 813 2444 868 πάντων
2464 813 2653 878 ἀπλῶς
2678 812 2790 867 τῶν
2812 815 2871 869 ἐν
2900 812 2979 884 τῷ
3003 813 3233 885 παρόντι
3263 813 3364 884 βίῳ
3381 812 3726 884 πραγμάτων
3738 813 3901 883 ὑπερ-

2223 894 2375 961 οψία.
2430 895 2542 947 Kal
2590 893 2702 965 7&9
2750 892 3032 964 ὀφθαλμὸς
3064 892 3203 965 αὐτῇ
3253 892 3397 946 οὕτω
3440 893 3540 962 μὲν
3583 892 3753 955 καλὸς
3805 892 3902 943 καὶ

2224 973 2526 1046 εὐπρεπὴς,
2554 972 2631 1037 ὡς
2659 973 2782 1028 ἀντὶ
2810 972 3116 1044 ἀνθρώπων
3146 971 3249 1035 τάς
3279 970 3609 1043 ἀσωμάτους
3639 972 3900 1043 δυνάμεις

2224 1053 2321 1105 καὶ
2348 1053 2442 1106 τὸν
2466 1051 2675 1107 τούτων
2709 1051 2991 1121 Δεσπότην
3024 1050 3172 1122 ἐχειν
3210 1050 3485 1121 ἐραστήνο
3527 1050 3675 1104 οὕτω
3699 1050 3759 1103 δὲ
3799 1058 3899 1103 κα-

2225 1130 2393 1199 θαρὸς
2420 1132 2516 1186 καὶ
2542 1130 2858 1202 διειδής,ὼς
2883 1132 3006 1185 ἀντὶ
3030 1129 3144 1184 τῶν
3175 1130 3506 1200 σωματικῶν
3532 1129 3601 1184 τὰ
3629 1128 3901 1199 ἀσώματα

2226 1209 2395 1279 κάλλη
2420 1210 2684 1265 δύνασθαι
2717 1210 2960 1281 καθορᾷν
2980 1226 2994 1240 ’
3024 1208 3170 1263 οὕτω
3195 1208 3253 1263 δέ
3285 1208 3497 1281 ἥμερος
3518 1210 3614 1264 καὶ
3640 1208 3897 1278 γαληνὸς,

2223 1288 2300 1351 ὡς
2331 1289 2469 1359 μηδὲ
2508 1289 2645 1361 πρὸς
2670 1290 2797 1354 τοὺς
2829 1287 3151 1354 ἀδικοῦντας
3184 1288 3279 1341 καὶ
3325 1289 3569 1361 συνεχῶς
3594 1287 3902 1350 λυποῦντας

2226 1368 2533 1440 ἀγριαίνειν
2571 1369 2669 1422 καὶ
2712 1367 3110 1432 διανίστασθαι,
3154 1366 3292 1422 ἀλλά
3342 1369 3439 1422 καί⁵
3484 1368 3623 1440 πρὸς
3670 1366 3899 1430 τούτους

2226 1448 2325 1520 ἡδὺ
2355 1448 2451 1501 καὶ
2491 1448 2734 1520 μείλιχον
2766 1457 2794 1495 8
2827 1449 2982 1520 δρᾷν.
3030 1446 3345 1520 Κοσμιότης
3390 1446 3449 1501 δέ
3491 1449 3631 1519 αὐτῇ
3659 1446 3901 1514 τοσαύτη

2226 1529 2558 1601 περίκειται,
2604 1531 2682 1593 ὡς
2720 1528 2818 1583 καὶ
2856 1530 2983 1592 τοὺς
3025 1526 3359 1590 ἀκολάστους
3406 1526 3765 1599 αἰσχύνεσθαι
3809 1526 3901 1580 καὶ

2226 1607 2485 1680 ἐρυθριᾷν
2515 1608 2740 1679 καὶτῆς
2785 1608 2997 1671 οἰκείας
3034 1606 3297 1662 ἐνδιδόναι
3344 1607 3564 1677 μανίας,
3594 1608 3726 1661 ὅταν
3766 1604 3903 1677 πρὸς

2227 1687 2398 1760 αὐτὴν
2434 1688 2618 1742 ίδωσιν
2650 1686 2915 1760 ἀκριϐῶς.
2952 1687 3163 1758 Ὥσπερ
3194 1685 3256 1739 δὲ
3282 1687 3507 1754 γυναικί
3556 1684 3767 1757 κοσμία,
3804 1685 3903 1755 τὴν

2224 1767 2656 1838 διακονουμένην
2684 1766 3023 1839 θεράπαιναν
3052 1766 3151 1819 καὶ
3174 1764 3347 1837 αὐτὴν
3366 1760 3508 1820 εῖναι
3534 1765 3688 1839 [32!]
3721 1764 3905 1818 τοιαύ-

2227 1865 2328 1918 την
2373 1848 2613 1918 ἀνάγκη,
2649 1846 2755 1902 κάν
2811 1846 2886 1919 μὴ
2926 1846 3213 1917 βούληταιο
3245 1844 3393 1900 οὕτω
3426 1847 3524 1900 καὶ
3570 1845 3670 1918 τὴν
3722 1846 3904 1917 σάρκα

2226 1928 2325 1997 τῆς
2339 1925 2481 1981 οὕτω
2506 1924 2902 1996 φιλοσοφούσης
2927 1923 3109 1995 ψυχῆς
3131 1924 3271 1996 πρὸς
3296 1924 3368 1978 τὰ
3388 1925 3604 1996 ἐκείνης
3623 1925 3906 1995 κινήματα

2228 2004 2433 2069 καὶτὰς
2452 2005 2663 2068 οἰκείας
2684 2003 2901 2073 ἀνάγκη
2917 2002 3205 2075 ῥυθμίζειν
3231 2002 3431 2074 ὁρμάς.
3450 2003 3562 2059 Kal
3576 2002 3688 2074 7&9
3700 2001 3907 2073 ὀφθαλ-

2231 2084 2351 2155 μὸς,
2400 2085 2498 2140 καὶ
2549 2084 2767 2155 γλῶττα
2789 2124 2805 2148 ,
2841 2084 2939 2138 καὶ
2975 2081 3200 2153 σχῆμα,
3229 2083 3324 2136 καὶ
3352 2083 3580 2154 βάδισις,
3604 2082 3703 2138 καὶ
3726 2082 3909 2137 πάντα

2227 2162 2417 2227 ἁπλῶς
2457 2164 2595 2237 πρὸς
2625 2164 2724 2237 τὴν
2771 2163 2921 2219 ἔνδον
2962 2162 3219 2230 εὐταξίαν
3267 2163 3738 2236 χαρακτηρίζεται
3759 2181 3775 2195 ·
3814 2164 3909 2218 καὶ

2229 2243 2482 2316 καθάπερ
2508 2243 2682 2318 μύρον
2714 2242 3045 2316 βαρύτιμον,
3064 2242 3168 2296 κᾶν
3196 2243 3279 2306 εἰς
3315 2243 3489 2312 ἄγγος
3520 2243 3906 2316 ἀποκλείηται,

2228 2324 2321 2378 τὸν
2348 2324 2488 2398 ἀέρα
2518 2324 2619 2396 τῆς
2642 2325 2851 2390 οἰκείας
2882 2322 3209 2395 ἀναχρῶσαν
3246 2321 3495 2389 εὐωδίας,
3524 2324 3585 2378 οὐ
3607 2324 3735 2389 τοὺς
3762 2325 3908 2378 ἐνδον

2230 2404 2326 2457 καὶ
2355 2403 2585 2477 πλησίον
2608 2403 2855 2467 ἑστῶτας
2885 2402 3069 2473 μόνον,
3105 2401 3243 2456 ἀλλά
3274 2402 3371 2456 καὶ
3404 2403 3531 2467 τοὺς
3556 2402 3663 2470 ἔξω
3695 2404 3906 2469 πάντας

2230 2483 2538 2557 ἐμπίπλησι
2565 2483 2668 2555 τῆς
2689 2483 2918 2558 ἡδονῆςο
2948 2481 3093 2537 οὕτω
3119 2482 3216 2535 καὶ
3243 2482 3277 2553 ὴ
3311 2482 3411 2553 τῆς
3441 2481 3783 2554 παρθενικῆς
3810 2483 3909 2553 ψυ-

2230 2562 2335 2633 χῆς
2357 2563 2559 2617 εὐωδία
2576 2565 2700 2628 ταῖς
2726 2563 3015 2633 αἰσθήσεσι
3044 2562 3417 2634 περιρρέουσα
3445 2561 3789 2617 ἐνδείκνυται
3812 2562 3910 2634 τὴν

2229 2641 2381 2696 ἔνδον
2415 2642 2791 2715 ἀποκειμένην
2823 2641 3047 2714 ἀρετὴν,
3100 2642 3197 2693 καὶ
3228 2641 3328 2705 τὰς
3368 2634 3577 2713 χρυσᾶς
3611 2640 3714 2712 τῆς
3752 2641 3909 2695 εὐκο⁴

2232 2722 2400 2793 σμίας
2448 2722 2820 2793 ἐπιδάλλουσα
2863 2723 3030 2775 πᾶσιν
3072 2719 3231 2791 ἡνίας
3264 2721 3324 2773 ἐν
3356 2718 3526 2791 πολλῇ
3564 2719 3676 2773 τῶν
3721 2720 3910 2774 ἵππων

2230 2788 2460 2857 ἕκαστον
2481 2788 3043 2873 εὐρυθμιᾳίδιατηρει,
3068 2788 3166 2854 θέαι
3192 2797 3317 2853 οὐτε
3343 2799 3447 2870 τὴν
3469 2788 3716 2868 γλῶτταν
3746 2800 3910 2871 ἀφίη-

2233 2900 2319 2936 σιν
2354 2879 2568 2951 ἀπηχές
2611 2896 2668 2933 τι
2711 2880 2808 2933 καὶ
2853 2880 3200 2951 ἀνάρμοστον
3247 2877 3605 2946 φθέγξασθαι,
3654 2876 3789 2932 οὔτε
3821 2878 3909 2933 τὸν

2231 2959 2511 3030 ὀφθαλμὸν
2544 2959 2707 3031 μόνον
2726 2958 3102 3030 ἀναισχύντως
3130 2957 3227 3013 καὶ
3258 2956 3516 3021 ὑπόπτως
3544 2956 3765 3021 ἐνιδεῖν,
3788 2955 3909 3011 οὔτε

2231 3038 2331 3109 τὴν
2360 3035 2528 3109 ἀκοὴν
2558 3035 2815 3104 δέξασθαί
2840 3056 2890 3091 τι
2920 3037 3031 3092 τῶν
3063 3037 3124 3089 οὐ
3156 3035 3543 3108 προσηκόντων
3568 3035 3773 3107 μελῶν.
3804 3037 3910 3090 Καὶ

2233 3117 2410 3171 ποδῶν
2439 3117 2497 3170 δὲ
2535 3116 2673 3190 αὐτῇ
2713 3115 2896 3188 μέλει,
2954 3115 3097 3169 ὥστε
3151 3117 3228 3188 μὴ
3268 3115 3482 3171 ἀτακτα
3527 3114 3772 3187 βαδίζειν
3817 3118 3910 3170 καὶ

2231 3194 2695 3268 διατεθρυμμένα,
2745 3194 2860 3249 ἀλλ’
2894 3194 3171 3251 ἄπλαστὸν
3202 3211 3328 3248 τινα
3364 3195 3459 3248 καὶ
3488 3194 3911 3266 ἀνεπιτήδευτον

2233 3276 2381 3347 ἔχειν
2408 3274 2508 3346 τὴν
2544 3273 2785 3346 βάδισιν·
2821 3274 2917 3327 καὶ
2943 3275 3035 3329 τὸν
3068 3272 3178 3328 ἀπὸ
3203 3272 3314 3327 τῶν
3342 3272 3575 3344 ἰματίων
3605 3272 3664 3329 δέ
3695 3274 3908 3328 καλλω-

2233 3358 2438 3429 πισμδν
2466 3357 2817 3430 περικόψασα
2850 3355 3043 3428 καὶτῷ
3064 3356 3347 3428 προσώπῳ
3375 3358 3637 3428 παραινεῖ
3668 3358 3913 3429 συνεχῶς

2235 3438 2310 3510 μὴ
2326 3436 2733 3509 διαχεῖσθακτῷ
2750 3436 2968 3507 γέλωτι,
2991 3436 3128 3492 ἀλλὰ
3159 3437 3295 3509 μηδὲ
3314 3435 3499 3508 ἠρέμα
3526 3436 3767 3509 μειδιᾷν,
3795 3437 3913 3493 ἀλλ’

2233 3516 2549 3572 ἐπισκύνιον
2579 3517 2862 3589 αἰδέσιμον
2906 3517 2995 3571 ἀεὶ
3025 3517 3122 3571 καὶ
3167 3514 3442 3589 αὐστηρὸν
3472 3516 3909 3581 ἐπιδείκνυσθαι,

2232 3597 2330 3652 καὶ
2372 3596 2511 3667 πρὸς
2540 3596 2755 3668 δάκρυα
2786 3595 3238 3669 παρεσκευάσθαι
3268 3594 3587 3661 διαπαντὸς,
3635 3596 3782 3669 πρὸς
3821 3596 3912 3666 γέο

2232 3677 2380 3730 λωτα
2418 3675 2476 3730 δὲ
2511 3675 2804 3747 μηδέποτε.

2304 3806 2421 3863 ΞΔ’.
2449 3809 2620 3862 Ὅταν
2658 3808 2716 3862 δὲ
2754 3806 3009 3878 δακρύων
3052 3804 3315 3879 ἀκούσῃς,
3346 3804 3512 3879 μηδὲν
3556 3804 3912 3874 ὑποπτεύσῃς

2236 3888 2579 3962 σκυθρωπόν·
2593 3888 2865 3957 τοσαύτην
2884 3886 2995 3959 7&9
3018 3886 3132 3958 έχει
3150 3886 3221 3940 τὰ
3235 3886 3445 3958 δάκρυα
3458 3886 3641 3939 ἐκεῖνα
3659 3884 3767 3955 τὴν
3791 3885 3886 3955 ἡδο
3899 3912 3914 3923 -

2233 3970 2351 4043 νὴν,
2389 3969 2522 4039 ὅσην
2560 3967 2684 4021 οὐδὲ
2725 3970 2755 4021 ὁ
2786 3965 2963 4035 γέλως
3003 3965 3101 4019 τοῦ
3127 3966 3335 4037 κόσμου
3369 3965 3583 4019 τούτου.
3700 3963 3763 4022 δὲ
3791 3965 3917 4043 ἀπιτ

2237 4040 2403 4113 στεῖς,
2425 4047 2657 4102 ἄκουσον
2675 4045 2773 4101 τοῦ
2805 4047 2993 4101 Λουκᾶ
3016 4045 3291 4114 λέγοντος.
3332 4044 3416 4098 ὅτι
3445 4042 3842 4114 μαστιχθέντες
3868 4040 3918 4096 οί

2235 4127 2524 4185 ἀπόστολοι
2553 4125 2863 4199 ἀνεχώρουν
2906 4125 3027 4180 ἀπδ”
3050 4123 3344 4198 προσώπου
3362 4122 3457 4177 τοῦ
3489 4121 3775 4194 συνεδρίου
3802 4121 3919 4199 χαίέ

2238 4224 2446 4285 ροντεςσ
2484 4208 2661 4262 καίτοι
2687 4198 2751 4278 γε
2784 4206 2847 4260 οὐ
2867 4203 3094 4285 τοιαύτη
3123 4202 3235 4285 τῶν
3269 4203 3552 4285 μαστίγων
3581 4198 3916 4285 ήφύσιςο-ού

2234 4280 2343 4363 7&9
2366 4288 2559 4362 ἡδονὴν
2584 4288 2679 4343 καὶ
2694 4286 2890 4359 χαρὰν,
2915 4284 3030 4339 ἀλλ’
3048 4282 3243 4355 ὀδύνην
3270 4283 3365 4338 καὶ
3383 4282 3559 4363 πόνον
3580 4280 3918 4363 ἐργάζεσθαι

2235 4360 2446 4427 εἴωθεν.
2490 4368 2690 4439 Ἀλλ’-1]
2729 4366 2829 4438 μὲν
2868 4364 2977 4419 τῶν
3009 4364 3294 4436 μαστίγων
3325 4361 3488 4431 φύσις
3509 4362 3572 4416 ού
3601 4360 3916 4439 τοιαύτηυή

2236 4452 2294 4507 δὲ
2333 4450 2412 4513 είς
2436 4437 2686 4520 Χριστὸν
2706 4437 2889 4510 πίστις
2916 4441 3173 4513 τοιαύτη,
3203 4441 3280 4504 ὡς
3306 4441 3403 4520 καὶ
3427 4443 3530 4511 τῆς
3561 4438 3784 4520 φύσεως
3826 4437 3921 4520 αὐ-

2236 4532 2335 4602 τῆς
2365 4517 2868 4599 τῶνπραγμάτων
2912 4524 3159 4602 κρατεῖν.
3204 4520 3269 4574 Et
3313 4519 3378 4602 δέΔ
3415 4520 3681 4602 μάστιγες
3722 4517 3920 4602 ἡδονήν

2237 4597 2421 4664 έτέκον
2452 4607 2540 4662 διά
2567 4597 2676 4662 τὸν
2722 4603 2981 4678 Χριστὸν,
3016 4603 3070 4656 τί
3112 4599 3425 4672 θαυμαστὸν
3446 4600 3476 4640 ιι
3508 4600 3560 4653 εί
3601 4599 3697 4653 καὶ
3729 4598 3804 4678 τά
3831 4597 3921 4678 δά-

2236 4706 2382 4761 κρυα
2422 4688 2484 4742 τὸ
2518 4686 2650 4741 αὐτὸ
2682 4677 2977 4757 ἐργάζεται
3022 4681 3111 4736 διὰ
3139 4679 3232 4736 τὸν
3280 4678 3475 4761 αὐτόν;
3515 4678 3618 4761 Διά
3656 4677 3831 4761 τοῦτο
3841 4677 3921 4761 ⁸ἢν

2239 4757 2431 4839 στενὴν
2476 4767 2572 4821 καὶ
2599 4763 2972 4836 τεθλιμμένην
3014 4760 3277 4814 ἐκάλεσεν
3323 4758 3463 4823 ὁδὸν,
3507 4758 3718 4831 ταύτην
3757 4757 3924 4812 πάλιν

2233 4852 2396 4907 καλεῖ
2422 4851 2518 4905 καὶ
2552 4848 2716 4918 ζυγὸν
2745 4845 2983 4918 χρηστὸν
3025 4845 3122 4898 καὶ
3152 4843 3375 4915 φορτίον
3411 4842 3668 4915 ἐλαφρόν.
3707 4841 3793 4913 Τῇ
3828 4841 3925 4913 μὲν

2238 4937 2347 5009 γὰρ
2376 4935 2538 5004 φύσει
2571 4933 2635 4987 τὸ
2666 4934 2902 5004 πρᾶγμα
2941 4927 3183 4983 τοιοῦτόν
3217 4930 3367 4991 ἐστι,
3401 4930 3471 4999 τῇ
3497 4926 3556 4981 δὲ
3584 4925 3695 4980 τῶν
3723 4942 3926 5009 διιατορ⁴

2238 5006 2476 5075 θούντων
2505 5016 2828 5090 προαιρέσει
2855 5016 2953 5069 καὶ
2976 5016 3100 5078 ταῖς
3127 5012 3312 5066 ἐλπίσι
3335 5012 3463 5075 ταῖς
3490 5009 3763 5082 χρησταῖς
3795 5006 3927 5077 σφό-

2237 5106 2339 5178 δρα
2368 5104 2578 5174 γίνεται
2606 5100 2830 5170 κοῦφον.
2851 5100 2945 5154 Διὸ
2964 5099 3065 5169 τῆς
3080 5095 3396 5169 εὐρυχώρου
3414 5096 3511 5149 καὶ
3538 5092 3808 5157 πλατείας
3828 5090 3926 5163 τὴν

2241 5194 2435 5264 στενὴν
2463 5192 2560 5246 καὶ
2592 5188 2967 5261 τεθλιμμένην
3002 5186 3143 5258 μετὰ
3169 5185 3417 5247 πλείονος
3448 5184 3516 5238 ἀν
3543 5199 3630 5246 τις
3657 5180 3760 5235 ῐδοι
3790 5196 3926 5264 προ-

2240 5263 2442 5349 θυμίας
2469 5274 2755 5338 ὁδεύοντας
2776 5274 2903 5336 τοὺς
2943 5271 3237 5341 ἑλομένους
3267 5268 3465 5340 αὐτὴν,
3489 5268 3550 5321 οὐ
3584 5264 3674 5319 διὰ
3718 5265 3809 5349 rb;
3847 5263 3925 5336 μὴ

2240 5346 2544 5425 θλίϐεσθαι,
2575 5357 2713 5412 ἀλλὰ
2749 5356 2840 5411 διὰ
2865 5355 2947 5409 τδ.
2970 5354 3083 5409 τῶν
3134 5353 3371 5422 θλίψεων
3405 5351 3714 5423 ἀνωτέρους
3756 5346 3925 5414 εἶναι,

2240 5446 2336 5500 καὶ
2376 5445 2543 5517 μηδὲν
2572 5444 2804 5515 πάσχειν
2830 5441 2922 5496 ὑπ’
2952 5438 3156 5502 αὐτῶν,
3187 5433 3303 5517 οἷον
3340 5437 3436 5492 καὶ
3467 5436 3595 5500 τοὺς
3617 5433 3818 5517 ἄλλους
3847 5434 3926 5487 εἰ-

2240 5511 2545 5599 κόςίἜχει
2570 5511 2817 5600 μέν’γάρ
2840 5523 3059 5595 θλίψεις,
3080 5521 3175 5583 καὶ
3215 5511 3375 5585 οὗτος
3403 5522 3434 5575 δ
3470 5518 3606 5590 βίος,
3642 5517 3761 5572 ἀλλ’
3796 5516 3926 5571 ὃταν

2240 5617 2412 5681 αὑτὰς
2439 5615 2579 5689 πρὸς
2607 5615 2708 5678 τὰς
2740 5612 2836 5669 τοῦ
2871 5613 3054 5685 γάμου
3089 5607 3524 5683 παραὸάλωμεν,
3556 5605 3681 5662 οὐδὲ
3715 5601 3929 5674 θλίψεις

2240 5702 2349 5773 χρὴ
2373 5700 2580 5754 καλεῖν.

2310 5850 2334 5887 κ
2362 5849 2487 5909 Reg.
2512 5844 2759 5909 μειλίχιον.

2314 5908 2342 5948 δ
2380 5906 2499 5977 [ἷξε.
2516 5906 2572 5958 τί
2595 5906 2841 5978 θαυμάζεις
2853 5944 2864 5960 .
