  <div class='ocr_page' id='page_1' title='image "/cluster/home/n/w/nwhite01/storage/ocr_20150623/48:no.1:pt.2/coo.31924054869478/062.png"; bbox 0 0 4020 6376; ppageno 0'>
   <div class='ocr_carea' id='block_1_1' title="bbox 286 400 3555 473">
    <p class='ocr_par' dir='ltr' id='par_1_1' title="bbox 286 400 3555 473">
     <span class='ocr_line' id='line_1_1' title="bbox 286 400 3555 473; baseline 0.005 -16"><span class='ocrx_word' id='word_1_1' title='bbox 286 400 368 457; x_wconf 71' lang='grc'><strong>581</strong></span> <span class='ocrx_word' id='word_1_2' title='bbox 1599 403 1687 460; x_wconf 84' lang='lat' dir='ltr'><strong>DE</strong></span> <span class='ocrx_word' id='word_1_3' title='bbox 1729 405 2192 466; x_wconf 78' lang='lat' dir='ltr'><strong>VIRGINITATE.</strong></span> <span class='ocrx_word' id='word_1_4' title='bbox 3450 417 3555 473; x_wconf 71' lang='lat'><strong>58?.</strong></span> 
     </span>
    </p>
   </div>
   <div class='ocr_carea' id='block_1_2' title="bbox 283 515 1853 589">
    <p class='ocr_par' dir='ltr' id='par_1_2' title="bbox 283 515 1853 589">
     <span class='ocr_line' id='line_1_2' title="bbox 283 515 1853 589; baseline -0.002 -13"><span class='ocrx_word' id='word_1_5' title='bbox 283 521 436 580; x_wconf 85' lang='lat' dir='ltr'><strong>multo</strong></span> <span class='ocrx_word' id='word_1_6' title='bbox 475 517 674 589; x_wconf 23' lang='lat' dir='ltr'><strong>majori,</strong></span> <span class='ocrx_word' id='word_1_7' title='bbox 706 524 944 587; x_wconf 80' lang='lat' dir='ltr'><strong>nuptam.</strong></span> <span class='ocrx_word' id='word_1_8' title='bbox 992 515 1105 570; x_wconf 87' lang='lat' dir='ltr'><strong>Non</strong></span> <span class='ocrx_word' id='word_1_9' title='bbox 1154 529 1341 586; x_wconf 90' lang='lat' dir='ltr'><strong>parum</strong></span> <span class='ocrx_word' id='word_1_10' title='bbox 1380 526 1557 572; x_wconf 88' lang='lat' dir='ltr'><strong>autem</strong></span> <span class='ocrx_word' id='word_1_11' title='bbox 1587 517 1853 573; x_wconf 84' lang='lat' dir='ltr'><strong>minorum</strong></span> 
     </span>
    </p>
   </div>
   <div class='ocr_carea' id='block_1_3' title="bbox 283 607 1852 684">
    <p class='ocr_par' dir='ltr' id='par_1_3' title="bbox 283 607 1852 684">
     <span class='ocr_line' id='line_1_3' title="bbox 283 607 1852 684; baseline -0.003 -17"><span class='ocrx_word' id='word_1_12' title='bbox 283 611 590 684; x_wconf 66' lang='lat' dir='ltr'><strong>praestantia:</strong></span> <span class='ocrx_word' id='word_1_13' title='bbox 609 608 952 678; x_wconf 86' lang='lat' dir='ltr'><strong>voluptatem,</strong></span> <span class='ocrx_word' id='word_1_14' title='bbox 972 607 1233 678; x_wconf 85' lang='lat' dir='ltr'><strong>majorum</strong></span> <span class='ocrx_word' id='word_1_15' title='bbox 1256 609 1612 678; x_wconf 65' lang='lat' dir='ltr'><strong>praecellentia</strong></span> <span class='ocrx_word' id='word_1_16' title='bbox 1643 609 1852 665; x_wconf 92' lang='lat' dir='ltr'><strong>minuit.</strong></span> 
     </span>
    </p>
   </div>
   <div class='ocr_carea' id='block_1_4' title="bbox 285 702 1859 773">
    <p class='ocr_par' dir='ltr' id='par_1_4' title="bbox 285 702 1859 773">
     <span class='ocr_line' id='line_1_4' title="bbox 285 702 1859 773; baseline 0.001 -15"><span class='ocrx_word' id='word_1_17' title='bbox 285 705 465 759; x_wconf 86' lang='lat' dir='ltr'><strong>Verum</strong></span> <span class='ocrx_word' id='word_1_18' title='bbox 504 703 691 773; x_wconf 88' lang='lat' dir='ltr'><strong>ingens</strong></span> <span class='ocrx_word' id='word_1_19' title='bbox 733 702 888 768; x_wconf 88' lang='lat' dir='ltr'><strong>auri,</strong></span> <span class='ocrx_word' id='word_1_20' title='bbox 936 705 1198 768; x_wconf 84' lang='lat' dir='ltr'><strong>vestium,</strong></span> <span class='ocrx_word' id='word_1_21' title='bbox 1245 717 1482 767; x_wconf 79' lang='lat' dir='ltr'><strong>mensze,</strong></span> <span class='ocrx_word' id='word_1_22' title='bbox 1526 703 1859 772; x_wconf 88' lang='lat' dir='ltr'><strong>aliarumque</strong></span> 
     </span>
    </p>
   </div>
   <div class='ocr_carea' id='block_1_5' title="bbox 282 793 1862 862">
    <p class='ocr_par' dir='ltr' id='par_1_5' title="bbox 282 793 1862 862">
     <span class='ocr_line' id='line_1_5' title="bbox 282 793 1862 862; baseline -0.001 -12"><span class='ocrx_word' id='word_1_23' title='bbox 282 810 444 850; x_wconf 87' lang='lat' dir='ltr'><strong>rerum</strong></span> <span class='ocrx_word' id='word_1_24' title='bbox 481 793 652 862; x_wconf 83' lang='lat' dir='ltr'><strong>c0piae</strong></span> <span class='ocrx_word' id='word_1_25' title='bbox 679 793 834 848; x_wconf 78' lang='lat' dir='ltr'><strong>luxus</strong></span> <span class='ocrx_word' id='word_1_26' title='bbox 859 834 873 859; x_wconf 94' lang='lat'><strong>,</strong></span> <span class='ocrx_word' id='word_1_27' title='bbox 904 793 1140 847; x_wconf 85' lang='lat' dir='ltr'><strong>animum</strong></span> <span class='ocrx_word' id='word_1_28' title='bbox 1171 793 1428 848; x_wconf 89' lang='lat' dir='ltr'><strong>inescabit</strong></span> <span class='ocrx_word' id='word_1_29' title='bbox 1452 801 1508 848; x_wconf 91' lang='lat' dir='ltr'><strong>et</strong></span> <span class='ocrx_word' id='word_1_30' title='bbox 1531 794 1768 850; x_wconf 85' lang='lat' dir='ltr'><strong>alliciet?</strong></span> <span class='ocrx_word' id='word_1_31' title='bbox 1797 795 1862 849; x_wconf 85' lang='lat' dir='ltr'><strong>Et</strong></span> 
     </span>
    </p>
   </div>
   <div class='ocr_carea' id='block_1_6' title="bbox 281 882 1862 955">
    <p class='ocr_par' dir='ltr' id='par_1_6' title="bbox 281 882 1862 955">
     <span class='ocr_line' id='line_1_6' title="bbox 281 882 1862 955; baseline 0.002 -18"><span class='ocrx_word' id='word_1_32' title='bbox 281 894 397 955; x_wconf 87' lang='lat' dir='ltr'><strong>quot</strong></span> <span class='ocrx_word' id='word_1_33' title='bbox 421 885 672 939; x_wconf 89' lang='lat' dir='ltr'><strong>mulieres</strong></span> <span class='ocrx_word' id='word_1_34' title='bbox 696 883 759 940; x_wconf 91' lang='lat' dir='ltr'><strong>iis</strong></span> <span class='ocrx_word' id='word_1_35' title='bbox 782 882 1092 953; x_wconf 84' lang='lat' dir='ltr'><strong>potiuntur?</strong></span> <span class='ocrx_word' id='word_1_36' title='bbox 1118 884 1545 954; x_wconf 90' lang='lat' dir='ltr'><strong>quandoquidem</strong></span> <span class='ocrx_word' id='word_1_37' title='bbox 1572 886 1742 955; x_wconf 87' lang='lat' dir='ltr'><strong>major</strong></span> <span class='ocrx_word' id='word_1_38' title='bbox 1765 885 1862 941; x_wconf 92' lang='lat' dir='ltr'><strong>ho-</strong></span> 
     </span>
    </p>
   </div>
   <div class='ocr_carea' id='block_1_7' title="bbox 281 975 1854 1049">
    <p class='ocr_par' dir='ltr' id='par_1_7' title="bbox 281 975 1854 1049">
     <span class='ocr_line' id='line_1_7' title="bbox 281 975 1854 1049; baseline 0.001 -19"><span class='ocrx_word' id='word_1_39' title='bbox 281 976 470 1031; x_wconf 87' lang='lat' dir='ltr'><strong>minum</strong></span> <span class='ocrx_word' id='word_1_40' title='bbox 512 991 638 1046; x_wconf 91' lang='lat' dir='ltr'><strong>pars</strong></span> <span class='ocrx_word' id='word_1_41' title='bbox 667 975 719 1030; x_wconf 91' lang='lat' dir='ltr'><strong>in</strong></span> <span class='ocrx_word' id='word_1_42' title='bbox 763 976 940 1046; x_wconf 83' lang='lat' dir='ltr'><strong>inOpia</strong></span> <span class='ocrx_word' id='word_1_43' title='bbox 965 1017 980 1043; x_wconf 90' lang='lat'><strong>,</strong></span> <span class='ocrx_word' id='word_1_44' title='bbox 1009 977 1264 1032; x_wconf 81' lang='lat' dir='ltr'><strong>aerumnis</strong></span> <span class='ocrx_word' id='word_1_45' title='bbox 1298 992 1360 1032; x_wconf 88' lang='lat' dir='ltr'><strong>ac</strong></span> <span class='ocrx_word' id='word_1_46' title='bbox 1390 977 1662 1033; x_wconf 88' lang='lat' dir='ltr'><strong>laboribus</strong></span> <span class='ocrx_word' id='word_1_47' title='bbox 1689 978 1854 1049; x_wconf 87' lang='lat' dir='ltr'><strong>degit.</strong></span> 
     </span>
    </p>
   </div>
   <div class='ocr_carea' id='block_1_8' title="bbox 281 1071 1850 1143">
    <p class='ocr_par' dir='ltr' id='par_1_8' title="bbox 281 1071 1850 1143">
     <span class='ocr_line' id='line_1_8' title="bbox 281 1071 1850 1143; baseline 0.001 -16"><span class='ocrx_word' id='word_1_48' title='bbox 281 1071 421 1139; x_wconf 88' lang='lat' dir='ltr'><strong>Quod</strong></span> <span class='ocrx_word' id='word_1_49' title='bbox 443 1072 488 1126; x_wconf 88' lang='lat' dir='ltr'><strong>si</strong></span> <span class='ocrx_word' id='word_1_50' title='bbox 515 1071 707 1142; x_wconf 73' lang='lat' dir='ltr'><strong>aliqua:</strong></span> <span class='ocrx_word' id='word_1_51' title='bbox 734 1073 800 1127; x_wconf 89' lang='lat' dir='ltr'><strong>iis</strong></span> <span class='ocrx_word' id='word_1_52' title='bbox 830 1074 1131 1142; x_wconf 90' lang='lat' dir='ltr'><strong>potiuntur,</strong></span> <span class='ocrx_word' id='word_1_53' title='bbox 1165 1072 1453 1128; x_wconf 88' lang='lat' dir='ltr'><strong>admodum</strong></span> <span class='ocrx_word' id='word_1_54' title='bbox 1473 1082 1600 1128; x_wconf 87' lang='lat' dir='ltr'><strong>sunt</strong></span> <span class='ocrx_word' id='word_1_55' title='bbox 1626 1089 1807 1142; x_wconf 85' lang='lat' dir='ltr'><strong>paucae</strong></span> <span class='ocrx_word' id='word_1_56' title='bbox 1834 1115 1850 1143; x_wconf 93' lang='lat'><strong>,</strong></span> 
     </span>
    </p>
   </div>
   <div class='ocr_carea' id='block_1_9' title="bbox 282 1163 1862 1236">
    <p class='ocr_par' dir='ltr' id='par_1_9' title="bbox 282 1163 1862 1236">
     <span class='ocr_line' id='line_1_9' title="bbox 282 1163 1862 1236; baseline 0.002 -16"><span class='ocrx_word' id='word_1_57' title='bbox 282 1173 333 1220; x_wconf 89' lang='lat' dir='ltr'><strong>et</strong></span> <span class='ocrx_word' id='word_1_58' title='bbox 358 1178 486 1234; x_wconf 89' lang='lat' dir='ltr'><strong>quas</strong></span> <span class='ocrx_word' id='word_1_59' title='bbox 517 1163 675 1219; x_wconf 80' lang='lat' dir='ltr'><strong>facile</strong></span> <span class='ocrx_word' id='word_1_60' title='bbox 699 1166 772 1219; x_wconf 88' lang='lat' dir='ltr'><strong>sit</strong></span> <span class='ocrx_word' id='word_1_61' title='bbox 808 1180 1127 1230; x_wconf 91' lang='lat' dir='ltr'><strong>numerare,</strong></span> <span class='ocrx_word' id='word_1_62' title='bbox 1159 1180 1344 1236; x_wconf 61' lang='lat' dir='ltr'><strong>eaeque</strong></span> <span class='ocrx_word' id='word_1_63' title='bbox 1373 1166 1501 1236; x_wconf 74' lang='lat' dir='ltr'><strong>ipsae</strong></span> <span class='ocrx_word' id='word_1_64' title='bbox 1527 1175 1723 1236; x_wconf 62' lang='lat' dir='ltr'><strong>praeter</strong></span> <span class='ocrx_word' id='word_1_65' title='bbox 1766 1167 1862 1223; x_wconf 82' lang='lat' dir='ltr'><strong>Dei</strong></span> 
     </span>
    </p>
   </div>
   <div class='ocr_carea' id='block_1_10' title="bbox 282 1254 1860 1329">
    <p class='ocr_par' dir='ltr' id='par_1_10' title="bbox 282 1254 1860 1329">
     <span class='ocr_line' id='line_1_10' title="bbox 282 1254 1860 1329; baseline 0.004 -20"><span class='ocrx_word' id='word_1_66' title='bbox 282 1254 585 1310; x_wconf 87' lang='lat' dir='ltr'><strong>sententiam</strong></span> <span class='ocrx_word' id='word_1_67' title='bbox 615 1254 846 1321; x_wconf 89' lang='lat' dir='ltr'><strong>faciunt;</strong></span> <span class='ocrx_word' id='word_1_68' title='bbox 879 1257 1008 1310; x_wconf 87' lang='lat' dir='ltr'><strong>nulli</strong></span> <span class='ocrx_word' id='word_1_69' title='bbox 1037 1258 1180 1312; x_wconf 88' lang='lat' dir='ltr'><strong>enim</strong></span> <span class='ocrx_word' id='word_1_70' title='bbox 1207 1257 1285 1313; x_wconf 86' lang='lat' dir='ltr'><strong>fas</strong></span> <span class='ocrx_word' id='word_1_71' title='bbox 1315 1267 1398 1313; x_wconf 88' lang='lat' dir='ltr'><strong>est</strong></span> <span class='ocrx_word' id='word_1_72' title='bbox 1421 1259 1475 1313; x_wconf 90' lang='lat' dir='ltr'><strong>in</strong></span> <span class='ocrx_word' id='word_1_73' title='bbox 1497 1259 1564 1314; x_wconf 91' lang='lat' dir='ltr'><strong>iis</strong></span> <span class='ocrx_word' id='word_1_74' title='bbox 1587 1258 1823 1314; x_wconf 89' lang='lat' dir='ltr'><strong>deliciari</strong></span> <span class='ocrx_word' id='word_1_75' title='bbox 1843 1301 1860 1329; x_wconf 91' lang='lat'><strong>,</strong></span> 
     </span>
    </p>
   </div>
   <div class='ocr_carea' id='block_1_11' title="bbox 282 1349 1160 1422">
    <p class='ocr_par' dir='ltr' id='par_1_11' title="bbox 282 1349 1160 1422">
     <span class='ocr_line' id='line_1_11' title="bbox 282 1349 1160 1422; baseline 0.006 -20"><span class='ocrx_word' id='word_1_76' title='bbox 282 1349 412 1419; x_wconf 88' lang='lat' dir='ltr'><strong>quod</strong></span> <span class='ocrx_word' id='word_1_77' title='bbox 441 1360 497 1406; x_wconf 89' lang='lat' dir='ltr'><strong>et</strong></span> <span class='ocrx_word' id='word_1_78' title='bbox 523 1353 772 1422; x_wconf 86' lang='lat' dir='ltr'><strong>superius</strong></span> <span class='ocrx_word' id='word_1_79' title='bbox 811 1352 1160 1407; x_wconf 90' lang='lat' dir='ltr'><strong>ostendimus.</strong></span> 
     </span>
    </p>
   </div>
   <div class='ocr_carea' id='block_1_12' title="bbox 343 1443 1865 1517">
    <p class='ocr_par' dir='ltr' id='par_1_12' title="bbox 343 1443 1865 1517">
     <span class='ocr_line' id='line_1_12' title="bbox 343 1443 1865 1517; baseline 0.001 -19"><span class='ocrx_word' id='word_1_80' title='bbox 343 1443 474 1498; x_wconf 83' lang='lat' dir='ltr'><strong>LXI.</strong></span> <span class='ocrx_word' id='word_1_81' title='bbox 513 1445 710 1498; x_wconf 83' lang='lat' dir='ltr'><strong>Aurum</strong></span> <span class='ocrx_word' id='word_1_82' title='bbox 748 1461 918 1515; x_wconf 82' lang='lat' dir='ltr'><strong>gerere</strong></span> <span class='ocrx_word' id='word_1_83' title='bbox 955 1453 1114 1499; x_wconf 76' lang='lat' dir='ltr'><strong>metus</strong></span> <span class='ocrx_word' id='word_1_84' title='bbox 1141 1461 1296 1514; x_wconf 86' lang='lat' dir='ltr'><strong>quam</strong></span> <span class='ocrx_word' id='word_1_85' title='bbox 1319 1445 1590 1516; x_wconf 78' lang='lat' dir='ltr'><strong>voluptatis</strong></span> <span class='ocrx_word' id='word_1_86' title='bbox 1619 1445 1734 1517; x_wconf 79' lang='lat' dir='ltr'><strong>plus</strong></span> <span class='ocrx_word' id='word_1_87' title='bbox 1771 1446 1865 1500; x_wconf 75' lang='lat' dir='ltr'><strong>Iza-</strong></span> 
     </span>
    </p>
   </div>
   <div class='ocr_carea' id='block_1_13' title="bbox 281 1533 1866 1606">
    <p class='ocr_par' dir='ltr' id='par_1_13' title="bbox 281 1533 1866 1606">
     <span class='ocr_line' id='line_1_13' title="bbox 281 1533 1866 1606; baseline 0.003 -18"><span class='ocrx_word' id='word_1_88' title='bbox 281 1533 472 1589; x_wconf 79' lang='lat' dir='ltr'><strong>bere.—</strong></span> <span class='ocrx_word' id='word_1_89' title='bbox 487 1534 597 1592; x_wconf 88' lang='lat' dir='ltr'><strong>Sed</strong></span> <span class='ocrx_word' id='word_1_90' title='bbox 613 1551 712 1605; x_wconf 88' lang='lat' dir='ltr'><strong>age</strong></span> <span class='ocrx_word' id='word_1_91' title='bbox 731 1536 1036 1606; x_wconf 75' lang='lat' dir='ltr'><strong>disputandi</strong></span> <span class='ocrx_word' id='word_1_92' title='bbox 1061 1537 1254 1592; x_wconf 88' lang='lat' dir='ltr'><strong>iterum</strong></span> <span class='ocrx_word' id='word_1_93' title='bbox 1271 1551 1431 1592; x_wconf 88' lang='lat' dir='ltr'><strong>causa</strong></span> <span class='ocrx_word' id='word_1_94' title='bbox 1457 1545 1513 1592; x_wconf 86' lang='lat' dir='ltr'><strong>et</strong></span> <span class='ocrx_word' id='word_1_95' title='bbox 1536 1537 1632 1592; x_wconf 88' lang='lat' dir='ltr'><strong>has</strong></span> <span class='ocrx_word' id='word_1_96' title='bbox 1648 1537 1866 1592; x_wconf 86' lang='lat' dir='ltr'><strong>delicias</strong></span> 
     </span>
    </p>
   </div>
   <div class='ocr_carea' id='block_1_14' title="bbox 281 1627 1865 1699">
    <p class='ocr_par' dir='ltr' id='par_1_14' title="bbox 281 1627 1865 1699">
     <span class='ocr_line' id='line_1_14' title="bbox 281 1627 1865 1699; baseline 0.002 -20"><span class='ocrx_word' id='word_1_97' title='bbox 281 1638 550 1682; x_wconf 85' lang='lat' dir='ltr'><strong>concessas</strong></span> <span class='ocrx_word' id='word_1_98' title='bbox 580 1641 862 1696; x_wconf 87' lang='lat' dir='ltr'><strong>ponamus,</strong></span> <span class='ocrx_word' id='word_1_99' title='bbox 893 1642 1068 1696; x_wconf 91' lang='lat' dir='ltr'><strong>neque</strong></span> <span class='ocrx_word' id='word_1_100' title='bbox 1086 1637 1177 1682; x_wconf 89' lang='lat' dir='ltr'><strong>aut</strong></span> <span class='ocrx_word' id='word_1_101' title='bbox 1199 1628 1516 1699; x_wconf 86' lang='lat' dir='ltr'><strong>prophetam</strong></span> <span class='ocrx_word' id='word_1_102' title='bbox 1533 1637 1624 1683; x_wconf 90' lang='lat' dir='ltr'><strong>aut</strong></span> <span class='ocrx_word' id='word_1_103' title='bbox 1640 1627 1865 1683; x_wconf 87' lang='lat' dir='ltr'><strong>Paulum</strong></span> 
     </span>
    </p>
   </div>
   <div class='ocr_carea' id='block_1_15' title="bbox 283 1716 1866 1790">
    <p class='ocr_par' dir='ltr' id='par_1_15' title="bbox 283 1716 1866 1790">
     <span class='ocr_line' id='line_1_15' title="bbox 283 1716 1866 1790; baseline 0.002 -19"><span class='ocrx_word' id='word_1_104' title='bbox 283 1716 566 1774; x_wconf 81' lang='lat' dir='ltr'><strong>luxuriosas</strong></span> <span class='ocrx_word' id='word_1_105' title='bbox 626 1718 878 1774; x_wconf 88' lang='lat' dir='ltr'><strong>mulieres</strong></span> <span class='ocrx_word' id='word_1_106' title='bbox 926 1718 1160 1775; x_wconf 89' lang='lat' dir='ltr'><strong>odisse:</strong></span> <span class='ocrx_word' id='word_1_107' title='bbox 1209 1735 1470 1790; x_wconf 87' lang='lat' dir='ltr'><strong>quorsum</strong></span> <span class='ocrx_word' id='word_1_108' title='bbox 1537 1720 1654 1774; x_wconf 89' lang='lat' dir='ltr'><strong>auri</strong></span> <span class='ocrx_word' id='word_1_109' title='bbox 1717 1719 1866 1774; x_wconf 84' lang='lat' dir='ltr'><strong>vim?</strong></span> 
     </span>
    </p>
   </div>
   <div class='ocr_carea' id='block_1_16' title="bbox 281 1809 1866 1881">
    <p class='ocr_par' dir='ltr' id='par_1_16' title="bbox 281 1809 1866 1881">
     <span class='ocr_line' id='line_1_16' title="bbox 281 1809 1866 1881; baseline 0.001 -17"><span class='ocrx_word' id='word_1_110' title='bbox 281 1809 466 1881; x_wconf 82' lang='lat' dir='ltr'><strong>Nempe</strong></span> <span class='ocrx_word' id='word_1_111' title='bbox 485 1811 623 1867; x_wconf 89' lang='lat' dir='ltr'><strong>nihil</strong></span> <span class='ocrx_word' id='word_1_112' title='bbox 647 1811 751 1867; x_wconf 88' lang='lat' dir='ltr'><strong>nisi</strong></span> <span class='ocrx_word' id='word_1_113' title='bbox 776 1811 974 1867; x_wconf 82' lang='lat' dir='ltr'><strong>invidia</strong></span> <span class='ocrx_word' id='word_1_114' title='bbox 1009 1820 1112 1877; x_wconf 91' lang='lat' dir='ltr'><strong>est,</strong></span> <span class='ocrx_word' id='word_1_115' title='bbox 1143 1826 1271 1867; x_wconf 90' lang='lat' dir='ltr'><strong>cura</strong></span> <span class='ocrx_word' id='word_1_116' title='bbox 1291 1821 1348 1868; x_wconf 90' lang='lat' dir='ltr'><strong>et</strong></span> <span class='ocrx_word' id='word_1_117' title='bbox 1373 1821 1547 1867; x_wconf 90' lang='lat' dir='ltr'><strong>metus</strong></span> <span class='ocrx_word' id='word_1_118' title='bbox 1577 1810 1720 1868; x_wconf 90' lang='lat' dir='ltr'><strong>haud</strong></span> <span class='ocrx_word' id='word_1_119' title='bbox 1743 1812 1866 1868; x_wconf 84' lang='lat' dir='ltr'><strong>vul-</strong></span> 
     </span>
    </p>
   </div>
   <div class='ocr_carea' id='block_1_17' title="bbox 282 1901 1866 1975">
    <p class='ocr_par' dir='ltr' id='par_1_17' title="bbox 282 1901 1866 1975">
     <span class='ocr_line' id='line_1_17' title="bbox 282 1901 1866 1975; baseline 0.001 -18"><span class='ocrx_word' id='word_1_120' title='bbox 282 1901 426 1971; x_wconf 82' lang='lat' dir='ltr'><strong>garis.</strong></span> <span class='ocrx_word' id='word_1_121' title='bbox 450 1901 593 1958; x_wconf 80' lang='lat' dir='ltr'><strong>Nam</strong></span> <span class='ocrx_word' id='word_1_122' title='bbox 637 1911 694 1958; x_wconf 88' lang='lat' dir='ltr'><strong>et</strong></span> <span class='ocrx_word' id='word_1_123' title='bbox 730 1915 797 1960; x_wconf 91' lang='lat' dir='ltr'><strong>eo</strong></span> <span class='ocrx_word' id='word_1_124' title='bbox 834 1907 889 1958; x_wconf 89' lang='lat' dir='ltr'><strong>in</strong></span> <span class='ocrx_word' id='word_1_125' title='bbox 926 1903 1200 1975; x_wconf 88' lang='lat' dir='ltr'><strong>capsulam</strong></span> <span class='ocrx_word' id='word_1_126' title='bbox 1229 1903 1474 1974; x_wconf 88' lang='lat' dir='ltr'><strong>conjecto</strong></span> <span class='ocrx_word' id='word_1_127' title='bbox 1501 1917 1564 1959; x_wconf 90' lang='lat' dir='ltr'><strong>ac</strong></span> <span class='ocrx_word' id='word_1_128' title='bbox 1589 1913 1745 1960; x_wconf 90' lang='lat' dir='ltr'><strong>nocte</strong></span> <span class='ocrx_word' id='word_1_129' title='bbox 1780 1904 1866 1959; x_wconf 92' lang='lat' dir='ltr'><strong>in-</strong></span> 
     </span>
    </p>
   </div>
   <div class='ocr_carea' id='block_1_18' title="bbox 281 1999 1867 2070">
    <p class='ocr_par' dir='ltr' id='par_1_18' title="bbox 281 1999 1867 2070">
     <span class='ocr_line' id='line_1_18' title="bbox 281 1999 1867 2070; baseline 0.002 -19"><span class='ocrx_word' id='word_1_130' title='bbox 281 2007 486 2065; x_wconf 82' lang='lat' dir='ltr'><strong>gruente</strong></span> <span class='ocrx_word' id='word_1_131' title='bbox 511 1999 662 2054; x_wconf 86' lang='lat' dir='ltr'><strong>curis</strong></span> <span class='ocrx_word' id='word_1_132' title='bbox 705 2008 992 2070; x_wconf 87' lang='lat' dir='ltr'><strong>anguntur,</strong></span> <span class='ocrx_word' id='word_1_133' title='bbox 1041 2007 1096 2056; x_wconf 91' lang='lat' dir='ltr'><strong>et</strong></span> <span class='ocrx_word' id='word_1_134' title='bbox 1123 2014 1190 2055; x_wconf 89' lang='lat' dir='ltr'><strong>eo</strong></span> <span class='ocrx_word' id='word_1_135' title='bbox 1216 1999 1412 2055; x_wconf 71' lang='lat' dir='ltr'><strong>induta:</strong></span> <span class='ocrx_word' id='word_1_136' title='bbox 1442 2007 1602 2070; x_wconf 90' lang='lat' dir='ltr'><strong>atque</strong></span> <span class='ocrx_word' id='word_1_137' title='bbox 1636 1999 1867 2055; x_wconf 89' lang='lat' dir='ltr'><strong>interdiu</strong></span> 
     </span>
    </p>
   </div>
   <div class='ocr_carea' id='block_1_19' title="bbox 282 2089 1866 2163">
    <p class='ocr_par' dir='ltr' id='par_1_19' title="bbox 282 2089 1866 2163">
     <span class='ocr_line' id='line_1_19' title="bbox 282 2089 1866 2163; baseline 0.001 -18"><span class='ocrx_word' id='word_1_138' title='bbox 282 2103 438 2158; x_wconf 71' lang='lat' dir='ltr'><strong>teque,</strong></span> <span class='ocrx_word' id='word_1_139' title='bbox 475 2089 589 2146; x_wconf 87' lang='lat' dir='ltr'><strong>imo</strong></span> <span class='ocrx_word' id='word_1_140' title='bbox 613 2091 779 2146; x_wconf 87' lang='lat' dir='ltr'><strong>etiam</strong></span> <span class='ocrx_word' id='word_1_141' title='bbox 819 2092 1010 2163; x_wconf 85' lang='lat' dir='ltr'><strong>magis,</strong></span> <span class='ocrx_word' id='word_1_142' title='bbox 1051 2091 1424 2147; x_wconf 83' lang='lat' dir='ltr'><strong>sollicitantur.</strong></span> <span class='ocrx_word' id='word_1_143' title='bbox 1468 2091 1680 2146; x_wconf 85' lang='lat' dir='ltr'><strong>Etenim</strong></span> <span class='ocrx_word' id='word_1_144' title='bbox 1718 2099 1775 2148; x_wconf 90' lang='lat' dir='ltr'><strong>et</strong></span> <span class='ocrx_word' id='word_1_145' title='bbox 1811 2093 1866 2146; x_wconf 89' lang='lat' dir='ltr'><strong>in</strong></span> 
     </span>
    </p>
   </div>
   <div class='ocr_carea' id='block_1_20' title="bbox 283 2177 1866 2253">
    <p class='ocr_par' dir='ltr' id='par_1_20' title="bbox 283 2177 1866 2253">
     <span class='ocr_line' id='line_1_20' title="bbox 283 2177 1866 2253; baseline 0.003 -19"><span class='ocrx_word' id='word_1_146' title='bbox 283 2177 468 2236; x_wconf 77' lang='lat' dir='ltr'><strong>balneis</strong></span> <span class='ocrx_word' id='word_1_147' title='bbox 492 2190 548 2236; x_wconf 91' lang='lat' dir='ltr'><strong>et</strong></span> <span class='ocrx_word' id='word_1_148' title='bbox 573 2181 631 2236; x_wconf 92' lang='lat' dir='ltr'><strong>in</strong></span> <span class='ocrx_word' id='word_1_149' title='bbox 655 2182 867 2252; x_wconf 88' lang='lat' dir='ltr'><strong>templis</strong></span> <span class='ocrx_word' id='word_1_150' title='bbox 889 2191 1088 2253; x_wconf 74' lang='lat' dir='ltr'><strong>przesto</strong></span> <span class='ocrx_word' id='word_1_151' title='bbox 1115 2191 1239 2237; x_wconf 92' lang='lat' dir='ltr'><strong>sunt</strong></span> <span class='ocrx_word' id='word_1_152' title='bbox 1257 2181 1470 2237; x_wconf 66' lang='lat' dir='ltr'><strong>feminze</strong></span> <span class='ocrx_word' id='word_1_153' title='bbox 1491 2199 1609 2253; x_wconf 84' lang='lat' dir='ltr'><strong>quae</strong></span> <span class='ocrx_word' id='word_1_154' title='bbox 1634 2183 1688 2238; x_wconf 90' lang='lat' dir='ltr'><strong>id</strong></span> <span class='ocrx_word' id='word_1_155' title='bbox 1712 2197 1866 2239; x_wconf 90' lang='lat' dir='ltr'><strong>com-</strong></span> 
     </span>
    </p>
   </div>
   <div class='ocr_carea' id='block_1_21' title="bbox 282 2273 1866 2347">
    <p class='ocr_par' dir='ltr' id='par_1_21' title="bbox 282 2273 1866 2347">
     <span class='ocr_line' id='line_1_21' title="bbox 282 2273 1866 2347; baseline 0.002 -19"><span class='ocrx_word' id='word_1_156' title='bbox 282 2273 432 2343; x_wconf 88' lang='lat' dir='ltr'><strong>pileut</strong></span> <span class='ocrx_word' id='word_1_157' title='bbox 457 2291 472 2328; x_wconf 92' lang='lat'><strong>:</strong></span> <span class='ocrx_word' id='word_1_158' title='bbox 499 2290 565 2331; x_wconf 89' lang='lat' dir='ltr'><strong>ac</strong></span> <span class='ocrx_word' id='word_1_159' title='bbox 603 2275 744 2331; x_wconf 88' lang='lat' dir='ltr'><strong>citra</strong></span> <span class='ocrx_word' id='word_1_160' title='bbox 771 2291 864 2332; x_wconf 90' lang='lat' dir='ltr'><strong>eas</strong></span> <span class='ocrx_word' id='word_1_161' title='bbox 895 2290 1107 2346; x_wconf 89' lang='lat' dir='ltr'><strong>quoque</strong></span> <span class='ocrx_word' id='word_1_162' title='bbox 1131 2276 1390 2347; x_wconf 73' lang='lat' dir='ltr'><strong>aurigera:</strong></span> <span class='ocrx_word' id='word_1_163' title='bbox 1424 2291 1452 2329; x_wconf 92' lang='lat' dir='ltr'><strong>a</strong></span> <span class='ocrx_word' id='word_1_164' title='bbox 1483 2277 1636 2331; x_wconf 89' lang='lat' dir='ltr'><strong>turba</strong></span> <span class='ocrx_word' id='word_1_165' title='bbox 1664 2289 1866 2347; x_wconf 74' lang='lat' dir='ltr'><strong>pressae</strong></span> 
     </span>
    </p>
   </div>
   <div class='ocr_carea' id='block_1_22' title="bbox 283 2367 1864 2440">
    <p class='ocr_par' dir='ltr' id='par_1_22' title="bbox 283 2367 1864 2440">
     <span class='ocr_line' id='line_1_22' title="bbox 283 2367 1864 2440; baseline 0.001 -19"><span class='ocrx_word' id='word_1_166' title='bbox 283 2376 330 2422; x_wconf 88' lang='lat' dir='ltr'><strong>et</strong></span> <span class='ocrx_word' id='word_1_167' title='bbox 361 2369 606 2440; x_wconf 73' lang='lat' dir='ltr'><strong>impulsa:</strong></span> <span class='ocrx_word' id='word_1_168' title='bbox 657 2383 762 2425; x_wconf 91' lang='lat' dir='ltr'><strong>nec</strong></span> <span class='ocrx_word' id='word_1_169' title='bbox 812 2370 1050 2425; x_wconf 89' lang='lat' dir='ltr'><strong>sentiunt</strong></span> <span class='ocrx_word' id='word_1_170' title='bbox 1095 2369 1310 2440; x_wconf 88' lang='lat' dir='ltr'><strong>quidem</strong></span> <span class='ocrx_word' id='word_1_171' title='bbox 1363 2369 1477 2424; x_wconf 89' lang='lat' dir='ltr'><strong>auri</strong></span> <span class='ocrx_word' id='word_1_172' title='bbox 1514 2369 1616 2424; x_wconf 88' lang='lat' dir='ltr'><strong>sibi</strong></span> <span class='ocrx_word' id='word_1_173' title='bbox 1665 2367 1864 2438; x_wconf 90' lang='lat' dir='ltr'><strong>aliquid</strong></span> 
     </span>
    </p>
   </div>
   <div class='ocr_carea' id='block_1_23' title="bbox 281 2459 1866 2531">
    <p class='ocr_par' dir='ltr' id='par_1_23' title="bbox 281 2459 1866 2531">
     <span class='ocr_line' id='line_1_23' title="bbox 281 2459 1866 2531; baseline 0.003 -19"><span class='ocrx_word' id='word_1_174' title='bbox 281 2459 521 2528; x_wconf 88' lang='lat' dir='ltr'><strong>elapsum.</strong></span> <span class='ocrx_word' id='word_1_175' title='bbox 576 2460 766 2531; x_wconf 83' lang='lat' dir='ltr'><strong>itaque</strong></span> <span class='ocrx_word' id='word_1_176' title='bbox 819 2461 1000 2517; x_wconf 82' lang='lat' dir='ltr'><strong>multae</strong></span> <span class='ocrx_word' id='word_1_177' title='bbox 1042 2476 1150 2516; x_wconf 90' lang='lat' dir='ltr'><strong>non</strong></span> <span class='ocrx_word' id='word_1_178' title='bbox 1189 2461 1306 2518; x_wconf 79' lang='lat' dir='ltr'><strong>haec</strong></span> <span class='ocrx_word' id='word_1_179' title='bbox 1340 2462 1534 2525; x_wconf 90' lang='lat' dir='ltr'><strong>solum,</strong></span> <span class='ocrx_word' id='word_1_180' title='bbox 1570 2461 1666 2516; x_wconf 91' lang='lat' dir='ltr'><strong>sed</strong></span> <span class='ocrx_word' id='word_1_181' title='bbox 1697 2461 1866 2516; x_wconf 91' lang='lat' dir='ltr'><strong>multo</strong></span> 
     </span>
    </p>
   </div>
   <div class='ocr_carea' id='block_1_24' title="bbox 280 2550 1866 2622">
    <p class='ocr_par' dir='ltr' id='par_1_24' title="bbox 280 2550 1866 2622">
     <span class='ocr_line' id='line_1_24' title="bbox 280 2550 1866 2622; baseline 0.003 -20"><span class='ocrx_word' id='word_1_182' title='bbox 280 2550 423 2605; x_wconf 84' lang='lat' dir='ltr'><strong>etiam</strong></span> <span class='ocrx_word' id='word_1_183' title='bbox 451 2552 778 2621; x_wconf 85' lang='lat' dir='ltr'><strong>pretiosiora</strong></span> <span class='ocrx_word' id='word_1_184' title='bbox 805 2552 1045 2618; x_wconf 89' lang='lat' dir='ltr'><strong>monilia,</strong></span> <span class='ocrx_word' id='word_1_185' title='bbox 1077 2559 1132 2607; x_wconf 89' lang='lat' dir='ltr'><strong>et</strong></span> <span class='ocrx_word' id='word_1_186' title='bbox 1154 2552 1445 2608; x_wconf 88' lang='lat' dir='ltr'><strong>rarissimis</strong></span> <span class='ocrx_word' id='word_1_187' title='bbox 1464 2551 1690 2622; x_wconf 87' lang='lat' dir='ltr'><strong>gemmis</strong></span> <span class='ocrx_word' id='word_1_188' title='bbox 1707 2551 1866 2606; x_wconf 89' lang='lat' dir='ltr'><strong>ador-</strong></span> 
     </span>
    </p>
   </div>
   <div class='ocr_carea' id='block_1_25' title="bbox 282 2645 1381 2716">
    <p class='ocr_par' dir='ltr' id='par_1_25' title="bbox 282 2645 1381 2716">
     <span class='ocr_line' id='line_1_25' title="bbox 282 2645 1381 2716; baseline 0.004 -21"><span class='ocrx_word' id='word_1_189' title='bbox 282 2652 412 2709; x_wconf 84' lang='lat' dir='ltr'><strong>nata,</strong></span> <span class='ocrx_word' id='word_1_190' title='bbox 435 2645 656 2700; x_wconf 85' lang='lat' dir='ltr'><strong>revulsa</strong></span> <span class='ocrx_word' id='word_1_191' title='bbox 683 2659 746 2700; x_wconf 87' lang='lat' dir='ltr'><strong>ac</strong></span> <span class='ocrx_word' id='word_1_192' title='bbox 766 2645 986 2716; x_wconf 89' lang='lat' dir='ltr'><strong>delapsa</strong></span> <span class='ocrx_word' id='word_1_193' title='bbox 1014 2645 1381 2715; x_wconf 90' lang='lat' dir='ltr'><strong>perdiderunt.</strong></span> 
     </span>
    </p>
   </div>
   <div class='ocr_carea' id='block_1_26' title="bbox 341 2735 1866 2810">
    <p class='ocr_par' dir='ltr' id='par_1_26' title="bbox 341 2735 1866 2810">
     <span class='ocr_line' id='line_1_26' title="bbox 341 2735 1866 2810; baseline 0.001 -20"><span class='ocrx_word' id='word_1_194' title='bbox 341 2735 495 2791; x_wconf 86' lang='lat' dir='ltr'><strong>LXII.</strong></span> <span class='ocrx_word' id='word_1_195' title='bbox 528 2736 710 2792; x_wconf 80' lang='lat' dir='ltr'><strong>Aurea</strong></span> <span class='ocrx_word' id='word_1_196' title='bbox 748 2747 1046 2792; x_wconf 82' lang='lat' dir='ltr'><strong>ornamenta</strong></span> <span class='ocrx_word' id='word_1_197' title='bbox 1078 2747 1126 2792; x_wconf 87' lang='lat' dir='ltr'><strong>et</strong></span> <span class='ocrx_word' id='word_1_198' title='bbox 1160 2741 1340 2810; x_wconf 73' lang='lat' dir='ltr'><strong>[omne</strong></span> <span class='ocrx_word' id='word_1_199' title='bbox 1371 2753 1568 2803; x_wconf 83' lang='lat' dir='ltr'><strong>nocere,</strong></span> <span class='ocrx_word' id='word_1_200' title='bbox 1608 2747 1656 2792; x_wconf 88' lang='lat' dir='ltr'><strong>et</strong></span> <span class='ocrx_word' id='word_1_201' title='bbox 1679 2754 1866 2810; x_wconf 86' lang='lat' dir='ltr'><strong>augere</strong></span> 
     </span>
    </p>
   </div>
   <div class='ocr_carea' id='block_1_27' title="bbox 281 2825 1864 2900">
    <p class='ocr_par' dir='ltr' id='par_1_27' title="bbox 281 2825 1864 2900">
     <span class='ocr_line' id='line_1_27' title="bbox 281 2825 1864 2900; baseline 0.003 -20"><span class='ocrx_word' id='word_1_202' title='bbox 281 2825 663 2896; x_wconf 77' lang='lat' dir='ltr'><strong>deformitatem.</strong></span> <span class='ocrx_word' id='word_1_203' title='bbox 689 2859 762 2871; x_wconf 88' lang='lat'><strong>—-</strong></span> <span class='ocrx_word' id='word_1_204' title='bbox 785 2830 898 2900; x_wconf 89' lang='lat' dir='ltr'><strong>Age</strong></span> <span class='ocrx_word' id='word_1_205' title='bbox 922 2844 1054 2886; x_wconf 89' lang='lat' dir='ltr'><strong>vero</strong></span> <span class='ocrx_word' id='word_1_206' title='bbox 1091 2844 1265 2899; x_wconf 89' lang='lat' dir='ltr'><strong>neque</strong></span> <span class='ocrx_word' id='word_1_207' title='bbox 1295 2829 1384 2885; x_wconf 94' lang='lat' dir='ltr'><strong>hic</strong></span> <span class='ocrx_word' id='word_1_208' title='bbox 1425 2838 1600 2885; x_wconf 91' lang='lat' dir='ltr'><strong>terror</strong></span> <span class='ocrx_word' id='word_1_209' title='bbox 1638 2831 1728 2896; x_wconf 91' lang='lat' dir='ltr'><strong>sit,</strong></span> <span class='ocrx_word' id='word_1_210' title='bbox 1768 2829 1864 2886; x_wconf 90' lang='lat' dir='ltr'><strong>sed</strong></span> 
     </span>
    </p>
   </div>
   <div class='ocr_carea' id='block_1_28' title="bbox 283 2921 1860 2995">
    <p class='ocr_par' dir='ltr' id='par_1_28' title="bbox 283 2921 1860 2995">
     <span class='ocr_line' id='line_1_28' title="bbox 283 2921 1860 2995; baseline 0 -17"><span class='ocrx_word' id='word_1_211' title='bbox 283 2921 382 2979; x_wconf 66' lang='lat' dir='ltr'><strong>Inc</strong></span> <span class='ocrx_word' id='word_1_212' title='bbox 399 2925 554 2982; x_wconf 88' lang='lat' dir='ltr'><strong>etiam</strong></span> <span class='ocrx_word' id='word_1_213' title='bbox 572 2940 707 2982; x_wconf 88' lang='lat' dir='ltr'><strong>cura</strong></span> <span class='ocrx_word' id='word_1_214' title='bbox 723 2932 968 2994; x_wconf 82' lang='lat' dir='ltr'><strong>exempta</strong></span> <span class='ocrx_word' id='word_1_215' title='bbox 979 2925 1050 2979; x_wconf 89' lang='lat' dir='ltr'><strong>sit</strong></span> <span class='ocrx_word' id='word_1_216' title='bbox 1067 2942 1081 2979; x_wconf 92' lang='lat'><strong>:</strong></span> <span class='ocrx_word' id='word_1_217' title='bbox 1100 2925 1191 2995; x_wconf 89' lang='lat' dir='ltr'><strong>qui</strong></span> <span class='ocrx_word' id='word_1_218' title='bbox 1210 2922 1410 2980; x_wconf 78' lang='lat' dir='ltr'><strong>refert?</strong></span> <span class='ocrx_word' id='word_1_219' title='bbox 1428 2923 1860 2995; x_wconf 86' lang='lat' dir='ltr'><strong>Viditquispiam,</strong></span> 
     </span>
    </p>
   </div>
   <div class='ocr_carea' id='block_1_29' title="bbox 281 3015 1864 3087">
    <p class='ocr_par' dir='ltr' id='par_1_29' title="bbox 281 3015 1864 3087">
     <span class='ocr_line' id='line_1_29' title="bbox 281 3015 1864 3087; baseline 0.001 -18"><span class='ocrx_word' id='word_1_220' title='bbox 281 3015 450 3087; x_wconf 85' lang='lat' dir='ltr'><strong>inquit,</strong></span> <span class='ocrx_word' id='word_1_221' title='bbox 499 3033 564 3073; x_wconf 90' lang='lat' dir='ltr'><strong>ac</strong></span> <span class='ocrx_word' id='word_1_222' title='bbox 605 3018 832 3072; x_wconf 87' lang='lat' dir='ltr'><strong>miratus</strong></span> <span class='ocrx_word' id='word_1_223' title='bbox 870 3026 972 3074; x_wconf 87' lang='lat' dir='ltr'><strong>est.</strong></span> <span class='ocrx_word' id='word_1_224' title='bbox 1008 3018 1079 3072; x_wconf 81' lang='lat' dir='ltr'><strong>At</strong></span> <span class='ocrx_word' id='word_1_225' title='bbox 1115 3032 1223 3072; x_wconf 91' lang='lat' dir='ltr'><strong>non</strong></span> <span class='ocrx_word' id='word_1_226' title='bbox 1267 3024 1533 3084; x_wconf 91' lang='lat' dir='ltr'><strong>ornatam,</strong></span> <span class='ocrx_word' id='word_1_227' title='bbox 1575 3015 1670 3071; x_wconf 91' lang='lat' dir='ltr'><strong>sed</strong></span> <span class='ocrx_word' id='word_1_228' title='bbox 1699 3030 1864 3072; x_wconf 87' lang='lat' dir='ltr'><strong>orna-</strong></span> 
     </span>
    </p>
   </div>
   <div class='ocr_carea' id='block_1_30' title="bbox 281 3107 1861 3178">
    <p class='ocr_par' dir='ltr' id='par_1_30' title="bbox 281 3107 1861 3178">
     <span class='ocr_line' id='line_1_30' title="bbox 281 3107 1861 3178; baseline 0 -18"><span class='ocrx_word' id='word_1_229' title='bbox 281 3117 459 3177; x_wconf 88' lang='lat' dir='ltr'><strong>menta,</strong></span> <span class='ocrx_word' id='word_1_230' title='bbox 500 3109 657 3164; x_wconf 90' lang='lat' dir='ltr'><strong>illam</strong></span> <span class='ocrx_word' id='word_1_231' title='bbox 697 3118 874 3164; x_wconf 90' lang='lat' dir='ltr'><strong>autem</strong></span> <span class='ocrx_word' id='word_1_232' title='bbox 911 3123 1055 3178; x_wconf 62' lang='lat' dir='ltr'><strong>saepe</strong></span> <span class='ocrx_word' id='word_1_233' title='bbox 1089 3109 1176 3164; x_wconf 91' lang='lat' dir='ltr'><strong>vel</strong></span> <span class='ocrx_word' id='word_1_234' title='bbox 1215 3107 1285 3162; x_wconf 89' lang='lat' dir='ltr'><strong>oh</strong></span> <span class='ocrx_word' id='word_1_235' title='bbox 1313 3122 1375 3163; x_wconf 91' lang='lat' dir='ltr'><strong>ea</strong></span> <span class='ocrx_word' id='word_1_236' title='bbox 1405 3107 1718 3163; x_wconf 88' lang='lat' dir='ltr'><strong>criminatus</strong></span> <span class='ocrx_word' id='word_1_237' title='bbox 1758 3115 1861 3173; x_wconf 89' lang='lat' dir='ltr'><strong>est,</strong></span> 
     </span>
    </p>
   </div>
   <div class='ocr_carea' id='block_1_31' title="bbox 283 3198 1864 3270">
    <p class='ocr_par' dir='ltr' id='par_1_31' title="bbox 283 3198 1864 3270">
     <span class='ocr_line' id='line_1_31' title="bbox 283 3198 1864 3270; baseline 0.002 -19"><span class='ocrx_word' id='word_1_238' title='bbox 283 3199 416 3266; x_wconf 80' lang='lat' dir='ltr'><strong>quasi</strong></span> <span class='ocrx_word' id='word_1_239' title='bbox 442 3209 644 3270; x_wconf 83' lang='lat' dir='ltr'><strong>praeter</strong></span> <span class='ocrx_word' id='word_1_240' title='bbox 671 3199 982 3270; x_wconf 85' lang='lat' dir='ltr'><strong>dignitatem</strong></span> <span class='ocrx_word' id='word_1_241' title='bbox 1008 3200 1072 3256; x_wconf 91' lang='lat' dir='ltr'><strong>iis</strong></span> <span class='ocrx_word' id='word_1_242' title='bbox 1098 3209 1363 3254; x_wconf 87' lang='lat' dir='ltr'><strong>ornatam.</strong></span> <span class='ocrx_word' id='word_1_243' title='bbox 1400 3198 1533 3253; x_wconf 85' lang='lat' dir='ltr'><strong>Nam</strong></span> <span class='ocrx_word' id='word_1_244' title='bbox 1563 3199 1607 3254; x_wconf 93' lang='lat' dir='ltr'><strong>si</strong></span> <span class='ocrx_word' id='word_1_245' title='bbox 1631 3199 1864 3255; x_wconf 86' lang='lat' dir='ltr'><strong>formosa</strong></span> 
     </span>
    </p>
   </div>
   <div class='ocr_carea' id='block_1_32' title="bbox 282 3289 1864 3362">
    <p class='ocr_par' dir='ltr' id='par_1_32' title="bbox 282 3289 1864 3362">
     <span class='ocr_line' id='line_1_32' title="bbox 282 3289 1864 3362; baseline 0.003 -21"><span class='ocrx_word' id='word_1_246' title='bbox 282 3290 359 3353; x_wconf 85' lang='lat' dir='ltr'><strong>sit,</strong></span> <span class='ocrx_word' id='word_1_247' title='bbox 385 3299 586 3346; x_wconf 64' lang='lat' dir='ltr'><strong>natura:</strong></span> <span class='ocrx_word' id='word_1_248' title='bbox 628 3291 1082 3360; x_wconf 87' lang='lat' dir='ltr'><strong>pulchritudinem</strong></span> <span class='ocrx_word' id='word_1_249' title='bbox 1127 3290 1305 3360; x_wconf 89' lang='lat' dir='ltr'><strong>perdit</strong></span> <span class='ocrx_word' id='word_1_250' title='bbox 1336 3307 1350 3344; x_wconf 91' lang='lat'><strong>:</strong></span> <span class='ocrx_word' id='word_1_251' title='bbox 1381 3289 1644 3361; x_wconf 91' lang='lat' dir='ltr'><strong>siquidem</strong></span> <span class='ocrx_word' id='word_1_252' title='bbox 1677 3290 1864 3362; x_wconf 85' lang='lat' dir='ltr'><strong>ingens</strong></span> 
     </span>
    </p>
   </div>
   <div class='ocr_carea' id='block_1_33' title="bbox 283 3381 1864 3454">
    <p class='ocr_par' dir='ltr' id='par_1_33' title="bbox 283 3381 1864 3454">
     <span class='ocr_line' id='line_1_33' title="bbox 283 3381 1864 3454; baseline 0.003 -20"><span class='ocrx_word' id='word_1_253' title='bbox 283 3381 360 3437; x_wconf 88' lang='lat' dir='ltr'><strong>ille</strong></span> <span class='ocrx_word' id='word_1_254' title='bbox 385 3384 617 3439; x_wconf 87' lang='lat' dir='ltr'><strong>mundus</strong></span> <span class='ocrx_word' id='word_1_255' title='bbox 645 3399 762 3439; x_wconf 88' lang='lat' dir='ltr'><strong>eam</strong></span> <span class='ocrx_word' id='word_1_256' title='bbox 791 3383 989 3438; x_wconf 91' lang='lat' dir='ltr'><strong>nudam</strong></span> <span class='ocrx_word' id='word_1_257' title='bbox 1013 3398 1277 3454; x_wconf 88' lang='lat' dir='ltr'><strong>apparere</strong></span> <span class='ocrx_word' id='word_1_258' title='bbox 1299 3400 1406 3438; x_wconf 92' lang='lat' dir='ltr'><strong>non</strong></span> <span class='ocrx_word' id='word_1_259' title='bbox 1435 3384 1714 3453; x_wconf 89' lang='lat' dir='ltr'><strong>permittit,</strong></span> <span class='ocrx_word' id='word_1_260' title='bbox 1747 3400 1864 3438; x_wconf 89' lang='lat' dir='ltr'><strong>ma-</strong></span> 
     </span>
    </p>
   </div>
   <div class='ocr_carea' id='block_1_34' title="bbox 281 3475 1859 3545">
    <p class='ocr_par' dir='ltr' id='par_1_34' title="bbox 281 3475 1859 3545">
     <span class='ocr_line' id='line_1_34' title="bbox 281 3475 1859 3545; baseline 0.004 -21"><span class='ocrx_word' id='word_1_261' title='bbox 281 3485 419 3540; x_wconf 80' lang='lat' dir='ltr'><strong>gnam</strong></span> <span class='ocrx_word' id='word_1_262' title='bbox 457 3475 577 3545; x_wconf 88' lang='lat' dir='ltr'><strong>ejus</strong></span> <span class='ocrx_word' id='word_1_263' title='bbox 611 3485 817 3544; x_wconf 90' lang='lat' dir='ltr'><strong>partem</strong></span> <span class='ocrx_word' id='word_1_264' title='bbox 851 3475 1098 3530; x_wconf 83' lang='lat' dir='ltr'><strong>auferens</strong></span> <span class='ocrx_word' id='word_1_265' title='bbox 1131 3491 1145 3528; x_wconf 92' lang='lat'><strong>:</strong></span> <span class='ocrx_word' id='word_1_266' title='bbox 1188 3475 1270 3530; x_wconf 89' lang='lat' dir='ltr'><strong>sin</strong></span> <span class='ocrx_word' id='word_1_267' title='bbox 1315 3482 1453 3530; x_wconf 89' lang='lat' dir='ltr'><strong>tetra</strong></span> <span class='ocrx_word' id='word_1_268' title='bbox 1494 3490 1558 3530; x_wconf 92' lang='lat' dir='ltr'><strong>ac</strong></span> <span class='ocrx_word' id='word_1_269' title='bbox 1582 3475 1859 3543; x_wconf 90' lang='lat' dir='ltr'><strong>deformis,</strong></span> 
     </span>
    </p>
   </div>
   <div class='ocr_carea' id='block_1_35' title="bbox 283 3563 1864 3637">
    <p class='ocr_par' dir='ltr' id='par_1_35' title="bbox 283 3563 1864 3637">
     <span class='ocr_line' id='line_1_35' title="bbox 283 3563 1864 3637; baseline 0.006 -23"><span class='ocrx_word' id='word_1_270' title='bbox 283 3563 353 3616; x_wconf 87' lang='lat' dir='ltr'><strong>vel</strong></span> <span class='ocrx_word' id='word_1_271' title='bbox 381 3579 442 3618; x_wconf 92' lang='lat' dir='ltr'><strong>eo</strong></span> <span class='ocrx_word' id='word_1_272' title='bbox 462 3565 766 3636; x_wconf 86' lang='lat' dir='ltr'><strong>turpiorem</strong></span> <span class='ocrx_word' id='word_1_273' title='bbox 796 3580 854 3620; x_wconf 89' lang='lat' dir='ltr'><strong>se</strong></span> <span class='ocrx_word' id='word_1_274' title='bbox 882 3566 1119 3620; x_wconf 82' lang='lat' dir='ltr'><strong>exhibet.</strong></span> <span class='ocrx_word' id='word_1_275' title='bbox 1151 3565 1469 3621; x_wconf 89' lang='lat' dir='ltr'><strong>Deformitas</strong></span> <span class='ocrx_word' id='word_1_276' title='bbox 1503 3567 1645 3621; x_wconf 90' lang='lat' dir='ltr'><strong>enim</strong></span> <span class='ocrx_word' id='word_1_277' title='bbox 1669 3567 1864 3637; x_wconf 90' lang='lat' dir='ltr'><strong>ubique</strong></span> 
     </span>
    </p>
   </div>
   <div class='ocr_carea' id='block_1_36' title="bbox 282 3653 1858 3728">
    <p class='ocr_par' dir='ltr' id='par_1_36' title="bbox 282 3653 1858 3728">
     <span class='ocr_line' id='line_1_36' title="bbox 282 3653 1858 3728; baseline 0.004 -21"><span class='ocrx_word' id='word_1_278' title='bbox 282 3653 378 3708; x_wconf 86' lang='lat' dir='ltr'><strong>sola</strong></span> <span class='ocrx_word' id='word_1_279' title='bbox 415 3669 706 3726; x_wconf 87' lang='lat' dir='ltr'><strong>apparens,</strong></span> <span class='ocrx_word' id='word_1_280' title='bbox 747 3665 1174 3727; x_wconf 86' lang='lat' dir='ltr'><strong>quantacumque</strong></span> <span class='ocrx_word' id='word_1_281' title='bbox 1217 3667 1318 3724; x_wconf 92' lang='lat' dir='ltr'><strong>est,</strong></span> <span class='ocrx_word' id='word_1_282' title='bbox 1356 3665 1579 3728; x_wconf 87' lang='lat' dir='ltr'><strong>apparet</strong></span> <span class='ocrx_word' id='word_1_283' title='bbox 1606 3667 1810 3714; x_wconf 91' lang='lat' dir='ltr'><strong>tantum</strong></span> <span class='ocrx_word' id='word_1_284' title='bbox 1845 3677 1858 3713; x_wconf 89' lang='lat'>:</span> 
     </span>
    </p>
   </div>
   <div class='ocr_carea' id='block_1_37' title="bbox 283 3746 1862 3824">
    <p class='ocr_par' dir='ltr' id='par_1_37' title="bbox 283 3746 1862 3824">
     <span class='ocr_line' id='line_1_37' title="bbox 283 3746 1862 3824; baseline 0.005 -23"><span class='ocrx_word' id='word_1_285' title='bbox 283 3746 406 3813; x_wconf 84' lang='lat' dir='ltr'><strong>quod</strong></span> <span class='ocrx_word' id='word_1_286' title='bbox 431 3750 473 3803; x_wconf 92' lang='lat' dir='ltr'><strong>si</strong></span> <span class='ocrx_word' id='word_1_287' title='bbox 497 3763 836 3820; x_wconf 86' lang='lat' dir='ltr'><strong>gemmarum</strong></span> <span class='ocrx_word' id='word_1_288' title='bbox 867 3749 1140 3820; x_wconf 87' lang='lat' dir='ltr'><strong>splendor,</strong></span> <span class='ocrx_word' id='word_1_289' title='bbox 1183 3757 1275 3806; x_wconf 89' lang='lat' dir='ltr'><strong>aut</strong></span> <span class='ocrx_word' id='word_1_290' title='bbox 1309 3751 1528 3808; x_wconf 89' lang='lat' dir='ltr'><strong>alterius</strong></span> <span class='ocrx_word' id='word_1_291' title='bbox 1547 3752 1862 3824; x_wconf 89' lang='lat' dir='ltr'><strong>cujusquam</strong></span> 
     </span>
    </p>
   </div>
   <div class='ocr_carea' id='block_1_38' title="bbox 281 3837 1860 3913">
    <p class='ocr_par' dir='ltr' id='par_1_38' title="bbox 281 3837 1860 3913">
     <span class='ocr_line' id='line_1_38' title="bbox 281 3837 1860 3913; baseline 0.008 -25"><span class='ocrx_word' id='word_1_292' title='bbox 281 3837 496 3894; x_wconf 65' lang='lat' dir='ltr'><strong>materia:</strong></span> <span class='ocrx_word' id='word_1_293' title='bbox 517 3837 866 3909; x_wconf 87' lang='lat' dir='ltr'><strong>pulchritudo</strong></span> <span class='ocrx_word' id='word_1_294' title='bbox 880 3839 1244 3907; x_wconf 88' lang='lat' dir='ltr'><strong>admoveatur,</strong></span> <span class='ocrx_word' id='word_1_295' title='bbox 1274 3841 1530 3898; x_wconf 76' lang='lat' dir='ltr'><strong>fteditatis</strong></span> <span class='ocrx_word' id='word_1_296' title='bbox 1555 3843 1672 3913; x_wconf 89' lang='lat' dir='ltr'><strong>plus</strong></span> <span class='ocrx_word' id='word_1_297' title='bbox 1701 3846 1860 3900; x_wconf 91' lang='lat' dir='ltr'><strong>etiam</strong></span> 
     </span>
    </p>
   </div>
   <div class='ocr_carea' id='block_1_39' title="bbox 282 3928 1860 4002">
    <p class='ocr_par' dir='ltr' id='par_1_39' title="bbox 282 3928 1860 4002">
     <span class='ocr_line' id='line_1_39' title="bbox 282 3928 1860 4002; baseline 0.008 -23"><span class='ocrx_word' id='word_1_298' title='bbox 282 3929 548 3984; x_wconf 86' lang='lat' dir='ltr'><strong>contrahit.</strong></span> <span class='ocrx_word' id='word_1_299' title='bbox 603 3928 738 3984; x_wconf 86' lang='lat' dir='ltr'><strong>Nam</strong></span> <span class='ocrx_word' id='word_1_300' title='bbox 777 3939 832 3985; x_wconf 87' lang='lat' dir='ltr'><strong>et</strong></span> <span class='ocrx_word' id='word_1_301' title='bbox 864 3931 1105 4002; x_wconf 89' lang='lat' dir='ltr'><strong>corporis</strong></span> <span class='ocrx_word' id='word_1_302' title='bbox 1147 3942 1380 3988; x_wconf 90' lang='lat' dir='ltr'><strong>atrorem</strong></span> <span class='ocrx_word' id='word_1_303' title='bbox 1411 3934 1578 3989; x_wconf 92' lang='lat' dir='ltr'><strong>multo</strong></span> <span class='ocrx_word' id='word_1_304' title='bbox 1606 3937 1860 3992; x_wconf 89' lang='lat' dir='ltr'><strong>atriorem</strong></span> 
     </span>
    </p>
   </div>
   <div class='ocr_carea' id='block_1_40' title="bbox 281 4017 1862 4098">
    <p class='ocr_par' dir='ltr' id='par_1_40' title="bbox 281 4017 1862 4098">
     <span class='ocr_line' id='line_1_40' title="bbox 281 4017 1862 4098; baseline 0.008 -26"><span class='ocrx_word' id='word_1_305' title='bbox 281 4017 546 4080; x_wconf 87' lang='lat' dir='ltr'><strong>imminens</strong></span> <span class='ocrx_word' id='word_1_306' title='bbox 580 4024 887 4095; x_wconf 73' lang='lat' dir='ltr'><strong>margarita:</strong></span> <span class='ocrx_word' id='word_1_307' title='bbox 920 4024 1122 4092; x_wconf 91' lang='lat' dir='ltr'><strong>lumen,</strong></span> <span class='ocrx_word' id='word_1_308' title='bbox 1161 4035 1213 4082; x_wconf 92' lang='lat' dir='ltr'><strong>et</strong></span> <span class='ocrx_word' id='word_1_309' title='bbox 1244 4036 1510 4098; x_wconf 88' lang='lat' dir='ltr'><strong>tamquam</strong></span> <span class='ocrx_word' id='word_1_310' title='bbox 1550 4030 1600 4082; x_wconf 92' lang='lat' dir='ltr'><strong>in</strong></span> <span class='ocrx_word' id='word_1_311' title='bbox 1627 4028 1862 4084; x_wconf 88' lang='lat' dir='ltr'><strong>tenebris</strong></span> 
     </span>
    </p>
   </div>
   <div class='ocr_carea' id='block_1_41' title="bbox 281 4107 1860 4186">
    <p class='ocr_par' dir='ltr' id='par_1_41' title="bbox 281 4107 1860 4186">
     <span class='ocr_line' id='line_1_41' title="bbox 281 4107 1860 4186; baseline 0.008 -24"><span class='ocrx_word' id='word_1_312' title='bbox 281 4111 482 4180; x_wconf 87' lang='lat' dir='ltr'><strong>micans,</strong></span> <span class='ocrx_word' id='word_1_313' title='bbox 526 4124 904 4182; x_wconf 68' lang='lat' dir='ltr'><strong>repraesentat,</strong></span> <span class='ocrx_word' id='word_1_314' title='bbox 948 4125 1003 4170; x_wconf 92' lang='lat' dir='ltr'><strong>et</strong></span> <span class='ocrx_word' id='word_1_315' title='bbox 1028 4107 1140 4172; x_wconf 80' lang='lat' dir='ltr'><strong>oris</strong></span> <span class='ocrx_word' id='word_1_316' title='bbox 1177 4117 1491 4186; x_wconf 87' lang='lat' dir='ltr'><strong>pravitatem</strong></span> <span class='ocrx_word' id='word_1_317' title='bbox 1519 4119 1746 4175; x_wconf 91' lang='lat' dir='ltr'><strong>vestium</strong></span> <span class='ocrx_word' id='word_1_318' title='bbox 1775 4119 1860 4174; x_wconf 88' lang='lat' dir='ltr'><strong>di-</strong></span> 
     </span>
    </p>
   </div>
   <div class='ocr_carea' id='block_1_42' title="bbox 279 4204 1862 4282">
    <p class='ocr_par' dir='ltr' id='par_1_42' title="bbox 279 4204 1862 4282">
     <span class='ocr_line' id='line_1_42' title="bbox 279 4204 1862 4282; baseline 0.007 -25"><span class='ocrx_word' id='word_1_319' title='bbox 279 4204 403 4258; x_wconf 81' lang='lat' dir='ltr'><strong>versi</strong></span> <span class='ocrx_word' id='word_1_320' title='bbox 425 4207 644 4263; x_wconf 89' lang='lat' dir='ltr'><strong>colores</strong></span> <span class='ocrx_word' id='word_1_321' title='bbox 664 4207 821 4278; x_wconf 86' lang='lat' dir='ltr'><strong>longe</strong></span> <span class='ocrx_word' id='word_1_322' title='bbox 851 4207 1127 4264; x_wconf 91' lang='lat' dir='ltr'><strong>tetriorem</strong></span> <span class='ocrx_word' id='word_1_323' title='bbox 1148 4209 1536 4278; x_wconf 86' lang='lat' dir='ltr'><strong>demonstrant,</strong></span> <span class='ocrx_word' id='word_1_324' title='bbox 1563 4211 1654 4282; x_wconf 90' lang='lat' dir='ltr'><strong>qui</strong></span> <span class='ocrx_word' id='word_1_325' title='bbox 1684 4212 1862 4268; x_wconf 80' lang='lat' dir='ltr'><strong>vultus</strong></span> 
     </span>
    </p>
   </div>
   <div class='ocr_carea' id='block_1_43' title="bbox 279 4291 1858 4372">
    <p class='ocr_par' dir='ltr' id='par_1_43' title="bbox 279 4291 1858 4372">
     <span class='ocr_line' id='line_1_43' title="bbox 279 4291 1858 4372; baseline 0.007 -26"><span class='ocrx_word' id='word_1_326' title='bbox 279 4291 486 4352; x_wconf 89' lang='lat' dir='ltr'><strong>formam</strong></span> <span class='ocrx_word' id='word_1_327' title='bbox 517 4313 556 4351; x_wconf 85' lang='lat' dir='ltr'><strong>a</strong></span> <span class='ocrx_word' id='word_1_328' title='bbox 591 4299 980 4368; x_wconf 86' lang='lat' dir='ltr'><strong>spectatoribus</strong></span> <span class='ocrx_word' id='word_1_329' title='bbox 1020 4302 1245 4356; x_wconf 88' lang='lat' dir='ltr'><strong>seorsim</strong></span> <span class='ocrx_word' id='word_1_330' title='bbox 1281 4301 1488 4357; x_wconf 89' lang='lat' dir='ltr'><strong>censeri</strong></span> <span class='ocrx_word' id='word_1_331' title='bbox 1525 4315 1633 4356; x_wconf 91' lang='lat' dir='ltr'><strong>non</strong></span> <span class='ocrx_word' id='word_1_332' title='bbox 1659 4303 1858 4372; x_wconf 88' lang='lat' dir='ltr'><strong>sinant,</strong></span> 
     </span>
    </p>
   </div>
   <div class='ocr_carea' id='block_1_44' title="bbox 277 4386 1858 4465">
    <p class='ocr_par' dir='ltr' id='par_1_44' title="bbox 277 4386 1858 4465">
     <span class='ocr_line' id='line_1_44' title="bbox 277 4386 1858 4465; baseline 0.006 -23"><span class='ocrx_word' id='word_1_333' title='bbox 277 4386 490 4444; x_wconf 72' lang='lat' dir='ltr'><strong>sedcum</strong></span> <span class='ocrx_word' id='word_1_334' title='bbox 513 4390 618 4448; x_wconf 83' lang='lat' dir='ltr'><strong>illo</strong></span> <span class='ocrx_word' id='word_1_335' title='bbox 644 4399 760 4448; x_wconf 88' lang='lat' dir='ltr'><strong>arte</strong></span> <span class='ocrx_word' id='word_1_336' title='bbox 786 4393 1012 4462; x_wconf 69' lang='lat' dir='ltr'><strong>quaesito</strong></span> <span class='ocrx_word' id='word_1_337' title='bbox 1037 4394 1338 4465; x_wconf 85' lang='lat' dir='ltr'><strong>eximioque</strong></span> <span class='ocrx_word' id='word_1_338' title='bbox 1362 4393 1557 4450; x_wconf 90' lang='lat' dir='ltr'><strong>decore</strong></span> <span class='ocrx_word' id='word_1_339' title='bbox 1581 4395 1858 4452; x_wconf 89' lang='lat' dir='ltr'><strong>collatam:</strong></span> 
     </span>
    </p>
   </div>
   <div class='ocr_carea' id='block_1_45' title="bbox 278 4479 1859 4556">
    <p class='ocr_par' dir='ltr' id='par_1_45' title="bbox 278 4479 1859 4556">
     <span class='ocr_line' id='line_1_45' title="bbox 278 4479 1859 4556; baseline 0.006 -22"><span class='ocrx_word' id='word_1_340' title='bbox 278 4479 404 4536; x_wconf 87' lang='lat' dir='ltr'><strong>unde</strong></span> <span class='ocrx_word' id='word_1_341' title='bbox 439 4483 517 4551; x_wconf 87' lang='lat' dir='ltr'><strong>tit,</strong></span> <span class='ocrx_word' id='word_1_342' title='bbox 578 4492 639 4538; x_wconf 91' lang='lat' dir='ltr'><strong>ut</strong></span> <span class='ocrx_word' id='word_1_343' title='bbox 686 4485 857 4556; x_wconf 86' lang='lat' dir='ltr'><strong>magis</strong></span> <span class='ocrx_word' id='word_1_344' title='bbox 897 4487 1140 4556; x_wconf 89' lang='lat' dir='ltr'><strong>superari</strong></span> <span class='ocrx_word' id='word_1_345' title='bbox 1178 4487 1439 4542; x_wconf 86' lang='lat' dir='ltr'><strong>videatur.</strong></span> <span class='ocrx_word' id='word_1_346' title='bbox 1476 4487 1679 4543; x_wconf 90' lang='lat' dir='ltr'><strong>Aurum</strong></span> <span class='ocrx_word' id='word_1_347' title='bbox 1716 4489 1859 4544; x_wconf 89' lang='lat' dir='ltr'><strong>enim</strong></span> 
     </span>
    </p>
   </div>
   <div class='ocr_carea' id='block_1_46' title="bbox 277 4572 1858 4648">
    <p class='ocr_par' dir='ltr' id='par_1_46' title="bbox 277 4572 1858 4648">
     <span class='ocr_line' id='line_1_46' title="bbox 277 4572 1858 4648; baseline 0.006 -22"><span class='ocrx_word' id='word_1_348' title='bbox 277 4572 460 4638; x_wconf 84' lang='lat' dir='ltr'><strong>passim</strong></span> <span class='ocrx_word' id='word_1_349' title='bbox 487 4574 736 4648; x_wconf 79' lang='lat' dir='ltr'><strong>vestibus</strong></span> <span class='ocrx_word' id='word_1_350' title='bbox 761 4576 1087 4646; x_wconf 91' lang='lat' dir='ltr'><strong>inspersum,</strong></span> <span class='ocrx_word' id='word_1_351' title='bbox 1126 4585 1287 4648; x_wconf 89' lang='lat' dir='ltr'><strong>atque</strong></span> <span class='ocrx_word' id='word_1_352' title='bbox 1311 4577 1447 4632; x_wconf 91' lang='lat' dir='ltr'><strong>varii</strong></span> <span class='ocrx_word' id='word_1_353' title='bbox 1474 4579 1652 4648; x_wconf 89' lang='lat' dir='ltr'><strong>operis</strong></span> <span class='ocrx_word' id='word_1_354' title='bbox 1678 4578 1858 4635; x_wconf 81' lang='lat' dir='ltr'><strong>diver-</strong></span> 
     </span>
    </p>
   </div>
   <div class='ocr_carea' id='block_1_47' title="bbox 278 4647 1860 4743">
    <p class='ocr_par' dir='ltr' id='par_1_47' title="bbox 278 4647 1860 4743">
     <span class='ocr_line' id='line_1_47' title="bbox 278 4647 1860 4743; baseline 0.006 -26"><span class='ocrx_word' id='word_1_355' title='bbox 278 4663 392 4720; x_wconf 84' lang='lat' dir='ltr'><strong>sitas</strong></span> <span class='ocrx_word' id='word_1_356' title='bbox 420 4647 710 4739; x_wconf 69' lang='lat' dir='ltr'><strong>omnisque</strong></span> <span class='ocrx_word' id='word_1_357' title='bbox 733 4669 970 4741; x_wconf 89' lang='lat' dir='ltr'><strong>reliquus</strong></span> <span class='ocrx_word' id='word_1_358' title='bbox 999 4647 1219 4726; x_wconf 89' lang='lat' dir='ltr'><strong>ornatus</strong></span> <span class='ocrx_word' id='word_1_359' title='bbox 1246 4680 1329 4726; x_wconf 87' lang='lat' dir='ltr'><strong>est</strong></span> <span class='ocrx_word' id='word_1_360' title='bbox 1349 4671 1738 4743; x_wconf 90' lang='lat' dir='ltr'><strong>quasiquidam</strong></span> <span class='ocrx_word' id='word_1_361' title='bbox 1763 4687 1860 4742; x_wconf 83' lang='lat' dir='ltr'><strong>pu-</strong></span> 
     </span>
    </p>
   </div>
   <div class='ocr_carea' id='block_1_48' title="bbox 278 4754 1858 4834">
    <p class='ocr_par' dir='ltr' id='par_1_48' title="bbox 278 4754 1858 4834">
     <span class='ocr_line' id='line_1_48' title="bbox 278 4754 1858 4834; baseline 0.007 -26"><span class='ocrx_word' id='word_1_362' title='bbox 278 4754 339 4822; x_wconf 82' lang='lat' dir='ltr'><strong>gil</strong></span> <span class='ocrx_word' id='word_1_363' title='bbox 359 4755 496 4816; x_wconf 91' lang='lat' dir='ltr'><strong>bono</strong></span> <span class='ocrx_word' id='word_1_364' title='bbox 539 4758 729 4816; x_wconf 88' lang='lat' dir='ltr'><strong>habitu</strong></span> <span class='ocrx_word' id='word_1_365' title='bbox 753 4775 818 4815; x_wconf 90' lang='lat' dir='ltr'><strong>ac</strong></span> <span class='ocrx_word' id='word_1_366' title='bbox 849 4759 1122 4828; x_wconf 89' lang='lat' dir='ltr'><strong>robustus,</strong></span> <span class='ocrx_word' id='word_1_367' title='bbox 1161 4762 1253 4833; x_wconf 91' lang='lat' dir='ltr'><strong>qui</strong></span> <span class='ocrx_word' id='word_1_368' title='bbox 1284 4762 1535 4818; x_wconf 90' lang='lat' dir='ltr'><strong>scabrum</strong></span> <span class='ocrx_word' id='word_1_369' title='bbox 1573 4763 1858 4834; x_wconf 89' lang='lat' dir='ltr'><strong>quemdam</strong></span> 
     </span>
    </p>
   </div>
   <div class='ocr_carea' id='block_1_49' title="bbox 279 4851 1858 4924">
    <p class='ocr_par' dir='ltr' id='par_1_49' title="bbox 279 4851 1858 4924">
     <span class='ocr_line' id='line_1_49' title="bbox 279 4851 1858 4924; baseline 0.008 -25"><span class='ocrx_word' id='word_1_370' title='bbox 279 4851 326 4899; x_wconf 82' lang='lat' dir='ltr'><strong>et</strong></span> <span class='ocrx_word' id='word_1_371' title='bbox 356 4854 568 4921; x_wconf 85' lang='lat' dir='ltr'><strong>turpem</strong></span> <span class='ocrx_word' id='word_1_372' title='bbox 606 4866 669 4906; x_wconf 90' lang='lat' dir='ltr'><strong>ac</strong></span> <span class='ocrx_word' id='word_1_373' title='bbox 707 4853 994 4923; x_wconf 79' lang='lat' dir='ltr'><strong>strigosum</strong></span> <span class='ocrx_word' id='word_1_374' title='bbox 1035 4853 1402 4910; x_wconf 87' lang='lat' dir='ltr'><strong>adversarium</strong></span> <span class='ocrx_word' id='word_1_375' title='bbox 1440 4855 1700 4924; x_wconf 89' lang='lat' dir='ltr'><strong>repulerit</strong></span> <span class='ocrx_word' id='word_1_376' title='bbox 1739 4873 1754 4910; x_wconf 90' lang='lat'>:</span> <span class='ocrx_word' id='word_1_377' title='bbox 1789 4856 1858 4912; x_wconf 87' lang='lat' dir='ltr'><strong>ad</strong></span> 
     </span>
    </p>
   </div>
   <div class='ocr_carea' id='block_1_50' title="bbox 279 4941 1857 5020">
    <p class='ocr_par' dir='ltr' id='par_1_50' title="bbox 279 4941 1857 5020">
     <span class='ocr_line' id='line_1_50' title="bbox 279 4941 1857 5020; baseline 0.008 -29"><span class='ocrx_word' id='word_1_378' title='bbox 279 4941 505 4998; x_wconf 87' lang='lat' dir='ltr'><strong>eumdem</strong></span> <span class='ocrx_word' id='word_1_379' title='bbox 536 4943 756 4999; x_wconf 89' lang='lat' dir='ltr'><strong>modum</strong></span> <span class='ocrx_word' id='word_1_380' title='bbox 776 4953 998 5001; x_wconf 87' lang='lat' dir='ltr'><strong>ornatus</strong></span> <span class='ocrx_word' id='word_1_381' title='bbox 1024 4946 1131 5014; x_wconf 91' lang='lat' dir='ltr'><strong>ille,</strong></span> <span class='ocrx_word' id='word_1_382' title='bbox 1155 4947 1333 5003; x_wconf 87' lang='lat' dir='ltr'><strong>vultus</strong></span> <span class='ocrx_word' id='word_1_383' title='bbox 1360 4947 1647 5018; x_wconf 82' lang='lat' dir='ltr'><strong>splendore</strong></span> <span class='ocrx_word' id='word_1_384' title='bbox 1671 4958 1857 5020; x_wconf 89' lang='lat' dir='ltr'><strong>erepto</strong></span> 
     </span>
    </p>
   </div>
   <div class='ocr_carea' id='block_1_51' title="bbox 279 5033 1854 5104">
    <p class='ocr_par' dir='ltr' id='par_1_51' title="bbox 279 5033 1854 5104">
     <span class='ocr_line' id='line_1_51' title="bbox 279 5033 1854 5104; baseline 0.004 -18"><span class='ocrx_word' id='word_1_385' title='bbox 279 5036 423 5098; x_wconf 69' lang='lat' dir='ltr'><strong>atque</strong></span> <span class='ocrx_word' id='word_1_386' title='bbox 447 5033 712 5102; x_wconf 89' lang='lat' dir='ltr'><strong>detracto,</strong></span> <span class='ocrx_word' id='word_1_387' title='bbox 748 5037 989 5091; x_wconf 89' lang='lat' dir='ltr'><strong>omnium</strong></span> <span class='ocrx_word' id='word_1_388' title='bbox 1017 5036 1072 5091; x_wconf 90' lang='lat' dir='ltr'><strong>in</strong></span> <span class='ocrx_word' id='word_1_389' title='bbox 1102 5051 1162 5092; x_wconf 91' lang='lat' dir='ltr'><strong>se</strong></span> <span class='ocrx_word' id='word_1_390' title='bbox 1187 5037 1356 5092; x_wconf 90' lang='lat' dir='ltr'><strong>oculis</strong></span> <span class='ocrx_word' id='word_1_391' title='bbox 1383 5039 1678 5104; x_wconf 86' lang='lat' dir='ltr'><strong>conversis,</strong></span> <span class='ocrx_word' id='word_1_392' title='bbox 1709 5040 1854 5094; x_wconf 82' lang='lat' dir='ltr'><strong>illam</strong></span> 
     </span>
    </p>
   </div>
   <div class='ocr_carea' id='block_1_52' title="bbox 281 5121 1851 5199">
    <p class='ocr_par' dir='ltr' id='par_1_52' title="bbox 281 5121 1851 5199">
     <span class='ocr_line' id='line_1_52' title="bbox 281 5121 1851 5199; baseline 0.005 -23"><span class='ocrx_word' id='word_1_393' title='bbox 281 5121 431 5190; x_wconf 75' lang='lat' dir='ltr'><strong>magis</strong></span> <span class='ocrx_word' id='word_1_394' title='bbox 458 5123 775 5192; x_wconf 91' lang='lat' dir='ltr'><strong>ridiculum,</strong></span> <span class='ocrx_word' id='word_1_395' title='bbox 807 5140 866 5181; x_wconf 81' lang='lat' dir='ltr'><strong>sc</strong></span> <span class='ocrx_word' id='word_1_396' title='bbox 902 5127 956 5181; x_wconf 91' lang='lat' dir='ltr'><strong>in</strong></span> <span class='ocrx_word' id='word_1_397' title='bbox 987 5127 1174 5196; x_wconf 89' lang='lat' dir='ltr'><strong>primis</strong></span> <span class='ocrx_word' id='word_1_398' title='bbox 1201 5129 1598 5199; x_wconf 89' lang='lat' dir='ltr'><strong>suspiciendum</strong></span> <span class='ocrx_word' id='word_1_399' title='bbox 1629 5130 1851 5198; x_wconf 62' lang='lat' dir='ltr'><strong>praebet.</strong></span> 
     </span>
    </p>
   </div>
   <div class='ocr_carea' id='block_1_53' title="bbox 338 5211 1855 5294">
    <p class='ocr_par' dir='ltr' id='par_1_53' title="bbox 338 5211 1855 5294">
     <span class='ocr_line' id='line_1_53' title="bbox 338 5211 1855 5294; baseline 0.005 -27"><span class='ocrx_word' id='word_1_400' title='bbox 338 5211 517 5270; x_wconf 73' lang='lat' dir='ltr'><strong>LXIII.</strong></span> <span class='ocrx_word' id='word_1_401' title='bbox 565 5215 691 5283; x_wconf 78' lang='lat' dir='ltr'><strong>Quis</strong></span> <span class='ocrx_word' id='word_1_402' title='bbox 714 5217 1007 5288; x_wconf 79' lang='lat' dir='ltr'><strong>u&#39;rginitatis</strong></span> <span class='ocrx_word' id='word_1_403' title='bbox 1018 5221 1227 5275; x_wconf 73' lang='lat' dir='ltr'><strong>mundus</strong></span> <span class='ocrx_word' id='word_1_404' title='bbox 1253 5233 1424 5290; x_wconf 73' lang='lat' dir='ltr'><strong>etquae</strong></span> <span class='ocrx_word' id='word_1_405' title='bbox 1441 5221 1855 5294; x_wconf 81' lang='lat' dir='ltr'><strong>pulchritudo.—</strong></span> 
     </span>
    </p>
   </div>
   <div class='ocr_carea' id='block_1_54' title="bbox 280 5301 1857 5383">
    <p class='ocr_par' dir='ltr' id='par_1_54' title="bbox 280 5301 1857 5383">
     <span class='ocr_line' id='line_1_54' title="bbox 280 5301 1857 5383; baseline 0.005 -25"><span class='ocrx_word' id='word_1_406' title='bbox 280 5301 340 5356; x_wconf 79' lang='lat' dir='ltr'><strong>At</strong></span> <span class='ocrx_word' id='word_1_407' title='bbox 364 5319 468 5360; x_wconf 92' lang='lat' dir='ltr'><strong>non</strong></span> <span class='ocrx_word' id='word_1_408' title='bbox 496 5307 758 5376; x_wconf 90' lang='lat' dir='ltr'><strong>ejusmodi</strong></span> <span class='ocrx_word' id='word_1_409' title='bbox 783 5317 868 5364; x_wconf 83' lang='lat' dir='ltr'><strong>est</strong></span> <span class='ocrx_word' id='word_1_410' title='bbox 893 5309 1208 5382; x_wconf 76' lang='lat' dir='ltr'><strong>virginitatis</strong></span> <span class='ocrx_word' id='word_1_411' title='bbox 1237 5319 1478 5376; x_wconf 88' lang='lat' dir='ltr'><strong>ornatus,</strong></span> <span class='ocrx_word' id='word_1_412' title='bbox 1505 5327 1677 5383; x_wconf 89' lang='lat' dir='ltr'><strong>neque</strong></span> <span class='ocrx_word' id='word_1_413' title='bbox 1702 5311 1857 5366; x_wconf 82' lang='lat' dir='ltr'><strong>indu-</strong></span> 
     </span>
    </p>
   </div>
   <div class='ocr_carea' id='block_1_55' title="bbox 281 5394 1850 5470">
    <p class='ocr_par' dir='ltr' id='par_1_55' title="bbox 281 5394 1850 5470">
     <span class='ocr_line' id='line_1_55' title="bbox 281 5394 1850 5470; baseline 0.011 -29"><span class='ocrx_word' id='word_1_414' title='bbox 281 5399 374 5446; x_wconf 88' lang='lat' dir='ltr'><strong>tam</strong></span> <span class='ocrx_word' id='word_1_415' title='bbox 393 5394 665 5451; x_wconf 86' lang='lat' dir='ltr'><strong>defraudat</strong></span> <span class='ocrx_word' id='word_1_416' title='bbox 691 5415 703 5451; x_wconf 92' lang='lat'>:</span> <span class='ocrx_word' id='word_1_417' title='bbox 726 5399 816 5469; x_wconf 90' lang='lat' dir='ltr'><strong>qui</strong></span> <span class='ocrx_word' id='word_1_418' title='bbox 847 5415 945 5455; x_wconf 93' lang='lat' dir='ltr'><strong>nec</strong></span> <span class='ocrx_word' id='word_1_419' title='bbox 965 5401 1256 5470; x_wconf 89' lang='lat' dir='ltr'><strong>corporalis</strong></span> <span class='ocrx_word' id='word_1_420' title='bbox 1271 5403 1358 5468; x_wconf 93' lang='lat' dir='ltr'><strong>sit,</strong></span> <span class='ocrx_word' id='word_1_421' title='bbox 1378 5401 1471 5457; x_wconf 91' lang='lat' dir='ltr'><strong>sed</strong></span> <span class='ocrx_word' id='word_1_422' title='bbox 1502 5405 1663 5459; x_wconf 90' lang='lat' dir='ltr'><strong>animi</strong></span> <span class='ocrx_word' id='word_1_423' title='bbox 1691 5413 1850 5460; x_wconf 83' lang='lat' dir='ltr'><strong>totus.</strong></span> 
     </span>
    </p>
   </div>
   <div class='ocr_carea' id='block_1_56' title="bbox 282 5476 1850 5566">
    <p class='ocr_par' dir='ltr' id='par_1_56' title="bbox 282 5476 1850 5566">
     <span class='ocr_line' id='line_1_56' title="bbox 282 5476 1850 5566; baseline 0.01 -30"><span class='ocrx_word' id='word_1_424' title='bbox 282 5476 448 5554; x_wconf 80' lang='lat' dir='ltr'><strong>Itaque</strong></span> <span class='ocrx_word' id='word_1_425' title='bbox 463 5501 557 5543; x_wconf 90' lang='lat' dir='ltr'><strong>seu</strong></span> <span class='ocrx_word' id='word_1_426' title='bbox 578 5487 835 5545; x_wconf 85' lang='lat' dir='ltr'><strong>deformis</strong></span> <span class='ocrx_word' id='word_1_427' title='bbox 859 5491 948 5557; x_wconf 91' lang='lat' dir='ltr'><strong>sit,</strong></span> <span class='ocrx_word' id='word_1_428' title='bbox 975 5493 1213 5562; x_wconf 88' lang='lat' dir='ltr'><strong>protinus</strong></span> <span class='ocrx_word' id='word_1_429' title='bbox 1235 5494 1627 5551; x_wconf 87' lang='lat' dir='ltr'><strong>deformitatem</strong></span> <span class='ocrx_word' id='word_1_430' title='bbox 1659 5505 1850 5566; x_wconf 89' lang='lat' dir='ltr'><strong>mutat,</strong></span> 
     </span>
    </p>
   </div>
   <div class='ocr_carea' id='block_1_57' title="bbox 281 5573 1849 5658">
    <p class='ocr_par' dir='ltr' id='par_1_57' title="bbox 281 5573 1849 5658">
     <span class='ocr_line' id='line_1_57' title="bbox 281 5573 1849 5658; baseline 0.012 -32"><span class='ocrx_word' id='word_1_431' title='bbox 281 5573 502 5634; x_wconf 83' lang='lat' dir='ltr'><strong>adhibito</strong></span> <span class='ocrx_word' id='word_1_432' title='bbox 525 5581 926 5652; x_wconf 87' lang='lat' dir='ltr'><strong>incomparabili</strong></span> <span class='ocrx_word' id='word_1_433' title='bbox 955 5596 1147 5641; x_wconf 90' lang='lat' dir='ltr'><strong>ornatu</strong></span> <span class='ocrx_word' id='word_1_434' title='bbox 1177 5604 1190 5640; x_wconf 88' lang='lat'><strong>:</strong></span> <span class='ocrx_word' id='word_1_435' title='bbox 1219 5602 1313 5642; x_wconf 90' lang='lat' dir='ltr'><strong>seu</strong></span> <span class='ocrx_word' id='word_1_436' title='bbox 1341 5598 1562 5643; x_wconf 87' lang='lat' dir='ltr'><strong>venusta</strong></span> <span class='ocrx_word' id='word_1_437' title='bbox 1585 5599 1638 5644; x_wconf 91' lang='lat' dir='ltr'><strong>et</strong></span> <span class='ocrx_word' id='word_1_438' title='bbox 1662 5590 1849 5658; x_wconf 90' lang='lat' dir='ltr'><strong>nitida,</strong></span> 
     </span>
    </p>
   </div>
   <div class='ocr_carea' id='block_1_58' title="bbox 283 5660 1850 5750">
    <p class='ocr_par' dir='ltr' id='par_1_58' title="bbox 283 5660 1850 5750">
     <span class='ocr_line' id='line_1_58' title="bbox 283 5660 1850 5750; baseline 0.015 -37"><span class='ocrx_word' id='word_1_439' title='bbox 283 5660 602 5728; x_wconf 90' lang='lat' dir='ltr'><strong>illustriorem</strong></span> <span class='ocrx_word' id='word_1_440' title='bbox 624 5673 818 5729; x_wconf 81' lang='lat' dir='ltr'><strong>reddit.</strong></span> <span class='ocrx_word' id='word_1_441' title='bbox 847 5673 1122 5746; x_wconf 91' lang='lat' dir='ltr'><strong>Siquidem</strong></span> <span class='ocrx_word' id='word_1_442' title='bbox 1149 5693 1255 5732; x_wconf 91' lang='lat' dir='ltr'><strong>non</strong></span> <span class='ocrx_word' id='word_1_443' title='bbox 1292 5693 1517 5750; x_wconf 73' lang='lat' dir='ltr'><strong>gemma:</strong></span> <span class='ocrx_word' id='word_1_444' title='bbox 1558 5690 1612 5735; x_wconf 93' lang='lat' dir='ltr'><strong>et</strong></span> <span class='ocrx_word' id='word_1_445' title='bbox 1640 5693 1850 5748; x_wconf 86' lang='lat' dir='ltr'><strong>aurum,</strong></span> 
     </span>
    </p>
   </div>
   <div class='ocr_carea' id='block_1_59' title="bbox 285 5761 1852 5844">
    <p class='ocr_par' dir='ltr' id='par_1_59' title="bbox 285 5761 1852 5844">
     <span class='ocr_line' id='line_1_59' title="bbox 285 5761 1852 5844; baseline 0.013 -35"><span class='ocrx_word' id='word_1_446' title='bbox 285 5765 381 5810; x_wconf 81' lang='lat' dir='ltr'><strong>non</strong></span> <span class='ocrx_word' id='word_1_447' title='bbox 407 5763 622 5820; x_wconf 82' lang='lat' dir='ltr'><strong>vestium</strong></span> <span class='ocrx_word' id='word_1_448' title='bbox 668 5761 848 5834; x_wconf 83' lang='lat' dir='ltr'><strong>luxus,</strong></span> <span class='ocrx_word' id='word_1_449' title='bbox 887 5782 993 5822; x_wconf 90' lang='lat' dir='ltr'><strong>non</strong></span> <span class='ocrx_word' id='word_1_450' title='bbox 1034 5767 1273 5824; x_wconf 91' lang='lat' dir='ltr'><strong>colorum</strong></span> <span class='ocrx_word' id='word_1_451' title='bbox 1318 5769 1479 5825; x_wconf 80' lang='lat' dir='ltr'><strong>ﬂores</strong></span> <span class='ocrx_word' id='word_1_452' title='bbox 1521 5771 1652 5828; x_wconf 87' lang='lat' dir='ltr'><strong>varii</strong></span> <span class='ocrx_word' id='word_1_453' title='bbox 1692 5782 1852 5844; x_wconf 87' lang='lat' dir='ltr'><strong>atque</strong></span> 
     </span>
    </p>
   </div>
   <div class='ocr_carea' id='block_1_60' title="bbox 288 5855 1839 5931">
    <p class='ocr_par' dir='ltr' id='par_1_60' title="bbox 288 5855 1839 5931">
     <span class='ocr_line' id='line_1_60' title="bbox 288 5855 1839 5931; baseline 0.008 -24"><span class='ocrx_word' id='word_1_454' title='bbox 288 5855 708 5927; x_wconf 42' lang='lat' dir='ltr'><strong>sIllnptuosihnon</strong></span> <span class='ocrx_word' id='word_1_455' title='bbox 730 5857 832 5916; x_wconf 87' lang='lat' dir='ltr'><strong>alia</strong></span> <span class='ocrx_word' id='word_1_456' title='bbox 853 5857 904 5915; x_wconf 92' lang='lat' dir='ltr'><strong>id</strong></span> <span class='ocrx_word' id='word_1_457' title='bbox 925 5874 1089 5929; x_wconf 85' lang='lat' dir='ltr'><strong>genus</strong></span> <span class='ocrx_word' id='word_1_458' title='bbox 1104 5875 1188 5917; x_wconf 88' lang='lat' dir='ltr'><strong>res</strong></span> <span class='ocrx_word' id='word_1_459' title='bbox 1211 5861 1428 5931; x_wconf 87' lang='lat' dir='ltr'><strong>caduca,</strong></span> <span class='ocrx_word' id='word_1_460' title='bbox 1443 5861 1649 5919; x_wconf 86' lang='lat' dir='ltr'><strong>animos</strong></span> <span class='ocrx_word' id='word_1_461' title='bbox 1665 5874 1839 5928; x_wconf 83' lang='lat' dir='ltr'><strong>ornat,</strong></span> 
     </span>
    </p>
   </div>
   <div class='ocr_carea' id='block_1_61' title="bbox 1965 521 3556 605">
    <p class='ocr_par' dir='ltr' id='par_1_61' title="bbox 1965 521 3556 605">
     <span class='ocr_line' id='line_1_61' title="bbox 1965 521 3556 605; baseline 0.009 -31"><span class='ocrx_word' id='word_1_462' title='bbox 1965 521 2059 576; x_wconf 90' lang='lat' dir='ltr'><strong>sed</strong></span> <span class='ocrx_word' id='word_1_463' title='bbox 2090 537 2276 579; x_wconf 86' lang='lat' dir='ltr'><strong>eorum</strong></span> <span class='ocrx_word' id='word_1_464' title='bbox 2309 524 2425 581; x_wconf 92' lang='lat' dir='ltr'><strong>loco</strong></span> <span class='ocrx_word' id='word_1_465' title='bbox 2469 526 2690 598; x_wconf 85' lang='lat' dir='ltr'><strong>jejunia,</strong></span> <span class='ocrx_word' id='word_1_466' title='bbox 2745 537 2928 588; x_wconf 87' lang='lat' dir='ltr'><strong>sancta</strong></span> <span class='ocrx_word' id='word_1_467' title='bbox 2967 532 3262 605; x_wconf 85' lang='lat' dir='ltr'><strong>pervigilia,</strong></span> <span class='ocrx_word' id='word_1_468' title='bbox 3310 535 3556 599; x_wconf 77' lang='lat' dir='ltr'><strong>comitas,</strong></span> 
     </span>
    </p>
   </div>
   <div class='ocr_carea' id='block_1_62' title="bbox 1966 611 3559 693">
    <p class='ocr_par' dir='ltr' id='par_1_62' title="bbox 1966 611 3559 693">
     <span class='ocr_line' id='line_1_62' title="bbox 1966 611 3559 693; baseline 0.009 -27"><span class='ocrx_word' id='word_1_469' title='bbox 1966 611 2249 682; x_wconf 86' lang='lat' dir='ltr'><strong>modestia,</strong></span> <span class='ocrx_word' id='word_1_470' title='bbox 2283 629 2590 686; x_wconf 86' lang='lat' dir='ltr'><strong>paupertas,</strong></span> <span class='ocrx_word' id='word_1_471' title='bbox 2624 617 2901 687; x_wconf 87' lang='lat' dir='ltr'><strong>fortitudo,</strong></span> <span class='ocrx_word' id='word_1_472' title='bbox 2934 621 3227 693; x_wconf 85' lang='lat' dir='ltr'><strong>humilitas,</strong></span> <span class='ocrx_word' id='word_1_473' title='bbox 3252 625 3559 686; x_wconf 87' lang='lat' dir='ltr'><strong>tolerantia.</strong></span> 
     </span>
    </p>
   </div>
   <div class='ocr_carea' id='block_1_63' title="bbox 1963 707 3564 786">
    <p class='ocr_par' dir='ltr' id='par_1_63' title="bbox 1963 707 3564 786">
     <span class='ocr_line' id='line_1_63' title="bbox 1963 707 3564 786; baseline 0.01 -28"><span class='ocrx_word' id='word_1_474' title='bbox 1963 707 2202 760; x_wconf 86' lang='lat' dir='ltr'><strong>omnium</strong></span> <span class='ocrx_word' id='word_1_475' title='bbox 2247 707 2403 775; x_wconf 86' lang='lat' dir='ltr'><strong>plane</strong></span> <span class='ocrx_word' id='word_1_476' title='bbox 2429 710 2552 764; x_wconf 67' lang='lat' dir='ltr'><strong>vitae</strong></span> <span class='ocrx_word' id='word_1_477' title='bbox 2597 709 2756 781; x_wconf 90' lang='lat' dir='ltr'><strong>hujus</strong></span> <span class='ocrx_word' id='word_1_478' title='bbox 2789 728 2968 768; x_wconf 83' lang='lat' dir='ltr'><strong>rerum</strong></span> <span class='ocrx_word' id='word_1_479' title='bbox 3001 714 3306 786; x_wconf 86' lang='lat' dir='ltr'><strong>despectus.</strong></span> <span class='ocrx_word' id='word_1_480' title='bbox 3339 717 3474 772; x_wconf 86' lang='lat' dir='ltr'><strong>Nam</strong></span> <span class='ocrx_word' id='word_1_481' title='bbox 3508 729 3564 774; x_wconf 87' lang='lat' dir='ltr'><strong>et</strong></span> 
     </span>
    </p>
   </div>
   <div class='ocr_carea' id='block_1_64' title="bbox 1965 797 3563 881">
    <p class='ocr_par' dir='ltr' id='par_1_64' title="bbox 1965 797 3563 881">
     <span class='ocr_line' id='line_1_64' title="bbox 1965 797 3563 881; baseline 0.011 -32"><span class='ocrx_word' id='word_1_482' title='bbox 1965 797 2151 852; x_wconf 91' lang='lat' dir='ltr'><strong>oculus</strong></span> <span class='ocrx_word' id='word_1_483' title='bbox 2178 799 2227 854; x_wconf 86' lang='lat' dir='ltr'><strong>ei</strong></span> <span class='ocrx_word' id='word_1_484' title='bbox 2258 808 2364 855; x_wconf 91' lang='lat' dir='ltr'><strong>tam</strong></span> <span class='ocrx_word' id='word_1_485' title='bbox 2391 802 2614 871; x_wconf 89' lang='lat' dir='ltr'><strong>pulcher</strong></span> <span class='ocrx_word' id='word_1_486' title='bbox 2637 813 2797 876; x_wconf 90' lang='lat' dir='ltr'><strong>atque</strong></span> <span class='ocrx_word' id='word_1_487' title='bbox 2823 806 3031 877; x_wconf 89' lang='lat' dir='ltr'><strong>lepidus</strong></span> <span class='ocrx_word' id='word_1_488' title='bbox 3050 817 3149 874; x_wconf 91' lang='lat' dir='ltr'><strong>est,</strong></span> <span class='ocrx_word' id='word_1_489' title='bbox 3185 819 3242 863; x_wconf 91' lang='lat' dir='ltr'><strong>ut</strong></span> <span class='ocrx_word' id='word_1_490' title='bbox 3267 826 3364 881; x_wconf 89' lang='lat' dir='ltr'><strong>pro</strong></span> <span class='ocrx_word' id='word_1_491' title='bbox 3390 810 3563 867; x_wconf 80' lang='lat' dir='ltr'><strong>homi-</strong></span> 
     </span>
    </p>
   </div>
   <div class='ocr_carea' id='block_1_65' title="bbox 1965 885 3558 969">
    <p class='ocr_par' dir='ltr' id='par_1_65' title="bbox 1965 885 3558 969">
     <span class='ocr_line' id='line_1_65' title="bbox 1965 885 3558 969; baseline 0.011 -28"><span class='ocrx_word' id='word_1_492' title='bbox 1965 887 2123 943; x_wconf 90' lang='lat' dir='ltr'><strong>nibus</strong></span> <span class='ocrx_word' id='word_1_493' title='bbox 2144 889 2488 961; x_wconf 86' lang='lat' dir='ltr'><strong>incorporeas</strong></span> <span class='ocrx_word' id='word_1_494' title='bbox 2517 893 2774 961; x_wconf 86' lang='lat' dir='ltr'><strong>Virtutes,</strong></span> <span class='ocrx_word' id='word_1_495' title='bbox 2818 913 3112 969; x_wconf 89' lang='lat' dir='ltr'><strong>earumque</strong></span> <span class='ocrx_word' id='word_1_496' title='bbox 3146 885 3432 957; x_wconf 79' lang='lat' dir='ltr'><strong>Dominum</strong></span> <span class='ocrx_word' id='word_1_497' title='bbox 3462 901 3558 957; x_wconf 85' lang='lat' dir='ltr'><strong>ha-</strong></span> 
     </span>
    </p>
   </div>
   <div class='ocr_carea' id='block_1_66' title="bbox 1965 979 3562 1063">
    <p class='ocr_par' dir='ltr' id='par_1_66' title="bbox 1965 979 3562 1063">
     <span class='ocr_line' id='line_1_66' title="bbox 1965 979 3562 1063; baseline 0.009 -29"><span class='ocrx_word' id='word_1_498' title='bbox 1965 979 2090 1036; x_wconf 87' lang='lat' dir='ltr'><strong>beat</strong></span> <span class='ocrx_word' id='word_1_499' title='bbox 2121 991 2414 1040; x_wconf 88' lang='lat' dir='ltr'><strong>amatorem</strong></span> <span class='ocrx_word' id='word_1_500' title='bbox 2451 1003 2465 1039; x_wconf 90' lang='lat'><strong>:</strong></span> <span class='ocrx_word' id='word_1_501' title='bbox 2506 997 2611 1040; x_wconf 90' lang='lat' dir='ltr'><strong>tam</strong></span> <span class='ocrx_word' id='word_1_502' title='bbox 2634 997 2890 1059; x_wconf 87' lang='lat' dir='ltr'><strong>purgatus</strong></span> <span class='ocrx_word' id='word_1_503' title='bbox 2934 1005 2998 1045; x_wconf 90' lang='lat' dir='ltr'><strong>ac</strong></span> <span class='ocrx_word' id='word_1_504' title='bbox 3027 992 3329 1062; x_wconf 82' lang='lat' dir='ltr'><strong>perspicax,</strong></span> <span class='ocrx_word' id='word_1_505' title='bbox 3375 1002 3435 1048; x_wconf 94' lang='lat' dir='ltr'><strong>ut</strong></span> <span class='ocrx_word' id='word_1_506' title='bbox 3463 1009 3562 1063; x_wconf 90' lang='lat' dir='ltr'><strong>pro</strong></span> 
     </span>
    </p>
   </div>
   <div class='ocr_carea' id='block_1_67' title="bbox 1966 1075 3560 1154">
    <p class='ocr_par' dir='ltr' id='par_1_67' title="bbox 1966 1075 3560 1154">
     <span class='ocr_line' id='line_1_67' title="bbox 1966 1075 3560 1154; baseline 0.006 -26"><span class='ocrx_word' id='word_1_507' title='bbox 1966 1087 2229 1145; x_wconf 89' lang='lat' dir='ltr'><strong>corporea</strong></span> <span class='ocrx_word' id='word_1_508' title='bbox 2259 1075 2629 1146; x_wconf 86' lang='lat' dir='ltr'><strong>incorpoream</strong></span> <span class='ocrx_word' id='word_1_509' title='bbox 2660 1080 3109 1149; x_wconf 83' lang='lat' dir='ltr'><strong>pulchritudinem</strong></span> <span class='ocrx_word' id='word_1_510' title='bbox 3137 1083 3320 1139; x_wconf 88' lang='lat' dir='ltr'><strong>videre</strong></span> <span class='ocrx_word' id='word_1_511' title='bbox 3345 1085 3516 1154; x_wconf 89' lang='lat' dir='ltr'><strong>possit</strong></span> <span class='ocrx_word' id='word_1_512' title='bbox 3546 1103 3560 1138; x_wconf 92' lang='lat'>:</span> 
     </span>
    </p>
   </div>
   <div class='ocr_carea' id='block_1_68' title="bbox 1970 1168 3564 1238">
    <p class='ocr_par' dir='ltr' id='par_1_68' title="bbox 1970 1168 3564 1238">
     <span class='ocr_line' id='line_1_68' title="bbox 1970 1168 3564 1238; baseline 0.007 -19"><span class='ocrx_word' id='word_1_513' title='bbox 1970 1172 2077 1220; x_wconf 90' lang='lat' dir='ltr'><strong>tam</strong></span> <span class='ocrx_word' id='word_1_514' title='bbox 2106 1168 2282 1222; x_wconf 80' lang='lat' dir='ltr'><strong>suavis</strong></span> <span class='ocrx_word' id='word_1_515' title='bbox 2301 1183 2365 1224; x_wconf 91' lang='lat' dir='ltr'><strong>ac</strong></span> <span class='ocrx_word' id='word_1_516' title='bbox 2391 1184 2634 1238; x_wconf 90' lang='lat' dir='ltr'><strong>serenus,</strong></span> <span class='ocrx_word' id='word_1_517' title='bbox 2655 1181 2711 1226; x_wconf 93' lang='lat' dir='ltr'><strong>ut</strong></span> <span class='ocrx_word' id='word_1_518' title='bbox 2738 1187 2835 1228; x_wconf 89' lang='lat' dir='ltr'><strong>nec</strong></span> <span class='ocrx_word' id='word_1_519' title='bbox 2854 1173 3138 1228; x_wconf 88' lang='lat' dir='ltr'><strong>adversum</strong></span> <span class='ocrx_word' id='word_1_520' title='bbox 3156 1175 3370 1230; x_wconf 90' lang='lat' dir='ltr'><strong>assidue</strong></span> <span class='ocrx_word' id='word_1_521' title='bbox 3395 1176 3564 1230; x_wconf 89' lang='lat' dir='ltr'><strong>laces-</strong></span> 
     </span>
    </p>
   </div>
   <div class='ocr_carea' id='block_1_69' title="bbox 1968 1259 3561 1336">
    <p class='ocr_par' dir='ltr' id='par_1_69' title="bbox 1968 1259 3561 1336">
     <span class='ocr_line' id='line_1_69' title="bbox 1968 1259 3561 1336; baseline 0.005 -26"><span class='ocrx_word' id='word_1_522' title='bbox 1968 1265 2147 1314; x_wconf 88' lang='lat' dir='ltr'><strong>sentes</strong></span> <span class='ocrx_word' id='word_1_523' title='bbox 2173 1273 2237 1314; x_wconf 91' lang='lat' dir='ltr'><strong>ac</strong></span> <span class='ocrx_word' id='word_1_524' title='bbox 2251 1259 2502 1316; x_wconf 92' lang='lat' dir='ltr'><strong>molestos</strong></span> <span class='ocrx_word' id='word_1_525' title='bbox 2521 1261 2773 1320; x_wconf 80' lang='lat' dir='ltr'><strong>eil‘eretur</strong></span> <span class='ocrx_word' id='word_1_526' title='bbox 2799 1272 2854 1319; x_wconf 91' lang='lat' dir='ltr'><strong>ct</strong></span> <span class='ocrx_word' id='word_1_527' title='bbox 2877 1264 3136 1336; x_wconf 84' lang='lat' dir='ltr'><strong>insurgat,</strong></span> <span class='ocrx_word' id='word_1_528' title='bbox 3168 1265 3263 1320; x_wconf 90' lang='lat' dir='ltr'><strong>sed</strong></span> <span class='ocrx_word' id='word_1_529' title='bbox 3288 1280 3381 1320; x_wconf 92' lang='lat' dir='ltr'><strong>eos</strong></span> <span class='ocrx_word' id='word_1_530' title='bbox 3401 1265 3561 1320; x_wconf 87' lang='lat' dir='ltr'><strong>etiam</strong></span> 
     </span>
    </p>
   </div>
   <div class='ocr_carea' id='block_1_70' title="bbox 1967 1350 3565 1426">
    <p class='ocr_par' dir='ltr' id='par_1_70' title="bbox 1967 1350 3565 1426">
     <span class='ocr_line' id='line_1_70' title="bbox 1967 1350 3565 1426; baseline 0.006 -21"><span class='ocrx_word' id='word_1_531' title='bbox 1967 1350 2160 1408; x_wconf 90' lang='lat' dir='ltr'><strong>blande</strong></span> <span class='ocrx_word' id='word_1_532' title='bbox 2175 1362 2335 1422; x_wconf 90' lang='lat' dir='ltr'><strong>atque</strong></span> <span class='ocrx_word' id='word_1_533' title='bbox 2359 1358 2584 1411; x_wconf 89' lang='lat' dir='ltr'><strong>comiter</strong></span> <span class='ocrx_word' id='word_1_534' title='bbox 2602 1357 2880 1426; x_wconf 87' lang='lat' dir='ltr'><strong>inspectet.</strong></span> <span class='ocrx_word' id='word_1_535' title='bbox 2903 1357 3020 1413; x_wconf 81' lang='lat' dir='ltr'><strong>Jam</strong></span> <span class='ocrx_word' id='word_1_536' title='bbox 3037 1374 3166 1413; x_wconf 88' lang='lat' dir='ltr'><strong>vero</strong></span> <span class='ocrx_word' id='word_1_537' title='bbox 3192 1374 3253 1413; x_wconf 90' lang='lat' dir='ltr'><strong>ea</strong></span> <span class='ocrx_word' id='word_1_538' title='bbox 3279 1367 3362 1414; x_wconf 91' lang='lat' dir='ltr'><strong>est</strong></span> <span class='ocrx_word' id='word_1_539' title='bbox 3382 1357 3565 1414; x_wconf 84' lang='lat' dir='ltr'><strong>mode-</strong></span> 
     </span>
    </p>
   </div>
   <div class='ocr_carea' id='block_1_71' title="bbox 1968 1444 3566 1521">
    <p class='ocr_par' dir='ltr' id='par_1_71' title="bbox 1968 1444 3566 1521">
     <span class='ocr_line' id='line_1_71' title="bbox 1968 1444 3566 1521; baseline 0.005 -23"><span class='ocrx_word' id='word_1_540' title='bbox 1968 1444 2090 1512; x_wconf 91' lang='lat' dir='ltr'><strong>stia,</strong></span> <span class='ocrx_word' id='word_1_541' title='bbox 2120 1454 2182 1500; x_wconf 91' lang='lat' dir='ltr'><strong>ut</strong></span> <span class='ocrx_word' id='word_1_542' title='bbox 2211 1448 2297 1502; x_wconf 92' lang='lat' dir='ltr'><strong>vel</strong></span> <span class='ocrx_word' id='word_1_543' title='bbox 2340 1448 2590 1518; x_wconf 90' lang='lat' dir='ltr'><strong>impudici</strong></span> <span class='ocrx_word' id='word_1_544' title='bbox 2631 1451 2847 1521; x_wconf 91' lang='lat' dir='ltr'><strong>quique,</strong></span> <span class='ocrx_word' id='word_1_545' title='bbox 2885 1452 2930 1508; x_wconf 92' lang='lat' dir='ltr'><strong>si</strong></span> <span class='ocrx_word' id='word_1_546' title='bbox 2971 1451 3022 1506; x_wconf 92' lang='lat' dir='ltr'><strong>in</strong></span> <span class='ocrx_word' id='word_1_547' title='bbox 3061 1468 3178 1508; x_wconf 88' lang='lat' dir='ltr'><strong>eam</strong></span> <span class='ocrx_word' id='word_1_548' title='bbox 3206 1462 3453 1508; x_wconf 86' lang='lat' dir='ltr'><strong>accurate</strong></span> <span class='ocrx_word' id='word_1_549' title='bbox 3485 1454 3566 1508; x_wconf 88' lang='lat' dir='ltr'><strong>in-</strong></span> 
     </span>
    </p>
   </div>
   <div class='ocr_carea' id='block_1_72' title="bbox 1971 1539 3564 1610">
    <p class='ocr_par' dir='ltr' id='par_1_72' title="bbox 1971 1539 3564 1610">
     <span class='ocr_line' id='line_1_72' title="bbox 1971 1539 3564 1610; baseline 0.004 -19"><span class='ocrx_word' id='word_1_550' title='bbox 1971 1545 2239 1606; x_wconf 89' lang='lat' dir='ltr'><strong>tueantur,</strong></span> <span class='ocrx_word' id='word_1_551' title='bbox 2291 1539 2565 1610; x_wconf 85' lang='lat' dir='ltr'><strong>pudeliant</strong></span> <span class='ocrx_word' id='word_1_552' title='bbox 2606 1549 2662 1597; x_wconf 89' lang='lat' dir='ltr'><strong>et</strong></span> <span class='ocrx_word' id='word_1_553' title='bbox 2689 1543 3008 1599; x_wconf 88' lang='lat' dir='ltr'><strong>erubescant</strong></span> <span class='ocrx_word' id='word_1_554' title='bbox 3045 1559 3109 1598; x_wconf 90' lang='lat' dir='ltr'><strong>ac</strong></span> <span class='ocrx_word' id='word_1_555' title='bbox 3145 1542 3382 1600; x_wconf 90' lang='lat' dir='ltr'><strong>furorem</strong></span> <span class='ocrx_word' id='word_1_556' title='bbox 3409 1560 3564 1600; x_wconf 87' lang='lat' dir='ltr'><strong>suum</strong></span> 
     </span>
    </p>
   </div>
   <div class='ocr_carea' id='block_1_73' title="bbox 1969 1631 3562 1692">
    <p class='ocr_par' dir='ltr' id='par_1_73' title="bbox 1969 1631 3562 1692">
     <span class='ocr_line' id='line_1_73' title="bbox 1969 1631 3562 1692; baseline 0.006 -9"><span class='ocrx_word' id='word_1_557' title='bbox 1969 1631 2266 1687; x_wconf 87' lang='lat' dir='ltr'><strong>remittant.</strong></span> <span class='ocrx_word' id='word_1_558' title='bbox 2312 1634 2392 1688; x_wconf 91' lang='lat' dir='ltr'><strong>Ac</strong></span> <span class='ocrx_word' id='word_1_559' title='bbox 2435 1634 2581 1688; x_wconf 91' lang='lat' dir='ltr'><strong>velut</strong></span> <span class='ocrx_word' id='word_1_560' title='bbox 2637 1635 2829 1690; x_wconf 89' lang='lat' dir='ltr'><strong>ancilla</strong></span> <span class='ocrx_word' id='word_1_561' title='bbox 2872 1635 3118 1692; x_wconf 73' lang='lat' dir='ltr'><strong>honestat</strong></span> <span class='ocrx_word' id='word_1_562' title='bbox 3169 1635 3562 1692; x_wconf 90' lang='lat' dir='ltr'><strong>matrifamilias</strong></span> 
     </span>
    </p>
   </div>
   <div class='ocr_carea' id='block_1_74' title="bbox 1969 1722 3562 1798">
    <p class='ocr_par' dir='ltr' id='par_1_74' title="bbox 1969 1722 3562 1798">
     <span class='ocr_line' id='line_1_74' title="bbox 1969 1722 3562 1798; baseline 0.004 -23"><span class='ocrx_word' id='word_1_563' title='bbox 1969 1722 2231 1788; x_wconf 88' lang='lat' dir='ltr'><strong>serviens,</strong></span> <span class='ocrx_word' id='word_1_564' title='bbox 2256 1723 2369 1792; x_wconf 90' lang='lat' dir='ltr'><strong>ipsa</strong></span> <span class='ocrx_word' id='word_1_565' title='bbox 2394 1738 2607 1795; x_wconf 90' lang='lat' dir='ltr'><strong>quoque</strong></span> <span class='ocrx_word' id='word_1_566' title='bbox 2626 1726 2754 1781; x_wconf 89' lang='lat' dir='ltr'><strong>velit</strong></span> <span class='ocrx_word' id='word_1_567' title='bbox 2785 1726 2921 1780; x_wconf 91' lang='lat' dir='ltr'><strong>nolit</strong></span> <span class='ocrx_word' id='word_1_568' title='bbox 2940 1726 3203 1796; x_wconf 90' lang='lat' dir='ltr'><strong>ejusmodi</strong></span> <span class='ocrx_word' id='word_1_569' title='bbox 3222 1727 3292 1781; x_wconf 87' lang='lat' dir='ltr'><strong>sit</strong></span> <span class='ocrx_word' id='word_1_570' title='bbox 3315 1736 3562 1798; x_wconf 83' lang='lat' dir='ltr'><strong>Oportet:</strong></span> 
     </span>
    </p>
   </div>
   <div class='ocr_carea' id='block_1_75' title="bbox 1970 1812 3564 1888">
    <p class='ocr_par' dir='ltr' id='par_1_75' title="bbox 1970 1812 3564 1888">
     <span class='ocr_line' id='line_1_75' title="bbox 1970 1812 3564 1888; baseline 0.004 -21"><span class='ocrx_word' id='word_1_571' title='bbox 1970 1812 2042 1868; x_wconf 92' lang='lat' dir='ltr'><strong>ita</strong></span> <span class='ocrx_word' id='word_1_572' title='bbox 2073 1822 2127 1869; x_wconf 89' lang='lat' dir='ltr'><strong>et</strong></span> <span class='ocrx_word' id='word_1_573' title='bbox 2153 1828 2346 1885; x_wconf 89' lang='lat' dir='ltr'><strong>corpus</strong></span> <span class='ocrx_word' id='word_1_574' title='bbox 2386 1815 2580 1872; x_wconf 75' lang='lat' dir='ltr'><strong>anima:</strong></span> <span class='ocrx_word' id='word_1_575' title='bbox 2608 1824 2716 1871; x_wconf 88' lang='lat' dir='ltr'><strong>tam</strong></span> <span class='ocrx_word' id='word_1_576' title='bbox 2745 1817 3077 1888; x_wconf 73' lang='lat' dir='ltr'><strong>philosopha:</strong></span> <span class='ocrx_word' id='word_1_577' title='bbox 3114 1817 3182 1872; x_wconf 89' lang='lat' dir='ltr'><strong>ad</strong></span> <span class='ocrx_word' id='word_1_578' title='bbox 3220 1820 3336 1888; x_wconf 91' lang='lat' dir='ltr'><strong>ejus</strong></span> <span class='ocrx_word' id='word_1_579' title='bbox 3379 1827 3564 1873; x_wconf 92' lang='lat' dir='ltr'><strong>nutum</strong></span> 
     </span>
    </p>
   </div>
   <div class='ocr_carea' id='block_1_76' title="bbox 1970 1907 3566 1979">
    <p class='ocr_par' dir='ltr' id='par_1_76' title="bbox 1970 1907 3566 1979">
     <span class='ocr_line' id='line_1_76' title="bbox 1970 1907 3566 1979; baseline 0.003 -19"><span class='ocrx_word' id='word_1_580' title='bbox 1970 1919 2157 1961; x_wconf 92' lang='lat' dir='ltr'><strong>omnes</strong></span> <span class='ocrx_word' id='word_1_581' title='bbox 2178 1917 2354 1963; x_wconf 89' lang='lat' dir='ltr'><strong>motus</strong></span> <span class='ocrx_word' id='word_1_582' title='bbox 2379 1922 2507 1963; x_wconf 91' lang='lat' dir='ltr'><strong>suos</strong></span> <span class='ocrx_word' id='word_1_583' title='bbox 2531 1907 2727 1979; x_wconf 85' lang='lat' dir='ltr'><strong>dirigat</strong></span> <span class='ocrx_word' id='word_1_584' title='bbox 2760 1917 2994 1978; x_wconf 91' lang='lat' dir='ltr'><strong>oportet.</strong></span> <span class='ocrx_word' id='word_1_585' title='bbox 3024 1907 3157 1963; x_wconf 87' lang='lat' dir='ltr'><strong>Nam</strong></span> <span class='ocrx_word' id='word_1_586' title='bbox 3187 1917 3241 1964; x_wconf 90' lang='lat' dir='ltr'><strong>et</strong></span> <span class='ocrx_word' id='word_1_587' title='bbox 3269 1908 3476 1976; x_wconf 89' lang='lat' dir='ltr'><strong>oculus,</strong></span> <span class='ocrx_word' id='word_1_588' title='bbox 3510 1919 3566 1965; x_wconf 88' lang='lat' dir='ltr'><strong>et</strong></span> 
     </span>
    </p>
   </div>
   <div class='ocr_carea' id='block_1_77' title="bbox 1971 1996 3566 2073">
    <p class='ocr_par' dir='ltr' id='par_1_77' title="bbox 1971 1996 3566 2073">
     <span class='ocr_line' id='line_1_77' title="bbox 1971 1996 3566 2073; baseline 0.003 -21"><span class='ocrx_word' id='word_1_589' title='bbox 1971 1996 2172 2068; x_wconf 81' lang='lat' dir='ltr'><strong>lingua,</strong></span> <span class='ocrx_word' id='word_1_590' title='bbox 2201 2007 2257 2055; x_wconf 90' lang='lat' dir='ltr'><strong>et</strong></span> <span class='ocrx_word' id='word_1_591' title='bbox 2289 2000 2520 2068; x_wconf 89' lang='lat' dir='ltr'><strong>habitus,</strong></span> <span class='ocrx_word' id='word_1_592' title='bbox 2552 2008 2607 2056; x_wconf 91' lang='lat' dir='ltr'><strong>et</strong></span> <span class='ocrx_word' id='word_1_593' title='bbox 2636 2001 2926 2073; x_wconf 81' lang='lat' dir='ltr'><strong>ingressus,</strong></span> <span class='ocrx_word' id='word_1_594' title='bbox 2954 2009 3008 2056; x_wconf 91' lang='lat' dir='ltr'><strong>et</strong></span> <span class='ocrx_word' id='word_1_595' title='bbox 3041 1999 3261 2056; x_wconf 92' lang='lat' dir='ltr'><strong>omnino</strong></span> <span class='ocrx_word' id='word_1_596' title='bbox 3289 2001 3467 2055; x_wconf 89' lang='lat' dir='ltr'><strong>omnia</strong></span> <span class='ocrx_word' id='word_1_597' title='bbox 3497 2000 3566 2056; x_wconf 91' lang='lat' dir='ltr'><strong>ad</strong></span> 
     </span>
    </p>
   </div>
   <div class='ocr_carea' id='block_1_78' title="bbox 1970 2090 3564 2164">
    <p class='ocr_par' dir='ltr' id='par_1_78' title="bbox 1970 2090 3564 2164">
     <span class='ocr_line' id='line_1_78' title="bbox 1970 2090 3564 2164; baseline 0.003 -20"><span class='ocrx_word' id='word_1_598' title='bbox 1970 2090 2237 2146; x_wconf 88' lang='lat' dir='ltr'><strong>internam</strong></span> <span class='ocrx_word' id='word_1_599' title='bbox 2289 2091 2626 2163; x_wconf 89' lang='lat' dir='ltr'><strong>disciplinam</strong></span> <span class='ocrx_word' id='word_1_600' title='bbox 2674 2093 3110 2160; x_wconf 89' lang='lat' dir='ltr'><strong>conformantur,</strong></span> <span class='ocrx_word' id='word_1_601' title='bbox 3157 2092 3415 2164; x_wconf 89' lang='lat' dir='ltr'><strong>quasique</strong></span> <span class='ocrx_word' id='word_1_602' title='bbox 3463 2109 3564 2148; x_wconf 84' lang='lat' dir='ltr'><strong>un-</strong></span> 
     </span>
    </p>
   </div>
   <div class='ocr_carea' id='block_1_79' title="bbox 1969 2185 3569 2258">
    <p class='ocr_par' dir='ltr' id='par_1_79' title="bbox 1969 2185 3569 2258">
     <span class='ocr_line' id='line_1_79' title="bbox 1969 2185 3569 2258; baseline 0.004 -21"><span class='ocrx_word' id='word_1_603' title='bbox 1969 2191 2224 2254; x_wconf 89' lang='lat' dir='ltr'><strong>guentum</strong></span> <span class='ocrx_word' id='word_1_604' title='bbox 2241 2185 2556 2256; x_wconf 90' lang='lat' dir='ltr'><strong>pretiosum,</strong></span> <span class='ocrx_word' id='word_1_605' title='bbox 2590 2188 2928 2258; x_wconf 89' lang='lat' dir='ltr'><strong>quantumvis</strong></span> <span class='ocrx_word' id='word_1_606' title='bbox 2945 2187 3000 2243; x_wconf 88' lang='lat' dir='ltr'><strong>in</strong></span> <span class='ocrx_word' id='word_1_607' title='bbox 3017 2201 3112 2243; x_wconf 89' lang='lat' dir='ltr'><strong>vas</strong></span> <span class='ocrx_word' id='word_1_608' title='bbox 3135 2187 3417 2254; x_wconf 91' lang='lat' dir='ltr'><strong>inclusum,</strong></span> <span class='ocrx_word' id='word_1_609' title='bbox 3441 2201 3569 2243; x_wconf 90' lang='lat' dir='ltr'><strong>aere</strong></span> 
     </span>
    </p>
   </div>
   <div class='ocr_carea' id='block_1_80' title="bbox 1972 2274 3564 2350">
    <p class='ocr_par' dir='ltr' id='par_1_80' title="bbox 1972 2274 3564 2350">
     <span class='ocr_line' id='line_1_80' title="bbox 1972 2274 3564 2350; baseline 0.004 -22"><span class='ocrx_word' id='word_1_610' title='bbox 1972 2274 2255 2346; x_wconf 82' lang='lat' dir='ltr'><strong>fragrantia</strong></span> <span class='ocrx_word' id='word_1_611' title='bbox 2279 2293 2373 2333; x_wconf 89' lang='lat' dir='ltr'><strong>sua</strong></span> <span class='ocrx_word' id='word_1_612' title='bbox 2396 2285 2666 2350; x_wconf 88' lang='lat' dir='ltr'><strong>tamquam</strong></span> <span class='ocrx_word' id='word_1_613' title='bbox 2690 2279 2948 2347; x_wconf 89' lang='lat' dir='ltr'><strong>delibuto,</strong></span> <span class='ocrx_word' id='word_1_614' title='bbox 2970 2295 3076 2335; x_wconf 90' lang='lat' dir='ltr'><strong>non</strong></span> <span class='ocrx_word' id='word_1_615' title='bbox 3099 2279 3374 2335; x_wconf 82' lang='lat' dir='ltr'><strong>intraneos</strong></span> <span class='ocrx_word' id='word_1_616' title='bbox 3390 2278 3564 2334; x_wconf 91' lang='lat' dir='ltr'><strong>solum</strong></span> 
     </span>
    </p>
   </div>
   <div class='ocr_carea' id='block_1_81' title="bbox 1969 2371 3568 2440">
    <p class='ocr_par' dir='ltr' id='par_1_81' title="bbox 1969 2371 3568 2440">
     <span class='ocr_line' id='line_1_81' title="bbox 1969 2371 3568 2440; baseline 0.001 -18"><span class='ocrx_word' id='word_1_617' title='bbox 1969 2377 2023 2423; x_wconf 91' lang='lat' dir='ltr'><strong>et</strong></span> <span class='ocrx_word' id='word_1_618' title='bbox 2063 2373 2358 2438; x_wconf 80' lang='lat' dir='ltr'><strong>proximos,</strong></span> <span class='ocrx_word' id='word_1_619' title='bbox 2403 2371 2498 2426; x_wconf 89' lang='lat' dir='ltr'><strong>sed</strong></span> <span class='ocrx_word' id='word_1_620' title='bbox 2539 2380 2824 2426; x_wconf 82' lang='lat' dir='ltr'><strong>extraneos</strong></span> <span class='ocrx_word' id='word_1_621' title='bbox 2857 2373 3019 2428; x_wconf 86' lang='lat' dir='ltr'><strong>etiam</strong></span> <span class='ocrx_word' id='word_1_622' title='bbox 3063 2385 3253 2426; x_wconf 89' lang='lat' dir='ltr'><strong>omnes</strong></span> <span class='ocrx_word' id='word_1_623' title='bbox 3293 2371 3568 2440; x_wconf 87' lang='lat' dir='ltr'><strong>voluptate</strong></span> 
     </span>
    </p>
   </div>
   <div class='ocr_carea' id='block_1_82' title="bbox 1970 2461 3567 2534">
    <p class='ocr_par' dir='ltr' id='par_1_82' title="bbox 1970 2461 3567 2534">
     <span class='ocr_line' id='line_1_82' title="bbox 1970 2461 3567 2534; baseline 0.001 -20"><span class='ocrx_word' id='word_1_624' title='bbox 1970 2461 2181 2530; x_wconf 90' lang='lat' dir='ltr'><strong>replet:</strong></span> <span class='ocrx_word' id='word_1_625' title='bbox 2223 2461 2295 2516; x_wconf 90' lang='lat' dir='ltr'><strong>ita</strong></span> <span class='ocrx_word' id='word_1_626' title='bbox 2339 2471 2394 2516; x_wconf 91' lang='lat' dir='ltr'><strong>et</strong></span> <span class='ocrx_word' id='word_1_627' title='bbox 2421 2463 2642 2534; x_wconf 85' lang='lat' dir='ltr'><strong>virginis</strong></span> <span class='ocrx_word' id='word_1_628' title='bbox 2682 2463 2876 2518; x_wconf 69' lang='lat' dir='ltr'><strong>anima:</strong></span> <span class='ocrx_word' id='word_1_629' title='bbox 2904 2462 3192 2534; x_wconf 86' lang='lat' dir='ltr'><strong>fragrantia</strong></span> <span class='ocrx_word' id='word_1_630' title='bbox 3231 2477 3422 2518; x_wconf 90' lang='lat' dir='ltr'><strong>sensus</strong></span> <span class='ocrx_word' id='word_1_631' title='bbox 3463 2463 3567 2517; x_wconf 86' lang='lat' dir='ltr'><strong>cir-</strong></span> 
     </span>
    </p>
   </div>
   <div class='ocr_carea' id='block_1_83' title="bbox 1969 2538 3568 2630">
    <p class='ocr_par' dir='ltr' id='par_1_83' title="bbox 1969 2538 3568 2630">
     <span class='ocr_line' id='line_1_83' title="bbox 1969 2538 3568 2630; baseline 0.001 -25"><span class='ocrx_word' id='word_1_632' title='bbox 1969 2550 2267 2606; x_wconf 85' lang='lat' dir='ltr'><strong>cumiluens</strong></span> <span class='ocrx_word' id='word_1_633' title='bbox 2297 2554 2440 2607; x_wconf 90' lang='lat' dir='ltr'><strong>intus</strong></span> <span class='ocrx_word' id='word_1_634' title='bbox 2467 2538 2694 2623; x_wconf 83' lang='lat' dir='ltr'><strong>positam</strong></span> <span class='ocrx_word' id='word_1_635' title='bbox 2716 2553 2967 2630; x_wconf 89' lang='lat' dir='ltr'><strong>virtutem</strong></span> <span class='ocrx_word' id='word_1_636' title='bbox 2991 2552 3256 2619; x_wconf 90' lang='lat' dir='ltr'><strong>ostendit,</strong></span> <span class='ocrx_word' id='word_1_637' title='bbox 3305 2562 3358 2607; x_wconf 91' lang='lat' dir='ltr'><strong>et</strong></span> <span class='ocrx_word' id='word_1_638' title='bbox 3387 2553 3568 2608; x_wconf 88' lang='lat' dir='ltr'><strong>aureis</strong></span> 
     </span>
    </p>
   </div>
   <div class='ocr_carea' id='block_1_84' title="bbox 1970 2643 3567 2716">
    <p class='ocr_par' dir='ltr' id='par_1_84' title="bbox 1970 2643 3567 2716">
     <span class='ocr_line' id='line_1_84' title="bbox 1970 2643 3567 2716; baseline 0.001 -19"><span class='ocrx_word' id='word_1_639' title='bbox 1970 2643 2249 2700; x_wconf 70' lang='lat' dir='ltr'><strong>modestia:</strong></span> <span class='ocrx_word' id='word_1_640' title='bbox 2277 2644 2444 2700; x_wconf 91' lang='lat' dir='ltr'><strong>frenis</strong></span> <span class='ocrx_word' id='word_1_641' title='bbox 2495 2645 2742 2701; x_wconf 91' lang='lat' dir='ltr'><strong>omnibus</strong></span> <span class='ocrx_word' id='word_1_642' title='bbox 2789 2644 3003 2716; x_wconf 89' lang='lat' dir='ltr'><strong>injectis</strong></span> <span class='ocrx_word' id='word_1_643' title='bbox 3035 2659 3205 2715; x_wconf 91' lang='lat' dir='ltr'><strong>equos</strong></span> <span class='ocrx_word' id='word_1_644' title='bbox 3246 2644 3484 2715; x_wconf 87' lang='lat' dir='ltr'><strong>singulos</strong></span> <span class='ocrx_word' id='word_1_645' title='bbox 3511 2643 3567 2698; x_wconf 92' lang='lat' dir='ltr'><strong>in</strong></span> 
     </span>
    </p>
   </div>
   <div class='ocr_carea' id='block_1_85' title="bbox 1970 2734 3568 2808">
    <p class='ocr_par' dir='ltr' id='par_1_85' title="bbox 1970 2734 3568 2808">
     <span class='ocr_line' id='line_1_85' title="bbox 1970 2734 3568 2808; baseline -0.001 -16"><span class='ocrx_word' id='word_1_646' title='bbox 1970 2750 2178 2792; x_wconf 89' lang='lat' dir='ltr'><strong>summa</strong></span> <span class='ocrx_word' id='word_1_647' title='bbox 2205 2739 2566 2794; x_wconf 87' lang='lat' dir='ltr'><strong>concinnitate</strong></span> <span class='ocrx_word' id='word_1_648' title='bbox 2596 2744 2777 2794; x_wconf 91' lang='lat' dir='ltr'><strong>tuetur</strong></span> <span class='ocrx_word' id='word_1_649' title='bbox 2809 2754 2823 2792; x_wconf 91' lang='lat'><strong>:</strong></span> <span class='ocrx_word' id='word_1_650' title='bbox 2856 2751 3032 2808; x_wconf 90' lang='lat' dir='ltr'><strong>neque</strong></span> <span class='ocrx_word' id='word_1_651' title='bbox 3065 2745 3157 2791; x_wconf 92' lang='lat' dir='ltr'><strong>aut</strong></span> <span class='ocrx_word' id='word_1_652' title='bbox 3179 2737 3415 2806; x_wconf 86' lang='lat' dir='ltr'><strong>linguam</strong></span> <span class='ocrx_word' id='word_1_653' title='bbox 3439 2734 3568 2791; x_wconf 90' lang='lat' dir='ltr'><strong>sinit</strong></span> 
     </span>
    </p>
   </div>
   <div class='ocr_carea' id='block_1_86' title="bbox 1969 2827 3565 2900">
    <p class='ocr_par' dir='ltr' id='par_1_86' title="bbox 1969 2827 3565 2900">
     <span class='ocr_line' id='line_1_86' title="bbox 1969 2827 3565 2900; baseline 0 -18"><span class='ocrx_word' id='word_1_654' title='bbox 1969 2828 2232 2884; x_wconf 92' lang='lat' dir='ltr'><strong>absonum</strong></span> <span class='ocrx_word' id='word_1_655' title='bbox 2262 2829 2462 2899; x_wconf 88' lang='lat' dir='ltr'><strong>aliquid</strong></span> <span class='ocrx_word' id='word_1_656' title='bbox 2499 2839 2554 2886; x_wconf 91' lang='lat' dir='ltr'><strong>et</strong></span> <span class='ocrx_word' id='word_1_657' title='bbox 2592 2829 3005 2900; x_wconf 90' lang='lat' dir='ltr'><strong>incompositum</strong></span> <span class='ocrx_word' id='word_1_658' title='bbox 3033 2829 3205 2897; x_wconf 74' lang='lat' dir='ltr'><strong>effari,</strong></span> <span class='ocrx_word' id='word_1_659' title='bbox 3233 2838 3326 2884; x_wconf 87' lang='lat' dir='ltr'><strong>aut</strong></span> <span class='ocrx_word' id='word_1_660' title='bbox 3353 2827 3565 2883; x_wconf 89' lang='lat' dir='ltr'><strong>oculum</strong></span> 
     </span>
    </p>
   </div>
   <div class='ocr_carea' id='block_1_87' title="bbox 1971 2919 3566 2993">
    <p class='ocr_par' dir='ltr' id='par_1_87' title="bbox 1971 2919 3566 2993">
     <span class='ocr_line' id='line_1_87' title="bbox 1971 2919 3566 2993; baseline 0.001 -20"><span class='ocrx_word' id='word_1_661' title='bbox 1971 2921 2062 2975; x_wconf 90' lang='lat' dir='ltr'><strong>vel</strong></span> <span class='ocrx_word' id='word_1_662' title='bbox 2091 2919 2433 2990; x_wconf 87' lang='lat' dir='ltr'><strong>impudenter</strong></span> <span class='ocrx_word' id='word_1_663' title='bbox 2461 2937 2524 2978; x_wconf 90' lang='lat' dir='ltr'><strong>ac</strong></span> <span class='ocrx_word' id='word_1_664' title='bbox 2549 2921 2848 2993; x_wconf 90' lang='lat' dir='ltr'><strong>suspiciose</strong></span> <span class='ocrx_word' id='word_1_665' title='bbox 2875 2930 3141 2991; x_wconf 89' lang='lat' dir='ltr'><strong>spectare,</strong></span> <span class='ocrx_word' id='word_1_666' title='bbox 3173 2928 3266 2976; x_wconf 90' lang='lat' dir='ltr'><strong>aut</strong></span> <span class='ocrx_word' id='word_1_667' title='bbox 3289 2935 3448 2976; x_wconf 88' lang='lat' dir='ltr'><strong>aures</strong></span> <span class='ocrx_word' id='word_1_668' title='bbox 3478 2921 3566 2975; x_wconf 90' lang='lat' dir='ltr'><strong>in-</strong></span> 
     </span>
    </p>
   </div>
   <div class='ocr_carea' id='block_1_88' title="bbox 1969 3010 3562 3083">
    <p class='ocr_par' dir='ltr' id='par_1_88' title="bbox 1969 3010 3562 3083">
     <span class='ocr_line' id='line_1_88' title="bbox 1969 3010 3562 3083; baseline 0 -18"><span class='ocrx_word' id='word_1_669' title='bbox 1969 3010 2168 3068; x_wconf 91' lang='lat' dir='ltr'><strong>decens</strong></span> <span class='ocrx_word' id='word_1_670' title='bbox 2196 3012 2412 3083; x_wconf 88' lang='lat' dir='ltr'><strong>aliquod</strong></span> <span class='ocrx_word' id='word_1_671' title='bbox 2451 3027 2669 3067; x_wconf 89' lang='lat' dir='ltr'><strong>carmen</strong></span> <span class='ocrx_word' id='word_1_672' title='bbox 2696 3012 3001 3067; x_wconf 90' lang='lat' dir='ltr'><strong>admittere.</strong></span> <span class='ocrx_word' id='word_1_673' title='bbox 3041 3012 3180 3079; x_wconf 88' lang='lat' dir='ltr'><strong>Quin</strong></span> <span class='ocrx_word' id='word_1_674' title='bbox 3211 3018 3268 3068; x_wconf 91' lang='lat' dir='ltr'><strong>et</strong></span> <span class='ocrx_word' id='word_1_675' title='bbox 3289 3011 3484 3081; x_wconf 90' lang='lat' dir='ltr'><strong>pedum</strong></span> <span class='ocrx_word' id='word_1_676' title='bbox 3514 3012 3562 3066; x_wconf 90' lang='lat' dir='ltr'><strong>ei</strong></span> 
     </span>
    </p>
   </div>
   <div class='ocr_carea' id='block_1_89' title="bbox 1967 3103 3568 3176">
    <p class='ocr_par' dir='ltr' id='par_1_89' title="bbox 1967 3103 3568 3176">
     <span class='ocr_line' id='line_1_89' title="bbox 1967 3103 3568 3176; baseline -0.001 -17"><span class='ocrx_word' id='word_1_677' title='bbox 1967 3118 2096 3159; x_wconf 90' lang='lat' dir='ltr'><strong>cura</strong></span> <span class='ocrx_word' id='word_1_678' title='bbox 2124 3112 2226 3171; x_wconf 88' lang='lat' dir='ltr'><strong>est,</strong></span> <span class='ocrx_word' id='word_1_679' title='bbox 2267 3119 2336 3160; x_wconf 89' lang='lat' dir='ltr'><strong>ne</strong></span> <span class='ocrx_word' id='word_1_680' title='bbox 2377 3105 2668 3160; x_wconf 89' lang='lat' dir='ltr'><strong>dissolutus</strong></span> <span class='ocrx_word' id='word_1_681' title='bbox 2700 3114 2862 3176; x_wconf 83' lang='lat' dir='ltr'><strong>atque</strong></span> <span class='ocrx_word' id='word_1_682' title='bbox 2890 3104 3092 3172; x_wconf 90' lang='lat' dir='ltr'><strong>mollis,</strong></span> <span class='ocrx_word' id='word_1_683' title='bbox 3127 3103 3222 3159; x_wconf 90' lang='lat' dir='ltr'><strong>sed</strong></span> <span class='ocrx_word' id='word_1_684' title='bbox 3263 3103 3489 3174; x_wconf 78' lang='lat' dir='ltr'><strong>simplex</strong></span> <span class='ocrx_word' id='word_1_685' title='bbox 3510 3115 3568 3160; x_wconf 89' lang='lat' dir='ltr'><strong>et</strong></span> 
     </span>
    </p>
   </div>
   <div class='ocr_carea' id='block_1_90' title="bbox 1969 3195 3566 3267">
    <p class='ocr_par' dir='ltr' id='par_1_90' title="bbox 1969 3195 3566 3267">
     <span class='ocr_line' id='line_1_90' title="bbox 1969 3195 3566 3267; baseline -0.001 -15"><span class='ocrx_word' id='word_1_686' title='bbox 1969 3195 2302 3252; x_wconf 81' lang='lat' dir='ltr'><strong>inaﬂ‘ectatus</strong></span> <span class='ocrx_word' id='word_1_687' title='bbox 2352 3199 2424 3252; x_wconf 88' lang='lat' dir='ltr'><strong>sit</strong></span> <span class='ocrx_word' id='word_1_688' title='bbox 2464 3199 2740 3264; x_wconf 89' lang='lat' dir='ltr'><strong>incessus;</strong></span> <span class='ocrx_word' id='word_1_689' title='bbox 2804 3196 3057 3267; x_wconf 90' lang='lat' dir='ltr'><strong>omnique</strong></span> <span class='ocrx_word' id='word_1_690' title='bbox 3103 3196 3332 3251; x_wconf 91' lang='lat' dir='ltr'><strong>vestium</strong></span> <span class='ocrx_word' id='word_1_691' title='bbox 3370 3207 3566 3251; x_wconf 87' lang='lat' dir='ltr'><strong>ornatu</strong></span> 
     </span>
    </p>
   </div>
   <div class='ocr_carea' id='block_1_91' title="bbox 1967 3287 3562 3361">
    <p class='ocr_par' dir='ltr' id='par_1_91' title="bbox 1967 3287 3562 3361">
     <span class='ocr_line' id='line_1_91' title="bbox 1967 3287 3562 3361; baseline 0 -17"><span class='ocrx_word' id='word_1_692' title='bbox 1967 3289 2176 3360; x_wconf 83' lang='lat' dir='ltr'><strong>abjecto</strong></span> <span class='ocrx_word' id='word_1_693' title='bbox 2213 3291 2420 3346; x_wconf 91' lang='lat' dir='ltr'><strong>vultum</strong></span> <span class='ocrx_word' id='word_1_694' title='bbox 2451 3305 2664 3361; x_wconf 91' lang='lat' dir='ltr'><strong>quoque</strong></span> <span class='ocrx_word' id='word_1_695' title='bbox 2691 3290 2907 3345; x_wconf 89' lang='lat' dir='ltr'><strong>assidue</strong></span> <span class='ocrx_word' id='word_1_696' title='bbox 2950 3297 3153 3356; x_wconf 90' lang='lat' dir='ltr'><strong>monet,</strong></span> <span class='ocrx_word' id='word_1_697' title='bbox 3193 3304 3262 3345; x_wconf 92' lang='lat' dir='ltr'><strong>ne</strong></span> <span class='ocrx_word' id='word_1_698' title='bbox 3310 3289 3418 3344; x_wconf 91' lang='lat' dir='ltr'><strong>risu</strong></span> <span class='ocrx_word' id='word_1_699' title='bbox 3455 3287 3562 3344; x_wconf 80' lang='lat' dir='ltr'><strong>dif-</strong></span> 
     </span>
    </p>
   </div>
   <div class='ocr_carea' id='block_1_92' title="bbox 1968 3382 3564 3453">
    <p class='ocr_par' dir='ltr' id='par_1_92' title="bbox 1968 3382 3564 3453">
     <span class='ocr_line' id='line_1_92' title="bbox 1968 3382 3564 3453; baseline 0 -17"><span class='ocrx_word' id='word_1_700' title='bbox 1968 3384 2133 3438; x_wconf 82' lang='lat' dir='ltr'><strong>ﬂuat:</strong></span> <span class='ocrx_word' id='word_1_701' title='bbox 2165 3383 2274 3440; x_wconf 91' lang='lat' dir='ltr'><strong>imo</strong></span> <span class='ocrx_word' id='word_1_702' title='bbox 2311 3391 2369 3438; x_wconf 91' lang='lat' dir='ltr'><strong>ut</strong></span> <span class='ocrx_word' id='word_1_703' title='bbox 2395 3397 2494 3438; x_wconf 92' lang='lat' dir='ltr'><strong>nec</strong></span> <span class='ocrx_word' id='word_1_704' title='bbox 2518 3383 2708 3439; x_wconf 89' lang='lat' dir='ltr'><strong>leviter</strong></span> <span class='ocrx_word' id='word_1_705' title='bbox 2733 3382 2924 3450; x_wconf 92' lang='lat' dir='ltr'><strong>rideat,</strong></span> <span class='ocrx_word' id='word_1_706' title='bbox 2957 3382 3050 3438; x_wconf 92' lang='lat' dir='ltr'><strong>sed</strong></span> <span class='ocrx_word' id='word_1_707' title='bbox 3079 3397 3240 3452; x_wconf 87' lang='lat' dir='ltr'><strong>grave</strong></span> <span class='ocrx_word' id='word_1_708' title='bbox 3271 3395 3485 3453; x_wconf 89' lang='lat' dir='ltr'><strong>semper</strong></span> <span class='ocrx_word' id='word_1_709' title='bbox 3509 3391 3564 3436; x_wconf 88' lang='lat' dir='ltr'><strong>et</strong></span> 
     </span>
    </p>
   </div>
   <div class='ocr_carea' id='block_1_93' title="bbox 1967 3473 3559 3545">
    <p class='ocr_par' dir='ltr' id='par_1_93' title="bbox 1967 3473 3559 3545">
     <span class='ocr_line' id='line_1_93' title="bbox 1967 3473 3559 3545; baseline -0.001 -16"><span class='ocrx_word' id='word_1_710' title='bbox 1967 3483 2243 3531; x_wconf 90' lang='lat' dir='ltr'><strong>austerum</strong></span> <span class='ocrx_word' id='word_1_711' title='bbox 2270 3474 2614 3545; x_wconf 90' lang='lat' dir='ltr'><strong>supercilium</strong></span> <span class='ocrx_word' id='word_1_712' title='bbox 2643 3481 3014 3545; x_wconf 73' lang='lat' dir='ltr'><strong>reprtesentet,</strong></span> <span class='ocrx_word' id='word_1_713' title='bbox 3047 3473 3114 3528; x_wconf 91' lang='lat' dir='ltr'><strong>ad</strong></span> <span class='ocrx_word' id='word_1_714' title='bbox 3142 3473 3408 3544; x_wconf 82' lang='lat' dir='ltr'><strong>lacrymas</strong></span> <span class='ocrx_word' id='word_1_715' title='bbox 3436 3487 3559 3543; x_wconf 91' lang='lat' dir='ltr'><strong>per-</strong></span> 
     </span>
    </p>
   </div>
   <div class='ocr_carea' id='block_1_94' title="bbox 1970 3567 2994 3638">
    <p class='ocr_par' dir='ltr' id='par_1_94' title="bbox 1970 3567 2994 3638">
     <span class='ocr_line' id='line_1_94' title="bbox 1970 3567 2994 3638; baseline -0.003 -15"><span class='ocrx_word' id='word_1_716' title='bbox 1970 3577 2131 3638; x_wconf 90' lang='lat' dir='ltr'><strong>petuo</strong></span> <span class='ocrx_word' id='word_1_717' title='bbox 2155 3577 2362 3637; x_wconf 88' lang='lat' dir='ltr'><strong>parata,</strong></span> <span class='ocrx_word' id='word_1_718' title='bbox 2388 3567 2457 3622; x_wconf 91' lang='lat' dir='ltr'><strong>ad</strong></span> <span class='ocrx_word' id='word_1_719' title='bbox 2485 3571 2652 3622; x_wconf 91' lang='lat' dir='ltr'><strong>risum</strong></span> <span class='ocrx_word' id='word_1_720' title='bbox 2681 3581 2994 3638; x_wconf 89' lang='lat' dir='ltr'><strong>numquam.</strong></span> 
     </span>
    </p>
   </div>
   <div class='ocr_carea' id='block_1_95' title="bbox 2038 3656 3563 3730">
    <p class='ocr_par' dir='ltr' id='par_1_95' title="bbox 2038 3656 3563 3730">
     <span class='ocr_line' id='line_1_95' title="bbox 2038 3656 3563 3730; baseline -0.001 -18"><span class='ocrx_word' id='word_1_721' title='bbox 2038 3657 2226 3713; x_wconf 77' lang='lat' dir='ltr'><strong>LXIV.</strong></span> <span class='ocrx_word' id='word_1_722' title='bbox 2259 3657 2386 3726; x_wconf 68' lang='lat' dir='ltr'><strong>Qum</strong></span> <span class='ocrx_word' id='word_1_723' title='bbox 2414 3667 2619 3730; x_wconf 84' lang='lat' dir='ltr'><strong>propter</strong></span> <span class='ocrx_word' id='word_1_724' title='bbox 2652 3656 2908 3713; x_wconf 77' lang='lat' dir='ltr'><strong>Christum</strong></span> <span class='ocrx_word' id='word_1_725' title='bbox 2945 3657 3194 3729; x_wconf 85' lang='lat' dir='ltr'><strong>patimur,</strong></span> <span class='ocrx_word' id='word_1_726' title='bbox 3234 3673 3292 3710; x_wconf 89' lang='lat' dir='ltr'><strong>ea</strong></span> <span class='ocrx_word' id='word_1_727' title='bbox 3321 3657 3435 3710; x_wconf 84' lang='lat' dir='ltr'><strong>licet</strong></span> <span class='ocrx_word' id='word_1_728' title='bbox 3473 3657 3563 3710; x_wconf 84' lang='lat' dir='ltr'><strong>tri-</strong></span> 
     </span>
    </p>
   </div>
   <div class='ocr_carea' id='block_1_96' title="bbox 1967 3747 3561 3820">
    <p class='ocr_par' dir='ltr' id='par_1_96' title="bbox 1967 3747 3561 3820">
     <span class='ocr_line' id='line_1_96' title="bbox 1967 3747 3561 3820; baseline -0.002 -16"><span class='ocrx_word' id='word_1_729' title='bbox 1967 3751 2066 3804; x_wconf 81' lang='lat' dir='ltr'><strong>stia</strong></span> <span class='ocrx_word' id='word_1_730' title='bbox 2089 3751 2188 3803; x_wconf 81' lang='lat' dir='ltr'><strong>sint</strong></span> <span class='ocrx_word' id='word_1_731' title='bbox 2209 3749 2520 3820; x_wconf 84' lang='lat' dir='ltr'><strong>voluptatem</strong></span> <span class='ocrx_word' id='word_1_732' title='bbox 2548 3749 2825 3804; x_wconf 77' lang='lat' dir='ltr'><strong>habere.—</strong></span> <span class='ocrx_word' id='word_1_733' title='bbox 2843 3751 3019 3819; x_wconf 83' lang='lat' dir='ltr'><strong>Atque</strong></span> <span class='ocrx_word' id='word_1_734' title='bbox 3045 3748 3134 3804; x_wconf 91' lang='lat' dir='ltr'><strong>hic</strong></span> <span class='ocrx_word' id='word_1_735' title='bbox 3156 3763 3276 3802; x_wconf 91' lang='lat' dir='ltr'><strong>cum</strong></span> <span class='ocrx_word' id='word_1_736' title='bbox 3296 3747 3561 3818; x_wconf 89' lang='lat' dir='ltr'><strong>lacrymas</strong></span> 
     </span>
    </p>
   </div>
   <div class='ocr_carea' id='block_1_97' title="bbox 1966 3839 3562 3912">
    <p class='ocr_par' dir='ltr' id='par_1_97' title="bbox 1966 3839 3562 3912">
     <span class='ocr_line' id='line_1_97' title="bbox 1966 3839 3562 3912; baseline -0.002 -16"><span class='ocrx_word' id='word_1_737' title='bbox 1966 3840 2142 3907; x_wconf 92' lang='lat' dir='ltr'><strong>audis,</strong></span> <span class='ocrx_word' id='word_1_738' title='bbox 2165 3841 2297 3896; x_wconf 87' lang='lat' dir='ltr'><strong>nihil</strong></span> <span class='ocrx_word' id='word_1_739' title='bbox 2325 3841 2570 3898; x_wconf 88' lang='lat' dir='ltr'><strong>tetricum</strong></span> <span class='ocrx_word' id='word_1_740' title='bbox 2599 3841 2740 3912; x_wconf 84' lang='lat' dir='ltr'><strong>ﬁnge</strong></span> <span class='ocrx_word' id='word_1_741' title='bbox 2769 3857 2782 3895; x_wconf 90' lang='lat'><strong>:</strong></span> <span class='ocrx_word' id='word_1_742' title='bbox 2813 3839 3015 3896; x_wconf 88' lang='lat' dir='ltr'><strong>habent</strong></span> <span class='ocrx_word' id='word_1_743' title='bbox 3038 3839 3180 3895; x_wconf 91' lang='lat' dir='ltr'><strong>enim</strong></span> <span class='ocrx_word' id='word_1_744' title='bbox 3206 3855 3284 3895; x_wconf 72' lang='lat' dir='ltr'><strong>ea:</strong></span> <span class='ocrx_word' id='word_1_745' title='bbox 3309 3839 3562 3910; x_wconf 78' lang='lat' dir='ltr'><strong>lacryma:</strong></span> 
     </span>
    </p>
   </div>
   <div class='ocr_carea' id='block_1_98' title="bbox 1966 3931 3558 4004">
    <p class='ocr_par' dir='ltr' id='par_1_98' title="bbox 1966 3931 3558 4004">
     <span class='ocr_line' id='line_1_98' title="bbox 1966 3931 3558 4004; baseline 0.001 -18"><span class='ocrx_word' id='word_1_746' title='bbox 1966 3939 2168 3987; x_wconf 89' lang='lat' dir='ltr'><strong>tantam</strong></span> <span class='ocrx_word' id='word_1_747' title='bbox 2198 3932 2546 4004; x_wconf 89' lang='lat' dir='ltr'><strong>voluptatem,</strong></span> <span class='ocrx_word' id='word_1_748' title='bbox 2583 3942 2837 4003; x_wconf 90' lang='lat' dir='ltr'><strong>quantam</strong></span> <span class='ocrx_word' id='word_1_749' title='bbox 2873 3948 2973 3989; x_wconf 91' lang='lat' dir='ltr'><strong>nec</strong></span> <span class='ocrx_word' id='word_1_750' title='bbox 3002 3933 3158 4003; x_wconf 90' lang='lat' dir='ltr'><strong>hujus</strong></span> <span class='ocrx_word' id='word_1_751' title='bbox 3186 3931 3371 3988; x_wconf 89' lang='lat' dir='ltr'><strong>mundi</strong></span> <span class='ocrx_word' id='word_1_752' title='bbox 3397 3933 3558 3987; x_wconf 88' lang='lat' dir='ltr'><strong>risus.</strong></span> 
     </span>
    </p>
   </div>
   <div class='ocr_carea' id='block_1_99' title="bbox 1966 4023 3561 4096">
    <p class='ocr_par' dir='ltr' id='par_1_99' title="bbox 1966 4023 3561 4096">
     <span class='ocr_line' id='line_1_99' title="bbox 1966 4023 3561 4096; baseline -0.001 -16"><span class='ocrx_word' id='word_1_753' title='bbox 1966 4024 2060 4080; x_wconf 91' lang='lat' dir='ltr'><strong>Sin</strong></span> <span class='ocrx_word' id='word_1_754' title='bbox 2086 4023 2305 4090; x_wconf 88' lang='lat' dir='ltr'><strong>diflidis,</strong></span> <span class='ocrx_word' id='word_1_755' title='bbox 2333 4026 2456 4080; x_wconf 88' lang='lat' dir='ltr'><strong>audi</strong></span> <span class='ocrx_word' id='word_1_756' title='bbox 2481 4026 2746 4082; x_wconf 87' lang='lat' dir='ltr'><strong>dicentem</strong></span> <span class='ocrx_word' id='word_1_757' title='bbox 2769 4026 2991 4094; x_wconf 90' lang='lat' dir='ltr'><strong>Lucam,</strong></span> <span class='ocrx_word' id='word_1_758' title='bbox 3013 4026 3321 4082; x_wconf 89' lang='lat' dir='ltr'><strong>verberatos</strong></span> <span class='ocrx_word' id='word_1_759' title='bbox 3346 4034 3561 4096; x_wconf 87' lang='lat' dir='ltr'><strong>aposto-</strong></span> 
     </span>
    </p>
   </div>
   <div class='ocr_carea' id='block_1_100' title="bbox 1965 4117 3559 4190">
    <p class='ocr_par' dir='ltr' id='par_1_100' title="bbox 1965 4117 3559 4190">
     <span class='ocr_line' id='line_1_100' title="bbox 1965 4117 3559 4190; baseline 0.002 -19"><span class='ocrx_word' id='word_1_760' title='bbox 1965 4117 2045 4172; x_wconf 92' lang='lat' dir='ltr'><strong>los</strong></span> <span class='ocrx_word' id='word_1_761' title='bbox 2071 4117 2224 4172; x_wconf 81' lang='lat' dir='ltr'><strong>laetos</strong></span> <span class='ocrx_word' id='word_1_762' title='bbox 2254 4133 2320 4172; x_wconf 82' lang='lat' dir='ltr'><strong>ex</strong></span> <span class='ocrx_word' id='word_1_763' title='bbox 2346 4118 2576 4173; x_wconf 90' lang='lat' dir='ltr'><strong>concilio</strong></span> <span class='ocrx_word' id='word_1_764' title='bbox 2609 4119 2924 4174; x_wconf 90' lang='lat' dir='ltr'><strong>discessisse</strong></span> <span class='ocrx_word' id='word_1_765' title='bbox 2964 4117 3100 4190; x_wconf 85' lang='lat' dir='ltr'><strong>(Act.</strong></span> <span class='ocrx_word' id='word_1_766' title='bbox 3127 4120 3182 4176; x_wconf 86' lang='lat'><strong>5.</strong></span> <span class='ocrx_word' id='word_1_767' title='bbox 3205 4117 3319 4190; x_wconf 71' lang='grc'><strong>40).</strong></span> <span class='ocrx_word' id='word_1_768' title='bbox 3360 4120 3430 4173; x_wconf 88' lang='lat' dir='ltr'><strong>At</strong></span> <span class='ocrx_word' id='word_1_769' title='bbox 3453 4133 3559 4174; x_wconf 90' lang='lat' dir='ltr'><strong>non</strong></span> 
     </span>
    </p>
   </div>
   <div class='ocr_carea' id='block_1_101' title="bbox 1964 4209 3560 4277">
    <p class='ocr_par' dir='ltr' id='par_1_101' title="bbox 1964 4209 3560 4277">
     <span class='ocr_line' id='line_1_101' title="bbox 1964 4209 3560 4277; baseline -0.001 -13"><span class='ocrx_word' id='word_1_770' title='bbox 1964 4222 2027 4264; x_wconf 88' lang='lat' dir='ltr'><strong>ea</strong></span> <span class='ocrx_word' id='word_1_771' title='bbox 2057 4218 2140 4264; x_wconf 88' lang='lat' dir='ltr'><strong>est</strong></span> <span class='ocrx_word' id='word_1_772' title='bbox 2164 4209 2446 4264; x_wconf 90' lang='lat' dir='ltr'><strong>verberum</strong></span> <span class='ocrx_word' id='word_1_773' title='bbox 2474 4217 2663 4264; x_wconf 90' lang='lat' dir='ltr'><strong>natura</strong></span> <span class='ocrx_word' id='word_1_774' title='bbox 2693 4225 2707 4262; x_wconf 90' lang='lat'><strong>:</strong></span> <span class='ocrx_word' id='word_1_775' title='bbox 2737 4224 2843 4263; x_wconf 91' lang='lat' dir='ltr'><strong>non</strong></span> <span class='ocrx_word' id='word_1_776' title='bbox 2866 4209 3007 4264; x_wconf 90' lang='lat' dir='ltr'><strong>enim</strong></span> <span class='ocrx_word' id='word_1_777' title='bbox 3031 4209 3353 4277; x_wconf 89' lang='lat' dir='ltr'><strong>voluptatem</strong></span> <span class='ocrx_word' id='word_1_778' title='bbox 3383 4224 3446 4264; x_wconf 92' lang='lat' dir='ltr'><strong>ac</strong></span> <span class='ocrx_word' id='word_1_779' title='bbox 3471 4209 3560 4263; x_wconf 79' lang='lat' dir='ltr'><strong>la:-</strong></span> 
     </span>
    </p>
   </div>
   <div class='ocr_carea' id='block_1_102' title="bbox 1966 4297 3560 4370">
    <p class='ocr_par' dir='ltr' id='par_1_102' title="bbox 1966 4297 3560 4370">
     <span class='ocr_line' id='line_1_102' title="bbox 1966 4297 3560 4370; baseline 0 -16"><span class='ocrx_word' id='word_1_780' title='bbox 1966 4300 2157 4368; x_wconf 90' lang='lat' dir='ltr'><strong>titiam,</strong></span> <span class='ocrx_word' id='word_1_781' title='bbox 2199 4299 2296 4355; x_wconf 92' lang='lat' dir='ltr'><strong>sed</strong></span> <span class='ocrx_word' id='word_1_782' title='bbox 2325 4300 2540 4355; x_wconf 92' lang='lat' dir='ltr'><strong>dolores</strong></span> <span class='ocrx_word' id='word_1_783' title='bbox 2577 4299 2922 4370; x_wconf 87' lang='lat' dir='ltr'><strong>laboremque</strong></span> <span class='ocrx_word' id='word_1_784' title='bbox 2959 4299 3150 4354; x_wconf 74' lang='lat' dir='ltr'><strong>afferre</strong></span> <span class='ocrx_word' id='word_1_785' title='bbox 3183 4300 3389 4354; x_wconf 86' lang='lat' dir='ltr'><strong>solent.-</strong></span> <span class='ocrx_word' id='word_1_786' title='bbox 3417 4297 3560 4354; x_wconf 89' lang='lat' dir='ltr'><strong>Sane</strong></span> 
     </span>
    </p>
   </div>
   <div class='ocr_carea' id='block_1_103' title="bbox 1965 4389 3562 4456">
    <p class='ocr_par' dir='ltr' id='par_1_103' title="bbox 1965 4389 3562 4456">
     <span class='ocr_line' id='line_1_103' title="bbox 1965 4389 3562 4456; baseline -0.001 -11"><span class='ocrx_word' id='word_1_787' title='bbox 1965 4404 2072 4446; x_wconf 91' lang='lat' dir='ltr'><strong>non</strong></span> <span class='ocrx_word' id='word_1_788' title='bbox 2108 4405 2170 4445; x_wconf 91' lang='lat' dir='ltr'><strong>ea</strong></span> <span class='ocrx_word' id='word_1_789' title='bbox 2198 4401 2283 4447; x_wconf 88' lang='lat' dir='ltr'><strong>est</strong></span> <span class='ocrx_word' id='word_1_790' title='bbox 2310 4390 2592 4446; x_wconf 90' lang='lat' dir='ltr'><strong>verberum</strong></span> <span class='ocrx_word' id='word_1_791' title='bbox 2630 4397 2840 4456; x_wconf 87' lang='lat' dir='ltr'><strong>natura,</strong></span> <span class='ocrx_word' id='word_1_792' title='bbox 2886 4390 2980 4445; x_wconf 89' lang='lat' dir='ltr'><strong>sed</strong></span> <span class='ocrx_word' id='word_1_793' title='bbox 3009 4389 3309 4445; x_wconf 88' lang='lat' dir='ltr'><strong>Christiana</strong></span> <span class='ocrx_word' id='word_1_794' title='bbox 3336 4389 3468 4445; x_wconf 86' lang='lat' dir='ltr'><strong>ﬁdes</strong></span> <span class='ocrx_word' id='word_1_795' title='bbox 3496 4405 3562 4444; x_wconf 87' lang='lat' dir='ltr'><strong>ca</strong></span> 
     </span>
    </p>
   </div>
   <div class='ocr_carea' id='block_1_104' title="bbox 1964 4480 3560 4552">
    <p class='ocr_par' dir='ltr' id='par_1_104' title="bbox 1964 4480 3560 4552">
     <span class='ocr_line' id='line_1_104' title="bbox 1964 4480 3560 4552; baseline -0.002 -14"><span class='ocrx_word' id='word_1_796' title='bbox 1964 4487 2068 4550; x_wconf 84' lang='lat' dir='ltr'><strong>est,</strong></span> <span class='ocrx_word' id='word_1_797' title='bbox 2099 4493 2157 4538; x_wconf 89' lang='lat' dir='ltr'><strong>ut</strong></span> <span class='ocrx_word' id='word_1_798' title='bbox 2177 4483 2277 4552; x_wconf 90' lang='lat' dir='ltr'><strong>ipsi</strong></span> <span class='ocrx_word' id='word_1_799' title='bbox 2294 4482 2454 4538; x_wconf 88' lang='lat' dir='ltr'><strong>etiam</strong></span> <span class='ocrx_word' id='word_1_800' title='bbox 2476 4497 2656 4537; x_wconf 90' lang='lat' dir='ltr'><strong>rerum</strong></span> <span class='ocrx_word' id='word_1_801' title='bbox 2680 4491 2886 4536; x_wconf 77' lang='lat' dir='ltr'><strong>natura:</strong></span> <span class='ocrx_word' id='word_1_802' title='bbox 2912 4481 3158 4552; x_wconf 91' lang='lat' dir='ltr'><strong>imperet.</strong></span> <span class='ocrx_word' id='word_1_803' title='bbox 3185 4480 3337 4550; x_wconf 85' lang='lat' dir='ltr'><strong>Quod</strong></span> <span class='ocrx_word' id='word_1_804' title='bbox 3363 4480 3409 4535; x_wconf 91' lang='lat' dir='ltr'><strong>si</strong></span> <span class='ocrx_word' id='word_1_805' title='bbox 3436 4495 3560 4536; x_wconf 83' lang='lat' dir='ltr'><strong>ver-</strong></span> 
     </span>
    </p>
   </div>
   <div class='ocr_carea' id='block_1_105' title="bbox 1962 4571 3559 4646">
    <p class='ocr_par' dir='ltr' id='par_1_105' title="bbox 1962 4571 3559 4646">
     <span class='ocr_line' id='line_1_105' title="bbox 1962 4571 3559 4646; baseline -0.003 -16"><span class='ocrx_word' id='word_1_806' title='bbox 1962 4573 2090 4630; x_wconf 90' lang='lat' dir='ltr'><strong>bcra</strong></span> <span class='ocrx_word' id='word_1_807' title='bbox 2119 4575 2445 4646; x_wconf 88' lang='lat' dir='ltr'><strong>voluptatem</strong></span> <span class='ocrx_word' id='word_1_808' title='bbox 2497 4573 2776 4644; x_wconf 90' lang='lat' dir='ltr'><strong>pariebant</strong></span> <span class='ocrx_word' id='word_1_809' title='bbox 2817 4583 3036 4644; x_wconf 91' lang='lat' dir='ltr'><strong>propter</strong></span> <span class='ocrx_word' id='word_1_810' title='bbox 3090 4571 3383 4640; x_wconf 89' lang='lat' dir='ltr'><strong>Christum,</strong></span> <span class='ocrx_word' id='word_1_811' title='bbox 3432 4571 3559 4640; x_wconf 87' lang='lat' dir='ltr'><strong>quid</strong></span> 
     </span>
    </p>
   </div>
   <div class='ocr_carea' id='block_1_106' title="bbox 1963 4662 3559 4739">
    <p class='ocr_par' dir='ltr' id='par_1_106' title="bbox 1963 4662 3559 4739">
     <span class='ocr_line' id='line_1_106' title="bbox 1963 4662 3559 4739; baseline -0.004 -16"><span class='ocrx_word' id='word_1_812' title='bbox 1963 4667 2156 4724; x_wconf 88' lang='lat' dir='ltr'><strong>mirum</strong></span> <span class='ocrx_word' id='word_1_813' title='bbox 2175 4669 2221 4724; x_wconf 92' lang='lat' dir='ltr'><strong>si</strong></span> <span class='ocrx_word' id='word_1_814' title='bbox 2242 4676 2298 4723; x_wconf 90' lang='lat' dir='ltr'><strong>et</strong></span> <span class='ocrx_word' id='word_1_815' title='bbox 2316 4668 2568 4739; x_wconf 71' lang='lat' dir='ltr'><strong>lacrymas</strong></span> <span class='ocrx_word' id='word_1_816' title='bbox 2593 4666 2734 4722; x_wconf 92' lang='lat' dir='ltr'><strong>idem</strong></span> <span class='ocrx_word' id='word_1_817' title='bbox 2758 4672 3011 4736; x_wconf 63' lang='lat' dir='ltr'><strong>praestent</strong></span> <span class='ocrx_word' id='word_1_818' title='bbox 3034 4673 3250 4736; x_wconf 91' lang='lat' dir='ltr'><strong>propter</strong></span> <span class='ocrx_word' id='word_1_819' title='bbox 3273 4662 3559 4720; x_wconf 72' lang='lat' dir='ltr'><strong>eumdem?</strong></span> 
     </span>
    </p>
   </div>
   <div class='ocr_carea' id='block_1_107' title="bbox 1961 4754 3558 4830">
    <p class='ocr_par' dir='ltr' id='par_1_107' title="bbox 1961 4754 3558 4830">
     <span class='ocr_line' id='line_1_107' title="bbox 1961 4754 3558 4830; baseline -0.004 -16"><span class='ocrx_word' id='word_1_820' title='bbox 1961 4757 2143 4830; x_wconf 90' lang='lat' dir='ltr'><strong>Itaque</strong></span> <span class='ocrx_word' id='word_1_821' title='bbox 2168 4774 2326 4830; x_wconf 88' lang='lat' dir='ltr'><strong>quam</strong></span> <span class='ocrx_word' id='word_1_822' title='bbox 2349 4767 2626 4828; x_wconf 86' lang='lat' dir='ltr'><strong>angustam</strong></span> <span class='ocrx_word' id='word_1_823' title='bbox 2653 4765 2707 4813; x_wconf 90' lang='lat' dir='ltr'><strong>et</strong></span> <span class='ocrx_word' id='word_1_824' title='bbox 2724 4771 3082 4812; x_wconf 60' lang='lat' dir='ltr'><strong>aerumnosam</strong></span> <span class='ocrx_word' id='word_1_825' title='bbox 3101 4757 3240 4810; x_wconf 89' lang='lat' dir='ltr'><strong>viam</strong></span> <span class='ocrx_word' id='word_1_826' title='bbox 3262 4754 3414 4819; x_wconf 82' lang='lat' dir='ltr'><strong>dixit,</strong></span> <span class='ocrx_word' id='word_1_827' title='bbox 3437 4769 3558 4808; x_wconf 87' lang='lat' dir='ltr'><strong>eam</strong></span> 
     </span>
    </p>
   </div>
   <div class='ocr_carea' id='block_1_108' title="bbox 1961 4848 3556 4921">
    <p class='ocr_par' dir='ltr' id='par_1_108' title="bbox 1961 4848 3556 4921">
     <span class='ocr_line' id='line_1_108' title="bbox 1961 4848 3556 4921; baseline -0.004 -15"><span class='ocrx_word' id='word_1_828' title='bbox 1961 4867 2173 4908; x_wconf 90' lang='lat' dir='ltr'><strong>rursum</strong></span> <span class='ocrx_word' id='word_1_829' title='bbox 2197 4861 2250 4906; x_wconf 95' lang='lat' dir='ltr'><strong>et</strong></span> <span class='ocrx_word' id='word_1_830' title='bbox 2275 4850 2462 4921; x_wconf 87' lang='lat' dir='ltr'><strong>jugum</strong></span> <span class='ocrx_word' id='word_1_831' title='bbox 2502 4865 2670 4908; x_wconf 88' lang='lat' dir='ltr'><strong>suave</strong></span> <span class='ocrx_word' id='word_1_832' title='bbox 2711 4859 2765 4906; x_wconf 91' lang='lat' dir='ltr'><strong>et</strong></span> <span class='ocrx_word' id='word_1_833' title='bbox 2793 4865 2928 4904; x_wconf 90' lang='lat' dir='ltr'><strong>onus</strong></span> <span class='ocrx_word' id='word_1_834' title='bbox 2952 4850 3072 4905; x_wconf 89' lang='lat' dir='ltr'><strong>leve</strong></span> <span class='ocrx_word' id='word_1_835' title='bbox 3100 4848 3334 4918; x_wconf 87' lang='lat' dir='ltr'><strong>appellat</strong></span> <span class='ocrx_word' id='word_1_836' title='bbox 3375 4864 3388 4898; x_wconf 93' lang='lat'>:</span> <span class='ocrx_word' id='word_1_837' title='bbox 3433 4862 3556 4899; x_wconf 86' lang='lat' dir='ltr'><strong>nam</strong></span> 
     </span>
    </p>
   </div>
   <div class='ocr_carea' id='block_1_109' title="bbox 1961 4939 3557 5012">
    <p class='ocr_par' dir='ltr' id='par_1_109' title="bbox 1961 4939 3557 5012">
     <span class='ocr_line' id='line_1_109' title="bbox 1961 4939 3557 5012; baseline -0.004 -16"><span class='ocrx_word' id='word_1_838' title='bbox 1961 4942 2037 4997; x_wconf 90' lang='lat' dir='ltr'><strong>rei</strong></span> <span class='ocrx_word' id='word_1_839' title='bbox 2068 4941 2286 5012; x_wconf 91' lang='lat' dir='ltr'><strong>quidem</strong></span> <span class='ocrx_word' id='word_1_840' title='bbox 2313 4941 2430 4997; x_wconf 66' lang='lat' dir='ltr'><strong>hrec</strong></span> <span class='ocrx_word' id='word_1_841' title='bbox 2466 4951 2653 4996; x_wconf 85' lang='lat' dir='ltr'><strong>natura</strong></span> <span class='ocrx_word' id='word_1_842' title='bbox 2689 4950 2791 5010; x_wconf 90' lang='lat' dir='ltr'><strong>est,</strong></span> <span class='ocrx_word' id='word_1_843' title='bbox 2835 4939 2930 4995; x_wconf 90' lang='lat' dir='ltr'><strong>sed</strong></span> <span class='ocrx_word' id='word_1_844' title='bbox 2960 4939 3135 4994; x_wconf 85' lang='lat' dir='ltr'><strong>studio</strong></span> <span class='ocrx_word' id='word_1_845' title='bbox 3163 4947 3321 5007; x_wconf 87' lang='lat' dir='ltr'><strong>atque</strong></span> <span class='ocrx_word' id='word_1_846' title='bbox 3347 4951 3440 5004; x_wconf 81' lang='lat' dir='ltr'><strong>Spe</strong></span> <span class='ocrx_word' id='word_1_847' title='bbox 3467 4951 3557 4990; x_wconf 86' lang='lat' dir='ltr'><strong>eo-</strong></span> 
     </span>
    </p>
   </div>
   <div class='ocr_carea' id='block_1_110' title="bbox 1961 5027 3553 5105">
    <p class='ocr_par' dir='ltr' id='par_1_110' title="bbox 1961 5027 3553 5105">
     <span class='ocr_line' id='line_1_110' title="bbox 1961 5027 3553 5105; baseline -0.005 -17"><span class='ocrx_word' id='word_1_848' title='bbox 1961 5049 2078 5089; x_wconf 91' lang='lat' dir='ltr'><strong>rum</strong></span> <span class='ocrx_word' id='word_1_849' title='bbox 2104 5035 2195 5104; x_wconf 91' lang='lat' dir='ltr'><strong>qui</strong></span> <span class='ocrx_word' id='word_1_850' title='bbox 2246 5033 2630 5105; x_wconf 86' lang='lat' dir='ltr'><strong>perfungantur</strong></span> <span class='ocrx_word' id='word_1_851' title='bbox 2666 5033 2952 5088; x_wconf 90' lang='lat' dir='ltr'><strong>admodum</strong></span> <span class='ocrx_word' id='word_1_852' title='bbox 2993 5032 3051 5084; x_wconf 84' lang='lat' dir='ltr'><strong>iit</strong></span> <span class='ocrx_word' id='word_1_853' title='bbox 3091 5030 3221 5084; x_wconf 91' lang='lat' dir='ltr'><strong>levis</strong></span> <span class='ocrx_word' id='word_1_854' title='bbox 3252 5027 3467 5099; x_wconf 78' lang='lat' dir='ltr'><strong>(Matth.</strong></span> <span class='ocrx_word' id='word_1_855' title='bbox 3499 5028 3553 5080; x_wconf 91' lang='lat'><strong>7.</strong></span> 
     </span>
    </p>
   </div>
   <div class='ocr_carea' id='block_1_111' title="bbox 1962 5119 3557 5196">
    <p class='ocr_par' dir='ltr' id='par_1_111' title="bbox 1962 5119 3557 5196">
     <span class='ocr_line' id='line_1_111' title="bbox 1962 5119 3557 5196; baseline -0.006 -16"><span class='ocrx_word' id='word_1_856' title='bbox 1962 5126 2052 5181; x_wconf 77' lang='grc'><strong>15.</strong></span> <span class='ocrx_word' id='word_1_857' title='bbox 2083 5135 2129 5179; x_wconf 88' lang='lat' dir='ltr'><strong>et</strong></span> <span class='ocrx_word' id='word_1_858' title='bbox 2162 5126 2249 5181; x_wconf 82' lang='lat' dir='ltr'><strong>II.</strong></span> <span class='ocrx_word' id='word_1_859' title='bbox 2287 5127 2399 5196; x_wconf 75' lang='lat'><strong>50).</strong></span> <span class='ocrx_word' id='word_1_860' title='bbox 2432 5125 2610 5192; x_wconf 82' lang='lat' dir='ltr'><strong>Quare</strong></span> <span class='ocrx_word' id='word_1_861' title='bbox 2653 5123 2946 5179; x_wconf 88' lang='lat' dir='ltr'><strong>alacriores</strong></span> <span class='ocrx_word' id='word_1_862' title='bbox 2995 5123 3156 5176; x_wconf 89' lang='lat' dir='ltr'><strong>etiam</strong></span> <span class='ocrx_word' id='word_1_863' title='bbox 3198 5119 3417 5185; x_wconf 81' lang='lat' dir='ltr'><strong>videas,</strong></span> <span class='ocrx_word' id='word_1_864' title='bbox 3467 5120 3557 5188; x_wconf 89' lang='lat' dir='ltr'><strong>qui</strong></span> 
     </span>
    </p>
   </div>
   <div class='ocr_carea' id='block_1_112' title="bbox 1959 5211 3558 5283">
    <p class='ocr_par' dir='ltr' id='par_1_112' title="bbox 1959 5211 3558 5283">
     <span class='ocr_line' id='line_1_112' title="bbox 1959 5211 3558 5283; baseline -0.004 -13"><span class='ocrx_word' id='word_1_865' title='bbox 1959 5226 2162 5270; x_wconf 89' lang='lat' dir='ltr'><strong>arctam</strong></span> <span class='ocrx_word' id='word_1_866' title='bbox 2189 5223 2244 5270; x_wconf 91' lang='lat' dir='ltr'><strong>et</strong></span> <span class='ocrx_word' id='word_1_867' title='bbox 2279 5230 2637 5271; x_wconf 75' lang='lat' dir='ltr'><strong>mrumnosam</strong></span> <span class='ocrx_word' id='word_1_868' title='bbox 2668 5219 2806 5269; x_wconf 90' lang='lat' dir='ltr'><strong>viam</strong></span> <span class='ocrx_word' id='word_1_869' title='bbox 2833 5214 2940 5268; x_wconf 91' lang='lat' dir='ltr'><strong>sint</strong></span> <span class='ocrx_word' id='word_1_870' title='bbox 2977 5211 3231 5283; x_wconf 77' lang='lat' dir='ltr'><strong>amplexi,</strong></span> <span class='ocrx_word' id='word_1_871' title='bbox 3269 5226 3430 5282; x_wconf 91' lang='lat' dir='ltr'><strong>quam</strong></span> <span class='ocrx_word' id='word_1_872' title='bbox 3467 5211 3558 5279; x_wconf 90' lang='lat' dir='ltr'><strong>qui</strong></span> 
     </span>
    </p>
   </div>
   <div class='ocr_carea' id='block_1_113' title="bbox 1959 5299 3554 5377">
    <p class='ocr_par' dir='ltr' id='par_1_113' title="bbox 1959 5299 3554 5377">
     <span class='ocr_line' id='line_1_113' title="bbox 1959 5299 3554 5377; baseline -0.003 -18"><span class='ocrx_word' id='word_1_873' title='bbox 1959 5305 2120 5360; x_wconf 89' lang='lat' dir='ltr'><strong>latam</strong></span> <span class='ocrx_word' id='word_1_874' title='bbox 2168 5314 2329 5377; x_wconf 89' lang='lat' dir='ltr'><strong>atque</strong></span> <span class='ocrx_word' id='word_1_875' title='bbox 2370 5305 2682 5376; x_wconf 89' lang='lat' dir='ltr'><strong>spatiosam,</strong></span> <span class='ocrx_word' id='word_1_876' title='bbox 2733 5304 2835 5358; x_wconf 91' lang='lat' dir='ltr'><strong>iter</strong></span> <span class='ocrx_word' id='word_1_877' title='bbox 2863 5302 3075 5368; x_wconf 85' lang='lat' dir='ltr'><strong>facere;</strong></span> <span class='ocrx_word' id='word_1_878' title='bbox 3125 5316 3231 5356; x_wconf 92' lang='lat' dir='ltr'><strong>non</strong></span> <span class='ocrx_word' id='word_1_879' title='bbox 3269 5299 3412 5371; x_wconf 89' lang='lat' dir='ltr'><strong>quod</strong></span> <span class='ocrx_word' id='word_1_880' title='bbox 3450 5316 3554 5354; x_wconf 89' lang='lat' dir='ltr'><strong>non</strong></span> 
     </span>
    </p>
   </div>
   <div class='ocr_carea' id='block_1_114' title="bbox 1958 5393 3564 5468">
    <p class='ocr_par' dir='ltr' id='par_1_114' title="bbox 1958 5393 3564 5468">
     <span class='ocr_line' id='line_1_114' title="bbox 1958 5393 3564 5468; baseline -0.004 -15"><span class='ocrx_word' id='word_1_881' title='bbox 1958 5398 2304 5465; x_wconf 80' lang='lat' dir='ltr'><strong>afﬂictentur,</strong></span> <span class='ocrx_word' id='word_1_882' title='bbox 2334 5398 2429 5455; x_wconf 89' lang='lat' dir='ltr'><strong>sed</strong></span> <span class='ocrx_word' id='word_1_883' title='bbox 2460 5397 2601 5468; x_wconf 91' lang='lat' dir='ltr'><strong>quod</strong></span> <span class='ocrx_word' id='word_1_884' title='bbox 2633 5395 3067 5452; x_wconf 81' lang='lat' dir='ltr'><strong>afﬂictationibus</strong></span> <span class='ocrx_word' id='word_1_885' title='bbox 3096 5393 3436 5450; x_wconf 84' lang='lat' dir='ltr'><strong>sublimiores</strong></span> <span class='ocrx_word' id='word_1_886' title='bbox 3469 5393 3564 5447; x_wconf 43' lang='lat' dir='ltr'><strong>nia</strong></span> 
     </span>
    </p>
   </div>
   <div class='ocr_carea' id='block_1_115' title="bbox 1957 5485 3552 5562">
    <p class='ocr_par' dir='ltr' id='par_1_115' title="bbox 1957 5485 3552 5562">
     <span class='ocr_line' id='line_1_115' title="bbox 1957 5485 3552 5562; baseline -0.004 -16"><span class='ocrx_word' id='word_1_887' title='bbox 1957 5491 2032 5546; x_wconf 91' lang='lat' dir='ltr'><strong>hil</strong></span> <span class='ocrx_word' id='word_1_888' title='bbox 2061 5492 2128 5548; x_wconf 90' lang='lat' dir='ltr'><strong>ab</strong></span> <span class='ocrx_word' id='word_1_889' title='bbox 2158 5493 2222 5547; x_wconf 92' lang='lat' dir='ltr'><strong>iis</strong></span> <span class='ocrx_word' id='word_1_890' title='bbox 2266 5491 2528 5562; x_wconf 91' lang='lat' dir='ltr'><strong>ejusmodi</strong></span> <span class='ocrx_word' id='word_1_891' title='bbox 2569 5491 2860 5562; x_wconf 90' lang='lat' dir='ltr'><strong>patiantur,</strong></span> <span class='ocrx_word' id='word_1_892' title='bbox 2912 5504 3031 5559; x_wconf 64' lang='lat' dir='ltr'><strong>qua:</strong></span> <span class='ocrx_word' id='word_1_893' title='bbox 3076 5487 3252 5542; x_wconf 88' lang='lat' dir='ltr'><strong>solent</strong></span> <span class='ocrx_word' id='word_1_894' title='bbox 3285 5485 3375 5540; x_wconf 87' lang='lat' dir='ltr'><strong>alii</strong></span> <span class='ocrx_word' id='word_1_895' title='bbox 3420 5486 3552 5556; x_wconf 87' lang='lat' dir='ltr'><strong>pati.</strong></span> 
     </span>
    </p>
   </div>
   <div class='ocr_carea' id='block_1_116' title="bbox 1957 5578 3553 5654">
    <p class='ocr_par' dir='ltr' id='par_1_116' title="bbox 1957 5578 3553 5654">
     <span class='ocr_line' id='line_1_116' title="bbox 1957 5578 3553 5654; baseline -0.003 -17"><span class='ocrx_word' id='word_1_896' title='bbox 1957 5582 2130 5639; x_wconf 79' lang='lat' dir='ltr'><strong>Habet</strong></span> <span class='ocrx_word' id='word_1_897' title='bbox 2153 5584 2296 5638; x_wconf 90' lang='lat' dir='ltr'><strong>enim</strong></span> <span class='ocrx_word' id='word_1_898' title='bbox 2333 5597 2484 5654; x_wconf 80' lang='lat' dir='ltr'><strong>aeque</strong></span> <span class='ocrx_word' id='word_1_899' title='bbox 2512 5591 2566 5638; x_wconf 91' lang='lat' dir='ltr'><strong>et</strong></span> <span class='ocrx_word' id='word_1_900' title='bbox 2595 5583 2709 5636; x_wconf 80' lang='lat' dir='ltr'><strong>haec</strong></span> <span class='ocrx_word' id='word_1_901' title='bbox 2739 5581 2841 5635; x_wconf 87' lang='lat' dir='ltr'><strong>vita</strong></span> <span class='ocrx_word' id='word_1_902' title='bbox 2870 5579 3262 5645; x_wconf 88' lang='lat' dir='ltr'><strong>afllictationes,</strong></span> <span class='ocrx_word' id='word_1_903' title='bbox 3309 5578 3404 5654; x_wconf 88' lang='lat' dir='ltr'><strong>sed</strong></span> <span class='ocrx_word' id='word_1_904' title='bbox 3431 5593 3553 5649; x_wconf 81' lang='lat' dir='ltr'><strong>quae</strong></span> 
     </span>
    </p>
   </div>
   <div class='ocr_carea' id='block_1_117' title="bbox 1957 5653 3552 5742">
    <p class='ocr_par' dir='ltr' id='par_1_117' title="bbox 1957 5653 3552 5742">
     <span class='ocr_line' id='line_1_117' title="bbox 1957 5653 3552 5742; baseline -0.004 -9"><span class='ocrx_word' id='word_1_905' title='bbox 1957 5679 2003 5733; x_wconf 91' lang='lat' dir='ltr'><strong>si</strong></span> <span class='ocrx_word' id='word_1_906' title='bbox 2031 5692 2153 5733; x_wconf 90' lang='lat' dir='ltr'><strong>cum</strong></span> <span class='ocrx_word' id='word_1_907' title='bbox 2183 5678 2310 5734; x_wconf 49' lang='lat' dir='ltr'><strong>illis/</strong></span> <span class='ocrx_word' id='word_1_908' title='bbox 2325 5677 2652 5734; x_wconf 88' lang='lat' dir='ltr'><strong>matrimonii</strong></span> <span class='ocrx_word' id='word_1_909' title='bbox 2675 5676 3037 5742; x_wconf 87' lang='lat' dir='ltr'><strong>conferantur,</strong></span> <span class='ocrx_word' id='word_1_910' title='bbox 3072 5691 3142 5732; x_wconf 86' lang='lat' dir='ltr'><strong>ne</strong></span> <span class='ocrx_word' id='word_1_911' title='bbox 3178 5653 3552 5730; x_wconf 73' lang='lat' dir='ltr'><strong>afﬂictationes</strong></span> 
     </span>
    </p>
   </div>
   <div class='ocr_carea' id='block_1_118' title="bbox 1956 5771 2594 5841">
    <p class='ocr_par' dir='ltr' id='par_1_118' title="bbox 1956 5771 2594 5841">
     <span class='ocr_line' id='line_1_118' title="bbox 1956 5771 2594 5841; baseline 0 -15"><span class='ocrx_word' id='word_1_912' title='bbox 1956 5771 2171 5841; x_wconf 87' lang='lat' dir='ltr'><strong>quidem</strong></span> <span class='ocrx_word' id='word_1_913' title='bbox 2200 5773 2307 5827; x_wconf 88' lang='lat' dir='ltr'><strong>sint</strong></span> <span class='ocrx_word' id='word_1_914' title='bbox 2333 5771 2594 5827; x_wconf 72' lang='lat' dir='ltr'><strong>dicendae.</strong></span> 
     </span>
    </p>
   </div>
   <div class='ocr_carea' id='block_1_119' title="bbox 2031 5863 3544 5938">
    <p class='ocr_par' dir='ltr' id='par_1_119' title="bbox 2031 5863 3544 5938">
     <span class='ocr_line' id='line_1_119' title="bbox 2031 5863 3544 5938; baseline -0.004 -18"><span class='ocrx_word' id='word_1_915' title='bbox 2031 5865 2189 5922; x_wconf 78' lang='lat' dir='ltr'><strong>LXV.</strong></span> <span class='ocrx_word' id='word_1_916' title='bbox 2238 5865 2458 5923; x_wconf 73' lang='lat' dir='ltr'><strong>Labore:</strong></span> <span class='ocrx_word' id='word_1_917' title='bbox 2483 5864 2781 5938; x_wconf 78' lang='lat' dir='ltr'><strong>virginitatis</strong></span> <span class='ocrx_word' id='word_1_918' title='bbox 2822 5865 3038 5919; x_wconf 67' lang='lat' dir='ltr'><strong>minores</strong></span> <span class='ocrx_word' id='word_1_919' title='bbox 3074 5863 3329 5922; x_wconf 75' lang='lat' dir='ltr'><strong>doloribus</strong></span> <span class='ocrx_word' id='word_1_920' title='bbox 3366 5869 3544 5932; x_wconf 79' lang='lat' dir='ltr'><strong>partus</strong></span> 
     </span>
    </p>
   </div>
  </div>
