4020 6402
394 387 500 443 583

394 502 481 570 qui
508 503 804 576 coniugium
833 504 1158 563 comitantur.
1179 538 1252 550 —
1275 508 1413 578 Quid
1438 511 1602 576 enim,
1629 526 1814 583 quaeso
1833 554 1852 575 .
1879 510 1987 570 tale

393 611 491 664 per
514 610 727 651 onmem
755 597 917 653 vitam
945 599 1095 671 virgo
1124 601 1373 669 sustinet,
1395 603 1552 673 quale
1576 616 1714 672 pene
1733 602 1788 658 in
1817 617 1987 660 annos

396 687 586 757 conjux
623 689 898 747 doloribus
934 703 1116 763 partus
1150 708 1215 750 ac
1256 693 1502 751 lamentis
1547 695 1822 751 cruciata?
1853 694 1987 752 Nam

396 785 540 832 tanta
572 788 653 835 est
671 780 786 851 ejus
814 783 1081 839 cruciatus
1109 783 1467 853 vehementia,
1501 794 1558 841 ut
1585 799 1754 843 sacra:
1795 786 1985 855 literae,

396 887 518 925 cum
547 873 819 941 exsilium,
853 876 1068 944 famem,
1101 885 1327 948 pestem,
1359 887 1417 935 et
1444 879 1800 936 intolerabilia
1846 880 1989 936 mala

392 962 677 1035 designare
700 966 902 1033 volunt,
943 984 1003 1022 ea
1030 969 1209 1024 omnia
1235 969 1450 1027 dolores
1474 981 1658 1043 partus
1687 972 1986 1027 nominent.

397 1053 538 1109 Deus
560 1070 772 1126 quoque
800 1056 852 1111 id
875 1059 1117 1128 supplicii
1148 1075 1213 1117 ac
1234 1060 1622 1118 maledictiouis
1647 1064 1763 1119 vice
1778 1062 1991 1118 mulieri

395 1144 668 1215 irrogavit,
702 1162 809 1201 non
849 1163 1055 1218 parere.
1106 1150 1344 1221 inquam,
1375 1151 1470 1206 sed
1508 1154 1587 1207 sic
1616 1167 1829 1222 parere,
1867 1167 1990 1208 cum

399 1240 652 1294 arumnis
706 1248 754 1296 et
808 1240 1125 1297 doloribus:
1168 1242 1298 1298 Cum
1351 1244 1527 1299 dolore
1581 1246 1757 1314 enim,
1798 1246 1988 1315 inquit,

395 1330 563 1399 paries
592 1331 728 1399 ﬁlios
755 1329 906 1404 (Gen.
938 1333 991 1389 5.
1026 1333 1136 1405 16).
1170 1335 1241 1388 At
1269 1335 1418 1406 virgo
1446 1335 1511 1390 iis
1550 1336 1681 1391 diris
1704 1351 1770 1391 ac
1804 1336 1993 1392 dolore

401 1421 666 1478 excelsior
698 1431 783 1481 est
812 1442 828 1479 ε
858 1440 982 1480 nam
1011 1426 1101 1496 qui
1138 1426 1271 1499 legis
1294 1427 1441 1483 diras
1473 1431 1784 1501 antiquavit,
1815 1436 1871 1486 et
1893 1427 1992 1485 has

399 1528 502 1567 una
525 1513 686 1569 etiam
709 1516 941 1569 sustulit.

474 1603 659 1659 LXVI.
697 1601 987 1661 Jucundius
1023 1622 1129 1661 esse
1162 1607 1371 1679 pedibus
1414 1608 1489 1661 ire
1518 1623 1669 1677 quant
1697 1609 1848 1665 mulis
1888 1610 1993 1665 cir-

397 1696 647 1749 cumvehi.
676 1726 749 1738 —
775 1696 880 1752 Sed
913 1697 1071 1753 mulis
1096 1699 1150 1753 in
1193 1700 1307 1755 foro
1336 1699 1663 1756 circumvehi
1698 1700 1992 1771 jucundum

397 1795 501 1844 est.
524 1786 634 1842 Imo
664 1787 717 1844 id
756 1788 928 1845 inanis
971 1798 1174 1846 tantum
1220 1791 1387 1848 fastus
1425 1802 1508 1847 est
1544 1792 1813 1863 voluptate
1848 1793 1996 1848 omni

399 1895 589 1936 carens
608 1898 622 1935 :
640 1890 803 1953 atque
816 1890 879 1937 ut
898 1897 997 1939 nec
1018 1883 1254 1939 tenebra:
1269 1899 1425 1954 quam
1443 1885 1553 1950 lux,
1572 1898 1670 1940 nec
1684 1884 1996 1940 conclusum

398 1966 559 2043 quam
588 1973 821 2030 solutum
877 1988 1017 2040 esse,
1064 1991 1165 2032 nec
1208 1978 1389 2032 multis
1429 1993 1589 2048 quam
1620 1977 1768 2033 nullo
1813 1992 1993 2049 egere,

399 2066 592 2123 melius
617 2075 700 2122 est
727 2085 739 2121 :
770 2068 849 2124 sic
877 2066 1001 2123 huic
1037 2084 1249 2140 quoque
1284 2069 1397 2125 suis
1435 2069 1660 2139 pedibus
1690 2085 1795 2125 non
1826 2069 1994 2125 utenti

400 2152 568 2212 nihilo
608 2157 801 2214 melius
837 2168 940 2214 est.
985 2159 1187 2214 Omitto
1221 2159 1363 2214 enim
1404 2160 1682 2216 molestias
1709 2175 1843 2232 quas
1873 2159 2000 2216 hinc

401 2248 669 2303 sustinere
693 2255 778 2304 est
812 2263 1054 2304 necesse.
1087 2247 1222 2304 Nam
1263 2264 1363 2305 nec
1397 2265 1519 2305 eum
1566 2250 1699 2315 vult,
1744 2251 1795 2305 ei
1838 2250 2001 2306 domo

402 2340 620 2411 prodire
645 2341 789 2408 licet,
814 2339 909 2396 sed
925 2341 1237 2411 plerumque
1258 2357 1378 2398 cum
1403 2351 1462 2396 ut
1476 2340 1602 2397 inde
1621 2351 1784 2398 exeat
1808 2356 1999 2412 magna

402 2433 581 2504 aliqua
610 2432 808 2488 utilitas
833 2432 1107 2503 eﬂlagitat,
1136 2432 1280 2488 domi
1308 2449 1526 2489 manere
1565 2435 1794 2505 cogitur,
1825 2433 1998 2501 velut,

404 2523 635 2579 mendici
665 2523 755 2594 qui
788 2524 1008 2594 pedibus
1031 2524 1201 2578 mutili
1226 2539 1331 2579 non
1355 2523 1555 2580 habent
1579 2539 1685 2595 quo
1709 2523 1999 2579 vehantur.

404 2616 557 2686 Quod
600 2617 644 2671 si
675 2618 757 2671 vir
798 2616 975 2672 mulos
1018 2615 1108 2671 alii
1150 2618 1269 2671 usui
1319 2615 1684 2684 mandaverit,
1735 2615 1999 2683 simultas,

405 2708 699 2772 contentio,
730 2708 975 2778 pertinax
1015 2707 1284 2763 silentium
1313 2724 1328 2761 :
1360 2707 1443 2762 sin
1484 2708 1596 2777 ipsa
1633 2705 1793 2762 futuri
1822 2708 2001 2777 ignara

406 2799 548 2854 idem
589 2797 796 2867 fecerit,
839 2799 1040 2853 omisso
1069 2798 1206 2865 viro,
1250 2798 1306 2852 in
1330 2812 1389 2853 se
1414 2797 1547 2851 iram
1574 2797 1754 2866 vertit,
1791 2796 2003 2851 assidue

406 2907 470 2947 ea
498 2907 556 2947 se
594 2891 787 2962 injuria
820 2906 1165 2948 consumens.
1193 2891 1259 2946 Et
1285 2899 1484 2962 quanto
1514 2890 1680 2945 satius
1708 2897 1824 2944 erat
1854 2887 2005 2959 pedi-

408 2982 510 3037 bus
539 2991 774 3037 utentem
798 2968 945 3057 (nam
966 2997 1027 3038 ea
1049 2997 1211 3037 causa
1236 2982 1391 3038 nobis
1424 2996 1520 3037 eos
1548 2981 1688 3036 Deus
1716 2979 2006 3035 fabricatus

409 3072 513 3144 est)
544 3073 673 3127 nihil
703 3071 893 3127 horum
916 3072 1181 3128 malorum
1208 3072 1410 3140 subire,
1436 3087 1596 3143 quatn
1626 3070 1852 3127 mollitie
1882 3070 2002 3136 hac,

408 3164 465 3218 in
504 3172 703 3220 tant-tm
738 3163 968 3219 miseria:
994 3179 1058 3219 ac
1082 3166 1331 3220 maeroris
1357 3164 1731 3220 necessitatem
1761 3176 1823 3219 se
1851 3163 2007 3219 indu-

410 3257 570 3313 cere?
598 3255 781 3327 Neque
810 3261 953 3313 enim
981 3259 1061 3311 hae
1082 3256 1212 3312 solae
1230 3271 1405 3312 causa:
1434 3271 1526 3312 eas
1544 3253 1695 3313 domi
1711 3256 2004 3322 continent;

412 3346 510 3401 sed
538 3361 631 3402 seu
658 3355 904 3418 uterque,
935 3364 1030 3403 seu
1065 3349 1204 3404 alter
1231 3347 1368 3404 forte
1393 3348 1570 3403 mulus
1592 3347 1817 3417 pedibus
1839 3345 2006 3415 dolet,

418 3441 561 3495 idem
593 3440 850 3511 contingit
882 3457 895 3494 :
937 3449 993 3496 ct
1019 3456 1141 3495 cum
1172 3441 1224 3495 in
1253 3455 1444 3511 pascua
1464 3440 1797 3495 dimittuntur
1822 3437 1904 3510 (fit
1922 3454 2012 3494 au-

418 3543 526 3588 tem
558 3531 613 3588 id
636 3532 943 3604 quotannis,
974 3541 1133 3603 atque
1161 3531 1214 3586 in
1239 3532 1439 3587 multos
1463 3528 1624 3603 dies),
1649 3545 1861 3586 rursum
1884 3538 2009 3585 tam-

416 3641 578 3696 quam
607 3626 800 3680 vinctae
824 3625 969 3680 domi
995 3625 1317 3681 manendum
1339 3632 1440 3689 est,
1463 3633 1632 3679 etnec
1658 3624 1871 3695 negotio
1893 3624 2011 3694 qui-

418 3718 541 3773 dem
571 3717 876 3771 necessario
899 3725 1122 3772 vocante
1148 3716 1352 3773 mdibus
1374 3715 1763 3787 prodeundum.
1794 3716 1947 3785 Quod
1966 3717 2013 3773 si

417 3808 536 3879 quis
560 3808 722 3874 dicat,
746 3823 863 3863 eam
893 3823 924 3862 a
951 3808 1293 3863 salutantium
1336 3808 1493 3864 turba
1535 3807 1837 3879 expeditam
1868 3822 2010 3875 esse,

419 3914 527 3953 non
576 3906 816 3954 coactam
852 3907 1103 3954 notorum
1133 3897 1302 3953 oculis
1332 3907 1515 3968 patere
1555 3913 1619 3953 ac
1657 3897 1934 3969 pudcfieri,
1967 3897 2012 3954 is

420 3992 576 4046 valde
615 3992 860 4063 ignorare
910 3990 1039 4045 mihi
1087 3989 1317 4058 videtur,
1360 4005 1479 4061 qua:
1522 3988 1766 4046 muliebri
1806 3997 2015 4044 natura;

422 4082 679 4154 pudorem
714 4091 769 4138 et
789 4082 1025 4137 adimant
1067 4090 1122 4136 et
1145 4080 1415 4137 afferant:
1459 4080 1719 4152 siquidem
1759 4095 1865 4136 non
1885 4094 2015 4137 con-

422 4174 554 4245 spici
592 4183 685 4229 aut
718 4174 884 4229 latere
918 4172 972 4229 id
1000 4173 1190 4242 efficit,
1231 4173 1327 4229 sed
1368 4172 1498 4228 illud
1541 4173 1830 4244 petulantia
1872 4172 2016 4229 intus

424 4269 659 4322 animum
691 4267 988 4337 possidens,
1039 4265 1143 4322 hoc
1188 4265 1447 4321 modestia
1474 4275 1634 4336 atque
1674 4263 2014 4321 verecundia.

426 4360 608 4430 Itaque
633 4361 814 4415 multat
842 4375 903 4414 ea
932 4360 1169 4416 custodia
1193 4361 1401 4426 solutae,
1433 4374 1497 4415 ac
1523 4375 1623 4431 per
1647 4360 1876 4416 mediam
1904 4368 2018 4416 tur-

429 4451 552 4505 bam
579 4450 633 4504 in
674 4450 792 4505 foro
831 4449 1156 4519 gradientes,
1186 4466 1292 4505 non
1320 4451 1491 4505 solum
1522 4451 1575 4504 in
1601 4464 1660 4506 se
1683 4459 2023 4508 accusatores

430 4556 537 4595 non
563 4539 922 4605 concitarunt,
952 4538 1047 4594 sed
1081 4540 1277 4594 multos
1302 4540 1460 4594 etiam
1487 4540 1763 4594 modestiae
1791 4541 2024 4596 admira-

433 4641 579 4687 tores
633 4633 944 4691 habuerunt
981 4649 994 4684 :
1055 4645 1173 4700 qua:
1211 4641 1265 4685 et
1289 4628 1470 4686 habitu
1497 4638 1552 4685 et
1578 4630 1819 4700 ingressu
1846 4640 1902 4685 et
1927 4646 2023 4687 ve—

433 4722 593 4775 stium
634 4721 878 4791 neglectu
913 4719 1239 4775 luculentum
1268 4727 1535 4790 tamquam
1564 4720 1772 4776 radium
1799 4721 2025 4776 interna:

434 4814 716 4885 probitatis
740 4813 1047 4868 emitterent
1073 4828 1087 4866 :
1112 4829 1212 4869 nec
1240 4827 1421 4884 pauca:
1446 4813 1588 4868 intus
1614 4813 1917 4869 desidentes
1951 4814 2024 4867 si-

436 4905 659 4959 nistram
710 4902 813 4957 sibi
859 4902 1164 4972 Opinionem
1220 4911 1619 4958 contraxerunt.
1662 4903 1845 4959 Potest
1881 4903 2023 4959 enim

435 5014 556 5069 qua:
578 4997 826 5053 conclusa
868 4997 957 5058 sit,
1005 4996 1163 5050 etiam
1182 4997 1360 5065 magis
1392 5010 1552 5065 quam
1595 5010 1713 5065 quae
1742 4994 2024 5065 prodeant,

439 5084 739 5145 volentibus
768 5089 979 5160 egregie
1011 5088 1333 5157 petulantem
1360 5102 1419 5143 se
1453 5097 1508 5143 et
1540 5086 1907 5157 impudentem
1934 5101 2028 5142 ex-

442 5182 644 5238 bibere.

513 5272 723 5329 LXVII.
765 5270 1039 5328 Molestum
1083 5288 1188 5327 esse
1216 5272 1397 5326 multa:
1443 5270 1662 5341 famulas
1710 5271 1910 5325 habere.
1952 5298 2025 5310 —

448 5366 554 5425 Sed
582 5366 759 5421 forsan
784 5366 1094 5421 ancillarum
1116 5380 1245 5436 grex
1266 5364 1533 5435 jucundus
1556 5375 1657 5419 est.
1681 5363 1791 5419 Hac
1815 5364 2029 5434 quidem

450 5458 721 5527 voluptate
748 5457 880 5513 nihil
911 5458 1085 5529 pejus,
1112 5466 1313 5511 tantum
1336 5456 1497 5512 habet
1519 5471 1802 5513 curarum:
1830 5471 1953 5509 nam
1979 5464 2035 5510 et

448 5546 765 5617 aegritudine
805 5548 1062 5618 cujusque
1099 5556 1154 5602 et
1176 5556 1346 5602 morte
1378 5546 1578 5601 turbari
1605 5556 1763 5615 atque
1802 5544 1924 5616 angi
1953 5554 2036 5600 est

450 5652 692 5693 necesse.
720 5640 797 5692 Ac
825 5640 1092 5694 sunthaec
1134 5639 1269 5694 forte
1315 5637 1626 5703 tolerabilia,
1673 5653 1879 5693 necnon
1917 5651 2035 5706 quae

456 5728 541 5785 his
564 5729 723 5785 etiam
740 5731 980 5800 graviora
1001 5738 1143 5797 sunt,
1167 5730 1403 5801 quotidie
1425 5731 1566 5785 curis
1590 5728 1839 5796 distendi,
1862 5728 2037 5798 segni-

461 5822 585 5876 tiem
625 5820 950 5891 castigando,
996 5821 1280 5891 nequitiam
1314 5820 1566 5886 tollendo,
1606 5820 1745 5874 rixas
1780 5818 2030 5884 sedando,

1115 389 1174 445 S.
1214 386 1493 447 JOANNIS
1527 391 2006 455 CIIRYSOS'I'OMI
2038 392 2356 454 ARCIIIEP.
2396 396 2934 458 CONSTAN'I'INOP.

3598 413 3702 475 584

2092 527 2418 586 omnemque
2440 514 2699 586 reliquam
2720 518 3061 575 vitiositatem
3088 519 3443 592 corrigendo:
3468 531 3525 579 at
3552 524 3687 583 illud

2094 615 2241 664 certe
2268 607 2505 662 omnium
2527 609 2901 680 gravissimum
2931 619 3032 676 est,
3058 612 3201 683 quod
3219 613 3433 683 quidem
3458 616 3542 671 vel
3568 632 3689 671 ma-

2095 698 2238 754 xime
2265 698 2320 754 in
2345 699 2609 770 ejusmodi
2649 699 2895 758 famulitii
2938 703 3092 775 copia
3133 706 3350 761 evenire
3374 707 3532 776 solet,
3560 708 3606 763 si
3633 709 3687 764 in

2093 804 2162 847 eo
2187 806 2349 863 grege
2386 792 2561 864 aliqua
2612 805 2835 851 venusta
2877 796 2979 852 sit:
3011 796 3067 853 id
3104 799 3248 854 enim
3275 800 3499 856 omnino
3535 801 3592 857 in
3621 817 3688 859 ea

2094 882 2432 939 multitudine
2460 884 2702 942 accidere
2726 901 2949 944 necesse
2984 897 3088 954 est,
3132 888 3384 946 divitibus
3408 905 3515 946 non
3538 892 3690 947 mul-

2094 981 2179 1028 tas
2203 973 2398 1041 solum,
2428 975 2523 1031 sed
2546 976 2709 1032 etiam
2733 992 2886 1049 mque
2909 979 3168 1036 formosas
3192 980 3430 1037 studiose
3448 983 3691 1053 paranti-

2095 1061 2216 1118 bus.
2261 1063 2443 1136 Itaque
2469 1066 2515 1121 si
2544 1066 2686 1123 inter
2707 1082 2803 1124 eas
2831 1069 2936 1124 ulla
2961 1079 3221 1141 praestans
3247 1071 3337 1139 sit,
3379 1087 3474 1129 seu
3503 1087 3693 1129 amore

2097 1157 2178 1211 sui
2226 1156 2414 1213 herum
2444 1159 2640 1229 capiat,
2669 1174 2765 1216 seu
2793 1160 2924 1216 nihil
2963 1162 3186 1218 ulterius
3213 1164 3413 1234 possit,
3442 1178 3600 1234 quam
3628 1171 3693 1221 ut

2096 1251 2437 1308 admirationi
2477 1254 2568 1318 sit,
2597 1253 2726 1309 hera
2751 1269 2905 1326 teque
2930 1255 3151 1322 dolebit,
3183 1255 3322 1326 quod
3347 1256 3414 1311 ab
3437 1271 3501 1311 ea
3522 1271 3689 1328 supe-

2096 1351 2266 1411 retur,
2293 1343 2339 1399 si
2381 1357 2487 1399 non
2512 1358 2716 1413 amore,
2744 1355 2797 1400 at
2821 1347 3064 1417 corporis
3100 1355 3378 1402 venustate
3404 1355 3567 1417 atque
3589 1347 3691 1404 ad-

2097 1436 2400 1492 miratione.
2432 1437 2610 1505 Quare
2631 1438 2675 1493 si
2704 1438 2759 1493 in
2789 1438 2854 1494 iis
2889 1455 3010 1510 qua:
3050 1439 3194 1509 apud
3235 1454 3332 1496 eos
3370 1440 3598 1498 illustria
3621 1456 3691 1499 ac

2097 1526 2353 1595 praeclara
2384 1526 2699 1595 habeantur,
2734 1537 2938 1584 tantum
2976 1530 3115 1585 inest
3150 1545 3530 1601 aerumnarum,
3559 1532 3691 1604 quid

2096 1616 2165 1672 de
2185 1617 2393 1673 acerbis
2411 1618 2695 1673 dicendum
2715 1618 2739 1673 ?

2172 1707 2401 1765 LXVIII.
2439 1707 2521 1763 De
2540 1710 2907 1780 tranquillitate
2931 1726 3044 1781 qua:
3068 1711 3339 1784 virginitati
3359 1712 3506 1770 inest.
3527 1741 3602 1753 —
3619 1713 3693 1769 Αι

2101 1816 2209 1859 non
2232 1800 2383 1872 virgo
2430 1801 2620 1859 horum
2649 1801 2938 1874 quidquam
2984 1804 3202 1873 patitur,
3231 1803 3358 1875 quin
3383 1811 3438 1860 et
3460 1803 3692 1859 domun-

2101 1893 2222 1949 cula
2252 1892 2424 1948 turbis
2451 1893 2617 1950 libera
2661 1901 2764 1961 est,
2804 1902 2860 1950 et
2900 1894 3104 1949 clamor
3142 1894 3317 1950 omnis
3340 1893 3690 1966 profligatus:

2101 1985 2361 2057 quasique
2388 1985 2442 2042 in
2472 1987 2753 2058 tranquillo
2791 1986 3021 2058 quodam
3050 1996 3206 2058 portu
3243 1989 3421 2044 omnia
3447 1989 3590 2043 intus
3617 1988 3694 2043 si-

2104 2076 2327 2132 lentium
2355 2075 2614 2149 possidet,
2637 2085 2692 2132 et
2718 2077 2801 2134 vel
2829 2079 3045 2134 silentio
3080 2077 3253 2149 major
3276 2078 3512 2133 animum
3537 2091 3695 2134 sere-

2102 2167 2263 2234 nitas,
2290 2168 2489 2239 quippe
2518 2167 2649 2223 nihil
2672 2167 2963 2224 humanum
2991 2177 3328 2233 tractantem,
3358 2167 3453 2224 sed
3478 2166 3698 2224 assidue

2102 2273 2225 2315 cum
2257 2260 2366 2315 Deo
2394 2260 2807 2329 colloquentem,
2839 2269 3000 2330 atque
3027 2260 3080 2314 in
3118 2273 3242 2314 eum
3286 2259 3392 2313 fixe
3429 2267 3696 2313 contuen-

2080 2359 2235 2407 Jem.
2271 2348 2334 2404 Et
2361 2350 2481 2420 quis
2518 2365 2638 2406 eam
2682 2350 3010 2420 voluptatem
3053 2347 3337 2405 metiatur?
3376 2363 3496 2420 qua:
3520 2347 3698 2404 oratio

2106 2441 2304 2497 mentis
2346 2440 2425 2495 sic
2465 2440 2669 2496 affecta:
2715 2441 2950 2496 Iaztitiam
2997 2439 3380 2511 reprtcsentct?
3427 2438 3689 2510 Equidem

2107 2531 2275 2597 nulla,
2325 2531 2420 2586 sed
2456 2531 2490 2585 ii
2520 2532 2615 2586 soli
2652 2531 2740 2602 qui
2770 2529 2823 2585 in
2853 2531 2964 2586 Deo
3009 2529 3229 2586 delicias
3268 2537 3469 2599 ponant
3510 2543 3697 2585 eorum

2108 2623 2529 2695 magnitudinem
2557 2623 2750 2687 sciunt,
2794 2631 2849 2677 et
2872 2631 3072 2693 quanto
3095 2636 3309 2677 omnem
3333 2620 3699 2691 comparatio-

2107 2730 2230 2771 nem
2271 2716 2488 2770 vincant
2513 2723 2825 2786 agnoscunt.
2861 2715 2929 2769 At
2973 2714 3164 2784 ingens
3191 2714 3397 2785 argenti
3428 2715 3510 2768 vis
3534 2712 3701 2767 undi-

2106 2821 2213 2877 que
2251 2807 2535 2877 conspicua
2564 2804 2715 2860 valde
2740 2804 2925 2859 oculos
2951 2803 3205 2870 oblectat,
3245 2811 3299 2859 et
3338 2810 3537 2873 quanto
3558 2816 3705 2873 pra)-

2108 2897 2301 2952 clarius
2336 2905 2418 2952 est
2448 2898 2499 2949 in
2527 2893 2720 2952 caalum
2750 2893 3049 2963 suspicere,
3096 2900 3256 2963 atque
3285 2892 3408 2947 inde
3436 2894 3698 2962 majorem

2111 2985 2267 3057 longe
2294 2986 2616 3055 voluptatem
2641 2983 2865 3051 capere?
2908 2982 3043 3038 Nam
3073 2990 3272 3053 quanto
3296 2997 3483 3038 aurum
3508 2991 3705 3039 stanno

2110 3085 2166 3131 et
2208 3075 2441 3147 plumbo,
2494 3082 2643 3129 tanto
2683 3072 2874 3130 calum
2916 3088 3069 3139 auro,
3110 3081 3331 3144 argento
3355 3082 3514 3143 atque
3551 3073 3701 3128 omni

2112 3169 2334 3224 materia
2367 3166 2622 3222 illustrius
2647 3179 2712 3220 ac
2731 3163 3061 3234 splendidius
3085 3175 3165 3219 est
3188 3164 3348 3232 :quin
3368 3162 3703 3233 contempla-

2117 3260 2189 3314 tio
2219 3259 2334 3314 hrec
2360 3258 2505 3313 curis
2531 3271 2697 3312 vacua
2717 3265 2820 3322 est,
2850 3255 2938 3310 illa
2967 3254 3251 3310 admodum
3280 3254 3526 3323 sollicita,
3556 3255 3702 3325 quod

2113 3351 2327 3423 quidem
2359 3350 2445 3404 vel
2471 3350 2700 3403 maxime
2729 3347 3211 3418 concupiscentiam
3239 3345 3473 3402 cohibet.
3501 3348 3573 3401 At
3590 3362 3701 3402 non

2112 3444 2195 3499 vis
2215 3444 2267 3499 in
2293 3440 2485 3498 caelum
2510 3439 2792 3511 spectare?
2819 3439 2942 3494 licet
2967 3438 3267 3509 depositum
3293 3437 3346 3492 in
3368 3437 3485 3492 foro
3512 3451 3709 3507 argen-

2116 3544 2226 3591 tum
2256 3548 2500 3590 cernere.
2542 3531 2624 3586 Ad
2666 3530 3018 3586 verecundiam
3059 3540 3276 3585 uestram
3325 3530 3439 3584 dico
3473 3529 3548 3599 (1.
3580 3528 3704 3584 Cor.

2116 3628 2172 3683 6.
2200 3625 2280 3698 5),
2308 3635 2367 3680 ut
2389 3639 2511 3681 cum
2549 3623 2707 3679 beato
2734 3622 2898 3676 Paulo
2928 3622 3145 3693 loquar:
3176 3622 3424 3692 quoniam
3453 3620 3708 3691 pecunia-

2117 3734 2234 3774 rum
2264 3732 2447 3772 amore
2474 3725 2582 3771 tam
2612 3716 2741 3771 estis
2769 3712 2986 3784 stupidi.
3026 3714 3201 3783 Atque
3240 3713 3328 3767 hic
3354 3711 3480 3783 quid
3521 3710 3705 3769 dicam

2117 3810 2318 3864 nescio.
2347 3807 2517 3863 Valde
2542 3806 2684 3863 enim
2714 3820 2802 3861 me
2838 3804 3119 3874 scrupulus
3159 3802 3374 3874 quidam
3403 3802 3705 3872 suspendit,

2118 3915 2220 3955 nec
2262 3897 2438 3963 video,
2483 3913 2579 3952 cur
2606 3911 2767 3952 omne
2795 3909 2932 3965 pene
2961 3894 3234 3949 hominum
3261 3908 3450 3963 genus,
3477 3907 3599 3947 cum
3628 3892 3710 3946 fa-

2120 3991 2224 4047 cile
2266 4005 2331 4047 ac
2367 3988 2602 4061 jucunde
2640 3987 2895 4043 obiectari
2926 3987 3104 4054 liceat,
3136 3984 3186 4040 id
3216 3998 3315 4039 nec
3341 3985 3392 4039 in
3436 3984 3713 4054 voluptate

2121 4083 2338 4155 quidem
2373 4089 2603 4152 ponant;
2654 4081 2706 4135 in
2750 4077 3130 4144 sollicitudine,
3176 4076 3522 4132 distractione
3549 4085 3714 4146 atque

2123 4175 2267 4232 curis
2292 4174 2625 4245 potissimum
2672 4171 2958 4242 gaudeant.
2988 4170 3120 4225 Nam
3163 4183 3261 4245 cur
3299 4184 3407 4223 non
3435 4181 3529 4223 eos
3557 4182 3715 4236 atque

2126 4240 2424 4336 depositum
2458 4263 2510 4317 in
2536 4260 2654 4316 foro
2678 4240 2957 4330 argentum
2989 4275 3052 4315 ac
3076 4240 3431 4314 domesticum
3455 4257 3714 4322 oblectat,

2124 4355 2267 4429 quod
2292 4354 2504 4426 quidem
2527 4360 2581 4408 et
2600 4351 2872 4422 probatius
2901 4351 2992 4417 sit,
3015 4360 3069 4406 et
3091 4354 3326 4405 animum
3348 4363 3545 4420 angore
3564 4349 3717 4403 omni

2127 4449 2353 4504 liberum
2377 4446 2644 4502 dimittat?
2686 4443 2970 4511 Quoniam,
3002 4442 3193 4512 inquit,
3241 4440 3370 4495 illud
3396 4454 3574 4495 meum
3604 4454 3717 4494 non

2128 4549 2232 4607 est,
2263 4538 2368 4593 hoc
2393 4551 2569 4592 meum
2610 4545 2712 4590 est.
2757 4533 2990 4589 Avaritia
3036 4531 3196 4601 igitur
3222 4529 3452 4600 jucunda
3478 4536 3579 4594 est,
3607 4541 3722 4583 non

2133 4630 2339 4702 argenti
2368 4637 2590 4683 natura:
2617 4626 2757 4697 quod
2787 4624 2833 4680 si
2860 4634 3023 4693 esset,
3054 4623 3178 4679 inde
3196 4623 3357 4678 etiam
3387 4635 3538 4690 aeque
3564 4618 3725 4674 oble-

2130 4723 2262 4778 ctari
2290 4719 2589 4791 oportebat.
2619 4718 2713 4773 Sin
2739 4717 2906 4784 dicas,
2938 4732 3065 4771 usus
3089 4716 3280 4786 gratia,
3308 4712 3478 4768 multo
3499 4718 3728 4782 prtestat

2130 4814 2363 4869 vitrum:
2394 4820 2553 4881 atque
2581 4809 2634 4865 id
2664 4809 2855 4864 divites
2897 4806 2997 4876 ipsi
3044 4806 3381 4868 confirmant,
3426 4804 3518 4872 qui
3556 4815 3624 4855 ex
3653 4815 3725 4855 ea

2134 4903 2355 4958 materia
2400 4900 2588 4971 pocula
2630 4909 2689 4954 ut
2735 4898 3022 4969 plurimum
3073 4905 3282 4965 parant.
3313 4892 3466 4962 Quod
3504 4891 3550 4947 si
3581 4890 3729 4946 fastu

2134 4993 2363 5064 quodam
2391 4994 2548 5046 etiam
2577 5005 2643 5046 ex
2689 4996 2909 5059 argento
2958 4984 3204 5041 fabricari
3248 4992 3525 5053 cogantur,
3571 4980 3731 5050 prius

2134 5062 2273 5138 vitro
2316 5082 2544 5137 interius
2580 5080 2868 5134 constituto
2906 5078 2979 5132 ita
3009 5084 3230 5147 argento
3276 5073 3511 5129 exterius
3548 5069 3734 5126 οδω,

2136 5187 2281 5241 cunt,
2314 5171 2655 5229 ostendentes
2695 5168 2824 5224 illud
2851 5166 2916 5222 ad
2948 5176 3130 5237 potum
3160 5164 3376 5219 suavius
3401 5171 3456 5218 et
3481 5175 3733 5217 commo-

2138 5268 2256 5322 dius
2276 5280 2413 5329 esse,
2444 5263 2546 5317 hoc
2571 5261 2637 5316 ad
2668 5260 2862 5315 fastum
2889 5259 3062 5313 solum
3086 5266 3140 5312 et
3168 5258 3380 5310 inanem
3402 5252 3728 5309 ostentatio-

2144 5375 2286 5414 nem.
2316 5355 2452 5424 Quid
2478 5363 2559 5408 est
2580 5363 2758 5407 autem
2786 5351 2906 5418 hoc,
2941 5349 3114 5404 Meum
3147 5356 3200 5402 et
3225 5362 3332 5401 non
3363 5342 3732 5401 meum?Nam

2139 5450 2388 5522 equidem
2417 5463 2537 5503 cum
2588 5444 2751 5500 verba
2796 5443 2912 5497 ham
2938 5442 3235 5495 accuratius
3274 5436 3543 5507 expendo,
3566 5448 3737 5490 voces

2141 5551 2342 5597 tantum
2365 5554 2484 5594 csse
2504 5537 2631 5592 mihi
2659 5536 2921 5591 videntur.
2952 5532 3098 5586 Multi
3120 5529 3262 5586 enim
3283 5527 3413 5585 illud
3434 5526 3738 5583 dominium

2141 5648 2299 5689 suum
2320 5631 2585 5701 refugiens
2606 5643 2705 5683 nec
2729 5627 2836 5682 vivi
2864 5625 3094 5681 retinere
3113 5628 3433 5693 potuerunt;
3459 5627 3512 5674 et
3531 5617 3733 5688 quibus

2143 5725 2208 5778 ad
2237 5722 2394 5777 linem
2424 5734 2593 5790 usque
2620 5730 2928 5788 permansu.
2960 5713 2994 5771 ii
3014 5720 3257 5769 volentes
3280 5712 3525 5766 nolentes
3546 5710 3741 5766 mortis

2147 5827 2380 5885 tempore
2411 5814 2526 5883 ejus
2551 5818 2811 5883 potestate
2838 5807 3170 5866 exciderunt.
3204 5804 3314 5863 Nec
3338 5802 3512 5860 solum
3557 5800 3610 5855 in
3643 5816 3731 5856 ar-
