4020 6426
266 363 366 418 585

267 475 652 547 ).00:95Jv,’xal
696 477 790 530 ἐπὶ
817 477 925 532 τῶν
955 479 1322 550 παραδείσων,
1354 479 1448 532 καὶ
1493 481 1553 532 ἐν
1597 480 1721 544 ταῖς
1743 479 1944 542 οίκίαις

263 563 326 616 τὸ
361 565 522 636 Ἐμὸν
559 567 656 620 καὶ
695 567 796 620 οὐκ
826 567 980 638 ἐμὸν,
1008 567 1168 620 τοῦτο
1201 568 1354 639 ῥῆμα
1384 567 1450 621 ἄν
1477 585 1565 634 τις
1621 569 1720 623 ίδοι
1782 567 1943 638 μόνον

265 651 440 720 ψιλόν.
483 654 548 708 Ἡ
591 655 692 725 μὲν
716 655 824 726 γάρ
848 655 1045 727 χρῆσις
1073 655 1226 726 κοινὴ
1276 657 1495 710 πάντων
1518 658 1689 720 ἐστὶν,
1719 656 1943 708 πλεονε-

266 740 457 793 κτοῦσι
489 741 546 793 δέ
573 743 621 794 οἱ
654 741 942 806 δοκοῦντες
965 742 1144 797 αὐτῶν
1187 739 1328 796 εἶναι
1367 742 1550 816 κύριοι
1583 743 1694 797 τῶν
1727 744 1829 796 οὐκ
1856 741 1944 795 0v-

263 843 375 881 των
398 828 498 899 τὴν
522 829 661 901 ὑπὲρ
696 829 877 884 αὐτῶν
929 831 1205 901 φροντίδα.
1237 833 1301 885 Ol
1327 832 1427 900 μὲν
1469 833 1578 904 7&9
1609 831 1945 886 ἀπολαύουσι

263 915 432 986 μόνον
459 917 723 982 αὐτῶν,οἱ
751 920 807 973 δέ
831 918 971 990 μετὰ
998 919 1092 972 τοῦ
1113 919 1387 974 ποιεῖσθαι
1405 922 1606 994 πολλὴν
1623 922 1721 994 τὴν
1747 921 1944 991 ἐπιμέ-

267 1002 418 1058 λειαν
454 1006 514 1059 τὸ
549 1007 682 1060 αὐτὸ
724 1008 882 1061 τοῦτο
929 1008 1292 1080 καρποῦνται,
1321 1010 1350 1063 ὃ
1376 1010 1515 1081 μετὰ
1555 1011 1652 1082 τῆς
1684 1009 1947 1082 ἀμελείας

268 1094 488 1150 ἐκεῖνοι.

321 1181 444 1237 ΞΘ’.
464 1185 526 1237 ΕΞ
551 1184 609 1237 δέ
631 1202 715 1249 τις
729 1186 826 1258 τὴν
845 1186 1044 1258 πολλὴν
1068 1184 1342 1260 θαυμάζοι
1361 1188 1595 1260 τρυφὴν,
1617 1195 1728 1240 οἱον
1745 1187 1808 1240 τὸ
1836 1186 1946 1240 τῶν

266 1275 766 1344 κατακοπτομένων
788 1277 996 1348 πλῆθος
1023 1278 1230 1350 κρεῶν,
1262 1278 1362 1350 τὴν
1395 1279 1658 1350 περιττὴν
1686 1277 1781 1331 τοῦ
1801 1277 1946 1330 οἴνου

265 1358 530 1432 δαπάνην,
556 1363 666 1416 τῶν
687 1365 1126 1437 καρυκευμάτων
1169 1367 1270 1436 τὴν
1300 1367 1648 1438 περιεργίαν,
1672 1366 1948 1438 τραπεζο-

266 1449 438 1504 ποιῶν
465 1451 560 1504 καὶ
589 1453 881 1508 σιτοποιῶν
923 1455 1123 1525 τέχνας
1164 1467 1214 1519 ι,
1256 1455 1576 1526 παρασίτων
1624 1455 1721 1508 καὶ
1767 1455 1950 1508 δαιτυ-

269 1539 448 1609 μόνων
499 1540 676 1611 δχλον,
711 1538 771 1596 εὖ
808 1543 939 1596 ῖστω
984 1545 1067 1596 ὅτι
1107 1543 1217 1597 τῶν
1274 1542 1554 1614 μαγείρων
1584 1543 1767 1597 αὐτῶν
1793 1542 1946 1596 οὐδὲν

263 1628 488 1699 ἄμεινον
504 1631 561 1684 ἐν
574 1633 684 1693 τοῖς
702 1630 959 1694 τοιούτοις
983 1632 1033 1684 οἱ
1055 1630 1410 1694 πλουτοῦντες
1433 1630 1752 1685 διάκεινται.
1769 1629 1950 1684 Καθάο

267 1734 376 1787 περ
428 1719 537 1788 γάρ
584 1720 790 1782 ἐκεῖνος
842 1720 969 1782 τοὺς
1007 1718 1296 1784 δεσπότας,
1337 1717 1480 1772 οὕτω
1509 1718 1639 1782 τοὺς
1667 1718 1946 1790 κεκλημέ-

265 1820 392 1868 νους
440 1807 595 1860 αὐτοὶ
630 1807 923 1872 δεδοίκασι,
963 1808 1037 1878 μή
1079 1825 1226 1872 τινος
1259 1806 1629 1862 ἐπιλάϐωνται
1658 1806 1770 1862 τῶν
1807 1808 1948 1878 μετά

267 1893 465 1946 πολλοῦ
505 1895 673 1950 πόνου
710 1894 806 1949 καὶ
829 1895 1076 1966 δαπάνης
1111 1895 1683 1966 παρασκευασθέντων
1735 1894 1944 1957 αὐτοῖς.

267 1981 379 2034 Kal
412 1981 587 2052 τούτῳ
615 1982 714 2054 μὲν
737 1981 1039 2046 ἐξισοῦνται
1065 1985 1178 2047 τοῖς
1211 1983 1499 2055 μαγείροις
1530 1982 1583 2048 δ,
1621 1981 1743 2036 καθ’
1760 1983 1948 2055 ἕτερον

265 2069 324 2122 δέ
351 2070 445 2123 καὶ
474 2071 889 2126 πλεονεκτοῦσιν
921 2071 1100 2126 αὐτῶν
1124 2087 1138 2101 °
1175 2073 1236 2125 οὐ
1264 2073 1374 2144 7&9
1407 2072 1570 2143 μόνον
1604 2072 1947 2144 κατηγόρους

268 2160 487 2224 ἐκεῖνοι,
528 2159 666 2214 ἀλλά
705 2161 800 2214 καὶ
855 2161 1160 2230 βασκάνους
1209 2161 1503 2215 δεδοίκασι.
1563 2160 1788 2225 Πολλοῖς
1837 2161 1947 2233 7&9

266 2249 532 2312 πολλάκις
561 2249 670 2304 ἀπὸ
711 2250 821 2303 τῶν
847 2250 1106 2304 τοιούτων
1145 2250 1465 2321 συμποσίων
1490 2249 1685 2323 ἐτέχθη
1716 2249 1940 2321 φθόνος,

267 2336 362 2389 καὶ
420 2338 482 2390 οὐ
525 2337 792 2408 πρότερον
831 2338 999 2410 ἔστη,
1043 2338 1150 2402 ἓως
1192 2337 1474 2402 κινδύνους
1515 2338 1770 2409 ἐπήγαγε
1819 2341 1958 2404 τοὺς·

267 2425 550 2494 ἐσχάτους.
591 2425 751 2480 Ἀλλά
785 2426 1050 2480 σιτεῖσθαι
1072 2425 1246 2479 πολλά
1265 2425 1524 2489 πολλάκις
1539 2424 1660 2498 ἡδύ.
1692 2428 1910 2497 Ἀπαγε
1930 2444 1945 2458 ο

267 2512 395 2567 ὅταν
429 2513 785 2585 καρηϐαρίαι,
826 2515 919 2568 καὶ
948 2514 1188 2586 γαστρὸς
1215 2513 1484 2580 διάτασις,
1507 2515 1604 2568 καὶ
1635 2513 1949 2586 πνεύματος

269 2599 562 2670 ἕμφραξις.
596 2601 692 2654 καὶ¹
722 2602 1065 2667 σκοτοδινίαι,
1097 2603 1194 2655 καὶ
1219 2600 1442 2670 ίλιγγοι,
1478 2603 1575 2656 καὶ
1600 2601 1824 2672 ἀχλύες,
1851 2603 1949 2656 καὶ

266 2687 337 2740 τὰ
372 2686 454 2740 ἔτι
481 2687 687 2742 τούτων
713 2688 1038 2760 ἀτοπώτερα
1067 2689 1176 2742 ἀπὸ
1201 2689 1300 2760 τῆς
1334 2689 1548 2760 τρυφῆς
1576 2689 1783 2762 ταύτης
1811 2690 1947 2744 ἀνα-

268 2773 545 2846 ϐλαστάνῃ
570 2776 740 2830 δεινά.
781 2777 892 2830 Kal
914 2777 1026 2830 εἴθε
1056 2777 1218 2848 μέχρι
1242 2775 1351 2830 τῶν
1376 2778 1505 2848 παρ’
1530 2776 1746 2848 ἡμέραν
1774 2777 1951 2849 λυπη-

275 2860 387 2930 ρῶν
435 2861 505 2916 τά
548 2863 648 2935 τῆς
692 2863 1081 2936 ἀσχημοσύνης
1121 2864 1340 2935 ἐκείνης
1386 2865 1483 2918 καὶ
1513 2864 1583 2919 τά
1614 2865 1714 2936 τῆς
1745 2865 1949 2937 ζημίας

269 2951 458 3003 ἵστατο
510 2950 703 3022 μόνον·
737 2951 858 3005 νυνὶ
885 2951 941 3005 δὲ
971 2953 1028 3005 αἱ
1072 2951 1308 3022 μάλιστα
1341 2950 1451 3004 τῶν
1504 2950 1676 3011 νόσων
1708 2953 1948 3006 δυσίατοι

267 3038 376 3092 ἀπὸ
405 3037 514 3092 τῶν
545 3038 804 3093 τοιούτων
832 3038 1123 3110 τραπεζῶν
1146 3039 1328 3110 έχουσι
1354 3037 1452 3112 τὴν
1475 3040 1674 3112 ἀρχήν.
1705 3042 1819 3096 Kal
1841 3041 1949 3114 7&9

267 3125 574 3195 ποδαλγίαι,
611 3125 708 3181 καὶ
757 3127 919 3199 φθόη,
975 3127 1072 3181 καὶ
1125 3127 1300 3195 νόσος,
1351 3127 1448 3182 καὶ
1477 3128 1808 3202 παράλυσις,
1855 3131 1946 3184 καὶ

267 3213 440 3269 πολλά
471 3215 552 3269 ἔτι
583 3215 787 3272 τούτων
809 3215 1172 3288 χαλεπώτερα
1193 3217 1538 3272 ἀπολαϐόντα
1575 3217 1636 3271 τὺ
1668 3219 1830 3290 σῶμα
1861 3237 1951 3273 πο-

266 3301 478 3374 λιορκεῖ
497 3305 578 3368 είς
603 3304 840 3376 ἐσχάτας
867 3304 1170 3368 ἀναπνοάς.
1194 3305 1329 3357 Τίνα
1349 3299 1443 3358 οὖν
1476 3305 1543 3359 ἄν
1564 3322 1649 3368 τις
1682 3306 1797 3377 ἔχοι
1827 3306 1952 3360 τού-

267 3407 375 3444 των
405 3391 735 3465 ἀντίρροπον
765 3392 875 3446 τῶν
920 3390 1115 3449 κακῶν
1156 3391 1356 3463 ἡδονὴν
1408 3393 1619 3458 είπεῖνς
1677 3395 1838 3448 ποίαν
1892 3386 1958 3448 δὲ’

266 3479 368 3532 οὐκ
395 3478 460 3533 ἄν
485 3497 570 3544 τις
589 3479 763 3534 ἐλοιτο
791 3481 1216 3554 σκληραγωγίαν
1249 3479 1390 3551 ὑπὲρ
1419 3480 1520 3552 τῆς
1537 3481 1743 3536 τούτων
1771 3482 1952 3536 ἀπαλ-

267 3566 466 3638 λαγῆς;

322 3659 399 3712 0’.
419 3656 560 3710 Ἀλλ’
577 3657 675 3728 οὐχ
693 3658 727 3728 ἡ
750 3657 1000 3733 εὐτέλεια
1009 3659 1256 3732 τοιαύτη,
1277 3659 1613 3733 ἀλλὰπόρρω
1628 3659 1831 3714 τούτων
1847 3661 1946 3730 ἀφ-

269 3744 469 3815 έστηκε
482 3745 588 3800 τῶν
603 3746 902 3819 δυσχερῶν,
927 3747 1141 3817 ὑγιείας
1158 3748 1253 3802 καὶ
1279 3747 1493 3815 εὐεξίας
1506 3744 1565 3804 οὗ
1574 3765 1641 3802 σα
1662 3750 1947 3820 ποιητική.

267 3833 334 3886 Εἰ
363 3833 421 3888 δέ
453 3835 550 3888 καὶ
577 3835 771 3907 ἡδονήν
808 3854 896 3902 τις
926 3836 1240 3910 ἐπιζητοίη,
1276 3839 1372 3894 καὶ
1396 3839 1605 3910 ταύτην
1652 3839 1785 3908 παρ’
1809 3839 1948 3908 αὐτῇ

273 3921 499 3993 μείζονα
512 3917 678 3978 οὖσαν
701 3925 925 3998 εὑρήσει
947 3928 1047 3998 τῆς
1062 3927 1280 4000 τρυφῆς
1299 3944 1314 3959 ο
1347 3928 1445 3982 καὶ
1474 3927 1692 3999 πρῶτον
1719 3927 1817 3999 μὲν
1845 3928 1953 3982 ἀπὸ

268 4009 364 4062 τοῦ
387 4011 660 4084 ἐρρῶσθαι
675 4015 770 4068 καὶ
799 4015 989 4085 μηδενὶ
1007 4015 1114 4071 τῶν
1133 4016 1321 4072 κακῶν
1343 4015 1681 4088 ἐνοχλεῖσθαι
1703 4016 1948 4081 ἐκείνων,

270 4091 348 4154 ὧν
395 4099 628 4155 ἕκαστον
656 4103 752 4157 καὶ
789 4104 914 4159 καθ’
965 4106 1132 4160 ἐαυτὸ
1194 4107 1378 4161 πᾶσαν
1415 4106 1604 4160 ἱκανὸν
1634 4105 1826 4159 σϐέσαι
1857 4106 1953 4158 καὶ

272 4187 576 4261 ἀνατρέψαι
603 4193 667 4246 ἐκ
695 4192 910 4265 βάθρων
934 4195 1160 4268 ἡδονήνο
1196 4195 1450 4267 δεύτερον
1496 4195 1555 4250 δέ
1585 4195 1680 4247 καὶ
1710 4193 1818 4248 ἀπὸ
1846 4193 1953 4248 τῶν

274 4276 461 4332 σιτίων
509 4282 712 4336 αὐτῶν.
743 4284 898 4350 Πῶς;
936 4287 1059 4338 Ὀτι
1099 4284 1296 4356 ἡδονῆς
1328 4283 1615 4354 ποιητικὸν
1647 4281 1942 4352 ἐπιθυμία·

271 4364 571 4438 ἐπιθυμίαν
603 4371 661 4424 δὲ
689 4374 788 4444 οὐχ
814 4376 842 4428 0
872 4375 1053 4446 κόρος,
1088 4375 1210 4428 οὐδὲ
1250 4377 1283 4446 ἠ
1311 4373 1634 4447 πλησμονὴ,
1660 4373 1778 4428 ἀλλ’
1810 4375 1843 4444 ἡ
1868 4371 1958 4426 ἐν·

271 4452 390 4508 δεια
419 4457 572 4530 καὶὴ
606 4461 802 4525 σπάνις
843 4465 1008 4515 ποιεῖ.
1051 4461 1201 4535 Αὕτη
1235 4462 1293 4515 δὲ
1342 4463 1442 4516 οὐκ
1469 4464 1526 4516 ἐν
1573 4461 1808 4526 ἐκείνοις
1840 4464 1956 4526 τοῖς

276 4545 606 4614 συμποσίοις
635 4550 749 4613 τοῖς
773 4549 883 4603 τῶν
900 4549 1298 4617 πλουτούντων,
1333 4550 1446 4603 ἀλλ’
1481 4552 1541 4603 ἐν
1567 4552 1679 4612 τοῖς
1709 4549 1820 4604 τῶν
1853 4568 1951 4604 πε-

273 4632 516 4703 νομένων
537 4635 624 4690 ἀεὶ
644 4637 898 4709 πάρεστι,
923 4639 1125 4702 παντὸς
1144 4639 1544 4710 τραπεζοποιοῦ
1568 4641 1664 4693 καὶ
1689 4641 1955 4710 μαγείρου

279 4723 480 4792 μᾶλλον
504 4724 873 4790 ἐπιστάζουσα
899 4727 1037 4781 πολύ
1075 4730 1190 4791 τοῖς
1222 4728 1606 4799 προκειμένοις
1625 4728 1687 4781 τὸ
1719 4729 1863 4800 μέλι.
1893 4730 1957 4784 Ol

279 4812 377 4881 μὲν
411 4813 520 4885 γάρ
543 4813 904 4878 πλουτοῦντες
929 4815 1055 4869 οὔτε
1078 4815 1377 4879 πεινῶντες
1398 4816 1663 4879 ἐσθίουσι.
1678 4819 1773 4872 καὶ
1786 4818 1958 4890 χωρὶς

276 4901 371 4954 τοῦ
402 4901 576 4973 διψεῖν
614 4902 855 4970 πίνουσι,
893 4904 988 4957 καὶ
1014 4905 1144 4974 πρὶν
1187 4903 1435 4974 σφοδρῶς
1487 4904 1675 4968 αὐτοῖς
1705 4906 1956 4960 ἐπελθεῖν

281 4987 434 5061 [5‘25]
464 4991 564 5060 τὴν
608 4991 856 5062 ἀνάγκην
883 4992 978 5045 τοῦ
1007 4991 1176 5046 ὕπνου
1228 4991 1585 5046 καθεύδουσιν
1607 5009 1618 5022 ο
1643 4984 1790 5047 οὗτοι
1810 4993 1866 5047 δὲ
1898 4995 1957 5048 ἐν

278 5077 439 5149 χρείᾳ
467 5079 672 5134 τούτων
696 5079 1087 5152 καθιστάμενοι
1117 5082 1380 5152 πρότερον
1394 5081 1568 5144 οὕτως
1591 5081 1773 5136 αὐτῶν
1831 5099 1960 5154 μετ-

277 5168 526 5237 έχουσιν’
562 5166 590 5220 ὃ
615 5168 854 5238 μάλιστα
888 5169 1105 5224 πάντων
1135 5169 1286 5237 αὔξει
1313 5168 1385 5223 τά
1405 5170 1504 5242 τῆς
1525 5169 1740 5241 ἡδονῆς.
1774 5169 1874 5225 Διά
1903 5169 1958 5223 τί

279 5253 410 5326 γὰρ,
459 5255 583 5310 εἰπέ
633 5274 745 5326 μοι,
780 5258 876 5310 καὶ
921 5259 949 5312 0
997 5257 1252 5329 Σολομὼν
1283 5257 1377 5312 τὸν
1405 5256 1574 5312 ῦπνον
1627 5256 1720 5311 τοῦ
1769 5257 1956 5311 δούλου

283 5342 448 5413 φησὶν
465 5339 604 5398 εἶναι
621 5345 770 5415 ἡδὺν,
786 5346 988 5400 οὑτωσὶ
1009 5347 1206 5416 λέγων,
1233 5347 1406 5410 Ἡδὺς
1427 5347 1614 5413 ὕπνος
1636 5343 1715 5408 τῷ
1735 5345 1958 5414 δούλῳ,

282 5428 364 5483 ἄν
388 5446 452 5482 τε
477 5432 657 5497 πολὺ,
687 5432 764 5486 ἄν
792 5449 855 5487 τε
881 5434 1091 5504 ὀλίγον
1116 5433 1318 5504 φάγῃς
1361 5430 1512 5506 *Αρα
1537 5433 1626 5487 διά
1656 5434 1754 5505 τὴν
1793 5451 1962 5506 στρω-

287 5516 429 5586 μνὴν
461 5517 560 5588 τὴν
587 5519 805 5590 ἁπαλήν
826 5538 840 5586 ;
863 5521 977 5575 Kal
1003 5521 1110 5593 μὴν
1146 5521 1240 5575 ἐπὶ
1271 5522 1554 5593 ἐδάφουςῆ
1585 5522 1677 5575 ἐπλ
1709 5521 1960 5585 στιϐάδος

283 5604 335 5656 οι
367 5603 588 5668 πλείους
639 5607 1018 5662 καθεύδουσιν.
1072 5609 1236 5663 Ἀλλά
1271 5609 1360 5664 διά
1396 5610 1498 5683 τὴν
1543 5611 1762 5675 άδειαν;
1818 5609 1960 5663 Ἀλλ’

285 5691 408 5746 οὐδὲ
446 5694 651 5764 μικρᾶς
686 5693 882 5766 καιροῦ
920 5696 1094 5768 ῥοπῆς
1123 5699 1231 5752 εἱσι
1279 5697 1484 5770 κύριοι.
1526 5699 1689 5753 Ἀλλά
1733 5697 1824 5752 διὰ
1861 5697 1960 5769 τὴν

293 5778 614 5854 ρᾳστώνην;
657 5782 796 5836 Ἀλλ’
824 5785 886 5837 οὐ
915 5784 1339 5856 διαλιμπάνουσι
1381 5787 1604 5858 μόχθοις
1633 5786 1961 5859 κοπτόμενοι

347 5907 378 5976 ς
397 5909 522 5976 Beg.
547 5913 804 5976 σιτοποιῶν
827 5912 1166 5976 καὶ-μαγείρων
1183 5915 1372 5976 τέχνας.

349 5967 380 6011 δ
402 5967 525 6036 Reg.
551 5975 648 6032 τοῖς
670 5976 889 6040 οἰκέταις,
915 5967 1088 6026 Μοιίϐιξ
1114 5981 1167 6026 ει
1189 5967 1352 6026 Silii:
1363 5975 1463 6033 τοῖς
1486 5974 1740 6040 μαγείροις.

1093 361 1151 416 S.
1191 360 1478 418 JOANNIS
1517 360 2015 419 CHRYSOSTOMI
2053 361 2376 420 ARCHIEP.
2418 361 2973 421 CONSTANTINOP.

3619 364 3726 422 586

2046 479 2143 532 καὶ
2170 481 2588 552 ταλαιπωρίαις.
2613 482 2680 535 Τί
2709 482 2828 534 ποτ’
2855 472 2950 533 οῦν
2989 480 3106 530 ἐστι
3135 477 3198 531 τὸ
3227 479 3417 532 ποιοῦν
3436 478 3528 533 τὸν
3554 479 3728 537 ῦπνον

2050 567 2201 637 ἡδὺν,
2224 568 2257 639 ἢ
2289 568 2350 621 τὸ
2369 569 2636 640 πρότερον
2665 571 2742 631 εἰς
2773 568 2963 639 χρείαν
2987 577 3009 606 ε
3037 566 3416 630 καταστάντας
3435 565 3609 631 οῦτως
3629 568 3732 621 αὐ-

2048 654 2144 708 τοῦ
2170 655 2644 726 μεταλαμϐάνειν;
2679 656 2820 719 Τοὺς
2867 655 2925 709 δὲ
2967 642 3338 719 πλουτοῦντας
3371 654 3438 709 ἂν
3473 654 3551 726 μὴ
3584 655 3730 728 μέθῃ

2053 741 2500 814 βαπτισθένταςὴ
2525 743 2623 810 νὺξ
2640 743 2947 816 καταλάϐῃ,
2985 742 3202 811 ἀνάγκη
3231 742 3528 806 διαπαντὸς
3551 745 3733 814 ἀγρυ-

2051 831 2205 883 πνεῖν
2253 831 2350 884 καὶ
2387 830 2818 902 ἐπιστρέφεσθαι
2843 832 2941 885 καὶ
2972 830 3159 885 ἀλύειν
3188 830 3285 884 ἐπὶ
3310 831 3421 884 τῶν
3463 830 3733 902 μαλακῶν

2051 918 2337 988 κειμένους
2365 919 2723 990 στρωμάτων.

2122 1001 2258 1059 οΛ’.’
2281 1006 2438 1077 Ἐνῆν
2462 1007 2557 1060 καὶ
2573 1006 2841 1078 ἐτέρωθεν
2865 1005 3036 1072 δεῖξαι
3063 1007 3161 1078 τῆς
3180 1007 3394 1078 τρυφῆς
3411 1006 3512 1078 τὴν
3528 1005 3731 1076 ἀηδίαν

2051 1095 2147 1148 καὶ
2202 1095 2304 1166 τὴν
2358 1095 2564 1167 ζημίαν
2600 1096 2698 1149 καὶ
2751 1093 2851 1166 τὴν
2902 1095 3292 1167 ἀσχημοσύνην
3314 1137 3329 1162 ,
3385 1095 3485 1158 τὰς
3531 1094 3729 1157 νόσους

2052 1181 2418 1252 καταλέγοντα
2470 1184 2605 1247 ὅσας
2680 1182 3156 1254 ἐναπομόργνυται
3207 1186 3275 1254 τῇ
3336 1182 3484 1254 ψυχῇ
3543 1181 3732 1252 πολλῷ

2051 1271 2270 1335 πλείους
2329 1272 2425 1325 καὶ
2474 1270 2866 1342 χαλεπωτέρας
2902 1269 3070 1334 οὔσας
3090 1269 3199 1324 τῶν
3234 1268 3584 1340 σωματικῶν.
3612 1269 3731 1322 Καὶ

2051 1359 2162 1429 7&9
2189 1359 2486 1430 μαλακοὺς,
2524 1359 2619 1412 καὶ
2641 1357 2957 1428 ἀνάνδρους,
2987 1360 3083 1412 καὶ
3121 1359 3363 1430 θρασεῖς,
3398 1357 3496 1410 καὶ
3523 1355 3732 1419 ἀλαζό-

2054 1464 2176 1514 νας,
2200 1449 2296 1501 καὶ
2335 1447 2606 1516 ἀσελγεῖς,
2642 1447 2737 1500 καὶ
2774 1440 3057 1518 ὑϐριστὰς,
3096 1447 3194 1500 καὶ
3229 1446 3590 1510 ἀκολάστους,
3627 1445 3735 1499 καὶ

2054 1535 2406 1608 ἀκροχόλους,
2439 1534 2536 1588 καὶ
2581 1533 2787 1604 ὠμοὺς,
2819 1534 2916 1587 καὶ
2942 1534 3176 1602 ἀγενεῖς,
3236 1531 3332 1587 καὶ
3366 1532 3730 1599 πλεονέκτας,

2051 1623 2149 1677 καὶ
2178 1623 2590 1694 δουλοπρεπεῖς,
2624 1622 2720 1676 καὶ
2749 1622 2884 1692 πρὸς
2910 1621 3054 1675 ἅπαν
3083 1623 3258 1675 εἰπεῖν
3287 1620 3398 1676 τῶν
3431 1621 3730 1693 χρησίμων

2052 1710 2148 1764 καὶ
2162 1711 2475 1778 ἀναγκαίων
2492 1711 2800 1782 ἀχρήστους
2815 1709 2918 1763 καθ
2929 1709 3158 1780 ίστησινο
3175 1701 3251 1764 ὧν
3265 1709 3526 1763 τάναντία
3548 1709 3735 1764 πάντα

2051 1796 2086 1866 ἡ
2116 1796 2419 1868 αὐτάρκεια
2445 1799 2608 1850 ποιεῖ.
2653 1795 2814 1850 Ἀλλά
2843 1795 2940 1849 νῦν
2977 1797 3115 1867 πρὸς
3132 1795 3320 1867 ἕτερον
3353 1796 3484 1866 ἡμῖν
3509 1798 3541 1850 0
3567 1796 3735 1864 λόγος

2053 1883 2336 1953 ἐπείγεται
2358 1901 2374 1916 ·
2407 1883 2494 1938 διὸ
2522 1884 2684 1956 μόνον
2707 1885 2884 1938 ἐκεῖνο
2922 1883 3252 1954 προσθέντες
3292 1882 3404 1938 τῶν
3434 1884 3734 1938 ἀποστολι-

2052 1970 2166 2026 κῶν
2197 1972 2360 2026 πάλιν
2381 1969 2650 2043 ἁψώμεθα
2677 1971 2958 2043 ῥημάτων.
2986 1971 3052 2024 El
3075 1971 3186 2042 γάρ
3214 1970 3561 2026 τάδοκοῦντα
3586 1969 3737 2026 εἶναι

2055 2057 2269 2130 ζηλωτά
2296 2059 2566 2114 τοσούτων
2601 2060 2762 2130 γέμει
2795 2057 3004 2118 κακῶν.
3038 2059 3134 2112 καὶ
3181 2057 3440 2114 τοσοῦτον
3479 2061 3547 2130 τῇ
3569 2058 3732 2132 ψυχῇ

2045 2126 2148 2200 Ικαὶ
2165 2146 2244 2219 τῷ
2271 2147 2483 2219 σώματι
2512 2126 2852 2216 τὸν-νίφετὸν
2881 2145 3081 2215 ἐπάγει
3106 2145 3218 2201 τῶν
3242 2126 3594 2218 νοσημάτων,
3618 2126 3731 2201 τέόό

2051 2234 2122 2290 τά
2164 2235 2387 2308 λυπηρὰ
2431 2236 2709 2307 θήσομεν;
2760 2229 2872 2287 οἷον
2922 2233 3202 2306 ἀρχόντων
3259 2234 3495 2304 φόϐους,
3540 2235 3737 2306 δήμων

2044 2319 2251 2394 όρμάς,
2274 2323 2630 2393 συκοφαντῶν
2648 2323 2744 2377 καὶ
2767 2321 3056 2392 βασκάνων
3082 2321 3378 2386 ἐπιϐουλάς
3397 2339 3411 2352 ·
3429 2321 3467 2377 ἃ.
3496 2313 3739 2394 μάλιστα

2051 2411 2179 2476 τοὺς
2208 2410 2575 2476 πλουτοῦντας
2611 2408 3108 2481 περιστοιχίζεται·
3155 2411 3214 2462 ἐν
3253 2405 3336 2473 οἷς
3366 2410 3463 2464 καὶ
3487 2410 3587 2474 τάς
3629 2427 3736 2479 γυ-

2054 2502 2246 2564 ναῖκας
2277 2499 2540 2570 μειζόνως
2555 2498 2665 2552 τῶν
2695 2497 2882 2552 κακῶν
2905 2497 3117 2568 ἀνάγκη
3153 2499 3432 2552 κοινωνεῖν
3448 2497 3537 2553 διά
3561 2497 3625 2552 τὸ
3648 2499 3732 2572 μὴ

2055 2587 2314 2658 γενναίως
2336 2587 2438 2652 τὰς
2461 2585 2720 2651 τοιαύτας
2748 2587 2935 2658 φέρειν
2963 2584 3292 2657 μεταϐολάς.

2107 2677 2226 2730 OB’.
2245 2676 2356 2729 Kal
2381 2675 2436 2730 τί
2459 2675 2602 2744 λέγω
2621 2676 2887 2744 γυναῖκας
2906 2691 2922 2741 ;
2944 2674 3040 2728 καλ⁵
3059 2672 3169 2746 7&9
3189 2673 3343 2727 αὐτοὶ
3361 2675 3411 2727 οί
3431 2673 3624 2746 ἄνδρες
3642 2691 3743 2730 τα-

2050 2762 2348 2836 λαιπώρως
2375 2763 2482 2818 ὐπὸ
2506 2763 2617 2818 τῶν
2636 2762 2896 2817 τοιούτων
2930 2761 3268 2816 ἁλίσκονται.
3311 2761 3370 2816 '0
3401 2761 3502 2832 μὲν
3531 2763 3644 2834 γὰρ
3675 2765 3742 2817 ἐν

2060 2851 2355 2925 αὐταρκείᾳ
2389 2849 2497 2916 ζῶν
2521 2850 2779 2922 οὐδεμίαν
2821 2850 3175 2922 μετάπτωσιν
3227 2848 3464 2903 δέδοικεν
3485 2867 3500 2882 ·
3531 2851 3561 2904 0
3581 2849 3642 2903 δέ
3675 2851 3743 2904 ἐν

2040 2939 2248 3012 ιέκείνῳ
2263 2938 2344 3011 τῷ
2369 2938 2522 3011 ὑγρῷ
2541 2939 2634 2992 καὶ
2653 2937 3035 3010 διακεχυμένῳ
3049 2936 3150 3008 βίῳ
3170 2936 3523 3007 δαπανηθεὶς,
3539 2936 3736 2991 εἴποτε

2042 3017 2296 3100 ’συμϐαίη
2327 3028 2473 3082 κατά
2502 3026 2836 3100 περίστασίν
2859 3031 2984 3080 τινα
3011 3025 3106 3079 καὶ
3135 3025 3390 3095 ἀνάγκην
3418 3025 3742 3096 παραδοθῆ-

2053 3129 2140 3170 ναι
2168 3116 2352 3188 πενίᾳ,
2375 3114 2697 3187 τεθνήξεται
2724 3114 2991 3186 πρότερον
3023 3113 3057 3184 ἢ
3090 3112 3297 3185 ταύτην
3331 3113 3468 3166 οῖσει
3509 3111 3608 3184 τὴν
3640 3129 3746 3182 με-

2049 3203 2308 3276 ταϐολὴν,
2343 3203 2431 3257 διά
2453 3202 2515 3256 τὸ
2542 3202 2878 3274 ἀμελέτητον
2904 3201 3000 3255 καὶ
3033 3199 3523 3272 ἀγύμναστον.Διά
3555 3198 3744 3254 ταῦτα

2051 3293 2080 3345 0
2113 3292 2381 3364 μακάριος
2432 3290 2646 3354 Παῦλος
2679 3290 2834 3358 ἔλεγε
2855 3306 2866 3320 ·
2901 3288 3123 3358 Θλϊψιν
3161 3287 3240 3358 τῇ
3264 3288 3445 3356 σαρκὶ
3477 3287 3740 3352 ἕξουσιν

2052 3385 2105 3436 οἱ
2141 3379 2396 3434 τοιοῦτοι
2417 3394 2432 3410 ⁶
2471 3377 2586 3448 ἐγὼ
2607 3377 2678 3431 δὲ
2714 3375 2887 3447 ὑμῶν
2912 3376 3208 3446 φείδομαι.
3239 3371 3372 3429 Εἶτα
3403 3375 3544 3446 μετὰ
3575 3375 3742 3430 τοῦτό

2054 3483 2249 3540 φησιν·
2290 3466 2353 3520 '0
2397 3465 2602 3535 καιρὸς
2640 3463 3141 3534 συνεσταλμένος
3170 3464 3238 3518 τὸ
3289 3463 3512 3518 λοιπόν
3538 3463 3740 3520 ἐστιν.

2125 3556 2260 3610 ΟΡ.
2278 3555 2391 3611 Kal
2414 3555 2468 3609 τί
2498 3553 2657 3608 τοῦτο
2682 3553 2819 3625 πρὸς
2839 3553 2931 3606 τὸν
2959 3553 3138 3622 γάμον
3160 3567 3175 3616 ;
3211 3551 3341 3614 ἴσως
3372 3550 3439 3604 ἃν
3459 3550 3603 3604 εἴποι
3630 3568 3744 3618 τις.

2055 3636 2170 3694 Kal
2185 3639 2392 3710 σφόδρα
2409 3638 2508 3710 μέν
2531 3633 2626 3692 οὖν
2647 3637 2784 3708 πρὸς
2799 3636 2980 3690 αὐτόν.
2999 3637 3062 3688 El
3078 3635 3190 3704 7&9
3218 3636 3274 3688 ἐν
3296 3632 3374 3706 τῷ
3395 3635 3622 3704 παρόντι
3637 3635 3746 3706 βίῳ

2058 3719 2498 3788 συγκέκλεισται,
2531 3721 2588 3773 ἐν
2616 3717 2675 3771 δέ
2707 3715 2785 3788 τῷ
2839 3716 3090 3788 μέλλοντι
3139 3712 3264 3769 οὐτε
3301 3714 3575 3786 γαμοῦσιν
3608 3714 3743 3770 οὕτε

2054 3801 2399 3871 γαμίζονται,
2429 3801 2457 3852 ὁ
2481 3798 2540 3851 δέ
2564 3794 2754 3869 παρὼν
2779 3798 2974 3868 καιρὸς
3001 3793 3142 3867 πρὸς
3169 3795 3231 3848 τὸ
3255 3794 3409 3858 τέλος
3429 3795 3742 3864 ἐπείγεται,

2055 3880 2150 3933 καὶ
2179 3878 2274 3932 ἐπὶ
2301 3877 2497 3947 θύραις
2529 3874 2601 3929 τά
2626 3875 2728 3944 τῆς
2756 3874 3109 3937 ἀναστάσεως
3135 3871 3392 3944 ἕστηκεν,
3446 3873 3508 3926 οὐ
3535 3873 3744 3944 γάμων

2056 3961 2248 4032 καιρὸς
2274 3959 2394 4013 οὐδὲ
2420 3955 2739 4029 κτημάτων,
2768 3954 2883 4008 ἀλλ’
2904 3954 3112 4017 ἐνδείας
3137 3953 3355 4023 καὶτῆς
3385 3951 3556 4024 ἄλλης
3585 3953 3746 4023 φιλο-

2057 4037 2249 4109 σοφίας
2278 4037 2498 4108 ἀπάσης
2529 4037 2631 4106 τῆς
2685 4036 2804 4088 ἐκεῖ
2847 4035 3298 4105 χρησιμευούσης
3337 4033 3491 4103 ἡμῖν.
3527 4033 3748 4106 Ὥσπερ

2055 4115 2164 4188 γὰρ
2195 4119 2229 4187 ή
2252 4114 2524 4186 παρθένος
2553 4113 2658 4176 ἕως
2685 4112 2784 4184 μὲν
2804 4111 2870 4164 ἂν
2885 4111 3023 4166 οἶκοι
3051 4112 3187 4182 μένῃ
3217 4109 3356 4181 μετὰ
3381 4109 3482 4180 τῆς
3511 4111 3722 4182 μητρὸς
3730 4154 3747 4176 ο

2056 4195 2258 4266 πολλὴν
2300 4194 2409 4248 τῶν
2441 4191 2708 4247 παιδικῶν
2743 4189 3000 4244 ἁπάντων
3044 4193 3280 4243 ποιεῖται
3335 4188 3614 4258 φροντίδα,
3645 4190 3753 4243 καὶ

2044 4265 2309 4339 ,κιϐώτιον
2334 4273 2392 4327 ἐν
2420 4271 2499 4343 τῷ
2541 4269 2777 4340 ταμιείῳ
2833 4267 3185 4339 καταθεμένη
3227 4267 3336 4321 τῶν
3357 4265 3753 4337 ἀποκειμένων

2058 4355 2195 4419 ἐκεῖ,
2243 4353 2340 4407 καὶ
2375 4351 2476 4424 τὴν
2509 4350 2659 4405 κλεῖν
2687 4348 2828 4420 αὐτὴ
2880 4347 3168 4419 κέκτηται,
3208 4347 3303 4400 καὶ
3343 4344 3444 4416 τὴν
3488 4344 3753 4424 ἐξουσίαν

2059 4434 2277 4487 ἅπασαν
2308 4422 2445 4504 ἔχει,
2473 4431 2568 4485 καὶ
2593 4427 2865 4498 τοσαύτην
2900 4427 3042 4497 ὑπὲρ
3071 4425 3174 4496 τῆς
3193 4423 3310 4504 τῶν
3336 4422 3552 4504 μικρῶν
3585 4422 3750 4476 ἐκεί-

2058 4528 2164 4565 νων
2219 4512 2316 4565 καὶ
2339 4501 2585 4579 νφαύλων
2621 4506 2771 4581 [526]
2804 4505 3054 4575 φυλακῆς
3081 4503 3401 4574 ἀναδέχεται
3438 4501 3748 4572 μέριμναν,

2058 4592 2190 4661 ὅσην
2225 4591 2275 4642 οἱ
2317 4588 2416 4652 τάς
2452 4587 2694 4660 μεγάλας
2741 4585 3230 4656 ἐπιτροπεύοντες·
3265 4581 3482 4636 ἐπειδάν
3517 4581 3576 4661 δὲ
3603 4597 3755 4661 μνη·-

2061 4657 2347 4722 στεύεσθαι
2384 4657 2481 4741 δέη
2526 4667 2620 4722 xal
2649 4667 2678 4719 0
2707 4663 2800 4720 τοῦ
2847 4665 3032 4734 γάμου
3081 4663 3274 4732 καιρὸς
3319 4659 3606 4741 ἀναγκάζῃ
3630 4657 3753 4741 ’τὴν

2060 4749 2320 4821 πατρῴαν
2376 4736 2556 4801 οἰκίαν
2601 4748 2848 4815 ἀφεῖναι,
2900 4743 3024 4797 τότε
3075 4743 3174 4814 τῆς
3211 4740 3491 4821 εὐτελείας
3524 4736 3755 4821 ἐκείνης

2059 4816 2436 4897 ἀπαλλαγεῖσα
2473 4826 2571 4880 καὶ
2598 4826 2699 4896 τῆς
2727 4823 3143 4894 ταπεινότητος,
3179 4820 3357 4884 οἰκίας
3383 4816 3752 4897 προστασίαν,

2059 4911 2155 4963 καὶ
2185 4894 2481 4980 κτημάτων
2505 4906 2601 4959 κα¹ι
2631 4894 2980 4975 ἀνδραπόδων
3023 4900 3253 4980 πλῆθος,
3273 4899 3389 4980 ,καὶ
3419 4896 3614 4967 ἀνδρὸς
3649 4894 3754 4980 θε-

2065 4975 2327 5060 ραπείαν,
2379 4986 2476 5041 καὶ
2531 4985 2601 5039 τά
2653 4984 2790 5038 ἄλλα
2833 4982 2903 5036 τά
2939 4979 3148 5035 τούτων
3188 4979 3416 5060 μείζονα
3445 4975 3753 5060 Ϋμεριμνᾷτν

2061 5053 2464 5138 ἀναγκάζεται·
2495 5063 2640 5117 οὕτω
2669 5063 2766 5116 καὶ
2794 5063 2943 5134 ἡμᾶς
2978 5060 3107 5132 χρὴς
3139 5058 3329 5129 ἐπειδὴ
3365 5059 3502 5129 πρὸς
3533 5056 3625 5138 τὸδ’
3652 5053 3755 5138 Ῡέῗ

2061 5134 2203 5201 λειον
2232 5147 2477 5218 ἀγόμεθα
2507 5145 2621 5215 βίον
2649 5143 2745 5197 καὶ
2768 5142 2860 5196 τὸν
2881 5141 3111 5212 ἀνδράσι
3148 5141 3526 5218 προσήκοντα,
3549 5135 3619 5187 τά
3649 5134 3755 5188 ἐπὶ

2060 5229 2164 5297 τῆς
2331 5216 2512 5280 πάντα
2547 5222 2788 5293 ἀφέντας
2817 5222 2888 5275 τά
2933 5221 3105 5284 ὅντως
3160 5220 3389 5274 παιδικά
3427 5216 3752 5297 ἀθύρματα,

2064 5292 2431 5375 φαντάζεσθαι
2463 5303 2556 5356 τὸν
2603 5292 2836 5374 οὐρανὸν
2882 5301 2978 5354 καὶ
3006 5300 3108 5370 τῆς
3154 5301 3273 5353 ἐκεῖ
3308 5295 3594 5367 διατριϐῆς
3642 5292 3753 5375 τὴν

2061 5372 2423 5457 λαμπρότητα
2457 5383 2554 5436 καὶ
2587 5372 2686 5452 τὴν
2717 5379 2876 5446 δόξαν
2918 5379 3158 5434 ἃπασαν.
3202 5375 3593 5457 Ἦρμόσθημεν
3633 5372 3753 5457 7&9

2063 5454 2157 5521 καί⁹
2202 5454 2364 5538 ἡμεῖς
2405 5463 2625 5535 νυμφίῳ
2661 5459 2838 5522 οὕτως
2885 5458 3141 5530 ζητοῦντι
3167 5459 3298 5538 παρτ
3324 5456 3485 5528 ἡμῶν
3521 5454 3752 5538 ἀγαπᾷ-

2065 5531 2412 5616 σθαιξῶςμὴ
2444 5531 2551 5596 τῶν
2577 5531 2634 5595 ἐν
2655 5544 2721 5612 τῇ
2745 5542 2816 5611 γῇ
2852 5541 3033 5610 μόνον,
3061 5538 3195 5610 μηδέ
3229 5536 3340 5591 τῶν
3372 5533 3588 5616 μικρῶν
3618 5531 3754 5616 τού-

2063 5646 2173 5682 των
2193 5611 2288 5679 καὶ
2313 5611 2571 5686 εὐτελῶν,
2604 5620 2741 5674 ἀλλά
2769 5620 2864 5672 καὶ
2879 5619 2980 5687 τῆς
3012 5619 3191 5689 ψυχῆς
3215 5616 3386 5688 αὐτῆς
3413 5611 3754 5684 ἀφίστασθαι

2063 5709 2129 5763 δι’
2159 5706 2341 5770 αὐτὸν,
2369 5704 2496 5758 ὅταν
2517 5701 2635 5774 δέῃ.
2688 5699 2843 5752 Ἐπεὶ
2870 5693 2964 5752 οὖν
3002 5700 3118 5752 ἐκεῖ
3149 5697 3335 5752 λοιπὸν
3370 5694 3589 5774 ἀπιέναι
3613 5691 3750 5774 χρὴ..

2066 5784 2464 5855 ἀπαλλάξωμεν
2489 5771 2715 5841 ἐαυτούς
2745 5777 2847 5847 τῆς
2880 5778 3160 5851 φροντίδος
3185 5778 3287 5848 τῆς
3315 5773 3588 5843 εὐτελοῦς.
3607 5771 3752 5825 Οὐδὲ

2068 5873 2178 5947 γὰρ
2203 5873 2283 5935 εἰς
2305 5866 2583 5940 βασιλείαν
2615 5861 2973 5935 μεθίστασθαι
3005 5862 3292 5934 μέλλοντες
3328 5859 3438 5915 ἀπὸ
3484 5856 3752 5928 πενιχρᾶς

2131 5977 2156 6007 ο
2182 5973 2303 6035 Reg.
2327 5968 2471 6030 ἡδύνς
2493 5971 2538 6018 οἱ
2557 5965 2712 6017 πόνοι.
2733 5963 2816 6013 καὶ
2837 5963 2894 6015 τὸ
2919 5963 3147 6031 πρότερον
3168 5966 3232 6022 είς
3251 5961 3430 6028 χρείαν.
