4020 6448
399 440 500 495 587

397 553 569 622 tendi,
597 555 665 610 de
693 552 958 618 ﬁctilibus,
989 553 1162 624 lignis,
1211 552 1541 618 utensilibus,
1581 560 1638 607 et
1658 552 1860 622 reliqua
1885 552 1982 606 do-

397 645 617 702 mestica
649 646 906 701 tenuitate
934 644 1318 700 laboraremus.
1348 644 1528 713 Itaque
1551 658 1649 698 nec
1673 643 1783 713 jam
1807 653 1982 698 terre-

401 753 464 792 na
493 753 764 802 curemus,
794 747 1036 808 tempore
1065 753 1162 794 nos
1187 738 1296 808 jam
1325 737 1392 791 ad
1422 736 1610 792 crelum
1638 746 1895 802 vocante;
1927 747 1982 790 ut

395 837 452 884 et
493 828 682 884 beatus
723 829 914 884 Paulus
960 829 1212 884 Romanis
1241 829 1477 884 scribens
1521 829 1614 891 ait,
1656 826 1811 881 Nunc
1849 827 1982 881 enim

399 913 610 989 propior
655 929 728 974 est
771 929 943 974 nostra
984 920 1141 987 salus,
1172 935 1323 990 quam
1352 935 1466 972 cum
1508 918 1814 972 credidimus
1836 934 1855 971 :
1879 933 1983 971 nox

399 1013 675 1080 pracessit,
721 1014 828 1067 dies
869 1021 1036 1066 autent
1063 1013 1484 1081 appropinquavit
1524 1009 1697 1080 (Rom.
1732 1011 1819 1065 15.
1853 1009 1978 1080 ll);

397 1111 453 1157 et
495 1118 726 1166 rursum,
773 1102 995 1173 Tempus
1020 1102 1162 1156 breve
1188 1112 1261 1156 est
1303 1102 1378 1172 (1.
1425 1101 1542 1154 Cor.
1577 1101 1628 1154 7.
1656 1098 1774 1173 29),
1805 1109 1860 1154 ut
1891 1101 1980 1170 qui

401 1207 592 1247 uxores
615 1193 809 1248 habent
837 1192 1054 1262 perinde
1081 1193 1187 1246 sint
1215 1208 1278 1247 ac
1301 1192 1345 1246 si
1373 1208 1476 1246 non
1506 1191 1782 1246 haberent.
1805 1191 1980 1258 Quor-

399 1299 514 1338 sum
546 1284 702 1354 igitur
730 1286 1126 1339 matrimonium
1157 1301 1222 1340 eo
1252 1301 1356 1339 non
1399 1286 1597 1348 usuris,
1642 1284 1734 1340 sed
1762 1284 1981 1354 perinde

398 1391 460 1432 ac
484 1377 528 1431 si
555 1391 660 1432 non
705 1376 964 1433 haberent
992 1378 1218 1432 futuris?
1253 1391 1508 1447 quorsum
1537 1375 1702 1446 opes?
1726 1391 1980 1448 quorsum

399 1471 630 1540 prmdia?
650 1487 903 1542 quorsum
927 1473 1046 1526 vitae
1069 1471 1333 1542 praesidia,
1357 1486 1581 1541 quorum
1604 1484 1729 1526 usus
1749 1469 1982 1524 caducus

399 1581 558 1634 porro
578 1575 737 1636 atque
768 1567 1174 1636 intempestivus
1201 1566 1307 1620 sit?
1336 1565 1469 1620 Nam
1509 1566 1552 1618 si
1583 1564 1722 1634 apud
1768 1578 1864 1618 nos
1890 1563 1980 1632 qui

391 1657 609 1728 judiciis
632 1659 853 1713 sistendi
883 1667 1025 1724 sunt,
1059 1659 1321 1714 scelerum
1352 1674 1564 1713 causam
1589 1657 1805 1722 dicturi,
1831 1657 1981 1725 capi-

399 1751 488 1805 tali
509 1750 597 1806 die
623 1749 838 1806 instanti
867 1767 973 1806 non
1001 1755 1185 1807 uxoris
1213 1760 1440 1817 tantum,
1479 1751 1572 1806 sed
1601 1751 1760 1805 etiam
1797 1749 1898 1805 cibi
1929 1757 1983 1804 et

397 1851 575 1913 potus,
603 1852 762 1913 atque
786 1845 930 1899 omni
971 1845 1272 1914 posthabita
1301 1859 1455 1909 cura,
1489 1843 1858 1899 defensionem
1889 1857 1982 1896 so-

396 1933 504 1987 lum
527 1935 780 2004 cogitant,
807 1935 974 1988 multo
1002 1935 1169 2004 magis
1195 1934 1368 1999 nobis,
1402 1947 1506 1987 non
1537 1945 1748 1988 terreno
1771 1931 1980 1986 cuidam

395 2023 536 2088 foro,
559 2023 654 2079 sed
683 2025 885 2078 caelesti
917 2024 1168 2079 tribunali
1197 2023 1470 2085 sistendis.
1499 2032 1553 2078 et
1573 2024 1856 2089 dictorum,
1885 2038 1980 2092 ge-

395 2124 622 2179 storum,
647 2115 997 2185 cogitatorum
1021 2115 1280 2170 rationem
1307 2114 1612 2180 reddituris,
1642 2115 1710 2170 ab
1734 2114 1982 2168 omnibus

395 2205 771 2261 abstinendum
799 2215 902 2274 est,
926 2215 981 2263 et
1008 2207 1201 2276 gaudio
1229 2215 1283 2261 et
1304 2207 1515 2262 tristitia
1543 2221 1719 2261 rerum
1746 2221 1984 2274 praisen-

395 2297 552 2365 tium,
577 2298 804 2354 accirca
835 2298 1123 2353 terribilem
1164 2297 1309 2352 illam
1349 2297 1489 2352 diem
1535 2298 1691 2352 unice
1733 2305 1978 2351 metuen-

394 2386 547 2443 dum.
579 2388 640 2444 Si
667 2389 778 2457 quis
806 2389 971 2454 enim,
995 2389 1183 2459 inquit,
1213 2391 1344 2444 venit
1366 2390 1434 2442 ad
1462 2406 1563 2457 me,
1587 2405 1677 2444 nec
1705 2405 1852 2444 suum
1884 2405 1981 2460 pa-

397 2491 545 2545 trem,
570 2489 618 2534 et
641 2490 870 2546 matrem,
895 2491 940 2535 et
961 2498 1188 2548 uxorem,
1217 2491 1264 2536 et
1291 2483 1446 2550 ﬁlios,
1469 2492 1516 2536 et
1535 2482 1740 2551 fratres,
1766 2489 1814 2536 et
1839 2497 1982 2535 soro-

395 2587 497 2635 res,
527 2572 734 2642 insuper
754 2581 800 2626 et
825 2573 1047 2626 animam
1078 2589 1222 2626 suam
1250 2574 1376 2641 odit,
1407 2590 1508 2627 non
1530 2582 1691 2643 potest
1719 2589 1856 2626 meus
1876 2589 1984 2627 esse

399 2662 700 2732 discipulus.
729 2661 796 2716 Et
813 2663 900 2732 qui
920 2679 1021 2716 non
1043 2671 1210 2731 portat
1238 2679 1437 2717 crucem
1452 2680 1614 2729 suam,
1640 2673 1689 2718 et
1717 2679 1796 2717 me
1816 2665 1982 2732 sequi-

397 2763 500 2821 tur,
530 2771 631 2808 non
658 2763 817 2824 potest
837 2771 977 2808 meus
1005 2771 1112 2809 esse
1136 2755 1416 2826 discipulus
1445 2753 1595 2826 (Luc.
1627 2754 1714 2809 Η.
1746 2753 1838 2809 26.
1861 2751 1978 2824 27).

393 2844 438 2899 Τ
443 2862 476 2900 u
505 2860 634 2900 vero
656 2845 834 2916 segnis
860 2846 1045 2900 uxoris
1071 2845 1366 2914 cupiditati,
1399 2846 1551 2912 risui,
1584 2846 1848 2912 mollitiei,
1880 2845 1980 2902 de-

392 2934 530 2989 liciis
579 2934 774 2991 vacas?
825 2933 1077 2990 Dominus
1128 2952 1285 3006 prope
1311 2946 1419 2992 est:
1455 2937 1583 2990 nihil
1631 2937 1836 2991 solliciti
1873 2937 1982 2991 sitis

395 3023 654 3095 (Philipp.
682 3025 737 3079 4.
779 3025 832 3080 5.
863 3024 940 3097 6).
971 3025 1050 3082 Tu
1079 3025 1147 3081 de
1174 3028 1412 3096 pecuniis
1436 3041 1592 3084 curas
1631 3042 1694 3082 ac
1721 3027 1982 3082 sollicitus

393 3114 489 3171 es?
528 3115 753 3172 Czcleste
780 3133 999 3187 regnum
1031 3117 1212 3172 instat.
1246 3117 1322 3172 Tu
1352 3118 1518 3186 mdes,
1544 3118 1725 3174 luxum
1761 3126 1816 3174 et
1855 3118 1983 3173 reli-

391 3223 552 3278 quam
569 3208 895 3279 voluptatem
911 3209 1164 3278 dispicis?
1188 3208 1423 3264 Prteterit
1439 3211 1607 3282 ﬁgura
1633 3210 1787 3278 hujus
1803 3209 1982 3264 mundi

358 3358 364 3370 ,
393 3299 470 3371 (ι.
499 3298 616 3354 Cor.
645 3299 697 3354 7.
726 3298 838 3371 51).
868 3299 1006 3368 Quid
1034 3309 1086 3356 te
1110 3299 1178 3356 de
1202 3300 1386 3356 mundi
1417 3302 1576 3356 rebus
1595 3317 1700 3357 non
1730 3301 1981 3372 perenni-

391 3391 512 3458 bus,
536 3390 631 3446 sed
651 3390 885 3456 caducis,
915 3393 1229 3461 perennium
1245 3407 1308 3447 ac
1323 3392 1590 3448 stabilium
1617 3393 1835 3461 oblitus,
1858 3409 1982 3450 cru-

391 3481 537 3536 cias?
557 3481 672 3536 Non
696 3482 805 3552 jam
832 3483 1254 3548 matrimonium,
1287 3499 1396 3538 non
1417 3483 1630 3540 dolores
1647 3495 1850 3556 partus,
1871 3501 1978 3542 non

391 3575 636 3644 voluptas
663 3584 718 3630 et
746 3575 938 3642 coitus,
971 3592 1077 3631 non
1122 3576 1424 3632 divitiarum
1474 3579 1647 3648 copia,
1691 3595 1798 3634 non
1837 3594 1978 3650 prae-

393 3668 602 3724 diorum
625 3668 880 3735 studium,
907 3685 1012 3724 non
1034 3669 1206 3734 cibus,
1232 3687 1338 3726 non
1357 3679 1682 3742 tegumenta,
1711 3688 1816 3726 non
1839 3672 1980 3744 agri-

391 3763 601 3817 cultura
621 3777 686 3818 ac
711 3763 997 3838 navigatio,
1023 3779 1127 3818 non
1152 3773 1297 3820 artes
1316 3773 1371 3820 et
1393 3764 1640 3832 aedificia,
1667 3781 1773 3820 non
1795 3765 1976 3835 urbes,

394 3869 498 3908 non
525 3853 687 3919 mdes,
717 3853 812 3909 sed
840 3855 978 3909 alius
1001 3853 1218 3925 quidam
1256 3865 1427 3912 status
1464 3867 1625 3926 atque
1652 3859 1762 3912 vita
1787 3873 1978 3914 conse-

391 3951 617 4012 quetur;
646 3945 762 4000 haec
786 3945 948 4016 paulo
987 3955 1106 4016 post
1145 3955 1342 4004 cuncta
1380 3948 1691 4006 interibunt.
1731 3949 1788 4004 id
1832 3951 1977 4006 enim

392 4048 494 4105 est,
533 4037 763 4094 Prwterit
789 4041 956 4110 ﬁgura
988 4040 1140 4108 hujus
1167 4041 1364 4094 mundi.
1395 4041 1532 4110 Quid
1563 4043 1722 4112 igitur
1749 4044 1896 4100 velut
1922 4044 1976 4099 in

391 4129 572 4186 omnia
599 4129 794 4185 smcula
823 4129 910 4185 hic
937 4131 1195 4195 mansuri,
1229 4132 1301 4186 ita
1344 4131 1398 4186 in
1441 4147 1625 4187 earum
1656 4149 1834 4188 rerum
1864 4143 1980 4189 stu-

390 4222 498 4288 dio,
529 4237 559 4274 a
588 4221 782 4291 quibus
801 4237 948 4293 saepe
972 4233 1096 4279 ante
1127 4239 1406 4293 vesperam
1435 4225 1842 4282 desciscendum
1860 4292 1866 4300 ι
1885 4229 1975 4295 sit,

390 4329 596 4367 summa
626 4328 729 4383 ope
757 4315 1014 4370 nitimur?
1053 4315 1182 4386 quid
1222 4316 1545 4373 laboriosam
1577 4319 1740 4374 vitam
1784 4320 1978 4392 deligi-

390 4417 528 4466 mus,
551 4401 762 4458 Christo
786 4404 853 4458 ad
891 4405 1116 4462 otiosam
1144 4423 1242 4461 nos
1273 4409 1532 4463 vocante?
1562 4407 1688 4464 Volo
1712 4411 1877 4478 enim,
1898 4413 1977 4466 in-

390 4491 526 4560 quit,
556 4505 642 4544 vos
666 4493 774 4546 sine
799 4493 1141 4549 sollicitudine
1163 4513 1292 4553 esse.
1322 4496 1426 4563 Qui
1443 4499 1553 4556 sine
1571 4515 1730 4555 uxore
1752 4511 1843 4567 est,
1867 4500 1979 4557 Do-

391 4579 514 4634 mini
542 4596 622 4633 res
641 4592 785 4635 curat
815 4584 890 4653 (1.
919 4582 1037 4637 Cor.
1067 4585 1119 4638 7.
1150 4585 1266 4655 52).

461 4671 695 4727 LXXIV.
735 4672 838 4729 Cur
859 4692 975 4729 cum
1001 4677 1117 4733 uelit
1144 4695 1235 4734 nos
1262 4682 1371 4736 sine
1397 4683 1732 4738 sollicitudine
1753 4687 1979 4755 esse,ju-

390 4763 502 4815 beat
527 4780 634 4817 esse
654 4763 917 4819 sollicitos.
939 4796 1010 4807 —
1034 4767 1313 4835 Quomodo
1340 4771 1498 4841 igitur
1522 4787 1621 4829 nos
1645 4775 1760 4829 sine
1779 4777 1979 4831 sollici-

393 4853 573 4910 tudine
593 4869 714 4910 esse
730 4855 832 4924 vis,
855 4872 988 4927 quos
1007 4858 1060 4913 in
1088 4860 1244 4915 aliam
1266 4861 1458 4918 iterum
1485 4879 1664 4920 curam
1686 4867 1978 4937 conjicias?

390 4951 520 5016 Quia
537 4954 713 5010 hocne
729 4969 916 5011 curare
927 4956 1139 5026 quidem
1153 4969 1254 5026 est,
1269 4961 1713 5031 quemadmodum
1733 4979 1830 5020 nec
1845 4964 1980 5019 afﬂi-

389 5045 519 5100 ctari
549 5057 767 5118 propter
790 5049 1060 5106 Christum
1091 5051 1368 5120 afflictari;
1399 5070 1505 5110 non
1535 5067 1734 5112 mutata
1763 5059 1975 5129 quidem

379 5153 565 5203 ,rcrum
587 5148 796 5208 natura,
820 5141 915 5197 sed
937 5158 1122 5199 eorum
1149 5146 1236 5216 qui
1261 5161 1322 5202 ea
1349 5161 1468 5202 cum
1492 5148 1760 5218 voluptate
1776 5153 1979 5221 patiann

389 5241 478 5286 tur
505 5232 681 5286 studio
708 5233 792 5289 vel
822 5250 1000 5291 rerum
1041 5246 1284 5294 naturam
1317 5240 1586 5296 vincente.
1627 5241 1756 5296 Nam
1785 5244 1874 5312 qui
1913 5259 1976 5298 ea

389 5331 573 5388 curet,
603 5325 794 5395 quibus
823 5344 928 5384 non
961 5329 1174 5401 longum
1207 5341 1416 5404 tempus
1445 5333 1701 5390 fruiturus
1729 5337 1834 5403 sit,
1870 5338 1978 5393 imo

387 5429 529 5485 sarpe
562 5433 660 5473 nec
685 5420 986 5490 minimum,
1015 5436 1206 5479 curare
1244 5427 1438 5482 merito
1463 5426 1704 5491 dicetur;
1735 5430 1824 5498 qui
1850 5443 1979 5486 vero

389 5520 417 5560 e
445 5508 590 5562 curis
627 5510 885 5580 majorem
917 5513 1142 5570 fructum
1188 5526 1439 5586 capturus
1469 5519 1567 5586 sit,
1599 5521 1745 5574 omni
1772 5521 1978 5577 ratione

388 5598 528 5652 inter
543 5613 636 5656 eos
656 5604 743 5671 qui
765 5604 881 5660 sine
899 5607 1254 5664 sollicitudine
1273 5620 1398 5665 sunt
1423 5613 1804 5670 numerabitur.
1833 5615 1979 5670 Prai-

387 5698 533 5745 terea
560 5701 736 5750 autem
764 5699 1036 5769 utriusque
1063 5717 1207 5759 curse
1244 5713 1446 5760 tantum
1473 5715 1558 5762 est
1579 5707 1886 5775 discrimen,
1920 5717 1978 5764 ut

390 5779 506 5837 haec
534 5797 654 5838 cum
683 5785 771 5841 illa
811 5795 1114 5862 coniparata
1158 5811 1228 5851 no
1267 5812 1393 5854 cura
1422 5799 1637 5868 quidem
1682 5800 1975 5867 habeatur;

389 5871 523 5929 adeo
551 5873 638 5933 illa
664 5876 908 5936 etlevior
929 5889 1032 5954 est,
1054 5892 1107 5942 et
1132 5885 1313 5943 multis
1334 5889 1575 5963 partibus
1595 5889 1817 5948 facilior.
1844 5891 1974 5960 Quze

1099 435 1162 496 S.
1201 441 1481 499 JOANNIS
1509 437 1984 496 CHRYSOSTOMI
2023 437 2338 496 ARCHIEP.
2377 439 2912 496 CONSTANTINOP.

3543 436 3654 492 5:12

2088 567 2185 606 nos
2207 558 2383 606 omnia
2406 553 2654 623 superius
2674 553 3024 608 ostendimus.
3042 550 3141 616 Qui
3160 552 3268 606 sine
3285 566 3443 606 uxore
3465 561 3558 620 est,
3576 555 3700 609 sol-

2087 648 2252 700 licitus
2273 659 2344 700 est
2375 663 2489 717 qua:
2519 647 2724 700 Domini
2756 655 2909 710 sunt;
2947 646 3032 716 qui
3059 655 3227 698 autem
3261 661 3375 698 cum
3401 661 3559 698 uxore
3576 654 3691 704 est,

2085 738 2332 792 sollicitus
2360 747 2431 792 est
2459 753 2571 808 qme
2597 747 2714 792 sunt
2741 736 2938 791 mundi.
2961 737 3040 790 .At
3073 735 3160 790 hic
3187 735 3328 800 abit,
3359 736 3447 790 ille
3476 749 3688 791 manet.

2086 831 2277 885 Annon
2301 830 2457 901 igitur
2478 831 2562 884 vel
2589 833 2692 886 hoc
2715 831 2888 884 solam
2908 828 3138 884 sufﬁciat
3161 829 3230 883 ad
3257 828 3571 898 virginitatis
3599 827 3692 881 di-

2085 921 2343 991 gnitatem
2369 922 2938 978 commonstrandam?
2965 922 3173 989 Quanto
3193 920 3334 975 enim
3359 920 3500 974 Deus
3525 935 3691 973 mun-

2087 1011 2157 1066 do
2188 1021 2400 1080 praestat
2419 1054 2434 1078 ,
2467 1021 2614 1068 tanto
2643 1013 2760 1068 haec
2803 1013 2891 1066 illa
2920 1012 3095 1083 potior
3120 1025 3249 1065 cura
3275 1019 3377 1064 est.
3418 1011 3526 1065 Cur
3548 1023 3691 1079 ergo

2087 1103 2482 1157 matrimonium
2513 1104 2789 1173 permittit,
2817 1103 2958 1174 quod
2985 1112 3038 1158 et
3062 1103 3206 1158 curis
3234 1116 3332 1156 nos
3360 1103 3688 1172 obstringat,

2087 1201 2141 1247 et
2169 1207 2199 1246 a
2227 1193 2590 1263 spiritualibus
2617 1193 2884 1251 abducat?
2915 1193 3037 1248 Ideo
3065 1195 3207 1248 enim
3232 1234 3247 1259 ,
3282 1191 3489 1262 inquit,
3519 1193 3630 1246 dixi
3670 1209 3687 1246 :

2086 1285 2156 1341 Ut
2175 1287 2264 1357 qui
2291 1302 2483 1341 uxores
2514 1285 2714 1342 habent
2737 1285 2957 1355 perinde
2977 1288 3083 1340 sint
3107 1299 3171 1339 ac
3197 1284 3244 1338 si
3269 1299 3376 1338 non
3401 1283 3688 1350 haberent,

2087 1387 2145 1432 ut
2173 1378 2261 1447 qui
2295 1377 2405 1447 jam
2431 1377 2593 1432 vincti
2623 1386 2787 1444 sunt,
2818 1386 2907 1431 aut
2937 1385 3055 1446 post
3085 1375 3351 1430 vinciendi
3378 1383 3535 1439 sunt,
3567 1374 3692 1430 alio

2085 1470 2334 1539 quopiam
2356 1468 2515 1523 modo
2532 1468 2801 1522 vinculum
2828 1468 3088 1523 relaxent.
3111 1465 3242 1521 Nam
3267 1467 3515 1537 quoniam
3533 1466 3687 1520 haud

2086 1561 2167 1616 fas
2187 1570 2270 1616 est
2292 1561 2456 1617 semel
2481 1561 2882 1630 circumiectum
2911 1573 3178 1629 rumpere,
3209 1557 3534 1612 tolerabilius
3557 1557 3692 1611 red-

2085 1653 2173 1707 de.
2200 1651 2474 1722 Siquidem
2505 1651 2651 1717 licet,
2681 1651 2727 1706 si
2756 1651 3003 1715 velimus,
3031 1662 3361 1718 supervacua
3389 1648 3565 1702 omnia
3585 1663 3690 1702 re-

2085 1745 2266 1800 cidere
2285 1785 2299 1810 ,
2331 1760 2430 1800 nec
2459 1755 2638 1801 nostra
2668 1745 2904 1814 ipsorum
2931 1743 3140 1812 ignavia
3169 1741 3272 1795 alia
3299 1740 3453 1796 nobis
3480 1739 3690 1795 addere

2087 1837 2152 1894 iis
2179 1837 2342 1903 curis,
2373 1852 2507 1907 quas
2535 1837 2614 1893 rei
2641 1845 2830 1890 natura
2858 1833 3046 1904 pariat,
3073 1832 3297 1901 majora.

2156 1931 2366 1989 LXXV.
2389 1932 2523 1998 Quid
2536 1932 2600 1986 sit
2617 1931 2880 1984 habentem
2898 1943 3106 1983 uxorem
3121 1943 3223 1981 non
3239 1925 3513 1980 habere.—
3523 1923 3687 1991 Quod

2086 2026 2129 2082 si
2156 2026 2276 2097 quis
2296 2025 2456 2080 etiam
2477 2024 2676 2080 clarius
2703 2022 3002 2092 intelligere
3023 2020 3157 2086 vult,
3183 2018 3311 2089 quid
3330 2019 3420 2083 sit,
3445 2017 3688 2073 Uxorem

2090 2120 2372 2175 habentem
2400 2117 2622 2188 perinde
2643 2131 2765 2172 esse
2789 2130 2853 2170 ac
2881 2114 2928 2169 si
2956 2127 3062 2167 non
3084 2111 3328 2176 haberet,
3354 2110 3398 2164 is
3422 2109 3551 2164 mihi
3571 2122 3690 2163 non

2088 2210 2351 2265 habentes
2389 2219 2548 2279 atque
2576 2207 2868 2263 crucifixos
2896 2190 3126 2274 cogitet,
3165 2201 3434 2273 quomodo
3463 2201 3690 2271 degant.

2087 2300 2366 2368 Quomodo
2393 2300 2554 2371 igitur
2578 2297 2812 2369 degunt?
2840 2295 2956 2352 Non
2985 2308 3209 2350 necesse
3238 2291 3438 2347 habent
3461 2291 3692 2346 ancilla-

2087 2410 2204 2450 rum
2243 2408 2456 2465 gregem
2499 2406 2779 2456 coemere,
2809 2404 2915 2444 non
2959 2402 3148 2442 aurum
3190 2401 3255 2441 ac
3291 2385 3538 2450 monilia,
3572 2397 3690 2438 non

2085 2486 2230 2542 sedes
2256 2483 2563 2556 magnificas
2583 2491 2638 2538 et
2665 2482 2890 2551 amplas,
2919 2495 3027 2534 non
3055 2487 3133 2533 tot
3156 2491 3220 2532 ac
3243 2485 3322 2532 tot
3350 2485 3506 2531 terrze
3527 2477 3692 2546 juge-

2086 2595 2176 2645 ra;
2209 2579 2303 2635 sed
2329 2579 2395 2633 iis
2415 2576 2664 2632 omnibus
2689 2573 2924 2630 dimissis
2951 2570 3204 2625 amictum
3230 2584 3394 2623 unum
3420 2576 3578 2638 atque
3603 2568 3694 2622 vi-

2085 2680 2228 2727 ctum
2255 2676 2561 2740 procurant.
2593 2666 2744 2723 Licet
2767 2673 2942 2719 autem
2973 2675 3197 2716 uxorem
3233 2658 3450 2714 habenti
3473 2658 3538 2712 ad
3561 2673 3690 2712 eam

2087 2778 2146 2820 se
2184 2761 2577 2833 philosophiam
2613 2758 2891 2814 reducere.
2919 2754 3050 2811 Nam
3089 2752 3232 2824 quod
3273 2766 3435 2821 supra
3468 2751 3570 2817 ait,
3599 2750 3696 2806 Ne

2087 2855 2388 2928 defraudate
2422 2854 2552 2908 alter
2575 2853 2793 2907 alterum
2821 2849 2870 2923 (ι
2893 2887 2907 2902 .
2938 2846 3059 2904 Cor.
3087 2847 3140 2900 7.
3172 2846 3264 2918 5),
3293 2845 3360 2900 de
3385 2846 3529 2900 coitu
3557 2844 3692 2898 solo

2085 2947 2285 3004 dictum
2315 2953 2398 3001 est
2427 2962 2442 3001 :
2471 2945 2524 2998 in
2550 2959 2618 3000 eo
2647 2943 2789 2998 enim
2818 2941 3045 2995 invicem
3070 2937 3292 3007 obsequi
3308 2937 3480 3006 jubet,
3510 2949 3691 3004 neque

2085 3042 2402 3097 alterutrum
2425 3039 2508 3095 sui
2531 3037 2806 3094 dominum
2836 3049 2959 3091 esse
2981 3033 3109 3089 sinit
3139 3048 3153 3084 :
3183 3032 3235 3086 in
3265 3031 3472 3101 reliquo
3503 3027 3683 3098 philo-

2085 3132 2290 3204 sephia:
2315 3130 2590 3197 exercitio,
2623 3128 2840 3190 vestitu,
2872 3127 3034 3192 victu,
3066 3132 3227 3194 atque
3254 3122 3373 3177 aliis
3398 3118 3676 3184 omnibus,

2085 3225 2224 3280 alter
2241 3223 2394 3277 alteri
2418 3236 2524 3276 non
2551 3227 2635 3275 est
2653 3216 2938 3284 obnoxius,
2967 3215 3060 3270 sed
3083 3224 3138 3270 et
3163 3213 3293 3269 viris
3315 3211 3393 3266 fas
3412 3221 3494 3266 est
3511 3225 3689 3266 uxore

2084 3315 2250 3372 invita
2269 3314 2490 3370 delicias
2515 3326 2706 3368 omnes
2730 3325 2794 3365 ac
2815 3307 3272 3365 circumﬂuentem
3293 3318 3540 3360 curarum
3561 3310 3686 3358 tur-

2084 3410 2208 3466 bam
2228 3408 2468 3474 amoliri;
2491 3415 2547 3462 et
2571 3404 2725 3461 uxori
2749 3401 2984 3458 vicissim
3013 3415 3119 3454 non
3144 3407 3226 3454 est
3253 3410 3496 3461 necesse,
3517 3395 3562 3450 si
3583 3409 3689 3450 no-

2084 3501 2163 3569 lit,
2185 3501 2346 3566 comi,
2370 3500 2582 3554 inanem
2609 3497 2836 3568 gloriam
2862 3501 3097 3564 captare,
3119 3502 3447 3560 supervacua
3465 3500 3679 3541 curare.

2083 3593 2196 3648 Nec
2223 3590 2449 3662 injuria;
2477 3604 2600 3645 nam
2626 3585 2892 3657 cupiditas
2915 3582 3131 3654 quidem
3160 3580 3250 3635 illa
3276 3577 3534 3634 naturalis
3558 3584 3681 3642 est;

2085 3683 2263 3754 itaque
2285 3682 2334 3738 ei
2366 3679 2609 3736 nonnihil
2638 3677 3000 3734 condonatum
3042 3681 3159 3737 est,
3200 3686 3300 3726 nec
3342 3676 3518 3740 potest
3543 3667 3685 3723 alter

2083 3775 2306 3830 alterum
2335 3773 2604 3828 nolentem
2642 3767 2960 3825 defraudare
2985 3782 3002 3832 ;
3045 3765 3158 3820 haec
3188 3777 3316 3818 vero
3341 3759 3678 3824 deliciarum,

2082 3864 2399 3936 supervacui
2421 3843 2616 3931 cultus,
2653 3859 2852 3916 inutilis
2865 3873 3029 3923 curae,
3055 3870 3159 3911 non
3185 3870 3215 3909 a
3239 3863 3426 3908 natura
3453 3850 3674 3922 proﬁci-

2083 3960 2270 4025 scitur,
2288 3957 2382 4012 sed
2399 3971 2465 4011 ex
2482 3953 2690 4026 ignavia
2709 3959 2765 4007 et
2800 3949 2990 4021 insigni
3009 3945 3244 4017 nequitia
3268 3951 3466 3998 manat.
3485 3941 3666 4010 Quare

2085 4066 2258 4122 neque
2279 4051 2331 4104 ln
2359 4049 2464 4116 his,
2488 4057 2544 4103 ut
2571 4047 2624 4102 in
2647 4046 2773 4112 illis,
2794 4043 3050 4113 coniuges
3073 4040 3298 4095 invicem
3322 4036 3490 4092 teneri
3509 4035 3674 4105 cogit.

2084 4143 2199 4200 Hoc
2227 4142 2386 4212 igitur
2413 4147 2530 4208 est,
2563 4138 2796 4194 Uxorem
2837 4134 3094 4190 habentes
3135 4129 3354 4201 perinde
3390 4141 3512 4183 esse
3537 4139 3600 4181 ac
3629 4139 3676 4180 sn

2085 4250 2194 4290 non
2230 4233 2489 4289 haberent
2507 4270 2523 4297 ,
2553 4239 2913 4299 supervacuas
2941 4225 3062 4279 illas
3087 4231 3303 4294 propter
3329 4233 3552 4275 uxorum
3589 4216 3678 4271 fu-

2083 4343 2203 4383 cum
2231 4342 2295 4382 ac
2327 4325 2610 4380 mollitiem
2650 4335 2808 4378 curas
2847 4334 2953 4374 non
2996 4317 3278 4372 admittere
3299 4355 3315 4383 ,
3345 4314 3440 4369 sed
3469 4321 3675 4368 tantum

2083 4435 2334 4476 curarum
2361 4416 2656 4474 auctarium
2684 4413 2957 4484 suscipere
2980 4452 2996 4476 ,
3025 4417 3280 4481 quantum
3308 4423 3404 4477 par
3425 4406 3496 4460 sit
3518 4405 3679 4460 unius

2083 4511 2273 4582 capitis
2297 4505 2684 4572 additaniento,
2710 4513 2872 4574 atque
2897 4504 3015 4572 ejus
3039 4498 3404 4571 philosOphice
3427 4511 3492 4552 ac
3512 4497 3680 4551 tenui-

2083 4579 2167 4661 ter
2189 4604 2354 4658 vitam
2384 4599 2730 4656 instituentis.
2761 4597 2818 4652 ld
2847 4596 2989 4652 enim
3016 4609 3076 4649 se
3103 4594 3243 4649 velle
3264 4591 3548 4646 corollario
3573 4579 3684 4644 hoc

2083 4695 2379 4767 significat,
2414 4692 2478 4747 Et
2504 4691 2590 4762 qui
2626 4691 2748 4760 ﬂent
2786 4697 3042 4758 tamquam
3079 4702 3180 4739 non
3207 4686 3382 4753 ﬂentes
3412 4680 3590 4753 (Ibid.
3623 4695 3674 4732 ο.

2083 4788 2209 4860 30),
2239 4797 2294 4842 et
2315 4787 2403 4858 qui
2436 4785 2486 4839 in
2521 4781 2734 4854 praediis
2765 4778 3019 4850 gaudent,
3047 4791 3113 4830 ac
3139 4776 3184 4829 si
3214 4789 3319 4828 non
3339 4771 3677 4843 gauderent:

2083 4897 2203 4936 nam
2223 4895 2321 4934 nec
2331 4879 2420 4950 qui
2438 4892 2540 4931 non
2553 4874 2804 4945 gaudent,
2821 4870 3022 4942 praedia
3037 4867 3328 4931 curabunt;
3348 4879 3447 4922 nec
3461 4865 3550 4936 qui
3568 4879 3677 4920 non

2083 4972 2211 5028 ﬂent
2229 5013 2244 5037 ,
2277 4977 2370 5024 aut
2397 4967 2630 5038 inopiam
2658 4966 2879 5020 horrere
2898 5005 2912 5030 ,
2939 4969 3032 5016 aut
3057 4959 3411 5029 frugalitatem
3435 4959 3676 5013 aversari

2083 5069 2354 5134 poterunt.
2383 5059 2495 5116 Hoc
2528 5072 2656 5113 vero
2694 5064 2777 5110 est
2809 5068 3030 5110 uxorem
3072 5052 3271 5107 habere
3307 5064 3406 5104 nec
3437 5048 3633 5103 habere
3659 5089 3678 5116 ,

2083 5155 2281 5211 mundo
2308 5154 2384 5210 uti
2413 5167 2514 5208 nec
2535 5150 2700 5206 abuti.
2732 5149 2833 5216 Qui
2870 5165 2986 5201 cum
3011 5161 3170 5200 uxore
3195 5153 3268 5199 est
3289 5184 3306 5210 ,
3333 5143 3579 5198 sollicitus
3605 5152 3682 5198 est

2082 5264 2195 5318 qtae
2222 5256 2339 5301 sunt
2363 5243 2539 5298 mundi
2565 5240 2728 5311 (Ibid.
2771 5257 2821 5293 υ.
2846 5239 2972 5310 55).
3005 5238 3188 5308 Itaque
3234 5251 3358 5292 cum
3397 5245 3452 5291 et
3495 5235 3581 5290 hic
3621 5245 3680 5291 et

2083 5341 2191 5396 illic
2215 5346 2451 5403 curetur,
2473 5345 2633 5406 atque
2657 5334 2744 5389 hic
2766 5333 2926 5387 etiam
2958 5340 3158 5386 temere
3179 5339 3234 5386 et
3254 5329 3469 5394 frustra,
3495 5330 3600 5382 imo
3621 5338 3682 5384 et

2082 5435 2307 5490 moleste
2335 5441 2388 5486 et
2414 5430 2610 5484 misere
2643 5429 2798 5501 (nam
2843 5425 3234 5480 Tribulationem
3263 5422 3442 5496 [lbid.
3469 5439 3518 5477 υ.
3539 5421 3611 5477 28
3627 5419 3671 5494 ],

2082 5527 2271 5598 inquit,
2300 5526 2468 5580 carnis
2497 5522 2747 5579 habebunt
2775 5519 3127 5590 huiusmodi),
3159 5518 3285 5584 illic,
3317 5516 3458 5587 quod
3489 5515 3680 5585 ingens

2079 5619 2278 5675 bonum
2311 5619 2400 5685 sit,
2430 5632 2528 5672 cur
2555 5631 2660 5671 non
2690 5617 2834 5671 illam
2861 5614 3040 5685 potius
3077 5610 3425 5666 adsciscimus
3450 5621 3633 5662 curam
3659 5647 3677 5674 ,

2081 5725 2202 5779 quze
2228 5723 2334 5763 non
2363 5709 2538 5764 solum
2569 5717 2646 5763 tot
2674 5721 2739 5762 ac
2767 5714 2942 5760 tantas
2969 5700 3434 5761 remunerationes
3459 5697 3675 5764 habeat,

2083 5799 2175 5856 sed
2201 5799 2304 5856 hac
2331 5809 2522 5856 natura
2561 5801 2723 5855 etiam
2757 5798 2928 5854 levior
2955 5795 3058 5853 sit?
3081 5793 3218 5864 Quid
3241 5791 3387 5850 enim
3411 5797 3567 5846 curat
3596 5791 3679 5845 in-

2083 5893 2288 5966 nupta?
2315 5908 2384 5951 an
2411 5907 2562 5966 opes,
2591 5908 2658 5948 an
2685 5906 2877 5950 vernas
2900 5933 2916 5961 ,
2947 5906 3014 5947 an
3039 5900 3373 5954 ceconomos,
3403 5901 3471 5942 an
3491 5897 3672 5954 agros,
