  <div class='ocr_page' id='page_1' title='image "/cluster/home/n/w/nwhite01/storage/ocr_20150623/48:no.1:pt.2/coo.31924054869478/069.png"; bbox 0 0 4020 6386; ppageno 0'>
   <div class='ocr_carea' id='block_1_1' title="bbox 452 381 557 438">
    <p class='ocr_par' dir='ltr' id='par_1_1' title="bbox 452 381 557 438">
     <span class='ocr_line' id='line_1_1' title="bbox 452 381 557 438; baseline 0 0"><span class='ocrx_word' id='word_1_1' title='bbox 452 381 557 438; x_wconf 85' lang='grc'><strong>589</strong></span> 
     </span>
    </p>
   </div>
   <div class='ocr_carea' id='block_1_2' title="bbox 458 497 2127 571">
    <p class='ocr_par' dir='ltr' id='par_1_2' title="bbox 458 497 2127 571">
     <span class='ocr_line' id='line_1_2' title="bbox 458 497 2127 571; baseline -0.002 -16"><span class='ocrx_word' id='word_1_2' title='bbox 458 500 737 570; x_wconf 79' lang='grc' dir='ltr'><strong>μαγείροις</strong></span> <span class='ocrx_word' id='word_1_3' title='bbox 780 497 1073 570; x_wconf 77' lang='grc' dir='ltr'><strong>ἐφέστηκε,</strong></span> <span class='ocrx_word' id='word_1_4' title='bbox 1106 498 1201 553; x_wconf 79' lang='grc' dir='ltr'><strong>καὶ</strong></span> <span class='ocrx_word' id='word_1_5' title='bbox 1243 499 1529 570; x_wconf 84' lang='grc' dir='ltr'><strong>ὑφάνταις,</strong></span> <span class='ocrx_word' id='word_1_6' title='bbox 1555 500 1648 553; x_wconf 82' lang='grc' dir='ltr'><strong>καὶ</strong></span> <span class='ocrx_word' id='word_1_7' title='bbox 1674 501 1742 571; x_wconf 80' lang='grc' dir='ltr'><strong>τῇ</strong></span> <span class='ocrx_word' id='word_1_8' title='bbox 1768 499 1928 569; x_wconf 72' lang='grc' dir='ltr'><strong>λοιπῇ</strong></span> <span class='ocrx_word' id='word_1_9' title='bbox 1962 497 2127 569; x_wconf 82' lang='grc' dir='ltr'><strong>θερα-</strong></span> 
     </span>
    </p>
   </div>
   <div class='ocr_carea' id='block_1_3' title="bbox 451 584 2126 657">
    <p class='ocr_par' dir='ltr' id='par_1_3' title="bbox 451 584 2126 657">
     <span class='ocr_line' id='line_1_3' title="bbox 451 584 2126 657; baseline -0.003 -15"><span class='ocrx_word' id='word_1_10' title='bbox 451 584 611 656; x_wconf 73' lang='grc' dir='ltr'><strong>πείας</strong></span> <span class='ocrx_word' id='word_1_11' title='bbox 644 586 893 657; x_wconf 73' lang='grc' dir='ltr'><strong>Ἄπαγε*</strong></span> <span class='ocrx_word' id='word_1_12' title='bbox 933 586 1088 641; x_wconf 74' lang='grc' dir='ltr'><strong>οὐδὲν</strong></span> <span class='ocrx_word' id='word_1_13' title='bbox 1139 586 1346 641; x_wconf 84' lang='grc' dir='ltr'><strong>τούτων</strong></span> <span class='ocrx_word' id='word_1_14' title='bbox 1394 589 1476 652; x_wconf 80' lang='grc' dir='ltr'><strong>είς</strong></span> <span class='ocrx_word' id='word_1_15' title='bbox 1520 586 1647 641; x_wconf 90' lang='grc' dir='ltr'><strong>νοῦν</strong></span> <span class='ocrx_word' id='word_1_16' title='bbox 1691 586 1964 657; x_wconf 78' lang='grc' dir='ltr'><strong>βάλλεται,</strong></span> <span class='ocrx_word' id='word_1_17' title='bbox 2007 584 2126 640; x_wconf 80' lang='grc' dir='ltr'><strong>ἀλλ’</strong></span> 
     </span>
    </p>
   </div>
   <div class='ocr_carea' id='block_1_4' title="bbox 449 670 2123 747">
    <p class='ocr_par' dir='ltr' id='par_1_4' title="bbox 449 670 2123 747">
     <span class='ocr_line' id='line_1_4' title="bbox 449 670 2123 747; baseline 0.001 -20"><span class='ocrx_word' id='word_1_18' title='bbox 449 670 510 729; x_wconf 72' lang='grc' dir='ltr'><strong>ἐν</strong></span> <span class='ocrx_word' id='word_1_19' title='bbox 539 674 814 745; x_wconf 79' lang='grc' dir='ltr'><strong>φροντίζει</strong></span> <span class='ocrx_word' id='word_1_20' title='bbox 847 675 1025 746; x_wconf 83' lang='grc' dir='ltr'><strong>μόνον,</strong></span> <span class='ocrx_word' id='word_1_21' title='bbox 1069 674 1172 747; x_wconf 85' lang='grc' dir='ltr'><strong>τὴν</strong></span> <span class='ocrx_word' id='word_1_22' title='bbox 1206 675 1379 747; x_wconf 77' lang='grc' dir='ltr'><strong>αὐτῆς</strong></span> <span class='ocrx_word' id='word_1_23' title='bbox 1406 675 1709 746; x_wconf 73' lang='grc' dir='ltr'><strong>οἰκοδομεῖν</strong></span> <span class='ocrx_word' id='word_1_24' title='bbox 1734 686 1761 716; x_wconf 78' lang='grc' dir='ltr'>ι</span> <span class='ocrx_word' id='word_1_25' title='bbox 1789 674 1991 746; x_wconf 75' lang='grc' dir='ltr'><strong>ψυχὴν,</strong></span> <span class='ocrx_word' id='word_1_26' title='bbox 2029 673 2123 728; x_wconf 78' lang='grc' dir='ltr'><strong>τὸν</strong></span> 
     </span>
    </p>
   </div>
   <div class='ocr_carea' id='block_1_5' title="bbox 452 758 2126 834">
    <p class='ocr_par' dir='ltr' id='par_1_5' title="bbox 452 758 2126 834">
     <span class='ocr_line' id='line_1_5' title="bbox 452 758 2126 834; baseline 0.001 -20"><span class='ocrx_word' id='word_1_27' title='bbox 452 759 578 815; x_wconf 75' lang='grc' dir='ltr'><strong>ναὸν</strong></span> <span class='ocrx_word' id='word_1_28' title='bbox 623 763 831 817; x_wconf 85' lang='grc' dir='ltr'><strong>ἐκεῖνον</strong></span> <span class='ocrx_word' id='word_1_29' title='bbox 884 762 977 817; x_wconf 84' lang='grc' dir='ltr'><strong>τὸν</strong></span> <span class='ocrx_word' id='word_1_30' title='bbox 1022 762 1179 832; x_wconf 77' lang='grc' dir='ltr'><strong>ἅγιον</strong></span> <span class='ocrx_word' id='word_1_31' title='bbox 1222 763 1446 833; x_wconf 81' lang='grc' dir='ltr'><strong>κοσμεῖν</strong></span> <span class='ocrx_word' id='word_1_32' title='bbox 1478 761 1579 816; x_wconf 88' lang='grc' dir='ltr'><strong>οὑκ</strong></span> <span class='ocrx_word' id='word_1_33' title='bbox 1620 758 1693 816; x_wconf 77' lang='grc' dir='ltr'><strong>ἐν’</strong></span> <span class='ocrx_word' id='word_1_34' title='bbox 1729 761 2045 832; x_wconf 82' lang='grc' dir='ltr'><strong>πλέγμασιν</strong></span> <span class='ocrx_word' id='word_1_35' title='bbox 2092 762 2126 834; x_wconf 75' lang='grc' dir='ltr'>ἢ</span> 
     </span>
    </p>
   </div>
   <div class='ocr_carea' id='block_1_6' title="bbox 448 848 2127 923">
    <p class='ocr_par' dir='ltr' id='par_1_6' title="bbox 448 848 2127 923">
     <span class='ocr_line' id='line_1_6' title="bbox 448 848 2127 923; baseline -0.001 -19"><span class='ocrx_word' id='word_1_36' title='bbox 448 848 636 922; x_wconf 88' lang='grc' dir='ltr'><strong>χρυσῷ</strong></span> <span class='ocrx_word' id='word_1_37' title='bbox 663 850 698 922; x_wconf 79' lang='grc' dir='ltr'><strong>ἢ</strong></span> <span class='ocrx_word' id='word_1_38' title='bbox 731 849 1123 923; x_wconf 89' lang='grc' dir='ltr'><strong>μαργαρίταις,</strong></span> <span class='ocrx_word' id='word_1_39' title='bbox 1152 848 1252 902; x_wconf 84' lang='grc' dir='ltr'><strong>οὑκ</strong></span> <span class='ocrx_word' id='word_1_40' title='bbox 1284 848 1690 922; x_wconf 81' lang='grc' dir='ltr'><strong>ἐπιτρίμμασιν</strong></span> <span class='ocrx_word' id='word_1_41' title='bbox 1719 850 1843 904; x_wconf 84' lang='grc' dir='ltr'><strong>οὐδέ</strong></span> <span class='ocrx_word' id='word_1_42' title='bbox 1879 851 2127 922; x_wconf 88' lang='grc' dir='ltr'><strong>ὑπογρα-</strong></span> 
     </span>
    </p>
   </div>
   <div class='ocr_carea' id='block_1_7' title="bbox 448 936 2127 1010">
    <p class='ocr_par' dir='ltr' id='par_1_7' title="bbox 448 936 2127 1010">
     <span class='ocr_line' id='line_1_7' title="bbox 448 936 2127 1010; baseline 0.001 -19"><span class='ocrx_word' id='word_1_43' title='bbox 448 940 598 1006; x_wconf 81' lang='grc' dir='ltr'><strong>φαῖς,</strong></span> <span class='ocrx_word' id='word_1_44' title='bbox 644 939 705 992; x_wconf 85' lang='grc' dir='ltr'><strong>οὐ</strong></span> <span class='ocrx_word' id='word_1_45' title='bbox 734 942 857 1003; x_wconf 89' lang='grc' dir='ltr'><strong>ταῖς</strong></span> <span class='ocrx_word' id='word_1_46' title='bbox 885 937 1075 1001; x_wconf 83' lang='grc' dir='ltr'><strong>ἄλλαις</strong></span> <span class='ocrx_word' id='word_1_47' title='bbox 1105 936 1415 1002; x_wconf 89' lang='grc' dir='ltr'><strong>δυσκολίαις</strong></span> <span class='ocrx_word' id='word_1_48' title='bbox 1442 939 1538 992; x_wconf 75' lang='grc' dir='ltr'><strong>καὶ</strong></span> <span class='ocrx_word' id='word_1_49' title='bbox 1590 936 1945 1010; x_wconf 75' lang='grc' dir='ltr'><strong>μοχθηρίαις,</strong></span> <span class='ocrx_word' id='word_1_50' title='bbox 1988 937 2127 992; x_wconf 89' lang='grc' dir='ltr'><strong>ἀλλά</strong></span> 
     </span>
    </p>
   </div>
   <div class='ocr_carea' id='block_1_8' title="bbox 443 1023 2129 1099">
    <p class='ocr_par' dir='ltr' id='par_1_8' title="bbox 443 1023 2129 1099">
     <span class='ocr_line' id='line_1_8' title="bbox 443 1023 2129 1099; baseline 0.001 -20"><span class='ocrx_word' id='word_1_51' title='bbox 443 1027 513 1098; x_wconf 76' lang='grc' dir='ltr'><strong>τῇ</strong></span> <span class='ocrx_word' id='word_1_52' title='bbox 545 1025 821 1099; x_wconf 79' lang='grc' dir='ltr'><strong>ἁγιωσύνῃ</strong></span> <span class='ocrx_word' id='word_1_53' title='bbox 849 1029 917 1098; x_wconf 77' lang='grc' dir='ltr'><strong>τῇ</strong></span> <span class='ocrx_word' id='word_1_54' title='bbox 964 1024 1108 1081; x_wconf 86' lang='grc' dir='ltr'><strong>κατά</strong></span> <span class='ocrx_word' id='word_1_55' title='bbox 1154 1023 1315 1097; x_wconf 88' lang='grc' dir='ltr'><strong>σῶμα</strong></span> <span class='ocrx_word' id='word_1_56' title='bbox 1361 1024 1459 1080; x_wconf 77' lang='grc' dir='ltr'><strong>καὶ</strong></span> <span class='ocrx_word' id='word_1_57' title='bbox 1505 1026 1648 1080; x_wconf 87' lang='grc' dir='ltr'><strong>κατά</strong></span> <span class='ocrx_word' id='word_1_58' title='bbox 1678 1024 1919 1097; x_wconf 87' lang='grc' dir='ltr'><strong>πνεῦμα.</strong></span> <span class='ocrx_word' id='word_1_59' title='bbox 1962 1025 2027 1081; x_wconf 83' lang='grc' dir='ltr'>Ἡ</span> <span class='ocrx_word' id='word_1_60' title='bbox 2057 1024 2129 1080; x_wconf 83' lang='grc' dir='ltr'><strong>δὲ</strong></span> 
     </span>
    </p>
   </div>
   <div class='ocr_carea' id='block_1_9' title="bbox 448 1110 2124 1186">
    <p class='ocr_par' dir='ltr' id='par_1_9' title="bbox 448 1110 2124 1186">
     <span class='ocr_line' id='line_1_9' title="bbox 448 1110 2124 1186; baseline 0 -17"><span class='ocrx_word' id='word_1_61' title='bbox 448 1114 779 1184; x_wconf 78' lang='grc' dir='ltr'><strong>γαμήσασα</strong></span> <span class='ocrx_word' id='word_1_62' title='bbox 800 1115 852 1181; x_wconf 68' lang='grc'><strong>1),</strong></span> <span class='ocrx_word' id='word_1_63' title='bbox 881 1114 1049 1186; x_wconf 81' lang='grc' dir='ltr'><strong>φησὶ,</strong></span> <span class='ocrx_word' id='word_1_64' title='bbox 1101 1112 1361 1185; x_wconf 79' lang='grc' dir='ltr'><strong>μεριμνᾷ</strong></span> <span class='ocrx_word' id='word_1_65' title='bbox 1400 1112 1528 1180; x_wconf 85' lang='grc' dir='ltr'><strong>πῶς</strong></span> <span class='ocrx_word' id='word_1_66' title='bbox 1560 1111 1767 1183; x_wconf 81' lang='grc' dir='ltr'><strong>ἁρέσει</strong></span> <span class='ocrx_word' id='word_1_67' title='bbox 1814 1110 1897 1179; x_wconf 80' lang='grc' dir='ltr'><strong>τῷ</strong></span> <span class='ocrx_word' id='word_1_68' title='bbox 1927 1113 2124 1183; x_wconf 79' lang='grc' dir='ltr'><strong>ἀνδρί.</strong></span> 
     </span>
    </p>
   </div>
   <div class='ocr_carea' id='block_1_10' title="bbox 454 1197 2125 1274">
    <p class='ocr_par' dir='ltr' id='par_1_10' title="bbox 454 1197 2125 1274">
     <span class='ocr_line' id='line_1_10' title="bbox 454 1197 2125 1274; baseline 0.001 -20"><span class='ocrx_word' id='word_1_69' title='bbox 454 1200 668 1274; x_wconf 80' lang='grc' dir='ltr'>Σφόδρα</span> <span class='ocrx_word' id='word_1_70' title='bbox 703 1203 941 1267; x_wconf 81' lang='grc' dir='ltr'><strong>συνετῶς</strong></span> <span class='ocrx_word' id='word_1_71' title='bbox 970 1202 1072 1258; x_wconf 90' lang='grc' dir='ltr'><strong>οὑκ</strong></span> <span class='ocrx_word' id='word_1_72' title='bbox 1118 1197 1286 1274; x_wconf 77' lang='grc' dir='ltr'><strong>ἦλθεν</strong></span> <span class='ocrx_word' id='word_1_73' title='bbox 1327 1201 1424 1255; x_wconf 63' lang='grc' dir='ltr'><strong>ἐπὶ⁵</strong></span> <span class='ocrx_word' id='word_1_74' title='bbox 1468 1202 1570 1272; x_wconf 82' lang='grc' dir='ltr'><strong>τὴν</strong></span> <span class='ocrx_word' id='word_1_75' title='bbox 1616 1200 1729 1254; x_wconf 90' lang='grc' dir='ltr'><strong>τῶν</strong></span> <span class='ocrx_word' id='word_1_76' title='bbox 1780 1201 2125 1274; x_wconf 80' lang='grc' dir='ltr'><strong>πραγμάτων</strong></span> 
     </span>
    </p>
   </div>
   <div class='ocr_carea' id='block_1_11' title="bbox 390 1285 2126 1359">
    <p class='ocr_par' dir='ltr' id='par_1_11' title="bbox 390 1285 2126 1359">
     <span class='ocr_line' id='line_1_11' title="bbox 390 1285 2126 1359; baseline 0 -17"><span class='ocrx_word' id='word_1_77' title='bbox 390 1338 404 1351; x_wconf 78' lang='grc'><strong>,</strong></span> <span class='ocrx_word' id='word_1_78' title='bbox 444 1288 623 1343; x_wconf 90' lang='grc' dir='ltr'><strong>αὑτῶν</strong></span> <span class='ocrx_word' id='word_1_79' title='bbox 700 1289 971 1354; x_wconf 81' lang='grc' dir='ltr'><strong>ἐξέτασιν,</strong></span> <span class='ocrx_word' id='word_1_80' title='bbox 1023 1290 1146 1344; x_wconf 78' lang='grc' dir='ltr'><strong>οὐδὲ</strong></span> <span class='ocrx_word' id='word_1_81' title='bbox 1190 1285 1345 1344; x_wconf 73' lang='grc' dir='ltr'><strong>εἶπεν</strong></span> <span class='ocrx_word' id='word_1_82' title='bbox 1392 1290 1494 1343; x_wconf 85' lang='grc' dir='ltr'><strong>ὅσα</strong></span> <span class='ocrx_word' id='word_1_83' title='bbox 1546 1289 1815 1359; x_wconf 84' lang='grc' dir='ltr'><strong>πάσχουσι</strong></span> <span class='ocrx_word' id='word_1_84' title='bbox 1871 1291 2126 1358; x_wconf 83' lang='grc' dir='ltr'><strong>γυναῖκες</strong></span> 
     </span>
    </p>
   </div>
   <div class='ocr_carea' id='block_1_12' title="bbox 444 1374 2125 1449">
    <p class='ocr_par' dir='ltr' id='par_1_12' title="bbox 444 1374 2125 1449">
     <span class='ocr_line' id='line_1_12' title="bbox 444 1374 2125 1449; baseline -0.004 -14"><span class='ocrx_word' id='word_1_85' title='bbox 444 1376 585 1448; x_wconf 78' lang='grc' dir='ltr'><strong>ὑπὲρ</strong></span> <span class='ocrx_word' id='word_1_86' title='bbox 636 1376 738 1448; x_wconf 85' lang='grc' dir='ltr'><strong>τῆς</strong></span> <span class='ocrx_word' id='word_1_87' title='bbox 769 1377 850 1441; x_wconf 85' lang='grc' dir='ltr'><strong>είς</strong></span> <span class='ocrx_word' id='word_1_88' title='bbox 890 1377 1021 1442; x_wconf 81' lang='grc' dir='ltr'><strong>τοὺς</strong></span> <span class='ocrx_word' id='word_1_89' title='bbox 1066 1376 1266 1449; x_wconf 81' lang='grc' dir='ltr'><strong>ἀνδρας</strong></span> <span class='ocrx_word' id='word_1_90' title='bbox 1310 1376 1606 1448; x_wconf 79' lang='grc' dir='ltr'><strong>ἀρεσκείας</strong></span> <span class='ocrx_word' id='word_1_91' title='bbox 1654 1377 1751 1430; x_wconf 73' lang='grc' dir='ltr'><strong>καὶ</strong></span> <span class='ocrx_word' id='word_1_92' title='bbox 1779 1374 1861 1447; x_wconf 82' lang='grc' dir='ltr'><strong>τῷ</strong></span> <span class='ocrx_word' id='word_1_93' title='bbox 1910 1375 2125 1447; x_wconf 88' lang='grc' dir='ltr'><strong>σώματι</strong></span> 
     </span>
    </p>
   </div>
   <div class='ocr_carea' id='block_1_13' title="bbox 441 1463 2125 1537">
    <p class='ocr_par' dir='ltr' id='par_1_13' title="bbox 441 1463 2125 1537">
     <span class='ocr_line' id='line_1_13' title="bbox 441 1463 2125 1537; baseline 0.001 -20"><span class='ocrx_word' id='word_1_94' title='bbox 441 1463 539 1519; x_wconf 72' lang='grc' dir='ltr'><strong>καὶ</strong></span> <span class='ocrx_word' id='word_1_95' title='bbox 576 1467 644 1537; x_wconf 80' lang='grc' dir='ltr'><strong>τῇ</strong></span> <span class='ocrx_word' id='word_1_96' title='bbox 675 1465 860 1537; x_wconf 76' lang='grc' dir='ltr'><strong>ψυχῇ,</strong></span> <span class='ocrx_word' id='word_1_97' title='bbox 902 1465 966 1520; x_wconf 86' lang='grc' dir='ltr'><strong>τδ</strong></span> <span class='ocrx_word' id='word_1_98' title='bbox 1007 1466 1106 1537; x_wconf 81' lang='grc' dir='ltr'><strong>μὲν</strong></span> <span class='ocrx_word' id='word_1_99' title='bbox 1150 1465 1537 1537; x_wconf 83' lang='grc' dir='ltr'><strong>βασανίζουσαι</strong></span> <span class='ocrx_word' id='word_1_100' title='bbox 1568 1465 1666 1520; x_wconf 78' lang='grc' dir='ltr'><strong>καὶ</strong></span> <span class='ocrx_word' id='word_1_101' title='bbox 1719 1464 1984 1520; x_wconf 87' lang='grc' dir='ltr'><strong>κονιῶσαι</strong></span> <span class='ocrx_word' id='word_1_102' title='bbox 2029 1465 2125 1520; x_wconf 75' lang='grc' dir='ltr'><strong>καὶ</strong></span> 
     </span>
    </p>
   </div>
   <div class='ocr_carea' id='block_1_14' title="bbox 441 1552 2123 1626">
    <p class='ocr_par' dir='ltr' id='par_1_14' title="bbox 441 1552 2123 1626">
     <span class='ocr_line' id='line_1_14' title="bbox 441 1552 2123 1626; baseline 0.001 -21"><span class='ocrx_word' id='word_1_103' title='bbox 441 1552 657 1624; x_wconf 79' lang='grc' dir='ltr'><strong>ἑτέραις</strong></span> <span class='ocrx_word' id='word_1_104' title='bbox 696 1553 953 1608; x_wconf 86' lang='grc' dir='ltr'><strong>κολάσεσι</strong></span> <span class='ocrx_word' id='word_1_105' title='bbox 992 1554 1443 1623; x_wconf 84' lang='grc' dir='ltr'><strong>κατατείνουσαι,</strong></span> <span class='ocrx_word' id='word_1_106' title='bbox 1480 1555 1581 1626; x_wconf 81' lang='grc' dir='ltr'><strong>τήν</strong></span> <span class='ocrx_word' id='word_1_107' title='bbox 1623 1554 1682 1609; x_wconf 81' lang='grc' dir='ltr'><strong>δὲ</strong></span> <span class='ocrx_word' id='word_1_108' title='bbox 1719 1552 2123 1626; x_wconf 89' lang='grc' dir='ltr'><strong>ἀνελευθερίας,</strong></span> 
     </span>
    </p>
   </div>
   <div class='ocr_carea' id='block_1_15' title="bbox 441 1639 2122 1714">
    <p class='ocr_par' dir='ltr' id='par_1_15' title="bbox 441 1639 2122 1714">
     <span class='ocr_line' id='line_1_15' title="bbox 441 1639 2122 1714; baseline 0.001 -20"><span class='ocrx_word' id='word_1_109' title='bbox 441 1639 768 1707; x_wconf 84' lang='grc' dir='ltr'><strong>κολακείας,</strong></span> <span class='ocrx_word' id='word_1_110' title='bbox 816 1641 1188 1713; x_wconf 84' lang='grc' dir='ltr'><strong>ὑποκρίσεως,</strong></span> <span class='ocrx_word' id='word_1_111' title='bbox 1230 1642 1627 1714; x_wconf 78' lang='grc' dir='ltr'><strong>μικροψυχίας,</strong></span> <span class='ocrx_word' id='word_1_112' title='bbox 1674 1642 1975 1714; x_wconf 85' lang='grc' dir='ltr'><strong>φροντίδων</strong></span> <span class='ocrx_word' id='word_1_113' title='bbox 2021 1659 2122 1697; x_wconf 89' lang='grc' dir='ltr'><strong>πε-</strong></span> 
     </span>
    </p>
   </div>
   <div class='ocr_carea' id='block_1_16' title="bbox 443 1727 2124 1804">
    <p class='ocr_par' dir='ltr' id='par_1_16' title="bbox 443 1727 2124 1804">
     <span class='ocr_line' id='line_1_16' title="bbox 443 1727 2124 1804; baseline 0.002 -21"><span class='ocrx_word' id='word_1_114' title='bbox 443 1727 643 1801; x_wconf 88' lang='grc' dir='ltr'><strong>ριττῶν</strong></span> <span class='ocrx_word' id='word_1_115' title='bbox 672 1728 765 1783; x_wconf 74' lang='grc' dir='ltr'><strong>καὶ</strong></span> <span class='ocrx_word' id='word_1_116' title='bbox 793 1729 1067 1803; x_wconf 83' lang='grc' dir='ltr'><strong>ἀνονήτων</strong></span> <span class='ocrx_word' id='word_1_117' title='bbox 1095 1728 1430 1804; x_wconf 86' lang='grc' dir='ltr'><strong>πληροῦσαι·</strong></span> <span class='ocrx_word' id='word_1_118' title='bbox 1461 1729 1599 1784; x_wconf 88' lang='grc' dir='ltr'><strong>ἀλλά</strong></span> <span class='ocrx_word' id='word_1_119' title='bbox 1628 1731 1730 1802; x_wconf 75' lang='grc' dir='ltr'><strong>μιᾷ</strong></span> <span class='ocrx_word' id='word_1_120' title='bbox 1757 1730 1914 1804; x_wconf 80' lang='grc' dir='ltr'><strong>ῥήσει</strong></span> <span class='ocrx_word' id='word_1_121' title='bbox 1945 1730 2124 1786; x_wconf 83' lang='grc' dir='ltr'><strong>πάντα</strong></span> 
     </span>
    </p>
   </div>
   <div class='ocr_carea' id='block_1_17' title="bbox 440 1814 2124 1889">
    <p class='ocr_par' dir='ltr' id='par_1_17' title="bbox 440 1814 2124 1889">
     <span class='ocr_line' id='line_1_17' title="bbox 440 1814 2124 1889; baseline 0.002 -20"><span class='ocrx_word' id='word_1_122' title='bbox 440 1814 613 1870; x_wconf 88' lang='grc' dir='ltr'><strong>ταῦτα</strong></span> <span class='ocrx_word' id='word_1_123' title='bbox 659 1814 1004 1887; x_wconf 83' lang='grc' dir='ltr'><strong>αίνιξάμενος</strong></span> <span class='ocrx_word' id='word_1_124' title='bbox 1031 1827 1055 1857; x_wconf 82' lang='grc' dir='ltr'><strong>ο</strong></span> <span class='ocrx_word' id='word_1_125' title='bbox 1089 1817 1276 1888; x_wconf 83' lang='grc' dir='ltr'><strong>ἀφῆκε</strong></span> <span class='ocrx_word' id='word_1_126' title='bbox 1324 1817 1402 1889; x_wconf 85' lang='grc' dir='ltr'><strong>τῷ</strong></span> <span class='ocrx_word' id='word_1_127' title='bbox 1437 1817 1700 1874; x_wconf 85' lang='grc' dir='ltr'><strong>συνειδότι</strong></span> <span class='ocrx_word' id='word_1_128' title='bbox 1750 1817 1862 1872; x_wconf 89' lang='grc' dir='ltr'><strong>τῶν</strong></span> <span class='ocrx_word' id='word_1_129' title='bbox 1895 1818 2124 1874; x_wconf 85' lang='grc' dir='ltr'><strong>ἀκουόν-</strong></span> 
     </span>
    </p>
   </div>
   <div class='ocr_carea' id='block_1_18' title="bbox 438 1902 2121 1976">
    <p class='ocr_par' dir='ltr' id='par_1_18' title="bbox 438 1902 2121 1976">
     <span class='ocr_line' id='line_1_18' title="bbox 438 1902 2121 1976; baseline 0.002 -21"><span class='ocrx_word' id='word_1_130' title='bbox 438 1918 548 1956; x_wconf 88' lang='grc' dir='ltr'><strong>των</strong></span> <span class='ocrx_word' id='word_1_131' title='bbox 580 1902 721 1958; x_wconf 79' lang='grc' dir='ltr'><strong>αὑτὰ</strong></span> <span class='ocrx_word' id='word_1_132' title='bbox 749 1903 1173 1973; x_wconf 87' lang='grc' dir='ltr'><strong>άναλογίσασθαι</strong></span> <span class='ocrx_word' id='word_1_133' title='bbox 1193 1921 1207 1936; x_wconf 88' lang='grc'><strong>·</strong></span> <span class='ocrx_word' id='word_1_134' title='bbox 1241 1904 1334 1959; x_wconf 74' lang='grc' dir='ltr'><strong>καὶ</strong></span> <span class='ocrx_word' id='word_1_135' title='bbox 1362 1904 1542 1972; x_wconf 82' lang='grc' dir='ltr'><strong>δείξας</strong></span> <span class='ocrx_word' id='word_1_136' title='bbox 1574 1904 1719 1960; x_wconf 73' lang='grc' dir='ltr'><strong>οὕτω</strong></span> <span class='ocrx_word' id='word_1_137' title='bbox 1761 1906 1861 1976; x_wconf 79' lang='grc' dir='ltr'><strong>τῆς</strong></span> <span class='ocrx_word' id='word_1_138' title='bbox 1911 1904 2121 1976; x_wconf 87' lang='grc' dir='ltr'><strong>παρθε-</strong></span> 
     </span>
    </p>
   </div>
   <div class='ocr_carea' id='block_1_19' title="bbox 438 1989 2123 2065">
    <p class='ocr_par' dir='ltr' id='par_1_19' title="bbox 438 1989 2123 2065">
     <span class='ocr_line' id='line_1_19' title="bbox 438 1989 2123 2065; baseline 0.001 -20"><span class='ocrx_word' id='word_1_139' title='bbox 438 1989 557 2054; x_wconf 85' lang='grc' dir='ltr'><strong>νίας</strong></span> <span class='ocrx_word' id='word_1_140' title='bbox 582 1991 684 2063; x_wconf 83' lang='grc' dir='ltr'><strong>τὴν</strong></span> <span class='ocrx_word' id='word_1_141' title='bbox 714 1992 1010 2064; x_wconf 78' lang='grc' dir='ltr'><strong>ὑπεροχὴν,</strong></span> <span class='ocrx_word' id='word_1_142' title='bbox 1036 1992 1132 2046; x_wconf 67' lang='grc' dir='ltr'><strong>καὶ</strong></span> <span class='ocrx_word' id='word_1_143' title='bbox 1158 1991 1298 2065; x_wconf 84' lang='grc' dir='ltr'><strong>πρὸς</strong></span> <span class='ocrx_word' id='word_1_144' title='bbox 1325 1992 1490 2047; x_wconf 82' lang='grc' dir='ltr'><strong>αὑτὸν</strong></span> <span class='ocrx_word' id='word_1_145' title='bbox 1518 1993 1659 2064; x_wconf 82' lang='grc' dir='ltr'><strong>ἄρας</strong></span> <span class='ocrx_word' id='word_1_146' title='bbox 1700 1991 1871 2065; x_wconf 80' lang='grc' dir='ltr'><strong>αὑτήν</strong></span> <span class='ocrx_word' id='word_1_147' title='bbox 1911 1992 2005 2047; x_wconf 79' lang='grc' dir='ltr'><strong>τὸν</strong></span> <span class='ocrx_word' id='word_1_148' title='bbox 2031 1993 2123 2047; x_wconf 82' lang='grc' dir='ltr'><strong>οὑ-</strong></span> 
     </span>
    </p>
   </div>
   <div class='ocr_carea' id='block_1_20' title="bbox 440 2076 2122 2152">
    <p class='ocr_par' dir='ltr' id='par_1_20' title="bbox 440 2076 2122 2152">
     <span class='ocr_line' id='line_1_20' title="bbox 440 2076 2122 2152; baseline 0.001 -19"><span class='ocrx_word' id='word_1_149' title='bbox 440 2076 625 2150; x_wconf 70' lang='grc' dir='ltr'><strong>ρανδν,</strong></span> <span class='ocrx_word' id='word_1_150' title='bbox 655 2080 819 2134; x_wconf 85' lang='grc' dir='ltr'><strong>πάλιν</strong></span> <span class='ocrx_word' id='word_1_151' title='bbox 859 2079 1216 2152; x_wconf 81' lang='grc' dir='ltr'><strong>μετατίθησιν</strong></span> <span class='ocrx_word' id='word_1_152' title='bbox 1260 2081 1357 2134; x_wconf 79' lang='grc' dir='ltr'><strong>ἐπὶ</strong></span> <span class='ocrx_word' id='word_1_153' title='bbox 1393 2078 1496 2152; x_wconf 82' lang='grc' dir='ltr'><strong>τὴν</strong></span> <span class='ocrx_word' id='word_1_154' title='bbox 1531 2080 1629 2133; x_wconf 89' lang='grc' dir='ltr'><strong>τοῦ</strong></span> <span class='ocrx_word' id='word_1_155' title='bbox 1675 2080 1860 2152; x_wconf 84' lang='grc' dir='ltr'><strong>γάμου</strong></span> <span class='ocrx_word' id='word_1_156' title='bbox 1906 2079 2122 2151; x_wconf 88' lang='grc' dir='ltr'><strong>συγχώ-</strong></span> 
     </span>
    </p>
   </div>
   <div class='ocr_carea' id='block_1_21' title="bbox 441 2167 2122 2241">
    <p class='ocr_par' dir='ltr' id='par_1_21' title="bbox 441 2167 2122 2241">
     <span class='ocr_line' id='line_1_21' title="bbox 441 2167 2122 2241; baseline 0.002 -21"><span class='ocrx_word' id='word_1_157' title='bbox 441 2183 599 2239; x_wconf 89' lang='grc' dir='ltr'><strong>ρησιν</strong></span> <span class='ocrx_word' id='word_1_158' title='bbox 624 2167 720 2223; x_wconf 79' lang='grc' dir='ltr'><strong>τὸν</strong></span> <span class='ocrx_word' id='word_1_159' title='bbox 748 2168 928 2237; x_wconf 91' lang='grc' dir='ltr'><strong>λόγον,</strong></span> <span class='ocrx_word' id='word_1_160' title='bbox 962 2167 1238 2239; x_wconf 77' lang='grc' dir='ltr'><strong>πανταχοῦ</strong></span> <span class='ocrx_word' id='word_1_161' title='bbox 1271 2167 1527 2232; x_wconf 83' lang='grc' dir='ltr'><strong>δεδοικὼς</strong></span> <span class='ocrx_word' id='word_1_162' title='bbox 1566 2168 1642 2240; x_wconf 87' lang='grc' dir='ltr'><strong>μή</strong></span> <span class='ocrx_word' id='word_1_163' title='bbox 1676 2185 1762 2233; x_wconf 88' lang='grc' dir='ltr'><strong>τις</strong></span> <span class='ocrx_word' id='word_1_164' title='bbox 1787 2168 1850 2222; x_wconf 83' lang='grc' dir='ltr'><strong>τδ</strong></span> <span class='ocrx_word' id='word_1_165' title='bbox 1883 2170 2122 2241; x_wconf 76' lang='grc' dir='ltr'><strong>πρᾶγμα</strong></span> 
     </span>
    </p>
   </div>
   <div class='ocr_carea' id='block_1_22' title="bbox 436 2249 2127 2329">
    <p class='ocr_par' dir='ltr' id='par_1_22' title="bbox 436 2249 2127 2329">
     <span class='ocr_line' id='line_1_22' title="bbox 436 2249 2127 2329; baseline 0.001 -24"><span class='ocrx_word' id='word_1_166' title='bbox 436 2253 720 2327; x_wconf 76' lang='grc' dir='ltr'><strong>ἐπίταγμα</strong></span> <span class='ocrx_word' id='word_1_167' title='bbox 747 2249 890 2309; x_wconf 77' lang='grc' dir='ltr'><strong>εἶναι</strong></span> <span class='ocrx_word' id='word_1_168' title='bbox 914 2253 1134 2329; x_wconf 72' lang='grc' dir='ltr'><strong>νομίζῃ.</strong></span> <span class='ocrx_word' id='word_1_169' title='bbox 1161 2254 1364 2327; x_wconf 83' lang='grc' dir='ltr'><strong>Διόπερ</strong></span> <span class='ocrx_word' id='word_1_170' title='bbox 1392 2254 1515 2308; x_wconf 78' lang='grc' dir='ltr'><strong>οὑδὲ</strong></span> <span class='ocrx_word' id='word_1_171' title='bbox 1550 2254 1798 2326; x_wconf 76' lang='grc' dir='ltr'><strong>ἠρκέσθη</strong></span> <span class='ocrx_word' id='word_1_172' title='bbox 1823 2258 1947 2318; x_wconf 86' lang='grc' dir='ltr'><strong>ταῖς</strong></span> <span class='ocrx_word' id='word_1_173' title='bbox 1984 2271 2127 2327; x_wconf 74' lang='grc' dir='ltr'><strong>προ-</strong></span> 
     </span>
    </p>
   </div>
   <div class='ocr_carea' id='block_1_23' title="bbox 436 2339 2119 2414">
    <p class='ocr_par' dir='ltr' id='par_1_23' title="bbox 436 2339 2119 2414">
     <span class='ocr_line' id='line_1_23' title="bbox 436 2339 2119 2414; baseline 0.002 -20"><span class='ocrx_word' id='word_1_174' title='bbox 436 2339 626 2413; x_wconf 82' lang='grc' dir='ltr'><strong>τέραις</strong></span> <span class='ocrx_word' id='word_1_175' title='bbox 659 2340 1066 2414; x_wconf 85' lang='grc' dir='ltr'><strong>παραινέσεσιν,</strong></span> <span class='ocrx_word' id='word_1_176' title='bbox 1112 2340 1228 2396; x_wconf 77' lang='grc' dir='ltr'><strong>ἀλλ’</strong></span> <span class='ocrx_word' id='word_1_177' title='bbox 1267 2343 1476 2397; x_wconf 73' lang='grc' dir='ltr'><strong>εἰπών’</strong></span> <span class='ocrx_word' id='word_1_178' title='bbox 1530 2341 1855 2414; x_wconf 63' lang='grc' dir='ltr'><strong>Ἐπιτιιηήν</strong></span> <span class='ocrx_word' id='word_1_179' title='bbox 1889 2340 2119 2411; x_wconf 81' lang='grc' dir='ltr'><strong>Κυρίου</strong></span> 
     </span>
    </p>
   </div>
   <div class='ocr_carea' id='block_1_24' title="bbox 436 2431 2115 2506">
    <p class='ocr_par' dir='ltr' id='par_1_24' title="bbox 436 2431 2115 2506">
     <span class='ocr_line' id='line_1_24' title="bbox 436 2431 2115 2506; baseline 0.002 -19"><span class='ocrx_word' id='word_1_180' title='bbox 436 2433 551 2487; x_wconf 87' lang='grc' dir='ltr'><strong>οὐκ</strong></span> <span class='ocrx_word' id='word_1_181' title='bbox 580 2431 730 2504; x_wconf 72' lang='grc' dir='ltr'><strong>ἔχω’</strong></span> <span class='ocrx_word' id='word_1_182' title='bbox 762 2433 878 2499; x_wconf 74' lang='grc' dir='ltr'><strong>καὶ,</strong></span> <span class='ocrx_word' id='word_1_183' title='bbox 919 2432 1056 2489; x_wconf 82' lang='grc' dir='ltr'><strong>Ἐὰν</strong></span> <span class='ocrx_word' id='word_1_184' title='bbox 1087 2432 1249 2506; x_wconf 73' lang='grc' dir='ltr'><strong>γήμῃ</strong></span> <span class='ocrx_word' id='word_1_185' title='bbox 1286 2433 1325 2503; x_wconf 76' lang='grc' dir='ltr'><strong><em>ἠ</em></strong></span> <span class='ocrx_word' id='word_1_186' title='bbox 1361 2433 1685 2504; x_wconf 81' lang='grc' dir='ltr'><strong>παρθένος,</strong></span> <span class='ocrx_word' id='word_1_187' title='bbox 1720 2436 1835 2505; x_wconf 80' lang='grc' dir='ltr'><strong>οὐχ</strong></span> <span class='ocrx_word' id='word_1_188' title='bbox 1868 2434 2115 2505; x_wconf 80' lang='grc' dir='ltr'><strong>ἥμαρτε,</strong></span> 
     </span>
    </p>
   </div>
   <div class='ocr_carea' id='block_1_25' title="bbox 437 2521 2106 2597">
    <p class='ocr_par' dir='ltr' id='par_1_25' title="bbox 437 2521 2106 2597">
     <span class='ocr_line' id='line_1_25' title="bbox 437 2521 2106 2597; baseline 0.004 -20"><span class='ocrx_word' id='word_1_189' title='bbox 437 2521 603 2577; x_wconf 86' lang='grc' dir='ltr'><strong>πάλιν</strong></span> <span class='ocrx_word' id='word_1_190' title='bbox 624 2521 862 2578; x_wconf 86' lang='grc' dir='ltr'><strong>ἐνταῦθά</strong></span> <span class='ocrx_word' id='word_1_191' title='bbox 890 2540 1077 2597; x_wconf 90' lang='grc' dir='ltr'><strong>φησιν,</strong></span> <span class='ocrx_word' id='word_1_192' title='bbox 1098 2526 1222 2595; x_wconf 82' lang='grc' dir='ltr'><strong>Οὐχ</strong></span> <span class='ocrx_word' id='word_1_193' title='bbox 1240 2525 1343 2580; x_wconf 80' lang='grc' dir='ltr'><strong>ἵνα</strong></span> <span class='ocrx_word' id='word_1_194' title='bbox 1360 2525 1597 2595; x_wconf 81' lang='grc' dir='ltr'><strong>βρόχον</strong></span> <span class='ocrx_word' id='word_1_195' title='bbox 1610 2524 1755 2596; x_wconf 82' lang='grc' dir='ltr'><strong>ὑμῖν</strong></span> <span class='ocrx_word' id='word_1_196' title='bbox 1773 2526 2062 2583; x_wconf 71' lang='grc' dir='ltr'><strong>ἐπιϐάλω.</strong></span> <span class='ocrx_word' id='word_1_197' title='bbox 2099 2555 2106 2567; x_wconf 87' lang='grc'><strong>·</strong></span> 
     </span>
    </p>
   </div>
   <div class='ocr_carea' id='block_1_26' title="bbox 466 2606 2118 2685">
    <p class='ocr_par' dir='ltr' id='par_1_26' title="bbox 466 2606 2118 2685">
     <span class='ocr_line' id='line_1_26' title="bbox 466 2606 2118 2685; baseline 0.003 -20"><span class='ocrx_word' id='word_1_198' title='bbox 466 2670 469 2673; x_wconf 28' lang='grc' dir='ltr'><strong><em>ν</em></strong></span> <span class='ocrx_word' id='word_1_199' title='bbox 504 2611 644 2679; x_wconf 71' lang='grc' dir='ltr'><strong>οςν.</strong></span> <span class='ocrx_word' id='word_1_200' title='bbox 689 2610 863 2685; x_wconf 83' lang='grc' dir='ltr'><strong>Ὑπὲρ</strong></span> <span class='ocrx_word' id='word_1_201' title='bbox 888 2606 950 2668; x_wconf 79' lang='grc' dir='ltr'><strong>οὑ</strong></span> <span class='ocrx_word' id='word_1_202' title='bbox 977 2612 1075 2666; x_wconf 74' lang='grc' dir='ltr'><strong>καὶ</strong></span> <span class='ocrx_word' id='word_1_203' title='bbox 1097 2611 1480 2685; x_wconf 79' lang='grc' dir='ltr'><strong>διαπορήσειεν</strong></span> <span class='ocrx_word' id='word_1_204' title='bbox 1502 2612 1569 2668; x_wconf 82' lang='grc' dir='ltr'><strong>ἀν</strong></span> <span class='ocrx_word' id='word_1_205' title='bbox 1600 2631 1687 2679; x_wconf 90' lang='grc' dir='ltr'><strong>τις</strong></span> <span class='ocrx_word' id='word_1_206' title='bbox 1713 2615 1971 2681; x_wconf 80' lang='grc' dir='ltr'><strong>εἰκότως,</strong></span> <span class='ocrx_word' id='word_1_207' title='bbox 2000 2615 2118 2682; x_wconf 89' lang='grc' dir='ltr'><strong>πῶς</strong></span> 
     </span>
    </p>
   </div>
   <div class='ocr_carea' id='block_1_27' title="bbox 435 2696 2117 2774">
    <p class='ocr_par' dir='ltr' id='par_1_27' title="bbox 435 2696 2117 2774">
     <span class='ocr_line' id='line_1_27' title="bbox 435 2696 2117 2774; baseline 0.004 -22"><span class='ocrx_word' id='word_1_208' title='bbox 435 2696 697 2771; x_wconf 80' lang='grc' dir='ltr'><strong>ἀνωτέρω</strong></span> <span class='ocrx_word' id='word_1_209' title='bbox 728 2698 884 2755; x_wconf 88' lang='grc' dir='ltr'><strong>λύσιν</strong></span> <span class='ocrx_word' id='word_1_210' title='bbox 904 2700 1124 2772; x_wconf 83' lang='grc' dir='ltr'><strong>δεσμῶν</strong></span> <span class='ocrx_word' id='word_1_211' title='bbox 1157 2700 1222 2757; x_wconf 78' lang='grc' dir='ltr'><strong>τὸ</strong></span> <span class='ocrx_word' id='word_1_212' title='bbox 1258 2701 1495 2773; x_wconf 78' lang='grc' dir='ltr'><strong>πρᾶγμα</strong></span> <span class='ocrx_word' id='word_1_213' title='bbox 1522 2701 1727 2770; x_wconf 81' lang='grc' dir='ltr'><strong>καλῶν,</strong></span> <span class='ocrx_word' id='word_1_214' title='bbox 1761 2704 1858 2759; x_wconf 70' lang='grc' dir='ltr'><strong>καὶ</strong></span> <span class='ocrx_word' id='word_1_215' title='bbox 1886 2703 2025 2774; x_wconf 81' lang='grc' dir='ltr'><strong>πρὸς</strong></span> <span class='ocrx_word' id='word_1_216' title='bbox 2053 2704 2117 2758; x_wconf 83' lang='grc' dir='ltr'><strong>τὸ</strong></span> 
     </span>
    </p>
   </div>
   <div class='ocr_carea' id='block_1_28' title="bbox 438 2784 2117 2860">
    <p class='ocr_par' dir='ltr' id='par_1_28' title="bbox 438 2784 2117 2860">
     <span class='ocr_line' id='line_1_28' title="bbox 438 2784 2117 2860; baseline 0.005 -22"><span class='ocrx_word' id='word_1_217' title='bbox 438 2784 720 2859; x_wconf 79' lang='grc' dir='ltr'><strong>συμφέρον</strong></span> <span class='ocrx_word' id='word_1_218' title='bbox 741 2788 879 2859; x_wconf 84' lang='grc' dir='ltr'><strong>ήμϊν</strong></span> <span class='ocrx_word' id='word_1_219' title='bbox 898 2786 1032 2842; x_wconf 84' lang='grc' dir='ltr'><strong>αὐτὸ</strong></span> <span class='ocrx_word' id='word_1_220' title='bbox 1056 2786 1450 2860; x_wconf 82' lang='grc' dir='ltr'><strong>συμϐουλεύειν</strong></span> <span class='ocrx_word' id='word_1_221' title='bbox 1478 2788 1676 2858; x_wconf 87' lang='grc' dir='ltr'><strong>λέγων,</strong></span> <span class='ocrx_word' id='word_1_222' title='bbox 1701 2790 1799 2844; x_wconf 75' lang='grc' dir='ltr'><strong>καὶ</strong></span> <span class='ocrx_word' id='word_1_223' title='bbox 1825 2790 1913 2846; x_wconf 75' lang='grc' dir='ltr'><strong>ἵνα</strong></span> <span class='ocrx_word' id='word_1_224' title='bbox 1937 2790 2117 2860; x_wconf 57' lang='lat' dir='ltr'><strong>omn,</strong></span> 
     </span>
    </p>
   </div>
   <div class='ocr_carea' id='block_1_29' title="bbox 438 2869 2115 2952">
    <p class='ocr_par' dir='ltr' id='par_1_29' title="bbox 438 2869 2115 2952">
     <span class='ocr_line' id='line_1_29' title="bbox 438 2869 2115 2952; baseline 0.005 -26"><span class='ocrx_word' id='word_1_225' title='bbox 438 2872 515 2944; x_wconf 81' lang='grc' dir='ltr'><strong>μὴ</strong></span> <span class='ocrx_word' id='word_1_226' title='bbox 553 2872 790 2945; x_wconf 75' lang='grc' dir='ltr'><strong>ἔχωμεν,</strong></span> <span class='ocrx_word' id='word_1_227' title='bbox 820 2874 914 2929; x_wconf 73' lang='grc' dir='ltr'><strong>καὶ</strong></span> <span class='ocrx_word' id='word_1_228' title='bbox 951 2875 1038 2930; x_wconf 76' lang='grc' dir='ltr'><strong>ἵνα</strong></span> <span class='ocrx_word' id='word_1_229' title='bbox 1070 2873 1368 2946; x_wconf 83' lang='grc' dir='ltr'><strong>ἀμέριμνοι</strong></span> <span class='ocrx_word' id='word_1_230' title='bbox 1395 2869 1569 2947; x_wconf 75' lang='grc' dir='ltr'><strong>ὦμεν,</strong></span> <span class='ocrx_word' id='word_1_231' title='bbox 1615 2878 1711 2932; x_wconf 81' lang='grc' dir='ltr'><strong>καὶ</strong></span> <span class='ocrx_word' id='word_1_232' title='bbox 1737 2878 1929 2952; x_wconf 81' lang='grc' dir='ltr'><strong>ἐπειδὴ</strong></span> <span class='ocrx_word' id='word_1_233' title='bbox 1961 2877 2115 2951; x_wconf 71' lang='grc'><strong>[529]</strong></span> 
     </span>
    </p>
   </div>
   <div class='ocr_carea' id='block_1_30' title="bbox 434 2959 2117 3033">
    <p class='ocr_par' dir='ltr' id='par_1_30' title="bbox 434 2959 2117 3033">
     <span class='ocr_line' id='line_1_30' title="bbox 434 2959 2117 3033; baseline 0.005 -20"><span class='ocrx_word' id='word_1_234' title='bbox 434 2959 678 3031; x_wconf 83' lang='grc' dir='ltr'><strong>φείδεται</strong></span> <span class='ocrx_word' id='word_1_235' title='bbox 725 2962 903 3033; x_wconf 85' lang='grc' dir='ltr'><strong>ήμῶν,</strong></span> <span class='ocrx_word' id='word_1_236' title='bbox 954 2962 1049 3017; x_wconf 72' lang='grc' dir='ltr'><strong>καὶ</strong></span> <span class='ocrx_word' id='word_1_237' title='bbox 1101 2962 1191 3018; x_wconf 86' lang='grc' dir='ltr'><strong>διά</strong></span> <span class='ocrx_word' id='word_1_238' title='bbox 1241 2961 1449 3018; x_wconf 88' lang='grc' dir='ltr'><strong>τούτων</strong></span> <span class='ocrx_word' id='word_1_239' title='bbox 1498 2964 1759 3020; x_wconf 77' lang='grc' dir='ltr'><strong>ἁπάντων</strong></span> <span class='ocrx_word' id='word_1_240' title='bbox 1803 2966 2020 3031; x_wconf 84' lang='grc' dir='ltr'><strong>δεικνὺς</strong></span> <span class='ocrx_word' id='word_1_241' title='bbox 2055 2966 2117 3021; x_wconf 81' lang='grc' dir='ltr'><strong>τὸ</strong></span> 
     </span>
    </p>
   </div>
   <div class='ocr_carea' id='block_1_31' title="bbox 433 3046 2117 3123">
    <p class='ocr_par' dir='ltr' id='par_1_31' title="bbox 433 3046 2117 3123">
     <span class='ocr_line' id='line_1_31' title="bbox 433 3046 2117 3123; baseline 0.005 -22"><span class='ocrx_word' id='word_1_242' title='bbox 433 3046 636 3118; x_wconf 84' lang='grc' dir='ltr'><strong>κοῦφον</strong></span> <span class='ocrx_word' id='word_1_243' title='bbox 666 3047 830 3103; x_wconf 84' lang='grc' dir='ltr'><strong>αὑτοῦ</strong></span> <span class='ocrx_word' id='word_1_244' title='bbox 874 3050 971 3104; x_wconf 74' lang='grc' dir='ltr'><strong>καὶ</strong></span> <span class='ocrx_word' id='word_1_245' title='bbox 1020 3050 1278 3121; x_wconf 81' lang='grc' dir='ltr'><strong>φορητὸν,</strong></span> <span class='ocrx_word' id='word_1_246' title='bbox 1326 3049 1566 3107; x_wconf 83' lang='grc' dir='ltr'><strong>ἐνταῦθά</strong></span> <span class='ocrx_word' id='word_1_247' title='bbox 1613 3067 1809 3123; x_wconf 85' lang='grc' dir='ltr'><strong>φησιν·</strong></span> <span class='ocrx_word' id='word_1_248' title='bbox 1848 3054 1974 3122; x_wconf 85' lang='grc' dir='ltr'><strong>Οὐχ</strong></span> <span class='ocrx_word' id='word_1_249' title='bbox 2014 3053 2117 3110; x_wconf 79' lang='grc' dir='ltr'><strong>ινα</strong></span> 
     </span>
    </p>
   </div>
   <div class='ocr_carea' id='block_1_32' title="bbox 426 3132 2117 3213">
    <p class='ocr_par' dir='ltr' id='par_1_32' title="bbox 426 3132 2117 3213">
     <span class='ocr_line' id='line_1_32' title="bbox 426 3132 2117 3213; baseline 0.003 -23"><span class='ocrx_word' id='word_1_250' title='bbox 426 3135 666 3207; x_wconf 82' lang='grc' dir='ltr'><strong>,Βρόχον</strong></span> <span class='ocrx_word' id='word_1_251' title='bbox 694 3135 840 3207; x_wconf 79' lang='grc' dir='ltr'><strong>ὑμῖν</strong></span> <span class='ocrx_word' id='word_1_252' title='bbox 869 3137 1168 3204; x_wconf 70' lang='grc' dir='ltr'><strong>ἐπιϐάλω;</strong></span> <span class='ocrx_word' id='word_1_253' title='bbox 1198 3139 1265 3193; x_wconf 87' lang='grc' dir='ltr'><strong>Τί</strong></span> <span class='ocrx_word' id='word_1_254' title='bbox 1297 3132 1393 3193; x_wconf 77' lang='grc' dir='ltr'><strong>οὖν</strong></span> <span class='ocrx_word' id='word_1_255' title='bbox 1428 3139 1614 3207; x_wconf 86' lang='grc' dir='ltr'><strong>ἐστιν;</strong></span> <span class='ocrx_word' id='word_1_256' title='bbox 1645 3140 1722 3194; x_wconf 89' lang='grc' dir='ltr'><strong>Οὑ</strong></span> <span class='ocrx_word' id='word_1_257' title='bbox 1763 3140 1867 3211; x_wconf 83' lang='grc' dir='ltr'><strong>τὴν</strong></span> <span class='ocrx_word' id='word_1_258' title='bbox 1904 3141 2117 3213; x_wconf 87' lang='grc' dir='ltr'><strong>παρθε-</strong></span> 
     </span>
    </p>
   </div>
   <div class='ocr_carea' id='block_1_33' title="bbox 432 3225 2116 3303">
    <p class='ocr_par' dir='ltr' id='par_1_33' title="bbox 432 3225 2116 3303">
     <span class='ocr_line' id='line_1_33' title="bbox 432 3225 2116 3303; baseline 0.003 -23"><span class='ocrx_word' id='word_1_259' title='bbox 432 3225 554 3281; x_wconf 89' lang='grc' dir='ltr'><strong>νίαν</strong></span> <span class='ocrx_word' id='word_1_260' title='bbox 589 3225 782 3299; x_wconf 89' lang='grc' dir='ltr'><strong>βρόχον</strong></span> <span class='ocrx_word' id='word_1_261' title='bbox 830 3227 1118 3284; x_wconf 84' lang='grc' dir='ltr'><strong>ἐκάλεσεν·</strong></span> <span class='ocrx_word' id='word_1_262' title='bbox 1153 3229 1368 3299; x_wconf 78' lang='grc' dir='ltr'><strong>ἄπαγε’</strong></span> <span class='ocrx_word' id='word_1_263' title='bbox 1409 3229 1548 3284; x_wconf 87' lang='grc' dir='ltr'><strong>ἀλλά</strong></span> <span class='ocrx_word' id='word_1_264' title='bbox 1579 3229 1642 3284; x_wconf 80' lang='grc' dir='ltr'><strong>τὸ</strong></span> <span class='ocrx_word' id='word_1_265' title='bbox 1684 3229 1825 3303; x_wconf 86' lang='grc' dir='ltr'><strong>μετά</strong></span> <span class='ocrx_word' id='word_1_266' title='bbox 1859 3230 1981 3302; x_wconf 84' lang='grc' dir='ltr'><strong>βίας</strong></span> <span class='ocrx_word' id='word_1_267' title='bbox 2020 3233 2116 3285; x_wconf 75' lang='grc' dir='ltr'><strong>καὶ</strong></span> 
     </span>
    </p>
   </div>
   <div class='ocr_carea' id='block_1_34' title="bbox 431 3314 2116 3393">
    <p class='ocr_par' dir='ltr' id='par_1_34' title="bbox 431 3314 2116 3393">
     <span class='ocr_line' id='line_1_34' title="bbox 431 3314 2116 3393; baseline 0.005 -25"><span class='ocrx_word' id='word_1_268' title='bbox 431 3314 680 3385; x_wconf 77' lang='grc' dir='ltr'><strong>ἀνάγκης</strong></span> <span class='ocrx_word' id='word_1_269' title='bbox 729 3316 1004 3388; x_wconf 76' lang='grc' dir='ltr'><strong>αἱρεῖσθαι</strong></span> <span class='ocrx_word' id='word_1_270' title='bbox 1052 3317 1212 3373; x_wconf 90' lang='grc' dir='ltr'><strong>τοῦτο</strong></span> <span class='ocrx_word' id='word_1_271' title='bbox 1260 3318 1324 3373; x_wconf 79' lang='grc' dir='ltr'><strong>τὸ</strong></span> <span class='ocrx_word' id='word_1_272' title='bbox 1368 3318 1557 3374; x_wconf 89' lang='grc' dir='ltr'><strong>καλόν.</strong></span> <span class='ocrx_word' id='word_1_273' title='bbox 1606 3320 1720 3374; x_wconf 74' lang='grc' dir='ltr'><strong>Καὶ</strong></span> <span class='ocrx_word' id='word_1_274' title='bbox 1781 3321 1894 3393; x_wconf 77' lang='grc' dir='ltr'><strong>γάρ</strong></span> <span class='ocrx_word' id='word_1_275' title='bbox 1941 3321 2116 3387; x_wconf 73' lang='grc' dir='ltr'><strong>οὕτως</strong></span> 
     </span>
    </p>
   </div>
   <div class='ocr_carea' id='block_1_35' title="bbox 430 3400 2111 3482">
    <p class='ocr_par' dir='ltr' id='par_1_35' title="bbox 430 3400 2111 3482">
     <span class='ocr_line' id='line_1_35' title="bbox 430 3400 2111 3482; baseline 0.007 -29"><span class='ocrx_word' id='word_1_276' title='bbox 430 3401 570 3474; x_wconf 79' lang='grc' dir='ltr'><strong>ἔχει.</strong></span> <span class='ocrx_word' id='word_1_277' title='bbox 616 3400 733 3456; x_wconf 76' lang='grc' dir='ltr'><strong>Πᾶν</strong></span> <span class='ocrx_word' id='word_1_278' title='bbox 761 3403 899 3475; x_wconf 85' lang='grc' dir='ltr'><strong>ὅπερ</strong></span> <span class='ocrx_word' id='word_1_279' title='bbox 946 3403 1014 3460; x_wconf 83' lang='grc' dir='ltr'><strong>ἂν</strong></span> <span class='ocrx_word' id='word_1_280' title='bbox 1048 3404 1368 3478; x_wconf 79' lang='grc' dir='ltr'><strong>βιαζόμενος</strong></span> <span class='ocrx_word' id='word_1_281' title='bbox 1395 3408 1491 3462; x_wconf 79' lang='grc' dir='ltr'><strong>καὶ</strong></span> <span class='ocrx_word' id='word_1_282' title='bbox 1526 3406 1668 3479; x_wconf 84' lang='grc' dir='ltr'><strong>μετά</strong></span> <span class='ocrx_word' id='word_1_283' title='bbox 1711 3404 1807 3463; x_wconf 89' lang='grc' dir='ltr'><strong>τοῦ</strong></span> <span class='ocrx_word' id='word_1_284' title='bbox 1858 3408 1935 3482; x_wconf 84' lang='grc' dir='ltr'><strong>μὴ</strong></span> <span class='ocrx_word' id='word_1_285' title='bbox 1981 3409 2111 3481; x_wconf 82' lang='grc' dir='ltr'><strong>βού·</strong></span> 
     </span>
    </p>
   </div>
   <div class='ocr_carea' id='block_1_36' title="bbox 431 3488 2113 3572">
    <p class='ocr_par' dir='ltr' id='par_1_36' title="bbox 431 3488 2113 3572">
     <span class='ocr_line' id='line_1_36' title="bbox 431 3488 2113 3572; baseline 0.006 -28"><span class='ocrx_word' id='word_1_286' title='bbox 431 3488 623 3544; x_wconf 90' lang='grc' dir='ltr'><strong>λεσθαι</strong></span> <span class='ocrx_word' id='word_1_287' title='bbox 651 3491 1012 3564; x_wconf 88' lang='grc' dir='ltr'><strong>καταδέχηταί</strong></span> <span class='ocrx_word' id='word_1_288' title='bbox 1041 3510 1150 3558; x_wconf 88' lang='grc' dir='ltr'><strong>τις,</strong></span> <span class='ocrx_word' id='word_1_289' title='bbox 1190 3495 1295 3549; x_wconf 78' lang='grc' dir='ltr'><strong>κᾶν</strong></span> <span class='ocrx_word' id='word_1_290' title='bbox 1336 3495 1546 3567; x_wconf 84' lang='grc' dir='ltr'><strong>σφόδρα</strong></span> <span class='ocrx_word' id='word_1_291' title='bbox 1579 3496 1781 3569; x_wconf 89' lang='grc' dir='ltr'><strong>κοῦφον</strong></span> <span class='ocrx_word' id='word_1_292' title='bbox 1803 3492 1863 3572; x_wconf 81' lang='grc' dir='ltr'><strong>ᾖ,</strong></span> <span class='ocrx_word' id='word_1_293' title='bbox 1895 3499 2113 3554; x_wconf 88' lang='grc' dir='ltr'><strong>πάντων</strong></span> 
     </span>
    </p>
   </div>
   <div class='ocr_carea' id='block_1_37' title="bbox 431 3578 2112 3661">
    <p class='ocr_par' dir='ltr' id='par_1_37' title="bbox 431 3578 2112 3661">
     <span class='ocr_line' id='line_1_37' title="bbox 431 3578 2112 3661; baseline 0.006 -30"><span class='ocrx_word' id='word_1_294' title='bbox 431 3578 834 3650; x_wconf 82' lang='grc' dir='ltr'><strong>ἀφορητότερον</strong></span> <span class='ocrx_word' id='word_1_295' title='bbox 884 3580 1116 3648; x_wconf 86' lang='grc' dir='ltr'><strong>γίνεται,</strong></span> <span class='ocrx_word' id='word_1_296' title='bbox 1151 3583 1246 3637; x_wconf 74' lang='grc' dir='ltr'><strong>καὶ</strong></span> <span class='ocrx_word' id='word_1_297' title='bbox 1294 3582 1535 3654; x_wconf 82' lang='grc' dir='ltr'><strong>ἀγχόνης</strong></span> <span class='ocrx_word' id='word_1_298' title='bbox 1579 3585 1966 3661; x_wconf 88' lang='grc' dir='ltr'><strong>χαλεπώτερον</strong></span> <span class='ocrx_word' id='word_1_299' title='bbox 2011 3587 2112 3660; x_wconf 82' lang='grc' dir='ltr'><strong>τὴν</strong></span> 
     </span>
    </p>
   </div>
   <div class='ocr_carea' id='block_1_38' title="bbox 428 3664 2115 3746">
    <p class='ocr_par' dir='ltr' id='par_1_38' title="bbox 428 3664 2115 3746">
     <span class='ocr_line' id='line_1_38' title="bbox 428 3664 2115 3746; baseline 0.009 -29"><span class='ocrx_word' id='word_1_300' title='bbox 428 3664 711 3738; x_wconf 75' lang='grc' dir='ltr'><strong>ἡμετέραν</strong></span> <span class='ocrx_word' id='word_1_301' title='bbox 740 3668 1034 3738; x_wconf 77' lang='grc' dir='ltr'><strong>ἀποπνίγει</strong></span> <span class='ocrx_word' id='word_1_302' title='bbox 1075 3669 1276 3741; x_wconf 77' lang='grc' dir='ltr'><strong>ψυχήν.</strong></span> <span class='ocrx_word' id='word_1_303' title='bbox 1303 3671 1403 3725; x_wconf 86' lang='grc' dir='ltr'><strong>Διά</strong></span> <span class='ocrx_word' id='word_1_304' title='bbox 1434 3673 1597 3727; x_wconf 89' lang='grc' dir='ltr'><strong>τοῦτο</strong></span> <span class='ocrx_word' id='word_1_305' title='bbox 1634 3672 1812 3741; x_wconf 75' lang='grc' dir='ltr'><strong>εἶπεν,</strong></span> <span class='ocrx_word' id='word_1_306' title='bbox 1841 3677 1968 3746; x_wconf 85' lang='grc' dir='ltr'><strong>Οὐχ</strong></span> <span class='ocrx_word' id='word_1_307' title='bbox 2009 3676 2115 3732; x_wconf 73' lang='grc' dir='ltr'><strong>ἵνα</strong></span> 
     </span>
    </p>
   </div>
   <div class='ocr_carea' id='block_1_39' title="bbox 423 3752 2114 3824">
    <p class='ocr_par' dir='ltr' id='par_1_39' title="bbox 423 3752 2114 3824">
     <span class='ocr_line' id='line_1_39' title="bbox 423 3752 2114 3824; baseline 0.009 -19"><span class='ocrx_word' id='word_1_308' title='bbox 423 3752 661 3823; x_wconf 79' lang='grc' dir='ltr'><strong>βρόχον</strong></span> <span class='ocrx_word' id='word_1_309' title='bbox 691 3754 836 3824; x_wconf 81' lang='grc' dir='ltr'><strong>ὑμῖν</strong></span> <span class='ocrx_word' id='word_1_310' title='bbox 873 3755 1165 3811; x_wconf 62' lang='lat' dir='ltr'><strong>made</strong></span> <span class='ocrx_word' id='word_1_311' title='bbox 1195 3758 1354 3812; x_wconf 90' lang='grc' dir='ltr'><strong>τοῦτό</strong></span> <span class='ocrx_word' id='word_1_312' title='bbox 1377 3761 1556 3815; x_wconf 76' lang='grc' dir='ltr'><strong>ἐστιν’</strong></span> <span class='ocrx_word' id='word_1_313' title='bbox 1593 3761 1846 3819; x_wconf 79' lang='grc' dir='ltr'><strong>’Δπαντα</strong></span> <span class='ocrx_word' id='word_1_314' title='bbox 1875 3764 1943 3818; x_wconf 89' lang='grc' dir='ltr'><strong>τά</strong></span> <span class='ocrx_word' id='word_1_315' title='bbox 1969 3764 2114 3820; x_wconf 88' lang='grc' dir='ltr'><strong>καλά</strong></span> 
     </span>
    </p>
   </div>
   <div class='ocr_carea' id='block_1_40' title="bbox 428 3839 2112 3924">
    <p class='ocr_par' dir='ltr' id='par_1_40' title="bbox 428 3839 2112 3924">
     <span class='ocr_line' id='line_1_40' title="bbox 428 3839 2112 3924; baseline 0.007 -28"><span class='ocrx_word' id='word_1_316' title='bbox 428 3840 529 3911; x_wconf 82' lang='grc' dir='ltr'><strong>τῆς</strong></span> <span class='ocrx_word' id='word_1_317' title='bbox 549 3842 849 3913; x_wconf 82' lang='grc' dir='ltr'><strong>παρθενίας</strong></span> <span class='ocrx_word' id='word_1_318' title='bbox 877 3839 1034 3899; x_wconf 86' lang='grc' dir='ltr'><strong>εἷπον</strong></span> <span class='ocrx_word' id='word_1_319' title='bbox 1062 3846 1160 3899; x_wconf 72' lang='grc' dir='ltr'><strong>καὶ</strong></span> <span class='ocrx_word' id='word_1_320' title='bbox 1185 3846 1471 3915; x_wconf 81' lang='grc' dir='ltr'><strong>ἀπέδειξα,</strong></span> <span class='ocrx_word' id='word_1_321' title='bbox 1489 3847 1588 3904; x_wconf 71' lang='grc' dir='ltr'><strong>καὶ</strong></span> <span class='ocrx_word' id='word_1_322' title='bbox 1606 3850 1746 3924; x_wconf 79' lang='grc' dir='ltr'><strong>μετὰ</strong></span> <span class='ocrx_word' id='word_1_323' title='bbox 1757 3853 1929 3906; x_wconf 85' lang='grc' dir='ltr'><strong>ταῦτα</strong></span> <span class='ocrx_word' id='word_1_324' title='bbox 1959 3852 2112 3924; x_wconf 83' lang='grc' dir='ltr'><strong>ὅμως</strong></span> 
     </span>
    </p>
   </div>
   <div class='ocr_carea' id='block_1_41' title="bbox 429 3928 2102 4012">
    <p class='ocr_par' dir='ltr' id='par_1_41' title="bbox 429 3928 2102 4012">
     <span class='ocr_line' id='line_1_41' title="bbox 429 3928 2102 4012; baseline 0.007 -29"><span class='ocrx_word' id='word_1_325' title='bbox 429 3928 646 3984; x_wconf 73' lang='grc' dir='ltr'><strong>ἅπαντα</strong></span> <span class='ocrx_word' id='word_1_326' title='bbox 685 3931 785 4003; x_wconf 79' lang='grc' dir='ltr'><strong>τὴν</strong></span> <span class='ocrx_word' id='word_1_327' title='bbox 841 3933 1054 4005; x_wconf 78' lang='grc' dir='ltr'><strong>αἵρεσιν</strong></span> <span class='ocrx_word' id='word_1_328' title='bbox 1096 3934 1227 4005; x_wconf 84' lang='grc' dir='ltr'><strong>ὑμῖν</strong></span> <span class='ocrx_word' id='word_1_329' title='bbox 1271 3936 1554 4008; x_wconf 75' lang='grc' dir='ltr'><strong>ἐπιτρέπω</strong></span> <span class='ocrx_word' id='word_1_330' title='bbox 1596 3938 1696 3993; x_wconf 87' lang='grc' dir='ltr'><strong>τοῦ</strong></span> <span class='ocrx_word' id='word_1_331' title='bbox 1738 3940 2102 4012; x_wconf 85' lang='grc' dir='ltr'><strong>πράγματος,</strong></span> 
     </span>
    </p>
   </div>
   <div class='ocr_carea' id='block_1_42' title="bbox 428 4016 2110 4101">
    <p class='ocr_par' dir='ltr' id='par_1_42' title="bbox 428 4016 2110 4101">
     <span class='ocr_line' id='line_1_42' title="bbox 428 4016 2110 4101; baseline 0.008 -31"><span class='ocrx_word' id='word_1_332' title='bbox 428 4016 550 4088; x_wconf 73' lang='grc' dir='ltr'><strong>οὐχὶ</strong></span> <span class='ocrx_word' id='word_1_333' title='bbox 577 4017 652 4090; x_wconf 83' lang='grc' dir='ltr'><strong>μὴ</strong></span> <span class='ocrx_word' id='word_1_334' title='bbox 692 4018 1051 4092; x_wconf 72' lang='grc' dir='ltr'><strong>βουλομένους</strong></span> <span class='ocrx_word' id='word_1_335' title='bbox 1098 4018 1245 4076; x_wconf 80' lang='grc' dir='ltr'><strong>ἐλκω</strong></span> <span class='ocrx_word' id='word_1_336' title='bbox 1271 4023 1538 4097; x_wconf 84' lang='grc' dir='ltr'><strong>πρὸς’τὴν</strong></span> <span class='ocrx_word' id='word_1_337' title='bbox 1563 4026 1788 4100; x_wconf 88' lang='grc' dir='ltr'><strong>ἀρετήν.</strong></span> <span class='ocrx_word' id='word_1_338' title='bbox 1830 4027 1967 4081; x_wconf 82' lang='grc' dir='ltr'><strong>Οὐδὲ</strong></span> <span class='ocrx_word' id='word_1_339' title='bbox 1999 4027 2110 4101; x_wconf 83' lang='grc' dir='ltr'><strong>γὰρ</strong></span> 
     </span>
    </p>
   </div>
   <div class='ocr_carea' id='block_1_43' title="bbox 428 4105 2103 4181">
    <p class='ocr_par' dir='ltr' id='par_1_43' title="bbox 428 4105 2103 4181">
     <span class='ocr_line' id='line_1_43' title="bbox 428 4105 2103 4181; baseline 0.008 -24"><span class='ocrx_word' id='word_1_340' title='bbox 428 4105 572 4175; x_wconf 78' lang='grc' dir='ltr'><strong>ὑμᾶς</strong></span> <span class='ocrx_word' id='word_1_341' title='bbox 594 4105 775 4177; x_wconf 60' lang='grc' dir='ltr'><strong>θλῖψαι</strong></span> <span class='ocrx_word' id='word_1_342' title='bbox 804 4106 1130 4181; x_wconf 82' lang='grc' dir='ltr'><strong>βουλόμενος</strong></span> <span class='ocrx_word' id='word_1_343' title='bbox 1162 4111 1337 4165; x_wconf 86' lang='grc' dir='ltr'><strong>ταῦτα</strong></span> <span class='ocrx_word' id='word_1_344' title='bbox 1372 4113 1793 4181; x_wconf 86' lang='grc' dir='ltr'><strong>συνεϐούλευσα,</strong></span> <span class='ocrx_word' id='word_1_345' title='bbox 1818 4115 1934 4171; x_wconf 87' lang='grc' dir='ltr'><strong>ἀλλ’</strong></span> <span class='ocrx_word' id='word_1_346' title='bbox 1961 4112 2103 4170; x_wconf 82' lang='grc' dir='ltr'><strong>ὥστε</strong></span> 
     </span>
    </p>
   </div>
   <div class='ocr_carea' id='block_1_44' title="bbox 429 4188 2110 4275">
    <p class='ocr_par' dir='ltr' id='par_1_44' title="bbox 429 4188 2110 4275">
     <span class='ocr_line' id='line_1_44' title="bbox 429 4188 2110 4275; baseline 0.007 -29"><span class='ocrx_word' id='word_1_347' title='bbox 526 4194 626 4265; x_wconf 77' lang='grc' dir='ltr'><strong>τὴν</strong></span> <span class='ocrx_word' id='word_1_348' title='bbox 667 4195 979 4269; x_wconf 80' lang='grc' dir='ltr'><strong>εὐσχήμονα</strong></span> <span class='ocrx_word' id='word_1_349' title='bbox 1018 4199 1343 4272; x_wconf 84' lang='grc' dir='ltr'><strong>προσεδρίαν</strong></span> <span class='ocrx_word' id='word_1_350' title='bbox 1379 4200 1486 4254; x_wconf 84' lang='grc' dir='ltr'><strong>ὑπὸ</strong></span> <span class='ocrx_word' id='word_1_351' title='bbox 1513 4200 1623 4258; x_wconf 85' lang='grc' dir='ltr'><strong>τῶν</strong></span> <span class='ocrx_word' id='word_1_352' title='bbox 1648 4202 1918 4275; x_wconf 84' lang='grc' dir='ltr'><strong>βιωτικῶν</strong></span> <span class='ocrx_word' id='word_1_353' title='bbox 1950 4205 2110 4258; x_wconf 88' lang='grc' dir='ltr'><strong>ἐκκο-</strong></span> 
     </span>
    </p>
   </div>
   <div class='ocr_carea' id='block_1_45' title="bbox 425 4280 2107 4363">
    <p class='ocr_par' dir='ltr' id='par_1_45' title="bbox 425 4280 2107 4363">
     <span class='ocr_line' id='line_1_45' title="bbox 425 4280 2107 4363; baseline 0.007 -30"><span class='ocrx_word' id='word_1_354' title='bbox 425 4280 598 4352; x_wconf 86' lang='grc' dir='ltr'><strong>πῆναι</strong></span> <span class='ocrx_word' id='word_1_355' title='bbox 640 4285 1002 4355; x_wconf 84' lang='grc' dir='ltr'><strong>πραγμάτων.</strong></span> <span class='ocrx_word' id='word_1_356' title='bbox 1054 4286 1126 4341; x_wconf 82' lang='grc' dir='ltr'><strong>Σὺ</strong></span> <span class='ocrx_word' id='word_1_357' title='bbox 1160 4286 1218 4342; x_wconf 83' lang='grc' dir='ltr'><strong>δέ</strong></span> <span class='ocrx_word' id='word_1_358' title='bbox 1254 4305 1344 4363; x_wconf 86' lang='grc' dir='ltr'><strong>μοι</strong></span> <span class='ocrx_word' id='word_1_359' title='bbox 1378 4288 1478 4345; x_wconf 89' lang='grc' dir='ltr'><strong>θέα</strong></span> <span class='ocrx_word' id='word_1_360' title='bbox 1516 4290 1801 4346; x_wconf 86' lang='grc' dir='ltr'><strong>κάνταῦθα</strong></span> <span class='ocrx_word' id='word_1_361' title='bbox 1836 4291 1931 4345; x_wconf 89' lang='grc' dir='ltr'><strong>τοῦ</strong></span> <span class='ocrx_word' id='word_1_362' title='bbox 1966 4292 2107 4347; x_wconf 89' lang='grc' dir='ltr'><strong>Παύ-</strong></span> 
     </span>
    </p>
   </div>
   <div class='ocr_carea' id='block_1_46' title="bbox 424 4366 2106 4453">
    <p class='ocr_par' dir='ltr' id='par_1_46' title="bbox 424 4366 2106 4453">
     <span class='ocr_line' id='line_1_46' title="bbox 424 4366 2106 4453; baseline 0.007 -30"><span class='ocrx_word' id='word_1_363' title='bbox 424 4366 519 4423; x_wconf 92' lang='grc' dir='ltr'><strong>λου</strong></span> <span class='ocrx_word' id='word_1_364' title='bbox 559 4369 658 4441; x_wconf 78' lang='grc' dir='ltr'><strong>τὴν</strong></span> <span class='ocrx_word' id='word_1_365' title='bbox 690 4370 926 4438; x_wconf 83' lang='grc' dir='ltr'><strong>σύνεσιν,</strong></span> <span class='ocrx_word' id='word_1_366' title='bbox 961 4374 1079 4439; x_wconf 90' lang='grc' dir='ltr'><strong>πῶς</strong></span> <span class='ocrx_word' id='word_1_367' title='bbox 1122 4379 1244 4440; x_wconf 88' lang='grc' dir='ltr'><strong>ταῖς</strong></span> <span class='ocrx_word' id='word_1_368' title='bbox 1277 4379 1645 4450; x_wconf 85' lang='grc' dir='ltr'><strong>παραιτήσεσι</strong></span> <span class='ocrx_word' id='word_1_369' title='bbox 1692 4380 1859 4435; x_wconf 90' lang='grc' dir='ltr'><strong>πάλιν</strong></span> <span class='ocrx_word' id='word_1_370' title='bbox 1903 4382 2106 4453; x_wconf 89' lang='grc' dir='ltr'><strong>παραί-</strong></span> 
     </span>
    </p>
   </div>
   <div class='ocr_carea' id='block_1_47' title="bbox 424 4452 2102 4534">
    <p class='ocr_par' dir='ltr' id='par_1_47' title="bbox 424 4452 2102 4534">
     <span class='ocr_line' id='line_1_47' title="bbox 424 4452 2102 4534; baseline 0.009 -32"><span class='ocrx_word' id='word_1_371' title='bbox 424 4466 573 4534; x_wconf 79' lang='grc' dir='ltr'><strong>νεσιν</strong></span> <span class='ocrx_word' id='word_1_372' title='bbox 619 4452 978 4534; x_wconf 82' lang='grc' dir='ltr'><strong>ἐπεισήγαγε,</strong></span> <span class='ocrx_word' id='word_1_373' title='bbox 1015 4455 1109 4509; x_wconf 75' lang='grc' dir='ltr'><strong>καὶ</strong></span> <span class='ocrx_word' id='word_1_374' title='bbox 1154 4457 1244 4510; x_wconf 81' lang='grc' dir='ltr'><strong>διὰ</strong></span> <span class='ocrx_word' id='word_1_375' title='bbox 1288 4460 1386 4530; x_wconf 83' lang='grc' dir='ltr'><strong>τῆς</strong></span> <span class='ocrx_word' id='word_1_376' title='bbox 1422 4463 1822 4532; x_wconf 86' lang='grc' dir='ltr'><strong>συγχωρήσεως</strong></span> <span class='ocrx_word' id='word_1_377' title='bbox 1861 4452 2102 4534; x_wconf 80' lang='grc' dir='ltr'><strong>συμϐου-</strong></span> 
     </span>
    </p>
   </div>
   <div class='ocr_carea' id='block_1_48' title="bbox 424 4530 2102 4614">
    <p class='ocr_par' dir='ltr' id='par_1_48' title="bbox 424 4530 2102 4614">
     <span class='ocr_line' id='line_1_48' title="bbox 424 4530 2102 4614; baseline 0.008 -28"><span class='ocrx_word' id='word_1_378' title='bbox 424 4530 544 4603; x_wconf 84' lang='grc' dir='ltr'><strong>λήν.</strong></span> <span class='ocrx_word' id='word_1_379' title='bbox 575 4532 666 4603; x_wconf 81' lang='grc' dir='ltr'>Τῷ</span> <span class='ocrx_word' id='word_1_380' title='bbox 699 4536 809 4607; x_wconf 85' lang='grc' dir='ltr'><strong>γὰρ</strong></span> <span class='ocrx_word' id='word_1_381' title='bbox 852 4538 1048 4604; x_wconf 81' lang='grc' dir='ltr'><strong>εἰπεῖν,</strong></span> <span class='ocrx_word' id='word_1_382' title='bbox 1077 4542 1201 4593; x_wconf 75' lang='grc' dir='ltr'><strong>Οὐκ</strong></span> <span class='ocrx_word' id='word_1_383' title='bbox 1235 4541 1564 4610; x_wconf 75' lang='grc' dir='ltr'><strong>ἀναγκάζω,</strong></span> <span class='ocrx_word' id='word_1_384' title='bbox 1603 4530 1769 4598; x_wconf 68' lang='grc' dir='ltr'><strong>ἀλλά</strong></span> <span class='ocrx_word' id='word_1_385' title='bbox 1808 4530 2102 4614; x_wconf 76' lang='grc' dir='ltr'><strong>παραινῶ,</strong></span> 
     </span>
    </p>
   </div>
   <div class='ocr_carea' id='block_1_49' title="bbox 424 4614 2103 4697">
    <p class='ocr_par' dir='ltr' id='par_1_49' title="bbox 424 4614 2103 4697">
     <span class='ocr_line' id='line_1_49' title="bbox 424 4614 2103 4697; baseline 0.01 -28"><span class='ocrx_word' id='word_1_386' title='bbox 424 4614 522 4669; x_wconf 81' lang='grc' dir='ltr'><strong>καὶ</strong></span> <span class='ocrx_word' id='word_1_387' title='bbox 544 4616 902 4697; x_wconf 86' lang='grc' dir='ltr'><strong>προσθεῖναι,</strong></span> <span class='ocrx_word' id='word_1_388' title='bbox 937 4620 1028 4675; x_wconf 85' lang='grc' dir='ltr'><strong>διὰ</strong></span> <span class='ocrx_word' id='word_1_389' title='bbox 1074 4623 1145 4677; x_wconf 82' lang='grc' dir='ltr'><em>Τὸ</em></span> <span class='ocrx_word' id='word_1_390' title='bbox 1187 4624 1508 4694; x_wconf 81' lang='grc' dir='ltr'><strong>εὔσχημον</strong></span> <span class='ocrx_word' id='word_1_391' title='bbox 1535 4624 1635 4680; x_wconf 81' lang='grc' dir='ltr'><strong>καί</strong></span> <span class='ocrx_word' id='word_1_392' title='bbox 1669 4627 2103 4697; x_wconf 79' lang='grc' dir='ltr'><strong>εὐπρόσεδρον,</strong></span> 
     </span>
    </p>
   </div>
   <div class='ocr_carea' id='block_1_50' title="bbox 424 4696 2105 4782">
    <p class='ocr_par' dir='ltr' id='par_1_50' title="bbox 424 4696 2105 4782">
     <span class='ocr_line' id='line_1_50' title="bbox 424 4696 2105 4782; baseline 0.011 -33"><span class='ocrx_word' id='word_1_393' title='bbox 424 4696 721 4782; x_wconf 73' lang='grc' dir='ltr'><strong>ἐδειξετῆς</strong></span> <span class='ocrx_word' id='word_1_394' title='bbox 757 4701 1056 4773; x_wconf 82' lang='grc' dir='ltr'><strong>παρθενίας</strong></span> <span class='ocrx_word' id='word_1_395' title='bbox 1080 4706 1142 4760; x_wconf 85' lang='grc' dir='ltr'><strong>τὸ</strong></span> <span class='ocrx_word' id='word_1_396' title='bbox 1173 4706 1507 4778; x_wconf 85' lang='grc' dir='ltr'><strong>θαυμαστὸν,</strong></span> <span class='ocrx_word' id='word_1_397' title='bbox 1537 4709 1631 4763; x_wconf 73' lang='grc' dir='ltr'><strong>καὶ</strong></span> <span class='ocrx_word' id='word_1_398' title='bbox 1657 4709 1721 4763; x_wconf 82' lang='grc' dir='ltr'><strong>τὸ</strong></span> <span class='ocrx_word' id='word_1_399' title='bbox 1746 4711 1936 4782; x_wconf 86' lang='grc' dir='ltr'><strong>κέρδος</strong></span> <span class='ocrx_word' id='word_1_400' title='bbox 1972 4696 2105 4769; x_wconf 72' lang='grc' dir='ltr'><strong>ὅσον</strong></span> 
     </span>
    </p>
   </div>
   <div class='ocr_carea' id='block_1_51' title="bbox 421 4779 2100 4865">
    <p class='ocr_par' dir='ltr' id='par_1_51' title="bbox 421 4779 2100 4865">
     <span class='ocr_line' id='line_1_51' title="bbox 421 4779 2100 4865; baseline 0.012 -34"><span class='ocrx_word' id='word_1_401' title='bbox 421 4779 557 4865; x_wconf 78' lang='grc' dir='ltr'><strong>ἡμῖν</strong></span> <span class='ocrx_word' id='word_1_402' title='bbox 576 4781 653 4865; x_wconf 28' lang='grc' dir='ltr'><strong>’ἐν</strong></span> <span class='ocrx_word' id='word_1_403' title='bbox 674 4785 748 4854; x_wconf 74' lang='grc' dir='ltr'><strong>¹τῇ</strong></span> <span class='ocrx_word' id='word_1_404' title='bbox 787 4785 930 4865; x_wconf 85' lang='grc' dir='ltr'><strong>κατά</strong></span> <span class='ocrx_word' id='word_1_405' title='bbox 970 4786 1105 4842; x_wconf 87' lang='grc' dir='ltr'><strong>Θεὸν</strong></span> <span class='ocrx_word' id='word_1_406' title='bbox 1141 4789 1236 4844; x_wconf 86' lang='grc' dir='ltr'><strong>ἀπ’</strong></span> <span class='ocrx_word' id='word_1_407' title='bbox 1265 4789 1439 4860; x_wconf 81' lang='grc' dir='ltr'><strong>αὑτῆς</strong></span> <span class='ocrx_word' id='word_1_408' title='bbox 1470 4791 1683 4860; x_wconf 88' lang='grc' dir='ltr'><strong>γίνεται</strong></span> <span class='ocrx_word' id='word_1_409' title='bbox 1721 4779 1989 4865; x_wconf 82' lang='grc' dir='ltr'><strong>πολιτείᾳ.</strong></span> <span class='ocrx_word' id='word_1_410' title='bbox 2024 4798 2100 4851; x_wconf 84' lang='grc' dir='ltr'><strong>Οὐ</strong></span> 
     </span>
    </p>
   </div>
   <div class='ocr_carea' id='block_1_52' title="bbox 423 4858 2103 4945">
    <p class='ocr_par' dir='ltr' id='par_1_52' title="bbox 423 4858 2103 4945">
     <span class='ocr_line' id='line_1_52' title="bbox 423 4858 2103 4945; baseline 0.012 -34"><span class='ocrx_word' id='word_1_411' title='bbox 423 4858 535 4929; x_wconf 82' lang='grc' dir='ltr'><strong>γὰρ</strong></span> <span class='ocrx_word' id='word_1_412' title='bbox 572 4859 652 4917; x_wconf 75' lang='grc' dir='ltr'><strong>ἔνι</strong></span> <span class='ocrx_word' id='word_1_413' title='bbox 680 4865 789 4945; x_wconf 79' lang='grc' dir='ltr'><strong>τὴν</strong></span> <span class='ocrx_word' id='word_1_414' title='bbox 834 4864 1116 4936; x_wconf 82' lang='grc' dir='ltr'><strong>βιωτικαῖς</strong></span> <span class='ocrx_word' id='word_1_415' title='bbox 1166 4858 1630 4944; x_wconf 73' lang='grc' dir='ltr'><strong>ἐμπεπλεγμένην</strong></span> <span class='ocrx_word' id='word_1_416' title='bbox 1677 4858 1958 4945; x_wconf 72' lang='grc' dir='ltr'><strong>φροντίσι,</strong></span> <span class='ocrx_word' id='word_1_417' title='bbox 2006 4877 2103 4930; x_wconf 76' lang='grc' dir='ltr'><strong>καὶ</strong></span> 
     </span>
    </p>
   </div>
   <div class='ocr_carea' id='block_1_53' title="bbox 424 4944 2102 5029">
    <p class='ocr_par' dir='ltr' id='par_1_53' title="bbox 424 4944 2102 5029">
     <span class='ocr_line' id='line_1_53' title="bbox 424 4944 2102 5029; baseline 0.018 -36"><span class='ocrx_word' id='word_1_418' title='bbox 424 4944 703 5029; x_wconf 70' lang='grc' dir='ltr'><strong>πανταχοῦ</strong></span> <span class='ocrx_word' id='word_1_419' title='bbox 760 4947 1211 5029; x_wconf 27' lang='grc' dir='ltr'><strong>’περιελκομένην</strong></span> <span class='ocrx_word' id='word_1_420' title='bbox 1273 4952 1638 5025; x_wconf 81' lang='grc' dir='ltr'><strong>εὑπρόσεδρον</strong></span> <span class='ocrx_word' id='word_1_421' title='bbox 1681 4944 1729 4994; x_wconf 14' lang='lat' dir='ltr'><strong>d7</strong></span> <span class='ocrx_word' id='word_1_422' title='bbox 1766 4950 1943 5020; x_wconf 74' lang='grc' dir='ltr'><strong>εἶναι,</strong></span> <span class='ocrx_word' id='word_1_423' title='bbox 2002 4958 2102 5029; x_wconf 82' lang='grc' dir='ltr'><strong>τῆς</strong></span> 
     </span>
    </p>
   </div>
   <div class='ocr_carea' id='block_1_54' title="bbox 425 5023 2101 5106">
    <p class='ocr_par' dir='ltr' id='par_1_54' title="bbox 425 5023 2101 5106">
     <span class='ocr_line' id='line_1_54' title="bbox 425 5023 2101 5106; baseline 0.018 -35"><span class='ocrx_word' id='word_1_424' title='bbox 425 5023 662 5106; x_wconf 68' lang='grc' dir='ltr'><strong>σπρυδῆς</strong></span> <span class='ocrx_word' id='word_1_425' title='bbox 687 5026 781 5106; x_wconf 77' lang='grc' dir='ltr'><strong>καὶ</strong></span> <span class='ocrx_word' id='word_1_426' title='bbox 813 5028 1009 5100; x_wconf 77' lang='grc' dir='ltr'><strong>σχολῆς</strong></span> <span class='ocrx_word' id='word_1_427' title='bbox 1037 5031 1256 5103; x_wconf 87' lang='grc' dir='ltr'><strong>ἁπάσης</strong></span> <span class='ocrx_word' id='word_1_428' title='bbox 1282 5034 1364 5095; x_wconf 78' lang='grc' dir='ltr'><strong>εἰς</strong></span> <span class='ocrx_word' id='word_1_429' title='bbox 1388 5023 1562 5093; x_wconf 83' lang='grc' dir='ltr'><strong>πολλᾶ</strong></span> <span class='ocrx_word' id='word_1_430' title='bbox 1597 5031 1988 5106; x_wconf 75' lang='grc' dir='ltr'><strong>μεριζομένηςι</strong></span> <span class='ocrx_word' id='word_1_431' title='bbox 2019 5023 2101 5103; x_wconf 64' lang='grc' dir='ltr'><strong>εἷς</strong></span> 
     </span>
    </p>
   </div>
   <div class='ocr_carea' id='block_1_55' title="bbox 422 5098 2101 5182">
    <p class='ocr_par' dir='ltr' id='par_1_55' title="bbox 422 5098 2101 5182">
     <span class='ocr_line' id='line_1_55' title="bbox 422 5098 2101 5182; baseline 0.012 -31"><span class='ocrx_word' id='word_1_432' title='bbox 422 5098 592 5182; x_wconf 77' lang='grc' dir='ltr'><strong>ᾅνδρα</strong></span> <span class='ocrx_word' id='word_1_433' title='bbox 640 5103 804 5173; x_wconf 85' lang='grc' dir='ltr'><strong>λέγω,</strong></span> <span class='ocrx_word' id='word_1_434' title='bbox 852 5098 1178 5175; x_wconf 15' lang='grc' dir='ltr'><strong>καὶήοίκίας</strong></span> <span class='ocrx_word' id='word_1_435' title='bbox 1212 5098 1564 5182; x_wconf 76' lang='grc' dir='ltr'><strong>ἐπιμέλειαν,</strong></span> <span class='ocrx_word' id='word_1_436' title='bbox 1597 5098 1712 5167; x_wconf 62' lang='grc' dir='ltr'><strong>⁷καὶ.</strong></span> <span class='ocrx_word' id='word_1_437' title='bbox 1757 5098 1871 5169; x_wconf 82' lang='grc' dir='ltr'><strong>τῶν</strong></span> <span class='ocrx_word' id='word_1_438' title='bbox 1921 5098 2101 5173; x_wconf 69' lang='grc' dir='ltr'><strong>ἀλλων</strong></span> 
     </span>
    </p>
   </div>
   <div class='ocr_carea' id='block_1_56' title="bbox 424 5178 1742 5264">
    <p class='ocr_par' dir='ltr' id='par_1_56' title="bbox 424 5178 1742 5264">
     <span class='ocr_line' id='line_1_56' title="bbox 424 5178 1742 5264; baseline 0.011 -30"><span class='ocrx_word' id='word_1_439' title='bbox 424 5178 702 5264; x_wconf 65' lang='grc' dir='ltr'><strong>ἁπάντων,</strong></span> <span class='ocrx_word' id='word_1_440' title='bbox 730 5184 872 5264; x_wconf 67' lang='grc' dir='ltr'><strong>ἅπερ</strong></span> <span class='ocrx_word' id='word_1_441' title='bbox 904 5188 933 5240; x_wconf 91' lang='grc' dir='ltr'>ὁ</span> <span class='ocrx_word' id='word_1_442' title='bbox 965 5191 1143 5262; x_wconf 82' lang='grc' dir='ltr'><strong>γάμος</strong></span> <span class='ocrx_word' id='word_1_443' title='bbox 1173 5178 1534 5264; x_wconf 82' lang='grc' dir='ltr'><strong>ἐπισύρεσθαι</strong></span> <span class='ocrx_word' id='word_1_444' title='bbox 1562 5193 1742 5248; x_wconf 80' lang='grc' dir='ltr'><strong>εἴωθε.</strong></span> 
     </span>
    </p>
   </div>
   <div class='ocr_carea' id='block_1_57' title="bbox 442 5258 2099 5353">
    <p class='ocr_par' dir='ltr' id='par_1_57' title="bbox 442 5258 2099 5353">
     <span class='ocr_line' id='line_1_57' title="bbox 442 5258 2099 5353; baseline 0.01 -39"><span class='ocrx_word' id='word_1_445' title='bbox 442 5338 451 5351; x_wconf 34' lang='grc'><strong>,</strong></span> <span class='ocrx_word' id='word_1_446' title='bbox 493 5261 610 5353; x_wconf 66' lang='lat'><strong>92&#39;.</strong></span> <span class='ocrx_word' id='word_1_447' title='bbox 631 5263 696 5316; x_wconf 85' lang='grc' dir='ltr'><strong>Τί</strong></span> <span class='ocrx_word' id='word_1_448' title='bbox 725 5258 837 5353; x_wconf 78' lang='grc' dir='ltr'><strong>οὖν,</strong></span> <span class='ocrx_word' id='word_1_449' title='bbox 855 5258 1186 5353; x_wconf 52' lang='grc' dir='ltr'><strong>φησῖνξὸταν</strong></span> <span class='ocrx_word' id='word_1_450' title='bbox 1206 5258 1353 5345; x_wconf 72' lang='grc' dir='ltr'><strong>καὶή</strong></span> <span class='ocrx_word' id='word_1_451' title='bbox 1372 5273 1640 5347; x_wconf 88' lang='grc' dir='ltr'><strong>παρθένος</strong></span> <span class='ocrx_word' id='word_1_452' title='bbox 1653 5274 1825 5330; x_wconf 82' lang='grc' dir='ltr'><strong>πολλὰ</strong></span> <span class='ocrx_word' id='word_1_453' title='bbox 1841 5293 2099 5349; x_wconf 88' lang='grc' dir='ltr'><strong>πραγμα-</strong></span> 
     </span>
    </p>
   </div>
   <div class='ocr_carea' id='block_1_58' title="bbox 421 5346 2098 5432">
    <p class='ocr_par' dir='ltr' id='par_1_58' title="bbox 421 5346 2098 5432">
     <span class='ocr_line' id='line_1_58' title="bbox 421 5346 2098 5432; baseline 0.012 -41"><span class='ocrx_word' id='word_1_454' title='bbox 421 5346 694 5432; x_wconf 38' lang='grc' dir='ltr'><strong>τεύηται...</strong></span> <span class='ocrx_word' id='word_1_455' title='bbox 734 5346 825 5432; x_wconf 72' lang='grc' dir='ltr'><strong>καὶ</strong></span> <span class='ocrx_word' id='word_1_456' title='bbox 880 5350 1152 5432; x_wconf 72' lang='grc' dir='ltr'><strong>μερίμνας</strong></span> <span class='ocrx_word' id='word_1_457' title='bbox 1195 5354 1295 5425; x_wconf 77' lang='grc' dir='ltr'><strong>ἔχῃ</strong></span> <span class='ocrx_word' id='word_1_458' title='bbox 1346 5346 1645 5425; x_wconf 84' lang='grc' dir='ltr'><strong>βιωτικάς;</strong></span> <span class='ocrx_word' id='word_1_459' title='bbox 1691 5346 1940 5425; x_wconf 73' lang='grc' dir='ltr'><strong>Ἄπαγε,</strong></span> <span class='ocrx_word' id='word_1_460' title='bbox 1972 5346 2098 5423; x_wconf 70' lang='grc' dir='ltr'><strong>ἐξω</strong></span> 
     </span>
    </p>
   </div>
   <div class='ocr_carea' id='block_1_59' title="bbox 420 5424 2102 5510">
    <p class='ocr_par' dir='ltr' id='par_1_59' title="bbox 420 5424 2102 5510">
     <span class='ocr_line' id='line_1_59' title="bbox 420 5424 2102 5510; baseline 0.011 -37"><span class='ocrx_word' id='word_1_461' title='bbox 420 5424 625 5510; x_wconf 71' lang='grc' dir='ltr'><strong>ταύτην</strong></span> <span class='ocrx_word' id='word_1_462' title='bbox 651 5424 887 5510; x_wconf 75' lang='grc' dir='ltr'><strong>ἑλκύσας</strong></span> <span class='ocrx_word' id='word_1_463' title='bbox 916 5430 1011 5484; x_wconf 87' lang='grc' dir='ltr'><strong>τοῦ</strong></span> <span class='ocrx_word' id='word_1_464' title='bbox 1036 5433 1146 5488; x_wconf 89' lang='grc' dir='ltr'><strong>τῶν</strong></span> <span class='ocrx_word' id='word_1_465' title='bbox 1172 5424 1461 5507; x_wconf 78' lang='grc' dir='ltr'><strong>παρθένων</strong></span> <span class='ocrx_word' id='word_1_466' title='bbox 1491 5436 1655 5510; x_wconf 87' lang='grc' dir='ltr'><strong>χοροῦ</strong></span> <span class='ocrx_word' id='word_1_467' title='bbox 1674 5452 1689 5467; x_wconf 77' lang='grc' dir='ltr'><strong>ο</strong></span> <span class='ocrx_word' id='word_1_468' title='bbox 1717 5437 1780 5490; x_wconf 87' lang='grc' dir='ltr'><strong>οὐ</strong></span> <span class='ocrx_word' id='word_1_469' title='bbox 1804 5424 1915 5509; x_wconf 72' lang='grc' dir='ltr'><strong>γάρ</strong></span> <span class='ocrx_word' id='word_1_470' title='bbox 1937 5438 2102 5510; x_wconf 84' lang='grc' dir='ltr'><strong>ἀρκεῖ</strong></span> 
     </span>
    </p>
   </div>
   <div class='ocr_carea' id='block_1_60' title="bbox 426 5501 2098 5592">
    <p class='ocr_par' dir='ltr' id='par_1_60' title="bbox 426 5501 2098 5592">
     <span class='ocr_line' id='line_1_60' title="bbox 426 5501 2098 5592; baseline 0.016 -42"><span class='ocrx_word' id='word_1_471' title='bbox 426 5501 487 5592; x_wconf 65' lang='grc' dir='ltr'><strong>τὸ</strong></span> <span class='ocrx_word' id='word_1_472' title='bbox 518 5501 937 5592; x_wconf 31' lang='grc' dir='ltr'><strong>μὴηγαμηθῆναι</strong></span> <span class='ocrx_word' id='word_1_473' title='bbox 966 5514 1195 5585; x_wconf 78' lang='grc' dir='ltr'><strong>ποιῆσαι</strong></span> <span class='ocrx_word' id='word_1_474' title='bbox 1239 5501 1531 5588; x_wconf 71' lang='grc' dir='ltr'><strong>παρθένον,</strong></span> <span class='ocrx_word' id='word_1_475' title='bbox 1559 5501 1697 5573; x_wconf 80' lang='grc' dir='ltr'><strong>ἀλλά</strong></span> <span class='ocrx_word' id='word_1_476' title='bbox 1737 5501 1828 5574; x_wconf 31' lang='grc' dir='ltr'><strong>δεῖ.</strong></span> <span class='ocrx_word' id='word_1_477' title='bbox 1856 5501 1952 5574; x_wconf 76' lang='grc' dir='ltr'><strong>καὶ</strong></span> <span class='ocrx_word' id='word_1_478' title='bbox 1977 5501 2098 5592; x_wconf 58' lang='grc' dir='ltr'><strong>’τῆς</strong></span> 
     </span>
    </p>
   </div>
   <div class='ocr_carea' id='block_1_61' title="bbox 421 5579 2096 5674">
    <p class='ocr_par' dir='ltr' id='par_1_61' title="bbox 421 5579 2096 5674">
     <span class='ocr_line' id='line_1_61' title="bbox 421 5579 2096 5674; baseline 0.015 -43"><span class='ocrx_word' id='word_1_479' title='bbox 421 5579 656 5674; x_wconf 49' lang='grc' dir='ltr'><strong>ἓμχικής</strong></span> <span class='ocrx_word' id='word_1_480' title='bbox 685 5585 939 5674; x_wconf 55' lang='grc' dir='ltr'><strong>ἀγνείαςο</strong></span> <span class='ocrx_word' id='word_1_481' title='bbox 971 5579 1197 5674; x_wconf 78' lang='grc' dir='ltr'><strong>ἁγνείαν</strong></span> <span class='ocrx_word' id='word_1_482' title='bbox 1229 5595 1288 5651; x_wconf 79' lang='grc' dir='ltr'><strong>δὲ</strong></span> <span class='ocrx_word' id='word_1_483' title='bbox 1324 5579 1476 5668; x_wconf 78' lang='grc' dir='ltr'><strong>λέγω</strong></span> <span class='ocrx_word' id='word_1_484' title='bbox 1513 5579 1575 5652; x_wconf 81' lang='grc' dir='ltr'><strong>οὐ</strong></span> <span class='ocrx_word' id='word_1_485' title='bbox 1616 5600 1678 5653; x_wconf 86' lang='grc' dir='ltr'><strong>τὸ</strong></span> <span class='ocrx_word' id='word_1_486' title='bbox 1714 5604 1957 5674; x_wconf 80' lang='grc' dir='ltr'><strong>πονηρᾶς</strong></span> 
     </span>
    </p>
   </div>
   <div class='ocr_carea' id='block_1_62' title="bbox 417 5663 2094 5753">
    <p class='ocr_par' dir='ltr' id='par_1_62' title="bbox 417 5663 2094 5753">
     <span class='ocr_line' id='line_1_62' title="bbox 417 5663 2094 5753; baseline 0.016 -43"><span class='ocrx_word' id='word_1_487' title='bbox 417 5663 652 5753; x_wconf 67' lang='grc' dir='ltr'><strong>αἰσχρᾶς</strong></span> <span class='ocrx_word' id='word_1_488' title='bbox 679 5664 973 5753; x_wconf 83' lang='grc' dir='ltr'><strong>ἐπιθυμίας</strong></span> <span class='ocrx_word' id='word_1_489' title='bbox 1008 5672 1353 5746; x_wconf 81' lang='grc' dir='ltr'><strong>ἀπηλλάχθαι</strong></span> <span class='ocrx_word' id='word_1_490' title='bbox 1389 5663 1551 5749; x_wconf 82' lang='grc' dir='ltr'><strong>μόνον</strong></span> <span class='ocrx_word' id='word_1_491' title='bbox 1575 5679 1670 5733; x_wconf 68' lang='grc' dir='ltr'><strong>καὶ</strong></span> <span class='ocrx_word' id='word_1_492' title='bbox 1700 5663 2094 5753; x_wconf 65' lang='grc' dir='ltr'><strong>καλλωπισμά-</strong></span> 
     </span>
    </p>
   </div>
   <div class='ocr_carea' id='block_1_63' title="bbox 436 5746 1394 5847">
    <p class='ocr_par' dir='ltr' id='par_1_63' title="bbox 436 5746 1394 5847">
     <span class='ocr_line' id='line_1_63' title="bbox 436 5746 1394 5847; baseline 0.002 0"><span class='ocrx_word' id='word_1_493' title='bbox 436 5764 446 5779; x_wconf 90' lang='lat'><strong>&#39;</strong></span> <span class='ocrx_word' id='word_1_494' title='bbox 478 5746 653 5847; x_wconf 58' lang='lat'><strong>£5355-</strong></span> <span class='ocrx_word' id='word_1_495' title='bbox 942 5759 1092 5819; x_wconf 65' lang='grc' dir='ltr'><strong>αὐτῆς</strong></span> <span class='ocrx_word' id='word_1_496' title='bbox 1111 5746 1394 5826; x_wconf 54' lang='grc' dir='ltr'><strong>οἰκονομεῖνέ</strong></span> 
     </span>
    </p>
   </div>
   <div class='ocr_carea' id='block_1_64' title="bbox 530 5814 961 5876">
    <p class='ocr_par' dir='ltr' id='par_1_64' title="bbox 530 5814 961 5876">
     <span class='ocr_line' id='line_1_64' title="bbox 530 5814 961 5876; baseline 0.026 -16"><span class='ocrx_word' id='word_1_497' title='bbox 530 5814 563 5876; x_wconf 53' lang='lat' dir='ltr'><strong>[ﬁ</strong></span> <span class='ocrx_word' id='word_1_498' title='bbox 571 5828 651 5874; x_wconf 69' lang='lat' dir='ltr'><strong>eg.</strong></span> <span class='ocrx_word' id='word_1_499' title='bbox 679 5814 961 5876; x_wconf 85' lang='grc' dir='ltr'><strong>γαμηθεῖσα.</strong></span> 
     </span>
    </p>
   </div>
   <div class='ocr_carea' id='block_1_65' title="bbox 475 5874 1012 5943">
    <p class='ocr_par' dir='ltr' id='par_1_65' title="bbox 475 5874 1012 5943">
     <span class='ocr_line' id='line_1_65' title="bbox 475 5874 1012 5943; baseline 0 0"><span class='ocrx_word' id='word_1_500' title='bbox 475 5874 649 5943; x_wconf 63' lang='grc' dir='ltr'><strong>τετε.</strong></span> <span class='ocrx_word' id='word_1_501' title='bbox 678 5874 1012 5943; x_wconf 65' lang='grc' dir='ltr'><strong>ένξειεᾴμενος.</strong></span> 
     </span>
    </p>
   </div>
   <div class='ocr_carea' id='block_1_66' title="bbox 406 5932 2077 6062">
    <p class='ocr_par' dir='ltr' id='par_1_66' title="bbox 406 5932 2077 6062">
     <span class='ocr_line' id='line_1_66' title="bbox 406 5932 2077 6062; baseline -0.002 -58"><span class='ocrx_word' id='word_1_502' title='bbox 406 5932 641 6062; x_wconf 51' lang='grc' dir='ltr'><strong>εδὲῦξίθέ·</strong></span> <span class='ocrx_word' id='word_1_503' title='bbox 664 5932 897 6012; x_wconf 50' lang='lat' dir='ltr'><strong>mimis},</strong></span> <span class='ocrx_word' id='word_1_504' title='bbox 920 5932 1248 5997; x_wconf 69' lang='grc' dir='ltr'><strong>σθ’πανταγοῦ</strong></span> <span class='ocrx_word' id='word_1_505' title='bbox 1272 5948 1636 6014; x_wconf 74' lang='grc' dir='ltr'><strong>περιιλκομένης</strong></span> <span class='ocrx_word' id='word_1_506' title='bbox 1678 5951 1755 6002; x_wconf 72' lang='grc' dir='ltr'><strong>διὰ</strong></span> <span class='ocrx_word' id='word_1_507' title='bbox 1788 5955 1842 6005; x_wconf 83' lang='grc' dir='ltr'><strong>τὸ</strong></span> <span class='ocrx_word' id='word_1_508' title='bbox 1870 5950 2077 6015; x_wconf 70' lang='grc' dir='ltr'><strong>ἐὐπρόσ-</strong></span> 
     </span>
    </p>
   </div>
   <div class='ocr_carea' id='block_1_67' title="bbox 1258 380 3097 450">
    <p class='ocr_par' dir='ltr' id='par_1_67' title="bbox 1258 380 3097 450">
     <span class='ocr_line' id='line_1_67' title="bbox 1258 380 3097 450; baseline 0.005 -11"><span class='ocrx_word' id='word_1_509' title='bbox 1258 382 1319 439; x_wconf 90' lang='lat' dir='ltr'><strong>S.</strong></span> <span class='ocrx_word' id='word_1_510' title='bbox 1351 381 1636 439; x_wconf 78' lang='lat' dir='ltr'><strong>JOANNIS</strong></span> <span class='ocrx_word' id='word_1_511' title='bbox 1672 380 2157 439; x_wconf 70' lang='lat' dir='ltr'><strong>CIIRYSOSTOMI</strong></span> <span class='ocrx_word' id='word_1_512' title='bbox 2191 384 2509 442; x_wconf 76' lang='lat' dir='ltr'><strong>AHCHIEP.</strong></span> <span class='ocrx_word' id='word_1_513' title='bbox 2548 387 3097 450; x_wconf 74' lang='lat' dir='ltr'><strong>CONS’I‘ANTINOP.</strong></span> 
     </span>
    </p>
   </div>
   <div class='ocr_carea' id='block_1_68' title="bbox 3808 395 3922 451">
    <p class='ocr_par' dir='ltr' id='par_1_68' title="bbox 3808 395 3922 451">
     <span class='ocr_line' id='line_1_68' title="bbox 3808 395 3922 451; baseline -0.009 0"><span class='ocrx_word' id='word_1_514' title='bbox 3808 395 3922 451; x_wconf 75' lang='lat'><strong>590</strong></span> 
     </span>
    </p>
   </div>
   <div class='ocr_carea' id='block_1_69' title="bbox 2231 516 3916 597">
    <p class='ocr_par' dir='ltr' id='par_1_69' title="bbox 2231 516 3916 597">
     <span class='ocr_line' id='line_1_69' title="bbox 2231 516 3916 597; baseline 0.007 -31"><span class='ocrx_word' id='word_1_515' title='bbox 2231 530 2340 597; x_wconf 82' lang='grc' dir='ltr'><strong>των</strong></span> <span class='ocrx_word' id='word_1_516' title='bbox 2369 516 2464 570; x_wconf 76' lang='grc' dir='ltr'><strong>καὶ</strong></span> <span class='ocrx_word' id='word_1_517' title='bbox 2503 519 2849 593; x_wconf 90' lang='grc' dir='ltr'><strong>περιεργίας.</strong></span> <span class='ocrx_word' id='word_1_518' title='bbox 2879 522 3015 577; x_wconf 85' lang='grc' dir='ltr'><strong>ἀ).λά</strong></span> <span class='ocrx_word' id='word_1_519' title='bbox 3044 521 3139 578; x_wconf 75' lang='grc' dir='ltr'><strong>καὶ</strong></span> <span class='ocrx_word' id='word_1_520' title='bbox 3168 524 3450 596; x_wconf 85' lang='grc' dir='ltr'><strong>φροντίδος</strong></span> <span class='ocrx_word' id='word_1_521' title='bbox 3484 519 3626 579; x_wconf 79' lang='grc' dir='ltr'><strong>εἶναι</strong></span> <span class='ocrx_word' id='word_1_522' title='bbox 3656 524 3916 597; x_wconf 75' lang='grc' dir='ltr'><strong>καθαράν</strong></span> 
     </span>
    </p>
   </div>
   <div class='ocr_carea' id='block_1_70' title="bbox 2232 595 3923 684">
    <p class='ocr_par' dir='ltr' id='par_1_70' title="bbox 2232 595 3923 684">
     <span class='ocr_line' id='line_1_70' title="bbox 2232 595 3923 684; baseline 0.011 -34"><span class='ocrx_word' id='word_1_523' title='bbox 2232 595 2529 684; x_wconf 76' lang='grc' dir='ltr'><strong>βιωτικῆςσ</strong></span> <span class='ocrx_word' id='word_1_524' title='bbox 2564 601 2632 656; x_wconf 85' lang='grc' dir='ltr'><strong>ἀν</strong></span> <span class='ocrx_word' id='word_1_525' title='bbox 2669 602 2727 657; x_wconf 83' lang='grc' dir='ltr'><strong>δέ</strong></span> <span class='ocrx_word' id='word_1_526' title='bbox 2771 604 2848 677; x_wconf 80' lang='grc' dir='ltr'><strong>μὴ</strong></span> <span class='ocrx_word' id='word_1_527' title='bbox 2888 606 3050 661; x_wconf 89' lang='grc' dir='ltr'><strong>τοῦτο</strong></span> <span class='ocrx_word' id='word_1_528' title='bbox 3089 604 3147 684; x_wconf 77' lang='grc' dir='ltr'><strong>ᾖ,</strong></span> <span class='ocrx_word' id='word_1_529' title='bbox 3172 595 3230 662; x_wconf 84' lang='grc' dir='ltr'><strong>τί</strong></span> <span class='ocrx_word' id='word_1_530' title='bbox 3253 608 3316 662; x_wconf 88' lang='grc' dir='ltr'><strong>τδ</strong></span> <span class='ocrx_word' id='word_1_531' title='bbox 3352 598 3545 679; x_wconf 76' lang='grc' dir='ltr'><strong>δφελος</strong></span> <span class='ocrx_word' id='word_1_532' title='bbox 3587 595 3923 681; x_wconf 49' lang='grc' dir='ltr'><strong>σωματικῆς</strong></span> 
     </span>
    </p>
   </div>
   <div class='ocr_carea' id='block_1_71' title="bbox 2232 683 3923 766">
    <p class='ocr_par' dir='ltr' id='par_1_71' title="bbox 2232 683 3923 766">
     <span class='ocr_line' id='line_1_71' title="bbox 2232 683 3923 766; baseline 0.009 -30"><span class='ocrx_word' id='word_1_533' title='bbox 2232 683 2638 757; x_wconf 87' lang='grc' dir='ltr'><strong>καθαρότητος;</strong></span> <span class='ocrx_word' id='word_1_534' title='bbox 2685 689 2899 763; x_wconf 84' lang='grc' dir='ltr'><strong>Ὥσπερ</strong></span> <span class='ocrx_word' id='word_1_535' title='bbox 2940 692 3052 763; x_wconf 82' lang='grc' dir='ltr'><strong>γὰρ</strong></span> <span class='ocrx_word' id='word_1_536' title='bbox 3099 683 3434 766; x_wconf 86' lang='grc' dir='ltr'><strong>στρατιώτου</strong></span> <span class='ocrx_word' id='word_1_537' title='bbox 3481 694 3638 749; x_wconf 82' lang='grc' dir='ltr'><strong>οὐδὲν</strong></span> <span class='ocrx_word' id='word_1_538' title='bbox 3685 693 3923 765; x_wconf 79' lang='grc' dir='ltr'><strong>αίσχρό·</strong></span> 
     </span>
    </p>
   </div>
   <div class='ocr_carea' id='block_1_72' title="bbox 2226 771 3921 851">
    <p class='ocr_par' dir='ltr' id='par_1_72' title="bbox 2226 771 3921 851">
     <span class='ocr_line' id='line_1_72' title="bbox 2226 771 3921 851; baseline 0.011 -34"><span class='ocrx_word' id='word_1_539' title='bbox 2226 783 2384 851; x_wconf 85' lang='grc' dir='ltr'><strong>τερον</strong></span> <span class='ocrx_word' id='word_1_540' title='bbox 2413 771 2609 839; x_wconf 82' lang='grc' dir='ltr'><strong>γένοιτ’</strong></span> <span class='ocrx_word' id='word_1_541' title='bbox 2637 771 2705 826; x_wconf 85' lang='grc' dir='ltr'><strong>ἀν</strong></span> <span class='ocrx_word' id='word_1_542' title='bbox 2734 774 2804 829; x_wconf 89' lang='grc' dir='ltr'><strong>τά</strong></span> <span class='ocrx_word' id='word_1_543' title='bbox 2829 774 2970 829; x_wconf 84' lang='grc' dir='ltr'><strong>ὅπλα</strong></span> <span class='ocrx_word' id='word_1_544' title='bbox 2998 775 3253 846; x_wconf 75' lang='grc' dir='ltr'><strong>ῥίψαντος</strong></span> <span class='ocrx_word' id='word_1_545' title='bbox 3286 777 3381 832; x_wconf 76' lang='grc' dir='ltr'><strong>καὶ</strong></span> <span class='ocrx_word' id='word_1_546' title='bbox 3420 778 3743 851; x_wconf 87' lang='grc' dir='ltr'><strong>καπηλείοις</strong></span> <span class='ocrx_word' id='word_1_547' title='bbox 3789 795 3921 851; x_wconf 79' lang='grc' dir='ltr'><strong>σχο-</strong></span> 
     </span>
    </p>
   </div>
   <div class='ocr_carea' id='block_1_73' title="bbox 2227 850 3923 934">
    <p class='ocr_par' dir='ltr' id='par_1_73' title="bbox 2227 850 3923 934">
     <span class='ocr_line' id='line_1_73' title="bbox 2227 850 3923 934; baseline 0.013 -33"><span class='ocrx_word' id='word_1_548' title='bbox 2227 850 2504 922; x_wconf 70' lang='grc' dir='ltr'><strong>λάζοντος,</strong></span> <span class='ocrx_word' id='word_1_549' title='bbox 2551 855 2727 922; x_wconf 79' lang='grc' dir='ltr'><strong>οὕτως</strong></span> <span class='ocrx_word' id='word_1_550' title='bbox 2767 858 2890 912; x_wconf 81' lang='grc' dir='ltr'><strong>οὐδὲ</strong></span> <span class='ocrx_word' id='word_1_551' title='bbox 2930 859 3219 929; x_wconf 84' lang='grc' dir='ltr'><strong>παρθένων</strong></span> <span class='ocrx_word' id='word_1_552' title='bbox 3260 850 3739 934; x_wconf 84' lang='grc' dir='ltr'><strong>ἀσχημονέστερον</strong></span> <span class='ocrx_word' id='word_1_553' title='bbox 3787 850 3923 933; x_wconf 69' lang='grc' dir='ltr'><strong>βιω-</strong></span> 
     </span>
    </p>
   </div>
   <div class='ocr_carea' id='block_1_74' title="bbox 2226 939 3921 1018">
    <p class='ocr_par' dir='ltr' id='par_1_74' title="bbox 2226 939 3921 1018">
     <span class='ocr_line' id='line_1_74' title="bbox 2226 939 3921 1018; baseline 0.008 -31"><span class='ocrx_word' id='word_1_554' title='bbox 2226 939 2409 1002; x_wconf 80' lang='grc' dir='ltr'><strong>τικαῖς</strong></span> <span class='ocrx_word' id='word_1_555' title='bbox 2437 939 2799 1012; x_wconf 73' lang='grc' dir='ltr'><strong>ἐνδεδεμένων</strong></span> <span class='ocrx_word' id='word_1_556' title='bbox 2828 944 3097 1017; x_wconf 85' lang='grc' dir='ltr'><strong>φροντίσι.</strong></span> <span class='ocrx_word' id='word_1_557' title='bbox 3130 944 3240 998; x_wconf 77' lang='grc' dir='ltr'><strong>Καὶ</strong></span> <span class='ocrx_word' id='word_1_558' title='bbox 3274 946 3386 1018; x_wconf 85' lang='grc' dir='ltr'><strong>γὰρ</strong></span> <span class='ocrx_word' id='word_1_559' title='bbox 3418 947 3475 999; x_wconf 89' lang='grc' dir='ltr'><strong>αί</strong></span> <span class='ocrx_word' id='word_1_560' title='bbox 3512 946 3675 1001; x_wconf 87' lang='grc' dir='ltr'><strong>πέντε</strong></span> <span class='ocrx_word' id='word_1_561' title='bbox 3700 949 3921 1001; x_wconf 85' lang='grc' dir='ltr'><strong>ἐκεῖναι</strong></span> 
     </span>
    </p>
   </div>
   <div class='ocr_carea' id='block_1_75' title="bbox 2226 1018 3923 1100">
    <p class='ocr_par' dir='ltr' id='par_1_75' title="bbox 2226 1018 3923 1100">
     <span class='ocr_line' id='line_1_75' title="bbox 2226 1018 3923 1100; baseline 0.007 -29"><span class='ocrx_word' id='word_1_562' title='bbox 2226 1020 2324 1073; x_wconf 80' lang='grc' dir='ltr'><strong>καὶ</strong></span> <span class='ocrx_word' id='word_1_563' title='bbox 2354 1018 2645 1091; x_wconf 86' lang='grc' dir='ltr'><strong>λαμπάδας</strong></span> <span class='ocrx_word' id='word_1_564' title='bbox 2684 1020 2829 1095; x_wconf 74' lang='grc' dir='ltr'><strong>εἶχον</strong></span> <span class='ocrx_word' id='word_1_565' title='bbox 2873 1026 2966 1079; x_wconf 72' lang='grc' dir='ltr'><strong>καὶ</strong></span> <span class='ocrx_word' id='word_1_566' title='bbox 3016 1026 3316 1098; x_wconf 83' lang='grc' dir='ltr'><strong>παρθενίαν</strong></span> <span class='ocrx_word' id='word_1_567' title='bbox 3358 1027 3631 1100; x_wconf 78' lang='grc' dir='ltr'><strong>ἦσκησαν,</strong></span> <span class='ocrx_word' id='word_1_568' title='bbox 3672 1028 3796 1083; x_wconf 82' lang='grc' dir='ltr'><strong>ἀλλ’</strong></span> <span class='ocrx_word' id='word_1_569' title='bbox 3827 1030 3923 1083; x_wconf 88' lang='grc' dir='ltr'><strong>οὑ-</strong></span> 
     </span>
    </p>
   </div>
   <div class='ocr_carea' id='block_1_76' title="bbox 2226 1100 3920 1183">
    <p class='ocr_par' dir='ltr' id='par_1_76' title="bbox 2226 1100 3920 1183">
     <span class='ocr_line' id='line_1_76' title="bbox 2226 1100 3920 1183; baseline 0.006 -28"><span class='ocrx_word' id='word_1_570' title='bbox 2226 1100 2377 1167; x_wconf 82' lang='grc' dir='ltr'><strong>δενδς</strong></span> <span class='ocrx_word' id='word_1_571' title='bbox 2406 1102 2613 1161; x_wconf 85' lang='grc' dir='ltr'><strong>τούτων</strong></span> <span class='ocrx_word' id='word_1_572' title='bbox 2654 1106 2963 1175; x_wconf 89' lang='grc' dir='ltr'><strong>ἀπώναντο,</strong></span> <span class='ocrx_word' id='word_1_573' title='bbox 2988 1108 3127 1164; x_wconf 86' lang='grc' dir='ltr'><strong>ἀλλά</strong></span> <span class='ocrx_word' id='word_1_574' title='bbox 3154 1108 3264 1165; x_wconf 88' lang='grc' dir='ltr'><strong>τῶν</strong></span> <span class='ocrx_word' id='word_1_575' title='bbox 3293 1109 3479 1183; x_wconf 83' lang='grc' dir='ltr'><strong>θυρῶν</strong></span> <span class='ocrx_word' id='word_1_576' title='bbox 3524 1111 3920 1167; x_wconf 76' lang='grc' dir='ltr'><strong>ἀποκλεισθει-</strong></span> 
     </span>
    </p>
   </div>
   <div class='ocr_carea' id='block_1_77' title="bbox 2230 1187 3916 1269">
    <p class='ocr_par' dir='ltr' id='par_1_77' title="bbox 2230 1187 3916 1269">
     <span class='ocr_line' id='line_1_77' title="bbox 2230 1187 3916 1269; baseline 0.005 -28"><span class='ocrx_word' id='word_1_577' title='bbox 2230 1187 2339 1242; x_wconf 88' lang='grc' dir='ltr'><strong>σῶν</strong></span> <span class='ocrx_word' id='word_1_578' title='bbox 2366 1189 2559 1260; x_wconf 83' lang='grc' dir='ltr'><strong>έμενον</strong></span> <span class='ocrx_word' id='word_1_579' title='bbox 2588 1191 2694 1257; x_wconf 78' lang='grc' dir='ltr'><strong>ἔξω</strong></span> <span class='ocrx_word' id='word_1_580' title='bbox 2730 1195 2825 1248; x_wconf 78' lang='grc' dir='ltr'><strong>καὶ</strong></span> <span class='ocrx_word' id='word_1_581' title='bbox 2861 1192 3177 1249; x_wconf 82' lang='grc' dir='ltr'><strong>ἀπώλλυντο</strong></span> <span class='ocrx_word' id='word_1_582' title='bbox 3202 1205 3251 1250; x_wconf 80' lang='grc' dir='ltr'><strong>ο.</strong></span> <span class='ocrx_word' id='word_1_583' title='bbox 3284 1196 3395 1250; x_wconf 75' lang='grc' dir='ltr'><strong>Καὶ</strong></span> <span class='ocrx_word' id='word_1_584' title='bbox 3422 1195 3536 1268; x_wconf 82' lang='grc' dir='ltr'><strong>γὰρ</strong></span> <span class='ocrx_word' id='word_1_585' title='bbox 3567 1198 3603 1267; x_wconf 84' lang='grc' dir='ltr'><strong>ἡ</strong></span> <span class='ocrx_word' id='word_1_586' title='bbox 3632 1197 3916 1269; x_wconf 85' lang='grc' dir='ltr'><strong>παρθενία</strong></span> 
     </span>
    </p>
   </div>
   <div class='ocr_carea' id='block_1_78' title="bbox 2226 1271 3922 1350">
    <p class='ocr_par' dir='ltr' id='par_1_78' title="bbox 2226 1271 3922 1350">
     <span class='ocr_line' id='line_1_78' title="bbox 2226 1271 3922 1350; baseline 0.005 -26"><span class='ocrx_word' id='word_1_587' title='bbox 2226 1271 2315 1327; x_wconf 85' lang='grc' dir='ltr'><strong>διὰ</strong></span> <span class='ocrx_word' id='word_1_588' title='bbox 2339 1271 2497 1328; x_wconf 89' lang='grc' dir='ltr'><strong>τοῦτο</strong></span> <span class='ocrx_word' id='word_1_589' title='bbox 2520 1274 2703 1340; x_wconf 79' lang='grc' dir='ltr'><strong>καλὸν,</strong></span> <span class='ocrx_word' id='word_1_590' title='bbox 2724 1276 2806 1330; x_wconf 83' lang='grc' dir='ltr'><strong>δτι</strong></span> <span class='ocrx_word' id='word_1_591' title='bbox 2836 1279 3016 1332; x_wconf 77' lang='grc' dir='ltr'><strong>πᾶσαν</strong></span> <span class='ocrx_word' id='word_1_592' title='bbox 3047 1278 3306 1333; x_wconf 73' lang='grc' dir='ltr'><strong>ἐκκόπτει</strong></span> <span class='ocrx_word' id='word_1_593' title='bbox 3330 1278 3609 1350; x_wconf 85' lang='grc' dir='ltr'><strong>φροντίδος</strong></span> <span class='ocrx_word' id='word_1_594' title='bbox 3650 1279 3922 1333; x_wconf 86' lang='grc' dir='ltr'><strong>ὑπόθεσιν</strong></span> 
     </span>
    </p>
   </div>
   <div class='ocr_carea' id='block_1_79' title="bbox 2228 1357 3918 1435">
    <p class='ocr_par' dir='ltr' id='par_1_79' title="bbox 2228 1357 3918 1435">
     <span class='ocr_line' id='line_1_79' title="bbox 2228 1357 3918 1435; baseline 0.005 -27"><span class='ocrx_word' id='word_1_595' title='bbox 2228 1357 2512 1429; x_wconf 73' lang='grc' dir='ltr'><strong>περιττῆς,</strong></span> <span class='ocrx_word' id='word_1_596' title='bbox 2538 1358 2633 1413; x_wconf 74' lang='grc' dir='ltr'><strong>καὶ</strong></span> <span class='ocrx_word' id='word_1_597' title='bbox 2662 1361 2843 1416; x_wconf 81' lang='grc' dir='ltr'><strong>πᾶσαν</strong></span> <span class='ocrx_word' id='word_1_598' title='bbox 2871 1362 3067 1434; x_wconf 83' lang='grc' dir='ltr'><strong>σχολὴν</strong></span> <span class='ocrx_word' id='word_1_599' title='bbox 3099 1364 3213 1426; x_wconf 89' lang='grc' dir='ltr'><strong>τοῖς</strong></span> <span class='ocrx_word' id='word_1_600' title='bbox 3236 1362 3381 1417; x_wconf 84' lang='grc' dir='ltr'><strong>κατά</strong></span> <span class='ocrx_word' id='word_1_601' title='bbox 3415 1361 3549 1417; x_wconf 84' lang='grc' dir='ltr'><strong>Θεὸν</strong></span> <span class='ocrx_word' id='word_1_602' title='bbox 3581 1363 3918 1435; x_wconf 78' lang='grc' dir='ltr'><strong>ἀνατίθησιν</strong></span> 
     </span>
    </p>
   </div>
   <div class='ocr_carea' id='block_1_80' title="bbox 2227 1438 3919 1518">
    <p class='ocr_par' dir='ltr' id='par_1_80' title="bbox 2227 1438 3919 1518">
     <span class='ocr_line' id='line_1_80' title="bbox 2227 1438 3919 1518; baseline 0.005 -28"><span class='ocrx_word' id='word_1_603' title='bbox 2227 1438 2442 1511; x_wconf 77' lang='grc' dir='ltr'><strong>ἔργοιςο</strong></span> <span class='ocrx_word' id='word_1_604' title='bbox 2489 1440 2568 1506; x_wconf 85' lang='grc' dir='ltr'><strong>ὡς</strong></span> <span class='ocrx_word' id='word_1_605' title='bbox 2608 1441 2675 1497; x_wconf 83' lang='grc' dir='ltr'><strong>ἀν</strong></span> <span class='ocrx_word' id='word_1_606' title='bbox 2714 1443 2789 1515; x_wconf 84' lang='grc' dir='ltr'><strong>μὴ</strong></span> <span class='ocrx_word' id='word_1_607' title='bbox 2827 1444 2987 1500; x_wconf 88' lang='grc' dir='ltr'><strong>τοῦτο</strong></span> <span class='ocrx_word' id='word_1_608' title='bbox 3020 1446 3167 1518; x_wconf 77' lang='grc' dir='ltr'><strong>ἐχοι,</strong></span> <span class='ocrx_word' id='word_1_609' title='bbox 3207 1445 3345 1501; x_wconf 84' lang='grc' dir='ltr'><strong>πολὺ</strong></span> <span class='ocrx_word' id='word_1_610' title='bbox 3380 1444 3478 1500; x_wconf 87' lang='grc' dir='ltr'><strong>τοῦ</strong></span> <span class='ocrx_word' id='word_1_611' title='bbox 3518 1446 3701 1518; x_wconf 85' lang='grc' dir='ltr'><strong>γάμου</strong></span> <span class='ocrx_word' id='word_1_612' title='bbox 3748 1446 3919 1502; x_wconf 82' lang='grc' dir='ltr'><strong>πάλιν</strong></span> 
     </span>
    </p>
   </div>
   <div class='ocr_carea' id='block_1_81' title="bbox 2229 1528 3918 1607">
    <p class='ocr_par' dir='ltr' id='par_1_81' title="bbox 2229 1528 3918 1607">
     <span class='ocr_line' id='line_1_81' title="bbox 2229 1528 3918 1607; baseline 0.005 -26"><span class='ocrx_word' id='word_1_613' title='bbox 2229 1528 2466 1583; x_wconf 82' lang='grc' dir='ltr'><strong>ἐλάττων</strong></span> <span class='ocrx_word' id='word_1_614' title='bbox 2496 1530 2724 1599; x_wconf 87' lang='grc' dir='ltr'><strong>γίνεται,</strong></span> <span class='ocrx_word' id='word_1_615' title='bbox 2751 1534 2994 1598; x_wconf 87' lang='grc' dir='ltr'><strong>ἀκάνθας</strong></span> <span class='ocrx_word' id='word_1_616' title='bbox 3022 1535 3081 1588; x_wconf 83' lang='grc' dir='ltr'><strong>ἐν</strong></span> <span class='ocrx_word' id='word_1_617' title='bbox 3107 1537 3174 1606; x_wconf 80' lang='grc' dir='ltr'><strong>τῇ</strong></span> <span class='ocrx_word' id='word_1_618' title='bbox 3207 1534 3356 1607; x_wconf 77' lang='grc' dir='ltr'><strong>ψυχῇ</strong></span> <span class='ocrx_word' id='word_1_619' title='bbox 3385 1535 3768 1606; x_wconf 79' lang='grc' dir='ltr'><strong>περιφέρουσα</strong></span> <span class='ocrx_word' id='word_1_620' title='bbox 3819 1533 3918 1591; x_wconf 78' lang='grc' dir='ltr'><strong>καὶ</strong></span> 
     </span>
    </p>
   </div>
   <div class='ocr_carea' id='block_1_82' title="bbox 2226 1611 3655 1690">
    <p class='ocr_par' dir='ltr' id='par_1_82' title="bbox 2226 1611 3655 1690">
     <span class='ocr_line' id='line_1_82' title="bbox 2226 1611 3655 1690; baseline 0.004 -23"><span class='ocrx_word' id='word_1_621' title='bbox 2226 1613 2320 1668; x_wconf 82' lang='grc' dir='ltr'><strong>τὸν</strong></span> <span class='ocrx_word' id='word_1_622' title='bbox 2344 1611 2589 1687; x_wconf 83' lang='grc' dir='ltr'><strong>καθαρὸν</strong></span> <span class='ocrx_word' id='word_1_623' title='bbox 2616 1616 2713 1670; x_wconf 76' lang='grc' dir='ltr'><strong>καὶ</strong></span> <span class='ocrx_word' id='word_1_624' title='bbox 2739 1617 2988 1690; x_wconf 84' lang='grc' dir='ltr'><strong>οὐράνιον</strong></span> <span class='ocrx_word' id='word_1_625' title='bbox 3014 1620 3399 1689; x_wconf 83' lang='grc' dir='ltr'><strong>συμπνίγουσα</strong></span> <span class='ocrx_word' id='word_1_626' title='bbox 3429 1618 3655 1689; x_wconf 81' lang='grc' dir='ltr'><strong>σπόρον.</strong></span> 
     </span>
    </p>
   </div>
   <div class='ocr_carea' id='block_1_83' title="bbox 2296 1700 3920 1774">
    <p class='ocr_par' dir='ltr' id='par_1_83' title="bbox 2296 1700 3920 1774">
     <span class='ocr_line' id='line_1_83' title="bbox 2296 1700 3920 1774; baseline 0 -18"><span class='ocrx_word' id='word_1_627' title='bbox 2296 1702 2423 1756; x_wconf 83' lang='grc' dir='ltr'><strong>οΗ’.</strong></span> <span class='ocrx_word' id='word_1_628' title='bbox 2450 1703 2521 1757; x_wconf 82' lang='lat' dir='ltr'><strong>El</strong></span> <span class='ocrx_word' id='word_1_629' title='bbox 2538 1701 2607 1755; x_wconf 83' lang='grc' dir='ltr'><strong>δέ</strong></span> <span class='ocrx_word' id='word_1_630' title='bbox 2625 1719 2716 1769; x_wconf 86' lang='grc' dir='ltr'><strong>τις</strong></span> <span class='ocrx_word' id='word_1_631' title='bbox 2733 1702 3126 1772; x_wconf 79' lang='grc' dir='ltr'><strong>ἀσχημσνεῖν,</strong></span> <span class='ocrx_word' id='word_1_632' title='bbox 3145 1703 3333 1774; x_wconf 78' lang='grc' dir='ltr'><strong>φησὶν,</strong></span> <span class='ocrx_word' id='word_1_633' title='bbox 3351 1702 3451 1757; x_wconf 73' lang='grc' dir='ltr'><strong>ἐπὶ</strong></span> <span class='ocrx_word' id='word_1_634' title='bbox 3472 1702 3590 1770; x_wconf 80' lang='grc' dir='ltr'><strong>τὴν</strong></span> <span class='ocrx_word' id='word_1_635' title='bbox 3605 1700 3920 1771; x_wconf 75' lang='grc' dir='ltr'><strong>παρθένον</strong></span> 
     </span>
    </p>
   </div>
   <div class='ocr_carea' id='block_1_84' title="bbox 2225 1780 3921 1856">
    <p class='ocr_par' dir='ltr' id='par_1_84' title="bbox 2225 1780 3921 1856">
     <span class='ocr_line' id='line_1_84' title="bbox 2225 1780 3921 1856; baseline 0.001 -18"><span class='ocrx_word' id='word_1_636' title='bbox 2225 1784 2412 1840; x_wconf 80' lang='grc' dir='ltr'><strong>αὑτοῦ</strong></span> <span class='ocrx_word' id='word_1_637' title='bbox 2448 1784 2689 1854; x_wconf 80' lang='grc' dir='ltr'><strong>νομίζει,</strong></span> <span class='ocrx_word' id='word_1_638' title='bbox 2716 1784 2825 1839; x_wconf 81' lang='grc' dir='ltr'><strong>ἐὰν</strong></span> <span class='ocrx_word' id='word_1_639' title='bbox 2916 1785 3282 1855; x_wconf 81' lang='grc' dir='ltr'><strong>ὑπέρακμος,</strong></span> <span class='ocrx_word' id='word_1_640' title='bbox 3314 1784 3417 1840; x_wconf 80' lang='grc' dir='ltr'><strong>καί</strong></span> <span class='ocrx_word' id='word_1_641' title='bbox 3453 1783 3645 1850; x_wconf 82' lang='grc' dir='ltr'><strong>οὕτως</strong></span> <span class='ocrx_word' id='word_1_642' title='bbox 3674 1786 3921 1854; x_wconf 69' lang='grc' dir='ltr'><strong>ὀφείλει</strong></span> 
     </span>
    </p>
   </div>
   <div class='ocr_carea' id='block_1_85' title="bbox 2223 1867 3918 1939">
    <p class='ocr_par' dir='ltr' id='par_1_85' title="bbox 2223 1867 3918 1939">
     <span class='ocr_line' id='line_1_85' title="bbox 2223 1867 3918 1939; baseline -0.001 -16"><span class='ocrx_word' id='word_1_643' title='bbox 2223 1870 2514 1938; x_wconf 77' lang='grc' dir='ltr'><strong>γίνεσθαι,</strong></span> <span class='ocrx_word' id='word_1_644' title='bbox 2544 1868 2578 1923; x_wconf 78' lang='grc' dir='ltr'>ὃ</span> <span class='ocrx_word' id='word_1_645' title='bbox 2616 1867 2777 1923; x_wconf 76' lang='grc' dir='ltr'><strong>θέλει</strong></span> <span class='ocrx_word' id='word_1_646' title='bbox 2819 1870 3078 1934; x_wconf 77' lang='grc' dir='ltr'><strong>ποιείτω,</strong></span> <span class='ocrx_word' id='word_1_647' title='bbox 3136 1871 3251 1939; x_wconf 82' lang='grc' dir='ltr'><strong>οὐχ</strong></span> <span class='ocrx_word' id='word_1_648' title='bbox 3302 1868 3648 1938; x_wconf 82' lang='grc' dir='ltr'><strong>ἁμαρτάνει,</strong></span> <span class='ocrx_word' id='word_1_649' title='bbox 3698 1869 3918 1939; x_wconf 59' lang='grc' dir='ltr'><strong>γαμεί-</strong></span> 
     </span>
    </p>
   </div>
   <div class='ocr_carea' id='block_1_86' title="bbox 2224 1951 3915 2025">
    <p class='ocr_par' dir='ltr' id='par_1_86' title="bbox 2224 1951 3915 2025">
     <span class='ocr_line' id='line_1_86' title="bbox 2224 1951 3915 2025; baseline 0.001 -18"><span class='ocrx_word' id='word_1_650' title='bbox 2224 1968 2445 2009; x_wconf 87' lang='grc' dir='ltr'><strong>τωσαν.</strong></span> <span class='ocrx_word' id='word_1_651' title='bbox 2480 1954 2547 2006; x_wconf 83' lang='grc' dir='ltr'><strong>Τί</strong></span> <span class='ocrx_word' id='word_1_652' title='bbox 2584 1953 2783 2022; x_wconf 82' lang='grc' dir='ltr'><strong>λέγεις,</strong></span> <span class='ocrx_word' id='word_1_653' title='bbox 2813 1956 2877 2006; x_wconf 87' lang='grc' dir='ltr'><strong><em>Ὃ</em></strong></span> <span class='ocrx_word' id='word_1_654' title='bbox 2910 1953 3087 2008; x_wconf 72' lang='grc' dir='ltr'><strong>θέλει-</strong></span> <span class='ocrx_word' id='word_1_655' title='bbox 3117 1951 3390 2008; x_wconf 84' lang='grc' dir='ltr'><strong>ποιείτω·</strong></span> <span class='ocrx_word' id='word_1_656' title='bbox 3426 1953 3523 2007; x_wconf 78' lang='grc' dir='ltr'><strong>καὶ</strong></span> <span class='ocrx_word' id='word_1_657' title='bbox 3556 1954 3618 2006; x_wconf 81' lang='grc' dir='ltr'><strong>οὑ</strong></span> <span class='ocrx_word' id='word_1_658' title='bbox 3667 1953 3915 2025; x_wconf 86' lang='grc' dir='ltr'><strong>διορθοίς</strong></span> 
     </span>
    </p>
   </div>
   <div class='ocr_carea' id='block_1_87' title="bbox 2222 2035 3917 2108">
    <p class='ocr_par' dir='ltr' id='par_1_87' title="bbox 2222 2035 3917 2108">
     <span class='ocr_line' id='line_1_87' title="bbox 2222 2035 3917 2108; baseline 0.001 -18"><span class='ocrx_word' id='word_1_659' title='bbox 2222 2037 2706 2108; x_wconf 81' lang='grc' dir='ltr'><strong>τὴν·ἐσφαλμένην</strong></span> <span class='ocrx_word' id='word_1_660' title='bbox 2738 2036 2985 2108; x_wconf 83' lang='grc' dir='ltr'><strong>γνώμην,</strong></span> <span class='ocrx_word' id='word_1_661' title='bbox 3024 2036 3140 2091; x_wconf 84' lang='grc' dir='ltr'><strong>ἀλλ’</strong></span> <span class='ocrx_word' id='word_1_662' title='bbox 3178 2035 3499 2108; x_wconf 84' lang='grc' dir='ltr'><strong>ἐπιτρέπεις</strong></span> <span class='ocrx_word' id='word_1_663' title='bbox 3539 2039 3774 2108; x_wconf 87' lang='grc' dir='ltr'><strong>γαμεῖν;</strong></span> <span class='ocrx_word' id='word_1_664' title='bbox 3811 2037 3917 2091; x_wconf 87' lang='grc' dir='ltr'><strong>Διά</strong></span> 
     </span>
    </p>
   </div>
   <div class='ocr_carea' id='block_1_88' title="bbox 2221 2117 3915 2193">
    <p class='ocr_par' dir='ltr' id='par_1_88' title="bbox 2221 2117 3915 2193">
     <span class='ocr_line' id='line_1_88' title="bbox 2221 2117 3915 2193; baseline 0.001 -20"><span class='ocrx_word' id='word_1_665' title='bbox 2221 2120 2276 2173; x_wconf 86' lang='grc' dir='ltr'><strong>τί</strong></span> <span class='ocrx_word' id='word_1_666' title='bbox 2303 2122 2413 2193; x_wconf 86' lang='grc' dir='ltr'><strong>γὰρ</strong></span> <span class='ocrx_word' id='word_1_667' title='bbox 2445 2121 2547 2174; x_wconf 85' lang='grc' dir='ltr'><strong>οὑκ</strong></span> <span class='ocrx_word' id='word_1_668' title='bbox 2579 2117 2758 2185; x_wconf 74' lang='grc' dir='ltr'><strong>εἶπες·</strong></span> <span class='ocrx_word' id='word_1_669' title='bbox 2801 2122 2865 2174; x_wconf 66' lang='lat' dir='ltr'><strong>Et</strong></span> <span class='ocrx_word' id='word_1_670' title='bbox 2902 2120 2960 2173; x_wconf 82' lang='grc' dir='ltr'><strong>δὲ</strong></span> <span class='ocrx_word' id='word_1_671' title='bbox 3006 2122 3339 2192; x_wconf 81' lang='grc' dir='ltr'><strong>ἀσχημονεῖν</strong></span> <span class='ocrx_word' id='word_1_672' title='bbox 3369 2120 3463 2174; x_wconf 68' lang='grc' dir='ltr'><strong>ἐπὶ</strong></span> <span class='ocrx_word' id='word_1_673' title='bbox 3495 2120 3596 2192; x_wconf 82' lang='grc' dir='ltr'><strong>τὴν</strong></span> <span class='ocrx_word' id='word_1_674' title='bbox 3634 2120 3915 2192; x_wconf 81' lang='grc' dir='ltr'><strong>παρθένον</strong></span> 
     </span>
    </p>
   </div>
   <div class='ocr_carea' id='block_1_89' title="bbox 2222 2202 3914 2277">
    <p class='ocr_par' dir='ltr' id='par_1_89' title="bbox 2222 2202 3914 2277">
     <span class='ocr_line' id='line_1_89' title="bbox 2222 2202 3914 2277; baseline 0.002 -21"><span class='ocrx_word' id='word_1_675' title='bbox 2222 2202 2386 2257; x_wconf 86' lang='grc' dir='ltr'><strong>αὑτοῦ</strong></span> <span class='ocrx_word' id='word_1_676' title='bbox 2428 2203 2661 2274; x_wconf 77' lang='grc' dir='ltr'><strong>νομίζει,</strong></span> <span class='ocrx_word' id='word_1_677' title='bbox 2708 2203 2891 2267; x_wconf 86' lang='grc' dir='ltr'><strong>ἀθλιός</strong></span> <span class='ocrx_word' id='word_1_678' title='bbox 2924 2206 3042 2257; x_wconf 89' lang='grc' dir='ltr'><strong>ἐστι</strong></span> <span class='ocrx_word' id='word_1_679' title='bbox 3093 2205 3190 2257; x_wconf 75' lang='grc' dir='ltr'><strong>καὶ</strong></span> <span class='ocrx_word' id='word_1_680' title='bbox 3236 2204 3619 2276; x_wconf 87' lang='grc' dir='ltr'><strong>ταλαίπωρος,</strong></span> <span class='ocrx_word' id='word_1_681' title='bbox 3665 2207 3914 2277; x_wconf 78' lang='grc' dir='ltr'><strong>πρᾶγμα</strong></span> 
     </span>
    </p>
   </div>
   <div class='ocr_carea' id='block_1_90' title="bbox 2220 2284 3911 2364">
    <p class='ocr_par' dir='ltr' id='par_1_90' title="bbox 2220 2284 3911 2364">
     <span class='ocr_line' id='line_1_90' title="bbox 2220 2284 3911 2364; baseline 0.002 -25"><span class='ocrx_word' id='word_1_682' title='bbox 2220 2286 2364 2340; x_wconf 87' lang='grc' dir='ltr'><strong>οῦτω</strong></span> <span class='ocrx_word' id='word_1_683' title='bbox 2389 2286 2701 2359; x_wconf 82' lang='grc' dir='ltr'><strong>θαυμαστὸν</strong></span> <span class='ocrx_word' id='word_1_684' title='bbox 2728 2286 3088 2342; x_wconf 88' lang='grc' dir='ltr'><strong>ἐπονείδιστον</strong></span> <span class='ocrx_word' id='word_1_685' title='bbox 3119 2284 3258 2342; x_wconf 76' lang='grc' dir='ltr'><strong>εἶναι</strong></span> <span class='ocrx_word' id='word_1_686' title='bbox 3295 2289 3564 2360; x_wconf 74' lang='grc' dir='ltr'><strong>νομίξωνς</strong></span> <span class='ocrx_word' id='word_1_687' title='bbox 3598 2290 3686 2344; x_wconf 77' lang='grc' dir='ltr'><strong>διὰ</strong></span> <span class='ocrx_word' id='word_1_688' title='bbox 3725 2292 3783 2345; x_wconf 85' lang='grc' dir='ltr'><strong>τί</strong></span> <span class='ocrx_word' id='word_1_689' title='bbox 3833 2292 3911 2364; x_wconf 78' lang='grc' dir='ltr'><strong>μὴ</strong></span> 
     </span>
    </p>
   </div>
   <div class='ocr_carea' id='block_1_91' title="bbox 2223 2368 3911 2445">
    <p class='ocr_par' dir='ltr' id='par_1_91' title="bbox 2223 2368 3911 2445">
     <span class='ocr_line' id='line_1_91' title="bbox 2223 2368 3911 2445; baseline 0.005 -23"><span class='ocrx_word' id='word_1_690' title='bbox 2223 2368 2653 2434; x_wconf 87' lang='grc' dir='ltr'><strong>συνεϐούλευσας</strong></span> <span class='ocrx_word' id='word_1_691' title='bbox 2698 2369 2902 2441; x_wconf 89' lang='grc' dir='ltr'><strong>ταύτης</strong></span> <span class='ocrx_word' id='word_1_692' title='bbox 2934 2370 3318 2441; x_wconf 87' lang='grc' dir='ltr'><strong>ἀπαλλαγέντα</strong></span> <span class='ocrx_word' id='word_1_693' title='bbox 3361 2372 3463 2445; x_wconf 87' lang='grc' dir='ltr'><strong>τῆς</strong></span> <span class='ocrx_word' id='word_1_694' title='bbox 3509 2374 3773 2445; x_wconf 78' lang='grc' dir='ltr'><strong>ὑποψίας,</strong></span> <span class='ocrx_word' id='word_1_695' title='bbox 3804 2377 3911 2430; x_wconf 88' lang='grc' dir='ltr'><strong>ἀπ-</strong></span> 
     </span>
    </p>
   </div>
   <div class='ocr_carea' id='block_1_92' title="bbox 2219 2453 3910 2530">
    <p class='ocr_par' dir='ltr' id='par_1_92' title="bbox 2219 2453 3910 2530">
     <span class='ocr_line' id='line_1_92' title="bbox 2219 2453 3910 2530; baseline 0.005 -24"><span class='ocrx_word' id='word_1_696' title='bbox 2219 2456 2447 2523; x_wconf 84' lang='grc' dir='ltr'><strong>αγαγεῖν</strong></span> <span class='ocrx_word' id='word_1_697' title='bbox 2466 2454 2561 2507; x_wconf 90' lang='grc' dir='ltr'><strong>τοῦ</strong></span> <span class='ocrx_word' id='word_1_698' title='bbox 2587 2453 2767 2526; x_wconf 87' lang='grc' dir='ltr'><strong>γάμου</strong></span> <span class='ocrx_word' id='word_1_699' title='bbox 2794 2455 2894 2528; x_wconf 78' lang='grc' dir='ltr'><strong>τὴν</strong></span> <span class='ocrx_word' id='word_1_700' title='bbox 2920 2455 3085 2510; x_wconf 80' lang='grc' dir='ltr'><strong>αὑτοῦ</strong></span> <span class='ocrx_word' id='word_1_701' title='bbox 3107 2456 3415 2529; x_wconf 71' lang='grc' dir='ltr'><strong>θυγατέρας</strong></span> <span class='ocrx_word' id='word_1_702' title='bbox 3435 2456 3580 2524; x_wconf 87' lang='grc' dir='ltr'><strong>Ὅτι,</strong></span> <span class='ocrx_word' id='word_1_703' title='bbox 3609 2460 3766 2530; x_wconf 73' lang='grc' dir='ltr'><strong>φησὶ,</strong></span> <span class='ocrx_word' id='word_1_704' title='bbox 3799 2460 3910 2515; x_wconf 84' lang='grc' dir='ltr'><strong>τῶν</strong></span> 
     </span>
    </p>
   </div>
   <div class='ocr_carea' id='block_1_93' title="bbox 2222 2535 3908 2614">
    <p class='ocr_par' dir='ltr' id='par_1_93' title="bbox 2222 2535 3908 2614">
     <span class='ocr_line' id='line_1_93' title="bbox 2222 2535 3908 2614; baseline 0.005 -25"><span class='ocrx_word' id='word_1_705' title='bbox 2222 2535 2427 2608; x_wconf 85' lang='grc' dir='ltr'><strong>σφόδρα</strong></span> <span class='ocrx_word' id='word_1_706' title='bbox 2451 2536 2695 2592; x_wconf 86' lang='grc' dir='ltr'><strong>ἀσθενῶν</strong></span> <span class='ocrx_word' id='word_1_707' title='bbox 2721 2538 2815 2591; x_wconf 73' lang='grc' dir='ltr'><strong>καὶ</strong></span> <span class='ocrx_word' id='word_1_708' title='bbox 2845 2539 3019 2610; x_wconf 76' lang='grc' dir='ltr'><strong>χαμαὶ</strong></span> <span class='ocrx_word' id='word_1_709' title='bbox 3044 2541 3364 2612; x_wconf 86' lang='grc' dir='ltr'><strong>συρομένων</strong></span> <span class='ocrx_word' id='word_1_710' title='bbox 3387 2536 3527 2614; x_wconf 79' lang='grc' dir='ltr'><strong>ἦσαν</strong></span> <span class='ocrx_word' id='word_1_711' title='bbox 3564 2543 3619 2595; x_wconf 89' lang='grc' dir='ltr'><strong>αί</strong></span> <span class='ocrx_word' id='word_1_712' title='bbox 3649 2542 3908 2599; x_wconf 87' lang='grc' dir='ltr'><strong>τοιαῦται</strong></span> 
     </span>
    </p>
   </div>
   <div class='ocr_carea' id='block_1_94' title="bbox 2216 2619 3907 2701">
    <p class='ocr_par' dir='ltr' id='par_1_94' title="bbox 2216 2619 3907 2701">
     <span class='ocr_line' id='line_1_94' title="bbox 2216 2619 3907 2701; baseline 0.005 -27"><span class='ocrx_word' id='word_1_713' title='bbox 2216 2619 2415 2694; x_wconf 79' lang='grc' dir='ltr'><strong>ψυχαί·</strong></span> <span class='ocrx_word' id='word_1_714' title='bbox 2453 2620 2553 2687; x_wconf 82' lang='grc' dir='ltr'><strong>τὰς</strong></span> <span class='ocrx_word' id='word_1_715' title='bbox 2580 2621 2637 2676; x_wconf 87' lang='grc' dir='ltr'><strong>δὲ</strong></span> <span class='ocrx_word' id='word_1_716' title='bbox 2672 2621 2814 2677; x_wconf 70' lang='grc' dir='ltr'><strong>οὕτω</strong></span> <span class='ocrx_word' id='word_1_717' title='bbox 2851 2623 3203 2695; x_wconf 86' lang='grc' dir='ltr'><strong>διακειμένας</strong></span> <span class='ocrx_word' id='word_1_718' title='bbox 3234 2623 3386 2697; x_wconf 77' lang='grc'>[550]</span> <span class='ocrx_word' id='word_1_719' title='bbox 3414 2628 3514 2679; x_wconf 88' lang='grc' dir='ltr'><strong>οὑκ</strong></span> <span class='ocrx_word' id='word_1_720' title='bbox 3538 2626 3669 2696; x_wconf 80' lang='grc' dir='ltr'><strong>ἐνῆν</strong></span> <span class='ocrx_word' id='word_1_721' title='bbox 3702 2626 3907 2701; x_wconf 85' lang='grc' dir='ltr'><strong>ἀθρόον</strong></span> 
     </span>
    </p>
   </div>
   <div class='ocr_carea' id='block_1_95' title="bbox 2218 2706 3905 2784">
    <p class='ocr_par' dir='ltr' id='par_1_95' title="bbox 2218 2706 3905 2784">
     <span class='ocr_line' id='line_1_95' title="bbox 2218 2706 3905 2784; baseline 0.003 -23"><span class='ocrx_word' id='word_1_722' title='bbox 2218 2708 2448 2776; x_wconf 75' lang='grc' dir='ltr'><strong>ἀγαγεῖν</strong></span> <span class='ocrx_word' id='word_1_723' title='bbox 2478 2706 2573 2762; x_wconf 72' lang='grc' dir='ltr'><strong>ἐπὶ</strong></span> <span class='ocrx_word' id='word_1_724' title='bbox 2609 2707 2738 2772; x_wconf 82' lang='grc' dir='ltr'><strong>τοὺς</strong></span> <span class='ocrx_word' id='word_1_725' title='bbox 2776 2707 2917 2779; x_wconf 84' lang='grc' dir='ltr'><strong>ὑπὲρ</strong></span> <span class='ocrx_word' id='word_1_726' title='bbox 2960 2708 3060 2779; x_wconf 82' lang='grc' dir='ltr'><strong>τῆς</strong></span> <span class='ocrx_word' id='word_1_727' title='bbox 3099 2708 3397 2779; x_wconf 86' lang='grc' dir='ltr'><strong>παρθενίας</strong></span> <span class='ocrx_word' id='word_1_728' title='bbox 3439 2709 3652 2778; x_wconf 85' lang='grc' dir='ltr'><strong>λόγους.</strong></span> <span class='ocrx_word' id='word_1_729' title='bbox 3693 2711 3756 2764; x_wconf 84' lang='grc' dir='ltr'>ὐ</span> <span class='ocrx_word' id='word_1_730' title='bbox 3795 2713 3905 2784; x_wconf 78' lang='grc' dir='ltr'><strong>γάρ</strong></span> 
     </span>
    </p>
   </div>
   <div class='ocr_carea' id='block_1_96' title="bbox 2217 2789 3905 2865">
    <p class='ocr_par' dir='ltr' id='par_1_96' title="bbox 2217 2789 3905 2865">
     <span class='ocr_line' id='line_1_96' title="bbox 2217 2789 3905 2865; baseline 0.002 -21"><span class='ocrx_word' id='word_1_731' title='bbox 2217 2789 2360 2844; x_wconf 82' lang='grc' dir='ltr'><strong>οῦτω</strong></span> <span class='ocrx_word' id='word_1_732' title='bbox 2387 2789 2526 2865; x_wconf 84' lang='grc' dir='ltr'><strong>πρδς</strong></span> <span class='ocrx_word' id='word_1_733' title='bbox 2552 2790 2623 2846; x_wconf 84' lang='grc' dir='ltr'><strong>τά</strong></span> <span class='ocrx_word' id='word_1_734' title='bbox 2666 2790 2762 2846; x_wconf 88' lang='grc' dir='ltr'><strong>τοῦ</strong></span> <span class='ocrx_word' id='word_1_735' title='bbox 2812 2791 3020 2862; x_wconf 88' lang='grc' dir='ltr'><strong>κόσμου</strong></span> <span class='ocrx_word' id='word_1_736' title='bbox 3055 2791 3362 2864; x_wconf 86' lang='grc' dir='ltr'><strong>πράγματα</strong></span> <span class='ocrx_word' id='word_1_737' title='bbox 3406 2792 3774 2864; x_wconf 83' lang='grc' dir='ltr'><strong>ἐπτοημένος,</strong></span> <span class='ocrx_word' id='word_1_738' title='bbox 3802 2795 3905 2848; x_wconf 75' lang='grc' dir='ltr'><strong>καὶ</strong></span> 
     </span>
    </p>
   </div>
   <div class='ocr_carea' id='block_1_97' title="bbox 2216 2873 3907 2949">
    <p class='ocr_par' dir='ltr' id='par_1_97' title="bbox 2216 2873 3907 2949">
     <span class='ocr_line' id='line_1_97' title="bbox 2216 2873 3907 2949; baseline 0.003 -21"><span class='ocrx_word' id='word_1_739' title='bbox 2216 2873 2309 2929; x_wconf 76' lang='grc' dir='ltr'><strong>τὸν</strong></span> <span class='ocrx_word' id='word_1_740' title='bbox 2339 2876 2587 2948; x_wconf 89' lang='grc' dir='ltr'><strong>παρόντα</strong></span> <span class='ocrx_word' id='word_1_741' title='bbox 2626 2875 2742 2946; x_wconf 86' lang='grc' dir='ltr'><strong>βίον</strong></span> <span class='ocrx_word' id='word_1_742' title='bbox 2775 2875 3094 2947; x_wconf 80' lang='grc' dir='ltr'><strong>θαυμάζων,</strong></span> <span class='ocrx_word' id='word_1_743' title='bbox 3121 2877 3199 2942; x_wconf 85' lang='grc' dir='ltr'><strong>ὡς</strong></span> <span class='ocrx_word' id='word_1_744' title='bbox 3249 2877 3345 2932; x_wconf 60' lang='grc' dir='ltr'><strong>καὶ⁵</strong></span> <span class='ocrx_word' id='word_1_745' title='bbox 3377 2876 3518 2949; x_wconf 84' lang='grc' dir='ltr'><strong>μετά</strong></span> <span class='ocrx_word' id='word_1_746' title='bbox 3552 2876 3654 2948; x_wconf 84' lang='grc' dir='ltr'><strong>τὴν</strong></span> <span class='ocrx_word' id='word_1_747' title='bbox 3701 2879 3907 2933; x_wconf 82' lang='grc' dir='ltr'><strong>τοσαύ-</strong></span> 
     </span>
    </p>
   </div>
   <div class='ocr_carea' id='block_1_98' title="bbox 2214 2954 3906 3032">
    <p class='ocr_par' dir='ltr' id='par_1_98' title="bbox 2214 2954 3906 3032">
     <span class='ocr_line' id='line_1_98' title="bbox 2214 2954 3906 3032; baseline 0.005 -22"><span class='ocrx_word' id='word_1_748' title='bbox 2214 2974 2317 3027; x_wconf 87' lang='grc' dir='ltr'><strong>την</strong></span> <span class='ocrx_word' id='word_1_749' title='bbox 2367 2959 2690 3031; x_wconf 88' lang='grc' dir='ltr'><strong>παραίνεσιν</strong></span> <span class='ocrx_word' id='word_1_750' title='bbox 2732 2960 2995 3032; x_wconf 75' lang='grc' dir='ltr'><strong>αἰσχύνης</strong></span> <span class='ocrx_word' id='word_1_751' title='bbox 3038 2960 3189 3027; x_wconf 83' lang='grc' dir='ltr'><strong>ἀξιον</strong></span> <span class='ocrx_word' id='word_1_752' title='bbox 3220 2954 3365 3015; x_wconf 80' lang='grc' dir='ltr'><strong>εἶναι</strong></span> <span class='ocrx_word' id='word_1_753' title='bbox 3414 2960 3680 3032; x_wconf 77' lang='grc' dir='ltr'><strong>νομίζειν,</strong></span> <span class='ocrx_word' id='word_1_754' title='bbox 3724 2961 3757 3015; x_wconf 81' lang='grc' dir='ltr'><strong>ὃ</strong></span> <span class='ocrx_word' id='word_1_755' title='bbox 3792 2962 3906 3019; x_wconf 86' lang='grc' dir='ltr'><strong>τῶν</strong></span> 
     </span>
    </p>
   </div>
   <div class='ocr_carea' id='block_1_99' title="bbox 2216 3041 3904 3117">
    <p class='ocr_par' dir='ltr' id='par_1_99' title="bbox 2216 3041 3904 3117">
     <span class='ocr_line' id='line_1_99' title="bbox 2216 3041 3904 3117; baseline 0.004 -23"><span class='ocrx_word' id='word_1_756' title='bbox 2216 3041 2461 3113; x_wconf 79' lang='grc' dir='ltr'><strong>οὐρανῶν</strong></span> <span class='ocrx_word' id='word_1_757' title='bbox 2510 3041 2661 3108; x_wconf 80' lang='grc' dir='ltr'><strong>ἄξιόν</strong></span> <span class='ocrx_word' id='word_1_758' title='bbox 2697 3044 2817 3098; x_wconf 90' lang='grc' dir='ltr'><strong>ἐστι</strong></span> <span class='ocrx_word' id='word_1_759' title='bbox 2858 3045 2954 3099; x_wconf 75' lang='grc' dir='ltr'><strong>καὶ</strong></span> <span class='ocrx_word' id='word_1_760' title='bbox 2996 3045 3095 3116; x_wconf 84' lang='grc' dir='ltr'><strong>τῆς</strong></span> <span class='ocrx_word' id='word_1_761' title='bbox 3133 3044 3437 3115; x_wconf 84' lang='grc' dir='ltr'><strong>ἀγγελικῆς</strong></span> <span class='ocrx_word' id='word_1_762' title='bbox 3489 3045 3770 3111; x_wconf 87' lang='grc' dir='ltr'><strong>πολιτείας</strong></span> <span class='ocrx_word' id='word_1_763' title='bbox 3805 3049 3904 3117; x_wconf 88' lang='grc' dir='ltr'><strong>ἐγ-</strong></span> 
     </span>
    </p>
   </div>
   <div class='ocr_carea' id='block_1_100' title="bbox 2216 3124 3903 3201">
    <p class='ocr_par' dir='ltr' id='par_1_100' title="bbox 2216 3124 3903 3201">
     <span class='ocr_line' id='line_1_100' title="bbox 2216 3124 3903 3201; baseline 0.011 -24"><span class='ocrx_word' id='word_1_764' title='bbox 2216 3126 2339 3194; x_wconf 78' lang='grc' dir='ltr'><strong>γὺς,</strong></span> <span class='ocrx_word' id='word_1_765' title='bbox 2369 3124 2488 3191; x_wconf 78' lang='grc' dir='ltr'><strong>πῶς</strong></span> <span class='ocrx_word' id='word_1_766' title='bbox 2521 3127 2589 3181; x_wconf 83' lang='grc' dir='ltr'><strong>ἂν</strong></span> <span class='ocrx_word' id='word_1_767' title='bbox 2617 3126 2880 3199; x_wconf 79' lang='grc' dir='ltr'><strong>ἠνέσχετο</strong></span> <span class='ocrx_word' id='word_1_768' title='bbox 2920 3128 3233 3199; x_wconf 77' lang='grc' dir='ltr'><strong>συμϐουλῆς</strong></span> <span class='ocrx_word' id='word_1_769' title='bbox 3268 3129 3351 3193; x_wconf 89' lang='grc' dir='ltr'><strong>είς</strong></span> <span class='ocrx_word' id='word_1_770' title='bbox 3391 3128 3552 3182; x_wconf 87' lang='grc' dir='ltr'><strong>τοῦτο</strong></span> <span class='ocrx_word' id='word_1_771' title='bbox 3588 3129 3903 3201; x_wconf 72' lang='grc' dir='ltr'><strong>ἐναγούσης</strong></span> 
     </span>
    </p>
   </div>
   <div class='ocr_carea' id='block_1_101' title="bbox 2216 3209 3905 3285">
    <p class='ocr_par' dir='ltr' id='par_1_101' title="bbox 2216 3209 3905 3285">
     <span class='ocr_line' id='line_1_101' title="bbox 2216 3209 3905 3285; baseline 0.004 -22"><span class='ocrx_word' id='word_1_772' title='bbox 2216 3209 2417 3277; x_wconf 85' lang='grc' dir='ltr'><strong>αὑτόν;</strong></span> <span class='ocrx_word' id='word_1_773' title='bbox 2461 3211 2575 3266; x_wconf 73' lang='grc' dir='ltr'><strong>Καὶ</strong></span> <span class='ocrx_word' id='word_1_774' title='bbox 2611 3210 2666 3264; x_wconf 86' lang='grc' dir='ltr'><strong>τί</strong></span> <span class='ocrx_word' id='word_1_775' title='bbox 2702 3211 3039 3283; x_wconf 80' lang='grc' dir='ltr'><strong>θαυμαστὸν,</strong></span> <span class='ocrx_word' id='word_1_776' title='bbox 3081 3214 3133 3267; x_wconf 88' lang='grc' dir='ltr'><strong>εί</strong></span> <span class='ocrx_word' id='word_1_777' title='bbox 3172 3212 3267 3265; x_wconf 76' lang='grc' dir='ltr'><strong>ἐπὶ</strong></span> <span class='ocrx_word' id='word_1_778' title='bbox 3313 3213 3642 3285; x_wconf 82' lang='grc' dir='ltr'><strong>πράγματος</strong></span> <span class='ocrx_word' id='word_1_779' title='bbox 3697 3231 3905 3284; x_wconf 85' lang='grc' dir='ltr'><strong>συγκε-</strong></span> 
     </span>
    </p>
   </div>
   <div class='ocr_carea' id='block_1_102' title="bbox 2215 3291 3900 3365">
    <p class='ocr_par' dir='ltr' id='par_1_102' title="bbox 2215 3291 3900 3365">
     <span class='ocr_line' id='line_1_102' title="bbox 2215 3291 3900 3365; baseline 0.002 -17"><span class='ocrx_word' id='word_1_780' title='bbox 2215 3292 2543 3365; x_wconf 74' lang='grc' dir='ltr'><strong>χωρημένον</strong></span> <span class='ocrx_word' id='word_1_781' title='bbox 2579 3291 2740 3347; x_wconf 89' lang='grc' dir='ltr'><strong>τοῦτο</strong></span> <span class='ocrx_word' id='word_1_782' title='bbox 2764 3296 2794 3348; x_wconf 85' lang='grc' dir='ltr'><strong><em>ὁ</em></strong></span> <span class='ocrx_word' id='word_1_783' title='bbox 2840 3293 3052 3358; x_wconf 79' lang='grc' dir='ltr'><strong>Παῦλος</strong></span> <span class='ocrx_word' id='word_1_784' title='bbox 3084 3294 3362 3365; x_wconf 82' lang='grc' dir='ltr'><strong>ἐποίησεν,</strong></span> <span class='ocrx_word' id='word_1_785' title='bbox 3399 3296 3536 3349; x_wconf 82' lang='grc' dir='ltr'><strong>ὅπου</strong></span> <span class='ocrx_word' id='word_1_786' title='bbox 3566 3312 3631 3365; x_wconf 88' lang='grc' dir='ltr'><strong>γε</strong></span> <span class='ocrx_word' id='word_1_787' title='bbox 3671 3296 3773 3351; x_wconf 65' lang='lat' dir='ltr'><strong>em</strong></span> <span class='ocrx_word' id='word_1_788' title='bbox 3808 3316 3900 3353; x_wconf 85' lang='grc' dir='ltr'><strong>κε-</strong></span> 
     </span>
    </p>
   </div>
   <div class='ocr_carea' id='block_1_103' title="bbox 2215 3376 3906 3450">
    <p class='ocr_par' dir='ltr' id='par_1_103' title="bbox 2215 3376 3906 3450">
     <span class='ocr_line' id='line_1_103' title="bbox 2215 3376 3906 3450; baseline 0.003 -21"><span class='ocrx_word' id='word_1_789' title='bbox 2215 3376 2534 3446; x_wconf 83' lang='grc' dir='ltr'><strong>κωλυμένου</strong></span> <span class='ocrx_word' id='word_1_790' title='bbox 2577 3376 2671 3430; x_wconf 56' lang='grc' dir='ltr'><strong>καί⁵</strong></span> <span class='ocrx_word' id='word_1_791' title='bbox 2712 3376 3031 3450; x_wconf 72' lang='grc' dir='ltr'><strong>παρανόμου</strong></span> <span class='ocrx_word' id='word_1_792' title='bbox 3059 3377 3123 3431; x_wconf 79' lang='grc' dir='ltr'><strong>τὸ</strong></span> <span class='ocrx_word' id='word_1_793' title='bbox 3165 3378 3302 3431; x_wconf 85' lang='grc' dir='ltr'><strong>αὑτὸ</strong></span> <span class='ocrx_word' id='word_1_794' title='bbox 3331 3378 3496 3433; x_wconf 87' lang='grc' dir='ltr'><strong>πάλιν</strong></span> <span class='ocrx_word' id='word_1_795' title='bbox 3545 3381 3726 3443; x_wconf 75' lang='grc' dir='ltr'><strong>ποιεῖς</strong></span> <span class='ocrx_word' id='word_1_796' title='bbox 3777 3376 3906 3434; x_wconf 76' lang='grc' dir='ltr'><strong>Οἷόν</strong></span> 
     </span>
    </p>
   </div>
   <div class='ocr_carea' id='block_1_104' title="bbox 2213 3459 3904 3537">
    <p class='ocr_par' dir='ltr' id='par_1_104' title="bbox 2213 3459 3904 3537">
     <span class='ocr_line' id='line_1_104' title="bbox 2213 3459 3904 3537; baseline 0.002 -23"><span class='ocrx_word' id='word_1_797' title='bbox 2213 3478 2268 3514; x_wconf 89' lang='grc' dir='ltr'><strong>τι</strong></span> <span class='ocrx_word' id='word_1_798' title='bbox 2311 3459 2484 3530; x_wconf 66' lang='grc' dir='ltr'><strong>λέγων</strong></span> <span class='ocrx_word' id='word_1_799' title='bbox 2517 3462 2581 3515; x_wconf 79' lang='grc' dir='ltr'><strong>τδ</strong></span> <span class='ocrx_word' id='word_1_800' title='bbox 2626 3460 2728 3533; x_wconf 84' lang='grc' dir='ltr'><strong>τῆς</strong></span> <span class='ocrx_word' id='word_1_801' title='bbox 2768 3460 2880 3515; x_wconf 89' lang='grc' dir='ltr'><strong>τῶν</strong></span> <span class='ocrx_word' id='word_1_802' title='bbox 2928 3460 3238 3533; x_wconf 86' lang='grc' dir='ltr'><strong>βρωμάτων</strong></span> <span class='ocrx_word' id='word_1_803' title='bbox 3289 3463 3735 3535; x_wconf 83' lang='grc' dir='ltr'><strong>παρατηρήσεως</strong></span> <span class='ocrx_word' id='word_1_804' title='bbox 3754 3465 3904 3537; x_wconf 65' lang='grc' dir='ltr'><strong>κεχε-</strong></span> 
     </span>
    </p>
   </div>
   <div class='ocr_carea' id='block_1_105' title="bbox 2216 3542 3900 3615">
    <p class='ocr_par' dir='ltr' id='par_1_105' title="bbox 2216 3542 3900 3615">
     <span class='ocr_line' id='line_1_105' title="bbox 2216 3542 3900 3615; baseline 0.003 -19"><span class='ocrx_word' id='word_1_805' title='bbox 2216 3543 2372 3608; x_wconf 89' lang='grc' dir='ltr'><strong>σθαι,</strong></span> <span class='ocrx_word' id='word_1_806' title='bbox 2411 3544 2508 3597; x_wconf 74' lang='grc' dir='ltr'><strong>καὶ</strong></span> <span class='ocrx_word' id='word_1_807' title='bbox 2556 3542 2717 3597; x_wconf 83' lang='grc' dir='ltr'><strong>τοῦτο</strong></span> <span class='ocrx_word' id='word_1_808' title='bbox 2761 3544 2861 3615; x_wconf 87' lang='grc' dir='ltr'><strong>μὲν</strong></span> <span class='ocrx_word' id='word_1_809' title='bbox 2908 3542 3227 3615; x_wconf 80' lang='grc' dir='ltr'><strong>ἐγκρίνειν,’</strong></span> <span class='ocrx_word' id='word_1_810' title='bbox 3253 3547 3432 3600; x_wconf 86' lang='grc' dir='ltr'><strong>ἐκεῖνο</strong></span> <span class='ocrx_word' id='word_1_811' title='bbox 3472 3546 3533 3600; x_wconf 76' lang='grc' dir='ltr'><strong>δὲ</strong></span> <span class='ocrx_word' id='word_1_812' title='bbox 3583 3546 3900 3615; x_wconf 83' lang='grc' dir='ltr'><strong>ἐκϐάλλειν,</strong></span> 
     </span>
    </p>
   </div>
   <div class='ocr_carea' id='block_1_106' title="bbox 2225 3624 3904 3703">
    <p class='ocr_par' dir='ltr' id='par_1_106' title="bbox 2225 3624 3904 3703">
     <span class='ocr_line' id='line_1_106' title="bbox 2225 3624 3904 3703; baseline 0.004 -22"><span class='ocrx_word' id='word_1_813' title='bbox 2225 3626 2525 3698; x_wconf 85' lang='grc' dir='ltr'><strong>Ἰουδαϊκῆς</strong></span> <span class='ocrx_word' id='word_1_814' title='bbox 2572 3627 2860 3691; x_wconf 85' lang='grc' dir='ltr'><strong>ἀσθενείας</strong></span> <span class='ocrx_word' id='word_1_815' title='bbox 2910 3624 3007 3700; x_wconf 77' lang='grc' dir='ltr'><strong>ἦν’</strong></span> <span class='ocrx_word' id='word_1_816' title='bbox 3045 3629 3160 3683; x_wconf 86' lang='grc' dir='ltr'><strong>ἀλλ’</strong></span> <span class='ocrx_word' id='word_1_817' title='bbox 3188 3629 3340 3700; x_wconf 77' lang='grc' dir='ltr'><strong>ὅμως</strong></span> <span class='ocrx_word' id='word_1_818' title='bbox 3385 3626 3526 3701; x_wconf 78' lang='grc' dir='ltr'><strong>ἦσαν</strong></span> <span class='ocrx_word' id='word_1_819' title='bbox 3558 3631 3715 3703; x_wconf 83' lang='grc' dir='ltr'><strong>παρὰ</strong></span> <span class='ocrx_word' id='word_1_820' title='bbox 3762 3634 3904 3687; x_wconf 81' lang='grc' dir='ltr'><strong>Ῥω-</strong></span> 
     </span>
    </p>
   </div>
   <div class='ocr_carea' id='block_1_107' title="bbox 2216 3713 3902 3787">
    <p class='ocr_par' dir='ltr' id='par_1_107' title="bbox 2216 3713 3902 3787">
     <span class='ocr_line' id='line_1_107' title="bbox 2216 3713 3902 3787; baseline 0.004 -19"><span class='ocrx_word' id='word_1_821' title='bbox 2216 3713 2399 3785; x_wconf 89' lang='grc' dir='ltr'><strong>μαίοις</strong></span> <span class='ocrx_word' id='word_1_822' title='bbox 2443 3715 2492 3768; x_wconf 88' lang='grc' dir='ltr'><strong>οί</strong></span> <span class='ocrx_word' id='word_1_823' title='bbox 2522 3713 2729 3786; x_wconf 86' lang='grc' dir='ltr'><strong>ταύτην</strong></span> <span class='ocrx_word' id='word_1_824' title='bbox 2762 3714 2978 3786; x_wconf 71' lang='grc' dir='ltr'><strong>ἔχοντες</strong></span> <span class='ocrx_word' id='word_1_825' title='bbox 3024 3714 3125 3786; x_wconf 76' lang='grc' dir='ltr'><strong>τὴν</strong></span> <span class='ocrx_word' id='word_1_826' title='bbox 3156 3714 3440 3770; x_wconf 83' lang='grc' dir='ltr'><strong>ἀσθένειαν</strong></span> <span class='ocrx_word' id='word_1_827' title='bbox 3460 3732 3475 3745; x_wconf 75' lang='grc'><strong><em>⁸</em></strong></span> <span class='ocrx_word' id='word_1_828' title='bbox 3502 3717 3599 3770; x_wconf 80' lang='grc' dir='ltr'><strong>καὶ</strong></span> <span class='ocrx_word' id='word_1_829' title='bbox 3626 3716 3690 3769; x_wconf 85' lang='grc' dir='ltr'><strong>οὑ</strong></span> <span class='ocrx_word' id='word_1_830' title='bbox 3731 3719 3902 3787; x_wconf 78' lang='grc' dir='ltr'><strong>μόνον</strong></span> 
     </span>
    </p>
   </div>
   <div class='ocr_carea' id='block_1_108' title="bbox 2211 3796 3900 3871">
    <p class='ocr_par' dir='ltr' id='par_1_108' title="bbox 2211 3796 3900 3871">
     <span class='ocr_line' id='line_1_108' title="bbox 2211 3796 3900 3871; baseline 0.004 -22"><span class='ocrx_word' id='word_1_831' title='bbox 2211 3796 2390 3851; x_wconf 86' lang='grc' dir='ltr'><strong>αὑτῶν</strong></span> <span class='ocrx_word' id='word_1_832' title='bbox 2436 3798 2498 3851; x_wconf 86' lang='grc' dir='ltr'><strong>οὑ</strong></span> <span class='ocrx_word' id='word_1_833' title='bbox 2551 3799 2902 3871; x_wconf 84' lang='grc' dir='ltr'><strong>κατηγόρησε</strong></span> <span class='ocrx_word' id='word_1_834' title='bbox 2952 3797 3095 3868; x_wconf 81' lang='grc' dir='ltr'><strong>μετά</strong></span> <span class='ocrx_word' id='word_1_835' title='bbox 3148 3798 3545 3871; x_wconf 87' lang='grc' dir='ltr'><strong>σφοδρότητος,</strong></span> <span class='ocrx_word' id='word_1_836' title='bbox 3597 3798 3740 3853; x_wconf 87' lang='grc' dir='ltr'><strong>ἀλλά</strong></span> <span class='ocrx_word' id='word_1_837' title='bbox 3804 3801 3900 3855; x_wconf 77' lang='grc' dir='ltr'><strong>καὶ</strong></span> 
     </span>
    </p>
   </div>
   <div class='ocr_carea' id='block_1_109' title="bbox 2210 3880 3900 3955">
    <p class='ocr_par' dir='ltr' id='par_1_109' title="bbox 2210 3880 3900 3955">
     <span class='ocr_line' id='line_1_109' title="bbox 2210 3880 3900 3955; baseline 0.004 -21"><span class='ocrx_word' id='word_1_838' title='bbox 2210 3880 2401 3955; x_wconf 74' lang='grc' dir='ltr'><strong>ἕτερόν</strong></span> <span class='ocrx_word' id='word_1_839' title='bbox 2440 3899 2494 3936; x_wconf 90' lang='grc' dir='ltr'><strong>τι</strong></span> <span class='ocrx_word' id='word_1_840' title='bbox 2523 3880 2687 3936; x_wconf 83' lang='grc' dir='ltr'><strong>πλέον</strong></span> <span class='ocrx_word' id='word_1_841' title='bbox 2731 3880 2923 3936; x_wconf 81' lang='grc' dir='ltr'><strong>τούτου</strong></span> <span class='ocrx_word' id='word_1_842' title='bbox 2959 3883 3121 3936; x_wconf 83' lang='grc' dir='ltr'><strong>ποιεῖ.</strong></span> <span class='ocrx_word' id='word_1_843' title='bbox 3160 3882 3304 3947; x_wconf 83' lang='grc' dir='ltr'><strong>Τοὺς</strong></span> <span class='ocrx_word' id='word_1_844' title='bbox 3332 3881 3442 3953; x_wconf 86' lang='grc' dir='ltr'><strong>γὰρ</strong></span> <span class='ocrx_word' id='word_1_845' title='bbox 3472 3882 3900 3955; x_wconf 82' lang='grc' dir='ltr'><strong>ἁμαρτάνοντας</strong></span> 
     </span>
    </p>
   </div>
   <div class='ocr_carea' id='block_1_110' title="bbox 2210 3963 3895 4037">
    <p class='ocr_par' dir='ltr' id='par_1_110' title="bbox 2210 3963 3895 4037">
     <span class='ocr_line' id='line_1_110' title="bbox 2210 3963 3895 4037; baseline 0.001 -17"><span class='ocrx_word' id='word_1_846' title='bbox 2210 3966 2372 4036; x_wconf 71' lang='grc' dir='ltr'><strong>ἀφεὶς</strong></span> <span class='ocrx_word' id='word_1_847' title='bbox 2405 3967 2519 4029; x_wconf 88' lang='grc' dir='ltr'><strong>τοῖς</strong></span> <span class='ocrx_word' id='word_1_848' title='bbox 2540 3963 2878 4037; x_wconf 90' lang='grc' dir='ltr'><strong>ἐπιχειροῦσι</strong></span> <span class='ocrx_word' id='word_1_849' title='bbox 2913 3964 3143 4019; x_wconf 88' lang='grc' dir='ltr'><strong>κωλύειν</strong></span> <span class='ocrx_word' id='word_1_850' title='bbox 3169 3966 3364 4029; x_wconf 76' lang='grc' dir='ltr'><strong>αὐτοὺς</strong></span> <span class='ocrx_word' id='word_1_851' title='bbox 3399 3967 3652 4037; x_wconf 75' lang='grc' dir='ltr'><strong>ἐπιτιμᾷ,</strong></span> <span class='ocrx_word' id='word_1_852' title='bbox 3681 3966 3895 4036; x_wconf 67' lang='grc' dir='ltr'><strong>λέγων*</strong></span> 
     </span>
    </p>
   </div>
   <div class='ocr_carea' id='block_1_111' title="bbox 2210 4045 3898 4121">
    <p class='ocr_par' dir='ltr' id='par_1_111' title="bbox 2210 4045 3898 4121">
     <span class='ocr_line' id='line_1_111' title="bbox 2210 4045 3898 4121; baseline 0.001 -19"><span class='ocrx_word' id='word_1_853' title='bbox 2210 4047 2296 4102; x_wconf 87' lang='grc' dir='ltr'><strong>Σὺ</strong></span> <span class='ocrx_word' id='word_1_854' title='bbox 2338 4046 2412 4101; x_wconf 81' lang='grc' dir='ltr'><strong>δὲ</strong></span> <span class='ocrx_word' id='word_1_855' title='bbox 2448 4047 2509 4102; x_wconf 87' lang='grc' dir='ltr'><strong>τί</strong></span> <span class='ocrx_word' id='word_1_856' title='bbox 2539 4048 2764 4117; x_wconf 78' lang='grc' dir='ltr'><strong>κρίνεις</strong></span> <span class='ocrx_word' id='word_1_857' title='bbox 2817 4045 2927 4102; x_wconf 84' lang='grc' dir='ltr'><strong>τὸν</strong></span> <span class='ocrx_word' id='word_1_858' title='bbox 2954 4046 3225 4117; x_wconf 64' lang='grc' dir='ltr'><strong>ἀδελφόν</strong></span> <span class='ocrx_word' id='word_1_859' title='bbox 3257 4063 3406 4111; x_wconf 88' lang='grc' dir='ltr'><strong>σου;</strong></span> <span class='ocrx_word' id='word_1_860' title='bbox 3450 4047 3592 4101; x_wconf 86' lang='grc' dir='ltr'><strong>Ἀλλ’</strong></span> <span class='ocrx_word' id='word_1_861' title='bbox 3640 4050 3766 4121; x_wconf 83' lang='grc' dir='ltr'><strong>οὐχ,</strong></span> <span class='ocrx_word' id='word_1_862' title='bbox 3811 4052 3898 4105; x_wconf 75' lang='grc' dir='ltr'><strong>ὅτε</strong></span> 
     </span>
    </p>
   </div>
   <div class='ocr_carea' id='block_1_112' title="bbox 2209 4128 3899 4202">
    <p class='ocr_par' dir='ltr' id='par_1_112' title="bbox 2209 4128 3899 4202">
     <span class='ocr_line' id='line_1_112' title="bbox 2209 4128 3899 4202; baseline 0.002 -18"><span class='ocrx_word' id='word_1_863' title='bbox 2209 4129 2612 4185; x_wconf 85' lang='grc' dir='ltr'><strong>Κολοσσαεῦσιν</strong></span> <span class='ocrx_word' id='word_1_864' title='bbox 2662 4128 2982 4194; x_wconf 78' lang='grc' dir='ltr'><strong>ἐπέστειλε,</strong></span> <span class='ocrx_word' id='word_1_865' title='bbox 3026 4129 3186 4183; x_wconf 88' lang='grc' dir='ltr'><strong>τοῦτο</strong></span> <span class='ocrx_word' id='word_1_866' title='bbox 3234 4129 3514 4200; x_wconf 82' lang='grc' dir='ltr'><strong>ἐποίησεν,</strong></span> <span class='ocrx_word' id='word_1_867' title='bbox 3560 4129 3698 4184; x_wconf 89' lang='grc' dir='ltr'><strong>άλλά</strong></span> <span class='ocrx_word' id='word_1_868' title='bbox 3754 4134 3899 4202; x_wconf 85' lang='grc' dir='ltr'><strong>μετά</strong></span> 
     </span>
    </p>
   </div>
   <div class='ocr_carea' id='block_1_113' title="bbox 2210 4208 3894 4281">
    <p class='ocr_par' dir='ltr' id='par_1_113' title="bbox 2210 4208 3894 4281">
     <span class='ocr_line' id='line_1_113' title="bbox 2210 4208 3894 4281; baseline 0.001 -19"><span class='ocrx_word' id='word_1_869' title='bbox 2210 4209 2416 4281; x_wconf 79' lang='grc' dir='ltr'><strong>πολλῆς</strong></span> <span class='ocrx_word' id='word_1_870' title='bbox 2443 4208 2695 4275; x_wconf 84' lang='grc' dir='ltr'><strong>ἐξουσίας</strong></span> <span class='ocrx_word' id='word_1_871' title='bbox 2723 4210 2819 4264; x_wconf 78' lang='grc' dir='ltr'><strong>καὶ</strong></span> <span class='ocrx_word' id='word_1_872' title='bbox 2850 4210 3193 4265; x_wconf 89' lang='grc' dir='ltr'><strong>καθάπτεται</strong></span> <span class='ocrx_word' id='word_1_873' title='bbox 3223 4208 3423 4274; x_wconf 88' lang='grc' dir='ltr'><strong>αὑτῶν,</strong></span> <span class='ocrx_word' id='word_1_874' title='bbox 3458 4210 3553 4264; x_wconf 74' lang='grc' dir='ltr'><strong>καὶ</strong></span> <span class='ocrx_word' id='word_1_875' title='bbox 3586 4210 3894 4280; x_wconf 86' lang='grc' dir='ltr'><strong>φιλοσοφεῖ,</strong></span> 
     </span>
    </p>
   </div>
   <div class='ocr_carea' id='block_1_114' title="bbox 2209 4287 3897 4360">
    <p class='ocr_par' dir='ltr' id='par_1_114' title="bbox 2209 4287 3897 4360">
     <span class='ocr_line' id='line_1_114' title="bbox 2209 4287 3897 4360; baseline 0.002 -19"><span class='ocrx_word' id='word_1_876' title='bbox 2209 4288 2412 4358; x_wconf 80' lang='grc' dir='ltr'><strong>λέγων’</strong></span> <span class='ocrx_word' id='word_1_877' title='bbox 2456 4288 2552 4357; x_wconf 81' lang='grc' dir='ltr'><strong>Μὴ</strong></span> <span class='ocrx_word' id='word_1_878' title='bbox 2587 4289 2701 4343; x_wconf 82' lang='grc' dir='ltr'><strong>οὖν</strong></span> <span class='ocrx_word' id='word_1_879' title='bbox 2749 4305 2841 4356; x_wconf 84' lang='grc' dir='ltr'><strong>τις</strong></span> <span class='ocrx_word' id='word_1_880' title='bbox 2880 4287 3038 4359; x_wconf 84' lang='grc' dir='ltr'><strong>ὑμᾶς</strong></span> <span class='ocrx_word' id='word_1_881' title='bbox 3081 4287 3330 4357; x_wconf 83' lang='grc' dir='ltr'><strong>κρινέτω</strong></span> <span class='ocrx_word' id='word_1_882' title='bbox 3368 4287 3441 4342; x_wconf 85' lang='grc' dir='ltr'><strong>ἐν</strong></span> <span class='ocrx_word' id='word_1_883' title='bbox 3481 4289 3711 4358; x_wconf 83' lang='grc' dir='ltr'><strong>,βρώσει</strong></span> <span class='ocrx_word' id='word_1_884' title='bbox 3751 4291 3796 4360; x_wconf 77' lang='grc' dir='ltr'><em>ἢ</em></span> <span class='ocrx_word' id='word_1_885' title='bbox 3826 4292 3897 4344; x_wconf 79' lang='grc' dir='ltr'><strong>ἐν</strong></span> 
     </span>
    </p>
   </div>
   <div class='ocr_carea' id='block_1_115' title="bbox 2207 4367 3894 4437">
    <p class='ocr_par' dir='ltr' id='par_1_115' title="bbox 2207 4367 3894 4437">
     <span class='ocr_line' id='line_1_115' title="bbox 2207 4367 3894 4437; baseline 0.002 -16"><span class='ocrx_word' id='word_1_886' title='bbox 2207 4371 2417 4423; x_wconf 74' lang='grc' dir='ltr'><strong>πόσειο</strong></span> <span class='ocrx_word' id='word_1_887' title='bbox 2451 4368 2547 4422; x_wconf 74' lang='grc' dir='ltr'><strong>καὶ</strong></span> <span class='ocrx_word' id='word_1_888' title='bbox 2579 4368 2741 4422; x_wconf 88' lang='grc' dir='ltr'><strong>πάλιν</strong></span> <span class='ocrx_word' id='word_1_889' title='bbox 2762 4386 2775 4400; x_wconf 74' lang='grc' dir='ltr'><strong>ο</strong></span> <span class='ocrx_word' id='word_1_890' title='bbox 2806 4370 2876 4423; x_wconf 77' lang='lat' dir='ltr'><strong>El</strong></span> <span class='ocrx_word' id='word_1_891' title='bbox 2902 4367 3232 4423; x_wconf 81' lang='grc' dir='ltr'><strong>ἀπεθάνετε</strong></span> <span class='ocrx_word' id='word_1_892' title='bbox 3261 4370 3331 4423; x_wconf 82' lang='grc' dir='ltr'><strong>ὲν</strong></span> <span class='ocrx_word' id='word_1_893' title='bbox 3356 4368 3594 4437; x_wconf 83' lang='grc' dir='ltr'><strong>Χριστῷ</strong></span> <span class='ocrx_word' id='word_1_894' title='bbox 3625 4368 3745 4425; x_wconf 84' lang='grc' dir='ltr'><strong>ἀπὸ</strong></span> <span class='ocrx_word' id='word_1_895' title='bbox 3778 4372 3894 4425; x_wconf 73' lang='grc' dir='ltr'><strong>τῶν</strong></span> 
     </span>
    </p>
   </div>
   <div class='ocr_carea' id='block_1_116' title="bbox 2206 4446 3891 4519">
    <p class='ocr_par' dir='ltr' id='par_1_116' title="bbox 2206 4446 3891 4519">
     <span class='ocr_line' id='line_1_116' title="bbox 2206 4446 3891 4519; baseline 0.004 -18"><span class='ocrx_word' id='word_1_896' title='bbox 2206 4448 2525 4516; x_wconf 83' lang='grc' dir='ltr'><strong>στοιχείων</strong></span> <span class='ocrx_word' id='word_1_897' title='bbox 2553 4449 2660 4503; x_wconf 86' lang='grc' dir='ltr'><strong>τοῦ</strong></span> <span class='ocrx_word' id='word_1_898' title='bbox 2695 4449 2949 4519; x_wconf 81' lang='grc' dir='ltr'><strong>κόσμου,</strong></span> <span class='ocrx_word' id='word_1_899' title='bbox 2976 4448 3036 4501; x_wconf 82' lang='grc' dir='ltr'><strong>τί</strong></span> <span class='ocrx_word' id='word_1_900' title='bbox 3079 4449 3159 4515; x_wconf 89' lang='grc' dir='ltr'><strong>ὡς</strong></span> <span class='ocrx_word' id='word_1_901' title='bbox 3201 4446 3415 4515; x_wconf 78' lang='grc' dir='ltr'><strong>ζῶντες</strong></span> <span class='ocrx_word' id='word_1_902' title='bbox 3442 4448 3513 4501; x_wconf 85' lang='grc' dir='ltr'><strong>ἐν</strong></span> <span class='ocrx_word' id='word_1_903' title='bbox 3552 4450 3764 4519; x_wconf 84' lang='grc' dir='ltr'><strong>κόσμῳ</strong></span> <span class='ocrx_word' id='word_1_904' title='bbox 3793 4451 3891 4507; x_wconf 85' lang='grc' dir='ltr'><strong>δο-</strong></span> 
     </span>
    </p>
   </div>
   <div class='ocr_carea' id='block_1_117' title="bbox 2207 4526 3892 4600">
    <p class='ocr_par' dir='ltr' id='par_1_117' title="bbox 2207 4526 3892 4600">
     <span class='ocr_line' id='line_1_117' title="bbox 2207 4526 3892 4600; baseline 0.002 -21"><span class='ocrx_word' id='word_1_905' title='bbox 2207 4526 2589 4598; x_wconf 76' lang='grc' dir='ltr'><strong>γματίζεσθε;</strong></span> <span class='ocrx_word' id='word_1_906' title='bbox 2626 4526 2723 4597; x_wconf 74' lang='grc' dir='ltr'><strong>Μὴ</strong></span> <span class='ocrx_word' id='word_1_907' title='bbox 2768 4526 2928 4595; x_wconf 68' lang='grc' dir='ltr'><strong>ἅψῃ,</strong></span> <span class='ocrx_word' id='word_1_908' title='bbox 2964 4526 3125 4596; x_wconf 83' lang='grc' dir='ltr'><strong>μηδὲ</strong></span> <span class='ocrx_word' id='word_1_909' title='bbox 3174 4528 3390 4596; x_wconf 74' lang='grc' dir='ltr'><strong>γεύσῃ,</strong></span> <span class='ocrx_word' id='word_1_910' title='bbox 3422 4527 3583 4596; x_wconf 81' lang='grc' dir='ltr'><strong>μηδὲ</strong></span> <span class='ocrx_word' id='word_1_911' title='bbox 3627 4530 3826 4600; x_wconf 79' lang='grc' dir='ltr'><strong>θίγῃς,</strong></span> <span class='ocrx_word' id='word_1_912' title='bbox 3855 4532 3892 4586; x_wconf 87' lang='grc' dir='ltr'><em>ᾶ</em></span> 
     </span>
    </p>
   </div>
   <div class='ocr_carea' id='block_1_118' title="bbox 2203 4605 3893 4681">
    <p class='ocr_par' dir='ltr' id='par_1_118' title="bbox 2203 4605 3893 4681">
     <span class='ocr_line' id='line_1_118' title="bbox 2203 4605 3893 4681; baseline 0.001 -18"><span class='ocrx_word' id='word_1_913' title='bbox 2203 4609 2337 4663; x_wconf 88' lang='grc' dir='ltr'><strong>ἐστι</strong></span> <span class='ocrx_word' id='word_1_914' title='bbox 2383 4607 2585 4663; x_wconf 75' lang='grc' dir='ltr'><strong>πάντα</strong></span> <span class='ocrx_word' id='word_1_915' title='bbox 2637 4610 2726 4676; x_wconf 84' lang='grc' dir='ltr'><strong>εὶς</strong></span> <span class='ocrx_word' id='word_1_916' title='bbox 2778 4608 3010 4677; x_wconf 75' lang='grc' dir='ltr'><strong>φθορὰν</strong></span> <span class='ocrx_word' id='word_1_917' title='bbox 3052 4605 3129 4677; x_wconf 75' lang='grc' dir='ltr'><strong>τῇ</strong></span> <span class='ocrx_word' id='word_1_918' title='bbox 3170 4606 3530 4676; x_wconf 68' lang='grc' dir='ltr'><strong>ἀποχρήσει.</strong></span> <span class='ocrx_word' id='word_1_919' title='bbox 3577 4609 3644 4663; x_wconf 85' lang='grc' dir='ltr'><strong>Τί</strong></span> <span class='ocrx_word' id='word_1_920' title='bbox 3688 4610 3893 4681; x_wconf 84' lang='grc' dir='ltr'><strong>δήποτε</strong></span> 
     </span>
    </p>
   </div>
   <div class='ocr_carea' id='block_1_119' title="bbox 2205 4682 3886 4759">
    <p class='ocr_par' dir='ltr' id='par_1_119' title="bbox 2205 4682 3886 4759">
     <span class='ocr_line' id='line_1_119' title="bbox 2205 4682 3886 4759; baseline 0.001 -17"><span class='ocrx_word' id='word_1_921' title='bbox 2205 4683 2299 4742; x_wconf 86' lang='grc' dir='ltr'><strong>οῦν</strong></span> <span class='ocrx_word' id='word_1_922' title='bbox 2326 4688 2484 4742; x_wconf 90' lang='grc' dir='ltr'><strong>τοῦτο</strong></span> <span class='ocrx_word' id='word_1_923' title='bbox 2534 4689 2714 4756; x_wconf 72' lang='grc' dir='ltr'><strong>ποιεῖς</strong></span> <span class='ocrx_word' id='word_1_924' title='bbox 2748 4689 2873 4742; x_wconf 83' lang='grc' dir='ltr'><strong>Ὅτι</strong></span> <span class='ocrx_word' id='word_1_925' title='bbox 2919 4687 3120 4741; x_wconf 84' lang='grc' dir='ltr'><strong>ἐκεῖνοι</strong></span> <span class='ocrx_word' id='word_1_926' title='bbox 3161 4686 3260 4757; x_wconf 87' lang='grc' dir='ltr'><strong>μέν</strong></span> <span class='ocrx_word' id='word_1_927' title='bbox 3292 4682 3435 4758; x_wconf 79' lang='grc' dir='ltr'><strong>ἦσαν</strong></span> <span class='ocrx_word' id='word_1_928' title='bbox 3476 4690 3710 4759; x_wconf 78' lang='grc' dir='ltr'><strong>ἰσχυροὶ,</strong></span> <span class='ocrx_word' id='word_1_929' title='bbox 3750 4691 3886 4744; x_wconf 82' lang='grc' dir='ltr'><strong>Ῥω-</strong></span> 
     </span>
    </p>
   </div>
   <div class='ocr_carea' id='block_1_120' title="bbox 2209 4767 3889 4841">
    <p class='ocr_par' dir='ltr' id='par_1_120' title="bbox 2209 4767 3889 4841">
     <span class='ocr_line' id='line_1_120' title="bbox 2209 4767 3889 4841; baseline 0 -19"><span class='ocrx_word' id='word_1_930' title='bbox 2209 4773 2359 4841; x_wconf 86' lang='grc' dir='ltr'><strong>μαῖοι</strong></span> <span class='ocrx_word' id='word_1_931' title='bbox 2404 4769 2462 4823; x_wconf 83' lang='grc' dir='ltr'><strong>δὲ</strong></span> <span class='ocrx_word' id='word_1_932' title='bbox 2505 4768 2708 4841; x_wconf 80' lang='grc' dir='ltr'><strong>πολλῆς</strong></span> <span class='ocrx_word' id='word_1_933' title='bbox 2752 4768 2835 4822; x_wconf 79' lang='grc' dir='ltr'><strong>ἔτι</strong></span> <span class='ocrx_word' id='word_1_934' title='bbox 2881 4768 2983 4839; x_wconf 82' lang='grc' dir='ltr'><strong>τῆς</strong></span> <span class='ocrx_word' id='word_1_935' title='bbox 3028 4767 3492 4838; x_wconf 77' lang='grc' dir='ltr'><strong>συγκαταϐάσεως</strong></span> <span class='ocrx_word' id='word_1_936' title='bbox 3523 4770 3752 4832; x_wconf 80' lang='grc' dir='ltr'><strong>ἐδέοντο,</strong></span> <span class='ocrx_word' id='word_1_937' title='bbox 3796 4771 3889 4826; x_wconf 71' lang='grc' dir='ltr'><strong>καὶ</strong></span> 
     </span>
    </p>
   </div>
   <div class='ocr_carea' id='block_1_121' title="bbox 2204 4847 3888 4921">
    <p class='ocr_par' dir='ltr' id='par_1_121' title="bbox 2204 4847 3888 4921">
     <span class='ocr_line' id='line_1_121' title="bbox 2204 4847 3888 4921; baseline 0.001 -19"><span class='ocrx_word' id='word_1_938' title='bbox 2204 4847 2496 4920; x_wconf 80' lang='grc' dir='ltr'><strong>περιέμενε</strong></span> <span class='ocrx_word' id='word_1_939' title='bbox 2525 4850 2792 4921; x_wconf 88' lang='grc' dir='ltr'><strong>πρότερον</strong></span> <span class='ocrx_word' id='word_1_940' title='bbox 2817 4847 2916 4920; x_wconf 80' lang='grc' dir='ltr'><strong>τὴν</strong></span> <span class='ocrx_word' id='word_1_941' title='bbox 2941 4848 3123 4902; x_wconf 82' lang='grc' dir='ltr'><strong>πίστιν</strong></span> <span class='ocrx_word' id='word_1_942' title='bbox 3150 4850 3208 4902; x_wconf 85' lang='grc' dir='ltr'><strong>ἐν</strong></span> <span class='ocrx_word' id='word_1_943' title='bbox 3235 4850 3355 4910; x_wconf 84' lang='grc' dir='ltr'><strong>ταῖς</strong></span> <span class='ocrx_word' id='word_1_944' title='bbox 3382 4848 3610 4903; x_wconf 84' lang='grc' dir='ltr'><strong>ἐκείνων</strong></span> <span class='ocrx_word' id='word_1_945' title='bbox 3640 4850 3888 4920; x_wconf 75' lang='grc' dir='ltr'><strong>παγῆναι</strong></span> 
     </span>
    </p>
   </div>
   <div class='ocr_carea' id='block_1_122' title="bbox 2202 4925 3887 5000">
    <p class='ocr_par' dir='ltr' id='par_1_122' title="bbox 2202 4925 3887 5000">
     <span class='ocr_line' id='line_1_122' title="bbox 2202 4925 3887 5000; baseline 0.002 -19"><span class='ocrx_word' id='word_1_946' title='bbox 2202 4927 2432 4999; x_wconf 75' lang='grc' dir='ltr'><strong>ψυχαῖς,</strong></span> <span class='ocrx_word' id='word_1_947' title='bbox 2478 4927 2733 4992; x_wconf 84' lang='grc' dir='ltr'><strong>δεδοικὼς</strong></span> <span class='ocrx_word' id='word_1_948' title='bbox 2772 4927 2848 5000; x_wconf 83' lang='grc' dir='ltr'><strong>μὴ</strong></span> <span class='ocrx_word' id='word_1_949' title='bbox 2882 4928 2990 4999; x_wconf 84' lang='grc' dir='ltr'><strong>πρὸ</strong></span> <span class='ocrx_word' id='word_1_950' title='bbox 3041 4925 3235 4999; x_wconf 85' lang='grc' dir='ltr'><strong>καιροῦ</strong></span> <span class='ocrx_word' id='word_1_951' title='bbox 3282 4927 3377 4981; x_wconf 89' lang='grc' dir='ltr'><strong>τοῦ</strong></span> <span class='ocrx_word' id='word_1_952' title='bbox 3428 4928 3640 4993; x_wconf 78' lang='grc' dir='ltr'><strong>δέοντος</strong></span> <span class='ocrx_word' id='word_1_953' title='bbox 3691 4930 3887 4984; x_wconf 83' lang='grc' dir='ltr'><strong>θᾶττον</strong></span> 
     </span>
    </p>
   </div>
   <div class='ocr_carea' id='block_1_123' title="bbox 2202 5006 3885 5081">
    <p class='ocr_par' dir='ltr' id='par_1_123' title="bbox 2202 5006 3885 5081">
     <span class='ocr_line' id='line_1_123' title="bbox 2202 5006 3885 5081; baseline 0.003 -22"><span class='ocrx_word' id='word_1_954' title='bbox 2202 5009 2296 5061; x_wconf 73' lang='grc' dir='ltr'><strong>ἐπὶ</strong></span> <span class='ocrx_word' id='word_1_955' title='bbox 2341 5008 2404 5062; x_wconf 85' lang='grc' dir='ltr'><strong>τὸ</strong></span> <span class='ocrx_word' id='word_1_956' title='bbox 2455 5008 2526 5063; x_wconf 82' lang='grc' dir='ltr'><strong>τὰ</strong></span> <span class='ocrx_word' id='word_1_957' title='bbox 2576 5007 2795 5073; x_wconf 80' lang='grc' dir='ltr'><strong>ζιζάνια</strong></span> <span class='ocrx_word' id='word_1_958' title='bbox 2845 5008 3160 5063; x_wconf 86' lang='grc' dir='ltr'><strong>ἀνασπάσαι</strong></span> <span class='ocrx_word' id='word_1_959' title='bbox 3207 5008 3398 5073; x_wconf 83' lang='grc' dir='ltr'><strong>ἐλθὼν,</strong></span> <span class='ocrx_word' id='word_1_960' title='bbox 3448 5006 3725 5081; x_wconf 64' lang='grc' dir='ltr'><strong>πρόρριζα</strong></span> <span class='ocrx_word' id='word_1_961' title='bbox 3772 5010 3885 5081; x_wconf 83' lang='grc' dir='ltr'><strong>μετ’</strong></span> 
     </span>
    </p>
   </div>
   <div class='ocr_carea' id='block_1_124' title="bbox 2201 5086 3886 5162">
    <p class='ocr_par' dir='ltr' id='par_1_124' title="bbox 2201 5086 3886 5162">
     <span class='ocr_line' id='line_1_124' title="bbox 2201 5086 3886 5162; baseline 0.001 -20"><span class='ocrx_word' id='word_1_962' title='bbox 2201 5087 2383 5143; x_wconf 83' lang='grc' dir='ltr'><strong>αὐτῶν</strong></span> <span class='ocrx_word' id='word_1_963' title='bbox 2436 5089 2831 5162; x_wconf 76' lang='grc' dir='ltr'><strong>συνανασπάσῃ</strong></span> <span class='ocrx_word' id='word_1_964' title='bbox 2889 5090 2984 5142; x_wconf 80' lang='grc' dir='ltr'><strong>καὶ</strong></span> <span class='ocrx_word' id='word_1_965' title='bbox 3031 5086 3101 5141; x_wconf 83' lang='grc' dir='ltr'><strong>τὰ</strong></span> <span class='ocrx_word' id='word_1_966' title='bbox 3139 5088 3240 5159; x_wconf 78' lang='grc' dir='ltr'><strong>τῆς</strong></span> <span class='ocrx_word' id='word_1_967' title='bbox 3294 5087 3482 5156; x_wconf 80' lang='grc' dir='ltr'><strong>ὑγιοῦς</strong></span> <span class='ocrx_word' id='word_1_968' title='bbox 3533 5087 3886 5152; x_wconf 72' lang='grc' dir='ltr'><strong>διδασκαλίας</strong></span> 
     </span>
    </p>
   </div>
   <div class='ocr_carea' id='block_1_125' title="bbox 2202 5166 3887 5237">
    <p class='ocr_par' dir='ltr' id='par_1_125' title="bbox 2202 5166 3887 5237">
     <span class='ocr_line' id='line_1_125' title="bbox 2202 5166 3887 5237; baseline 0.001 -17"><span class='ocrx_word' id='word_1_969' title='bbox 2202 5167 2367 5236; x_wconf 85' lang='grc' dir='ltr'><strong>φυτά.</strong></span> <span class='ocrx_word' id='word_1_970' title='bbox 2405 5166 2505 5221; x_wconf 88' lang='grc' dir='ltr'><strong>Διά</strong></span> <span class='ocrx_word' id='word_1_971' title='bbox 2535 5167 2693 5222; x_wconf 87' lang='grc' dir='ltr'><strong>τοῦτο</strong></span> <span class='ocrx_word' id='word_1_972' title='bbox 2722 5167 2846 5222; x_wconf 78' lang='grc' dir='ltr'><strong>οὔτε</strong></span> <span class='ocrx_word' id='word_1_973' title='bbox 2879 5168 3218 5222; x_wconf 84' lang='grc' dir='ltr'><strong>καθικνεῖται</strong></span> <span class='ocrx_word' id='word_1_974' title='bbox 3248 5167 3427 5221; x_wconf 84' lang='grc' dir='ltr'><strong>αὐτῶν</strong></span> <span class='ocrx_word' id='word_1_975' title='bbox 3463 5166 3731 5237; x_wconf 81' lang='grc' dir='ltr'><strong>σφοδρῶς,</strong></span> <span class='ocrx_word' id='word_1_976' title='bbox 3759 5170 3887 5222; x_wconf 70' lang='grc' dir='ltr'><strong>οὔτε</strong></span> 
     </span>
    </p>
   </div>
   <div class='ocr_carea' id='block_1_126' title="bbox 2200 5245 3895 5321">
    <p class='ocr_par' dir='ltr' id='par_1_126' title="bbox 2200 5245 3895 5321">
     <span class='ocr_line' id='line_1_126' title="bbox 2200 5245 3895 5321; baseline -0.002 -19"><span class='ocrx_word' id='word_1_977' title='bbox 2200 5247 2627 5317; x_wconf 76' lang='grc' dir='ltr'><strong>ἀνεπιτιμήτους</strong></span> <span class='ocrx_word' id='word_1_978' title='bbox 2670 5247 2916 5321; x_wconf 83' lang='grc' dir='ltr'><strong>ἀφίησιν,</strong></span> <span class='ocrx_word' id='word_1_979' title='bbox 2960 5247 3098 5301; x_wconf 76' lang='grc' dir='ltr'><strong>ἀλλὰ</strong></span> <span class='ocrx_word' id='word_1_980' title='bbox 3145 5248 3484 5302; x_wconf 84' lang='grc' dir='ltr'><strong>καθάπτεται</strong></span> <span class='ocrx_word' id='word_1_981' title='bbox 3520 5247 3641 5319; x_wconf 82' lang='grc' dir='ltr'><strong>μὲν,</strong></span> <span class='ocrx_word' id='word_1_982' title='bbox 3684 5245 3895 5321; x_wconf 19' lang='grc' dir='ltr'><strong>ἀνυπόοκ</strong></span> 
     </span>
    </p>
   </div>
   <div class='ocr_carea' id='block_1_127' title="bbox 2202 5327 3885 5401">
    <p class='ocr_par' dir='ltr' id='par_1_127' title="bbox 2202 5327 3885 5401">
     <span class='ocr_line' id='line_1_127' title="bbox 2202 5327 3885 5401; baseline 0.001 -19"><span class='ocrx_word' id='word_1_983' title='bbox 2202 5346 2350 5392; x_wconf 88' lang='grc' dir='ltr'><strong>πτως</strong></span> <span class='ocrx_word' id='word_1_984' title='bbox 2378 5327 2438 5382; x_wconf 84' lang='grc' dir='ltr'><strong>δὲ</strong></span> <span class='ocrx_word' id='word_1_985' title='bbox 2472 5330 2565 5383; x_wconf 72' lang='grc' dir='ltr'><strong>καὶ</strong></span> <span class='ocrx_word' id='word_1_986' title='bbox 2593 5329 2986 5395; x_wconf 85' lang='grc' dir='ltr'><strong>λανθανόντως,</strong></span> <span class='ocrx_word' id='word_1_987' title='bbox 3021 5329 3117 5383; x_wconf 76' lang='grc' dir='ltr'><strong>καὶ</strong></span> <span class='ocrx_word' id='word_1_988' title='bbox 3149 5332 3208 5383; x_wconf 83' lang='grc' dir='ltr'><strong>ἐν</strong></span> <span class='ocrx_word' id='word_1_989' title='bbox 3241 5333 3306 5401; x_wconf 82' lang='grc' dir='ltr'><strong>τῇ</strong></span> <span class='ocrx_word' id='word_1_990' title='bbox 3337 5328 3447 5383; x_wconf 85' lang='grc' dir='ltr'><strong>τῶν</strong></span> <span class='ocrx_word' id='word_1_991' title='bbox 3475 5330 3677 5400; x_wconf 82' lang='grc' dir='ltr'><strong>ἐτέρων</strong></span> <span class='ocrx_word' id='word_1_992' title='bbox 3708 5332 3885 5384; x_wconf 83' lang='grc' dir='ltr'><strong>ἐπιτι-</strong></span> 
     </span>
    </p>
   </div>
   <div class='ocr_carea' id='block_1_128' title="bbox 2204 5405 3883 5481">
    <p class='ocr_par' dir='ltr' id='par_1_128' title="bbox 2204 5405 3883 5481">
     <span class='ocr_line' id='line_1_128' title="bbox 2204 5405 3883 5481; baseline 0.001 -19"><span class='ocrx_word' id='word_1_993' title='bbox 2204 5409 2389 5481; x_wconf 86' lang='grc' dir='ltr'><strong>μήσει.</strong></span> <span class='ocrx_word' id='word_1_994' title='bbox 2422 5405 2515 5479; x_wconf 80' lang='grc' dir='ltr'><strong>Τῷ</strong></span> <span class='ocrx_word' id='word_1_995' title='bbox 2557 5407 2668 5480; x_wconf 86' lang='grc' dir='ltr'><strong>γὰρ</strong></span> <span class='ocrx_word' id='word_1_996' title='bbox 2706 5409 2907 5479; x_wconf 88' lang='grc' dir='ltr'><strong>λέγειν,</strong></span> <span class='ocrx_word' id='word_1_997' title='bbox 2940 5409 3025 5476; x_wconf 82' lang='grc' dir='ltr'><strong>Τῷ</strong></span> <span class='ocrx_word' id='word_1_998' title='bbox 3068 5409 3196 5474; x_wconf 62' lang='lat' dir='ltr'><strong>usch</strong></span> <span class='ocrx_word' id='word_1_999' title='bbox 3234 5410 3419 5477; x_wconf 80' lang='grc' dir='ltr'><strong>κυρίῳ</strong></span> <span class='ocrx_word' id='word_1_1000' title='bbox 3457 5408 3668 5476; x_wconf 79' lang='grc' dir='ltr'><strong>στήκει</strong></span> <span class='ocrx_word' id='word_1_1001' title='bbox 3719 5410 3757 5478; x_wconf 79' lang='grc' dir='ltr'><strong><em>ἣ</em></strong></span> <span class='ocrx_word' id='word_1_1002' title='bbox 3782 5411 3883 5463; x_wconf 83' lang='grc' dir='ltr'><strong>πί-</strong></span> 
     </span>
    </p>
   </div>
   <div class='ocr_carea' id='block_1_129' title="bbox 2200 5486 3883 5560">
    <p class='ocr_par' dir='ltr' id='par_1_129' title="bbox 2200 5486 3883 5560">
     <span class='ocr_line' id='line_1_129' title="bbox 2200 5486 3883 5560; baseline -0.001 -19"><span class='ocrx_word' id='word_1_1003' title='bbox 2200 5504 2354 5551; x_wconf 85' lang='grc' dir='ltr'><strong>πτει,</strong></span> <span class='ocrx_word' id='word_1_1004' title='bbox 2383 5486 2533 5541; x_wconf 89' lang='grc' dir='ltr'><strong>δοκεί</strong></span> <span class='ocrx_word' id='word_1_1005' title='bbox 2561 5488 2661 5559; x_wconf 77' lang='grc' dir='ltr'><strong>μὲν</strong></span> <span class='ocrx_word' id='word_1_1006' title='bbox 2691 5488 3067 5560; x_wconf 75' lang='grc' dir='ltr'><strong>ἐπιστομίζειν</strong></span> <span class='ocrx_word' id='word_1_1007' title='bbox 3098 5489 3191 5542; x_wconf 87' lang='grc' dir='ltr'><strong>τὸν</strong></span> <span class='ocrx_word' id='word_1_1008' title='bbox 3228 5488 3631 5559; x_wconf 82' lang='grc' dir='ltr'><strong>ἐπιπλήττοντα</strong></span> <span class='ocrx_word' id='word_1_1009' title='bbox 3661 5488 3883 5558; x_wconf 83' lang='grc' dir='ltr'><strong>ἐκείνῳ,</strong></span> 
     </span>
    </p>
   </div>
   <div class='ocr_carea' id='block_1_130' title="bbox 2198 5568 3882 5641">
    <p class='ocr_par' dir='ltr' id='par_1_130' title="bbox 2198 5568 3882 5641">
     <span class='ocr_line' id='line_1_130' title="bbox 2198 5568 3882 5641; baseline -0.001 -18"><span class='ocrx_word' id='word_1_1010' title='bbox 2198 5568 2259 5623; x_wconf 83' lang='grc' dir='ltr'><strong>τὸ</strong></span> <span class='ocrx_word' id='word_1_1011' title='bbox 2290 5568 2347 5623; x_wconf 82' lang='grc' dir='ltr'><strong>δὲ</strong></span> <span class='ocrx_word' id='word_1_1012' title='bbox 2385 5568 2583 5641; x_wconf 84' lang='grc' dir='ltr'><strong>ἀληθὲς</strong></span> <span class='ocrx_word' id='word_1_1013' title='bbox 2627 5569 2728 5640; x_wconf 81' lang='grc' dir='ltr'><strong>τὴν</strong></span> <span class='ocrx_word' id='word_1_1014' title='bbox 2772 5570 2963 5623; x_wconf 85' lang='grc' dir='ltr'><strong>τούτου</strong></span> <span class='ocrx_word' id='word_1_1015' title='bbox 2996 5569 3183 5625; x_wconf 85' lang='grc' dir='ltr'><strong>δάκνει</strong></span> <span class='ocrx_word' id='word_1_1016' title='bbox 3222 5569 3423 5640; x_wconf 73' lang='grc' dir='ltr'><strong>ψυχὴν,</strong></span> <span class='ocrx_word' id='word_1_1017' title='bbox 3467 5570 3747 5639; x_wconf 82' lang='grc' dir='ltr'><strong>ἐμφαίνων</strong></span> <span class='ocrx_word' id='word_1_1018' title='bbox 3798 5570 3882 5623; x_wconf 81' lang='grc' dir='ltr'><strong>ὅτι</strong></span> 
     </span>
    </p>
   </div>
   <div class='ocr_carea' id='block_1_131' title="bbox 2195 5648 3881 5720">
    <p class='ocr_par' dir='ltr' id='par_1_131' title="bbox 2195 5648 3881 5720">
     <span class='ocr_line' id='line_1_131' title="bbox 2195 5648 3881 5720; baseline 0 -18"><span class='ocrx_word' id='word_1_1019' title='bbox 2195 5648 2257 5702; x_wconf 83' lang='grc' dir='ltr'><strong>τὸ</strong></span> <span class='ocrx_word' id='word_1_1020' title='bbox 2286 5648 2354 5703; x_wconf 83' lang='grc' dir='ltr'><strong>τὰ</strong></span> <span class='ocrx_word' id='word_1_1021' title='bbox 2384 5649 2610 5704; x_wconf 86' lang='grc' dir='ltr'><strong>τοιαῦτα</strong></span> <span class='ocrx_word' id='word_1_1022' title='bbox 2650 5650 2928 5720; x_wconf 78' lang='grc' dir='ltr'><strong>αἱρεῖσθαι</strong></span> <span class='ocrx_word' id='word_1_1023' title='bbox 2955 5653 3019 5703; x_wconf 90' lang='grc' dir='ltr'><strong>οὑ</strong></span> <span class='ocrx_word' id='word_1_1024' title='bbox 3049 5649 3163 5705; x_wconf 88' lang='grc' dir='ltr'><strong>τῶν</strong></span> <span class='ocrx_word' id='word_1_1025' title='bbox 3195 5650 3429 5720; x_wconf 83' lang='grc' dir='ltr'><strong>βεϐαίων</strong></span> <span class='ocrx_word' id='word_1_1026' title='bbox 3459 5650 3580 5703; x_wconf 82' lang='grc' dir='ltr'><strong>οὑδέ</strong></span> <span class='ocrx_word' id='word_1_1027' title='bbox 3621 5649 3736 5702; x_wconf 84' lang='grc' dir='ltr'><strong>τῶν</strong></span> <span class='ocrx_word' id='word_1_1028' title='bbox 3774 5667 3881 5702; x_wconf 85' lang='grc' dir='ltr'><strong>πα-</strong></span> 
     </span>
    </p>
   </div>
   <div class='ocr_carea' id='block_1_132' title="bbox 2195 5728 3879 5797">
    <p class='ocr_par' dir='ltr' id='par_1_132' title="bbox 2195 5728 3879 5797">
     <span class='ocr_line' id='line_1_132' title="bbox 2195 5728 3879 5797; baseline -0.001 -16"><span class='ocrx_word' id='word_1_1029' title='bbox 2195 5728 2329 5797; x_wconf 86' lang='grc' dir='ltr'><strong>γίως</strong></span> <span class='ocrx_word' id='word_1_1030' title='bbox 2376 5729 2628 5783; x_wconf 79' lang='grc' dir='ltr'><strong>ἑστώτων</strong></span> <span class='ocrx_word' id='word_1_1031' title='bbox 2671 5729 2842 5793; x_wconf 76' lang='grc' dir='ltr'><strong>ἐστὶν,</strong></span> <span class='ocrx_word' id='word_1_1032' title='bbox 2882 5728 3019 5783; x_wconf 82' lang='grc' dir='ltr'><strong>ἀλλὰ</strong></span> <span class='ocrx_word' id='word_1_1033' title='bbox 3057 5731 3166 5783; x_wconf 87' lang='grc' dir='ltr'><strong>τῶν</strong></span> <span class='ocrx_word' id='word_1_1034' title='bbox 3197 5730 3281 5783; x_wconf 76' lang='grc' dir='ltr'><strong>ἔτι</strong></span> <span class='ocrx_word' id='word_1_1035' title='bbox 3327 5729 3733 5797; x_wconf 82' lang='grc' dir='ltr'><strong>σαλευομένων,</strong></span> <span class='ocrx_word' id='word_1_1036' title='bbox 3766 5728 3879 5781; x_wconf 85' lang='grc' dir='ltr'><strong>τῶν</strong></span> 
     </span>
    </p>
   </div>
   <div class='ocr_carea' id='block_1_133' title="bbox 2193 5806 3877 5881">
    <p class='ocr_par' dir='ltr' id='par_1_133' title="bbox 2193 5806 3877 5881">
     <span class='ocr_line' id='line_1_133' title="bbox 2193 5806 3877 5881; baseline -0.002 -19"><span class='ocrx_word' id='word_1_1037' title='bbox 2193 5810 2241 5862; x_wconf 81' lang='grc' dir='ltr'><strong>εἰ</strong></span> <span class='ocrx_word' id='word_1_1038' title='bbox 2289 5810 2365 5881; x_wconf 81' lang='grc' dir='ltr'><strong>μὴ</strong></span> <span class='ocrx_word' id='word_1_1039' title='bbox 2413 5811 2598 5862; x_wconf 88' lang='grc' dir='ltr'><strong>σταῖεν</strong></span> <span class='ocrx_word' id='word_1_1040' title='bbox 2629 5810 2723 5864; x_wconf 74' lang='grc' dir='ltr'><strong>καὶ</strong></span> <span class='ocrx_word' id='word_1_1041' title='bbox 2767 5812 2957 5863; x_wconf 85' lang='grc' dir='ltr'><strong>πεσεῖν</strong></span> <span class='ocrx_word' id='word_1_1042' title='bbox 2988 5808 3433 5864; x_wconf 86' lang='grc' dir='ltr'><strong>κινδυνευόντων.</strong></span> <span class='ocrx_word' id='word_1_1043' title='bbox 3483 5808 3588 5861; x_wconf 78' lang='grc' dir='ltr'><strong>Τὸν</strong></span> <span class='ocrx_word' id='word_1_1044' title='bbox 3618 5806 3783 5879; x_wconf 73' lang='grc' dir='ltr'><strong>αὑτὸν</strong></span> <span class='ocrx_word' id='word_1_1045' title='bbox 3811 5806 3877 5877; x_wconf 75' lang='grc' dir='ltr'><strong>δὴ</strong></span> 
     </span>
    </p>
   </div>
   <div class='ocr_carea' id='block_1_134' title="bbox 2194 5885 3869 5961">
    <p class='ocr_par' dir='ltr' id='par_1_134' title="bbox 2194 5885 3869 5961">
     <span class='ocr_line' id='line_1_134' title="bbox 2194 5885 3869 5961; baseline -0.003 -17"><span class='ocrx_word' id='word_1_1046' title='bbox 2194 5890 2471 5945; x_wconf 81' lang='grc' dir='ltr'><strong>κάνταῦθα</strong></span> <span class='ocrx_word' id='word_1_1047' title='bbox 2509 5891 2770 5960; x_wconf 84' lang='grc' dir='ltr'><strong>φυλάττει</strong></span> <span class='ocrx_word' id='word_1_1048' title='bbox 2824 5890 3013 5961; x_wconf 85' lang='grc' dir='ltr'><strong>νόμον,</strong></span> <span class='ocrx_word' id='word_1_1049' title='bbox 3056 5889 3145 5944; x_wconf 73' lang='grc' dir='ltr'><strong>διὰ</strong></span> <span class='ocrx_word' id='word_1_1050' title='bbox 3196 5889 3291 5961; x_wconf 80' lang='grc' dir='ltr'><strong>τὴν</strong></span> <span class='ocrx_word' id='word_1_1051' title='bbox 3331 5886 3535 5959; x_wconf 74' lang='grc' dir='ltr'><strong>πολλὴν</strong></span> <span class='ocrx_word' id='word_1_1052' title='bbox 3583 5885 3869 5940; x_wconf 72' lang='grc' dir='ltr'><strong>ἀσθένειαν</strong></span> 
     </span>
    </p>
   </div>
   <div class='ocr_carea' id='block_1_135' title="bbox 2255 6014 2726 6072">
    <p class='ocr_par' dir='ltr' id='par_1_135' title="bbox 2255 6014 2726 6072">
     <span class='ocr_line' id='line_1_135' title="bbox 2255 6014 2726 6072; baseline -0.002 -8"><span class='ocrx_word' id='word_1_1053' title='bbox 2255 6026 2279 6057; x_wconf 72' lang='grc' dir='ltr'><strong>ο</strong></span> <span class='ocrx_word' id='word_1_1054' title='bbox 2303 6014 2425 6072; x_wconf 72' lang='grc' dir='ltr'><strong>Ερα.</strong></span> <span class='ocrx_word' id='word_1_1055' title='bbox 2457 6014 2726 6064; x_wconf 82' lang='grc' dir='ltr'><strong>ἀπώλοντο.</strong></span> 
     </span>
    </p>
   </div>
  </div>
