4020 6408
143 411 220 465 589

145 535 194 573 an
209 516 429 586 reliqua?
449 531 520 570 an
544 516 766 589 coqnis,
793 515 1115 580 textoribus,
1138 524 1338 571 caetero
1359 514 1586 571 servitio
1606 513 1686 568 in-

139 612 254 666 stat?
279 610 493 664 Minime
510 611 757 682 gentium
779 629 794 678 ;
819 613 952 680 quin
971 609 1107 664 nihil
1133 609 1328 664 horum
1347 608 1432 664 vel
1455 607 1679 678 cogitat,

136 704 374 761 salunum
401 702 456 756 id
481 703 723 768 laborat,
755 710 814 758 ut
846 705 1084 757 animam
1117 717 1277 757 suam
1302 707 1514 756 tantum
1546 699 1682 754 aedi-

137 796 246 858 ficet,
267 803 314 849 et
349 794 616 864 templum
646 794 779 849 illud
812 801 1062 850 sanctum
1113 794 1190 862 (ι.
1221 791 1344 849 Cor.
1369 791 1542 863 5.17)
1572 805 1682 845 non

134 885 502 951 cincinnis,'aut
534 899 693 950 auro,
713 893 806 940 aut
839 885 1298 956 margaritis,non
1330 882 1557 947 intritis,
1593 897 1689 944 aut.

136 977 398 1048 pigmentis,
419 991 532 1030 non
547 976 604 1030 id
622 993 789 1048 genus
811 976 1078 1032 molestiis
1097 985 1150 1031 et
1171 975 1430 1031 aerumnis
1448 976 1522 1046 (I.
1542 973 1681 1029 Tim.

137 1070 176 1124 Ξ.
195 1069 250 1138 9)
270 1067 359 1124 sed
379 1068 552 1124 animi
571 1081 736 1139 atque
753 1069 1001 1139 corporis
1027 1069 1396 1125 sanctimonia
1426 1074 1679 1125 exornet.

142 1161 594 1233 AtNupta,inquit,
617 1170 756 1214 curat
778 1169 834 1214 ut
857 1160 963 1214 viro
991 1159 1209 1229 placeat.
1236 1159 1312 1232 (l.
1333 1155 1453 1212 Cor.
1476 1158 1528 1212 7.
1554 1158 1622 1212 δι
1640 1157 1682 1227 ).

145 1255 395 1310 Admodum.
416 1253 694 1325 sapienter
717 1253 782 1307 ad
815 1253 1049 1324 ipsarum
1092 1268 1272 1308 rerum
1315 1267 1539 1307 examen
1578 1266 1685 1305 non

144 1347 384 1414 descendit,
411 1361 594 1418 neque
617 1361 678 1401 ea
703 1345 1162 1411 commemoravit,
1190 1360 1310 1414 quae
1333 1351 1395 1398 ut
1419 1343 1550 1398 viris
1574 1342 1688 1412 pla-

143 1449 258 1495 ceant
279 1448 326 1495 et
348 1455 578 1510 corpore
603 1446 659 1494 et
681 1438 859 1506 animo
885 1438 1174 1508 patiuntur,
1200 1434 1328 1490 illud
1351 1442 1682 1504 torquentes,

144 1532 408 1596 oblinentes,
420 1539 587 1602 atque
601 1531 719 1586 aliis
737 1529 888 1585 malis
909 1529 1247 1597 mulctantes,
1263 1528 1406 1583 hunc
1421 1527 1689 1582 illiberali-

147 1621 916 1688 tate,adulatione,simulatione,
932 1620 1225 1684 simultate,
1240 1618 1436 1689 ineptis
1451 1627 1506 1674 et
1521 1618 1685 1673 inuti-

148 1715 245 1769 libus
262 1715 391 1770 curis
415 1716 740 1785 implentes;
769 1714 865 1771 sed
890 1728 998 1769 uno
1017 1713 1187 1769 verbo
1207 1712 1326 1768 haec
1349 1711 1529 1768 omnia
1552 1709 1685 1766 sub-

148 1805 331 1862 iudicans
358 1807 707 1876 recogitanda
731 1806 1032 1861 auditorum
1059 1805 1400 1862 conscientiae
1432 1803 1684 1874 reliquit;

148 1907 262 1966 atque
276 1897 337 1952 ita
347 1897 668 1968 virginitatis
693 1895 1053 1967 praestantiam
1074 1896 1372 1959 declarans,
1392 1893 1458 1949 ad
1475 1895 1689 1950 caelum-

147 2002 220 2057 que
231 2003 326 2042 eam
342 1989 553 2054 tollens,
571 2004 785 2044 rursum
810 2003 1113 2044 sermonem
1134 1988 1201 2043 ad
1219 1987 1542 2042 matrimonii
1562 2002 1686 2057 per-

148 2082 396 2138 missionem
418 2081 662 2149 confert;
694 2082 889 2152 ubique
919 2082 1202 2148 sollicitus,
1225 2096 1294 2135 ne
1316 2080 1369 2135 id
1400 2079 1683 2150 quisquam

147 2183 408 2242 preceptnm
434 2188 557 2229 esse
599 2173 967 2235 arbitraretur.
998 2171 1356 2241 Quamobrem
1395 2186 1495 2226 nec
1524 2186 1686 2240 supe-

147 2264 323 2318 rioribus
343 2263 806 2320 cohortationibus
831 2251 1286 2332 contentus,‘cum
1311 2263 1553 2330 dixisset,
1577 2261 1688 2316 Do-

149 2357 238 2409 mini
253 2367 538 2428 praeceptum
555 2374 661 2411 non
681 2357 869 2421 habeo;
892 2365 964 2422 et,
989 2357 1052 2412 Si
1071 2358 1242 2427 nupsit
1263 2358 1424 2428 virgo,
1448 2373 1550 2411 non
1571 2371 1689 2426 pec-

150 2449 472 2504 carit:iterum
501 2449 593 2504 hic
631 2450 736 2515 ait,
765 2448 892 2504 Non
930 2457 986 2504 ut
1024 2449 1258 2520 laqueum
1294 2448 1431 2503 vobis
1459 2448 1690 2516 injiciam

152 2538 277 2606 (Ibid.
297 2556 340 2594 υ.
360 2541 446 2596 25.
466 2542 560 2597 es.
595 2542 666 2596 εδ
686 2542 726 2612 ).

197 2630 394 2685 LXXVI.
453 2631 579 2686 Non
621 2631 994 2704 virginitatem,
1042 2630 1132 2686 sed
1178 2639 1404 2685 nostram
1453 2629 1690 2684 inertiam

153 2737 226 2772 esse
253 2723 487 2792 laqueum.
509 2755 586 2764 —
616 2721 674 2778 In
705 2737 811 2794 quo
853 2724 1044 2778 merito
1073 2722 1174 2777 hoc
1199 2721 1355 2776 alicui
1381 2721 1690 2791 scrupulum

153 2824 329 2881 moveat,
353 2831 454 2886 quo
475 2825 639 2887 pacto
664 2817 752 2888 qui
778 2831 894 2872 rem
920 2831 1082 2886 supra
1109 2815 1442 2870 vinculorum
1469 2812 1692 2869 solutio-

156 2919 240 2958 nem
259 2917 430 2974 vocet,
461 2917 516 2962 et
544 2907 616 2963 ad
657 2908 938 2963 utilitatem
980 2916 1220 2964 nostram
1261 2922 1380 2961 eam
1410 2906 1692 2962 consulere

154 2993 268 3063 dicat,
295 3013 355 3053 ne
381 2999 631 3054 miserias
655 2998 964 3063 habeamus,
993 3007 1052 3054 ut
1076 2998 1194 3054 sine
1225 2996 1585 3052 sollicitudine
1611 2995 1691 3052 si-

156 3103 267 3156 mus,
292 3099 339 3144 et
363 3092 500 3161 quod
529 3090 690 3146 nobis
717 3100 994 3160 parceret,
1025 3099 1185 3161 atque
1214 3090 1280 3146 iis
1305 3090 1552 3146 omnibus
1575 3090 1692 3160 ejus

155 3178 360 3236 levitatem
393 3198 454 3239 ae
479 3183 793 3238 facilitatem
823 3190 1005 3250 notet,
1037 3182 1126 3237 hic
1160 3181 1338 3248 dicat,
1372 3180 1494 3236 Non
1525 3189 1582 3235 ut
1609 3182 1692 3236 ta-

157 3287 292 3338 queam
301 3274 422 3329 vobis
439 3276 669 3346 injiciam
688 3274 859 3344 (Ibid.
886 3290 935 3329 v.
959 3276 1025 3332 55
1042 3274 1099 3348 )?
1119 3274 1254 3342 Quid
1269 3275 1430 3346 igitur
1439 3276 1558 3330 est?
1574 3274 1690 3331 Non

160 3363 446 3434 virginitatem
474 3384 488 3421 :
520 3382 695 3438 apage
725 3384 738 3420 :
771 3367 866 3422 sed
893 3367 944 3423 vi
970 3375 1024 3423 et
1051 3368 1326 3423 coactione
1354 3367 1553 3422 bonum
1583 3367 1688 3424 hoc

159 3455 377 3524 amplecti,
416 3457 468 3513 id
512 3458 766 3528 laqueum
792 3468 968 3513 vocat.
1009 3457 1143 3512 Nam
1181 3458 1252 3512 ita
1282 3472 1342 3513 se
1371 3473 1458 3514 res
1485 3457 1688 3514 habet:

160 3545 355 3616 quidquid
376 3549 686 3620 compulsus
721 3559 776 3605 et
813 3549 1008 3604 invitus
1031 3547 1292 3618 suscipias
1310 3589 1326 3614 ,
1353 3549 1692 3619 quantumvis

162 3634 243 3692 leve
253 3640 325 3707 sit,
341 3640 700 3696 difficillimum
719 3640 978 3704 redditur,
998 3642 1146 3696 etvel
1166 3651 1308 3697 reste
1319 3640 1533 3710 gravius
1548 3655 1693 3696 men-

163 3734 237 3782 tem
253 3734 532 3803 strangulat.
562 3731 692 3786 Ideo
715 3732 808 3798 ait,
825 3729 946 3784 Non
961 3742 1012 3784 ut
1036 3731 1268 3801 laqueum
1289 3730 1427 3786 vobis
1445 3730 1692 3801 injiciaut.

163 3814 201 3870 Id
220 3830 310 3890 est,
334 3823 644 3894 virginitatis
672 3823 812 3878 bona
841 3822 1016 3878 omnia
1059 3822 1314 3892 proposui
1345 3831 1399 3876 et
1423 3821 1688 3890 explicui,

163 3919 278 3979 atque
307 3914 504 3970 interim
544 3923 669 3986 post
705 3914 821 3969 haec
862 3914 1040 3969 omnia
1081 3899 1354 3985 optionem
1382 3913 1533 3970 vobis
1573 3928 1693 3984 per-

163 4001 292 4069 mitto,
310 4020 404 4061 uon
427 4007 625 4062 invitos
649 4006 717 4062 ad
743 4006 990 4061 virtutem
1016 3998 1200 4073 traho;
1227 4020 1404 4076 neque
1429 4007 1572 4062 enim
1596 4020 1694 4061 vos

165 4095 362 4157 afllictare
385 4102 570 4160 volens
608 4103 725 4159 haec
761 4103 1042 4172 consului,
1077 4103 1173 4159 sed
1201 4119 1270 4159 ne
1297 4103 1520 4160 honesta
1555 4103 1692 4158 assi-

167 4184 289 4243 duitas
321 4191 553 4249 humanis
582 4195 744 4250 rebus
785 4193 1078 4265 frangatur.
1107 4194 1312 4250 Videtis
1349 4204 1531 4250 autem
1560 4194 1693 4251 mihi

168 4286 205 4330 et
223 4279 288 4336 hic
323 4283 459 4340 Pauli
487 4285 822 4356 prudentiam
843 4327 858 4354 ,
885 4295 944 4342 ut
983 4287 1448 4357 deprecationibus
1480 4302 1692 4342 rursum

169 4366 522 4430 exhortationem
565 4376 761 4444 addat,
795 4392 859 4432 ac
898 4379 1211 4448 permittens
1253 4379 1516 4434 consulat.
1561 4377 1694 4434 Nam

170 4461 233 4526 qui
254 4462 387 4532 dicit,
419 4467 536 4523 Non
558 4485 684 4541 cogo
705 4510 723 4536 ,
752 4470 841 4524 sed
868 4470 1042 4524 [tortor
1059 4487 1078 4535 ;
1104 4485 1167 4524 ac
1199 4470 1442 4539 subjicitt,
1471 4470 1696 4541 Propter

172 4546 411 4612 honestatem
445 4569 491 4614 et
528 4559 870 4614 assiduitatem
909 4560 1084 4631 (Ibid.
1143 4578 1191 4616 v.
1237 4560 1342 4634 55)
1383 4562 1696 4632 virginitatis

171 4641 564 4706 admirabilitatem
591 4662 748 4722 atque
775 4651 1000 4708 fructum
1021 4694 1037 4720 ,
1063 4653 1151 4724 (ιυί
1192 4669 1258 4709 ex
1277 4668 1342 4709 ea
1369 4654 1438 4710 ad
1462 4653 1694 4710 divinam

171 4730 287 4788 vitam
301 4751 480 4810 manat,
498 4743 748 4798 ostendit.
773 4743 956 4814 Neque
976 4743 1117 4798 enim
1133 4752 1434 4816 potestqua:
1452 4745 1696 4803 humanis

173 4826 277 4880 curis
292 4828 586 4902 implicatur,
609 4843 663 4892 et
688 4835 792 4890 huc
818 4835 942 4891 illuc
961 4835 1296 4904 distrahitur,
1318 4837 1531 4893 assidua
1551 4852 1694 4903 esse,

173 4916 304 4975 studio
328 4927 459 4980 omni
484 4935 639 4997 atque
662 4927 774 4982 otio
799 4927 854 4982 in
881 4928 1044 4983 multa
1078 4928 1381 4998 distributo,
1413 4930 1465 4984 in
1496 4929 1694 4996 virum,

177 5019 222 5061 ac
239 5009 412 5071 familiae
443 5034 620 5074 curam
639 5060 656 5088 ,
687 5021 898 5092 aliaque
933 5031 1123 5078 cuncta
1153 5038 1271 5094 quae
1300 5025 1697 5080 matrimonium

175 5101 391 5161 attrahere
413 5109 564 5165 solet.

227 5188 444 5251 LXXVII.
477 5200 600 5268 Qua:
627 5202 690 5256 de
713 5201 922 5257 terrenis
959 5203 1106 5259 rebus
1149 5203 1367 5259 sollicita
1390 5204 1491 5271 sit,
1532 5204 1690 5273 virgi-

179 5293 348 5339 nemnon
360 5293 688 5362 esse—Quid
707 5309 852 5357 vero,
868 5294 1055 5364 inquit,
1071 5295 1116 5350 si
1129 5303 1182 5351 et
1197 5296 1345 5366 virgo
1355 5295 1422 5350 de
1433 5289 1614 5350 multis
1631 5296 1700 5350 Ia-

181 5369 303 5447 borel,
315 5392 457 5452 atque
472 5385 693 5442 humana
714 5388 899 5442 curet?
918 5390 1126 5458 Apage:
1149 5390 1239 5459 qui
1256 5389 1515 5459 virginum
1532 5388 1698 5444 choro

181 5478 260 5520 eam
274 5479 524 5533 exemeris.
538 5479 804 5548 Siquidem
823 5480 887 5536 ad
909 5481 1165 5552 virginem
1184 5481 1536 5551 praestandam
1556 5480 1698 5536 haud

185 5559 274 5615 satis
305 5577 496 5624 estnon
539 5573 821 5642 nupsisse,
866 5574 962 5630 sed
1001 5574 1166 5628 animi
1195 5588 1406 5644 quoque
1454 5573 1700 5628 castitate

183 5660 276 5737 91³115
309 5669 414 5728 est;
456 5665 748 5719 castitatem
785 5675 960 5722 autem
989 5666 1264 5737 intelligo,
1307 5681 1412 5720 non
1445 5664 1582 5721 foeda
1629 5680 1698 5722 ac

185 5735 382 5810 “aﬁitiosa
409 5754 572 5809 solum
599 5754 819 5812 libidine
839 5795 854 5822 ,
883 5765 1104 5824 ornatu,
1135 5735 1446 5813 curiositate
1467 5771 1694 5822 vacare;

183 5829 250 5885 scd
277 5836 378 5896 vitae
401 5843 552 5902 etiam
579 5847 722 5902 curis
750 5845 976 5904 solutam
1014 5862 1135 5906 esse
1164 5861 1228 5906 ac
1253 5847 1479 5906 liberam
1505 5864 1519 5904 :
1551 5846 1696 5918 quod

1480 402 1568 457 DE
1611 399 2068 458 VIRGINITATE.

1790 513 1844 566 ni
1870 513 1973 576 sit,
2001 527 2252 582 quorsum
2281 515 2522 586 corporis
2558 516 2898 574 castitatem?
2919 517 3052 576 Nam
3085 527 3144 576 ut
3169 521 3336 578 milite
3356 565 3374 589 ,

1787 603 1877 674 qui
1899 603 2117 674 abjectis
2141 605 2307 661 armis
2331 606 2382 661 in
2411 607 2621 677 popinis
2641 617 2952 680 occupetur,
2990 611 3123 667 nihil
3146 613 3376 684 turpius:

1788 695 1861 749 ita
1907 709 2006 750 nec
2049 695 2256 766 virgine
2287 696 2412 752 vitae
2453 699 2596 755 curis
2623 699 2881 756 obstricta
2905 701 3194 774 quidquam
3226 705 3381 762 inho-

1789 787 2012 842 nestius.
2054 788 2266 844 Etenim
2309 790 2544 862 quinque
2587 791 2694 846 illae
2721 801 2776 848 et
2823 794 3070 850 lucernas
3108 795 3379 852 habebant

1789 877 2023 944 (Matth.
2050 879 2120 936 25
2145 880 2165 953 )
2191 924 2206 948 ,
2249 891 2306 938 et
2331 884 2690 953 virginitatem
2734 898 3117 945 exercuerant:
3149 907 3378 962 quorum

1788 971 1918 1027 nihil
1935 973 2018 1029 eis
2037 974 2253 1044 profuit,
2282 976 2376 1032 sed
2398 977 2592 1034 clausis
2611 978 2815 1035 foribus
2830 982 3061 1039 exclusa:
3082 987 3376 1054 perierunt.

1786 1063 1993 1134 Quippe
2012 1066 2082 1120 ob
2107 1065 2160 1121 id
2179 1079 2438 1136 praestans
2457 1079 2540 1124 est
2559 1070 2856 1144 virginitas,
2881 1073 3022 1144 quod
3041 1089 3256 1132 omnem
3282 1092 3378 1134 su-

1789 1171 2064 1226 pervacuae
2079 1172 2220 1214 curae
2237 1174 2422 1214 ansam
2444 1163 2728 1231 praecedat,
2747 1165 2913 1220 otium
2927 1180 3085 1222 omne
3100 1176 3260 1237 atque
3271 1178 3385 1225 stu—

1777 1247 1935 1302 ‘dium
1967 1248 2161 1304 divinis
2187 1252 2440 1320 operibus
2468 1269 2828 1310 consectans:
2857 1257 3000 1327 quod
3026 1259 3129 1314 nisi
3157 1259 3374 1326 habeat,

1787 1339 2128 1394 matrimonio
2154 1340 2312 1411 longe
2337 1341 2572 1398 deterior
2605 1353 2722 1410 est,
2765 1346 2945 1415 spinas
2971 1347 3024 1402 in
3065 1349 3242 1404 animo
3267 1350 3375 1405 cir-

1787 1429 2114 1498 cumferens,
2139 1440 2193 1486 et
2217 1431 2511 1503 legitimum
2540 1450 2605 1491 ac
2632 1437 2848 1493 caeleste
2875 1452 3060 1496 semen
3087 1441 3378 1498 suffocatis.

1858 1523 2140 1580 LXXVIII.
2166 1523 2269 1580 Cur
2292 1543 2394 1581 non
2435 1529 2618 1584 acriter
2644 1546 2759 1586 eum
2807 1539 3024 1603 carpat,
3078 1534 3166 1604 qui
3189 1534 3244 1588 in
3269 1535 3374 1602 vir-~

1787 1613 1902 1685 gine
1919 1630 2012 1668 sua
2031 1615 2324 1669 indecorum
2342 1633 2396 1671 se
2413 1633 2521 1672 esse
2539 1627 2701 1690 putat.
2716 1619 2788 1662 '—
2809 1621 3002 1691 Siquis
3023 1632 3213 1690 autem,
3259 1624 3336 1679 ait
3358 1666 3376 1691 ,

1793 1713 1992 1775 turpem
2023 1722 2077 1759 se
2101 1706 2260 1761 videri
2286 1709 2538 1763 existimat
2579 1727 2732 1782 super
2767 1713 2959 1784 virgine
2983 1731 3078 1769 sua
3098 1755 3113 1780 ,
3133 1691 3282 1784 'quod
3315 1717 3382 1772 sit

1788 1797 2137 1867 superaddita,
2167 1809 2317 1870 atque
2338 1803 2410 1854 ita
2433 1803 2728 1872 faciendum
2757 1814 2848 1871 est,
2876 1807 3014 1876 quod
3040 1808 3170 1862 volet
3196 1810 3374 1879 faciat,

1789 1903 1894 1942 non
1932 1899 2133 1958 peccat:
2159 1890 2350 1946 nubant
2371 1892 2390 1964 (
2413 1894 2440 1948 1
2471 1892 2590 1948 Cor.
2617 1896 2670 1949 7.
2698 1895 2766 1952 36
2788 1895 2827 1966 ).
2869 1897 3048 1964 Itane,
3077 1897 3226 1964 Quod
3252 1900 3382 1955 volet

1792 1981 1988 2054 faciat?
2025 1998 2125 2040 nec
2146 1983 2340 2040 falsam
2377 1986 2824 2044 existimationem
2864 1990 3090 2061 corrigis
3113 2033 3127 2058 ,
3159 1991 3253 2047 sed
3283 2008 3382 2048 nu-

1790 2073 1920 2130 bere
1959 2075 2266 2144 permittis?
2305 2075 2413 2132 Cur
2433 2079 2575 2134 enim
2607 2095 2714 2137 non
2743 2081 2952 2150 dixisti,
2980 2083 3134 2150 Quod
3179 2085 3224 2140 si
3255 2087 3376 2155 quis

1791 2166 1844 2220 in
1874 2167 2078 2237 virgine
2103 2183 2201 2224 sua
2231 2169 2540 2224 indecorum
2564 2186 2684 2227 esse
2710 2181 2892 2242 putat,
2923 2173 3086 2229 miser
3113 2183 3168 2228 et
3201 2173 3383 2230 infelix

1790 2267 1908 2324 est,
1941 2275 2054 2315 rem
2088 2269 2195 2315 tam
2232 2261 2601 2318 admirandam
2644 2263 2896 2320 infamem
2941 2264 3262 2322 arbitratus?
3290 2281 3386 2321 cur

1781 2367 1899 2425 “non
1929 2354 2265 2420 consuluisti,
2293 2355 2545 2424 opinione
2568 2371 2630 2411 ea
2659 2355 2900 2423 dimissa,
2937 2357 3099 2412 tiliam
3127 2372 3157 2412 a
3185 2358 3376 2413 matri-

1791 2443 1973 2499 monio
1999 2444 2220 2500 arcere?
2247 2444 2382 2512 Quia
2405 2486 2421 2512 ,
2453 2447 2696 2516 inquiet,
2723 2447 2917 2502 animae
2943 2448 3048 2504 illae
3089 2448 3378 2504 admodum

1792 2536 2018 2593 infirma:
2043 2545 2097 2593 et
2124 2537 2271 2592 humi
2298 2547 2549 2608 repentes
2577 2548 2762 2606 erant,
2814 2540 3025 2611 illmque
3065 2541 3147 2598 sic
3173 2541 3380 2599 affectae

1792 2627 1970 2682 statim
2010 2627 2079 2682 ad
2107 2628 2424 2700 virginitatis
2457 2643 2738 2685 sermones
2765 2629 2958 2685 adduci
2983 2646 3089 2686 non
3117 2639 3388 2703 poterant.

1792 2718 1926 2775 Nam
1953 2721 2042 2790 qui
2069 2719 2138 2775 ad
2165 2720 2350 2776 mundi
2394 2736 2484 2777 res
2525 2729 2633 2776 tam
2663 2730 2747 2777 est
2796 2722 3057 2778 attonitus
3080 2763 3096 2789 ,
3146 2732 3202 2779 et
3226 2723 3389 2793 hujus

1793 2812 1918 2867 vitae
1946 2811 2213 2880 laudator,
2247 2820 2307 2868 ut
2335 2822 2459 2883 post
2487 2821 2691 2867 tantam
2735 2813 3172 2869 exhortationem
3198 2856 3213 2882 ,
3241 2813 3388 2884 quod

1794 2903 1929 2958 caelo
1971 2902 2190 2974 dignum
2219 2911 2380 2959 estet
2407 2903 2634 2974 angelici
2681 2903 2905 2959 instituti
2951 2904 3149 2969 affine,
3191 2904 3388 2974 probro

1796 2991 2092 3058 habuisset,
2122 2993 2404 3050 consilium
2423 3009 2488 3049 eo
2514 2994 2772 3050 inducens
2793 2995 2882 3065 qui
2909 2995 3154 3050 tulisset?
3177 2997 3240 3050 Et
3260 2996 3386 3065 quid

1795 3084 2014 3150 mirum,
2045 3085 2090 3140 si
2121 3084 2176 3140 id
2207 3085 2261 3138 in
2293 3100 2354 3140 re
2375 3099 2629 3140 concessa
2655 3085 2852 3141 Paulus
2879 3085 3027 3154 fecit,
3056 3088 3144 3157 qui
3167 3087 3306 3142 idem
3333 3087 3388 3143 in

1795 3177 1959 3232 vetita
1985 3185 2039 3232 et
2073 3176 2348 3246 illegitima
2386 3175 2580 3232 faciat?
2626 3177 2872 3248 Exempli
2899 3192 3058 3232 causa
3094 3195 3107 3232 :
3137 3179 3384 3234 ciborum

1794 3268 2061 3324 delectum
2093 3267 2313 3334 habere,
2341 3275 2397 3322 et
2419 3268 2552 3322 alios
2579 3269 2826 3338 probare,
2854 3268 2988 3324 alios
3017 3269 3261 3340 rejicere,
3289 3271 3385 3327 Ju-

1794 3361 1961 3416 daica:
1987 3360 2368 3416 imbecillitatis
2393 3369 2543 3427 erat;
2571 3360 2787 3430 quidam
2817 3371 2992 3416 tamen
3025 3363 3164 3432 apud
3194 3363 3388 3418 Roma-

1795 3467 1895 3508 nos
1919 3467 1984 3508 ea
2013 3451 2380 3508 imbecillitate
2419 3451 2771 3508 laborabant:
2814 3469 2948 3524 quos
2993 3455 3127 3510 adeo
3172 3470 3275 3510 non
3304 3456 3388 3510 in-

1795 3543 1960 3598 cessit
1999 3542 2383 3609 vehementer,
2431 3553 2490 3598 ut
2511 3543 2654 3598 aliud
2713 3545 2964 3614 quiddam
3011 3546 3184 3616 majus
3226 3549 3388 3602 etiam

1796 3634 1956 3690 faciat
1981 3652 1996 3703 ;
2032 3635 2248 3691 omissis
2272 3635 2415 3690 enim
2456 3636 2522 3690 iis
2550 3637 2640 3706 qui
2666 3647 2994 3706 peccassent,
3025 3639 3114 3708 qui
3140 3654 3234 3693 eos
3265 3655 3391 3707 pro-

1803 3726 1993 3782 hibere
2010 3726 2214 3782 vellent
2239 3725 2487 3797 objurgat
2511 3726 2598 3780 his
2616 3727 2797 3782 verbis
2812 3768 2826 3792 ,
2857 3726 2939 3781 Tu
2961 3738 3128 3781 autem
3151 3730 3274 3797 quid
3293 3730 3390 3799 ju-

1796 3818 1937 3873 dicas
1962 3822 2173 3889 fratrem
2199 3825 2340 3871 tuum
2370 3815 2555 3890 (Rom.
2589 3818 2677 3872 M.
2707 3818 2775 3874 10
2795 3816 2815 3890 )
2838 3818 2861 3872 ?
2887 3818 2955 3872 At
2974 3835 3079 3876 non
3100 3819 3388 3876 Colossen-

1795 3913 1945 3968 sibus
1989 3912 2232 3968 scribens
2258 3911 2400 3967 idem
2447 3910 2611 3977 facit,
2657 3909 2756 3966 sed
2782 3926 2972 3981 magna
2996 3912 3314 3968 auctoritate
3338 3922 3394 3969 et

1796 4019 1891 4073 eos
1919 4003 2124 4074 carpit,
2171 4011 2226 4058 et
2255 4001 2658 4073 philosophatur
2682 4002 2866 4058 dicens
2895 4020 2909 4056 :
2954 4002 3119 4058 Nemo
3147 4021 3266 4075 ergo
3306 4020 3394 4058 vos

1787 4098 1986 4166 judicet
2026 4098 2081 4152 in
2126 4096 2235 4151 cibo
2263 4105 2412 4164 atque
2438 4103 2561 4166 potu
2602 4094 2756 4164 (Cof.
2795 4095 2849 4149 2.
2894 4095 3020 4166 16).
3064 4096 3132 4150 Et
3158 4111 3390 4152 rursum:

1798 4192 1861 4247 Si
1887 4208 2008 4264 ergo
2034 4193 2220 4252 mortui
2245 4191 2362 4245 estis
2403 4206 2520 4243 cum
2545 4188 2745 4245 Christo
2788 4189 2852 4242 ab
2880 4190 3136 4244 elementis
3180 4191 3382 4255 mundi,

1796 4283 1919 4355 quid
1944 4291 2199 4352 tamquam
2218 4282 2430 4336 viventes
2454 4281 2507 4334 in
2531 4279 2720 4334 mundo
2745 4279 3047 4334 decernitis?
3070 4278 3152 4334 Ne
3179 4281 3390 4349 tangito,

1798 4391 1897 4444 neu
1939 4383 2161 4444 gustato,
2207 4389 2306 4427 neu
2347 4379 2611 4426 attrectato
2635 4386 2655 4424 :
2697 4385 2810 4441 qua:
2838 4371 3011 4424 omnia
3052 4387 3148 4425 usu
3180 4382 3391 4440 pereunt

1800 4464 1980 4538 (Ibid.
2010 4479 2061 4520 v.
2089 4463 2181 4519 20.
2211 4463 2304 4517 21.
2344 4463 2416 4518 22
2440 4463 2480 4533 ).
2522 4460 2628 4516 Cur
2657 4461 2813 4530 igitur
2857 4459 2911 4515 id
2956 4459 3120 4514 facit?
3155 4460 3307 4528 Quod
3337 4461 3391 4518 hi

1800 4557 2101 4616 confirmati
2125 4565 2343 4612 essent:
2374 4555 2602 4611 Romani
2625 4554 2800 4610 adhuc
2827 4569 3017 4626 magna
3066 4555 3392 4626 indulgentia

1800 4663 1937 4719 opus
1966 4647 2247 4714 haberent,
2273 4655 2329 4702 et
2350 4654 2660 4716 expectaret
2686 4645 2798 4711 ille,
2826 4644 2952 4700 dum
2979 4643 3113 4700 ﬁdes
3133 4645 3186 4700 in
3207 4661 3392 4702 eorum

1801 4741 1953 4812 prius
1980 4738 2176 4794 animis
2203 4737 2679 4794 constabiliretur:
2709 4736 2915 4792 veritus
2939 4751 3008 4791 ne
3035 4746 3159 4792 ante
3185 4745 3395 4807 tempus

1801 4841 1857 4890 et
1879 4847 2033 4903 aequo
2052 4831 2208 4888 citius
2227 4829 2427 4884 zizania
2444 4829 2704 4884 revellere
2723 4841 3005 4898 aggressus
3025 4826 3251 4900 (Matth.
3277 4828 3394 4898 15),

1801 4941 1923 4982 cum
1964 4925 2030 4980 iis
2056 4939 2202 4980 same
2231 4922 2490 4979 doctrinae
2517 4922 2714 4991 stirpes
2744 4935 2849 4975 una
2891 4920 3053 4974 etiam
3078 4919 3382 4975 revelleret.

1801 5018 1983 5089 Itaque
2005 5033 2104 5072 nec
2125 5017 2318 5072 acriter
2345 5013 2582 5080 incessit,
2605 5027 2706 5068 nec
2725 5011 3132 5081 irreprehensos
3153 5011 3392 5077 dimittit,

1801 5110 1894 5166 sed
1915 5111 2052 5165 clam
2077 5117 2131 5163 ct
2153 5122 2250 5162 nec
2269 5107 2545 5177 opinantes
2573 5105 2626 5160 in
2650 5104 2768 5160 aliis
2791 5102 3113 5174 castigandis
3137 5101 3394 5174 perstrin-

1801 5203 1897 5274 git.
1917 5200 2052 5256 Nam
2083 5201 2173 5270 qui
2199 5199 2360 5265 dicat,
2389 5198 2499 5253 Suo
2530 5196 2734 5250 domino
2761 5203 2882 5258 stat,
2907 5202 2998 5248 aut
3023 5193 3162 5248 cadit
3189 5192 3385 5264 (Rom.

1805 5295 1892 5349 14.
1935 5292 2032 5362 4),
2077 5293 2165 5347 ille
2199 5286 2495 5358 increpanti
2541 5285 2812 5340 silentium
2851 5285 3124 5354 imponere
3161 5282 3391 5350 videtur,

1802 5385 1899 5442 sed
1919 5399 2103 5440 revera
2121 5379 2378 5450 increpati
2404 5377 2544 5433 illius
2559 5377 2794 5431 animum
2811 5375 3023 5432 vellicat
3041 5392 3056 5428 :
3085 5374 3393 5440 ostendens,

1804 5477 1870 5536 iis
1893 5475 2052 5530 rebus
2071 5473 2192 5528 duci
2215 5486 2322 5526 non
2347 5468 2612 5523 stabilium
2639 5482 2761 5522 esse
2784 5475 2838 5521 et
2854 5464 3075 5521 firmiter
3095 5463 3394 5519 consisten-

1806 5566 1958 5625 tium.
1985 5565 2081 5621 sed
2102 5563 2194 5633 qui
2218 5561 2394 5617 adhuc
2414 5560 2664 5623 titubcnt,
2691 5558 3012 5628 quibusque,
3036 5557 3091 5612 ni
3117 5563 3278 5623 stent,
3303 5571 3396 5626 ρος

1804 5661 2033 5715 ricnlum
2064 5663 2136 5712 sit
2166 5671 2236 5711 ne
2263 5655 2479 5712 cadant.
2510 5650 2767 5707 Eamdem
2795 5649 2965 5720 legem
3007 5657 3062 5705 et
3090 5649 3177 5704 hic
3220 5655 3398 5704 servat

1805 5760 2023 5824 propter
2049 5749 2310 5819 insignem
2359 5744 2783 5800 imbecillitatem
2826 5756 3014 5798 eorum
3062 5740 3257 5812 quibus
3291 5756 3393 5810 pn-

1807 5841 2044 5902 dendum
2090 5847 2236 5899 esset
2268 5855 2282 5894 :
2321 5850 2493 5907 neque
2519 5834 2663 5893 enim
2707 5840 2894 5906 aperte
2936 5848 3059 5890 eum
3105 5831 3257 5902 petit,
3296 5829 3394 5888 sed
