4020 6454
600 450 701 508 591

601 554 868 614 laudando
895 565 961 610 eo
983 551 1074 622 qui
1103 565 1252 604 suam
1279 548 1532 618 virginem
1555 553 1736 600 servet
1759 544 1971 614 egregie
1997 541 2190 596 verbe-

600 660 704 708 rat.
745 647 878 706 Nam
908 646 1034 716 quid
1079 643 1197 698 ait?
1237 641 1340 695 Sed
1367 640 1452 711 qui
1488 649 1586 692 stat
1614 638 1789 706 ﬁrmus
1831 637 1885 689 in
1909 634 2058 688 corde
2099 649 2190 687 suo

602 743 622 810 (
649 743 703 799 ι.
733 739 850 794 Cor.
899 739 955 793 'I.
997 737 1067 792 57
1092 737 1111 807 )
1136 754 1150 789 :
1179 733 1317 803 quod
1355 731 1418 784 ad
1445 729 1838 785 distinctionem
1861 727 2063 781 dictum
2110 733 2194 779 est

602 833 740 904 ejus,
768 831 860 902 qui
887 830 1072 886 leviter
1092 839 1144 884 et
1167 827 1318 882 facile
1343 825 1592 894 jactetur,
1621 836 1794 891 neque
1815 819 1989 873 adhuc
2011 818 2193 871 ﬁrmus

609 923 906 994 gradiatur,
933 937 1032 976 nec
1051 921 1274 974 viriliter
1299 927 1424 971 stet.
1460 914 1660 969 Deinde
1689 915 1810 984 quia
1841 911 2043 966 sciebat
2073 926 2192 963 nra-

605 1014 809 1070 tiouem
857 1027 974 1068 eam
1023 1011 1149 1065 satis
1185 1024 1326 1072 esse,
1379 1017 1436 1060 ut
1472 1005 1588 1074 ejus
1626 1007 1856 1058 animam
1904 1013 2190 1071 pungeret,

605 1105 728 1162 vide
757 1119 815 1160 ut
842 1120 958 1161 eam
985 1118 1195 1158 rursum
1225 1100 1461 1155 obnubat
1481 1139 1494 1161 ,
1525 1111 1738 1150 causam
1771 1095 1907 1148 haud
1936 1109 2065 1148 sane
2110 1109 2195 1146 re-

607 1196 964 1268 prehensione
1001 1193 1213 1264 dignam
1242 1189 1534 1245 all‘erendo.
1567 1187 1646 1241 Eo
1676 1187 1816 1240 enim
1861 1183 2003 1238 dicto
2028 1223 2044 1248 ,
2092 1182 2196 1237 Sed

605 1289 693 1361 qui
720 1296 817 1344 stat
839 1288 1018 1357 ﬁrmus
1043 1286 1096 1339 in
1121 1284 1272 1338 corde
1298 1298 1411 1344 suo,
1453 1280 1636 1344 addit,
1671 1276 1791 1332 Non
1820 1275 2005 1330 habens
2033 1292 2198 1328 neces-

603 1386 799 1436 sitatem
823 1421 837 1444 ,
870 1385 1164 1450 potestatem
1202 1384 1370 1428 autem
1414 1372 1622 1426 habens.
1672 1369 1831 1440 Atqui
1869 1382 2199 1436 consequens

605 1482 722 1528 erat
752 1480 810 1525 ut
833 1472 1056 1534 diceret,
1087 1468 1192 1523 Sed
1221 1467 1312 1536 qui
1341 1473 1593 1520 constans
1616 1471 1699 1517 est
1722 1503 1736 1526 ,
1770 1477 1940 1531 neque
1973 1461 2021 1514 id
2053 1460 2200 1514 indc-

610 1578 796 1618 corum
837 1576 959 1617 esse
1001 1568 1171 1630 putat.
1221 1557 1416 1613 Verum
1463 1555 1514 1610 id
1560 1554 1806 1609 acerbius
1833 1561 1967 1608 erat.
2019 1552 2201 1623 ltaque

615 1654 757 1710 aliud
786 1652 1092 1715 substituit,
1122 1665 1243 1705 eum
1270 1648 1555 1704 consolans
1581 1655 1740 1716 atque
1769 1645 1835 1700 ad
1864 1646 2000 1698 hanc
2026 1645 2202 1714 potius

614 1759 833 1800 causam
864 1743 1050 1798 venire
1076 1757 1286 1812 passus.
1312 1737 1588 1809 Siquidem
1617 1737 1793 1792 minus
1823 1736 2095 1804 indignum
2120 1744 2204 1790 est

612 1845 877 1898 coactum,
922 1849 1082 1904 quam
1111 1831 1362 1886 dedecori
1407 1829 1692 1884 habentem
1739 1827 1789 1881 id
1837 1837 2039 1880 vetare.
2067 1825 2202 1880 Nam

613 1925 744 1980 illud
786 1925 1036 1980 imbecilli
1065 1933 1119 1979 et
1149 1923 1328 1977 miseri
1357 1921 1519 1976 animi
1549 1928 1664 1983 est;
1700 1920 1801 1972 hoc
1830 1918 1988 1973 etiam
2014 1916 2204 1986 depra-

611 2017 761 2086 vati,
793 2033 892 2073 nec
918 2032 1098 2072 rerum
1147 2025 1394 2070 naturam
1437 2025 1581 2067 recte
1610 2013 1918 2067 discernere
1962 2011 2202 2065 scientis.

610 2111 719 2168 Sed
741 2111 978 2166 nondum
1008 2110 1124 2165 haec
1151 2108 1362 2164 dicendi
1393 2116 1507 2161 erat
1530 2107 1676 2160 locus
1713 2123 1724 2159 :
1758 2104 1953 2159 ctenim
1978 2118 2076 2158 nec
2106 2117 2204 2156 ne-

608 2205 859 2258 cessitate
888 2201 1226 2256 incumbente
1263 2198 1343 2254 fas
1369 2212 1490 2253 esse
1515 2212 1659 2261 eam,
1689 2211 1807 2264 quae
1835 2195 1982 2265 virgo
2008 2194 2203 2264 degere

615 2295 922 2358 instituerit,
959 2307 1169 2355 arcere,
1205 2290 1299 2346 sed
1327 2290 1585 2344 adversus
1610 2287 1808 2347 omnia.
1842 2302 1960 2356 qua:
1987 2285 2207 2355 praecla-

619 2400 739 2440 rum
775 2387 878 2440 boc
897 2384 1130 2438 studium
1159 2381 1486 2452 impediant,
1515 2379 1726 2434 fortiter
1754 2377 2028 2433 nitendum
2055 2392 2203 2441 esse,

613 2479 736 2535 audi
760 2477 886 2549 quid
921 2475 1167 2532 Christus
1209 2483 1463 2529 censeat:
1497 2472 1597 2539 Qui
1637 2480 1832 2541 patrem
1875 2478 1962 2522 aut
2000 2477 2209 2522 matrem

609 2580 748 2626 amat
785 2586 942 2642 supra
967 2584 1047 2622 me
1069 2608 1086 2632 ,
1131 2583 1234 2621 non
1270 2574 1341 2620 est
1365 2577 1443 2618 me
1469 2563 1653 2634 dignus
1687 2561 1706 2634 (
1729 2561 1925 2616 Matth.
1956 2560 2042 2616 'lO.
2072 2560 2141 2614 57
2166 2560 2207 2629 ).

609 2665 816 2735 Quippe
840 2662 929 2718 ubi
953 2659 1081 2733 quid
1107 2659 1218 2716 Deo
1245 2667 1521 2728 acceptum
1561 2655 1949 2726 persequimur,
1971 2652 2211 2722 quisquis

610 2754 894 2826 prohibet,
919 2768 1013 2809 seu
1038 2759 1220 2822 pater,
1262 2765 1357 2805 seu
1385 2757 1588 2812 mater,
1617 2761 1710 2802 seu
1741 2745 2060 2815 quicumque
2099 2744 2198 2809 sit,

612 2846 782 2904 hostis
809 2856 968 2916 atque
997 2843 1245 2900 inimicus
1272 2850 1354 2897 est
1377 2838 1675 2895 habendus.
1707 2836 1812 2892 Sed
1845 2835 1960 2890 h:ec
1985 2833 2207 2899 Paulus,

615 2941 707 3013 qui
736 2941 1039 2996 auditorum
1068 2935 1520 3006 imperfectionem
1550 2931 1723 2986 adhuc
1747 2929 2052 2996 sustineret,
2083 2928 2214 2983 scri-

617 3035 718 3100 bit,
746 3033 991 3104 inquiens
1014 3048 1028 3084 :
1057 3029 1164 3086 Sed
1186 3028 1272 3100 qui
1290 3035 1386 3082 stat
1408 3027 1587 3095 ﬁrmus
1611 3040 1710 3078 non
1737 3022 1926 3077 habens
1944 3021 2216 3076 necessita-

611 3135 731 3181 tem.
773 3124 958 3196 Neque
997 3122 1084 3177 hic
1121 3122 1302 3185 stetit,
1334 3119 1432 3174 etsi
1453 3161 1465 3182 ,
1501 3135 1602 3173 non
1630 3116 1816 3171 habens
1847 3116 2210 3182 necessitatem,

611 3225 690 3283 et,
719 3225 1014 3288 potestatem
1040 3213 1246 3276 habens,
1275 3211 1416 3266 idem
1442 3211 1580 3266 sint:
1607 3208 1702 3264 sed
1730 3209 2013 3264 sententia:
2040 3208 2208 3278 proli-

609 3309 798 3375 xitate,
820 3323 884 3363 ac
905 3306 1315 3378 permissionum
1341 3301 1673 3368 assiduitate,
1698 3299 1920 3356 fractam
1944 3310 1998 3355 et
2018 3301 2214 3356 exilem

609 3408 844 3454 mentem
870 3397 1104 3458 solatur;
1138 3403 1322 3464 postea
1356 3401 1420 3448 et
1445 3392 1670 3447 alteram
1713 3390 1919 3445 addens
1949 3404 2164 3444 causam
2195 3431 2212 3456 ,

617 3489 722 3557 Qui
739 3489 802 3543 in
841 3487 994 3542 corde
1037 3502 1130 3540 suo
1155 3485 1350 3540 statuit.
1377 3483 1559 3553 Neque
1597 3482 1740 3538 enim
1768 3479 1963 3536 sufllcit
1987 3481 2214 3536 liberum

612 3595 735 3637 esse
756 3621 773 3645 ,
802 3594 974 3649 neque
1001 3579 1125 3632 hinc
1149 3578 1323 3632 solum
1367 3576 1428 3630 lit
1469 3575 1733 3631 obnoxius
1758 3615 1775 3641 ,
1805 3574 1902 3630 sed
1936 3575 2022 3631 ubi
2057 3575 2217 3646 eligat

613 3681 774 3742 atque
791 3676 1008 3734 statuat,
1037 3677 1146 3723 tum
1177 3683 1307 3723 vero
1331 3675 1476 3722 recte
1501 3665 1648 3722 facit.
1676 3666 1879 3722 Deinde
1903 3682 1972 3722 ne
2001 3677 2218 3739 propter

613 3761 884 3832 ingentem
905 3758 1286 3829 indulgentiam
1315 3757 1446 3811 nihil
1482 3757 1744 3813 interesse
1787 3757 2068 3822 crederes,
2099 3757 2203 3812 ite-

613 3867 734 3908 rum
759 3851 1046 3907 discrimen
1073 3850 1212 3917 edit,
1246 3849 1432 3904 timide
1461 3849 1552 3904 ille
1577 3849 1814 3920 quidem.
1843 3851 1938 3905 sed
1977 3851 2086 3906 edit
2133 3859 2215 3905 ta-

615 3957 740 3997 men
765 3941 849 3996 his
871 3940 1082 3996 verbis:
1111 3939 1295 4008 Itaque
1319 3947 1370 3994 et
1396 3940 1484 4011 qui
1511 3940 1834 3994 matrimonio
1853 3941 2064 4012 jungit,
2095 3940 2219 3996 bene

616 4036 764 4106 facit,
790 4044 838 4090 et
858 4035 941 4104 qui
963 4050 1063 4088 non
1063 4033 1240 4104 jungit
1255 4032 1434 4087 melius
1465 4032 1588 4103 facit
1615 4029 1706 4104 (Ι.
1731 4030 1849 4087 Cor.
1870 4033 1926 4087 7.
1954 4033 2022 4088 58
2045 4034 2085 4104 ).
2108 4033 2222 4088 Cae-

616 4137 789 4183 terum
817 4134 1018 4198 quanto
1056 4125 1159 4180 hoc
1187 4125 1380 4180 melius
1403 4123 1492 4191 sit,
1528 4124 1614 4179 hic
1639 4139 1745 4179 non
1769 4123 2001 4194 explicat
2021 4125 2209 4180 eadem

614 4219 683 4276 de
709 4233 902 4275 causa:
928 4217 1072 4290 quod
1100 4218 1147 4274 si
1175 4219 1318 4274 scire
1356 4218 1462 4285 vis,
1493 4217 1620 4273 audi
1649 4217 1917 4273 dicentem
1944 4217 2214 4274 Christum

617 4309 730 4366 Nec
753 4311 963 4374 ducunt,
991 4326 1081 4364 nec
1107 4308 1382 4377 ducuntur,
1405 4309 1496 4363 sed
1521 4318 1640 4364 sunt
1664 4309 1794 4364 sicut
1817 4307 1986 4380 angeli
2009 4310 2062 4363 in
2091 4309 2216 4364 uela

620 4401 641 4473 (
665 4400 854 4455 latth.
879 4399 974 4455 22.
1003 4397 1133 4473 ὅθ).
1177 4399 1370 4456 Vidisti
1393 4399 1684 4454 discrimen
1708 4439 1725 4466 ,
1779 4414 1887 4470 quo
1932 4399 2216 4469 virginitas

616 4494 896 4549 mortalem
923 4501 1144 4564 repente
1164 4493 1382 4558 attollit,
1415 4493 1574 4548 modo
1599 4507 1726 4548 vera
1752 4493 1824 4548 sit
1847 4492 2163 4563 virginitas?

688 4583 926 4640 LXXIX.
961 4583 1122 4638 Nulla
1145 4601 1200 4638 re
1225 4584 1515 4656 inferiorem
1541 4585 1699 4655 fuisse
1729 4583 1936 4654 Angelis
1964 4581 2134 4638 Eliam
2160 4592 2211 4639 et

545 4679 548 4682 ’
617 4675 706 4746 qui
729 4675 837 4744 ejus
863 4673 1071 4738 similes,
1101 4673 1252 4744 idque
1278 4673 1580 4744 virginitatis
1619 4674 1878 4743 beneﬁcio.
1901 4705 1975 4715 —-
1999 4674 2212 4730 Etenim

617 4783 722 4839 qua
759 4781 819 4822 re
850 4765 919 4821 ab
951 4765 1153 4836 angelis
1187 4764 1502 4820 dill'erebant
1538 4763 1718 4830 Elias,
1762 4765 2022 4832 Elisaeus,
2053 4765 2217 4821 Joan-

619 4873 738 4926 nes,
760 4855 996 4929 germani
1024 4856 1078 4911 hi
1102 4854 1418 4926 virginitatis
1442 4855 1744 4910 amatores?
1769 4854 1923 4910 Nulla
1949 4855 2048 4910 nisi
2071 4854 2213 4926 quod

619 4951 828 5007 mortali
849 4958 1038 5005 natura
1061 4957 1214 5005 erant
1233 4947 1473 5003 obstricti
1497 4965 1514 5003 :
1535 4956 1729 5003 caetera
1755 4948 1798 5003 si
1825 4948 1946 5016 quis
1967 4956 2215 5003 accurate

619 5045 871 5116 inquirat,
894 5041 1060 5097 nihilo
1081 5042 1147 5097 iis
1165 5040 1400 5097 deterius
1419 5040 1636 5096 affectos
1657 5041 1908 5104 inveniet,
1932 5050 2090 5110 atque
2111 5040 2214 5096 hoc

619 5137 824 5207 ipsum,
859 5149 966 5206 quo
1002 5133 1281 5190 inferiores
1317 5131 1667 5196 videbantur,
1694 5132 1849 5186 valde
1889 5131 1955 5186 ad
2002 5130 2212 5187 laudem

620 5227 765 5283 facit.
806 5225 936 5281 Nam
963 5225 1016 5280 in
1051 5233 1192 5280 terra
1216 5223 1499 5295 degentes,
1527 5236 1591 5277 ac
1619 5222 1858 5277 mortalis
1884 5231 2087 5277 naturm
2115 5237 2214 5277 ne-

618 5318 854 5378 cessitati
874 5316 1161 5387 subjectos,
1185 5315 1250 5370 ad
1281 5330 1400 5371 eam
1424 5316 1673 5370 virtutem
1699 5314 1928 5369 evadere
1954 5313 2212 5384 potuisse,

619 5412 740 5468 vide
781 5419 994 5483 quantm
1036 5407 1394 5472 fortitudinis,
1430 5416 1641 5478 quanta:
1681 5405 2030 5476 philosophia:
2075 5414 2210 5461 erat.

622 5503 693 5558 At
717 5499 1072 5573 virginitatem
1111 5515 1206 5555 eos
1244 5499 1378 5554 tales
1415 5512 1790 5568 comparasse,
1837 5496 1960 5551 hinc
2003 5497 2214 5566 perspi-

621 5607 782 5648 cuum
808 5601 911 5650 est.
935 5591 995 5650 Si
1025 5591 1166 5648 enim
1194 5592 1449 5662 conjuges
1475 5600 1634 5660 atque
1662 5589 1855 5645 liberos
1885 5589 2212 5655 habuissent,

626 5697 732 5738 non
762 5691 871 5739 tam
899 5683 1056 5741 facile
1081 5683 1294 5740 deserta
1320 5682 1678 5751 habitassent,
1707 5697 1806 5736 nec
1831 5680 1976 5737 mdes
2004 5691 2058 5736 et
2085 5682 2216 5736 rell-

625 5788 788 5845 qunm
810 5774 934 5830 vitae
955 5783 1266 5844 apparatum
1297 5772 1677 5843 neglexissent.
1703 5770 1852 5828 Nunc
1877 5775 1944 5826 ita
1967 5771 2216 5827 omnibus

629 5865 854 5923 vinculis
891 5865 1080 5936 soluti,
1111 5865 1167 5924 in
1197 5873 1336 5921 terra
1364 5873 1507 5920 velut
1545 5863 1598 5920 in
1635 5865 1766 5920 curio
1792 5863 2048 5936 degentes
2081 5879 2211 5935 age-

1345 435 1400 493 S.
1439 431 1717 492 JOANNIS
1752 427 2228 487 CHRYSOSTOMI
2256 426 2572 484 ARCHIEP.
2595 425 3136 484 CONSTANTINOP.
3802 435 3903 490 592

2301 541 2448 608 bant,
2474 558 2579 596 non
2609 542 2914 612 parietibus,
2939 560 3043 598 non
3073 552 3231 610 tecto,
3257 559 3360 599 non
3390 553 3526 614 toro,
3549 564 3674 604 non
3698 565 3906 618 mensa,

2302 649 2405 688 non
2445 635 2551 688 alio
2593 635 2645 689 id
2687 651 2855 706 genus
2894 637 3002 690 ullo
3044 637 3340 707 indigentes
3368 656 3382 693 :
3410 643 3532 710 quin
3573 644 3785 697 caelum
3818 660 3907 712 pro

2304 734 2464 792 tecto,
2493 726 2710 781 humum
2739 743 2836 797 pro
2868 738 3002 793 toro,
3032 729 3368 784 solitudinem
3399 747 3494 802 pro
3517 751 3713 788 tttcnsa
3747 735 3908 788 hahe-

2301 819 2460 884 hant,
2491 835 2554 874 ac
2579 835 2698 890 quae
2733 836 2820 876 res
2857 821 2975 876 aliis
3012 823 3162 877 famis
3199 838 3356 878 causa
3393 826 3672 891 videatur,
3712 829 3910 884 deserti

2303 912 2585 974 sterilitas.
2614 929 2674 967 ea
2703 916 2899 968 sanctis
2930 915 3033 970 illis
3059 916 3434 973 abundantiam
3465 921 3764 989 praestabat
3796 940 3808 973 :
3839 927 3911 975 si-

2303 1003 2515 1070 quidem
2544 1019 2642 1058 nec
2671 1005 2887 1070 vitibus,
2922 1022 3018 1060 nec
3041 1008 3392 1062 torcularibus
3415 1011 3454 1075 ί,
3489 1026 3588 1064 nec
3624 1010 3872 1080 frugibus
3893 1054 3907 1077 ,

2305 1111 2402 1150 nec
2432 1111 2606 1151 messe
2635 1113 2768 1167 Opus
2800 1098 3084 1163 habebant,
3109 1101 3200 1154 sed
3233 1101 3449 1156 uberem
3481 1119 3541 1157 ac
3561 1104 3787 1158 dulcem
3825 1123 3913 1174 po-

2305 1198 2414 1242 tum
2452 1188 2659 1251 fontes,
2692 1199 2874 1260 stagna
2916 1200 2970 1246 et
3012 1190 3156 1246 lluvii
3202 1195 3634 1262 suppeditabant.
3673 1197 3905 1251 Mensam

2306 1282 2396 1334 ttui
2423 1281 2642 1350 angelus
2672 1283 2877 1351 paravit
2921 1283 3208 1338 inauditam
3235 1325 3249 1348 ,
3281 1286 3596 1340 insolentem
3622 1329 3638 1353 ,
3676 1287 3907 1340 humana

2287 1372 2690 1427 “consuetudine
2721 1373 2976 1442 majorem
3007 1391 3020 1424 :
3049 1373 3194 1428 Unus
3223 1376 3363 1428 enim
3382 1417 3396 1440 ,
3431 1377 3634 1446 inquit,
3669 1381 3821 1445 panis
3846 1381 3907 1430 ad

2306 1462 2642 1533 quadraginta
2668 1462 2862 1516 dierum
2900 1463 3124 1517 inediam
3155 1465 3334 1534 suﬁicit
3374 1466 3443 1537 (5
3481 1467 3607 1539 Reg.
3659 1469 3751 1524 l9.
3782 1469 3838 1523 6.
3867 1481 3907 1522 et

2311 1544 2631 1608 8.)Alterum
2657 1543 2898 1614 Spiritus
2912 1547 3087 1615 gratia
3105 1561 3249 1614 saepe
3268 1547 3499 1603 miriﬁce
3517 1551 3699 1619 pavit,
3735 1570 3907 1623 neque

2303 1651 2429 1694 eum
2458 1638 2656 1702 solum,
2681 1639 2775 1692 sed
2800 1639 2938 1694 alios
2969 1640 3130 1693 etiam
3152 1639 3272 1709 ejus
3296 1655 3466 1696 causa
3496 1643 3668 1712 (Vide
3705 1646 3757 1699 4.
3781 1646 3901 1717 Reg.

2303 1728 2358 1787 ιε
2376 1727 3008 1796 40).CaeterumJoannes
3027 1735 3150 1805 plus
3189 1749 3352 1804 quam
3393 1738 3657 1805 propheta
3681 1742 3703 1810 t
3723 1740 3898 1796 itan/1.

2309 1823 2424 1897 ll),
2452 1840 2558 1894 quo
2588 1825 2764 1880 nullus
2798 1825 2850 1879 in
2895 1827 3208 1881 feminarum
3251 1827 3388 1881 natis
3429 1828 3600 1896 major
3645 1830 3907 1892 surrexit,

2309 1931 2409 1972 nec
2444 1916 2660 1972 humani
2700 1918 2802 1973 cibi
2841 1918 3061 1987 indiguit
3094 1937 3106 1972 :
3136 1919 3224 1989 qui
3266 1934 3368 1973 non
3402 1919 3711 1986 frumento,
3756 1922 3904 1983 vino,

2310 2009 2458 2076 oleo,
2499 2009 2592 2064 sed
2634 2010 2852 2064 locustis
2889 2011 3245 2082 sylvestrique
3274 2012 3429 2066 melle
3464 2015 3712 2083 corporis
3756 2014 3909 2067 vitam

2310 2111 2653 2156 sustentaret.
2680 2104 2756 2156 En
2781 2113 3061 2158 terrestres
3080 2105 3318 2174 angelos,
3341 2119 3410 2160 en
3431 2106 3756 2176 virginitatis
3773 2106 3873 2160 vim
3895 2125 3907 2160 :

2311 2193 2640 2249 efficiebatut
2654 2194 2897 2254 homines
2911 2211 3071 2252 carne
3089 2205 3245 2268 atque
3261 2199 3515 2269 sanguine
3530 2201 3908 2270 coagmentati,

2314 2285 2458 2341 humi
2489 2288 2810 2358 gradientes,
2838 2291 3076 2344 mortalis
3106 2302 3312 2347 natura;
3340 2295 3648 2349 necessitati
3674 2295 3906 2358 obnoxii,

2314 2386 2583 2448 tamquam
2623 2380 2957 2450 incorporei,
3001 2390 3270 2452 tamquam
3313 2383 3500 2437 cmlum
3543 2383 3658 2454 jam
3699 2385 3906 2454 adepti,

2315 2477 2584 2540 tamquam
2616 2470 3067 2526 immortalitatem
3093 2474 3442 2543 consequuti,
3468 2483 3665 2530 cuncta
3697 2485 3907 2546 prmstao

2314 2569 2452 2615 rent.

2386 2652 2602 2709 LXXX.
2647 2655 2784 2720 Quid
2826 2658 2892 2712 sit
2934 2658 3168 2712 honestas
3207 2666 3255 2712 et
3293 2659 3564 2715 assiduitas
3607 2660 3815 2715 decora.
3843 2689 3906 2701 -

2315 2745 2522 2817 Quippe
2550 2756 2703 2802 erant
2738 2749 2802 2804 iis
2840 2757 3028 2805 cuncta
3060 2764 3385 2820 supervacua
3407 2792 3422 2818 ,
3457 2767 3562 2806 non
3596 2753 3716 2807 luec
3740 2751 3902 2806 solum

2316 2853 2436 2908 quae
2464 2852 2592 2894 vere
2619 2853 2946 2908 supervacua
2985 2849 3144 2906 sunt,
3173 2841 3411 2908 delicize,
3441 2858 3602 2913 opes,
3643 2843 3870 2912 potentia
3890 2885 3902 2906 ,

2317 2929 2483 3000 gloria
2504 2972 2520 2995 ,
2570 2940 2626 2986 et
2652 2932 2854 3001 reliqua
2882 2923 3266 2988 somniorum’
3298 2934 3518 2988 istorum
3559 2936 3734 2990 series
3755 2977 3769 2999 ,
3815 2933 3900 2989 sed

2317 3023 2480 3078 etiam
2504 3039 2621 3094 qua:
2646 3026 2946 3082 necessaria
2971 3026 3239 3094 videntur,
3266 3027 3431 3094 ades,
3455 3028 3638 3096 urbes,
3669 3027 3902 3082 artiﬁcia.

2319 3113 2432 3170 Hoc
2456 3123 2536 3170 est
2569 3115 2804 3171 honestas
2831 3126 2878 3171 et
2902 3117 3088 3172 decora
3124 3119 3395 3174 assiduitas
3414 3161 3430 3185 ,
3465 3121 3567 3174 hoc
3597 3119 3902 3192 virginitatis

2319 3207 2508 3263 virtus.
2539 3207 2670 3262 Nam
2701 3210 2892 3264 mirum
2922 3211 3134 3281 quidem
3165 3220 3219 3266 et
3247 3212 3428 3267 multis
3453 3215 3671 3268 coronis
3698 3213 3902 3282 dignum

2319 3307 2433 3362 est,
2461 3297 2741 3354 libidinum
2768 3299 3028 3355 insaniam
3061 3301 3338 3372 frangere,
3370 3317 3435 3358 ac
3473 3302 3738 3359 furentem
3765 3312 3903 3356 natu-

2318 3403 2434 3443 ram
2461 3404 2712 3446 coercere
2741 3409 2754 3444 :
2785 3392 2883 3447 sed
2923 3401 3033 3447 tum
3072 3409 3200 3449 vere
3229 3395 3420 3448 mirum
3442 3435 3457 3460 ,
3487 3410 3607 3449 cum
3651 3393 3901 3465 ejusmodi

2319 3478 2479 3534 etiam
2505 3480 2606 3535 vita
2634 3481 2878 3548 accedit;
2906 3484 3130 3538 seorsim
3156 3493 3333 3540 autem
3362 3494 3416 3540 et
3442 3502 3536 3555 per
3560 3501 3620 3541 se
3645 3487 3784 3542 exile
3807 3493 3898 3545 est,

2319 3586 2491 3641 neque
2527 3586 2593 3627 eo
2634 3573 2888 3643 prteditos
2933 3588 3152 3630 servare
3189 3586 3385 3646 potest.
3429 3579 3600 3647 Atque
3640 3579 3728 3633 hic
3762 3575 3900 3631 nobis

2317 3672 2483 3720 testes
2513 3666 2619 3720 sint
2647 3675 2906 3737 quotquot
2943 3666 3206 3737 hodieque
3243 3669 3595 3740 virginitatem
3626 3678 3897 3729 exercent.

2318 3771 2438 3827 qua:
2461 3765 2663 3812 tantum
2689 3757 2884 3814 absunt
2904 3758 2972 3813 ab
2993 3759 3108 3814 Elia
3131 3769 3184 3815 et
3204 3759 3400 3816 Elismo
3423 3771 3477 3818 et
3499 3761 3726 3824 Joanne,
3750 3775 3900 3830 quan-

2320 3857 2432 3904 tum
2463 3859 2602 3905 terra
2632 3865 2660 3905 a
2697 3851 2852 3907 cmlo.
2881 3851 2946 3907 Ut
2978 3853 3120 3908 enim
3141 3895 3156 3919 ,
3187 3854 3232 3910 si
3273 3855 3578 3908 honestatem
3605 3865 3651 3910 et
3681 3856 3898 3908 decoram

2319 3941 2672 3996 assiduitatem
2707 3943 2938 4012 eripias,
2977 3944 3296 4015 virginitatis
3339 3961 3532 4000 nervos
3575 3944 3896 4001 succideris:

2321 4033 2391 4088 ita
2418 4034 2463 4088 si
2493 4049 2611 4090 eam
2636 4049 2757 4090 cum
2782 4037 2888 4091 vita
2916 4052 3075 4107 quam
3106 4037 3304 4108 optima
3335 4038 3647 4109 eonjnngas,
3680 4038 3897 4092 radicem

2319 4138 2384 4179 ac
2411 4123 2612 4180 fontem
2641 4125 2904 4182 bonorum
2933 4136 3103 4182 tenes.
3129 4127 3260 4183 Nam
3291 4129 3740 4198 quemadmodum
3767 4126 3897 4181 radi-

2319 4229 2437 4270 cem
2481 4225 2620 4272 terra
2665 4217 2874 4288 pinguis
2917 4234 2981 4274 ac
3018 4218 3242 4286 fertilis,
3280 4221 3358 4275 sic
3390 4222 3495 4275 vita
3527 4237 3686 4292 quam
3714 4220 3895 4291 optima

2320 4305 2639 4376 virginitatis
2661 4307 2862 4364 fructus
2893 4310 3095 4364 nutrire
3122 4311 3267 4365 novit
3297 4328 3310 4362 :
3342 4311 3448 4364 imo
3474 4321 3529 4366 et
3552 4313 3700 4366 radix
3729 4321 3779 4365 et
3804 4307 3899 4360 fru-

2320 4405 2438 4453 ctus
2455 4397 2774 4468 virginitatis
2800 4399 2904 4454 vita
2930 4401 3183 4456 crucifixa
3206 4409 3304 4456 est.
3331 4401 3456 4456 llaec
3484 4417 3772 4472 generosos
3794 4399 3898 4452 illos

2321 4489 2387 4544 ad
2412 4491 2709 4548 mirabilem
2736 4507 2950 4548 cursum
2980 4494 3213 4556 inunxit,
3247 4495 3472 4550 vinculis
3497 4498 3743 4552 omnibus
3779 4491 3897 4546 rcci-

2320 4583 2428 4650 sis,
2459 4582 2640 4638 liberis
2667 4599 2730 4638 ac
2769 4584 3070 4654 pernicibus
3102 4585 3327 4654 pedibus
3356 4596 3624 4658 tamquam
3656 4589 3819 4642 alatos
3848 4583 3892 4634 in

2319 4674 2510 4729 caelum
2533 4674 2836 4730 evolaturos
2859 4675 3150 4732 dimittens.
3179 4675 3279 4733 Ubi
3307 4677 3449 4731 enim
3479 4694 3576 4732 nec
3599 4678 3774 4732 uxoris
3799 4683 3896 4726 stu-

2320 4762 2465 4818 dium
2489 4804 2503 4827 ,
2532 4778 2632 4819 nec
2661 4763 2946 4819 liberorum
2974 4779 3100 4819 cura
3129 4765 3196 4819 sit
3215 4806 3229 4828 ,
3259 4764 3529 4835 perfacilis
3554 4775 3638 4822 est
3660 4773 3856 4837 egestas
3883 4775 3894 4810 :

2319 4863 2531 4925 egestas
2555 4863 2732 4910 autem
2761 4870 2861 4910 nos
2887 4855 3022 4910 caelo
3051 4856 3252 4910 vicinos
3283 4865 3530 4926 praestat,
3563 4873 3666 4911 non
3695 4851 3896 4911 terrori-

2320 4949 2420 5003 bus
2461 4947 2631 5002 solum
2673 4955 2729 5003 et
2770 4947 2913 5003 curis
2953 4962 3016 5016 ac
3055 4949 3334 5018 periculis,
3367 4948 3461 5003 sed
3501 4950 3718 5020 reliquis
3750 4947 3895 5001 etiam

2321 5034 2569 5095 omnibus
2597 5043 2856 5097 molestiis
2882 5042 3136 5097 liberans.

2391 5133 2628 5189 LXXXI.
2655 5134 2913 5201 Quantum
2941 5135 3124 5189 bonum
3149 5136 3213 5189 sit
3237 5146 3447 5206 egestas.
3470 5166 3543 5179 -—
3563 5114 3691 5194 N'am
3720 5135 3802 5207 qui
3828 5131 3894 5185 ni-

2321 5223 2396 5280 hil
2429 5226 2606 5291 habet,
2637 5242 2734 5280 ceu
2761 5228 2939 5280 omnia
2973 5237 3160 5280 tenens
3181 5229 3356 5281 omnia
3387 5232 3698 5293 contemnit,
3722 5239 3770 5282 et
3795 5240 3893 5279 ma-

2320 5331 2419 5386 gna
2451 5317 2696 5372 libertate
2724 5317 2984 5374 adversus
3023 5320 3400 5388 magistratus,
3436 5323 3722 5391 primates,
3753 5327 3892 5385 atque

2321 5408 2493 5477 ipsum
2516 5407 2816 5463 diademate
2837 5418 3083 5463 ornatum
3116 5411 3298 5464 utitur.
3327 5411 3425 5479 Qui
3447 5427 3578 5481 epes
3597 5407 3887 5469 contemnit.

2320 5499 2518 5554 sensim
2558 5514 2876 5571 progressus
2919 5499 3072 5556 facile
3116 5511 3341 5557 mortem
3378 5503 3535 5557 etiam
3567 5509 3889 5560 contemnet:

2319 5601 2479 5664 atque
2506 5591 2589 5647 his
2612 5593 2874 5648 excelsior
2897 5608 3084 5647 omnes
3111 5594 3374 5664 intrepide
3399 5597 3715 5666 alloquetur,
3744 5588 3889 5650 nenti-

2321 5699 2444 5741 nem
2473 5698 2672 5755 pavens
2707 5699 2769 5740 ac
2807 5683 3120 5740 formidans.
3152 5687 3222 5741 At
3253 5687 3342 5757 qui
3373 5688 3562 5758 opibus
3591 5697 3887 5760 occupetur.

2385 5812 2408 5880 ξ
2437 5811 2511 5861 sic
2526 5810 2666 5874 juxta
2684 5809 2823 5880 savil.
2848 5815 2991 5880 tngB.,
3015 5809 3196 5880 pratis,
3224 5824 3342 5873 pro,
3369 5813 3707 5880 torcularibus.
3748 5819 3801 5862 lt.

2386 5873 2411 5906 ³
2443 5868 2550 5935 l‘ro',
2571 5871 2881 5935 somniorum,
2905 5868 3026 5936 ttng
3050 5868 3534 5936 habet,'mortaliunt.
