4020 6380
565 331 674 389 595

560 448 736 503 εἰπεῖν
753 446 863 503 τῶν
885 447 1176 519 βιωτικῶν.
1199 449 1302 505 Διὰ
1329 451 1486 506 τοῦτο
1524 453 1683 523 ῥίζαν
1716 451 1883 524 αὐτὴν
1912 453 2020 507 τῶν
2046 452 2236 508 κακῶν

559 533 781 589 πάντων
805 536 835 588 ό
859 535 1072 600 Παῦλος
1117 537 1400 592 ἐκάλεσεν.
1447 539 1609 593 Ἀλλά
1646 540 1852 612 ταύτην
1886 540 2047 611 ἱκανὴ
2077 540 2242 611 ξηρᾶ-

558 638 650 676 ναι
680 622 779 693 τὴν
802 621 962 692 ῥίζαν
984 624 1328 699 ἡ-παρθενία,
1357 625 1451 679 καὶ
1472 626 1668 696 ἑτέραν
1692 628 1827 698 ἡμῖν
1851 626 2090 680 ἐνθεῖναι
2140 626 2242 699 τὴν

558 708 813 780 ἀρίστην,
834 710 933 781 τὴν
951 694 1170 765 ἅπαντα
1198 694 1611 781 βλαστάνουσαν
1623 713 1692 766 τά
1712 694 1876 777 ὀξαλά,
1902 694 2239 784 ἐλευθερίαν,

558 800 896 871 παρρησίαν,
927 801 1214 874 ἀνδρείαν,
1245 800 1407 873 ζῆλον
1448 802 1868 874 πεπυρωμένον,
1912 802 2099 875 ἔρωτα
2128 802 2240 856 τῶν

557 886 827 956 οὐρανίων
849 887 1085 960 θερμὸν,
1121 889 1423 960 ὑπεροψίαν
1446 890 1666 945 πάντων
1698 890 1810 946 τῶν
1837 892 1937 944 ἐπὶ
1970 892 2071 960 τῆς
2097 892 2202 963 γῆς
2224 907 2239 921 ⁸

557 974 701 1029 οὕτω
730 975 792 1030 τὸ
818 977 1151 1047 Εὖσχημον
1187 977 1288 1031 καί
1316 978 1735 1048 εὐπρόσεδρον
1758 979 1996 1048 γίνεται.

627 1096 754 1154 ΠΒ’.
773 1098 933 1153 Ἀλλά
956 1100 1042 1164 τίς
1063 1102 1092 1154 ό
1112 1101 1274 1170 σοφὸς
1301 1102 1410 1155 τῶν
1430 1100 1640 1155 πολλῶν
1664 1101 1849 1170 λόγος;
1890 1102 1948 1155 '0
1969 1101 2237 1173 πατριάρ-

558 1202 681 1257 χης,
700 1205 771 1259 φη
779 1187 985 1253 σὶν,Ἀ6
989 1190 1141 1260 ραάμ
1156 1192 1249 1243 καὶ
1266 1193 1500 1259 γυναῖκα
1514 1186 1649 1262 εἶχε,
1669 1191 1761 1245 καὶ
1776 1191 1990 1255 παῖδας,
2003 1191 2098 1245 καὶ
2112 1193 2238 1263 χρή-

559 1293 724 1346 ματα,
750 1278 844 1330 καὶ
868 1276 1117 1348 ποίμνια,
1136 1279 1231 1332 καὶ
1260 1277 1530 1348 βουκόλια·
1558 1281 1651 1333 καὶ
1682 1279 1823 1351 μετά
1848 1281 2026 1334 πάντα
2051 1280 2236 1334 ἐκεῖνα

568 1361 842 1434 Ἰωάννης,
861 1364 887 1417 ὃ
906 1381 967 1417 τε
988 1365 1323 1437 Βαπτιστὴς,
1348 1366 1377 1419 6
1397 1383 1458 1418 τε
1480 1365 1908 1437 Εὑαγγελιστὴς,
1925 1363 2076 1438 [555]
2095 1383 2237 1438 παρ-

555 1448 700 1504 θένοι
719 1452 1020 1524 ἀμφότεροι
1041 1453 1420 1524 τυγχάνοντες,
1445 1453 1538 1507 καὶ
1556 1453 1768 1518 Παῦλος
1796 1455 1891 1508 καὶ
1920 1454 2125 1526 Πέτρος
2142 1456 2236 1508 ἐπὶ

552 1541 656 1611 τῆς
685 1540 1013 1612 ἐγκρατείας
1040 1541 1463 1612 διαλάμψαντες,
1499 1542 1579 1606 είς
1602 1542 1729 1606 τοὺς
1760 1542 1971 1595 ἐκείνου
2000 1541 2235 1609 κόλπους

552 1627 808 1700 εὔχονται
844 1629 1042 1683 ἐλθεῖν.
1077 1630 1175 1693 Τίς
1206 1646 1290 1682 σοι
1307 1630 1468 1683 τοῦτο
1492 1625 1664 1696 εἶπεν,
1694 1624 1741 1685 ὦ
1788 1629 2057 1703 βέλτιστε,
2083 1633 2235 1695 ποῖος

553 1717 863 1789 προφήτης,
893 1717 976 1781 τίς
997 1717 1425 1789 εῦαγγελιστής;
1471 1718 1666 1782 Αὐτὸς,
1707 1720 1894 1790 φησὶν,
1914 1720 1944 1773 6
1969 1720 2228 1792 Χριστός.

553 1804 658 1859 Τὸν
685 1804 794 1877 γὰρ
817 1805 1221 1878 ἑκατοντάρχην
1258 1805 1382 1860 ἰδὼν
1419 1804 1620 1877 πολλὴν
1644 1805 1840 1877 ἔχοντα
1879 1806 2083 1873 πίστιν,
2115 1808 2230 1861 ἐλε-

549 1896 647 1965 γεν
664 1910 679 1924 ·
705 1894 829 1948 Ὀτι
851 1895 1070 1949 πολλοὶ
1095 1893 1215 1949 ἀπὸ
1243 1894 1559 1950 ἀνατολῶν
1579 1895 1679 1949 καὶ
1697 1894 1955 1966 ΰυσμῶν
1981 1896 2225 1965 ἥξουσι,

547 1980 650 2036 καὶ
691 1980 1206 2049 ἀνακλιθήσονται
1242 1982 1397 2052 μετὰ
1454 1982 1702 2053 Ἀϐραὰμ
1741 1983 1839 2037 καὶ
1881 1984 2089 2040 Ἰσαὰκ
2131 1985 2227 2041 καὶ

545 2068 769 2124 Ἰακώϐ.
802 2069 915 2123 Καὶ
952 2071 980 2123 6
1001 2069 1251 2141 Λάζαρος
1274 2070 1332 2122 δὲ
1383 2071 1502 2141 μετ’
1538 2070 1706 2125 αὐτοῦ
1738 2071 1858 2126 τότε
1882 2073 2076 2143 ὁρᾶται
2122 2073 2229 2128 ὑπὸ

545 2156 642 2211 τοῦ
679 2157 932 2210 πλουσίου
955 2156 1198 2229 τρυφῶν.
1221 2157 1335 2211 Καὶ
1358 2157 1411 2209 τί
1440 2157 1600 2212 τοῦτο
1636 2158 1774 2230 πρὸς
1823 2158 2057 2226 Παῦλον,
2089 2160 2143 2213 τί
2170 2160 2227 2214 δὲ

548 2245 687 2319 πρὸς
710 2246 940 2318 Πέτρον,
970 2247 1025 2301 τί
1062 2248 1121 2302 δὲ
1150 2248 1288 2320 πρὸς
1334 2249 1624 2322 Ἰωάννηνς
1652 2250 1727 2304 Οὐ
1763 2250 1872 2322 γὰρ
1904 2251 1934 2304 ὁ
1976 2252 2228 2324 Λάζαρος

546 2335 762 2398 Παῦλος
790 2336 884 2387 καὶ
922 2336 1175 2407 Ἰωάννης
1190 2332 1279 2410 ἦν,
1299 2337 1422 2391 οὐδέ
1447 2339 1496 2391 οί
1515 2338 1701 2392 πολλοὶ
1730 2342 1780 2393 οἱ
1808 2339 1917 2394 ἀπὸ
1948 2341 2226 2395 ἀνατολῶν

547 2424 640 2477 καὶ
669 2422 887 2493 δυσμῶν
924 2425 953 2477 ό
983 2423 1091 2478 τῶν
1120 2424 1433 2481 ἀποστόλων
1459 2421 1598 2498 ἦσαν
1619 2426 1802 2499 χορός.
1840 2427 2008 2481 Ὥστε
2032 2447 2226 2502 περιτ-

544 2510 637 2574 τὸς
670 2511 799 2581 ὑμῖν
838 2504 994 2575 οὗτος
1034 2510 1064 2563 6
1106 2510 1266 2582 λόγος
1297 2513 1392 2565 καὶ
1424 2514 1671 2585 μάταιος.
1697 2515 1761 2568 El
1802 2515 1861 2569 δὲ
1884 2515 2057 2581 θέλεις
2087 2517 2225 2584 ὅλως

541 2596 772 2653 ἀκοῦσαι
792 2598 861 2652 τὰ
886 2599 991 2653 τῶν
1016 2600 1328 2655 ἀποστόλων
1360 2600 1593 2664 ἔπαθλα,
1611 2601 1846 2656 ἄκουσον
1870 2603 1966 2658 τοῦ
2001 2606 2225 2676 μέλλον-

540 2700 634 2749 τος
665 2685 806 2739 αὐτὰ
839 2685 1069 2749 διδόναι,
1102 2686 1357 2756 λέγοντος
1379 2704 1393 2719 ·
1438 2689 1778 2746 Καθίσεσθε
1808 2690 1911 2745 ἐπὶ
1933 2692 2165 2750 δώδεκα
2193 2710 2222 2739 ι

539 2772 796 2841 θρόνους
823 2773 1134 2842 κρίνοντες
1160 2774 1269 2842 τὰς
1291 2774 1523 2830 δώδεκα
1550 2778 1753 2848 φυλὰς
1791 2781 1899 2835 τοῦ
1948 2780 2219 2853 Ἰσραήλ.

538 2860 650 2914 Καὶ
679 2861 915 2933 οὐδαμοῦ
946 2861 1182 2916 ἐνταῦθα
1216 2865 1246 2915 ό
1277 2863 1551 2936 Ἁϐραάμ,
1591 2864 1716 2919 οὔτε
1761 2866 1790 2919 6
1836 2867 2030 2924 τούτου
2065 2875 2219 2938 παῖς,

529 2948 657 3003 οὐδὲ
689 2949 717 3001 6
738 2949 948 3003 ἐκείνου
973 2989 988 3016 ,
1021 2950 1144 3004 οὐδὲ
1188 2949 1219 3002 6
1246 2951 1429 3022 λαχὼν
1464 2952 1663 3018 αὐτοὺς
1695 2955 1917 3026 κόλπος,
1947 2957 2065 3014 ἀλλ’
2092 2960 2219 3026 ἀξία

534 3034 716 3108 πολλῷ
747 3037 948 3108 μείζων
969 3037 1187 3111 ἐκείνης
1205 3054 1220 3069 ·
1240 3041 1369 3103 τοὺς
1386 3039 1496 3112 γάρ
1512 3041 1738 3097 ἐκείνων
1767 3039 1912 3100 οὗτοι
1928 3047 2219 3104 καθεδοῦν-

532 3139 623 3178 ται
647 3123 961 3194 κρινοῦντες
975 3124 1267 3211 ἐκγόνους.
1302 3129 1378 3180 Οὐ
1403 3127 1587 3204 ,ταύτῃ
1614 3130 1674 3185 δὲ
1711 3133 1875 3203 μόνον
1914 3136 1947 3208 ἡ
1979 3135 2214 3211 διαφορά

529 3210 689 3283 δήλη,
717 3211 832 3266 ἀλλ’
859 3212 941 3266 ὅτι
967 3206 1043 3268 ῶν
1068 3214 1166 3284 μὲν
1182 3216 1212 3268 6
1244 3214 1496 3289 ’Δὸραάμ
1524 3218 1683 3290 ἔτυχε
1708 3221 1894 3276 πολλοὶ
1906 3206 2209 3291 τεύξονται·

529 3300 759 3354 Πολλοί
797 3302 907 3372 γὰρ
950 3300 1330 3370 ἐλεύσονται,
1386 3306 1572 3378 φησὶν,
1603 3307 1725 3362 ἀπὸ
1763 3310 2080 3368 ἀνατολῶν
2110 3316 2211 3371 καί

529 3384 798 3457 δυσμῶν,
821 3388 920 3442 καί
941 3389 1449 3461 ἀνακλιθήσονται
1467 3396 1614 3460 μετὰ
1632 3395 1881 3468 Ἀϐραὰμ
1895 3400 1996 3454 καί
2011 3402 2215 3459 Ἰσαὰκ

529 3473 629 3529 καὶ
650 3473 849 3529 Ἰακώϐ
862 3490 878 3507 ·
908 3475 1018 3530 τῶν
1041 3476 1098 3531 δὲ
1126 3476 1330 3549 Θρόνων
1355 3481 1578 3536 ἐκείνων
1598 3483 1773 3549 οὐδεὶς
1802 3487 1992 3560 ἔτερος
2018 3492 2213 3565 ἐπιλή-

526 3561 709 3633 ψεται,
734 3562 873 3617 ἀλλά
898 3565 1057 3636 μόνος
1085 3565 1115 3605 1³
1139 3567 1169 3619 6
1190 3566 1299 3619 τῶν
1314 3566 1486 3637 ἁγίων
1504 3569 1710 3626 τούτων
1735 3574 1919 3647 χορός.
1952 3579 2070 3632 Ἔτ’
2093 3561 2207 3648 οὖν,

528 3650 657 3704 εἰπέ
674 3668 784 3722 μοι,
809 3651 1074 3739 ποιμνίων
1099 3654 1399 3726 μέμνησθε,
1422 3658 1517 3711 καλ⁸
1540 3658 1859 3729 βουκολίων,
1883 3665 1978 3719 καὶ
1989 3667 2206 3739 γάμων,

527 3739 626 3793 καὶ
648 3739 972 3807 παίδων;Τί
1008 3736 1121 3807 οὖν,
1158 3744 1346 3813 φησὶν,
1400 3744 1530 3800 ὅταν
1576 3748 1688 3802 τῶν
1715 3736 2208 3823 παρθενευσάντων

527 3825 715 3880 πολλοὶ
755 3829 892 3897 μετά
934 3827 1061 3893 τοὺς
1092 3829 1320 3896 πολλοὺς
1371 3832 1608 3905 ἱδρῶτας
1643 3836 1911 3909 εὔχωνται
1957 3846 2206 3917 χωρῆσαι

527 3911 672 3979 East;
717 3913 858 3984 Ἐγὼ
882 3915 940 3969 δὲ
964 3915 1154 3970 τούτου
1184 3919 1367 3988 μεῖζον
1401 3921 1534 3993 ἐρῶ,
1565 3924 1649 3977 ὅτι
1690 3927 1876 3982 πολλοὶ
1919 3911 2028 3987 τῶν
2043 3911 2206 4007 ’παρ-

527 3998 897 4058 θενευσάντων
939 4003 1061 4057 οὐδέ
1099 4005 1326 4061 ἐκείνων
1381 4010 1756 4080 ἐπιτεύξονται
1798 4017 1909 4073 τῶν
1960 4021 2201 4091 κόλπων,

524 4088 647 4143 οὐδὲ
670 4088 779 4143 τῶν
799 4090 1120 4159 ἐλαττόνων,
1142 4094 1257 4148 ἀλλ’
1284 4098 1364 4161 είς
1385 4099 1487 4170 τὴν
1507 4100 1731 4169 γέενναν
1762 4105 1933 4179 αὐτὴν
1964 4088 2203 4166 ἀπελεύέ

524 4203 730 4243 σονται.
777 4190 890 4244 Καὶ
915 4189 1171 4262 δηλοῦσιν
1195 4195 1253 4247 αἱ
1286 4194 1381 4248 τοῦ
1422 4198 1718 4271 νυμφῶνος
1752 4202 2215 4267 ἀποκλεισθεϊσαικ

522 4283 804 4355 παρθένοι.
857 4282 983 4360 ’Ἆρ’
1030 4286 1127 4345 οὖν
1171 4291 1327 4363 παρά
1355 4292 1515 4348 τοῦτο
1542 4297 1645 4369 τῆς
1695 4301 1998 4373 παρθενίας
2027 4302 2143 4371 ἴσος
2168 4310 2199 4364 6

520 4382 774 4457 γάμος-,ἢ
800 4384 896 4441 καὶ
926 4387 1164 4459 χείρων;
1192 4391 1256 4443 τὸ
1275 4391 1387 4464 γὰρ
1421 4393 1728 4469 ὑπόδειγμα
1753 4399 1818 4454 τὸ
1844 4402 1935 4455 σὺν
1955 4403 2051 4457 καὶ
2078 4405 2195 4476 χεί-

524 4493 656 4549 ρονα
677 4480 846 4554 αὐτὴν
872 4486 1037 4537 ποιεῖ.
1069 4487 1136 4540 Εί
1164 4486 1275 4560 γάρ
1301 4491 1332 4544 6
1360 4489 1461 4560 μὲν
1479 4495 1816 4567 γεγαμηκὼς
1852 4500 2107 4574 Ἀϐραὰμ
2135 4506 2196 4561 ἐν

518 4569 702 4626 ἀνέσει
728 4575 824 4629 καὶ
846 4577 1048 4648 τρυφῇ,
1072 4578 1123 4631 οί
1147 4578 1207 4633 δὲ
1228 4581 1699 4654 παρθενεύσαντες
1718 4590 1778 4643 ἐν
1797 4569 2017 4666 γεένν-η,
2033 4569 2195 4651 τοῦτο

517 4667 764 4725 λείπεται
792 4673 935 4728 κατὰ
954 4674 1046 4730 τὸν
1062 4676 1327 4752 ὑμέτερον
1348 4682 1686 4743 ὑποπτεῦσαι
1715 4688 1894 4759 λόγον.
1932 4693 2071 4752 Ἀλλ’
2090 4698 2193 4753 οὐκ

516 4761 637 4817 ἐστι
665 4764 857 4830 ταῦτα,
888 4767 987 4823 οὐκ
1009 4768 1183 4826 ἔστιν·
1216 4773 1279 4828 οὐ
1311 4775 1422 4849 γὰρ
1452 4777 1613 4848 μόνον
1645 4780 1748 4835 οὐκ
1767 4784 2026 4855 ἐλάττων,
2051 4789 2191 4847 ἀλλά

514 4866 611 4921 καὶ
663 4867 843 4940 πολλῷ
869 4869 1090 4940 βελτίων
1133 4876 1169 4947 ἡ
1214 4877 1484 4949 παρθενία
1509 4880 1602 4935 τοῦ
1641 4883 1846 4956 γάμου.
1872 4887 2029 4957 Πῶς;
2063 4890 2188 4946 Ὅτι

512 4961 636 5017 οὔτε
666 4965 757 5020 τὸν
794 4966 1045 5040 Ἀϐραὰμ
1062 4969 1091 5023 6
1106 4970 1284 5041 γάμος
1304 4971 1545 5029 τοιοῦτον
1561 4977 1836 5050 ἐποίησεν,
1854 4980 2029 5056 οῦτεή
2052 5003 2185 5060 παρ-

512 5057 663 5113 θενία
690 5061 791 5127 τάς
816 5063 1007 5130 ἀθλίας
1033 5066 1250 5132 ἐκείνας
1283 5068 1593 5126 ἀπώλεσεν·
1629 5074 1769 5131 ἀλλά
1820 5079 1910 5133 καὶ
1947 5079 2038 5134 τὸν
2078 5057 2185 5137 πα-

508 5159 777 5232 τριάρχην
803 5164 837 5234 ἡ
873 5162 1037 5238 λοιπὴ
1082 5166 1182 5239 τῆς
1210 5166 1390 5240 ψυχῆς
1415 5171 1586 5245 ἀρετὴ
1612 5172 1865 5249 λαμπρὸν
1907 5180 2179 5250 ἀπέδειξε,

508 5256 604 5312 καὶ
634 5257 839 5324 ταύτας
862 5262 896 5333 ἡ
930 5261 1091 5336 λοιπὴ
1106 5264 1277 5319 κακία
1295 5266 1392 5322 τοῦ
1415 5266 1531 5337 βίου
1563 5269 1644 5340 τῷ
1671 5274 1807 5344 πυρὶ
1839 5276 2177 5347 παρέδωκεν.

519 5357 757 5425 Ἐκεῖνος
804 5361 904 5431 μὲν
947 5361 1059 5436 γὰρ
1090 5364 1186 5419 καὶ
1218 5366 1278 5420 ἐν
1303 5367 1468 5441 γάμῳ
1498 5368 1610 5434 ζῶν
1646 5373 1948 5429 ἐσπούδασε
1982 5379 2055 5432 τὰ
2075 5381 2179 5452 τῆς

507 5458 805 5529 παρθενίας
850 5463 1196 5535 κατορθῶσαι
1241 5466 1406 5535 καλὰ,
1454 5470 1516 5524 τὸ
1544 5472 1875 5546 Εῦσχημον
1904 5477 2049 5549 λέγω
2075 5484 2173 5537 καί

1338 336 1395 392 S.
1436 334 1723 392 JOANNIS
1761 336 2253 394 CHRYSOSTOMI
2292 336 2618 394 ARCHIEP.
2660 342 3209 403 CONSTANTINOP.

3912 364 3968 420 5|

2344 455 2753 543 εὐπρόσεδρον
2773 475 2787 490 ·
2812 454 2974 516 αῦται
2989 463 3046 517 δὲ
3071 466 3168 518 καὶ
3193 465 3494 539 παρθενίαν
3519 470 3799 543 ἑλόμεναι,
3829 480 3904 543 εἰς
3922 484 3968 536 τό

2339 540 2435 595 τοῦ
2471 542 2589 613 βίου
2640 546 2889 635 κλύδωνα
2937 551 3028 604 καὶ
3065 552 3166 617 τὰς
3202 554 3263 608 ἐν
3302 555 3383 627 τῷ
3422 557 3589 630 γάμῳ
3617 540 3968 635 πραγματεία

2341 631 2676 688 κατέπεσαν.
2716 636 2785 689 Τί
2825 634 2920 692 οὖν
2955 640 3180 708 κωλύει,
3205 644 3361 713 φησὶ,
3397 646 3494 699 καὶ
3515 647 3612 701 νῦν
3638 631 3894 728 *τοῦ
3922 660 3968 724 γέ

2344 734 2446 789 μου
2480 721 2575 775 καὶ
2601 722 2711 777 τῶν
2741 727 2950 782 παίδων
2974 731 3070 782 καὶ
3109 731 3221 783 τῶν
3259 734 3559 804 χρημάτων
3589 721 3685 791 καί
3704 738 3821 794 τῶν

2338 806 2597 863 ἀπάντων
2627 810 2693 864 τὸ
2718 813 3147 884 Εῠπρόσεδρον
3194 817 3494 887 διασῶσαις
3543 822 3772 894 Πρῶτον
3808 826 3900 897 μὲν
3930 831 3968 883 δι

2337 895 2517 961 οιδεις
2553 899 2700 954 κατά
2734 901 2829 957 τὸν
2873 903 3127 976 ’Δσραάμ
3158 906 3287 971 νῦν,
3326 908 3447 962 ἀλλ’
3475 910 3598 964 οὐδὲ
3643 895 3968 988 autem.pr

2338 982 2528 1052 ἐγγύς.
2585 987 2697 1040 Καὶ
2742 988 2853 1062 γὰρ
2905 991 3051 1046 τῶν¹
3072 993 3464 1069 ἀκτημοσύνην
3513 982 3839 1057 ἀσκούντων
3886 982 3968 1075 μάλ

2336 1070 2429 1126 λον
2462 1076 2672 1140 ἐκεῖνος
2714 1094 2821 1149 χρη
2830 1081 3018 1150 μάτων
3060 1084 3461 1156 κατεφρόνησε,
3511 1086 3766 1144 πλουτῶν
3790 1070 3898 1146 καὶ⁷
3914 1111 3968 1161 γυ

2336 1163 2500 1216 ναῖκα
2517 1163 2677 1253 έχων,
2703 1167 2798 1219 καὶ
2811 1167 3006 1239 ἡδονῆς
3034 1170 3235 1240 μᾶλλον
3254 1172 3368 1227 τῶν
3389 1174 3839 1244 παρθενευόντων
3858 1181 3968 1253 ἐκρί

2336 1266 2440 1305 τει.
2487 1246 2650 1306 Οὗτοι
2687 1253 2789 1324 μὲν
2831 1256 2943 1326 γὰρ
2974 1257 3099 1311 καθ’
3144 1260 3386 1333 ἑκάστην
3420 1263 3527 1317 ὑπὸ
3567 1267 3672 1337 τῆς
3721 1246 3968 1342 ἐπιθυμία

2336 1339 2629 1408 φλέγονται
2661 1342 2765 1414 τὴν
2806 1344 3058 1417 ἡμέραν·
3093 1349 3302 1416 ἐκεῖνος
3348 1350 3406 1405 δὲ
3451 1352 3593 1407 οὕτω
3627 1354 3838 1429 ταύτην
3881 1339 3968 1413 κατ

2335 1426 2554 1481 εσὸέκει
2577 1428 2676 1501 τὴν
2708 1430 2901 1513 φλόγα,
2932 1435 3028 1488 καὶ
3053 1435 3283 1508 οὐδεμιᾷ
3320 1440 3624 1496 συνεδέδετο
3650 1426 3968 1519 προσπαθείᾳ

2334 1514 2411 1578 ὼς
2438 1517 2513 1588 μὴ
2549 1518 2709 1589 μόνον
2726 1519 2876 1593 [εει]
2905 1523 3244 1595 ἀποσχέσθαι
3272 1526 3375 1597 τῆς
3399 1514 3750 1597 παλλακίδος,
3772 1514 3968 1591 mm

2334 1601 2583 1658 ἐκϐαλεῖν
2607 1606 2780 1680 αὐτὴν
2806 1609 2909 1680 τῆς
2937 1612 3117 1677 οἰκίας
3144 1614 3288 1686 ὑπὲρ
3306 1614 3401 1670 τοῦ
3431 1618 3615 1690 μάχης
3645 1622 3744 1674 καὶ⁵
3780 1624 3967 1677 στάσεω

2333 1691 2517 1746 πᾶσαν
2545 1692 2803 1750 ὑπόθεσιν
2819 1696 3031 1753 ἀνελεῖν
3050 1716 3065 1733 ·
3093 1699 3191 1755 νῦν
3215 1703 3273 1757 δὲ
3289 1704 3351 1757 οὐ
3370 1706 3577 1775 σφόδρα
3607 1707 3836 1764 εῦκολον
3857 1711 3968 1767 τοῦτ

2331 1778 2394 1832 εὖ
2402 1782 2536 1852 ρεῖν.

2403 1901 2533 1957 ΠΡ.
2550 1904 2662 1958 Καὶ
2677 1907 2847 1978 χωρὶς
2869 1907 3076 1965 τούτων
3092 1911 3173 1978 δὲ,
3202 1913 3343 1987 ὅπερ
3367 1916 3461 1993 καὶ
3487 1918 3793 1991 ἀρχόμενος
3807 1922 3968 1993 ἔλεγον

2328 1990 2489 2046 τοῦτο
2526 1993 2622 2047 καὶ
2645 1994 2741 2049 νῦν
2764 1995 2895 2068 ὲρῶ,
2922 1999 3005 2052 ὅτι
3039 2003 3102 2053 οὑ
3135 2000 3198 2055 τὸ
3228 2003 3362 2057 αὐτὸ
3392 1992 3495 2076 ’τῆς
3522 1990 3726 2080 ἀρετῆς
3753 1990 3967 2066 ἀπαιτού

2331 2079 2475 2152 μεθα
2509 2081 2707 2169 μέτρον
2738 2086 2902 2156 ἡμεῖς
2932 2103 2992 2139 τε
3023 2088 3288 2145 κάκεῖνοι.
3346 2091 3462 2149 Νῦν
3505 2094 3604 2166 μὲν
3636 2079 3749 2169 γὰρ
3779 2100 3872 2153 οὐκ
3892 2099 3968 2153 ἐστ

2327 2168 2530 2223 τέλειον
2551 2164 2690 2225 εἶναι
2716 2174 2792 2244 μὴ
2843 2173 3024 2229 πάντα
3060 2176 3412 2250 πωλήσαντα,
3445 2164 3521 2255 μη
3546 2164 3968 2256 πᾶσιννάποταξάι

2329 2274 2514 2329 μενον,
2548 2259 2612 2313 οὐ
2639 2262 2885 2349 χρήμασι
2916 2261 3063 2331 λέγω
3104 2265 3268 2335 μόνον
3295 2268 3393 2322 καὶ
3419 2271 3589 2344 οἰκίᾳ,
3623 2273 3768 2330 ἀλλὰ
3804 2277 3891 2331 καὶ
3931 2280 3968 2349 11'

2323 2344 2470 2419 ψυχῇ
2589 2348 2803 2433 ἑαυτοῦ·
2832 2350 2956 2404 τότε
2981 2351 3039 2405 δὲ
3080 2352 3234 2409 οὔπω
3270 2357 3540 2432 τοσαύτης
3567 2362 3853 2433 ἀκριϐείας
3880 2344 3968 2419 ἐπεῖ

2320 2434 2490 2504 δειξις
2532 2431 2623 2509 ἦν.
2652 2436 2718 2490 Τί
2741 2430 2870 2505 οῦν;
2921 2439 3315 2514 ἀκριϐέστερον
3363 2430 3548 2518 ἡμεῖς,
3593 2430 3755 2523 φησὶ,
3786 2453 3873 2507 τοῦ
3898 2471 3967 2507 πα

2321 2523 2586 2596 τριάρχου
2621 2524 2844 2597 βιοῦμεν
2866 2526 3001 2594 νῦν;
3028 2529 3347 2604 Ὠφεί-λομεν
3377 2534 3500 2605 μὲν,
3531 2539 3808 2595 καὶτοῦτο
3832 2543 3968 2596 ὲπιτε·

2321 2611 2595 2682 τάγμεθα,
2629 2614 2691 2667 οὐ
2716 2613 2940 2687 βιοῦμεν
2962 2615 3041 2670 δέ·
3073 2619 3170 2672 καὶ
3205 2619 3294 2674 διὰ
3319 2622 3481 2677 τοῦτο
3511 2625 3646 2680 πολὺ
3680 2627 3776 2682 τοῦ
3796 2630 3968 2685 δικαξοι

2320 2700 2619 2772 λειπόμεθα
2645 2713 2696 2743 ι·
2715 2702 2840 2756 ἐπεὶ
2872 2704 2956 2760 ὅτι
2978 2722 3043 2774 γε
3068 2705 3293 2776 μείζονα
3312 2710 3446 2781 ἡμῖν
3462 2710 3533 2767 τά
3561 2715 3857 2788 σκάμματα
3871 2720 3968 2790 πρό

2320 2806 2520 2854 κειται,
2579 2790 2744 2846 παντί
2786 2808 2889 2846 που
2935 2791 3095 2865 δῆλόν
3131 2795 3271 2850 ἐστι.
3302 2797 3407 2852 Διά
3441 2799 3600 2855 τοῦτο
3627 2805 3841 2859 καὶτὸν
3872 2807 3968 2861 Νῶε

2319 2876 2676 2950 θαυμάζουσα
2703 2881 2738 2952 ἡ
2764 2880 2956 2953 Γραφὴ
2983 2881 3099 2955 οὐχ-
3118 2882 3307 2949 ἀπλῶς
3333 2885 3492 2942 τοῦτο
3518 2893 3689 2959 ποιεῖ,
3716 2893 3847 2947 ἀλλὰ
3862 2893 3968 2967 μετᾱ

2317 2966 2640 3039 προσθήκης
2667 2967 2835 3032 τινός.
2861 2968 2994 3024 Νῶε
3009 2970 3142 3044 γὰρ,
3174 2974 3333 3045 φησι,
3380 2974 3632 3045 δίκαιος,
3660 2981 3884 3049 τέλειος
3905 2983 3968 3037 ὢν

2315 3054 2388 3109 ἐν
2405 3053 2481 3127 τῇ
2514 3053 2691 3125 γενεᾷ
2707 3057 2916 3121 αὐτοῦ,
2940 3055 3022 3124 τῷ
3052 3058 3176 3131 Θεῷ
3207 3063 3639 3134 εὺηρέστησεν.
3674 3070 3789 3142 οὐχ
3818 3071 3968 3138 ἁπλῶς

2314 3142 2541 3210 τέλειος,
2582 3143 2697 3199 ἀλλ’
2721 3147 2780 3199 ἐν
2801 3145 2879 3213 τῷ
2913 3145 3036 3202 τότε
3070 3150 3269 3220 καιρῷ·
3316 3151 3503 3207 πολλοὶ
3532 3153 3641 3229 γὰρ
3664 3159 3968 3232 τελειότητος

2312 3230 2505 3303 τρόποι
2538 3232 2678 3287 κατά
2698 3233 2990 3307 διαφόρους
3012 3234 3572 3312 ὡρισμένοικαιροῦς·
3599 3247 3701 3300 καὶ
3736 3247 3841 3301 Τοῦ

2311 3334 2424 3373 νου
2452 3321 2901 3405 προκόπτοντος
2934 3322 3004 3377 τὸ
3039 3325 3188 3379 ποτὲ
3218 3326 3456 3384 τέλειον
3487 3331 3710 3401 ἀτελὲς
3743 3336 3968 3405 ὕστερον

2311 3406 2559 3476 γίνεται.
2585 3403 2710 3463 Οἷόν
2739 3428 2793 3464 τι
2816 3409 2982 3479 λέγω·
3007 3412 3224 3479 Τέλειος
3242 3409 3313 3487 ἦν
3328 3434 3462 3473 ποτε
3488 3421 3519 3474 6
3549 3422 3697 3477 κατὰ
3728 3424 3814 3479 τόν

2312 3492 2464 3563 βιῶν·
2511 3495 2574 3549 '0
2595 3497 2859 3566 ποιήσας
2886 3497 2998 3569 γὰρ
3026 3501 3199 3569 αὐτὰ,
3232 3505 3387 3577 φησὶ,
3416 3503 3751 3577 ζήσεταιέν
3771 3492 3964 3578 αὐτοῶ·

2310 3583 2426 3637 ἀλλ’
2451 3584 2624 3639 ἐλθὼν
2653 3588 2683 3641 ό
2718 3587 2953 3659 Χριστὸς
2983 3588 3144 3646 τοῦτο
3190 3591 3254 3646 τὸ
3297 3592 3505 3649 τέλειον
3550 3597 3757 3668 ἔδειξεν
3784 3601 3963 3664 ἀτελές.

2320 3670 2469 3726 Ἐὰν
2490 3672 2709 3761 γὰρμὴ
2732 3677 3135 3749 περισσεύσῃ,
3173 3679 3360 3749 φησὶν,
3387 3681 3427 3750 ἡ
3449 3682 3807 3758 δικαιοσύνη
3826 3689 3967 3761 ὑμῶν

2307 3760 2521 3815 πλεῖον
2544 3760 2664 3816 τῶν
2692 3766 3080 3835 γραμματέων
3102 3766 3203 3821 καὶ
3219 3770 3578 3838 Φαρισαίων,
3594 3778 3669 3830 οὐ
3684 3776 3774 3847 μὴ
3799 3779 3967 3833 εὶσέλα

2306 3850 2446 3916 θητε
2467 3849 2557 3915 είς
2577 3848 2693 3916 τὴν
2714 3850 3046 3915 ,ϐασιλείαν
3080 3850 3202 3910 τῶν
3230 3857 3522 3925 οὐρανῶν.
3541 3860 3680 3916 Τότε
3711 3864 3861 3933 φόνος
3872 3864 3964 3918 ἐδό-

2304 3952 2390 3989 κει
2422 3937 2583 4007 μόνον
2601 3934 2742 3994 εῖναι
2770 3938 2962 4004 δεινὸν,
2994 3940 3093 3996 νῦν
3119 3942 3284 3999 δὲκαὶ
3309 3946 3448 4019 ὀργὴ
3477 3951 3573 4003 καὶ
3588 3949 3826 4025 λοιδορία
3847 3954 3957 4024 μόνη

2301 4026 2368 4097 τῇ
2408 4026 2602 4099 γεέννῃ
2639 4028 3011 4100 παραπέμψαι
3040 4030 3243 4086 δύναιτ’
3274 4035 3361 4091 ἀν·
3390 4036 3513 4091 τότε
3547 4041 3769 4111 μοιχεία
3794 4041 3958 4097 ἐκολά-

2301 4112 2426 4178 ζετο
2457 4114 2642 4187 μόνον,
2664 4115 2761 4171 νῦν
2785 4117 2844 4173 δὲ
2872 4119 3053 4173 καὶτὸ
3071 4122 3393 4188 ἀκολάστοις
3411 4125 3718 4200 ὀφθαλμοῖς
3752 4134 3958 4201 γυναῖκα

2302 4201 2433 4256 ἰδεῖν
2480 4203 2582 4256 οὐκ
2610 4203 2954 4276 ἀπήλλακται
3000 4211 3295 4281 τιμωρίας·
3324 4212 3448 4268 τότε
3485 4216 3520 4288 ἡ
3558 4217 3815 4291 ἐπιορκία
3843 4220 3958 4291 μόνη

2296 4285 2368 4362 ἦν
2388 4291 2456 4344 ἐκ
2480 4290 2576 4345 τοῦ
2603 4292 2872 4365 Πονηροῦ,
2890 4293 2987 4350 νῦν
3011 4295 3071 4349 δὲ
3090 4299 3187 4353 καὶ
3214 4300 3277 4356 τὸ
3297 4285 3519 4372 ὀμόσαι·
3551 4304 3630 4360 Τὸ
3652 4285 3766 4380 γάρ
3779 4285 3958 4379 asiam;

2297 4378 2435 4445 σὸν,
2455 4380 2610 4450 φησὶ,
2640 4381 2869 4438 τούτων
2885 4383 2957 4438 ἐκ
2981 4384 3089 4441 τοῦ
3100 4388 3376 4458 Πυνηροῦ
3400 4390 3593 4449 ἐστιν.
3620 4378 3790 4452 οὐδὲν
3814 4378 3956 4451 πλέον

2294 4464 2681 4554 ἀπῃτοῦντο-οί
2713 4467 2856 4534 τότε,
2896 4469 2930 4541 ἢ
2960 4469 3023 4523 τὸ
3058 4473 3187 4536 τοὺς
3215 4475 3506 4544 φιλοῦντας
3529 4481 3774 4554 ἀγαπᾷν·
3809 4480 3950 4537 νῦνδὲ

2292 4551 2355 4605 τὸ
2384 4551 2528 4622 μέγα
2543 4552 2703 4606 τοῦτο
2730 4555 2826 4608 κα)⁸
2850 4555 3165 4627 θαυμαστὸν
3191 4560 3368 4627 οὕτως
3381 4564 3532 4621 ἐστὶν
3554 4551 3765 4635 ἀτελές,
3788 4569 3859 4633 ὡς
3873 4566 3953 4623 καὶ

2294 4644 2434 4716 μετά
2465 4646 2565 4717 τὴν
2587 4648 2926 4720 κατόρθιωιν
2946 4652 3114 4707 αὐτοῦ
3139 4655 3309 4727 μηδὲν
3333 4658 3500 4715 πλέον
3526 4662 3675 4733 ἡμᾶς
3700 4663 3846 4735 ἔχειν
3859 4661 3951 4715 τῶν

2288 4740 2560 4797 τελωνῶν.

2342 4856 2465 4915 ΠΔ’,
2481 4858 2547 4912 Τί
2560 4859 2763 4932 δήποτε
2777 4857 2871 4917 οῦν
2883 4862 2992 4919 τῶν
3002 4865 3184 4923 αὐτῶν
3204 4871 3650 4945 κατορθωμάτων
3661 4877 3759 4949 οὐχ
3768 4880 3795 4933 ό
3807 4876 3947 4939 αὐτὸς

2288 4962 2460 5014 κεῖται
2492 4961 2682 5030 μισθὸς
2714 4963 2846 5034 ἡμῖν
2868 4964 2964 5018 καὶ
2992 4969 3106 5031 τοῖς
3139 4970 3198 5022 ἐν
3230 4972 3296 5044 τῇ
3325 4973 3559 5047 Παλαιᾷ,
3586 4977 3723 5031 ἀλλὰ
3743 4978 3945 5050 μείζονα

2285 5058 2689 5114 ἐπιδείκνυσθαι
2727 5061 2809 5115 δεῖ
2846 5063 2945 5135 τὴν
2973 5063 3196 5138 ἀρετὴν,
3234 5070 3284 5123 εί
3319 5070 3611 5145 μέλλοιμεν
3642 5075 3752 5131 τῶν
3784 5074 3945 5131 αὐτῶν

2283 5156 2514 5221 ἐκείνοις
2540 5159 2862 5229 τυγχάνεινς
2899 5161 3021 5218 Ὀτι
3051 5165 3222 5238 πολλὴ
3252 5168 3400 5242 ἠτοῦ
3433 5172 3752 5244 Πνεύματος
3799 5168 3942 5244 χάριξ

2282 5251 2575 5323 ἐκκέχυται
2607 5253 2724 5320 νῦν,
2753 5257 2850 5311 καὶ
2883 5259 3097 5333 μεγάλη
3124 5263 3224 5334 τῆς
3266 5264 3364 5318 τοῦ
3388 5267 3627 5339 Χριστοῦ
3660 5266 3940 5343 παρουσίας

2281 5354 2317 5425 ή
2334 5354 2534 5426 δωρεά·
2566 5356 2765 5430 ἄνδρας
2804 5360 2913 5431 γὰρ
2940 5361 3082 5437 αῦτη
3115 5364 3354 5432 τελείους
3384 5370 3507 5424 ἀντὶ
3534 5372 3744 5441 νηπίων
3768 5371 3939 5439 ἐποίη-

2280 5469 2391 5507 σεν.
2415 5455 2629 5527 ’Ὠσπερ
2645 5453 2741 5512 οὖν
2764 5460 2925 5531 ἡμεῖς
2945 5464 3075 5529 τοὺς
3103 5465 3301 5531 παῖδας
3320 5469 3450 5534 τοὺς
3477 5472 3796 5544 ἡμετέρους,
3824 5473 3936 5526 ὅταν

2276 5554 2548 5625 ήδήσωσι,
2582 5559 2763 5632 πολλῷ
2782 5563 3004 5633 μείζονα
3031 5566 3376 5640 ἀπαιτοῦμεν
3428 5573 3498 5627 τά
3530 5575 3931 5647 κατορθώματα,

564 5635 811 5722 ςυΒεξπθι
836 5641 996 5722 ,δέχῃ
1026 5642 1287 5722 ἰηπιεεε.)
1324 5667 1350 5692 α
1380 5648 1537 5722 Ὑμεῖς
1558 5656 1621 5722 ὀί
1643 5653 2048 5722 ἀκολουθήσαντές
2071 5676 2169 5722 μοι,

456 5751 460 5755 ,
1101 5693 1370 5784 ’,ἀνθρώπου

500 5756 664 5821 ίσεσθε
681 5761 761 5807 καὶ
782 5756 911 5821 ῦμεῖς
931 5756 1006 5813 ἐπὶ
1023 5767 1140 5814 διόδ.
1169 5789 1191 5812 ι

560 5819 594 5863 b
615 5821 737 5883 Reg.
764 5819 919 5882 ἀλλ’ἢ
944 5843 1098 5887 μονος.

2275 5658 2369 5711 καὶ
2402 5657 2438 5713 ἃ
2471 5662 2762 5728 ποιοῦντας
2785 5667 3053 5751 πρότερον
3088 5670 3396 5744 ἐπῃνοῦμεν
3425 5676 3568 5733 κατά
3596 5677 3694 5750 τὴν
3729 5676 3931 5751 πρώτην

2332 5855 2358 5886 ⁸
2382 5856 2481 5907 Alli
2507 5859 2875 5928 ἀπολειπόμεθα,
