4020 6376
189 352 274 410 595

186 481 272 523 non
293 478 440 534 opum
456 467 672 518 tantum
701 452 1017 526 mancipium
1046 457 1162 515 est,
1191 447 1288 504 sed
1322 446 1483 502 etiam
1511 443 1724 516 gloriae,

188 559 399 621 honoris,
429 551 709 624 prementis
733 549 880 612 vitae,
907 552 1066 615 atque
1092 549 1153 597 ut
1184 538 1352 596 semel
1377 538 1582 600 dicam,
1613 550 1732 589 om-

189 656 306 708 nium
323 664 438 720 qua:
457 646 525 701 ad
543 645 706 700 vitam
729 639 1012 712 pertinent.
1037 635 1221 706 Itaque
1244 632 1519 688 avaritiam
1543 630 1736 686 Paulus

187 746 409 802 malorum
450 740 686 796 omnium
720 736 949 792 radicem
979 732 1116 788 dixit
1140 733 1193 798 (1
1225 728 1357 784 Tim.
1385 729 1441 784 6.
1481 727 1595 797 10).
1627 725 1736 782 Ve-

187 851 278 892 wm
302 843 353 889 et
375 830 766 888 haneradieem
793 825 1070 897 virginitas
1095 823 1237 894 potis
1261 829 1345 877 est
1368 821 1657 885 exsiccare,
1685 827 1740 873 et

186 929 314 984 aliam
342 926 591 995 optimam
617 921 772 977 nobis
800 918 984 974 indere
1007 959 1023 985 ,
1053 915 1195 971 unde
1223 913 1364 970 bona
1393 911 1572 968 omnia
1615 906 1738 980 pul-

189 1023 342 1087 lulent,
363 1019 597 1084 libertas,
628 1014 838 1079 ﬁducia,
862 1008 1139 1076 fortitudo,
1169 1006 1315 1062 zelus
1341 1004 1554 1070 ardens,
1584 1001 1744 1058 caele-

186 1116 316 1168 stium
343 1112 550 1176 fervens
584 1122 769 1172 amor,
798 1103 1132 1160 terrestrium
1167 1099 1408 1156 omnium
1434 1097 1738 1167 despectus.

189 1206 248 1259 Ita
269 1205 484 1257 honestas
513 1209 556 1256 et
586 1200 769 1254 decora
796 1195 1067 1251 assiduitas
1096 1200 1334 1264 paratur.

244 1293 483 1350 LXXXII.
524 1291 712 1347 Contra
745 1306 830 1344 eos
872 1287 960 1359 qui
1002 1286 1178 1339 dicunt
1221 1291 1398 1354 optare
1434 1280 1648 1350 virgines
1691 1277 1746 1332 in

193 1387 432 1443 Abrahami
473 1387 640 1441 sinum
669 1383 857 1437 uenire.
883 1409 957 1422 —-
983 1378 1088 1435 Sed
1116 1391 1236 1449 qua:
1272 1383 1358 1431 est.
1393 1373 1510 1429 haec
1548 1373 1743 1428 multo.

191 1498 286 1537 rum
316 1479 522 1550 sapiens
559 1475 764 1532 oratio?
792 1471 1098 1530 Patriarcha
1117 1512 1132 1536 ,
1163 1469 1334 1540 inquit
1353 1508 1369 1528 .
1401 1465 1668 1521 Abraham
1695 1475 1751 1521 et

192 1587 379 1627 uxorem
406 1569 622 1634 habuit,
651 1576 706 1623 et
730 1566 929 1621 liberos
949 1606 965 1632 ,
987 1573 1043 1620 et
1064 1575 1226 1632 epes,
1250 1568 1306 1616 et
1328 1572 1549 1630 greges,
1576 1565 1632 1613 et
1659 1571 1749 1612 ar-

197 1674 378 1720 menta:
407 1676 469 1717 ac
499 1668 618 1732 post
644 1675 709 1715 ea
735 1658 913 1713 omnia
937 1655 1171 1712 Joannes
1197 1661 1309 1708 tum
1348 1652 1606 1721 Baptista,
1637 1659 1753 1705 tum

197 1754 493 1824 Evangelista
519 1793 534 1816 ,
571 1759 799 1820 uterque
832 1747 1018 1818 virgo,
1055 1752 1111 1800 et
1155 1743 1351 1799 Paulus
1379 1751 1537 1812 atque
1563 1741 1754 1796 Petrus

194 1842 483 1900 continentia
515 1841 781 1907 illustres,
813 1839 867 1892 in
891 1839 1009 1909 ejus
1035 1836 1210 1893 sinum
1238 1834 1424 1890 venire
1451 1841 1655 1904 optant.
1688 1831 1757 1887 Et

199 1935 294 2005 quis
328 1943 498 1989 autem
541 1931 638 1986 tibi
685 1929 736 1985 id
774 1929 941 1996 dixit,
984 1928 1126 1984 bone
1152 1927 1273 1982 vir?
1297 1926 1416 1998 quis
1453 1925 1758 1996 propheta?

199 2027 294 2096 quis
311 2023 669 2096 evangelista?
696 2021 814 2093 Ipse
832 2063 847 2088 ,
879 2019 1086 2092 inquit,
1113 2018 1378 2076 Christus.
1409 2017 1542 2074 Nam
1569 2024 1759 2073 centu-

201 2121 372 2175 rionem
402 2117 596 2174 videns
635 2130 844 2172 summa
884 2113 1080 2169 ﬁducia
1112 2111 1395 2183 praeditum
1415 2153 1431 2179 ,
1459 2104 1576 2165 ait:
1605 2109 1763 2164 Multi

199 2214 248 2266 dt
270 2210 456 2267 Oriente
475 2220 528 2265 et
551 2208 826 2264 Occidente
848 2206 1066 2270 venient,
1088 2213 1135 2259 et
1157 2205 1445 2259 recumbent
1466 2218 1581 2256 cum
1600 2200 1766 2256 Abra-

203 2304 296 2357 ham
319 2311 362 2357 et
389 2301 540 2356 Isaac
563 2309 615 2354 et
642 2297 803 2352 Jacob
833 2295 1057 2370 (Matth.
1102 2295 1157 2350 8.
1198 2294 1260 2349 II
1284 2294 1326 2364 ).
1366 2292 1502 2361 Quin
1528 2291 1765 2348 Lazarus

196 2398 294 2438 cum
328 2399 391 2440 eo
427 2395 548 2440 tum
587 2385 856 2445 deiicians
889 2403 922 2443 a
950 2387 1119 2445 divite
1149 2387 1370 2445 videtur
1425 2387 1578 2462 (Luc.
1616 2391 1684 2446 16
1705 2387 1762 2468 ὶε

195 2473 307 2542 Quid
324 2477 420 2533 hoc
439 2479 508 2534 ad
525 2477 790 2534 Paulum?
807 2480 938 2548 quid
956 2480 1026 2535 ad
1041 2480 1262 2536 Petrum
1281 2479 1305 2535 ?
1331 2481 1464 2548 quid
1487 2481 1553 2534 ad
1582 2479 1744 2536 Joan-

200 2562 337 2618 nem?
376 2577 551 2632 neque
585 2561 731 2615 enim
775 2568 868 2614 aut
907 2560 1141 2614 Lazarus
1163 2598 1178 2625 ,
1221 2559 1418 2613 Paulus
1443 2572 1508 2613 ac
1531 2557 1767 2614 Joannes

202 2662 296 2707 erat
314 2694 330 2721 ,
357 2663 444 2708 aut
484 2653 644 2709 multi
670 2652 744 2706 illi
769 2651 839 2707 ab
861 2651 1080 2707 Oriente
1107 2659 1163 2705 et
1189 2650 1482 2706 Occidente
1499 2692 1517 2719 ,
1546 2659 1767 2722 aposto-

200 2745 344 2802 lorum
370 2745 572 2801 chorus
597 2753 777 2801 erant.
802 2743 984 2814 Itaque
1011 2743 1126 2798 haec
1151 2742 1303 2796 vobis
1327 2753 1480 2798 cassa
1509 2750 1566 2798 et
1593 2742 1768 2797 inanis

203 2846 269 2892 est
290 2839 467 2894 oratio.
497 2838 657 2906 Quod
686 2838 731 2894 si
758 2837 1119 2908 apostolorum
1150 2835 1368 2906 praemia
1395 2836 1555 2906 plane
1582 2835 1770 2890 audire

200 2929 294 2993 vis,
333 2945 392 2985 ea
451 2929 795 2985 distributuri
862 2929 1181 2985 sententiam
1238 2927 1470 2997 accipe:
1520 2923 1796 3010 Sedebitis"

201 3035 327 3090 super
365 3022 571 3078 thronos
619 3021 888 3076 duodecim
909 3062 926 3089 ,
963 3021 1258 3092 judicantes
1304 3019 1566 3074 duodecim
1612 3017 1793 3074 tribus'

202 3110 366 3167 Israel‘
393 3114 616 3185 (Matth.
647 3113 738 3170 I9.
765 3111 901 3182 ‘28).
940 3112 1210 3183 Nusquam
1243 3111 1331 3167 hic
1357 3120 1446 3166 aut
1472 3110 1767 3179 Abraham,

204 3213 277 3258 aut
295 3206 401 3275 ejus
425 3215 609 3272 natus,
637 3214 727 3260 aut
752 3220 940 3275 nepos,
972 3215 1062 3260 aut
1084 3205 1174 3275 qui
1193 3219 1287 3260 eos
1307 3203 1572 3274 acceperit
1597 3203 1768 3270 sinus,

205 3299 280 3352 sed
314 3297 537 3370 dignitas
583 3299 744 3368 longe
786 3298 886 3353 hac
931 3297 1209 3353 sublimior
1241 3315 1255 3351 :
1286 3312 1416 3352 nam
1463 3295 1518 3351 hi
1557 3295 1769 3350 illorum

205 3396 410 3456 posteros
453 3389 751 3460 judicaturi
802 3388 1084 3444 sedebunt.
1137 3388 1320 3458 Neque
1365 3387 1453 3443 hic
1495 3387 1771 3442 dumtaxat

206 3480 389 3537 evidens
413 3481 708 3537 discrimen
734 3489 845 3546 est,
879 3479 975 3535 sed
1006 3480 1148 3551 quod
1174 3493 1296 3548 qua:
1324 3477 1661 3534 Abrahamus
1688 3485 1772 3532 est

206 3569 396 3642 adeptus
421 3573 581 3629 multi
613 3571 1028 3628 nanciscentur:
1058 3569 1212 3624 Multi
1243 3569 1386 3624 enim
1410 3610 1426 3635 ,
1467 3568 1672 3638 inquit,
1711 3566 1772 3621 ab

210 3659 385 3721 Oriente
415 3675 463 3722 et
497 3664 775 3721 Occidente
792 3663 988 3718 venient
1009 3664 1053 3730 ',
1093 3671 1140 3716 et
1173 3661 1460 3717 recumbent
1479 3677 1593 3714 cum
1614 3660 1774 3714 Abra-

210 3753 305 3808 ham
333 3764 375 3808 et
404 3753 558 3810 Isaac
598 3763 650 3810 et
689 3753 851 3809 Jacob
889 3747 1312 3821 (Matt/2.8.“);
1339 3751 1563 3805 thronos
1595 3758 1773 3805 autem

211 3845 325 3911 illos.
353 3849 448 3904 nisi
479 3855 795 3903 sanctorum
823 3845 1014 3900 horum
1043 3843 1258 3907 chorus,
1287 3841 1568 3910 occupabit
1593 3855 1773 3896 nemo.

212 3934 266 3990 Et
283 3937 439 3993 adhuc
462 3952 680 4009 greges,
709 3943 973 4002 armenta,
1006 3932 1367 4000 matrimonia,
1399 3931 1596 3986 liberos
1625 3945 1774 3985 com-

211 4029 520 4086 memoratis?
567 4027 711 4097 Quid
752 4028 946 4100 igitur,
987 4025 1187 4096 inquit,
1232 4025 1276 4078 si
1317 4023 1582 4093 virginum
1624 4020 1778 4076 multi

213 4128 310 4186 post
329 4135 514 4191 graves
554 4119 780 4175 sudores
807 4133 874 4174 eo
904 4116 1086 4174 venire
1119 4115 1344 4186 optant?
1370 4113 1484 4184 Ego
1505 4128 1631 4169 vero
1659 4127 1777 4167 ma-

211 4210 279 4280 jus
302 4214 449 4268 etiam
477 4212 738 4285 quiddam
767 4211 941 4267 dicam
960 4249 978 4278 ,
1005 4209 1273 4280 virginum
1313 4205 1510 4261 multos
1548 4219 1651 4261 nec
1682 4218 1780 4260 eos

213 4304 394 4371 quidem
421 4305 576 4361 sinus
595 4345 612 4371 ,
642 4317 744 4360 nec
769 4302 972 4358 minora
1001 4305 1452 4370 consequuturos,
1482 4295 1578 4350 sed
1603 4295 1657 4350 in
1687 4309 1782 4365 ge.

214 4390 413 4451 bennam
435 4395 777 4451 discessuros
801 4410 814 4447 :
837 4402 998 4463 atque
1022 4390 1076 4446 id
1100 4391 1332 4460 virgines
1350 4386 1640 4443 ostendunt
1664 4386 1781 4441 tha-

214 4482 331 4541 lamo
351 4487 605 4544 exclusae.
634 4485 778 4556 Ergo
805 4485 932 4539 hinc
953 4479 1241 4553 virginitati
1276 4493 1374 4550 par
1397 4484 1482 4534 est
1508 4477 1780 4531 matrimo-

216 4575 373 4646 nium,
413 4577 524 4633 imo
572 4577 694 4632 haec
739 4575 899 4632 etiam
946 4572 1180 4628 deterior
1210 4587 1224 4624 :
1252 4567 1556 4638 exemplum
1588 4565 1783 4637 quippe

216 4675 337 4723 tuum
360 4670 449 4726 illo
469 4667 800 4725 deteriorem
827 4664 972 4721 facit.
997 4662 1131 4718 Nam
1161 4662 1206 4718 si
1229 4659 1500 4716 Abraham
1529 4657 1785 4728 conjuga—

217 4766 287 4813 tus
306 4761 353 4816 in
377 4762 568 4831 requie
593 4767 649 4816 et
671 4757 874 4814 deliciis
895 4763 996 4821 est,
1017 4755 1252 4826 virgines
1274 4753 1328 4808 in
1349 4751 1611 4823 gehenna,
1637 4749 1691 4804 id
1716 4764 1785 4804 ex

220 4855 430 4911 oratione
451 4865 637 4910 vestra
662 4849 1066 4922 chnjectandum
1087 4845 1426 4916 relinquitur;
1450 4841 1557 4899 Sed
1581 4858 1687 4897 non
1710 4841 1786 4896 ita

218 4951 301 5010 est,
320 4942 535 5018 inquam
565 4964 580 5001 :
609 4943 740 5015 quin
765 4941 900 4998 adeo
925 4939 1262 4995 matrimonio
1285 4934 1519 4991 deterior
1543 4947 1652 4988 non
1679 4939 1783 4999 est,

219 5042 268 5088 ut
297 5035 443 5105 longe
470 5037 636 5092 etiam
671 5034 1016 5105 prmstantior.
1040 5030 1127 5086 sit.
1159 5024 1479 5095 Quomodo?
1506 5023 1658 5091 Quod
1689 5037 1787 5077 nec

220 5128 460 5184 Abraham
496 5127 900 5184 matrimonium
933 5124 1095 5179 talem
1126 5119 1408 5192 praestitit,
1437 5132 1538 5173 nec
1564 5116 1788 5172 miseras

217 5218 317 5274 illas
348 5221 624 5291 virginitas
664 5218 928 5291 perdidit;
969 5215 1064 5272 sed
1099 5224 1153 5269 et
1188 5211 1546 5283 patriarcham
1586 5207 1787 5277 reliqua

220 5310 385 5368 animte
421 5313 595 5366 virtus
627 5310 886 5366 illustrem
914 5305 1179 5371 reddidit,
1209 5311 1264 5358 et
1301 5301 1398 5356 has
1434 5298 1638 5369 reliqua
1665 5297 1790 5351 vitae

221 5404 427 5473 nequitia
473 5403 588 5476 igni
630 5401 866 5458 tradidit.
908 5395 1182 5469 Siquidem
1221 5394 1312 5450 ille
1353 5393 1409 5448 in
1451 5387 1791 5447 matrimonio

275 5557 290 5588 ι
322 5563 431 5622 tteg.
469 5564 522 5606 et
555 5555 696 5606 Savil.
731 5555 783 5604 in
798 5553 1038 5625 margine,
1058 5558 1097 5600 0
1132 5560 1234 5622 pos,
1261 5547 1442 5614 quinte
1479 5547 1631 5613 secuti
1651 5547 1790 5613 estis,

225 5618 393 5682 σείωάο
410 5620 462 5669 in
482 5617 605 5670 ωηο
623 5617 795 5682 ριοηίω
827 5615 980 5682 ξιιμμε
1006 5623 1223 5682 mam
1236 5604 1792 5682 seltel’tli.iifiel’ffis_iu‘

227 5663 796 5740 reiiiéoiibi'diioiiﬁ,
813 5663 1096 5740 iudicantes
1116 5667 1374 5740 duodecim
1387 5663 1543 5740 tribus
1568 5663 1736 5740 Israel.

284 5727 725 5808 {Anti-iubentium,
742 5727 949 5802 est'ejus
969 5750 1120 5801 quem
1156 5748 1221 5787 ex
1257 5731 1466 5781 adverso
1501 5727 1788 5792 ιοίιιιθηιεω

228 5801 476 5855 ωιιιει-δῐ.

1477 324 1572 410 ne
1608 314 2072 380 vmcmrrA'rE.
2109 310 2117 313 ’

3321 297 3432 376 sat

1843 439 2064 511 degens,
2094 435 2413 510 virginitatis
2450 435 2606 493 bonis
2632 433 2877 506 perfugi
2904 432 3126 499 studuit,
3147 433 3435 500 Honestate,

1842 534 2055 604 inquam
2077 573 2096 598 ,
2130 541 2185 588 et
2219 531 2406 587 decora
2447 531 2748 585 assiduitate
2775 544 2796 584 :
2824 529 2909 584 ha:
2931 527 3290 600 virginitatem
3317 544 3437 584 am-

1840 625 2012 695 plexa:
2032 667 2048 692 ,
2081 626 2133 679 in
2160 625 2286 678 vita:
2327 623 2588 694 procellas
2612 631 2668 678 et
2705 621 3030 677 matrimonii
3059 623 3271 693 negotia
3301 622 3442 678 reci-

1842 718 2055 773 derunt.
2083 716 2220 785 Quid
2245 716 2424 787 igitur,
2449 716 2640 786 inquit,
2662 724 2716 770 et
2742 730 2884 769 nunc
2908 721 3054 769 vetat
3081 714 3356 782 maritum,
3379 729 3443 770 ac

1843 811 2028 866 liberis
2046 852 2061 876 ,
2087 810 2310 878 Opibus,
2338 809 2652 879 caaterisque
2679 807 2929 864 omnibus
2965 807 3282 863 instructum
3301 848 3320 877 ,
3352 806 3443 860 de-

1845 920 2016 957 coram
2049 903 2400 956 assiduitatem
2440 901 2614 958 tueri?
2653 900 2890 957 Primum
2923 899 3065 971 quod
3105 915 3266 956 nemo
3304 915 3445 955 nunc

1845 1011 1944 1066 par
1969 1005 2049 1050 est
2079 995 2416 1076 Abrahamo,
2456 994 2552 1050 sed
2591 1009 2693 1049 nec
2731 1009 2900 1065 parvo
2938 992 3224 1048 intervallo
3262 992 3446 1063 proxi-

1846 1103 1986 1144 mus.
2009 1085 2143 1142 Nam
2178 1087 2294 1154 ille,
2322 1087 2410 1156 qui
2440 1096 2494 1142 et
2518 1101 2651 1156 opes
2677 1095 2732 1142 et
2754 1101 2977 1142 uxorem
3005 1085 3258 1152 haberet,
3285 1084 3449 1142 etiam

1848 1181 2018 1251 magis
2049 1195 2206 1250 quam
2244 1180 2332 1249 qui
2371 1178 2605 1248 inOpiam
2643 1178 2994 1249 proﬁteantur
3029 1177 3281 1248 pecunias
3320 1192 3449 1233 con-

1853 1273 2086 1344 tempsit,
2110 1281 2165 1328 et
2184 1273 2509 1342 voluptatem
2533 1271 2722 1327 fortius
2745 1287 2905 1343 quam
2928 1273 3160 1343 virgines
3187 1271 3448 1328 cohibuit.

1852 1365 1918 1419 IIi
1957 1365 2099 1420 enim
2137 1365 2377 1435 quotidie
2417 1363 2724 1419 libidinibus
2761 1363 2990 1429 ardent;
3030 1363 3122 1420 ille
3157 1363 3293 1420 adeo
3331 1379 3453 1420 eant

1853 1455 2123 1512 ﬂammam
2150 1457 2500 1523 exstinxerat,
2533 1459 2706 1526 neque
2727 1454 2832 1510 ulla
2859 1454 3146 1525 cupiditate
3167 1455 3454 1511 obstrictus

1857 1549 2154 1614 tenebatur,
2182 1557 2241 1601 ut
2268 1563 2376 1602 non
2402 1549 2574 1602 solum
2609 1546 2799 1618 pellice
2825 1546 3141 1615 abstineret,
3172 1546 3268 1602 sed
3294 1547 3455 1602 etiam

1857 1644 2018 1698 domo
2045 1657 2163 1697 eam
2199 1641 2456 1711 pelleret,
2493 1656 2599 1712 quo
2636 1640 2745 1694 litis
2783 1654 2850 1697 ac
2881 1639 3089 1695 dissidii
3118 1640 3455 1696 occasionem

1859 1752 2074 1792 omnem
2106 1735 2335 1790 tolleret.
2365 1733 2516 1803 Quod
2554 1732 2800 1804 equidem
2838 1747 2981 1787 nunc
3014 1730 3156 1786 haud
3183 1728 3338 1787 facile
3369 1747 3459 1786 re-

1861 1829 2037 1900 perire
2063 1836 2164 1883 est.

1925 1914 2218 1979 LXXXIII.
2252 1919 2374 1975 Non
2405 1919 2634 1974 eumdem
2658 1917 2856 1972 virtutis
2881 1915 3090 1971 modum
3119 1913 3260 1970 nobis
3282 1922 3332 1969 et
3356 1930 3458 1968 an-

1865 2015 2016 2086 tiquis
2041 2013 2356 2086 prapositum
2384 2027 2507 2066 esse.
2526 2041 2597 2051 —
2617 2010 2882 2065 Prtrterea
2904 2016 3107 2074 autem,
3130 2006 3272 2076 quod
3305 2006 3460 2060 initio

1865 2108 2106 2165 dicebam
2129 2148 2142 2170 ,
2172 2115 2227 2161 et
2256 2120 2398 2160 nunc
2423 2112 2663 2174 repetam
2687 2142 2704 2169 ,
2733 2117 2843 2157 non
2873 2099 3122 2156 eumdem
3149 2113 3179 2152 a
3204 2097 3359 2153 nobis
3385 2107 3467 2150 at-

1867 2214 1973 2271 que
2014 2197 2082 2253 ab
2129 2197 2217 2252 illa
2261 2195 2474 2251 virtutis
2521 2194 2740 2249 modum
2787 2190 2946 2263 exigi.
2991 2189 3269 2260 Siquidem
3324 2203 3467 2244 nunc

1868 2289 2165 2364 perfectum
2188 2304 2308 2344 esse
2335 2302 2441 2341 non
2473 2287 2622 2349 licet,
2654 2284 2756 2340 nisi
2786 2282 3038 2338 omnibus
3067 2280 3330 2347 venditis,
3360 2280 3467 2335 nisi

1873 2377 2131 2435 omnibus
2149 2373 2333 2427 valere
2351 2367 2520 2440 jussis
2544 2364 2769 2438 \Matth.
2792 2364 2878 2436 I9)
2898 2380 3007 2419 non
3028 2364 3226 2434 opibus
3250 2371 3466 2419 tantum

1875 2477 1932 2528 et
1952 2467 2184 2532 aedibus,
2209 2463 2306 2518 sed
2331 2460 2514 2515 anima
2539 2458 2706 2513 etiam
2729 2472 2827 2512 sua
2851 2476 2863 2511 :
2887 2465 3003 2511 tum
3027 2457 3270 2513 nondum
3299 2466 3465 2514 tantae

1878 2557 2248 2618 accurationis
2270 2553 2550 2625 specimen
2574 2555 2712 2604 erat.
2740 2548 2884 2615 Quid
2909 2549 3116 2619 igitur?
3139 2549 3356 2618 inquit;
3381 2565 3468 2603 ac.

1879 2649 2126 2708 curatius
2165 2660 2313 2701 nunc
2346 2657 2512 2714 quam
2545 2640 2857 2711 patriarcha
2911 2640 3189 2695 vivimus?
3228 2640 3470 2697 Debere-

1872 2757 1990 2796 mus
2019 2749 2202 2806 certe,
2234 2749 2394 2810 atque
2440 2737 2494 2793 id
2532 2736 2808 2807 jubemur,
2839 2735 2933 2792 sed
2964 2749 3073 2790 non
3109 2743 3468 2806 praestamus:

1867 2826 2101 2904 ideoque
2127 2833 2286 2902 longe
2309 2847 2338 2886 a
2359 2832 2510 2902 justo
2541 2829 2920 2901 relinquimur.
2949 2828 3084 2884 Nam
3111 2827 3240 2898 quin
3268 2825 3470 2897 majora

1873 2927 2029 2981 nobis
2073 2925 2366 2980 certamina
2412 2922 2682 2994 proposita
2725 2923 2873 2987 sint,
2919 2919 3054 2975 nulli
3097 2918 3316 2974 dubium
3364 2926 3468 2972 est.

1873 3019 2056 3091 Itaque
2083 3019 2198 3074 Noe
2224 3018 2449 3073 laudans
2471 3016 2750 3086 Scriptura
2770 3055 2786 3083 ,
2819 3029 2926 3068 non
2956 3010 3272 3082 simpliciter
3305 3009 3358 3065 id
3391 3007 3472 3064 fa-

1875 3113 1987 3177 cit,
2027 3110 2123 3166 sed
2163 3125 2285 3165 cum
2324 3108 2691 3163 additamento
2732 3104 3002 3175 quodam:
3033 3118 3156 3156 nam
3197 3101 3272 3155 ait
3305 3118 3321 3156 :
3354 3097 3470 3154 Noe

1869 3205 2060 3278 justus,
2088 3205 2337 3274 perfectus
2361 3202 2414 3255 in
2442 3199 2768 3272 generatione
2803 3213 2900 3250 sua
2921 3237 2936 3262 ,
2969 3195 3075 3249 Deo
3104 3193 3296 3267 placuit
3317 3189 3470 3264 (Gen.

1881 3297 1936 3353 6.
1962 3292 2018 3369 9)
2045 3311 2060 3349 :
2085 3309 2190 3349 non
2219 3292 2535 3363 simpliciter
2570 3288 2841 3360 perfectus
2860 3328 2875 3350 ,
2904 3286 2999 3342 sed
3039 3285 3092 3340 in
3122 3283 3474 3355 generatione

1878 3405 1994 3446 sua.
2023 3387 2170 3443 Multi
2197 3385 2340 3442 enim
2370 3392 2496 3440 sunt
2522 3380 2869 3453 perfectionis
2917 3377 3103 3442 modi,
3150 3376 3268 3431 aliis
3309 3385 3475 3446 atque

1877 3481 1998 3536 aliis
2026 3477 2357 3548 temporibus
2375 3475 2581 3530 deﬁniti
2607 3489 2620 3527 :
2645 3487 2708 3526 ac
2734 3470 2882 3538 Quod
2899 3467 3175 3538 aliquando
3197 3470 3474 3536 perfectum

1881 3571 2002 3643 fuit,
2028 3566 2272 3636 temporis
2292 3578 2568 3636 progressu
2587 3562 2645 3630 ﬁt
2670 3559 3051 3629 imperfectum.
3075 3553 3240 3609 Verbi
3263 3552 3462 3623 gratia:

1883 3659 2173 3731 aliquando
2205 3656 2482 3728 perfectus
2513 3661 2632 3709 erat
2665 3650 2757 3720 qui
2799 3649 2973 3719 legem
3014 3644 3415 3715 exsequebatur
3445 3659 3461 3696 :

1883 3755 2027 3809 Nam
2047 3753 2157 3807 hare
2170 3751 2260 3821 qui
2283 3749 2467 3820 faciat,
2496 3744 2690 3816 inquit,
2720 3758 2813 3811 per
2839 3758 2901 3795 ea
2929 3739 3160 3793 victurus
3179 3745 3253 3792 est
3275 3735 3462 3806 (Leuit.

1881 3850 1971 3904 18.
1998 3844 2053 3918 5)
2088 3863 2104 3902 :
2139 3851 2196 3899 at
2217 3843 2468 3900 Christus
2488 3846 2711 3895 exortus
2741 3833 3043 3905 perfectum
3072 3831 3177 3885 hoc
3203 3827 3467 3898 imperfe-

1881 3951 2025 3997 ctum
2050 3937 2306 3995 ostendit.
2335 3934 2456 3990 Nisi
2480 3932 2624 3989 enim
2646 3973 2662 3999 ,
2696 3929 2898 4000 inquit,
2925 3925 3255 3982 abundaverit
3271 3924 3478 3994 justitia

1882 4042 2046 4091 vestra
2067 4031 2191 4124 plus
2214 4045 2368 4101 quam
2393 4025 2674 4082 scribarum
2695 4031 2743 4076 et
2763 4021 3167 4086 Pharisaeorum,
3188 4033 3292 4071 non
3316 4015 3479 4068 intra-

2412 4119 2422 4124 -
2842 4110 2874 4124 ..
2918 4108 3028 4124 ﬂ...
3079 4107 3207 4124 ...κη

1883 4127 1998 4180 bitis
2026 4105 2082 4178 ai
2100 4137 2311 4192 regnum
2330 4119 2569 4173 calorum
2589 4113 2816 4187 (Matth.
2839 4110 2894 4168 5.
2918 4109 2991 4164 20
3012 4108 3054 4180 ).
3079 4107 3216 4163 Tum
3246 4105 3476 4160 homici-

1885 4217 2032 4273 dium
2061 4215 2236 4270 solum
2260 4219 2414 4266 atrox
2434 4206 2747 4270 videbatur;
2789 4215 2932 4256 nunc
2963 4199 3050 4254 vel
3090 4198 3167 4252 ira
3196 4196 3480 4251 dumtaxat

1883 4325 1950 4365 ac
1971 4307 2270 4363 convicium
2299 4302 2364 4357 ad
2389 4299 2693 4371 gehennam
2722 4307 2916 4364 rapere
2943 4299 3140 4362 queat:
3169 4298 3282 4344 tum
3318 4287 3480 4342 adul~

1886 4403 2078 4460 terium
2109 4397 2282 4454 solum
2309 4392 2675 4464 plectebatur;
2705 4401 2847 4442 nunc
2871 4384 2958 4440 vel
2991 4380 3270 4452 ﬂagitiosis
3308 4378 3484 4434 oculis

1887 4493 2164 4552 mulierem
2197 4489 2460 4558 aspicere,
2497 4496 2609 4538 non
2636 4480 2790 4536 abest
2816 4492 2847 4532 a
2872 4473 3136 4544 supplicio
3165 4489 3179 4526 :
3211 4479 3324 4526 tum
3351 4485 3478 4542 per-

1883 4587 2084 4659 jurium
2101 4583 2273 4639 solum
2293 4595 2326 4634 a
2345 4578 2486 4634 malo
2506 4583 2654 4640 erat;
2679 4587 2820 4627 nunc
2833 4570 2920 4625 vel
2939 4569 3123 4640 jurare
3145 4582 3162 4623 :
3185 4563 3325 4622 Nam
3342 4562 3482 4636 quod

1889 4654 2071 4753 prater
2086 4677 2192 4730 haec
2207 4681 2302 4734 est,
2320 4669 2510 4740 inquit,
2530 4683 2561 4720 a
2580 4663 2717 4720 malo
2733 4671 2804 4718 est
2822 4660 2927 4736 (1b.
2950 4676 3002 4717 υ.
3027 4656 3240 4730 57).Ab
3262 4657 3330 4711 iis
3348 4654 3486 4711 nihil

1889 4748 2118 4841 amplius
2144 4762 2537 4835 requirebatur,
2568 4770 2728 4828 quam
2758 4767 2939 4808 amare
2982 4766 3078 4806 eos
3115 4748 3205 4819 qui
3235 4762 3294 4802 se
3331 4761 3482 4811 ama-

1889 4837 2049 4921 rent:
2079 4873 2221 4915 nunc
2246 4867 2494 4924 magnum
2531 4850 2636 4904 hoc
2660 4855 2715 4902 et
2750 4844 3067 4916 praeclarum
3113 4848 3221 4896 tam
3249 4847 3336 4895 est
3376 4837 3476 4894 im-

1890 4956 2206 5030 perfectum,
2233 4957 2296 5005 ut
2323 4962 2390 5004 co
2417 4942 2681 5018 perfuncti
2715 4939 2882 4996 nihilo
2923 4932 3220 5008 publicanis
3259 4938 3479 5001 praeste-

1892 5065 2033 5108 mus.
3192 5023 3196 5035 ’

1966 5134 2252 5194 LXXXIV.
2283 5132 2471 5188 Merito
2491 5125 2783 5183 earumdem
2806 5129 2936 5177 recte
2957 5119 3208 5189 factorum
3225 5127 3329 5168 non
3349 5110 3487 5166 idem

1895 5229 2159 5302 prwmium
2187 5223 2330 5280 nobis
2350 5231 2398 5278 et
2422 5218 2645 5290 antiquis
2673 5213 2988 5286 prepositum
3014 5222 3142 5263 esse.
3162 5235 3236 5248 —
3250 5204 3360 5260 Cur
3385 5203 3487 5273 igi-

1897 5293 1984 5378 tur
2015 5336 2120 5376 non
2152 5317 2293 5372 idem
2321 5313 2597 5385 praemium
2623 5307 2812 5363 iisdem
2840 5313 2988 5360 recte
3016 5299 3193 5365 factis,
3214 5307 3269 5352 et
3289 5293 3488 5351 nostris

1897 5422 1951 5471 et
1977 5413 2317 5482 antiquorum
2338 5446 2354 5472 ,
2381 5402 2715 5477 propositum
2747 5406 2859 5464 est,
2902 5392 2999 5452 sed
3036 5393 3296 5459 majorem
3321 5387 3492 5441 virtu-

1899 5515 2006 5563 tem
2032 5478 2378 5560 exhibeamus
2407 5509 2627 5551 necesse
2655 5499 2739 5548 est
2758 5531 2772 5555 ,
2803 5489 2848 5545 si
2875 5485 3062 5541 eadem
3090 5495 3210 5551 qua:
3251 5478 3327 5533 illi
3361 5491 3490 5532 con-

1900 5591 2230 5668 sequemur?
2255 5589 2390 5658 Quia
2419 5601 2562 5642 nunc
2605 5586 2793 5654 ingens
2836 5575 3069 5648 Spiritus
3106 5573 3277 5643 gratia
3323 5567 3489 5668 elfusa

1901 5657 2018 5754 est,
2070 5693 2127 5740 et
2180 5657 2432 5750 magnum
2477 5675 2738 5731 adventus
2774 5667 2974 5726 Christi
3015 5676 3254 5720 munus:
3283 5657 3491 5716 adultos

1904 5748 2100 5850 quasippe
2124 5788 2222 5846 pro
2247 5748 2537 5828 infantibus
2561 5763 2813 5824 reddidit.
2835 5761 3020 5832 Itaque
3040 5748 3489 5830 quemadmodum
