4020 6448
554 361 663 417 595

551 481 649 521 nos
672 479 703 519 a
734 461 910 534 meris
935 461 1133 517 nostris
1154 459 1447 532 puberibus
1473 460 1731 530 majorem
1754 460 2003 513 virtutem
2027 473 2128 528 po-

550 558 837 619 stulamus,
867 564 921 610 et
944 569 1062 624 quae
1100 553 1151 608 in
1183 554 1350 622 prima
1393 559 1551 606 aztate
1588 550 1846 605 facientes
1885 547 2133 603 laudaba-

554 659 693 709 mus,
720 644 904 699 eadem
933 644 977 697 si
1006 643 1107 697 viri
1136 641 1307 696 allecti
1337 648 1589 710 praestent
1617 654 1725 693 non
1767 652 1917 707 aeque
1958 636 2133 690 admi-

552 748 755 801 ramur,
784 731 878 787 sed
906 732 1009 786 alia
1039 731 1205 785 multo
1231 732 1294 784 iis
1315 730 1552 799 graviora
1572 728 1733 783 edere
1752 727 1998 796 jubemus
2023 742 2035 778 :
2062 725 2131 779 ita

554 834 609 880 et
651 825 717 879 ab
756 824 985 878 humana
1030 830 1215 876 natura
1256 821 1393 874 Deus
1438 820 1611 888 primo
1648 832 1858 887 quoque
1893 825 2133 886 tempore

554 918 748 972 eximia
770 916 1010 987 quiedam
1040 915 1275 969 facinora
1302 928 1405 967 non
1430 911 1697 981 exigebat,
1726 920 1782 963 ut
1812 925 1929 978 quae
1953 907 2129 976 pueri-

560 1012 665 1065 lius
688 1010 873 1065 all'ecta
900 1017 1042 1063 esset
1066 1024 1079 1060 :
1102 1015 1157 1060 at
1180 1005 1266 1059 ubi
1297 1003 1601 1075 preplietas,
1624 1001 1893 1071 apostolos
1912 1000 2131 1065 audivit,

556 1101 787 1172 Spiritus
813 1100 1036 1170 gratiam
1064 1103 1391 1166 consequuta
1417 1104 1519 1159 est,
1552 1093 1764 1147 virtutis
1792 1092 1841 1147 ei
1867 1090 2132 1161 magnitu-

559 1192 736 1247 dinem
764 1191 910 1245 auxit
932 1207 946 1246 :
972 1204 1071 1244 nec
1101 1188 1313 1257 injuria.
1337 1186 1469 1241 Nam
1510 1193 1561 1239 et
1589 1182 1887 1238 mercedem
1914 1181 2139 1250 amplio—

560 1299 671 1338 rem
705 1291 759 1337 et
785 1280 1001 1351 przemia
1027 1279 1193 1333 multo
1216 1276 1504 1332 illustriora
1530 1289 1673 1329 nunc
1698 1272 1972 1342 preposuit
1995 1288 2007 1324 :
2031 1286 2136 1325 non

558 1374 701 1427 enim
725 1373 950 1441 amplius
980 1380 1119 1425 terra
1144 1384 1207 1423 ac
1231 1377 1461 1429 terrena,
1485 1365 1579 1420 sed
1600 1365 1809 1426 omium,
1838 1370 1893 1417 et
1918 1377 2035 1431 qua:
2056 1362 2139 1414 in-

566 1463 914 1533 telligentiam
944 1468 1195 1531 superent
1213 1459 1351 1514 bona
1379 1456 1681 1527 perfunctos
1704 1460 2032 1524 exspectant.
2056 1453 2137 1506 An

563 1569 670 1609 non
703 1554 862 1622 igitur
887 1551 1172 1606 absurdum
1204 1550 1290 1615 sit,
1319 1548 1529 1602 adultos
1556 1546 1731 1600 adhuc
1760 1546 1814 1599 in
1842 1544 2025 1598 eadem
2062 1543 2140 1597 in-

566 1644 730 1699 fantia
753 1644 1077 1714 persistere?
1099 1642 1228 1698 Nam
1252 1641 1481 1695 humana
1508 1649 1618 1694 tum
1646 1647 1833 1693 natura
1854 1637 2139 1691 adversum

568 1754 627 1793 se
656 1738 977 1793 factionibus
1016 1735 1182 1790 divisa
1212 1742 1327 1789 erat
1347 1775 1363 1802 ,
1392 1733 1531 1788 bello
1561 1731 1755 1786 ardens
1789 1730 2139 1784 intemecino.

566 1831 741 1900 Atque
768 1830 818 1883 id
845 1827 1155 1883 describens
1185 1826 1380 1881 Paulus
1409 1826 1504 1890 ait,
1536 1824 1702 1878 Aliam
1738 1822 1880 1875 video
1904 1820 2061 1890 legem
2087 1820 2141 1873 in

562 1919 796 1974 membris
820 1919 943 1972 meis
961 1959 976 1985 ,
1004 1926 1366 1987 repugnantem
1395 1915 1492 1984 legi
1515 1914 1693 1967 mentis
1718 1926 1870 1976 mea,
1899 1918 1946 1965 et
1971 1908 2138 1979 capti-

564 2020 763 2064 vantem
806 2026 885 2062 me
927 2008 1026 2079 legi
1065 2006 1285 2077 peccati,
1330 2016 1444 2072 qua:
1469 2004 1550 2058 lex
1574 2011 1646 2057 est
1681 2005 1735 2055 in
1761 2000 1993 2055 membris
2021 1998 2144 2052 meis

565 2102 586 2171 (
608 2102 758 2156 Rom.
787 2102 841 2155 ’1.
866 2097 989 2170 25).
1017 2100 1084 2152 At
1109 2112 1249 2151 nunc
1276 2097 1391 2151 lucc
1417 2110 1525 2150 non
1549 2101 1692 2149 sunt.
1719 2092 1858 2146 Nam
1883 2090 2017 2161 quod
2042 2091 2144 2144 im-

568 2193 804 2259 possibile
843 2199 949 2244 erat
997 2190 1127 2260 legi,
1176 2190 1230 2242 in
1270 2204 1368 2260 quo
1406 2186 1758 2255 inﬁrmabatur
1791 2201 1879 2253 per
1915 2198 2141 2246 carnem,

568 2283 708 2338 Deus
735 2282 929 2335 Filium
951 2297 1098 2336 suum
1124 2280 1324 2333 mittens
1350 2279 1403 2332 in
1428 2277 1809 2332 similitudinem
1833 2275 2001 2329 carnis
2023 2290 2143 2344 pec-

574 2375 695 2437 cati,
726 2382 771 2428 et
800 2373 862 2425 de
888 2380 1090 2442 peccato
1112 2370 1369 2423 damnavit
1399 2376 1657 2437 peccatum
1684 2366 1735 2419 in
1765 2381 1916 2418 carne
1948 2364 1968 2435 (
1995 2365 2142 2418 Ront.

571 2467 625 2521 8.
654 2466 732 2532 ⁸5).
765 2465 839 2519 De
868 2464 1039 2533 iisque
1077 2463 1277 2532 gratias
1312 2475 1477 2532 agens
1506 2458 1703 2514 Paulus
1729 2456 1973 2512 dicebat:
2001 2454 2147 2525 Infe-

572 2558 646 2611 lia:
668 2572 757 2627 ego
783 2555 947 2618 homo,
973 2554 1080 2621 quis
1100 2569 1178 2606 me
1198 2550 1421 2606 liberabit
1448 2549 1510 2604 de
1534 2566 1746 2615 corpore
1767 2549 1937 2602 mortis
1968 2546 2148 2613 huius?

573 2648 681 2719 Ago
720 2647 822 2699 Deo
863 2645 1050 2716 gratias
1084 2660 1173 2712 per
1206 2642 1384 2697 Jesum
1421 2640 1675 2695 Christum
1708 2639 1902 2713 (Rom.
1931 2639 1983 2694 7.
2019 2636 2143 2709 24).

578 2740 761 2807 Itaque
804 2736 994 2791 merito
1026 2734 1293 2803 punimur,
1338 2731 1496 2786 soluti
1540 2731 1869 2786 tantumdem
1908 2738 2146 2795 currere,

586 2838 844 2899 quantum
889 2824 1160 2895 impediti,
1189 2824 1450 2878 nolentes.
1477 2822 1807 2892 Quamquam
1835 2830 1892 2875 ut
1920 2828 2151 2874 tantum-

578 2920 699 2974 dem
729 2918 1009 2987 possimus,
1036 2929 1135 2970 nec
1163 2915 1239 2969 sic
1264 2929 1421 2985 pmna
1452 2913 1706 2967 solvimur
1733 2929 1747 2965 :
1779 2927 1901 2967 nam
1932 2912 2018 2982 qui
2043 2911 2149 2966 alta

580 3023 711 3079 pace
738 3007 959 3071 fruatur,
989 3008 1144 3077 longe
1173 3005 1347 3075 majus
1384 3013 1438 3060 et
1475 3005 1730 3060 illustrius
1758 3013 2013 3075 tropaeum
2044 3004 2151 3059 eri-

577 3114 702 3171 gere
745 3113 844 3169 par
885 3107 995 3166 est,
1026 3113 1184 3169 quam
1216 3098 1307 3169 qui
1334 3096 1619 3153 admodum
1651 3096 1789 3153 bello
1818 3105 2109 3169 prematur.

1252 347 1315 405 S.
1352 345 1632 405 JOANNIS
1667 344 2143 404 CHRYSOSTOMI
2179 344 2497 404 ARCHIEP.
2540 342 3074 402 CONSTANTINOP.

2239 456 2391 524 Quod
2417 457 2461 511 si
2488 457 2539 511 in
2563 456 2775 527 Opibus,
2798 457 3023 526 deliciis,
3041 458 3326 529 conjugum
3350 461 3547 528 studio,
3570 467 3831 535 negotio-

2236 562 2354 601 rum
2383 563 2508 603 cura
2529 548 2742 605 assidue
2763 565 3064 619 versamur,
3086 553 3361 623 ecquando
3380 556 3478 609 viri
3502 556 3833 624 evademus,

2238 638 2426 707 Spiritu
2452 640 2711 705 vivemus,
2733 640 2939 696 Domini
2963 658 3050 697 res
3068 643 3374 701 curabimus
3390 645 3413 699 ἲ
3428 646 3511 699 An
3532 657 3827 718 postquam

2238 728 2363 783 hinc
2390 731 2671 800 migratum
2698 732 2833 786 erit?
2869 734 2939 787 At
2965 748 3071 788 non
3113 734 3165 788 id
3197 734 3440 791 laborum
3468 752 3532 792 ac
3564 739 3834 793 certami-

2238 819 2342 886 nis,
2366 820 2458 874 sed
2489 824 2831 890 praemiorum
2868 831 2923 877 et
2948 838 3228 892 pcenarum
3271 834 3483 895 tempus
3525 829 3651 883 erit.
3684 828 3830 884 Tum

2238 927 2339 967 nec
2366 913 2551 982 virgini
2583 914 2762 969 oleum
2804 915 2857 969 in
2900 914 3134 972 lucernis
3176 931 3282 971 non
3327 916 3543 973 habenti
3585 920 3658 974 ab
3705 920 3833 975 aliis

2236 1018 2449 1059 sumere
2470 1004 2668 1071 licebit,
2696 1005 2790 1060 sed
2813 1020 2874 1060 ea
2905 1005 3035 1061 foris
3055 1009 3294 1063 manebit
3314 1007 3525 1081 (Matth.
3548 1010 3643 1080 25)
3673 1027 3689 1064 :
3718 1024 3821 1066 nec

2240 1094 2329 1163 qui
2358 1095 2585 1149 sordidis
2613 1095 2829 1151 indutus
2852 1096 3057 1163 adslet,
3091 1112 3340 1167 egressus
3378 1109 3585 1154 mutare
3605 1113 3825 1155 vestem

2241 1172 2461 1241 poterit,
2479 1172 2575 1227 sed
2587 1183 2655 1227 au
2671 1177 2929 1243 gehennae
2942 1177 3119 1246 ignem
3136 1179 3439 1249 abripietur
3455 1182 3684 1251 (Matth.
3701 1186 3829 1258 22):

2238 1276 2341 1318 nec
2365 1263 2412 1319 si
2434 1263 2517 1318 vel
2541 1263 2911 1319 Abrahamum
2929 1266 3180 1336 imploret
3201 1268 3355 1340 (Luc.
3380 1272 3491 1343 16.)
3512 1275 3826 1349 quidquam

2234 1362 2350 1407 tum
2370 1353 2635 1423 proliciet.
2657 1354 2868 1426 Quippe
2883 1366 3001 1410 orta
3014 1356 3129 1427 jam
3145 1358 3234 1415 die
3250 1363 3492 1432 propria,
3515 1366 3705 1434 posito
3728 1370 3829 1423 tri-

2233 1442 2421 1498 bunali
2448 1484 2463 1510 ,
2502 1445 2727 1501 sedente
2753 1446 2971 1517 judice,
3002 1456 3057 1504 et
3094 1461 3351 1509 manante
3385 1456 3543 1524 quasi
3576 1460 3825 1528 quodam

2235 1540 2378 1612 ignis
2395 1540 2562 1599 ﬂuvio
2584 1541 2771 1614 (Dan.
2799 1544 2829 1598 7
2853 1544 2964 1614 10),
2985 1545 3170 1601 habita
3197 1550 3477 1607 actionum
3498 1564 3824 1612 nostrarum

2235 1637 2559 1707 quaestione,
2592 1653 2704 1692 non
2728 1638 2841 1708 jam
2875 1638 3076 1711 ﬂagitia
3100 1642 3283 1699 eluere
3310 1644 3576 1712 sinemur,
3614 1651 3720 1705 sed
3758 1652 3828 1707 ad

2236 1729 2587 1798 supplicium,
2617 1730 2687 1785 iis
2725 1729 2970 1786 debitum
2999 1733 3235 1790 velimus
3269 1736 3509 1794 nolimus
3546 1741 3828 1799 trahimur

2238 1822 2422 1885 modo,
2461 1824 2664 1879 nullius
2689 1832 2804 1879 tum
2826 1826 3082 1896 precibus
3105 1827 3375 1884 liberandi
3400 1848 3416 1898 ;
3441 1832 3539 1887 sed
3567 1836 3831 1904 quamvis

2237 1912 2364 1983 quis
2382 1915 2500 1984 pari
2525 1913 2725 1969 ﬁducia
2748 1917 2819 1971 sit
2843 1932 2968 1971 cum
2993 1921 3203 1989 magnis
3226 1927 3281 1975 et
3301 1920 3645 1982 admirandis
3669 1929 3829 1987 viris.

2248 2004 2646 2074 quamvisNoe,
2662 2004 2786 2073 Job,
2802 2005 2992 2063 Daniel
3013 2010 3353 2082 sit(Respicit
3366 2015 3436 2069 ad
3456 2014 3649 2072 Eaech.
3671 2036 3720 2073 c.
3739 2020 3828 2077 14.

2239 2113 2290 2152 υ.
2315 2096 2424 2170 ιι),
2440 2098 2655 2155 etiamsi
2675 2115 2775 2171 pro
2797 2099 2986 2157 liberis
3002 2117 3067 2157 ac
3084 2103 3302 2161 ﬁliabus
3318 2106 3670 2178 deprecetur,
3691 2112 3830 2166 nihil

2241 2198 2386 2260 agat,
2420 2191 2517 2246 sed
2540 2208 2767 2248 necesse
2792 2194 2897 2249 erit
2924 2206 3241 2265 peccatores
3267 2198 3604 2258 immortales
3636 2182 3833 2274 prensa

2239 2284 2569 2354 expendere,
2590 2294 2647 2340 ut
2664 2289 2755 2356 qui
2778 2296 2923 2343 recte
2938 2288 3204 2354 fecerunt,
3224 2291 3487 2348 honorem
3510 2295 3677 2349 inire.
3695 2294 3832 2351 Nam

2241 2391 2420 2446 neque
2442 2376 2529 2432 his
2541 2392 2718 2448 neque
2734 2378 2842 2434 illis
2860 2378 3019 2434 linem
3034 2378 3152 2436 fore
3169 2380 3419 2438 Christus
3434 2383 3759 2452 declaravit,
3774 2394 3833 2440 ut

2241 2469 2433 2535 vitam,
2461 2469 2544 2524 sic
2566 2470 2897 2540 supplicium
2932 2481 3197 2528 aeternum
3219 2490 3343 2530 esse
3361 2474 3552 2533 dicens
3584 2495 3601 2533 :
3644 2479 3741 2548 qui
3779 2487 3833 2534 et

2243 2559 2457 2616 dextris
2481 2560 2826 2628 collaudatis,
2846 2572 2900 2618 et
2921 2564 3166 2621 sinistris
3188 2566 3480 2634 damnatis,
3508 2568 3581 2622 ita
3602 2571 3827 2625 subdit:

2242 2650 2479 2706 Abibitut
2499 2651 2555 2705 hi
2570 2653 2625 2707 in
2644 2670 2853 2721 poenam
2872 2656 3264 2723 sempiternam,
3281 2658 3419 2727 justi
3441 2675 3559 2714 vero
3584 2662 3643 2715 in
3667 2663 3832 2716 vitam

2240 2747 2615 2814 sempiternam
2632 2745 2851 2816 (Matth.
2867 2748 2957 2801 25.
2977 2747 3087 2819 46).
3108 2747 3294 2819 Itaque
3307 2750 3398 2805 hic
3409 2753 3555 2807 serio
3574 2753 3828 2808 laboran-

2241 2836 2371 2919 dum
2386 2845 2491 2902 est,
2512 2844 2565 2893 et
2588 2838 2918 2908 quiuxorem
2940 2842 3156 2907 habeat,
3176 2841 3224 2897 ei
3245 2842 3470 2912 perinde
3482 2845 3756 2915 agendum
3771 2857 3833 2900 ac

2242 2928 2417 2984 sinon
2439 2928 2700 2985 haberet:
2727 2938 2781 2985 et
2802 2931 2895 3001 qui
2922 2947 3049 2987 vere
3072 2948 3181 2987 non
3207 2934 3426 2999 habeat,
3451 2937 3502 2991 ei
3519 2951 3650 2991 cum
3669 2937 3831 3006 virgio

2242 3020 2414 3075 nitate
2437 3021 2660 3091 reliquae
2681 3023 2848 3077 etiam
2865 3038 3058 3079 omnes
3079 3025 3312 3082 virtutes
3336 3029 3659 3085 exercenda:
3681 3038 3828 3095 sunt,

2243 3126 2313 3168 ne
2338 3113 2765 3185 postidecessum
2788 3130 2852 3171 ex
2870 3115 2973 3172 hac
2997 3118 3107 3172 vita
3124 3118 3406 3176 incassum
3434 3121 3821 3178 lamentemur.
