4020 6376
83 420 177 476 595

86 531 298 603 ἡλικίαν,
348 524 536 580 ταῦτα
594 520 911 594 γενομένους
958 521 1156 593 ἄνδρας
1216 522 1309 575 καὶ
1347 522 1744 592 κατορθοῦντας

85 617 244 675 οὐκέθ’
270 614 478 687 ὁμοίως
508 612 860 684 θαυμάζομεν
880 650 895 673 ,
929 609 1045 664 ἀλλ’
1071 609 1234 682 ἔτερα
1288 610 1470 681 πολλῷ
1518 611 1745 682 μείζονα

88 707 286 760 ἐκείνων
304 699 615 771 κελεύομεν
635 697 1052 753 ἐπιδείκνυσθαι·
1085 696 1230 751 οῦτω
1267 700 1364 753 καὶ
1397 700 1497 771 τὴν
1528 698 1744 771 ἀνθρω-

89 794 267 863 πίνην·
301 788 471 859 φύσιν
505 790 538 842 ὁ
561 786 692 850 Θεὸς
721 787 780 840 ἐν
806 789 920 850 τοῖς
948 784 1187 858 πρώτοις
1206 786 1416 858 χρόνοις
1439 789 1500 842 ού
1534 786 1746 858 μεγάλα

90 879 260 950 ἀπῄτει
283 877 353 931 τὰ
384 874 818 947 κατορθώματα,
858 873 953 928 άτε
990 872 1421 944 νηπιωδέστερον
1468 873 1746 945 διακειμέ-

90 982 189 1039 νην·
218 962 405 1033 ἐπειδὴ
440 960 504 1015 δὲ
536 959 831 1032 προφητῶν
864 960 1120 1031 ἡκουσεν,
1150 960 1485 1026 ἀποστόλων,
1526 962 1621 1017 καὶ
1648 962 1747 1031 τῆς

89 1054 168 1109 τοῦ
183 1052 498 1123 Πνεύματος
529 1048 763 1118 ἐπέτυχε
776 1047 1019 1119 χάριτος,
1042 1048 1315 1101 ἐπέτεινεν
1339 1048 1478 1120 αὐτῇ
1494 1048 1603 1102 τῶν
1620 1065 1750 1103 κατ-

91 1140 398 1214 ορθωμάτων
431 1136 500 1191 τὸ
542 1134 789 1206 μέγεθος
819 1135 1066 1199 εἰκότως.
1112 1137 1223 1189 Καὶ
1238 1135 1348 1207 γὰρ
1383 1136 1611 1206 μισθοὺς
1627 1137 1746 1208 μεί-

94 1230 226 1294 ζονας
269 1225 461 1297 έθηκε,
496 1222 599 1277 καὶ
632 1222 701 1276 τὰ
760 1221 969 1308 ἔπαθλα
1018 1221 1198 1292 πολλῷ
1230 1222 1587 1295 λαμπρότερα
1627 1222 1745 1277 νῦν⁸

96 1317 249 1372 οὐκέτι
265 1314 375 1384 γάρ
397 1312 477 1382 γῆ
508 1311 611 1364 καὶ
655 1310 723 1364 τά
749 1309 839 1363 ἐπὶ
865 1308 964 1378 τῆς
994 1312 1117 1381 γῆς,
1154 1310 1268 1363 ἀλλ’
1297 1311 1523 1382 οὐρανὸς
1550 1311 1646 1366 καὶ
1681 1311 1751 1365 τὰ

97 1404 198 1457 νοῦν
230 1399 639 1471 ὐαρὸαίνοντα
675 1396 856 1465 ἀγαθά
881 1399 995 1460 τοῖς
1028 1395 1180 1469 [535]
1217 1395 1575 1467 κατορθοῦσιν
1610 1398 1751 1454 ἁπό-

98 1508 262 1544 κειται.
297 1487 423 1551 Πῶς
448 1481 551 1541 οὖν
588 1485 689 1539 οὐκ
727 1484 927 1540 ἄτοπον
979 1484 1072 1537 ἐπὶ
1112 1484 1214 1553 τῆς
1246 1484 1416 1554 αὐτῆς
1458 1484 1538 1538 ἔτι
1568 1484 1751 1555 μένειν

101 1578 428 1650 σμικρότητος
453 1572 870 1645 άνδρωθένταςς
910 1571 1045 1626 Τότε
1084 1571 1186 1643 μὲν
1211 1571 1322 1643 γὰρ
1374 1573 1407 1643 ἡ
1435 1571 1752 1644 ἀνθρωπίνη

100 1666 197 1724 καθ’
232 1666 430 1735 ἑαυτῆς
459 1663 691 1732 ἕσχιστο
739 1658 922 1730 φύσις,
957 1659 1053 1713 καὶ
1100 1659 1337 1729 πόλεμος
1363 1655 1431 1731 ἦν
1465 1661 1751 1724 ἄσπονδος·

102 1756 176 1810 καὶ
207 1752 387 1807 τοῦτον
425 1752 457 1804 ὁ
495 1748 719 1812 Παῦλος
765 1746 1120 1817 διηγούμενος
1169 1746 1367 1800 οὑτωσί
1408 1746 1524 1810 πὼς
1564 1761 1749 1817 φησιν·

102 1843 279 1897 Βλέπω
297 1840 356 1894 δέ
385 1838 608 1907 ἓτερον
622 1838 813 1905 νόμον
839 1835 908 1889 ἑν
931 1834 1051 1900 τοῖς
1069 1832 1286 1903 μέλεσι
1297 1853 1416 1904 μου
1439 1835 1757 1904 ἀντιστρα-

102 1930 384 2000 τευόμενον
403 1924 491 1992 τῷ
512 1924 688 1992 νόμῳ
705 1922 810 1976 τοῦ
826 1922 967 1988 νοός
981 1939 1122 1991 μου,
1136 1922 1233 1975 καί
1255 1922 1756 1991 αἰχμαλωτίζοντά

101 2035 159 2087 με
189 2016 261 2081 τῷ
286 2014 450 2084 νόμῳ
482 2010 613 2080 τῆς
648 2009 935 2079 ἁμαρτίας
986 2006 1067 2074 τῷ
1104 2007 1232 2062 ὄντι
1272 2009 1344 2062 ἐν
1378 2008 1503 2075 τοῖς
1539 2010 1757 2078 μέλεσι

104 2123 211 2176 μου.
252 2103 406 2157 Ἀλλὰ
430 2100 534 2156 νῦν
580 2098 685 2153 οὐκ
713 2097 828 2151 ἔστι
857 2096 1047 2151 ταῦτα.
1090 2096 1160 2152 Τὸ
1187 2099 1295 2166 γὰρ
1325 2097 1628 2152 ἀδύνατον
1649 2098 1756 2152 τοῦ

106 2195 276 2264 νόμου,
300 2192 370 2247 ἐν
394 2184 445 2257 ᾧ
466 2186 729 2258 ἠσθένει
753 2184 851 2239 διὰ
887 2182 997 2254 τῆς
1028 2184 1274 2263 σαρκὸς,
1293 2188 1326 2240 ό
1338 2184 1482 2252 Θεὸς
1503 2185 1610 2239 τὸν
1623 2186 1759 2241 ἐαυ-

106 2282 189 2335 τοῦ
208 2280 331 2335 my
359 2279 627 2348 πέμψας
657 2274 727 2328 ἐν
753 2271 1067 2344 ὁμοιώματι
1092 2273 1321 2341 σαρκὸς
1350 2274 1641 2343 ἁμαρτίας
1660 2274 1760 2329 καὶ

110 2369 211 2435 περὶ
236 2366 519 2437 ἁμαρτίας
548 2363 873 2429 κατέκρινε
902 2359 1018 2427 τὴν
1039 2359 1334 2429 ἁμαρτίαν
1368 2362 1439 2415 ὲν
1459 2359 1535 2429 τῇ
1555 2362 1756 2430 σαρκίο

112 2456 182 2507 καὶ
209 2452 555 2525 περὶτούτων
588 2446 931 2520 εὐχαριστῶν
954 2449 983 2500 ό
1003 2446 1213 2511 Παῦλος
1247 2447 1421 2517 ἔλεγε·
1462 2450 1761 2504 Ταλαίπω-

111 2559 187 2609 ρος
206 2541 307 2611 ἐγὼ
336 2539 694 2608 ἅνθρωπος,
734 2535 827 2602 τίς
844 2552 921 2605 με
944 2535 1199 2604 ῥύσεται
1241 2534 1310 2589 ἐκ
1340 2536 1447 2590 τοῦ
1488 2535 1763 2605 σώματος

116 2630 194 2684 τοῦ
216 2629 465 2685 θανάτου
501 2626 779 2689 τούτου;
819 2622 1170 2693 Εὐχαριστῶ
1199 2616 1279 2690 τῷ
1309 2624 1431 2689 Θεῷ
1454 2624 1531 2678 δι’
1566 2623 1763 2693 Ἰησοῦ

117 2715 346 2783 Χριστοῦ.
378 2714 482 2769 Διὰ
507 2712 686 2768 τοῦτο
722 2710 1062 2782 κολαζόμεθα
1098 2710 1342 2775 εἰκότως,
1366 2712 1449 2765 ὅτι
1480 2710 1592 2765 τῶν
1624 2727 1763 2780 συμ-

120 2803 480 2871 τεποδισμένων
535 2800 647 2854 fda.
675 2799 890 2871 τρέχειν
923 2799 987 2852 οὐ
1023 2797 1321 2869 βουλόμεθα
1372 2800 1421 2853 οί
1458 2798 1760 2870 λελυμένοι·

123 2893 279 2963 μᾶλλον
300 2893 355 2947 δὲ
375 2892 483 2947 κᾶν
524 2890 637 2946 lca
665 2887 1004 2960 δυνηθῶμεν,
1028 2887 1151 2942 οὐδὲ
1172 2887 1345 2952 οὕτως
1366 2887 1767 2960 ἀπηλλάγμεθα

123 2980 195 3049 τῆς
220 2981 500 3042 κολάσεως.
538 2974 700 3039 Τοὺς
729 2975 838 3046 γὰρ
864 2973 1083 3045 βαθείας
1133 2973 1505 3038 ἀπολαύοντας
1541 2975 1766 3046 εἰρήνης

124 3066 203 3120 τῶν
222 3068 408 3140 σφόδρα
452 3062 856 3139 βαρυνομένων
885 3061 1105 3131 πολέμῳ
1126 3061 1156 3102 ι)
1188 3060 1368 3133 πολλῷ
1416 3059 1639 3133 μείζονα
1690 3061 1774 3115 δεῖ

127 3157 195 3207 καὶ
209 3155 551 3228 λαμπρότερα
578 3151 746 3222 ἱστᾷν
767 3148 839 3205 τὰ
860 3149 1118 3221 τρόπαια.
1140 3149 1204 3205 El
1231 3148 1289 3203 δὲ
1325 3147 1613 3220 μέλλοιμεν
1643 3149 1772 3220 περὶ

128 3246 337 3315 χρήματα
363 3242 457 3299 καὶ
479 3237 715 3314 τρυφὴν
742 3236 840 3291 καὶ
862 3238 1126 3306 γυναῖκας
1153 3236 1250 3291 καὶ
1274 3236 1618 3308 πραγμάτων
1648 3236 1770 3289 ἐπι.

176 3364 198 3393 ι
215 3384 235 3407 ιι
256 3342 386 3415 οὕτω
402 3365 488 3414 καὶ
506 3363 606 3422 τήν
634 3358 951 3423 ἀνθρωπίνην.
976 3378 1004 3406 ν
1023 3358 1082 3409 In
1104 3360 1212 3410 haec
1246 3358 1398 3411 verba
1419 3359 1605 3410 desinit
1639 3358 1766 3422 Reg.

134 3423 194 3472 ubi
210 3426 373 3477 reliqua
396 3426 783 3477 desiderantur.

175 3482 196 3525 δ
216 3481 344 3540 επίὶ
364 3487 413 3541 in
434 3499 602 3551 marg.
635 3485 739 3534 τῶν
770 3482 992 3549 σφοδροῖς
1022 3483 1349 3550 βαρυνομένων
1368 3481 1611 3546 πολέμοις.

463 5963 741 6024 Ριτιιοι.
778 5954 902 6019 Gn.
937 5949 1220 6018 XLVIII.

1502 407 1593 463 DE
1632 406 2102 465 VIRGINITATE.

1849 523 2068 594 μέλειαν
2110 522 2458 595 στρέφεσθαι.
2506 523 2637 577 πότε
2672 515 2884 596 άνδρες²
2910 522 3168 595 ἐσόμεθα,
3198 523 3325 576 πότε
3355 524 3519 581 πνεύο

1848 627 1981 680 ματι
1996 609 2255 682 ζήσομεν,
2285 611 2417 665 πότε
2440 609 2509 663 τὰ
2536 610 2630 664 τοῦ
2645 610 2852 682 Κυρίου
2881 611 3292 682 μεριμνήσομεν
3313 628 3328 676 ;
3349 610 3518 668 Ὅταν

1844 698 2289 770 ἀποδημήσωμεν
2317 697 2596 762 ἐντεῦθεν;
2639 698 2775 753 Ἀλλ’
2803 698 2988 751 οὐκέτι
3018 698 3196 752 πόνων
3211 699 3331 753 οὐδὲ
3367 700 3519 770 ἀγώ-

1844 802 1952 841 νων
1994 787 2024 840 ό
2053 786 2266 863 καιρὸς,
2301 785 2436 839 ἀλλὰ
2461 786 2739 856 στεφάνων
2770 786 2865 840 καὶ⁵
2897 785 3188 840 κολάσεων.
3225 787 3382 848 Τότε,
3416 788 3521 845 κᾶν

1846 876 2114 949 παρθένος
2194 894 2279 940 τις
2306 877 2409 930 οὐκ
2427 875 2625 947 ἔχουσα
2651 874 2829 929 ἔλαιον
2878 876 2937 929 ἐν
2963 878 3085 939 ταῖς
3111 875 3414 947 λαμπάσιν,
3456 879 3520 933 ού

1846 964 2134 1034 δυνήσεται
2167 964 2297 1034 παρ’
2331 964 2533 1034 ἐτέρων
2570 962 2777 1028 λαϐεῖν,
2816 962 2933 1017 ἀλλ’
2965 962 3070 1028 ἐξω
3094 966 3263 1034 μενεῦ
3293 964 3399 1018 κᾶν
3430 966 3523 1036 ῥυ-

1847 1052 1999 1123 παρά
2020 1068 2105 1114 τις
2124 1050 2312 1122 ἱμάτια
2332 1050 2677 1121 ἐνδεδυμένος
2705 1049 3104 1122 παραγένηται,
3134 1051 3195 1103 ού
3234 1050 3524 1122 δυνήσεται

1848 1137 2082 1206 ἐξελθὼν
2136 1138 2366 1208 ἀμεῖψαι
2394 1139 2495 1210 τὴν
2533 1139 2746 1208 στολὴν,
2793 1137 2908 1192 ἀλλ’
2946 1140 3027 1203 είς
3077 1138 3139 1191 τὸ
3171 1138 3272 1208 τῆς
3296 1138 3526 1209 γεέννης

1849 1226 2228 1298 ἀπαχθήσεται
2261 1226 2392 1298 πῦρο
2426 1226 2531 1280 κᾶν
2569 1226 2732 1279 αὑτὸν
2764 1226 3055 1297 παρακαλῇ
3109 1226 3202 1280 τὸν
3248 1225 3523 1299 Ἀϐραὰμ,

1847 1315 1999 1370 οὐδὲν
2024 1313 2174 1385 αὑτῷ
2207 1314 2369 1368 πλέον
2397 1312 2550 1367 ἐσται
2579 1313 2782 1367 λοιπόν.
2823 1315 2935 1384 Τῆς
2963 1315 3072 1386 γὰρ
3098 1314 3295 1386 κυρίας
3346 1331 3529 1386 παρα-

1848 1401 2173 1472 γενομένης,
2213 1401 2309 1455 καὶ
2361 1399 2459 1453 τοῦ
2484 1400 2727 1471 βήματος
2746 1400 3011 1465 τεθέντος,
3043 1401 3136 1454 καὶ
3161 1399 3254 1453 τοῦ
3271 1400 3527 1454 δικαστοῦ

1851 1488 2199 1553 καθίσαντος,
2230 1487 2440 1542 καὶτοῦ
2478 1487 2726 1558 ποταμοῦ
2751 1487 3049 1558 συρομένου
3072 1488 3172 1558 τῆς
3198 1488 3414 1557 φλογὸς,
3433 1488 3530 1540 καὶ⁵

1849 1576 1950 1646 τῆς
1984 1573 2281 1641 ἐξετάσεως
2315 1574 2610 1646 γινομένης
2628 1574 2739 1628 τῶν
2772 1576 3178 1647 πεπραγμένων
3216 1577 3367 1647 ἡμῖν,
3398 1576 3532 1629 οὐκ·-

1852 1664 1934 1718 ἐτι
1964 1664 2150 1718 λοιπὸν
2195 1662 2608 1718 ἀπεκλύσασθαι
2657 1673 2680 1702 ο
2726 1662 2795 1716 τά
2828 1664 3279 1734 πλημμελήματα
3317 1679 3534 1733 συγχω-

1857 1750 2117 1824 ρούμεθα,
2145 1749 2257 1804 ἀλλ’
2281 1751 2373 1803 ἐπὶ¹
2391 1749 2489 1821 τὴν
2521 1748 2878 1820 ὀφειλομένην
2906 1750 3014 1802 άπὸ
3034 1748 3241 1803 τούτων
3266 1749 3421 1818 δίκην
3438 1749 3533 1805 καὶ

1856 1838 2071 1901 ἑκόντες
2088 1836 2183 1889 καὶ
2214 1836 2440 1899 ἄκοντες
2466 1834 2735 1905 ἑλκόμεθα
2759 1828 2938 1903 μόνον,
2971 1834 3183 1897 οὐδενὸς
3210 1836 3359 1905 ἡμᾶς
3385 1834 3535 1900 ἐξαιο

1854 1921 2122 1993 τήσασθαι
2143 1922 2265 1974 τότε
2296 1919 2616 1991 δυναμένου,
2651 1918 2785 1972 ἀλλὰ
2806 1919 2911 1973 κᾶν
2937 1919 3074 1990 τύχῃ
3102 1919 3200 1990 τὴν
3230 1920 3397 1990 αὐτὴν
3419 1922 3534 1985 τοῖς

1861 2009 2117 2082 μεγάλοις
2157 2009 2251 2061 καὶ
2285 2008 2620 2078 θαυμαστοῖς
2653 2006 2877 2077 ἀνδράσι
2907 2007 3221 2079 παρρησίαν
3252 2007 3391 2079 έχων
3422 2025 3530 2071 τις,

1858 2096 1961 2151 κᾶν
1984 2096 2130 2156 Νῶε,
2158 2094 2260 2149 κᾶν
2281 2094 2424 2160 Ἰὼϐ,
2444 2093 2548 2148 κᾶν
2574 2094 2791 2165 Δανιὴλ,
2816 2092 2923 2148 κᾶν
2947 2094 3089 2165 ὑπὲρ
3120 2094 3325 2149 παίδων
3346 2094 3533 2164 δέηται

1859 2184 1954 2239 καὶ⁵
1982 2182 2316 2254 θυγατέρων,
2351 2181 2504 2235 οὐδὲν
2529 2180 2683 2234 ἔσται
2715 2179 2903 2243 πλέον,
2957 2180 3073 2233 ἀλλ’
3106 2180 3319 2251 ἀνάγκη
3348 2180 3536 2236 λοιπὸν

1860 2270 2103 2326 ἀθάνατα
2121 2268 2443 2333 κολάζεσθαι
2476 2267 2604 2332 τοὺς
2631 2267 3042 2338 ἡμαρτηκότας,
3095 2266 3284 2339 ῶσπερ
3314 2264 3408 2322 οὖν
3441 2268 3539 2321 καὶ

1858 2358 2121 2430 τιμᾶσθαι
2150 2359 2277 2420 τοὺς
2297 2354 2745 2428 κατωρθωκότας.
2763 2355 2887 2409 ’Ότι
2913 2352 3022 2424 γὰρ
3042 2352 3164 2407 οὔτε
3191 2354 3396 2408 τούτων
3412 2353 3539 2408 οὔτε

1861 2447 2085 2501 ἐκείνων
2115 2445 2268 2508 τέλος
2298 2443 2470 2507 ἔσται,
2504 2445 2534 2497 ό
2564 2442 2800 2514 Χριστὸς
2826 2442 3162 2511 ἀπεφήνατο,
3203 2442 3391 2513 ῶσπερ
3437 2442 3541 2512 τὴν

1863 2535 2010 2605 ζωὴν
2046 2531 2283 2594 αίὼνιον,
2318 2530 2462 2585 οῦτω
2490 2529 2585 2585 καὶ
2614 2529 2713 2600 τὴν
2745 2528 2968 2581 κόλασιν
2999 2527 3214 2580 αἰώνιον
3258 2523 3397 2581 εἶναι
3450 2528 3543 2581 λέ-

1862 2637 1997 2689 γων.
2029 2619 2161 2674 Ὅτε
2197 2617 2307 2690 γὰρ
2329 2618 2456 2681 τοὺς
2491 2616 2591 2687 μὲν
2623 2617 2688 2669 ἐκ
2710 2615 2899 2682 δεξιῶν
2918 2612 3235 2680 ἀπεδέξατο,
3248 2614 3376 2676 τοὺς
3410 2614 3467 2667 δὲ
3483 2615 3544 2681 ἐξ

1864 2707 2161 2778 εὐωνύμων
2190 2704 2567 2768 κατεδίκασεν,
2613 2705 2862 2774 ἐπήγαγε
2895 2702 3093 2770 λέγων·
3135 2702 3545 2756 Ἀπελεύσονα

1863 2814 1959 2852 ται
1988 2792 2155 2853 οὗτοι
2186 2796 2276 2861 είς
2296 2794 2553 2848 κόλασιν
2570 2790 2828 2849 αἰώνιον.
2856 2793 2911 2845 οἱ
2940 2788 3005 2843 δὲ
3038 2788 3256 2843 δίκαιοι
3283 2789 3372 2852 εἰς
3393 2785 3545 2851 ζωὴν

1866 2881 2129 2939 αίώνιον.
2160 2879 2253 2935 Διὸ
2278 2879 2387 2951 χρὴ
2410 2880 2591 2934 πάντα
2618 2876 2853 2932 ἐνταῦθα
2903 2870 3412 2946 πραγματεύεσθαι,
3447 2871 3544 2923 καὶ

1865 2970 1957 3026 τδν
1977 2970 2167 3041 ἔχοντα
2195 2970 2428 3037 γυναῖκα
2448 2966 2524 3029 ὡς
2554 2966 2630 3037 μὴ
2653 2964 2843 3036 ἔχοντα
2862 2958 3018 3027 εἶναι,
3039 2959 3238 3015 καὶτὸν
3261 2959 3429 3023 ὅντως
3444 2957 3547 3011 οὐκ

1871 3057 2065 3129 ἔχοντα
2084 3054 2223 3127 μετὰ
2245 3053 2348 3124 τῆς
2368 3052 2666 3124 παρθενίας
2688 3052 2781 3107 καί
2810 3049 2906 3120 τὴν
2921 3048 3086 3120 ἄλλην
3111 3045 3327 3102 ἃπασαν
3356 3044 3547 3099 ἀσκεῖν

1874 3143 2097 3216 ἀρετὴν,
2157 3142 2246 3197 ἵνα
2300 3140 2377 3213 μὴ
2410 3139 2548 3211 μετά
2579 3138 2677 3210 τὴν
2712 3136 2924 3190 ἐνθένδε
2971 3134 3281 3208 ἀποδημίαν
3311 3131 3549 3202 ἀνόνητα

1872 3229 2293 3304 ἀποδυρώμεθα.

1941 3421 1964 3449 ο
1992 3415 2144 3467 Savil.
2166 3416 2218 3465 in
2244 3425 2400 3474 marg.
2426 3409 2792 3474 famam“
2814 3406 2943 3474 Infra
2972 3404 3124 3457 Savil.
3157 3405 3210 3454 in
3232 3414 3389 3467 marg.
3408 3400 3550 3453 ἑλκό-

1878 3482 2015 3544 μεθα,
2034 3478 2090 3529 οὗ
2118 3476 2259 3542 μόνον
2282 3472 2471 3530 οὐδενὸς
2489 3475 2617 3535 ἡμᾶς
2635 3472 2962 3528 ἐξελάσασθαι.
