4020 6452
596 663 633 672 δ.
684 664 695 671 .
840 667 865 671 __
886 666 981 671 θ-..-
1004 665 1135 672 -..._-

1286 432 1343 490 S.
1385 435 1667 490 JOANNIS
1697 432 2183 490 CHRYSOSTOMI
2223 430 2542 487 ARCIIIEP.
2582 431 3131 490 CONSTAN’TINOP.

3734 436 3825 492 598

1040 877 1119 936 IN
1156 874 1363 937 DUOS
1407 858 1867 951 SEQUENTES
1906 877 2013 937 AD
2063 877 2375 939 VIDUAM
2423 875 2830 938 JUNIOREM
2878 874 3349 937 TRACTATUS

976 1200 1001 1239 κ
1848 1153 2566 1268 MONITUM.

1894 1420 2517 1450 ---—-—-m—-———-

638 1604 787 1680 [556]
839 1606 984 1660 Inter
1026 1603 1474 1675 praestantissima
1529 1600 1584 1656 S.
1660 1600 1902 1655 doctoris
1961 1599 2142 1654 nostri

570 1699 833 1769 opuscula
862 1695 1280 1753 commemorari
1316 1695 1514 1749 debent
1548 1694 1602 1747 hi
1630 1695 1740 1748 duo
1770 1708 1861 1749 seu
1888 1691 2008 1746 libri
2046 1706 2142 1745 seu

476 1796 481 1801 '
568 1798 1102 1858 tractatus,qnorum
1129 1786 1279 1855 prior
1302 1795 1494 1857 printer
1518 1786 1887 1855 pulcherrima
1915 1784 2141 1849 monita,

567 1882 971 1952 lectissimaque
1001 1881 1395 1937 consolationis
1422 1882 1607 1942 verba,
1650 1895 1757 1933 non
1788 1894 1962 1949 pauca
2017 1894 2169 1963 car-V

562 1975 696 2044 ptim
731 1973 915 2041 refert,
979 1981 1092 2027 tum
1150 1973 1217 2027 ad
1275 1970 1650 2043 Chrysostomi
1680 1972 1868 2035 vitam,
1919 1980 2033 2025 tum
2071 1971 2139 2025 ad

565 2063 849 2119 historiam
881 2063 1025 2118 illius
1065 2062 1324 2132 temporis
1373 2073 1701 2131 opportuna.
1763 2060 1838 2114 De
1898 2061 2140 2116 secundo

563 2165 743 2209 autem
774 2155 912 2209 libro
949 2155 1091 2209 infra
1125 2154 1463 2209 tractabitur.
1499 2151 1619 2219 Quo
1654 2163 1898 2222 tempore
1932 2153 2141 2222 primus

564 2228 805 2315 scriptus
839 2244 1026 2309 fuerit,
1056 2261 1121 2299 ex
1151 2246 1268 2315 ipsa
1304 2244 1544 2300 auctoris
1572 2243 1885 2298 narratione
1908 2242 2139 2312 diligen-

565 2348 646 2389 ter
680 2338 960 2407 explorata
1026 2338 1297 2411 expiscari
1322 2349 1408 2394 sat
1458 2336 1745 2394 commode
1799 2353 2136 2408 possumus;

565 2431 658 2485 sed
686 2439 978 2501 antequam
1006 2431 1129 2502 ejus
1163 2432 1326 2487 verba
1382 2433 1722 2487 adducamus
1779 2430 1833 2485 in
1872 2431 2136 2495 medium,

565 2523 812 2591 quaedam
844 2521 911 2578 de
938 2532 1262 2594 argumento
1292 2523 1543 2592 opusculi
1574 2522 1904 2592 praelibanda
1933 2531 2081 2577 sunt.

633 2613 953 2678 Therasius,
980 2617 1063 2671 vir
1086 2615 1228 2671 inter
1271 2617 1563 2686 primarius
1595 2617 1681 2671 sui
1713 2615 1975 2685 temporis
2005 2630 2139 2671 con-

560 2708 800 2774 spicuus,
834 2722 1031 2778 genere
1057 2706 1522 2779 facultatibusque
1545 2709 1794 2780 insignis,
1822 2724 1985 2779 quem
2010 2725 2135 2779 spes

557 2807 679 2852 erat
705 2799 771 2853 ad
803 2796 1159 2869 praefecturas
1190 2809 1579 2870 perventurum
1604 2816 1745 2863 esse,
1780 2801 1846 2855 ad
1878 2802 1994 2856 hanc
2016 2816 2137 2870 pro-

559 2890 748 2955 bitate,
792 2891 1078 2957 modestia,
1115 2893 1315 2962 pietate
1378 2902 1629 2960 ornatus,
1683 2894 1736 2947 in
1776 2894 1952 2949 anatis
2002 2894 2135 2948 ﬂore

560 2981 703 3037 diem
759 2983 895 3038 obiit
963 2994 1291 3052 extremum,
1346 2995 1632 3055 postquam
1684 3001 1859 3041 annos
1919 2995 2132 3040 tantum

558 3076 800 3147 quinque
824 3091 951 3131 cum
983 3093 1157 3132 uxore
1179 3088 1382 3148 egerat.
1416 3078 1589 3145 Quam
1635 3088 1693 3133 ut
1730 3078 2130 3143 consolaretur,

555 3167 703 3222 hunc
737 3168 937 3223 librum
979 3168 1150 3225 edidit
1179 3169 1652 3241 Chrysostomus:
1710 3179 1765 3226 et
1802 3170 1981 3240 primo
2034 3168 2131 3224 Dei

550 3259 881 3330 singularem
905 3260 1086 3316 viduis
1113 3261 1411 3317 exhibitam
1451 3278 1640 3319 curam
1674 3264 1744 3317 ob
1773 3266 1964 3318 ocu‘os
2022 3277 2125 3331 po-

549 3349 651 3413 nit,
678 3352 878 3420 quibus
905 3354 1069 3407 etiam
1094 3353 1198 3408 viri
1241 3354 1361 3409 loco
1387 3370 1508 3409 esse
1536 3354 1732 3423 probat
1758 3373 1770 3408 :
1801 3354 1930 3409 hinc
1963 3354 2130 3409 hone-

551 3450 649 3497 sta:
679 3442 960 3499 viduitatis
982 3445 1303 3516 dignitatem
1341 3462 1406 3501 ex
1439 3445 1590 3501 Pauli
1643 3448 1824 3502 verbis
1858 3447 2126 3517 ἀέρι-ιεάί-

551 3543 661 3594 cat,
688 3534 864 3605 deque
889 3536 1185 3605 proborum
1241 3539 1393 3593 obitu
1459 3540 1802 3609 gaudendum
1870 3554 1991 3594 esse
2043 3539 2131 3593 de-

552 3636 859 3683 monstrat:
893 3640 1082 3699 postea
1131 3630 1387 3685 humana:
1433 3631 1560 3685 vita:
1611 3631 2008 3685 volubilitatem
2072 3640 2130 3686 ut

553 3718 827 3787 ostendat,
862 3721 1173 3790 exemplum
1211 3720 1365 3776 affert
1413 3720 1779 3792 quorumdam
1832 3721 2127 3791 insignium

549 3809 817 3875 virorum,
850 3811 943 3880 qui
980 3811 1047 3865 ad
1090 3812 1354 3881 majorem
1405 3813 1574 3867 evecti
1611 3812 1953 3880 dignitatem,
1989 3827 2128 3882 pra:-

552 3901 704 3971 cipiti
765 3902 1122 3973 violentaque
1171 3912 1347 3958 morte
1410 3903 1610 3960 sublati
1686 3912 1833 3959 sunt.
1898 3902 2004 3958 Nec
2062 3903 2129 3958 iis

548 3990 822 4048 beatiores
868 4006 992 4047 esse
1025 3992 1101 4046 ait
1158 3994 1543 4063 imperatores,
1601 3992 1694 4047 sed
1752 4007 1863 4062 quo
1918 3992 2128 4062 majore

548 4082 770 4140 fortuna
825 4086 1155 4149 evehuntur,
1212 4102 1278 4141 eo
1341 4085 1683 4157 gravioribus
1725 4085 2126 4141 calamitatibus

546 4178 761 4248 impeti.
799 4179 971 4250 Atque
1000 4187 1057 4233 ut
1084 4187 1258 4234 cetera
1305 4180 1637 4246 omittamus,
1688 4178 1888 4248 inquit,
1945 4194 2011 4232 ea:
2057 4178 2124 4232 iis

547 4269 792 4324 omnibus
820 4270 911 4340 qui
938 4287 1045 4326 aevo
1075 4282 1256 4327 nostro
1285 4274 1634 4342 imperarunt,
1683 4274 2126 4344 fuerunt-autem

547 4376 753 4427 novem,
785 4360 891 4414 duo
918 4361 1090 4415 solum
1120 4365 1386 4417 communi
1417 4377 1585 4419 morte
1610 4367 1770 4418 vitam
1803 4365 2125 4421 clauserunt.

553 4449 894 4520 Reliquorum
928 4463 1107 4505 autem
1132 4453 1219 4506 hic
1249 4454 1459 4523 quidem
1493 4471 1525 4508 a
1562 4465 1811 4525 tyranno,
1864 4454 1955 4510 ille
2006 4472 2126 4511 vero

552 4542 605 4595 in
635 4540 791 4607 bello,
825 4541 966 4595 alius
995 4543 1402 4597 domesticorum
1431 4547 1710 4600 custodum
1734 4547 2123 4614 insidiis,alius

555 4642 734 4686 autem
766 4633 830 4686 ab
861 4632 954 4687 illo
982 4634 1116 4703 ipso,
1149 4636 1238 4705 qui
1264 4652 1515 4691 coronant
1544 4654 1606 4690 ac
1634 4653 1926 4708 purpuram
1953 4640 2125 4710 impo-

548 4733 753 4789 suerat,
807 4725 1122 4795 interfectus
1154 4727 1417 4781 occubuit.
1481 4726 1680 4784 Uxores
1728 4746 1887 4799 porro
1943 4748 2126 4785 eorum

545 4818 767 4888 partim,
800 4826 859 4870 ut
893 4829 1139 4884 narrant,
1182 4835 1373 4872 veneno
1396 4820 1735 4886 interierunt,
1765 4822 1963 4891 partim
1997 4839 2127 4877 mae-

551 4926 688 4964 rore.
716 4909 920 4965 Earum
949 4927 1233 4982 vero,.qua’
1255 4913 1428 4966 adhuc
1452 4915 1756 4983 superstites
1785 4925 1929 4981 sunt,
1955 4918 2127 4968 altera

520 5000 755 5071 quidem
781 5000 955 5070 ﬁlium
993 5000 1188 5055 habens
1218 5002 1482 5071 pupillum
1518 5005 1688 5058 tremit
1719 5020 1784 5058 ac
1821 5006 2004 5058 metuit
2061 5021 2124 5060 ne

545 5092 663 5159 quis
689 5108 893 5154 eorum,
931 5095 1021 5162 qui
1050 5094 1334 5163 imperant,
1380 5105 1521 5148 metu
1569 5095 2010 5163 futurorumeum
2061 5097 2124 5150 de

547 5184 724 5238 medio
751 5185 947 5251 tollat;
972 5186 1142 5240 altera
1174 5202 1292 5241 vero
1323 5188 1411 5241 ria:
1439 5187 1727 5241 multorum
1781 5189 2020 5253 precibus
2053 5192 2118 5242 ab

547 5275 736 5330 exsilio
765 5278 948 5339 rediit,
974 5295 1076 5346 quo
1102 5288 1259 5332 antea
1286 5278 1350 5333 ab
1380 5295 1460 5345 eo,
1480 5280 1569 5350 qui
1597 5296 1769 5333 rerum
1800 5279 2119 5349 potiebatur,

547 5369 711 5422 missa
736 5378 868 5423 erat.
903 5368 1059 5434 Quod
1090 5371 1158 5423 ad
1190 5386 1370 5424 eorum
1422 5382 1619 5433 autem,
1654 5372 1744 5441 qui
1785 5387 1923 5424 nunc
1957 5373 2124 5440 impe-

548 5469 689 5523 rant,
729 5476 942 5525 uxores,
973 5462 1143 5516 altera
1170 5479 1236 5517 ex
1263 5465 1503 5532 pristinis
1533 5463 1929 5517 calamitatibus
1960 5465 2124 5531 respi-

548 5566 696 5617 rans,
729 5552 986 5623 voluptati
1010 5570 1257 5623 magnum
1289 5553 1439 5608 habet
1490 5555 1723 5610 dolorem
1780 5556 2071 5609 admistum
2102 5592 2119 5618 ,

548 5657 609 5694 eo
638 5642 780 5712 quod
815 5645 905 5713 qui
938 5661 1113 5698 rerum
1146 5646 1350 5714 potitur
1383 5649 1541 5699 nimis
1558 5646 1771 5714 juvenis
1805 5662 1866 5711 ac
1887 5647 2121 5714 inexper-

552 5741 634 5787 tus
665 5734 756 5796 sit,
787 5734 1080 5804 multosque
1101 5736 1290 5790 habeat
1321 5739 1551 5808 undique
1570 5738 1917 5791 insidiantes:
1951 5738 2123 5789 altera

550 5839 670 5879 vero
705 5825 893 5878 timore
921 5828 1231 5880 exanimata
1260 5829 1350 5893 iis,
1382 5829 1474 5899 qui
1494 5829 1685 5897 capite
1707 5829 1946 5881 damnati
1975 5838 2119 5893 simt,

554 5915 884 5973 miseriorem
914 5915 1075 5971 vitam
1120 5915 1283 5986 ducit,
1313 5935 1371 5973 eo
1421 5918 1560 5987 quod
1610 5920 1691 5975 vir
1742 5919 1906 5985 ipsius
1958 5920 2021 5972 ab
2061 5936 2121 5974 eo

2252 1612 2502 1670 tempore,
2530 1617 2632 1672 quo
2665 1601 2915 1657 diadema
2941 1604 3190 1673 suscepit,
3217 1620 3376 1676 usque
3406 1606 3475 1659 ad
3520 1607 3829 1663 hodiernum
3894 1628 3902 1637 η

2248 1694 2389 1746 diem
2426 1694 2481 1747 in
2503 1694 2636 1747 bello
2669 1705 2716 1748 et
2758 1695 2957 1764 prwliis
3011 1706 3267 1762 versetur,
3315 1702 3737 1770 verecundiaque
3778 1711 3826 1754 et

2247 1783 2478 1851 probris,
2522 1785 2709 1850 quibus
2758 1786 2988 1856 undique
3048 1789 3299 1857 afficitur,
3334 1791 3504 1859 magis
3545 1807 3707 1861 quam
3769 1809 3833 1845 ex

2252 1874 2678 1942 calamitatibus,
2739 1879 2998 1932 tabescat.
3062 1879 3265 1932 Deinde
3318 1891 3607 1950 postquam
3658 1884 3832 1937 multa

2248 1966 2579 2037 interposuit
2608 1968 2675 2022 de
2728 1969 2980 2025 barbaris
3010 1985 3105 2024 seu
3139 1970 3356 2035 Gothis,
3405 1972 3696 2042 imperium
3732 1974 3834 2027 Ιὶυ-

2247 2075 2469 2114 manum
2512 2060 2896 2115 invadentibus
2925 2062 3443 2133 insultantibusque,
3471 2066 3643 2119 multa
3681 2083 3827 2136 quo-

2245 2168 2349 2222 que
2379 2161 2561 2221 strage
2615 2163 2810 2209 cuncta
2869 2155 3228 2225 replentibus,
3296 2158 3377 2211 sic
3428 2159 3828 2227 prosequitur:

2245 2243 2449 2314 Ecquid
2481 2262 2599 2299 vero
2626 2247 2841 2312 mirum,
2882 2248 2930 2300 si
2961 2248 3115 2301 multi
3142 2265 3206 2303 ea:
3260 2249 3480 2303 ducibus
3513 2249 3609 2303 hoc
3670 2253 3833 2304 modo

2241 2335 2580 2402 interiefunt,
2633 2338 2845 2408 quando
2878 2348 2927 2391 et
2986 2339 3274 2409 imperator
3306 2341 3416 2411 ipse
3444 2342 3498 2394 in
3548 2343 3664 2396 vico
3698 2360 3833 2412 quo-

2242 2426 2365 2479 dam
2389 2444 2507 2480 cum
2533 2429 2717 2496 paucis
2744 2427 3002 2482 militibus
3030 2430 3330 2497 conclusus,
3361 2432 3504 2485 exire
3533 2432 3753 2502 quidem
3784 2442 3836 2486 et

2241 2536 2350 2573 sese
2380 2520 2747 2574 incedentibus
2780 2537 3035 2590 apponere
3093 2522 3308 2576 minime
3363 2540 3524 2577 ausus
3571 2533 3675 2589 est,
3738 2525 3835 2578 scd

2246 2612 2392 2667 intus
2452 2629 2666 2667 manens
2727 2629 2946 2667 accenso
2999 2614 3064 2668 ab
3121 2616 3233 2671 illis
3274 2618 3393 2688 igne
3420 2632 3527 2670 una
3564 2634 3689 2671 cum
3765 2618 3839 2672 iis

2239 2704 2500 2768 omnibus,
2535 2721 2665 2774 quos
2700 2721 2873 2758 secum
2922 2705 3168 2771 habebat,
3225 2706 3525 2760 combustus
3557 2718 3678 2773 est;
3737 2724 3835 2762 nec

2238 2796 2368 2847 uiris
2395 2795 2590 2860 solum,
2623 2796 2713 2850 sed
2743 2798 2904 2850 etiam
2932 2800 3077 2867 equis
3121 2807 3172 2851 et
3209 2797 3448 2852 trabibus
3487 2808 3537 2852 et
3575 2801 3757 2852 muris
3786 2810 3840 2853 et

2240 2887 2481 2941 omnibus
2534 2889 2589 2942 in
2650 2905 2814 2943 unum
2863 2899 3023 2960 atque
3050 2891 3294 2945 eumdem
3354 2892 3581 2946 cinerem
3612 2891 3837 2947 abeun-

2239 2988 2378 3037 tibus
2404 2982 2428 3035 2'
3068 2964 3075 2971 ’

2306 3075 2363 3126 In
2402 3072 2552 3127 hisce
2591 3073 2882 3142 postremis
2908 3072 3290 3145 Chrysostomi
3333 3076 3494 3133 dictis
3545 3079 3839 3136 miseran-

2233 3165 2363 3221 dam
2403 3164 2648 3220 Valentis
2679 3166 3025 3235 imperatoris
3062 3182 3247 3222 necem
3282 3169 3513 3225 describi
3545 3171 3842 3243 liquidum

2213 3264 2338 3313 ‘est.
2370 3256 2581 3311 Accidit
2613 3258 2705 3311 illa
2744 3272 2889 3313 anno
2943 3258 3069 3324 578,
3118 3274 3152 3312 v
3210 3258 3335 3315 Idus
3367 3262 3618 3332 Augusti,
3656 3275 3846 3335 atque

2235 3350 2373 3406 adeo
2410 3360 2533 3421 post
2560 3352 2664 3407 hoc
2708 3362 2923 3422 tempus
2976 3354 3180 3409 emissa
3207 3354 3307 3408 fuit
3336 3355 3453 3409 haec
3489 3358 3559 3410 ad
3595 3359 3843 3412 viduam

2226 3443 2497 3512 juniorem
2536 3445 2853 3513 paraenesis.
2894 3442 2964 3499 Ut
2992 3460 3156 3514 porro
3201 3461 3265 3501 ex
3294 3446 3419 3502 aliis
3461 3447 3583 3517 ejus
3632 3451 3846 3506 verbis

2234 3536 2364 3590 editi
2396 3536 2644 3604 opusculi
2668 3552 2873 3591 annum
2906 3537 3165 3594 subtilius
3192 3539 3563 3609 exploremus,
3594 3543 3848 3615 singula

2236 3628 2429 3684 ordine
2460 3643 2857 3698 persequamur
2890 3639 3123 3698 oportet.
3152 3629 3239 3684 Ea:
3265 3648 3470 3700 novem,
3496 3634 3715 3704 inquit,
3745 3642 3851 3710 qui

2232 3726 2414 3771 nostro
2440 3733 2547 3772 wvo
2575 3718 2925 3787 imperarunt,
2952 3718 3045 3771 ἐπὶ
3085 3720 3188 3789 τῆς
3232 3725 3429 3790 γενεᾶς
3467 3725 3568 3795 τῆς
3614 3729 3851 3798 ἡμετέ-

2233 3827 2361 3880 ρας,
2389 3810 2494 3863 duo
2524 3809 2626 3863 soli
2661 3811 2928 3864 communi
2969 3823 3137 3866 morte
3171 3814 3332 3867 vitam
3378 3816 3731 3875 clauserunt.
3779 3822 3853 3876 lli

2230 3916 2424 3954 novem
2466 3900 2828 3969 imperatores
2851 3915 2974 3956 esse
3030 3901 3306 3968 videntur,
3342 3904 3751 3975 Constantius,
3793 3924 3855 3966 et

2227 3991 2324 4045 ﬁlii
2355 3989 2477 4061 ejus
2509 3989 2923 4056 Constantinus,
2977 3991 3335 4051 Constantius
3387 4005 3441 4052 et
3497 3999 3854 4059 Constans:

2228 4092 2527 4153 posteaque
2557 4082 2769 4148 Gallus,
2797 4085 2892 4152 qui
2955 4084 3086 4140 licet
3135 4086 3315 4141 Ctesar
3364 4096 3575 4144 tantum
3626 4095 3856 4161 fuerit,

2230 4175 2321 4230 hic
2355 4183 2536 4229 tamen
2587 4187 2927 4231 memoratur
2965 4176 3270 4235 trucidatus
3320 4179 3389 4235 ab
3437 4197 3528 4245 eo,
3571 4186 3687 4253 qui
3740 4190 3864 4256 ipsi

2228 4282 2521 4336 purpuram
2585 4267 2929 4335 imposuerat,
2959 4284 3156 4339 nempe
3196 4270 3557 4337 Constantio;
3624 4292 3861 4336 sextus

2226 4355 2790 4427 Jnlianus,scptimus
2839 4357 3128 4427 Jovianus,
3192 4373 3422 4419 octavus
3472 4363 3870 4427 Valentinia-

2228 4463 2333 4502 nus
2383 4448 2424 4505 Ι.
2478 4464 2659 4504 nonus
2714 4448 2936 4505 Valens.
2997 4450 3131 4507 Nam
3183 4455 3330 4523 quod
3380 4454 3862 4517 Constantinum

2226 4538 2373 4592 dicat
2404 4548 2679 4592 mortuum
2711 4539 2803 4591 ἐπὶ
2845 4540 2946 4610 τῆς
2986 4542 3179 4609 γενεᾶς
3223 4543 3321 4613 τῆς
3358 4544 3677 4617 ἡμετέρας,
3724 4571 3861 4608 amo

2228 4640 2428 4697 nostro,
2464 4630 2547 4684 vel
2573 4632 2640 4686 ad
2667 4632 2924 4696 litteram,
2960 4618 3293 4703 generatione
3338 4649 3545 4704 nostra,
3587 4644 3870 4701 etiamsi

2229 4722 2275 4777 is
2304 4733 2429 4777 ante
2454 4720 2831 4794 Cbrysostotni
2859 4734 3041 4779 ortum
3093 4725 3320 4792 obierit,
3379 4728 3518 4782 nihil
3579 4734 3870 4794 mirum.

2228 4813 2441 4869 Etenim
2477 4823 2837 4884 praeterquam
2865 4815 3012 4886 quod
3036 4816 3091 4871 in
3135 4831 3290 4871 more
3318 4827 3403 4873 est
3449 4834 3514 4874 ea
3546 4836 3691 4879 aevo
3757 4845 3879 4885 no.

2230 4917 2345 4962 stre
2371 4907 2551 4962 dicere
2592 4907 2757 4971 facta,
2788 4924 2911 4977 qua:
2947 4919 3164 4979 patrum
3207 4919 3526 4967 nostrorum
3559 4926 3882 4992 tempore

2228 4996 2593 5067 contigerunt,
2639 4997 2692 5052 id
2725 4996 2869 5068 apud
2938 4998 3118 5069 ipsum
3149 4998 3611 5072 Chrysostomum
3656 5014 3886 5071 usita-

2230 5098 2345 5143 tum
2399 5090 2723 5159 reperimus,
2776 5090 2870 5159 qui
2920 5091 3144 5145 homilia
3196 5109 3264 5147 xv
3297 5094 3366 5148 ad
3424 5095 3885 5170 Philippenscs

2227 5182 2359 5236 dicit
2395 5180 2612 5236 Faustae
2636 5183 2824 5237 uxoris
2846 5182 3192 5240 Constantini
3219 5201 3403 5241 necem
3430 5203 3531 5244 suo
3558 5197 3886 5267 tempore

2228 5274 2543 5343 contigisse,
2580 5274 2803 5327 ἐπὶτῶν
2823 5276 3028 5346 χρόνων
3052 5276 3160 5329 τῶν
3180 5279 3483 5351 ἡμετέρων.
3509 5279 3595 5335 Ex
3645 5286 3742 5345 iis
3766 5292 3895 5348 ita.

2227 5384 2335 5437 que
2365 5382 2557 5422 novem
2588 5368 3010 5437 imperatoribus
3043 5368 3195 5441 [357]
3221 5371 3329 5425 duo
3383 5373 3484 5427 soli
3515 5389 3893 5444 communi

2230 5468 2404 5512 morte
2434 5459 2602 5513 vitam
2636 5460 2976 5526 clauserunt,
3004 5461 3257 5516 videlicet
3300 5462 3758 5532 Constantinus
3828 5494 3904 5540 (ιι

2228 5550 2587 5606 Constantius
2632 5553 2753 5621 ejus
2786 5552 2949 5606 filius.
2991 5551 3072 5605 Ex
3122 5553 3346 5623 reliquis
3403 5570 3531 5609 vero
3587 5562 3792 5623 alius
3860 5591 3902 5629 a

2228 5653 2459 5714 tyranno
2487 5645 2703 5700 occisus
2732 5653 2833 5711 est,
2866 5659 3061 5714 nempe
3091 5643 3365 5702 Constans
3387 5663 3419 5701 a
3451 5646 3660 5716 Magm
3689 5663 3848 5719 ntio
3882 5686 3901 5733 ς

2216 5739 2369 5792 alius
2404 5740 2456 5792 in
2491 5738 2631 5793 bello
2661 5740 2842 5808 periit,
2876 5739 3136 5793 nimirum
3164 5739 3559 5795 Constantinus
3596 5746 3902 5826 junior;

2228 5829 2369 5882 alius
2401 5830 2824 5884 domesticorum
2870 5831 3161 5886 custodum
3197 5831 3455 5887 insidiis:
3504 5833 3552 5887 is
3622 5854 3747 5900 es;
3783 5846 3915 5905 λυ..

2226 5922 2440 5987 \‘ianus,
2472 5920 2587 5989 qui,
2617 5930 2673 5975 ut
2711 5920 2874 5977 refert
2933 5920 3167 5990 Suidas,
3200 5930 3471 5979 venenato
3522 5923 3692 5988 cibo
3781 5958 3912 5998 ex.
