4020 6408
249 429 326 487 597
1251 428 1340 482 AD
1382 427 1645 484 VlDUAM
1678 426 2052 483 JUNIOREM.
2080 455 2155 469 --
2185 426 2525 485 MONITUM.

259 552 473 606 sliuctus
499 556 610 613 est,
662 548 889 619 μῦκητα
930 546 1395 616 πεφαρμαγμένον
1440 544 1648 613 φαγών,
1691 544 1837 613 quod

263 647 359 715 ipse
384 641 828 713 Chrysosmmus
868 640 1155 693 Conﬁrmat
1199 640 1351 693 hom.
1412 654 1480 691 xv
1529 637 1593 691 ad
1629 636 1835 704 Philip-

263 750 461 806 peuses,
521 734 632 786 ὑπὸ
663 731 1006 805 δηλητηρίων
1031 729 1272 801 ἀνῄρητο
1302 730 1632 799 φαρμάκων.
1680 728 1837 782 Alius

264 831 324 883 ab
369 829 463 882 illo
491 843 638 897 ipso,
694 827 789 896 qui
856 822 1154 893 purpuram
1212 825 1570 892 impOsnerat,
1629 820 1838 875 scilicet

260 923 442 975 Gallus
472 922 658 973 (Ia-sar
706 935 736 972 a
794 915 1137 971 Constantio.
1190 913 1466 968 Hactenus
1509 912 1837 984 Chrysosto—

262 1027 401 1071 mus,
442 1010 536 1079 qui
577 1010 631 1062 in
670 1007 990 1061 recensione
1038 1006 1381 1076 reliquorum
1419 1005 1583 1058 trium
1634 1004 1837 1058 violen-

259 1113 366 1156 tam
397 1112 633 1157 mortem
670 1108 831 1163 tacet,
867 1097 1068 1154 Juliani
1100 1113 1317 1167 nempe,
1344 1097 1435 1167 qui
1475 1113 1599 1152 cum
1655 1096 1837 1151 Persis

256 1211 509 1269 pugnans
533 1195 757 1249 occisus
780 1201 863 1246 est
893 1209 909 1257 ;
941 1190 1306 1245 Valentiniani
1344 1190 1540 1260 primi,
1574 1190 1666 1259 qui
1708 1204 1833 1243 cum

253 1290 577 1357 Quadorum
648 1286 840 1355 legatis
896 1284 1256 1354 responderet
1312 1284 1506 1347 iratus,
1568 1281 1836 1351 proﬂuvio

250 1381 543 1451 sanguinis
571 1378 866 1435 sull‘ocatus
893 1377 1185 1445 derepente
1218 1376 1447 1439 interiit,
1484 1386 1538 1429 et
1573 1375 1834 1441 Valentis,

250 1492 416 1546 quem
450 1485 638 1544 postea
672 1481 858 1526 narrat
888 1486 916 1524 a
956 1469 1151 1524 Gothis
1181 1470 1548 1524 combustum.

319 1568 485 1635 Quod
532 1575 744 1637 spectat
781 1574 962 1619 autem
1019 1564 1084 1617 ad
1120 1563 1499 1617 defunctorum
1542 1562 1837 1631 imperato—

246 1679 377 1718 rum
403 1677 628 1726 uxores,
654 1675 794 1729 quas
832 1658 1032 1728 partim
1074 1672 1308 1721 veneno,
1345 1656 1543 1726 partim
1599 1669 1839 1710 mazrore

248 1755 560 1810 cxstinctas
585 1752 741 1812 dicit,
783 1751 984 1805 nullam
1026 1750 1129 1803 hac
1164 1749 1216 1802 in
1257 1764 1314 1803 re
1372 1747 1622 1803 historici
1678 1747 1838 1801 nobis

247 1847 441 1901 lucem
475 1843 810 1898 ministrant.
861 1840 940 1894 Ex
988 1832 1204 1894 duabus
1240 1850 1419 1894 autem
1458 1853 1581 1908 qum
1641 1852 1839 1907 super-

244 1942 415 1998 stites
440 1946 618 2003 erant,
653 1951 775 2006 qua:
808 1934 1013 2005 pupillo
1055 1934 1171 1987 ﬁlio
1198 1933 1428 1987 timebat
1452 1948 1520 1986 ne
1562 1931 1687 2001 quis
1736 1931 1840 1984 im-

244 2042 574 2105 peratorum
599 2045 723 2085 eum
757 2038 905 2084 metu
943 2026 1259 2082 futurorum
1295 2025 1364 2081 de
1396 2026 1577 2080 medio
1601 2024 1836 2089 tolleret,

244 2126 475 2181 videtur
506 2122 734 2176 omnino
762 2134 887 2175 esse
925 2134 1065 2173 uxor
1091 2117 1329 2179 Joviani,
1359 2115 1516 2186 cujus
1555 2115 1664 2170 [ilio
1706 2114 1841 2168 Var-

247 2217 497 2273 roniano
526 2214 641 2284 jam
679 2213 876 2266 oculus
901 2212 1037 2265 alter
1077 2208 1311 2264 effossus
1338 2207 1537 2270 fuerat,
1570 2222 1639 2260 ne
1688 2206 1842 2260 vide-

243 2311 385 2365 licet
443 2317 732 2379 paternum
796 2306 1088 2375 imperium
1154 2304 1471 2369 aﬂ‘ectarct,
1552 2311 1717 2373 atque
1777 2318 1842 2357 eo

245 2412 473 2475 spectat
501 2400 635 2456 illud
661 2399 812 2471 φόϐῳ
835 2399 944 2453 τῶν
973 2398 1297 2470 μελλόντων,
1328 2407 1468 2452 metu
1508 2397 1839 2466 futurorum,

244 2511 326 2553 ne
352 2494 568 2551 scilicet
597 2500 825 2563 paterno
845 2490 968 2560 jure
995 2490 1294 2561 imperator
1316 2489 1609 2545 acclatnari
1634 2499 1839 2558 posset.

248 2588 390 2644 Haec
419 2587 623 2658 quippe
646 2585 714 2641 ad
742 2583 1015 2639 Justinam
1050 2592 1104 2639 et
1130 2583 1304 2637 tilium
1343 2582 1466 2651 ejus
1507 2579 1846 2636 Valentinia-

248 2695 396 2735 num
424 2677 698 2749 quadrare
724 2691 836 2731 non
884 2683 1139 2746 possunt,
1186 2674 1389 2743 quippe
1420 2672 1539 2743 qui,
1596 2672 1726 2728 licet
1758 2681 1842 2727 te-

248 2772 465 2839 nellus,
515 2770 814 2840 imperator
873 2767 1207 2823 acclamatus
1249 2766 1365 2837 jam
1422 2765 1623 2831 fuerat,
1668 2774 1724 2821 et
1779 2782 1846 2820 ex

251 2866 472 2921 familia
528 2863 881 2934 imperatoria
935 2870 1065 2916 tunc
1116 2862 1421 2931 imperante
1459 2870 1595 2916 erat.
1656 2861 1843 2916 Altera

255 2976 399 3015 vero
451 2958 799 3030 imperatoris
846 2957 1131 3027 cujusdam
1188 2956 1434 3012 defuncti
1491 2971 1670 3023 uxor,
1721 2973 1844 3024 qua:

256 3055 355 3108 vix
384 3052 680 3107 multorum
708 3049 962 3120 precibus
984 3050 1052 3103 ab
1077 3047 1275 3104 exsilio
1298 3048 1555 3116 redierat,
1590 3065 1843 3120 quamam

259 3151 359 3213 sit,
387 3149 531 3203 haud
563 3148 636 3202 ita
677 3146 834 3201 facile
877 3146 1042 3201 statui
1078 3154 1276 3215 potest,
1318 3160 1388 3198 an
1413 3142 1660 3199 Valentis
1707 3158 1849 3198 uxor

259 3241 570 3306 Dominica,
605 3254 671 3294 an
723 3240 904 3309 potius
963 3241 1164 3294 Severa
1196 3238 1347 3309 prior
1406 3236 1783 3292 Valentiniani
1824 3232 1847 3287 Ι

260 3351 423 3400 uror,
470 3334 538 3386 ab
570 3332 664 3387 illo
696 3330 976 3402 repudiata
1004 3339 1059 3386 et
1092 3331 1145 3384 in
1183 3330 1437 3386 exsilium
1477 3330 1643 3386 missa
1669 3372 1684 3396 ,
1721 3345 1846 3401 qum

258 3424 524 3479 defuncto
567 3421 950 3478 Valentiniano
974 3422 1042 3476 ab
1074 3421 1269 3478 exsilio
1319 3421 1565 3477 redierit.
1596 3419 1737 3475 Hinc
1775 3421 1844 3476 ad

261 3532 468 3572 uxores
500 3526 629 3571 tunc
657 3514 1045 3613 imperantium
1074 3515 1444 3586 progreditur,
1475 3532 1710 3586 quarum
1736 3516 1843 3570 alia

261 3626 327 3663 ex
393 3608 639 3678 pristinis
714 3607 1121 3663 calamitatibus
1192 3607 1513 3677 respirans,
1576 3607 1845 3663 mmrendi

264 3715 491 3755 causam
527 3699 720 3755 habuit
760 3700 908 3771 quod
940 3701 1139 3771 conjux
1174 3700 1294 3771 ejus
1324 3701 1511 3771 junior
1545 3710 1711 3772 atque
1764 3702 1846 3757 in-

266 3800 525 3862 expertus
557 3802 702 3847 esset
730 3811 742 3846 :
781 3792 895 3847 haec
919 3790 1136 3847 videtur
1165 3809 1287 3849 esse
1326 3793 1645 3849 Constantia
1704 3793 1846 3848 Con-

267 3887 451 3941 stantii
496 3886 808 3956 ﬁlia,eujus
853 3887 1055 3957 conjux
1105 3885 1401 3942 Gratianus
1426 3886 1515 3940 vix
1577 3902 1847 3941 annorum

270 3979 455 4048 viginti
488 3989 617 4033 tunc
643 3987 798 4041 erat;
834 3979 1005 4033 altera
1034 3994 1187 4044 vero,
1218 3995 1340 4048 qua;
1366 3978 1587 4049 eonjugi
1636 3988 1847 4034 metue-

279 4073 397 4139 bat,
449 4071 695 4143 quotidie
750 4071 803 4125 in
855 4071 1013 4128 bellis
1060 4081 1225 4143 atque
1274 4071 1534 4142 periculis
1580 4074 1847 4139 versanti,

272 4162 490 4219 Flacilla
536 4164 683 4218 haud
730 4163 896 4219 dubie
956 4174 1094 4229 erat,
1147 4180 1287 4220 uxor
1333 4163 1627 4221 Theodosii
1676 4165 1849 4235 impe-

273 4258 489 4311 ratoris.

342 4350 463 4405 1am
500 4360 562 4405 ut
594 4349 873 4405 calculum
911 4364 1203 4419 ponamus,
1235 4365 1264 4404 a
1307 4364 1439 4405 nece
1473 4348 1717 4403 Valentis
1754 4363 1852 4402 ex-

266 4446 471 4499 ordium
502 4444 823 4499 ducendum
846 4452 963 4508 est;
991 4457 1055 4497 ea
1084 4440 1476 4512 contigitanno
1506 4440 1633 4504 578,
1662 4455 1854 4496 mense

267 4538 525 4609 Augusto.
570 4534 892 4604 Insequenti
935 4548 1082 4589 anno
1114 4533 1253 4599 379,
1300 4548 1487 4588 mense
1526 4532 1852 4597 Februario,

270 4629 613 4687 Theodosius
645 4644 676 4682 a
709 4626 976 4683 Gratiano
1012 4627 1309 4697 imperator
1347 4628 1721 4697 proclamatus
1748 4636 1853 4692 est,

256 4739 406 4800 atque
433 4722 661 4783 exinde
682 4737 809 4778 cum
848 4718 1041 4777 Gothis
1073 4736 1216 4791 saepe
1244 4719 1523 4785 conﬂixit,
1559 4735 1735 4791 usque
1788 4720 1856 4774 ad

3396 438 3501 493 E98

1939 564 2142 602 annum
2178 547 2305 611 583,
2352 563 2462 616 quo
2517 546 2717 602 attritze
2772 564 2861 603 res
2917 549 3221 604 Gothorum
3271 552 3513 609 fuerunt.

1939 639 2077 695 Dum
2114 642 2229 696 haec
2270 657 2398 696 vero
2431 642 2695 696 scriberet
2738 642 3186 711 Chrysostomus,
3221 644 3385 699 Gothi
3425 648 3526 700 ad-

1940 733 2047 787 huc
2081 734 2438 799 ferociebant,
2476 735 2849 807 Romanisque
2876 737 3217 793 formidolosi
3251 750 3428 804 erant,
3462 752 3524 795 ut

1939 827 2029 880 ille
2053 827 2150 888 ait,
2185 826 2639 897 Thcodmiusque
2679 829 2737 881 in
2781 828 2915 881 bello
2945 840 2992 883 et
3042 832 3243 896 prteliis
3278 831 3526 885 versaba-

1942 928 2053 972 tur.
2086 917 2212 973 llaec
2245 920 2413 988 probe
2444 929 2753 987 competere
2782 929 3016 988 possunt
3064 922 3115 974 in
3148 938 3353 976 annum
3391 923 3521 990 380,

1939 1026 2050 1081 quo
2082 1019 2326 1065 vertente
2360 1010 2580 1064 circiter
2612 1026 2679 1064 ex
2712 1010 2993 1079 spelunca,
3032 1013 3126 1066 ubi
3158 1014 3381 1068 biennio
3428 1014 3525 1069 de-

1938 1102 2181 1167 lituerat,
2211 1102 2557 1157 Antiochiam
2605 1103 2765 1157 rediit
2813 1102 3284 1176 Chrysostomus’,
3320 1107 3402 1161 vel
3465 1107 3523 1161 in

1939 1205 2263 1265 sequentem
2321 1194 2448 1248 581.
2521 1195 2681 1250 Certe
2746 1211 2938 1251 omnes
3010 1213 3176 1267 supra
3238 1200 3528 1255 recensita:

1939 1296 2084 1341 notae
2121 1287 2188 1341 ad
2247 1288 2353 1343 hoc
2406 1294 2625 1357 tempus
2668 1288 2873 1357 optime
2914 1289 3207 1358 quadrant,
3242 1290 3313 1345 ad
3372 1290 3524 1346 aliud

1941 1394 2072 1434 vero
2096 1379 2343 1434 minime.

2011 1473 2204 1529 Restat
2233 1481 2295 1529 ut
2324 1474 2391 1529 de
2412 1474 2661 1544 sequenti
2681 1474 2749 1527 ad
2773 1474 2984 1529 viduam
3015 1483 3248 1531 tractatu
3274 1491 3534 1546 agamus.

1943 1566 2000 1622 Si
2031 1567 2190 1623 titulo
2217 1567 2353 1623 ﬁdes
2376 1568 2667 1634 habeatur,
2691 1568 2758 1622 ad
2785 1569 3033 1623 eamdem
3058 1569 3301 1635 viduam,
3330 1585 3531 1639 nempe

1944 1656 2475 1722 Therasii‘uxorem,
2518 1657 2666 1712 hunc
2702 1658 2864 1712 etiam
2891 1659 3043 1713 misit
3069 1659 3526 1730 Chrysostomus:

1945 1751 2027 1806 sic
2066 1751 2268 1821 quippe
2321 1751 2520 1821 legitur
2578 1751 2633 1805 in
2684 1750 2944 1807 omnibus
2995 1767 3121 1806 cum
3167 1752 3353 1817 editis,
3416 1762 3531 1808 tum

1944 1843 2367 1912 manuscriptis,
2427 1842 2536 1895 Τοῦ
2572 1842 2763 1901 ,αὑτοῦ
2825 1843 2962 1915 πρός
3008 1844 3106 1915 τὴν
3163 1843 3335 1915 αὐτὴν
3397 1846 3532 1915 περὶ

1949 1935 2293 2007 μονανδρίας,
2335 1935 2570 2005 ejusdem
2611 1935 2682 1987 ad
2732 1937 2970 1988 eamdem
3016 1935 3082 1988 de
3132 1951 3235 1989 non
3285 1936 3530 1989 iterando

1944 2028 2216 2098 conjugia.
2251 2027 2391 2082 lluic
2414 2042 2636 2098 quoque
2663 2028 2952 2083 sententia:
2982 2027 3167 2083 favere
3192 2028 3410 2083 videtur
3439 2043 3528 2082 ar-

1946 2121 2189 2191 gumenti
2212 2136 2385 2192 genus
2413 2140 2426 2175 :
2458 2136 2585 2175 nam
2617 2120 2927 2191 dejuniore
2958 2122 3119 2176 vidua
3153 2121 3354 2192 agitur,
3408 2137 3533 2192 quae

1947 2215 2119 2269 semel
2144 2215 2412 2284 nupserit,
2448 2230 2571 2286 quae
2614 2214 2778 2269 ambo
2809 2214 3063 2270 Therasii
3100 2216 3258 2271 uxori
3309 2230 3532 2286 compe—

1946 2316 2089 2362 tunt.
2133 2305 2337 2362 Verum
2370 2307 2460 2362 hic
2518 2323 2628 2362 non
2679 2308 2901 2362 viduam
2962 2307 3201 2378 aliquam
3252 2308 3529 2377 jnniorem

1947 2400 2269 2470 alloquitur,
2322 2400 2417 2456 sed
2455 2415 2648 2455 omnes
2688 2400 2855 2455 simul
2910 2400 3108 2455 viduas
3150 2401 3534 2456 concionantis

1947 2509 2102 2549 more
2154 2509 2267 2548 non
2316 2493 2550 2549 iterandi
2608 2494 2852 2563 conjugii
2909 2508 3107 2550 causas
3164 2494 3359 2549 docet:
3407 2495 3539 2549 licet

1947 2585 2094 2639 enim
2128 2586 2381 2640 secundae
2410 2585 2618 2655 nuptiae
2640 2586 2927 2656 culpanda
2958 2602 3066 2642 non
3104 2588 3236 2652 sint,
3265 2603 3374 2641 non
3406 2599 3536 2643 sunt

1947 2682 2132 2729 tamen
2166 2674 2326 2730 laude
2364 2674 2564 2746 dignae,
2624 2692 2689 2731 ac
2747 2676 3069 2732 nonnullam
3119 2678 3534 2733 incontinentim

1950 2776 2137 2822 notam
2168 2782 2281 2838 prae
2307 2783 2367 2825 se
2418 2767 2625 2824 ferunt.
2662 2769 2981 2825 Orationem
3032 2784 3163 2824 vero
3199 2770 3425 2832 claudit,
3478 2779 3539 2821 ut

1948 2860 2007 2915 in
2042 2860 2285 2916 homiliis
2313 2861 2451 2917 solet
2478 2880 2492 2917 :
2533 2861 2685 2928 Haec,
2726 2862 2925 2933 inquit,
2958 2879 3062 2916 non
3094 2879 3196 2930 quo
3238 2862 3538 2917 necessaria

1945 2954 2339 3024 iudicaremus,
2381 2954 2682 3023 attulimus,
2724 2967 2822 3009 aut
2876 2972 2977 3026 quo
3016 2955 3163 3018 illas,
3215 2971 3333 3025 qua:
3370 2955 3424 3008 in
3463 2956 3543 3009 vi-
3621 2964 3631 2973 ·

1954 3048 2161 3101 duitate
2196 3064 2504 3117 permanere
2533 3049 2742 3110 nolunt,
2788 3050 3281 3114 condemnaremus,
3317 3050 3406 3102 sed
3445 3049 3543 3102 hac

1953 3156 2118 3194 unum
2157 3140 2519 3194 cohortatione
2579 3142 3043 3213 admonitioneque
3081 3152 3265 3197 nostra
3307 3152 3540 3212 agentes,

1954 3243 2013 3287 ut
2043 3251 2105 3288 ne
2146 3242 2300 3289 terra:
2327 3245 2575 3304 perpetuo
2604 3236 2777 3306 aﬂixa:
2810 3236 3002 3291 haerere
3039 3236 3219 3301 velint,
3260 3239 3352 3292 sed
3382 3237 3543 3291 semel

1954 3328 2146 3381 solum
2195 3327 2251 3379 in
2314 3327 2557 3381 libertate
2596 3336 2864 3395 maneant,
2906 3329 2977 3382 ad
3040 3328 3228 3383 caelum
3286 3329 3543 3398 aspircnt,

1953 3417 2221 3473 crelestem
2280 3418 2485 3472 vivendi
2537 3419 2798 3473 rationem
2847 3420 3177 3489 adhibeant,
3237 3437 3300 3474 ac
3339 3421 3546 3490 junctae

1955 3511 2166 3568 Christo
2194 3528 2257 3565 ea
2287 3512 2469 3565 omnia
2505 3521 2779 3581 praestent,
2808 3528 2929 3582 qua:
2955 3514 3023 3567 iis
3052 3515 3387 3579 conveniunt,
3420 3529 3539 3582 qua:

1955 3614 2164 3659 tantum
2196 3615 2367 3659 nacta:
2394 3612 2519 3658 sunt
2544 3621 2795 3675 sponsum
2824 3622 2842 3658 :
2876 3605 3131 3677 quoniam
3169 3606 3342 3677 ipsum
3399 3606 3547 3660 decet

1946 3699 2124 3753 omnis
2163 3699 2358 3770 gloria,
2392 3699 2582 3763 honor,
2613 3707 2722 3755 etc.
2753 3697 2883 3754 Haec
2929 3699 3213 3756 concionis
3259 3700 3567 3771 epilogum-

1953 3807 2075 3848 esse
2109 3807 2271 3847 nemo
2293 3806 2405 3846 non
2434 3791 2604 3847 videt.
2635 3791 2818 3859 Quare
2843 3793 2928 3847 vel
2955 3795 3010 3846 in
3043 3792 3204 3848 titulo
3238 3792 3368 3847 illud
3405 3794 3545 3863 πρὸς

1954 3885 2052 3957 τὴν
2097 3885 2268 3955 αὑτήν
2295 3926 2310 3950 ,
2342 3884 2412 3938 ad
2448 3884 2709 3948 eamdem,
2739 3900 2771 3939 a
2807 3884 3036 3939 librario
3069 3884 3305 3955 quodam
3345 3893 3547 3940 temere

1959 3979 2232 4048 adjectum
2262 3986 2381 4033 est:
2415 3977 2500 4031 vel
2543 3976 2589 4031 si
2639 3992 2760 4031 eam
2809 3978 3116 4032 orationem
3177 3978 3243 4033 ad
3294 3976 3544 4034 Therasii

1956 4085 2183 4126 uxorem
2213 4085 2342 4125 vere
2375 4069 2587 4125 miserit
2635 4069 3065 4141 Chrysostomus
3089 4112 3105 4137 ,
3142 4071 3318 4141 ipsam
3355 4080 3542 4140 postea

1959 4164 2197 4219 Itomiliaa
2225 4178 2376 4218 more
2403 4163 2789 4217 concinnatam
2823 4163 2877 4217 in
2923 4171 3068 4219 cmtu
3103 4163 3432 4219 recitaverit.
3470 4162 3542 4217 Ut

1954 4268 2016 4311 ut
2041 4271 2170 4311 vero
2199 4256 2291 4321 sit,
2342 4264 2647 4326 opportune
2686 4255 2911 4325 ponitur
2971 4263 3095 4325 post
3136 4255 3444 4311 orationem
3476 4257 3546 4310 ad

1955 4344 2205 4403 Therasii
2240 4360 2489 4409 uxorem,
2521 4345 2651 4416 quia
2682 4354 2767 4401 est
2798 4346 3046 4418 ejusdem
3073 4348 3405 4420 argumenti,
3434 4365 3567 4409 nec.

1958 4439 2147 4495 debuit
2173 4438 2383 4493 moveri
2410 4438 2549 4493 loco.

2033 4531 2292 4587 Flaminii
2328 4529 2533 4586 Nobilii
2576 4532 3104 4603 interpretationem,
3163 4542 3351 4604 utpote
3383 4549 3548 4590 accu-

1960 4635 2135 4681 ratam
2191 4641 2292 4681 nec
2335 4625 2732 4697 inelegantem,
2778 4627 2989 4698 aliquot
3045 4636 3229 4684 tamen
3294 4628 3349 4683 in
3408 4629 3548 4685 locis

1963 4718 2331 4785 emendatam,
2357 4734 2387 4775 c
2417 4718 2641 4790 regione
2672 4719 2848 4778 Graeci
2881 4729 3063 4778 textus
3088 4722 3401 4795 posuimus.
