4020 6376
536 361 641 418 599

1226 362 1287 417 S.
1316 359 1603 417 JOANNIS
1636 355 2122 413 CllRYSOSTOMI
2160 353 2481 412 ARCiltEP.
2521 350 3077 429 CONSTANTINOP,

3680 344 3783 399 600

1200 843 1408 969 AD
1531 784 2160 978 VIDUAM
2279 838 3132 971 JUNIOBEM.

525 1489 537 1500 ’
602 1515 655 1571 1.
695 1512 923 1571 Gravcm
954 1520 1006 1570 te
1032 1489 1536 1584 quidem'accepisse
1561 1510 1770 1580 plagam
1797 1550 1812 1575 ,
1853 1517 2013 1578 atque
2045 1509 2113 1559 ad

528 1603 760 1660 maxime
784 1603 996 1658 vitalem
1026 1611 1230 1675 partem
1264 1601 1500 1673 jaculum
1543 1615 1773 1671 superne
1816 1598 2111 1652 immissum

529 1697 835 1770 pervenisse
860 1711 1047 1751 omnes
1071 1710 1200 1750 sane
1231 1695 1323 1751 tibi
1350 1693 1738 1757 consenserint,
1766 1706 1829 1747 ac
1857 1704 2015 1744 nemo
2044 1702 2114 1742 ne

529 1807 592 1845 ex
626 1791 690 1844 iis
712 1789 947 1859 quidem,
975 1788 1065 1859 qui
1092 1787 1250 1843 valde
1279 1786 1579 1857 philosophi
1609 1795 1754 1850 sunt,
1776 1781 2113 1841 contradixe-

526 1882 597 1936 rit
625 1898 639 1934 :
672 1896 855 1936 verum
883 1883 1135 1952 quoniam
1165 1879 1306 1933 male
1333 1886 1582 1947 acceptos
1608 1892 1715 1930 non
1768 1876 1820 1929 in
1869 1874 2009 1928 luctu
2050 1885 2115 1925 ac

528 1971 778 2043 lacrymis
805 1987 967 2027 omne
992 1986 1145 2026 suum
1179 1980 1386 2039 tempus
1413 1982 1730 2024 consumere
1759 1972 1986 2037 oportet,
2018 1962 2114 2018 sed

525 2065 801 2120 vulnerum
826 2079 1036 2135 quoque
1061 2064 1317 2118 curationi
1344 2062 1627 2132 plurimum
1649 2073 1826 2131 operae
1850 2056 2114 2126 studiique

525 2171 746 2223 navare,
774 2172 865 2223 ne,
893 2156 937 2211 si
963 2155 1210 2225 despecta
1237 2154 1452 2218 fuerint,
1487 2152 1742 2223 majorem
1772 2150 2013 2220 ipsismet
2035 2148 2114 2203 la-

526 2247 725 2318 crymis
753 2246 979 2301 aﬁ'erant
1014 2246 1225 2316 plagam
1252 2287 1268 2312 ,
1304 2254 1464 2314 atque
1500 2244 1615 2313 ipso
1645 2243 1788 2298 luctu
1820 2240 2112 2295 vehemen-

528 2342 715 2396 tiorem
756 2339 1020 2395 ﬂammam
1048 2340 1280 2394 excitent
1311 2353 1566 2408 :tequum
1598 2336 1838 2406 profecto
1867 2333 2027 2388 fuerit
2057 2340 2111 2388 te

527 2444 646 2485 eam
677 2446 795 2499 quac
823 2445 919 2500 per
944 2446 1219 2486 sermones
1243 2429 1527 2484 adhibetur
1553 2428 1971 2483 consolationem
2004 2439 2111 2479 non

525 2519 825 2589 repudiare,
857 2536 919 2575 ac
947 2520 1298 2591 lacrymarum
1338 2519 1528 2573 ﬂuvios
1557 2533 1839 2587 parumper
1860 2531 2113 2570 coercen-

526 2618 633 2665 tcm
670 2609 737 2664 ad
763 2610 923 2665 breve
952 2610 1140 2665 saltem
1171 2618 1381 2679 tempus
1411 2610 1474 2663 iis
1501 2608 1660 2663 etiam
1679 2649 1694 2674 ,
1722 2607 1812 2678 qui
1842 2617 1894 2662 te
1920 2621 2113 2661 conso-

525 2698 623 2754 lari
657 2699 1073 2771 aggrediuntur,
1107 2710 1159 2755 te
1201 2700 1372 2771 ipsam
1412 2700 1564 2755 dare.
1610 2698 1733 2752 llaec
1776 2697 1915 2751 enim
1952 2710 2111 2751 causa

523 2800 604 2845 est
623 2832 639 2857 ,
668 2806 764 2845 cur
790 2802 845 2847 et
878 2807 975 2847 nos
1004 2808 1109 2847 non
1140 2793 1192 2847 in
1220 2793 1335 2863 ipso
1366 2792 1540 2846 luctus
1580 2790 1762 2860 vigore
1783 2831 1799 2856 ,
1829 2805 2005 2859 neque
2035 2790 2110 2843 si-

444 2936 447 2937 .
523 2885 633 2938 mul
659 2899 722 2939 ac
752 2884 947 2941 fulmen
993 2885 1208 2953 decidit,
1233 2885 1658 2946 obturbaremus,
1687 2883 1778 2937 sed
1801 2890 2109 2937 cunctantes

524 2989 637 3037 toto
666 2980 768 3036 hoc
798 2981 1115 3037 intermedio
1145 2991 1385 3049 tempore
1404 3021 1419 3044 ,
1450 2995 1511 3034 ac
1544 2980 1920 3048 permittentes
1948 2988 1997 3032 te
2025 2990 2110 3029 sa-

523 3072 638 3125 tiari
668 3071 816 3139 ﬁetu,
848 3072 1059 3143 quando
1080 3072 1189 3143 jam
1217 3087 1246 3125 a
1274 3071 1497 3141 caligine
1522 3070 1608 3124 illa
1634 3068 1901 3153 paululum
1926 3066 2110 3121 oculos

520 3161 800 3226 attollere,
829 3172 987 3232 atque
1018 3176 1172 3216 aures
1202 3161 1287 3226 iis,
1328 3160 1420 3231 qui
1451 3169 1501 3214 te
1523 3157 1789 3214 consolari
1820 3163 2107 3220 tentarent,

520 3250 764 3320 praebere
809 3252 1064 3321 potuisti,
1097 3261 1222 3306 tunc
1265 3251 1363 3321 ipsi
1402 3264 1613 3319 quoque
1647 3257 1771 3319 post
1793 3246 2108 3301 ancillarum

521 3353 797 3396 sermones
820 3350 1001 3398 nostra
1024 3343 1453 3412 adjungeremus.
1483 3341 1614 3396 Nam
1637 3354 1758 3394 cum
1779 3338 1951 3393 adhuc
1978 3347 2107 3391 ten-.-

518 3440 700 3502 pestas
728 3447 917 3502 magna
955 3443 1036 3487 est
1059 3474 1074 3498 ,
1117 3443 1171 3487 ct
1213 3432 1383 3485 luctus
1422 3431 1591 3501 viget,
1622 3429 1708 3501 qui
1747 3428 1985 3483 dolorem
2016 3429 2109 3482 de-

522 3536 723 3592 ponere
771 3523 1002 3586 suadet,
1048 3523 1094 3577 is
1133 3523 1387 3591 ejulatum
1433 3521 1601 3592 magis
1652 3526 1947 3590 provocat,
1978 3518 2107 3573 nihil

520 3612 661 3666 aliud
687 3611 818 3666 lucri
847 3622 1144 3683 reportans,
1174 3628 1331 3682 quam
1353 3611 1556 3679 odium,
1584 3612 1911 3680 multamque
1940 3618 2111 3664 mate-

519 3703 653 3759 riem
678 3702 938 3773 ejusmodi
967 3704 1207 3757 oratione
1237 3704 1543 3771 suppeditat
1577 3701 1682 3770 igni
1702 3741 1719 3766 ,
1749 3699 2011 3769 simulque
2040 3699 2106 3753 de

519 3810 581 3849 se
603 3805 652 3850 et
682 3795 879 3850 inimici
923 3803 977 3849 et
1015 3795 1157 3848 stulti
1199 3794 1428 3847 hominis
1454 3792 1610 3847 aﬂ‘ert
1638 3792 1942 3861 Opinionem
1973 3809 1984 3843 :
2016 3806 2107 3845 ve-

519 3900 636 3940 rum
663 3884 875 3954 quando
906 3884 1008 3954 jam
1031 3894 1190 3939 aestus
1216 3884 1307 3938 ille
1333 3883 1576 3939 desidere
1601 3883 1761 3953 coepit
1778 3923 1792 3948 ,
1820 3897 1884 3936 ac
1904 3882 2108 3936 violen-

519 3975 643 4030 tiam
672 3974 925 4029 ﬁuctuum
954 3975 1161 4030 sedavit
1185 3976 1324 4030 Deus
1343 4015 1357 4038 ,
1383 3973 1537 4029 facile
1557 3973 1811 4028 orationis
1833 3972 1945 4026 vela
1971 3988 2108 4043 pan-

517 4066 726 4121 demus.
751 4066 878 4121 Nam
907 4067 1161 4122 mediocri
1192 4066 1407 4137 quidem
1437 4074 1750 4136 tempestate
1769 4066 1970 4137 poterit
1995 4064 2104 4118 for-

517 4165 661 4212 tasse
703 4172 791 4212 ars
832 4172 984 4212 suum
1021 4156 1255 4212 ofﬁcium
1295 4156 1470 4211 facere
1513 4176 1527 4212 :
1563 4165 1619 4210 at
1660 4172 1781 4211 cum
1821 4164 2102 4211 ventorum

516 4247 749 4318 impetus
774 4248 1005 4303 invictus
1029 4247 1218 4312 fertur,
1248 4246 1376 4301 nihil
1407 4247 1508 4301 loci
1537 4257 1618 4301 est
1644 4247 1869 4316 periti-.9.
1893 4246 1986 4301 llis
2012 4246 2106 4300 ad-

511 4339 659 4394 ducti
695 4341 870 4394 causis
905 4349 1016 4394 toto
1053 4339 1327 4410 superiore
1357 4350 1596 4409 tempore
1622 4339 1894 4402 siluimus,
1928 4353 1991 4393 ac
2014 4338 2102 4392 vix

517 4442 661 4483 nunc
680 4432 923 4485 emittere
944 4438 1128 4484 vocem
1150 4429 1383 4499 aggressi
1403 4445 1608 4483 sumus.
1628 4428 1938 4483 Audivimus
1958 4428 2099 4481 enim

516 4532 551 4572 a
580 4528 767 4588 patruo
795 4528 917 4586 tuo,
946 4520 1318 4574 conlidendum
1350 4519 1571 4588 posthac
1595 4534 1715 4573 esse
1748 4537 1761 4572 :
1795 4534 1917 4572 nam
1948 4528 2000 4573 et
2025 4519 2102 4572 fa-

405 4634 425 4653 ·
516 4611 707 4673 mulas,
735 4627 851 4679 quae
879 4611 1034 4682 paulo
1060 4610 1428 4666 honoratiores
1448 4610 1572 4677 sint,
1600 4610 1797 4665 audere
1818 4610 1885 4664 de
1910 4608 1993 4665 his
2017 4626 2103 4664 re-

515 4700 617 4758 bus
647 4702 881 4772 prolixos
909 4702 1103 4757 inferre
1133 4716 1410 4756 sermones
1432 4744 1448 4767 ,
1482 4701 1591 4755 imo
1614 4713 1862 4756 externas
1888 4715 2099 4769 quoque
2149 4738 2153 4743 -

515 4794 787 4860 mulieres,
816 4802 975 4863 atque
1003 4808 1095 4849 eas
1123 4808 1241 4863 qua:
1265 4805 1356 4848 aut
1382 4808 1579 4863 genere
1605 4793 1698 4847 tibi
1720 4798 1978 4860 cognatm“,
2009 4801 2100 4845 aut

513 4884 617 4939 alia
659 4885 846 4955 quavis
894 4884 1100 4940 ratione
1149 4883 1216 4939 ad
1272 4883 1376 4939 hoc
1413 4899 1607 4938 munus
1643 4882 1946 4938 obeundum
1992 4883 2101 4937 sint

514 4977 739 5031 idonea).
764 4975 915 5044 Quod
928 4975 973 5030 si
990 4975 1196 5030 illarum
1223 4990 1501 5031 sermones
1521 4974 1777 5043 admittis,
1796 4973 1950 5028 valde
1970 4975 2099 5028 coni

514 5068 725 5123 ﬁdimus
750 5083 813 5123 ac
838 5083 935 5138 pro
955 5077 1102 5123 certo
1127 5067 1382 5123 habemus
1403 5066 1517 5123 fore
1536 5077 1594 5121 ut
1614 5078 1825 5122 nostros
1845 5082 1949 5121 non
1970 5081 2098 5121 con-

514 5170 742 5227 temnas,
774 5162 866 5216 sed
895 5162 1127 5233 quietem
1157 5177 1219 5217 ac
1251 5162 1710 5233 tranquillitatem,
1742 5161 1913 5231 quoad
1943 5171 2093 5229 pote-

511 5253 607 5316 ris,
637 5251 766 5320 ipsis
811 5252 1087 5308 audiendis
1135 5252 1411 5307 adhibeas.
1458 5252 1600 5306 Sane
1639 5252 1913 5305 muliebris
1939 5266 2096 5304 sexus

512 5343 798 5411 proclivior
813 5344 1201 5414 quodammodo
1221 5345 1288 5399 ad
1303 5345 1705 5415 concipiendum
1722 5344 1960 5397 dolorem
1982 5353 2094 5397 est:

514 5440 570 5485 at
588 5447 706 5486 cum
730 5445 987 5503 praeterea
1006 5436 1258 5505 juventus
1279 5435 1447 5500 adest,
1473 5445 1527 5489 et
1543 5435 1768 5489 viduitas
1790 5436 2095 5496 immatura.

516 5528 572 5572 et
596 5522 768 5576 nullus
794 5528 1121 5594 negotiorum
1150 5542 1294 5591 usus,
1322 5537 1377 5580 et
1400 5540 1647 5580 curarum
1681 5541 1869 5594 magna
1902 5525 2092 5588 moles,

516 5615 676 5677 atque
703 5627 859 5667 omne
896 5616 1175 5683 pristinum
1203 5626 1413 5687 tempus
1440 5618 1491 5671 iu
1518 5618 1721 5672 deliciis
1743 5658 1757 5682 ,
1788 5618 2051 5672 hilaritate
2076 5658 2091 5680 ,

517 5695 712 5755 divitiis
736 5701 1060 5774 insumptum
1082 5716 1183 5775 est,
1203 5707 1383 5763 multis
1406 5709 1642 5777 partibus
1662 5707 1833 5777 major
1851 5708 2093 5764 redditur

2226 1503 2535 1573 calamitas,
2564 1513 2655 1574 ut,
2687 1506 2789 1562 nisi
2817 1521 3105 1578 supernum
3133 1503 3272 1563 adsit
3295 1510 3570 1579 auxilium,
3600 1515 3804 1583 pericu-

2219 1592 2329 1648 lum
2355 1596 2426 1649 sit
2450 1612 2518 1650 ne
2536 1611 2567 1651 a
2593 1597 2970 1668 qualicumque
2996 1599 3231 1654 irruente
3254 1599 3576 1671 cogitatione
3595 1603 3802 1674 dejieia-

2221 1691 2344 1740 tur:
2374 1687 2516 1757 quod
2542 1688 2786 1758 equidem
2824 1691 2905 1744 vel
2938 1690 3259 1759 praecipuum
3296 1707 3361 1748 ac
3400 1695 3689 1749 tiiaximum
3722 1697 3801 1750 di-

2220 1778 2356 1834 vinas
2381 1795 2507 1849 erga
2539 1790 2588 1834 te
2613 1796 2755 1857 cura:
2784 1781 3035 1836 indicium
3062 1785 3384 1838 censuerim.
3411 1785 3543 1839 Nam
3561 1789 3703 1857 quod
3730 1797 3802 1844 tot

2221 1882 2444 1943 repente
2471 1855 2912 1929 concurrentibus
2938 1874 3093 1928 malis
3118 1890 3222 1929 non
3255 1885 3308 1931 te
3334 1855 3594 1946 aegritudo
3616 1879 3800 1934 absor-

2222 1961 2401 2017 buerit
2423 2005 2439 2030 ,
2479 1979 2579 2018 nec
2617 1964 2683 2018 de
2727 1964 2955 2019 naturali
2995 1965 3189 2019 mentis
3215 1974 3353 2020 statu
3383 1968 3458 2022 sis
3486 1969 3762 2024 deturbata
3786 2013 3800 2034 ,

2218 2069 2325 2108 non
2363 2054 2415 2109 id
2445 2052 2665 2109 humani
2691 2054 2915 2125 alicujus
2939 2054 3118 2109 auxilii
3143 2054 3262 2122 fuit,
3291 2056 3385 2112 sed
3411 2056 3799 2128 Omnipotentis

2219 2143 2361 2199 illius
2386 2159 2595 2210 manus,
2615 2144 2708 2201 sed
2737 2146 3098 2215 intelligentiae
3120 2145 3260 2200 illius
3282 2149 3433 2214 cujus
3457 2162 3567 2203 non
3594 2160 3675 2204 est
3702 2167 3798 2204 nu-

2219 2249 2400 2289 merus
2423 2275 2438 2300 ,
2468 2234 2565 2290 sed
2597 2234 2892 2305 prudentia:
2923 2234 3065 2289 illius
3090 2251 3209 2304 qua:
3241 2237 3542 2308 investigari
3571 2255 3679 2293 non
3708 2254 3800 2309 po-

2219 2333 2362 2392 test,
2389 2325 2482 2380 sed
2503 2325 2677 2381 Patris
2700 2324 3185 2380 misericordiarum
3211 2367 3226 2391 ,
3259 2341 3324 2382 ac
3364 2327 3460 2383 Dei
3495 2330 3661 2385 totius
3680 2346 3800 2386 con-

2216 2418 2511 2474 solationis.
2554 2394 2882 2487 Ipse‘cnim,
2908 2419 3078 2491 inquit
3105 2458 3122 2484 ,
3160 2419 3429 2475 uerberauit
3457 2439 3549 2477 nos
3575 2464 3591 2487 ,
3627 2435 3674 2479 et
3700 2425 3801 2495 ipse

2216 2512 2413 2565 sanabit
2446 2527 2569 2576 nos;
2612 2510 2894 2582 percutiet,
2922 2520 2969 2565 et
2999 2511 3194 2565 curabit
3234 2521 3283 2566 et
3322 2529 3474 2567 sario:
3515 2516 3672 2585 faciet
3712 2532 3799 2571 nos

2218 2598 2394 2671 (Osee
2438 2600 2625 2670 6.2).
2740 2664 2745 2675 Ι

2304 2690 2480 2745 Viduis
2505 2691 2645 2746 Deus
2671 2693 2766 2746 viri
2795 2692 2903 2747 loco
2933 2701 3023 2748 est.
3054 2723 3122 2735 —
3152 2693 3417 2761 Quamdiu
3444 2698 3589 2753 enim
3633 2710 3798 2756 tecum

2216 2788 2321 2838 una
2352 2784 2563 2840 vivebat
2600 2785 2789 2840 beatus
2832 2786 2920 2840 ille
2950 2787 3049 2853 \ir,
3081 2786 3328 2855 capiebas
3349 2789 3569 2859 quidem
3604 2791 3798 2849 fructus

2214 2874 2453 2941 honoris,
2478 2891 2640 2939 curte,
2672 2876 2830 2931 studii
2856 2893 2871 2942 ;
2898 2878 3146 2947 capiebas
3166 2889 3367 2947 autem,
3389 2882 3580 2950 quales
3604 2900 3669 2937 ex
3702 2883 3794 2939 ho-

2215 2966 2357 3021 mine
2386 2982 2578 3038 capere
2608 2983 2703 3037 par
2728 2976 2844 3023 erat
2874 2984 2890 3022 :
2918 2953 3168 3039 quoniam
3194 2986 3323 3025 vero
3348 2972 3494 3026 ilhun
3520 2973 3593 3028 ad
3622 2990 3680 3030 se
3707 2992 3794 3029 Vu-

2213 3061 2352 3112 cavit
2384 3059 2521 3113 Deus
2545 3100 2560 3127 ,
2608 3061 2721 3129 ipse
2763 3075 2903 3114 nunc
2948 3060 3089 3115 illius
3128 3061 3246 3116 loco
3277 3076 3337 3117 sc
3366 3062 3458 3118 tibi
3502 3066 3794 3122 substituit.

2213 3149 2398 3219 Neque
2434 3150 2535 3204 hoc
2569 3166 2745 3203 meum
2775 3158 2854 3203 est
2882 3190 2898 3216 ,
2934 3150 3026 3205 sed
3068 3151 3209 3206 beati
3240 3153 3514 3222 prophetae
3548 3156 3758 3211 Davidis
3780 3197 3796 3222 ,

2213 3242 2299 3311 qui
2328 3241 2398 3295 ita
2427 3240 2614 3310 inquit,
2644 3239 2908 3311 Pupillum
2935 3251 2980 3295 et
2996 3242 3199 3296 viduam
3219 3244 3455 3314 suscipiet
3473 3243 3650 3316 (Psal.
3678 3248 3795 3303 145.

2213 3330 2246 3385 9
2272 3330 2325 3401 );
2355 3340 2407 3386 et
2426 3331 2549 3385 alibi
2581 3326 2752 3401 ipsum
2777 3341 2931 3386 vocnt
2954 3342 3154 3400 patrem
3176 3333 3499 3404 pupillorum
3528 3375 3544 3402 ,
3584 3347 3639 3392 et
3665 3339 3798 3408 judi-

2213 3436 2329 3475 ccm
2391 3420 2669 3475 viduarum
2693 3419 2865 3493 (Psal.
2907 3422 2994 3476 67.
3018 3420 3095 3494 6),
3132 3425 3457 3495 omninoque
3498 3424 3608 3483 hoc
3631 3429 3797 3485 homi-

2213 3528 2337 3567 num
2365 3528 2532 3583 genus
2564 3527 2768 3584 magna:
2800 3512 2895 3583 ipsi
2923 3529 3064 3567 cura:
3091 3529 3211 3569 esse
3237 3514 3465 3571 videbis.

2280 3605 2335 3659 2.
2374 3606 2637 3674 Caeterum
2670 3620 2737 3660 ne
2761 3606 2861 3659 hoc
2888 3622 3081 3660 nomen
3113 3606 3324 3662 assidue
3350 3619 3662 3679 usurpatum
3690 3614 3798 3667 aui-

2211 3711 2357 3749 mum
2386 3695 2479 3750 tibi
2508 3695 2741 3766 dejiciat,
2774 3711 2835 3749 ac
2862 3696 3121 3751 rationem
3152 3699 3425 3766 perturbet
3449 3704 3714 3769 reputanti
3745 3704 3794 3758 in

2211 3785 2327 3854 ipso
2348 3788 2519 3841 aetatis
2546 3786 2675 3841 ﬁore
2701 3786 2825 3841 illud
2868 3796 2920 3841 te
2946 3788 3187 3853 subiisse,
3212 3788 3277 3842 de
3300 3790 3398 3843 hoc
3419 3790 3547 3845 mihi
3573 3794 3795 3862 primum

2209 3876 2576 3930 disserendum
2605 3878 3056 3947 proposui,atque
3081 3879 3487 3946 ostendendum,
3512 3897 3623 3937 non
3650 3886 3790 3939 cala-

2209 3970 2407 4023 mitatis
2438 3985 2630 4024 nomen
2659 3986 2777 4025 esse
2809 3987 3001 4025 nomen
3024 3972 3316 4038 viduitatis,
3348 3974 3442 4029 sed
3472 3976 3710 4044 honoris,
3743 3988 3797 4035 et.

2211 4059 2429 4115 honoris
2450 4060 2664 4130 quidem
2693 4062 2925 4115 maximi.
2954 4061 3136 4133 Neque
3152 4064 3291 4117 enim
3320 4075 3372 4119 tu
3393 4066 3525 4121 mihi
3548 4069 3688 4139 vulgi
3710 4070 3791 4124 de-

2212 4160 2483 4219 pravatam
2512 4151 2815 4220 opinionem
2836 4152 2886 4205 in
2916 4154 3275 4208 testimonium
3297 4154 3508 4223 all'cras,
3535 4160 3631 4214 Sed
3655 4161 3790 4216 beati

2209 4243 2380 4310 Pauli,
2406 4244 2488 4298 vel
2510 4246 2681 4312 potius
2698 4243 2892 4300 Christi
2913 4246 3181 4300 decretum
3201 4262 3264 4301 ac
3289 4248 3481 4318 legem.
3498 4251 3630 4319 Quae
3649 4255 3786 4308 cuint

2208 4334 2296 4389 ille
2318 4336 2650 4405 loquebatur,
2676 4335 2790 4389 bmc
2815 4352 2907 4405 per
2934 4337 3103 4406 ipsum
3129 4339 3505 4407 pronuntiabat
3525 4342 3786 4411 Christus,

2206 4425 2655 4495 quemadmodum
2681 4437 2733 4480 et
2755 4427 2867 4496 ipse
2892 4425 3041 4489 dixit,
3059 4427 3140 4481 An
3169 4430 3794 4503 experimentumqua'ritis

2205 4518 2314 4584 ejus
2328 4517 2412 4587 qui
2427 4517 2480 4570 in
2496 4534 2574 4571 me
2588 4517 2807 4588 loquitur
2821 4516 3010 4572 Christi
3026 4517 3098 4586 (2.
3116 4516 3235 4572 Cor.
3257 4521 3343 4575 l5.
3358 4520 3444 4590 5)?
3468 4521 3606 4590 Quid
3636 4525 3790 4596 igitur

2206 4609 2415 4680 inquit?
2450 4608 2615 4663 Vidua
2640 4609 2852 4680 eligatur
2891 4625 2992 4664 non
3030 4610 3191 4681 minus
3216 4613 3477 4682 sexaginta
3518 4630 3789 4685 annorum,

2205 4712 2259 4757 et
2284 4717 2486 4769 rursus,
2512 4702 2939 4757 Adolescentioree
2976 4713 3141 4757 autem
3161 4703 3338 4757 viduas
3357 4703 3521 4758 devita
3550 4708 3625 4776 (l.
3656 4706 3792 4760 Tim.

2206 4796 2259 4850 5.
2303 4795 2356 4849 9.
2388 4796 2447 4849 Η
2484 4794 2531 4866 ),
2558 4804 2786 4865 utroque
2818 4796 2917 4848 hoc
2941 4804 3209 4864 preecepto
3235 4795 3315 4851 rei
3343 4796 3498 4852 nobis
3523 4800 3787 4869 magnitu-

2204 4886 2383 4941 dinem
2414 4886 2675 4941 indicaus.
2706 4886 2838 4940 Nam
2864 4885 2933 4941 de
2955 4888 3217 4957 episcopis
3238 4888 3453 4957 quidem
3476 4892 3788 4960 praecipiens

2207 4979 2390 5033 nullihi
2418 4993 2698 5032 numerum
2721 4993 2978 5032 annorum
3001 4979 3206 5043 statuit,
3236 4978 3320 5033 hic
3341 4989 3519 5035 autem
3546 4997 3786 5052 magnam

2204 5071 2420 5125 adhibet
2440 5069 2852 5124 accurationem.
2872 5069 3006 5136 Quid
3030 5070 3136 5124 ita?
3157 5069 3273 5125 Non
3294 5070 3437 5139 quod
3460 5072 3687 5128 viduitas
3709 5088 3792 5127 sa-

2202 5163 2439 5219 cerdotio
2456 5162 2626 5231 major
2641 5163 2727 5227 sit,
2743 5162 2833 5216 sed
2854 5162 3102 5229 quoniam
3122 5162 3377 5231 majorem
3396 5163 3523 5233 ipsa:
3539 5182 3695 5235 quam
3718 5165 3790 5220 illi

2200 5256 2436 5310 laborem
2453 5254 2734 5320 sustinent,
2754 5253 2931 5308 multis
2948 5254 3178 5323 undique
3193 5256 3418 5325 negotiis
3433 5258 3546 5311 illas
3563 5259 3789 5313 circum-

2200 5344 2534 5401 venientibus
2552 5344 2774 5413 publicis
2790 5355 2843 5400 et
2866 5345 3100 5414 privatis.
3117 5345 3327 5401 Etenim
3346 5348 3784 5417 quemadmodum
3842 5386 3849 5397 μ

2201 5435 2387 5491 civitas
2408 5435 2671 5490 moenibus
2693 5450 2796 5489 non
2827 5436 3150 5491 circumdata
3179 5446 3323 5505 patet
3341 5438 3577 5508 exposita
3611 5440 3788 5493 omni-

2201 5526 2325 5593 hus,
2366 5527 2688 5596 quicumque
2715 5527 2946 5595 diripere
2969 5542 3087 5582 eam
3115 5528 3417 5583 voluerint:
3442 5530 3509 5583 ita
3537 5539 3590 5584 et
3611 5530 3784 5600 puella

2202 5632 2256 5669 ιη
2287 5616 2542 5671 viduitate
2567 5626 2776 5671 aetatem
2804 5615 3001 5685 degens
3031 5618 3226 5673 multos
3257 5618 3413 5674 habet
3439 5620 3527 5689 qui
3557 5619 3787 5689 undique

2201 5708 2540 5775 insidientur,
2573 5724 2678 5765 non
2709 5708 2881 5763 solum
2909 5723 3004 5764 eos
3030 5710 3117 5781 qui
3151 5710 3389 5781 pecuniis
3430 5712 3663 5765 animum
3691 5709 3783 5763 ad-
