4020 6380
1443 362 1536 418 ΑΙ)
1566 356 1834 416 VIDUAM
1874 351 2242 412 JUNIOREM.

3462 330 3568 389 600

154 467 3537 526 _~______________________________———-——————-————-———""

513 741 783 873 ΕΙΣ
858 721 1733 865 ΝΕΩΤΕΡΑΝ
1804 711 2916 855 ΧΗΡΕΥΣΑΣΑΝ
2940 716 2971 756 ³
2997 695 3157 848 [55f]

200 1244 265 1292 α’.
288 1234 413 1289 Ὅτι
446 1229 546 1303 μὲν
567 1225 807 1300 χαλεπὴν
828 1222 1015 1287 ἔλαϐες
1028 1220 1127 1294 τὴν
1158 1217 1395 1288 πληγὴν,
1412 1215 1509 1271 καὶ⁸
1523 1218 1582 1271 ἐν
1608 1216 1809 1290 καιρίῳ

143 1336 194 1391 τὸ
214 1331 464 1404 πεμφθὲν
493 1327 587 1383 καὶ
615 1323 820 1384 ἀνωθεν
853 1318 1018 1386 ἐδέξω
1044 1318 1107 1372 τὸ
1149 1317 1322 1388 βέλος,
1357 1316 1597 1379 ἅπαντες
1625 1315 1692 1369 ἄν
1722 1330 1806 1367 σοι

142 1428 659 1502 συνομολογήσαιεν,
691 1422 790 1477 καὶ
844 1418 967 1473 οὐδὲ
996 1416 1106 1470 τῶν
1140 1412 1347 1485 σφόδρα
1379 1411 1808 1482 φιλοσοφούντων

140 1529 297 1591 οὐδεὶς
324 1525 570 1595 ἀντερεῖ·
601 1518 724 1574 ἐπεὶ
742 1517 800 1572 δὲ
827 1516 954 1579 τοὺς
970 1511 1374 1584 πληττομένους
1388 1510 1489 1564 οὐκ
1506 1511 1587 1574 είς
1613 1509 1811 1574 πένθος

139 1628 225 1682 καὶ
246 1624 462 1694 δάκρυα
494 1617 587 1672 τὸν
620 1616 836 1671 ἅπαντα
866 1610 1056 1683 χρόνον
1080 1607 1392 1663 ἀναλίσκειν
1431 1606 1530 1671 δεῖ,
1556 1604 1693 1660 ἀλλά
1717 1606 1812 1661 καὶ

139 1725 226 1794 τῆς
246 1717 551 1793 θεραπείας
577 1713 685 1768 τῶν
706 1708 1036 1782 τραυμάτων
1052 1705 1252 1776 πολλὴν
1266 1702 1540 1758 ποιεῖσθαι
1564 1701 1662 1774 τὴν
1679 1701 1814 1773 πρό-

140 1816 445 1887 ωιανρστε
477 1812 551 1885 μὴ
568 1806 912 1881 παροφθέντα
937 1804 967 1845 b
996 1800 1218 1874 μείζονα
1237 1804 1350 1865 τοῖς
1370 1800 1600 1871 δάκρυσι
1628 1814 1813 1870 παρα-

142 1921 278 1988 σχεῖν
322 1914 439 1987 τὴν
484 1907 736 1979 πληγὴν,
792 1902 890 1955 καὶ
939 1900 1039 1971 τῆς
1097 1897 1289 1968 ὀδύνης
1305 1896 1664 1967 σφοδροτέραν
1716 1894 1814 1965 τὴν

140 1986 313 2084 φλόγα.
343 2003 703 2082 ἐργάσασθαι,
728 1998 891 2055 καλὸν
906 1996 1003 2051 καὶ
1029 1996 1130 2067 τῆς
1142 1993 1230 2048 διὰ
1255 1993 1363 2046 τῶν
1385 1992 1560 2062 λόγων
1581 1990 1814 2062 ἀνασχέ-

140 2108 259 2163 σθαι
285 2102 709 2177 παρακλήσεως,
750 2094 844 2149 καὶ
874 2091 1002 2155 τοὺς
1040 2089 1300 2162 κρουνοὺς
1331 2086 1526 2159 μικρὸν
1550 2084 1817 2155 ἀνασχού-

140 2224 234 2262 σαν
264 2203 378 2257 τῶν
404 2196 656 2271 δακρύων
687 2190 880 2265 χρόνον
938 2184 1068 2257 γοῦν
1124 2183 1329 2258 βραχὺν
1366 2183 1460 2237 καὶ
1490 2184 1604 2246 τοῖς
1641 2196 1818 2263 παρα-

143 2297 425 2373 μυθεῖσθαί
466 2311 526 2349 σε
573 2283 911 2361 ἐπιχειροῦσι
956 2282 1261 2354 παρασχεῖν
1294 2277 1550 2350 σεαυτήν.
1578 2275 1679 2331 Διά
1705 2275 1817 2349 γάρ

142 2372 219 2453 τοι
270 2394 434 2450 τοῦτο
484 2389 583 2445 καὶ
626 2385 792 2459 ἡμεῖς
839 2381 901 2435 ού
943 2379 1076 2449 παρ’
1116 2375 1290 2447 αὐτὴν
1335 2373 1431 2429 τοῦ
1459 2372 1690 2437 πένθους
1719 2372 1818 2445 τὴν

143 2496 347 2569 ἀκμὴν,
374 2489 486 2545 οὐδ’
510 2489 629 2558 ἅμα
656 2481 736 2554 τῷ
765 2476 1152 2567 κατενεχθῆναι
1183 2473 1276 2529 τὸν
1304 2471 1547 2545 σκηπτὸν
1575 2469 1821 2542 ήνωχλή-

147 2608 340 2666 σαμεν·
387 2587 506 2643 ἀλλ’
530 2581 919 2654 ἀναμείναντες
948 2574 1043 2629 τὸν
1094 2574 1154 2628 ἐν
1191 2571 1341 2645 μέσῳ
1370 2569 1582 2624 τουτονὶ
1607 2568 1819 2642 χρόνον,

146 2663 235 2747 καί
278 2682 741 2756 συγχωρήσαντες
782 2667 1162 2747 ἐμπλησθῆναι
1198 2685 1259 2722 σε
1287 2665 1394 2721 τῶν
1424 2663 1700 2749 ὀδυρμῶν,
1733 2664 1823 2716 ὅτε

149 2787 333 2840 λοιπὸν
356 2781 455 2837 καὶ
469 2774 754 2844 διαϐλέψαι
772 2769 968 2843 μικρὸν
993 2767 1102 2823 ἀπὸ
1117 2767 1218 2838 τῆς
1244 2762 1442 2835 ἀχλύος
1472 2761 1709 2832 ἐκείνης,
1730 2759 1825 2814 καὶ

151 2887 240 2948 τᾶς
262 2881 438 2943 ἀκοὰς
473 2871 799 2947 παρανοῖξαι
822 2866 1106 2938 δεδύνησαι
1135 2866 1248 2928 τοῖς
1266 2880 1326 2916 σε
1355 2860 1690 2931 παρακαλεῖν
1706 2875 1826 2911 πει-

160 2981 436 3054 ρωμένοις,
459 2974 582 3027 τότε
603 2969 699 3023 καὶ
721 2966 876 3023 αὐτοὶ
906 2963 1043 3036 μετὰ
1055 2963 1178 3026 τοὺς
1192 2959 1301 3014 τῶν
1322 2955 1718 3029 θεραπαινίδων
1738 2954 1827 3008 λό-

156 3050 278 3146 γως
307 3062 500 3128 καὶτὰ
530 3067 660 3138 παρ’
694 3061 901 3118 ἐαυτῶν
930 3056 1415 3132 προστεθείκαμεν.
1445 3054 1564 3107 Ἔτι
1593 3051 1691 3125 μὲν
1717 3050 1830 3122 γὰρ

159 3174 245 3227 τοῦ
276 3166 545 3241 χειμῶνος
583 3162 738 3224 ὄντος
774 3155 1027 3230 σφοδροῦ,
1093 3153 1188 3208 καί⁸
1235 3146 1431 3205 πολλοῦ
1471 3147 1569 3201 τοῦ
1598 3145 1829 3210 πένθους

158 3270 421 3331 πνέοντος,
446 3265 477 3316 6
497 3255 834 3332 παρακαλῶν
867 3250 1207 3323 ἀποσχέσθαι
1227 3249 1327 3320 τῆς
1363 3245 1541 3316 λύπης
1572 3243 1732 3298 πλέον
1763 3243 1831 3298 ἂν

165 3362 439 3438 παρώξυνε
478 3359 617 3431 πρὸς
657 3355 757 3419 τὰς
791 3350 1057 3423 οἰμωγὰς,
1090 3347 1184 3402 καὶ
1211 3346 1272 3398 τὸ
1300 3342 1598 3417 μισηθῆναι
1632 3339 1833 3412 κερδά-

167 3436 254 3527 νας
285 3462 445 3532 μόνον
475 3456 610 3526 ὕλην
640 3451 707 3507 ἂν
725 3447 923 3519 πολλὴν
952 3448 1067 3508 τοῖς
1094 3443 1358 3509 τοιούτοις
1385 3439 1565 3509 λόγοις
1590 3436 1834 3508 παρέσχε

168 3561 236 3632 τῷ
269 3558 401 3630 πυρὶ
433 3552 573 3626 μετά
592 3549 684 3604 τοῦ
711 3547 804 3601 καὶ
833 3541 1028 3616 ἐχθροῦ
1062 3540 1157 3595 καὶ
1185 3539 1412 3609 ἀνοήτου
1441 3533 1599 3601 δόξαν
1624 3532 1831 3587 λαϐεῖν·

169 3629 422 3728 ἐπειδὴδὲ
450 3648 635 3705 λοιπὸν
668 3644 872 3717 ἤρξατο
894 3640 1085 3711 λήγειν
1113 3638 1149 3707 ἡ
1179 3634 1338 3705 ζάλη,
1372 3630 1553 3685 καὶτὸ
1591 3629 1700 3683 τῶν
1739 3646 1837 3682 κυσ

176 3724 345 3824 μάτων
368 3750 562 3820 ἄγριον
605 3738 998 3810 κατεστόρεσεν
1031 3736 1059 3787 6
1083 3732 1238 3796 Θεὸς,
1290 3728 1530 3791 εὐκόλως
1555 3724 1651 3779 τοῦ
1675 3724 1837 3793 λόγου

172 3854 232 3907 τά
260 3850 402 3906 ἱστία
450 3842 868 3911 άναπετάσομεν
905 3847 953 3891 ο.
997 3835 1085 3888 Ἐν
1116 3830 1415 3902 συμμέτρῳ
1447 3828 1546 3899 μὲν
1578 3825 1684 3897 γάρ
1727 3841 1840 3895 χει-

183 3953 312 4023 μῶνι
351 3946 647 4018 δυνήσεται
687 3939 816 4001 ἴσως
847 3938 881 4008 ή
908 3934 1072 4005 τέχνη
1102 3932 1327 4002 ποιῆσαι
1355 3928 1418 3980 τὸ
1459 3924 1840 4003 ἐαυτῆςομὸταν

175 4021 225 4102 δὲ
249 4048 453 4118 ἄμαχος
540 4040 651 4093 τῶν
672 4033 997 4105 πνευμάτων
1030 4032 1065 4102 ή
1094 4026 1392 4102 προσϐολὴ,
1419 4024 1516 4095 τῆς
1546 4021 1842 4095 ἐμπειρίας

176 4146 350 4215 ὀφελος
395 4139 574 4195 οὐδέν.
607 4135 706 4189 Διά
735 4133 909 4186 ταῦτα
956 4128 1135 4183 πάντα
1182 4126 1273 4179 τόν
1306 4122 1618 4195 ἔμπροσθεν
1648 4119 1842 4191 χρόνον

180 4244 509 4313 σιγήσαντες,
540 4234 691 4306 μόλις
717 4232 813 4285 καὶ
842 4228 937 4283 νῦν
968 4225 1405 4296 ἐπεχειρήσαμεν
1438 4219 1597 4291 ῥῆξαι
1632 4215 1839 4287 φωνὴν,

181 4337 353 4407 ἐπειδὴ
404 4333 562 4404 παρά
586 4328 680 4383 τοῦ
719 4326 863 4380 θείου
899 4323 1212 4394 ήκούσαμεν
1242 4318 1336 4374 τοῦ
1377 4317 1495 4382 σοῦ,
1543 4316 1627 4369 ὅτι
1655 4313 1843 4367 λοιπὸν

181 4432 274 4503 χρὴ
288 4430 535 4500 θαρρεῖν·
557 4422 783 4492 καὶγὰρ
819 4420 916 4474 καὶ
946 4417 1055 4473 τῶν
1082 4413 1474 4487 θεραπαινίδων
1502 4410 1602 4475 τάς
1631 4412 1690 4462 ἐν
1709 4410 1843 4479 τιμῇ

180 4525 511 4596 κατατολμᾷν
528 4521 670 4590 ὑπὲρ
682 4518 887 4572 τούτων
916 4516 1159 4587 μακροὺς
1185 4512 1491 4596 ἀποτείνειν
1515 4508 1726 4578 λόγους,
1749 4506 1848 4570 τάς

176 4642 228 4677 τε
242 4590 438 4688 ἔξωθεν
458 4590 742 4690 γυναῖκας,
772 4613 868 4668 καὶ
904 4611 1005 4675 τὰς
1024 4611 1173 4680 γένει
1204 4590 1611 4680 προσηκούσας,
1636 4602 1849 4665 καὶτὰς

178 4720 338 4783 άλλως
369 4734 489 4779 πως
519 4709 842 4782 ἐπιτηδείως
869 4707 1119 4780 ἐχούσας.
1149 4706 1274 4759 Ὀτι
1302 4703 1360 4757 δέ
1394 4703 1520 4766 τοὺς
1548 4699 1678 4773 παρ’
1706 4696 1851 4753 ἐκεί-

176 4833 273 4869 νων
302 4810 570 4883 δεχομένη
602 4808 794 4876 λόγους
831 4804 931 4858 οὐκ
965 4803 1252 4875 ἀτιμάσεις
1295 4799 1421 4862 τοὺς
1473 4796 1606 4869 παρ’
1661 4794 1844 4866 ἡμῶν,

325 4910 418 4961 καὶ
447 4906 679 4977 ἡσυχίαν
721 4901 818 4956 καὶ
856 4899 1156 4971 ἀταραξίαν
1192 4895 1453 4969 παρέξεις
1479 4893 1662 4956 αὐτοῖς
1706 4889 1851 4945 κατά

176 5004 414 5075 δύναμιν,
470 5000 677 5070 σφόδρα
712 4993 1025 5068 θαρροῦμεν
1076 4993 1171 5048 καὶ⁴
1217 4988 1687 5060 πεπιστεύκαμεν.
1738 4985 1850 5039 Καὶ

179 5097 339 5161 dum;
363 5098 464 5167 μὲν
490 5090 586 5148 οὖν
612 5092 673 5145 τὺ
698 5092 1006 5161 γυναικεῖον
1031 5087 1189 5158 γένος
1227 5083 1689 5159 ἐπιῤῥεπέστερόν
1730 5081 1849 5145 πῶς

178 5194 286 5247 ἐστι
312 5191 452 5264 πρὸς
487 5186 854 5259 συμπάθειαν·
892 5186 1020 5240 ὅταν
1055 5184 1112 5239 δέ
1141 5184 1235 5238 καὶ
1266 5183 1457 5254 νεότης
1497 5182 1700 5252 προσῇ,
1754 5177 1849 5232 καὶ¹

182 5290 365 5361 χηρεία
388 5289 587 5357 ἄωρος,
623 5285 717 5339 καὶ
754 5281 1095 5354 πραγμάτων
1122 5281 1372 5352 ἀπειρία,
1408 5278 1505 5333 καὶ
1548 5274 1849 5349 φροντίδων

184 5384 324 5455 ὀχλος
357 5381 547 5447 πολὺς,
580 5381 672 5434 καὶ⁸
714 5379 775 5434 τὸ
802 5380 861 5433 ἐν
885 5379 1065 5451 τρυφῇ
1091 5377 1186 5431 καὶ
1217 5373 1456 5446 εὐθυμία
1486 5373 1584 5427 καὶ
1626 5370 1847 5441 πλούτῳ

237 5579 254 5603 ⁸
274 5578 464 5631 Collata
484 5590 593 5627 cum
617 5575 787 5625 codice
804 5573 1090 5626 Colberlino
1105 5570 1200 5620 97L
1218 5574 1271 5620 et
1292 5580 1402 5620 cum
1423 5568 1543 5617 edit.
1566 5566 1718 5617 Savil.
1741 5565 1853 5616 C01-

182 5639 301 5712 beg-L
346 5647 401 5690 et
446 5639 622 5712 )lorel.
651 5638 854 5710 habent,
881 5634 1203 5712 χηρεῦσῇσαγ.
1249 5632 1558 5712 Sav‘iliui'in
1595 5634 1736 5712 [exitu
1757 5646 1850 5712 χτ-

187 5688 1034 5781 ἕιρεύάᾶἓαν.
1059 5696 1216 5747 Paulo
1246 5700 1360 5758 post
1391 5692 1586 5743 iuilium
1607 5688 1687 5738 καὶ
1732 5688 1849 5741 aiite

186 5762 349 5815 ἆτωθεν
374 5767 522 5813 deest
538 5766 589 5812 in
610 5762 830 5812 Colben.

239 5827 267 5866 δ
287 5827 424 5876 Colb.
460 5824 812 5887 παροφθέντων.

235 5894 255 5922 ⁸⁵
285 5891 366 5939 Sic
390 5879 748 5947 Morel.;'Colb.
773 5890 829 5935 el.
854 5879 1004 5934 Savil.
1030 5880 1421 5945 ἀναπετάσωμεν.

1907 1215 1998 1271 τὸν
2024 1213 2335 1287 ἔμπροσθεν
2355 1212 2573 1267 ἅπαντα
2605 1206 2906 1281 τετράφθαι
2936 1208 3149 1280 χρόνον,
3191 1204 3599 1261 πολλαπλάσιον

1909 1306 2116 1375 γίνεται
2147 1304 2209 1356 τὸ
2232 1300 2427 1365 δεινὸν,
2461 1297 2620 1370 κᾶνὴ
2658 1296 2816 1351 τοῦτο
2836 1294 3087 1349 παθοῦσα
3125 1293 3201 1366 μὴ
3245 1294 3346 1366 τῆς
3379 1291 3595 1347 ἄνωθεν

1911 1393 2060 1467 [559]
2072 1393 2213 1465 τύχῃ
2230 1392 2423 1464 ῥοπῆς,
2442 1391 2535 1444 καὶ
2549 1390 2578 1442 6
2604 1386 2782 1458 τυχὼν
2812 1385 2983 1456 αὐτὴν
3009 1383 3268 1455 λογισμὸς
3290 1380 3595 1436 καταλῦσαι

1909 1466 2260 1555 δυνήσεταιά,
2287 1483 2424 1553 ὅπερ
2451 1480 2670 1552 πρῶτον
2702 1476 2797 1531 καὶ
2823 1474 3079 1548 μέγιστον
3107 1473 3206 1544 τῆς
3239 1469 3441 1540 πολλῆς
3467 1466 3597 1555 περὶ

1914 1572 1974 1627 σέ
2000 1554 2091 1626 τοῦ
2120 1568 2255 1625 Θεοῦ
2292 1568 2619 1639 κηδεμονίας
2638 1566 2858 1635 τίθεμαι
2883 1556 3024 1616 εἶναι
3049 1558 3372 1631 τεκμήριον.
3396 1556 3471 1610 Τὸ
3486 1554 3596 1626 γὰρ

1910 1659 2183 1714 τοσούτων
2217 1656 2626 1730 συνδραμόντων
2656 1653 2916 1720 ἐξαίφνης
2963 1646 3150 1703 κακῶν
3186 1645 3262 1719 μὴ
3292 1642 3600 1715 άποπνιγῆ‹

1913 1767 2000 1804 ναι
2026 1750 2093 1820 τῇ
2134 1745 2280 1817 λύπῃ
2306 1784 2322 1809 ,
2359 1744 2493 1816 μηδὲ
2527 1743 2636 1796 τῶν
2678 1740 2818 1794 κατὰ
2860 1737 3022 1809 φύσιν
3050 1736 3310 1806 ἐκστῆναι
3363 1731 3599 1807 φρενῶν,

1914 1838 2014 1892 οὐκ
2035 1833 2385 1907 ἀνθρωπίνης
2414 1831 2556 1895 τινὸς
2589 1827 2841 1902 βοηθείας
2876 1822 2966 1899 ἦν,
3022 1824 3159 1878 ἀλλά
3183 1824 3285 1895 τῆς
3317 1822 3389 1877 τὰ
3420 1821 3603 1876 πάντα

1915 1925 2216 1996 δυναμένης
2239 1922 2440 1995 χειρὸς,
2471 1920 2574 1990 τῆς
2610 1917 2902 1980 συνέσεως,
2934 1910 3003 1987 ἧς
3031 1914 3132 1967 οὐκ
3158 1911 3307 1965 ἔστιν
3338 1908 3601 1982 ἀριθμὸς,

1916 2015 2014 2086 τῆς
2039 2015 2375 2086 φρονήσεως,
2395 2004 2465 2081 ἧς
2497 2009 2599 2062 οὑκ
2628 2006 2778 2060 ἔστιν
2802 2003 3102 2077 ἐξεύρεσις,
3134 1999 3228 2055 τοῦ
3248 1998 3464 2070 Πατρὸς
3492 1996 3607 2051 τῶν

1918 2084 2220 2174 οἰκτιρμῶν
2262 2100 2356 2154 καὶ
2389 2096 2525 2152 Θεοῦ
2580 2095 2766 2166 πάσης
2797 2092 3222 2163 παρακλήσεως.
3255 2087 3451 2154 Αὐτὸς
3493 2084 3607 2157 γὰρ

1917 2190 2214 2247 πέπαικεν
2245 2187 2425 2258 ἡμᾶς,
2485 2185 2643 2256 φησὶ,
2691 2185 2789 2237 καὶ
2840 2180 3071 2236 ἰάσεται
3104 2176 3284 2249 ἡμᾶς’
3330 2174 3607 2241 πατάξει,

1919 2281 2018 2336 καὶ
2037 2276 2301 2351 μοτώσει
2329 2272 2487 2346 ἡμᾶς
2514 2271 2615 2328 καὶ
2634 2271 2868 2342 ὐγιιίσει
2892 2266 3072 2340 ἡμᾶς.

1994 2416 2141 2479 Ἕως
2185 2413 2284 2485 μὲν
2311 2411 2421 2483 γάρ
2469 2424 2553 2464 σοι
2614 2406 2780 2478 συνῆν
2811 2408 2840 2460 ὀ
2884 2403 3154 2476 μακάριος
3201 2384 3608 2471 ἐκεῖνος’ἁνὴρ,

1923 2504 2200 2567 ἀπέλαυες
2231 2513 2255 2542 ε
2322 2501 2421 2573 μέν
2471 2496 2641 2570 τιμῆς
2696 2495 2791 2550 καὶ
2846 2492 3127 2566 φροντίδος
3191 2490 3288 2545 καὶ
3338 2488 3608 2559 σπουδῆς,

1924 2592 2196 2654 ἀπέλαυες
2232 2589 2291 2642 δέ
2328 2572 2448 2652 οἵας
2476 2584 2628 2657 παρὰ
2654 2581 2944 2655 ἀνθρώπου
3000 2579 3294 2635 ἀπολαύειν
3332 2577 3480 2641 είκδς
3518 2572 3609 2648 ἦν·

1926 2679 2113 2751 ἐπειδὴ
2140 2678 2198 2732 δὲ
2247 2680 2452 2733 ἐκεῖνον
2494 2672 2652 2728 έλασε
2697 2671 2836 2742 πρὸς
2866 2668 3056 2751 ἑαυτὸν
3082 2669 3111 2722 ὀ
3137 2666 3290 2751 Θεὸς,
3319 2665 3436 2720 ἀντ’
3470 2665 3616 2719 ἐκεί-

1925 2786 2017 2824 νου
2070 2743 2153 2821 σοι
2206 2767 2431 2836 γέγονεν
2477 2760 2664 2826 αὐτός.
2713 2760 2823 2813 Καὶ
2869 2759 2972 2812 οὐκ
3022 2743 3155 2828 ἐμὸς
3195 2748 3351 2819 οὗτος
3378 2756 3406 2808 6
3432 2753 3614 2823 λόγος,

1926 2855 2065 2911 ἀλλά
2089 2854 2184 2908 τοῦ
2220 2853 2493 2926 μακαρίου
2547 2850 2830 2923 προφήτου
2855 2847 3039 2902 Δαυῒδ⁶
3073 2846 3207 2916 φησὶ
3233 2844 3363 2917 γάρ·
3401 2844 3618 2913 Ὀρφα-

1926 2944 2040 2999 νὺν
2072 2943 2170 2998 καὶ
2224 2940 2420 3013 χήραν
2446 2939 2844 3008 ἀναλήψεται.
2883 2936 2999 2991 Καὶ
3035 2933 3313 3006 ἀλλαχοῦῐ
3356 2933 3414 2988 δὲ
3454 2933 3618 2987 αὐτὸν

1929 3031 2145 3102 πατέρα
2201 3030 2359 3084 καλεῖ
2393 3028 2502 3081 τῶν
2547 3024 2822 3098 ὀρφανῶν,
2877 3025 2972 3077 καὶ
3018 3021 3210 3095 κριτὴν
3243 3020 3352 3075 τῶν
3407 3018 3614 3093 χηρῶν

1930 3118 2072 3173 οὕτω
2101 3116 2300 3188 πολλὴν
2335 3116 2474 3186 ὑπὲρ
2506 3114 2696 3166 τούτου
2717 3110 2809 3165 τοῦ
2841 3111 3030 3181 γένους
3060 3108 3330 3181 πολλαχοῦ
3362 3108 3623 3180 ποιούμερ

1931 3223 2020 3262 νον
2045 3206 2206 3259 αὐτὸν
2239 3204 2360 3275 ὕψει
2388 3202 2486 3274 τὴν
2512 3199 2769 3271 σπουδήν.

2007 3346 2074 3418 β’.
2102 3344 2222 3398 Ἵνα
2239 3344 2297 3398 δὲ
2317 3342 2392 3415 μὴ
2410 3339 2651 3413 συνεχῶς
2664 3337 2823 3393 τοῦτο
2839 3336 3133 3408 λεγόμενον
3144 3335 3205 3389 τὸ
3221 3335 3392 3406 ὀνομα
3411 3335 3621 3409 στρέφῃ

1937 3450 2031 3487 σου
2071 3432 2170 3504 τήν
2198 3431 2397 3503 ψυχὴν,
2428 3430 2525 3483 καὶ
2570 3428 2776 3500 συγχέῃ
2813 3444 2907 3481 σου
2937 3425 3030 3479 τὸν
3057 3423 3355 3495 λογισμὸν,
3384 3424 3443 3477 ἐν
3470 3422 3623 3495 αὐτῷ

1934 3523 2035 3594 τῆς
2054 3520 2272 3592 ἡλικίας
2305 3518 2384 3589 τῷ
2414 3517 2563 3572 ἄνθει
2597 3515 2845 3580 ἐπελθὸν,
2872 3514 3015 3585 ὑπὲρ
3044 3512 3235 3566 τούτου
3267 3511 3625 3583 διαλεχθῆναι

1940 3609 2200 3682 βούλομαι
2222 3607 2437 3680 πρῶτον
2466 3606 2561 3660 καὶ
2585 3604 2754 3670 δεῖξαι
2781 3605 2863 3658 ὅτι
2886 3604 2946 3657 ού
2976 3600 3434 3673 συμφορᾶς,ἀλλά
3454 3603 3625 3672 τιμῆς

1940 3700 2087 3752 ἐστιν
2116 3697 2287 3766 δνομα
2324 3693 2409 3767 [τὸ
2439 3694 2539 3766 τῆς
2564 3693 2794 3765 χηρείας
2833 3689 3050 3762 ὀνομα],
3087 3689 3180 3742 καὶ
3201 3689 3367 3761 τιμῆς
3395 3689 3495 3759 τῆς
3529 3705 3629 3758 με·

1938 3786 2152 3857 γίστης.
2199 3785 2293 3856 Μὴ
2321 3785 2550 3855 γάρ’μοι
2584 3782 2685 3852 τὴν
2720 3781 2827 3834 τῶν
2866 3778 3076 3833 πολλῶν
3103 3777 3262 3842 δόξαν
3291 3778 3391 3849 τὴν
3418 3777 3628 3831 πεπλα-

1940 3874 2182 3947 νημένην
2212 3875 2292 3939 είς
2325 3871 2628 3944 μαρτυρίαν
2650 3870 2886 3939 ἀγάγῃς,
2902 3867 3042 3922 ἀλλά
3062 3866 3157 3920 τοῦ
3191 3865 3463 3938 μακαρίου
3481 3865 3628 3920 Παύ-

1940 3961 2055 4028 λου,
2105 3962 2308 4033 μᾶλλον
2353 3960 2411 4014 δὲ
2440 3958 2535 4013 τοῦ
2581 3956 2818 4030 Χριστοῦ
2876 3957 2975 4029 τὴν
3005 3955 3350 4027 νομοθεσίαν.
3404 3954 3473 4007 Ἃ
3515 3954 3627 4028 γὰρ

1943 4052 2150 4115 ἐκεῖνος
2178 4049 2498 4119 ἐφθέγγετο,
2555 4047 2729 4100 ταῦτα
2756 4048 2784 4099 6
2836 4042 3075 4116 Χριστὸς
3120 4042 3396 4097 ἐλάλει-δι’
3432 4043 3629 4109 αὐτοῦ,

1943 4139 2128 4203 καθὼς
2150 4140 2244 4192 καὶ
2270 4137 2430 4199 αὐτὸς
2460 4135 2667 4202 ἔλεγεν,
2699 4136 2766 4187 El
2790 4135 2815 4174 8
2856 4130 3114 4200 δοκιμὴν
3139 4129 3360 4199 ζητεῖτε
3402 4130 3511 4186 τοῦ
3558 4132 3632 4186 ἐν

1942 4226 2073 4295 ἐμοὶ
2101 4224 2442 4287 λαλοῦντος
2465 4218 2725 4289 Χριστοῦ
2754 4233 2776 4283 ;
2822 4218 2887 4271 Τί
2907 4215 3001 4270 οὖν
3034 4234 3167 4288 φησι
3195 4233 3210 4283 ;
3250 4216 3419 4286 Χήρα
3444 4234 3631 4272 κατα-

1944 4315 2211 4383 λεγέσθω
2232 4311 2317 4381 μὴ
2363 4310 2622 4365 ἔλαττον
2663 4305 2817 4361 ἑτῶν
2847 4304 3149 4373 ἐξήκοντα
3201 4305 3506 4376 τεγονυῖιν
3531 4307 3629 4362 καὶ

1947 4401 2129 4455 πάλινο
2178 4397 2482 4465 Νεωτέρας
2515 4394 2583 4448 δὲ
2630 4394 2821 4464 χήρας
2858 4392 3170 4461 παραιτοῦο
3203 4393 3271 4446 δι’
3304 4393 3633 4466 ἀμφοτέρων

1948 4487 2041 4542 τοῦ
2076 4487 2401 4559 πράγματος
2452 4485 2582 4555 ἡμῖν
2630 4485 2690 4536 τὸ
2718 4481 2947 4553 μέγεθος
2982 4481 3339 4554 παραστῆσαι
3372 4481 3634 4553 βουλόμε-

1948 4594 2057 4640 νος.
2097 4575 2207 4629 Καὶ¹
2253 4575 2382 4645 περὶ
2428 4574 2525 4644 μὲν
2573 4571 2887 4626 ἐπισκόπων
2919 4569 3337 4641 διαταττόμενος
3391 4570 3639 4643 οὐδαμοῦ

1947 4663 2163 4733 τίθησιν
2191 4662 2326 4715 ἐτῶν
2360 4661 2614 4734 ἀριθμὸν,
2669 4658 2904 4713 ἐνταῦθα
2932 4658 2990 4711 δὲ
3016 4658 3221 4729 πολλὴν
3254 4662 3491 4712 ποιεῖται
3533 4659 3636 4732 τὴν

1950 4751 2255 4823 ἀκρίϐειαν.
2288 4751 2353 4803 Τί
2378 4751 2606 4820 δήποτε;
2642 4748 2756 4818 Οὐχ
2782 4747 2863 4801 ὅτι
2890 4749 2922 4818 ή
2949 4746 3146 4818 χηρεία
3178 4747 3381 4817 μείζων
3402 4744 3637 4818 ἱερωσύ-

1950 4857 2048 4911 νης
2075 4840 2242 4904 ἐστὶν,
2280 4838 2394 4892 ἀλλ’
2418 4839 2501 4891 ὅτι
2534 4836 2759 4909 μείζονα
2786 4830 2950 4889 αὗται
2988 4836 3152 4889 πόνον
3185 4834 3410 4889 ἐκείνων
3426 4834 3638 4906 έχουσι,

1952 4927 2297 5000 πραγμάτων
2347 4927 2519 4990 αὑτὰς
2572 4924 2785 4979 πολλῶν
2818 4923 3152 4995 πολλαχόθεν
3203 4923 3636 4994 περιρῤεόντων,

1952 5016 2225 5088 δημοσίων
2255 5016 2350 5069 καὶ
2380 5013 2682 5069 ίδιωτικῶν.
2713 5012 2981 5083 Καθάπερ
3011 5011 3121 5083 γὰρ
3150 5010 3304 5074 πόλις
3332 5009 3639 5081 ἀτείχιστος

1955 5107 2036 5169 είς
2070 5106 2233 5176 μέσον
2284 5105 2457 5159 ἅπασι
2488 5106 2601 5167 τοῖς
2634 5101 2978 5173 βουλομένοις
3009 5098 3280 5171 ἁρπάζειν
3325 5098 3635 5170 πρόκειται,

1954 5192 2099 5248 οὕτω
2130 5194 2225 5247 καὶ
2248 5193 2383 5264 κόρη
2413 5191 2611 5264 χηρείᾳ
2635 5189 2857 5254 συζῶσα
2888 5188 3119 5252 πολλοὺς
3152 5186 3267 5259 ἔχει
3295 5187 3643 5259 πανταχόθεν

1955 5283 2082 5346 τοὺς
2137 5280 2586 5343 ἐπιϐουλεύοντας
2611 5319 2626 5345 ,
2682 5279 2743 5332 οὐ
2775 5280 2906 5342 τοὺς
2941 5277 3051 5331 τῶν
3102 5276 3406 5347 χρημάτων
3464 5277 3643 5348 αὐτῆς

1920 5368 2281 5444 ,οέφιεμένους
2315 5367 2495 5441 μόνον,
2536 5365 2673 5422 ἀλλὰ
2693 5366 2788 5421 καὶ
2810 5365 2937 5429 τοὺς
2961 5365 3062 5436 τὴν
3092 5363 3450 5437 σωφροσύνην
3471 5366 3640 5439 αὐτῆς

2025 5560 2309 5635 ξὶείομῦοῌι.
2339 5560 2512 5611 Morel.
2539 5568 2595 5611 et
2614 5559 2768 5612 Savil.
2793 5561 2842 5611 in
2862 5571 3039 5622 ωσι-8.,
3063 5556 3213 5608 Savil.
3251 5557 3301 5606 in
3326 5561 3468 5606 textu
3490 5574 3643 5608 κατα-

1956 5624 2131 5673 κλύσαι
2155 5625 2425 5681 δυνήσεται.

1957 5678 2331 5797 έλέυῗέοδεέθη.
2371 5683 2554 5736 melius
2595 5697 2743 5747 quam
2777 5683 2951 5734 Morel.
2979 5691 3033 5734 et
3055 5680 3195 5734 Colb.
3222 5681 3310 5745 qui
3332 5678 3525 5743 habent.
3547 5680 3643 5730 ἀπ-

2028 5808 2047 5847 Ῑ
2073 5810 2225 5858 SaViI.
2248 5814 2302 5859 et
2323 5808 2459 5859 Colb.
2484 5809 2566 5857 καὶ
2588 5808 2750 5858 πάλιν.

2018 5874 2049 5949 ιε
2078 5870 2230 5922 Savil.
2258 5878 2311 5922 et
2334 5871 2511 5922 Morel.
2534 5870 2751 5934 ei,C01b.
2779 5870 2828 5930 ἦ.
