4020 6372
458 325 559 383 601

453 441 761 511 διαφθεῖραι
798 438 1144 502 σπεύδοντας.
1182 436 1294 489 Kal
1329 437 1390 488 οὑ
1412 434 1615 497 ταύτας
1646 432 1827 503 μόνον,
1857 430 1996 485 ἀλλά
2037 431 2132 483 καὶ

454 538 651 609 ἐτέρας
700 537 836 610 πρὸς
871 537 934 590 τὸ
954 538 1139 588 πεσεῖν
1183 533 1354 604 αὑτὴν
1380 529 1635 600 ἀφορμὰς
1691 527 2134 599 προσγενομένας

454 634 783 705 εὑρήσομεν.
820 633 931 687 Kal
958 631 1067 703 γάρ
1115 630 1320 685 οἰκέται
1349 622 1837 697 καταφρονοῦντες,
1870 625 1965 678 καὶ
1993 625 2133 696 πρά-

457 747 642 800 γματα
675 729 1041 801 ἀμελούμενα,
1099 727 1194 781 καὶ
1218 726 1281 779 τὸ
1315 723 1510 796 μηκέτι
1539 726 1596 775 ἐν
1627 724 1695 793 τῇ
1732 720 1973 793 προτέρᾳ
1993 716 2134 775 εἶναι

453 828 608 897 τιμῇ,
640 826 735 878 καὶ
781 825 843 879 τὸ
872 824 971 888 τὰς
992 824 1258 895 ὁμήλικας
1284 818 1342 876 εὖ
1376 816 1723 891 πραττούσας
1748 819 1903 889 όρᾷν,
1936 818 2135 873 πολλά-

454 940 541 986 κις
568 923 625 976 δὲ
647 924 741 977 καὶ
768 923 831 976 τδ
860 921 1074 995 τρυφῆς
1103 916 1695 991 ἐπιθυμεῖν,δευτέροις
1720 915 1890 980 αὑτάς
1914 916 2134 970 ἔπεισεν

449 1021 709 1091 ὁμιλῆσαι
738 1021 960 1091 γάμοις.

520 1116 644 1169 Εἰσὶ
686 1116 743 1169 δὲ
775 1115 831 1170 αἳ
865 1115 1015 1186 νόμῳ
1064 1116 1163 1185 μὲν
1209 1114 1388 1185 γάμου
1428 1115 1530 1168 οὑκ
1582 1113 1825 1168 ἐθέλουσι
1878 1113 2135 1183 συγγενέ-

449 1214 573 1267 σθαι
611 1216 724 1277 τοῖς
754 1213 980 1285 ἀνδράσι
1000 1252 1016 1277 ,
1041 1212 1219 1284 λάθρα
1249 1211 1307 1265 δὲ
1336 1211 1432 1265 καὶ
1472 1211 1609 1283 μετά
1649 1210 1743 1265 τοῦ
1777 1210 2129 1283 κρύπτεσθαι.

448 1310 601 1382 [540]
635 1309 809 1364 Τοῦτο
852 1310 910 1363 δὲ
938 1308 1204 1375 ποιοῦσιν,
1250 1307 1339 1361 ῐνα
1378 1306 1449 1361 τά
1481 1306 1733 1379 ἐγκώμια
1771 1307 1871 1378 τῆς
1910 1307 2134 1378 χηρείας

447 1406 890 1480 καρπὼσωνταιο
935 1405 1110 1470 οὑτως
1151 1405 1251 1459 οὑκ
1302 1403 1684 1469 ἐπονείδιστον,
1730 1404 1866 1458 άλλά
1922 1403 2134 1473 θαυμα-

449 1507 573 1562 στὸν
604 1506 701 1560 καὶ
740 1506 907 1578 τιμῆς
943 1505 1093 1571 ἄξιον
1119 1504 1181 1557 τὸ
1215 1505 1446 1575 πρᾶγμα
1473 1502 1625 1573 παρὰ
1653 1501 1960 1574 ἀνθρώποις
1992 1497 2132 1555 εἶναι

446 1604 615 1669 δοκεῖ,
677 1604 738 1657 οὑ
770 1602 901 1673 παρ’
928 1603 1061 1673 ἡμῖν
1100 1601 1259 1672 μόνον
1292 1602 1404 1661 τοῖς
1446 1602 1677 1663 πιστοῖς,
1720 1599 1857 1652 ἀλλά
1898 1598 2132 1661 καὶτοῖς

446 1700 699 1763 ἀπίστοις
752 1699 955 1761 αὑτοῖς.
1014 1697 1123 1749 Καὶ
1166 1694 1275 1766 γὰρ
1312 1694 1423 1765 ἐγώ
1471 1714 1601 1749 ποτε
1638 1696 1757 1759 νέος
1790 1694 1871 1749 ἔτι
1910 1694 2008 1762 ῶν,
2040 1694 2131 1749 τὸν

453 1796 712 1868 σοφιστὴν
735 1797 827 1850 τὸν
856 1794 988 1866 ἐμὸν
1029 1793 1274 1867 (πάντων
1316 1794 1373 1849 δέ
1401 1795 1612 1869 ἀνδρῶν
1639 1795 2134 1866 δεισιδαιμονέστε-

451 1914 542 1969 ρος
567 1898 773 1960 ἐκεῖνος
804 1891 896 1965 ἦν)
924 1889 1041 1947 οἶδα
1080 1893 1174 1947 ἐπὶ
1216 1892 1428 1947 πολλῶν
1471 1894 1570 1965 τὴν
1627 1893 1841 1965 μητέρα
1867 1893 1965 1964 τὴν
1994 1894 2134 1965 ἐμὴν

458 1995 829 2067 θαυμάζοντα.
855 1993 976 2047 Τῶν
1001 1991 1111 2062 γάρ
1150 1990 1633 2063 παρακαθημένων
1667 1989 1816 2062 αὑτῷ
1865 1990 2135 2045 πυνθανό-

453 2107 613 2161 μενος
637 2098 679 2155 ⁸,
707 2083 797 2142 οἷα
826 2087 1008 2155 εἴωθε,
1039 2087 1124 2150 τίς
1141 2088 1258 2159 εἵην
1283 2085 1414 2156 ἐγὼ,
1445 2090 1533 2143 καὶ
1574 2087 1723 2151 τίνος
1754 2088 2021 2153 εἰπόντος,
2052 2090 2135 2143 ὅτι

452 2187 633 2257 χήρας
667 2184 947 2255 γυναικὸς,
1002 2182 1271 2255 ἐμάνθανε
1331 2185 1461 2254 παρ’
1513 2182 1648 2253 ἐμοῦ
1689 2184 1790 2255 τήν
1828 2201 1888 2237 τε
1918 2184 2135 2255 ἡλικίαν

452 2285 553 2355 τῆς
589 2284 798 2354 μητρὸς
826 2282 921 2335 καὶ
950 2284 1050 2351 τῆς
1104 2281 1332 2359 χηρείας
1358 2281 1451 2335 τὸν
1497 2282 1706 2353 χρόνον
1737 2281 1814 2347 ὡς
1846 2282 1903 2336 δὲ
1957 2278 2130 2349 εἶπον,

451 2380 537 2433 ὅτι
559 2378 700 2431 ἐτῶν
730 2377 1132 2450 τεσσαράκοντα
1158 2380 1414 2447 γεγονυῖα
1437 2377 1642 2431 εἴκοσιν
1665 2377 1779 2448 ἔχει
1812 2378 2019 2444 λοιπὸν,
2076 2379 2137 2445 ἐξ

453 2468 516 2529 οῦ
541 2472 632 2527 τὸν
672 2472 889 2543 πατέρα
920 2471 1164 2525 ἀπέϐαλε
1193 2471 1286 2526 τὸν
1312 2471 1445 2543 ἐμὸν
1465 2511 1481 2536 ,
1537 2473 1810 2543 ἐξεπλάγη
1831 2515 1846 2539 ,
1900 2473 1996 2526 καὶ
2035 2474 2132 2526 ἀνι

450 2571 646 2644 εϐόησε
676 2571 947 2643 μέγα,καὶ
977 2570 1120 2641 πρὸς
1142 2569 1268 2633 τοὺς
1298 2568 1570 2639 παρόντας
1601 2568 1744 2623 ἰδών·
1779 2568 1973 2633 Βαϐαῖ,
2005 2569 2131 2640 ἔφη,

451 2663 563 2723 οἲαι
588 2668 740 2740 παρά
763 2669 1111 2740 Χριστιανοῖς
1147 2666 1406 2735 γυναῖκές
1428 2667 1554 2719 είσι.
1601 2665 1871 2719 Τοσούτου
1894 2666 1954 2718 οὑ
2003 2668 2132 2737 παρ’

451 2769 585 2836 ἡμῖν
624 2765 804 2837 μόνον,
852 2764 989 2817 ἀλλά
1026 2763 1120 2817 καὶ
1151 2761 1305 2834 παρά
1346 2764 1460 2827 τοῖς
1516 2761 1713 2826 ἔξωθεν
1739 2762 1773 2802 ι»
1799 2762 1861 2816 τὸ
1902 2763 2135 2834 πρᾶγμα

452 2859 715 2914 ἀπολαύει
742 2859 837 2913 τοῦ
871 2857 1147 2929 θαύματος
1170 2848 1390 2911 καὶτοῦ
1416 2855 1661 2910 ἐπαίνου.
1702 2857 1883 2928 ’Δπερ
1912 2857 2129 2911 ἅπαντα

453 2955 680 3009 συνιδὼν
706 2957 736 3009 6
766 2955 1037 3027 μακάριος
1057 2953 1289 3018 Παῦλος,
1308 2953 1480 3022 ἔλεγε·
1499 2951 1666 3020 Χήρα
1693 2952 2131 3023 καταλεγέσθω,

454 3052 543 3123 μὴ
574 3054 831 3108 ἔλαττον
851 3050 1003 3105 ἐτῶν
1030 3050 1329 3119 ἐξήκοντα
1370 3049 1670 3120 γεγονυῖα.
1710 3050 1820 3103 Kal
1843 3049 1967 3103 οὑδέ
1995 3048 2135 3121 μετὰ

401 3142 405 3147 ”
450 3153 554 3223 τὴν
576 3151 846 3223 τοσαύτην
874 3150 985 3206 τῶν
1021 3149 1229 3221 χρόνων
1256 3147 1565 3220 μαρτυρίαν
1599 3146 1823 3217 ἀφίησιν
1852 3146 2023 3216 αὑτὴν
2054 3147 2136 3209 εἰς

450 3249 543 3302 τὸν
574 3247 727 3317 ἅγιον
748 3245 937 3301 τοῦτον
970 3244 1209 3315 ταγῆναι
1229 3242 1418 3314 χορὸν,
1474 3240 1610 3294 ἀλλὰ
1637 3241 1731 3294 καὶ
1764 3240 1929 3312 ἔτερα
1959 3256 2131 3311 προσ-

449 3337 635 3406 τίθησι
695 3338 891 3405 λέγων,
932 3336 1031 3388 Ἐν
1052 3333 1251 3404 ἔργοις
1285 3331 1529 3401 ἀγαθοῖς
1557 3331 2043 3401 μαρτιιρουμένη.
2082 3332 2132 3383 εί

452 3431 989 3499 ἐτεκνοτρόφησεν,
1042 3429 1093 3481 εί
1121 3424 1583 3492 ἐξενοδόχησεν,
1618 3428 1671 3477 εί
1707 3424 1892 3492 ἁγίων
1943 3424 2132 3490 πόδας

451 3528 688 3594 ἔνιψεν,
743 3527 794 3578 εὶ
823 3520 1196 3591 θλιϐομένοις
1243 3517 1606 3586 ἐπήρκεσεν,
1658 3521 1711 3573 εὶ
1761 3519 1941 3572 παντί
1981 3519 2133 3589 ἔργῳ

453 3620 653 3695 ἀγαθῷ
698 3617 1179 3686 ἐπηκολούθησε.
1212 3614 1388 3668 Βαῦαὶ
1416 3616 1515 3685 τῆς
1563 3614 1884 3683 δοκιμασίας
1905 3615 2001 3668 καὶ
2036 3616 2134 3686 τῆς

456 3718 715 3786 βασάνου,
744 3716 877 3786 ὅσην
900 3713 1054 3785 παρά
1101 3712 1203 3782 τῆς
1236 3714 1412 3783 χήρας
1438 3713 1662 3765 ἀπαιτεί
1696 3711 1794 3781 τὴν
1817 3712 2017 3783 ἀρετὴν
2041 3713 2134 3765 καὶ

454 3805 571 3870 πῶς
595 3810 1065 3883 ἀκριϐολογεῖταιι
1095 3810 1196 3861 οὑκ
1226 3808 1291 3861 ἂν
1330 3807 1490 3861 τοῦτο
1515 3809 1767 3878 ποιήσας,
1809 3809 1857 3859 εἰ
1884 3808 1959 3880 μὴ
1994 3809 2134 3877 πρά·

454 3922 571 3976 γμα
592 3905 772 3975 τίμιον
801 3905 896 3958 καὶ
935 3904 1134 3975 σεμνὸν
1157 3903 1379 3974 ἔμελλεν
1400 3898 1751 3973 ἐμπιστεύειν
1786 3901 1946 3972 αὑτῇ.
1995 3902 2127 3965 Kal,

454 4001 759 4071 Νεωτέρας
790 4001 877 4065 δὲ,
933 4003 1091 4071 φησὶ,
1116 4001 1306 4071 χήρας
1354 3999 1665 4068 παραιτοῦ.
1720 3995 1853 4053 Εἶτα
1898 4001 1992 4053 καὶ
2034 4001 2134 4072 τὴν

455 4098 632 4152 αἰτίαν
662 4097 1037 4168 προστίθησιν’
1071 4097 1259 4151 Ὅταν
1286 4096 1395 4167 γὰρ
1434 4095 2003 4166 καταστρηνιάσωσι
2024 4094 2132 4149 τοῦ

454 4195 735 4262 Χριστοῦ,
769 4194 980 4264 ταμεῖν
1038 4194 1309 4250 θέλουσι.
1357 4194 1455 4249 Διά
1493 4194 1682 4248 τούτου
1715 4194 1823 4265 γὰρ
1850 4196 1983 4265 ἡμῖν
2034 4191 2131 4246 τοῦ

457 4292 700 4363 ῥήματος
733 4290 1050 4354 αἰνίττεται,
1110 4291 1193 4343 ὃτι
1222 4289 1279 4342 αἱ
1324 4289 1473 4352 τοὺς,
1505 4288 1704 4360 ἄνδρας
1758 4288 2129 4342 ἀποϐαλοῦσαι

456 4390 571 4441 ἀντ’
623 4386 847 4441 ἐκείνων
876 4386 1236 4457 ἁρμόττονται
1288 4384 1367 4455 τῷ
1403 4385 1643 4456 Χριστῷ.
1677 4385 1818 4456 Ὀρα
1866 4384 1984 4447 πῶς
2019 4384 2130 4437 δει-

457 4484 589 4545 κνὺς
620 4493 642 4521 ο
671 4483 771 4552 τὴν
805 4481 1069 4553 ἁρμονίαν
1098 4483 1302 4549 ταύτην
1356 4481 1521 4551 ῥᾴονα
1546 4476 1714 4533 οὖσαν
1764 4480 1860 4533 καὶ
1887 4481 2126 4549 ἐπιεικῆ,

456 4576 616 4630 τοῦτο
643 4576 845 4648 τίθησι’
869 4576 1014 4644 λέγω
1041 4575 1099 4628 δὲ
1131 4575 1416 4637 τδ,”οταν
1439 4574 1549 4643 γὰρ
1572 4575 2132 4642 καταστρηνιάσωσι

455 4671 563 4729 τοῦ
598 4672 878 4741 Χριστοῦ,
912 4671 1122 4742 γαμεῖν
1147 4669 1414 4735 θέλουσι,
1447 4670 1697 4741 καθάπερ
1760 4670 1906 4735 τινὸς
1942 4672 2133 4743 ἀνδρὸς

456 4767 756 4832 ἐπιεικοῦς,
781 4769 876 4822 καὶ
900 4768 961 4821 οὑ
990 4768 1103 4838 μετ’
1134 4767 1382 4834 ἐξουσίας
1415 4754 1604 4830 ἀὺταῖς
1632 4765 1995 4837 κεχρημένου,
2016 4766 2130 4819 ἀλλ’

458 4867 656 4930 ἐῶντος
689 4867 746 4919 ἐν
776 4864 1060 4935 ἐλευθερίᾳ
1102 4864 1221 4934 ζῇν.
1255 4865 1363 4916 Kal
1414 4863 1535 4916 οὑδὲ
1588 4864 1748 4934 μέχρι
1795 4865 2001 4918 τούτων
2040 4866 2130 4919 τὸν

457 4963 615 5033 λόγον
638 4962 889 5033 ἔστησεν,
922 4961 1057 5015 ἀλλά
1084 4962 1175 5015 καὶ
1204 4959 1430 5031 ἑτέρωθι
1465 4960 1625 5013 πάλιν
1650 4961 1850 5031 πολλὴν
1872 4962 2011 5033 ὑπὲρ
2032 4963 2130 5015 αὑ-

457 5058 559 5128 τῆς
586 5058 683 5129 τὴν
713 5058 969 5130 φροντίδα
1006 5057 1297 5127 πεποίηται
1326 5055 1516 5124 λέγων·
1562 5058 1631 5111 Ἡ
1662 5057 1730 5111 δὲ
1757 5060 2133 5115 σπαταλῶσα

461 5153 620 5215 ζῶσα
646 5155 951 5224 τέθνηκεν’
998 5157 1037 5224 ἠ
1085 5153 1153 5208 δὲ
1185 5154 1369 5218 ὄντως
1413 5154 1569 5223 χήρα
1618 5154 1716 5208 καὶ
1740 5155 2130 5224 μεμονωμένη

461 5251 727 5320 ἤλπισεν
753 5252 853 5306 ἐπὶ
882 5255 990 5306 τὸν
1010 5251 1179 5316 Θεὸν,
1202 5250 1300 5304 καὶ
1347 5250 1672 5319 προσμένει
1700 5252 1828 5317 ταῖς
1876 5252 2132 5321 δεήσεσι

528 5410 554 5437 ⁸
580 5410 728 5458 SaVil.
751 5410 1131 5471 πυνθανομένων,
1156 5406 1294 5458 Colb.
1316 5407 1678 5469 πυνθανόμενον,
1707 5407 1879 5456 Morel.
1904 5409 2130 5457 πυνθανό-

478 5486 616 5524 μενος.

466 5487 665 5579 (“logie
687 5530 821 5580 Colb.
851 5536 903 5580 et
922 5531 1071 5579 Savil.
1093 5533 1252 5589 recte,
1287 5529 1459 5579 Morel.
1488 5541 1604 5577 vero
1625 5531 1737 5592 παρ’
1757 5532 1893 5592 ἡμῶν
1915 5547 1986 5593 μ.,
2011 5533 2133 5580 ἀλλὰ

466 5593 548 5638 καὶ
578 5593 688 5653 παρ’
709 5593 863 5639 αὑτῶν
890 5594 1069 5645 ἔξωθεν.

533 5656 554 5681 ε
579 5651 716 5715 Cpib.
759 5658 811 5699 ct
832 5654 979 5700 Savil.
1005 5655 1074 5715 τῷ
1098 5652 1306 5715 Χριστῷ.
1344 5651 1464 5715 Εἶτα
1504 5652 1701 5715 δεικνύς,
1728 5652 1899 5701 Morel.
1926 5655 1994 5714 τῷ
2020 5656 2134 5715 Χρι-

470 5715 587 5778 σ’ςῷ.
617 5713 866 5778 νοραλπῶς
886 5713 1218 5778 δεικνύςγΜοχ
1239 5714 1424 5778 910ml;
1461 5718 1514 5778 ςξι
1552 5714 1698 5761 Sam.
1742 5716 1787 5778 i_n
1812 5722 1946 5761 Iexlu
1990 5713 2135 5778 ῥᾴονα

471 5772 635 5835 οὖσαν,
660 5772 804 5822 εωιι.
830 5774 878 5823 in
903 5787 1052 5836 marg.
1081 5777 1191 5838 ῥᾷον
1210 5775 1373 5833 οὖσαν,
1392 5773 1529 5821 Colb.
1552 5780 1700 5835 πρᾶον
1725 5776 1886 5823 οὖσαν.

1261 327 1319 384 S.
1358 325 1644 419 JQANNIS
1680 323 2166 380 CHRYSOSTOMI
2207 322 2533 379 ARCHIEP.
2568 319 3125 379 CONSTANTINOP.

3794 326 3895 381 θαι

2238 432 2337 485 καὶ
2359 430 2488 497 ταῖς
2517 431 2885 504 προσευχαῖς
2905 433 3129 504 ἡμέρας
3154 433 3251 489 καὶ
3287 439 3526 502 νυκτός.
3568 437 3675 490 Kal
3708 441 3887 508 Κοριν-

2237 528 2372 592 θίοις
2387 529 2717 584 ἐπιστέλλων
2745 531 2898 603 φησί·
2914 532 3331 601 Μακαριωτέρα
3354 530 3420 586 δέ
3448 535 3619 587 ἐστιν
3630 533 3734 588 ἐὰν
3750 540 3889 591 οὕτω

2231 629 2433 698 μείνῃ.
2463 624 2617 692 Εἶδες
2651 629 2751 681 ὅσα
2776 628 2875 700 τῆς
2904 629 3131 700 χηρείας
3182 629 3251 683 τά
3297 629 3569 701 ἐγκώμια,
3600 631 3693 683 καὶ
3728 634 3887 690 ταῦτα

2236 726 2294 776 ἐν
2318 727 2383 796 τῇ
2415 724 2714 795 Καινῇ,ὃτε
2744 723 2838 777 καὶ
2870 725 2932 778 τὸ
2960 724 3061 795 τῆς
3086 725 3381 798 παρθενίας
3413 726 3676 800 διέλαμψε
3708 730 3886 797 καλόν;

2235 819 2350 874 ἀλλ’
2382 821 2531 891 ὅμως
2555 821 2677 875 οὑδέ
2704 820 2826 873 τότε
2856 819 2955 884 τὰς
2990 823 3359 893 μαρμαρυγὰς
3392 824 3564 894 αὑτῆς
3596 826 3893 897 ἀποκρύψαι

2239 916 2457 988 ἴσχυσεν
2490 918 2524 988 ἡ
2545 916 2749 988 ταύτης
2779 916 3095 989 φαιδρότης,
3145 918 3282 973 ἀλλά
3311 919 3608 991 διαλάμπει
3646 922 3737 974 καὶ
3766 923 3893 979 οὑτω

2234 1013 2333 1086 τὴν
2356 1015 2563 1068 οἰκείαν
2620 1014 2818 1085 ἔχουσα
2868 1016 3091 1087 ἀρετήν.
3139 1015 3308 1070 Ὅταν
3360 1012 3455 1071 οῦν
3487 1020 3894 1092 μνημονεύωμεν

2239 1112 2441 1184 μεταξὺ
2473 1113 2721 1184 χηρείας,
2756 1112 2830 1183 μὴ
2870 1114 3189 1185 καταπέσῃς
3208 1153 3225 1178 ,
3279 1114 3414 1184 μηδέ
3437 1115 3637 1182 ὄνειδος
3665 1117 3727 1171 τὸ
3754 1116 3891 1192 [341]

2235 1213 2469 1282 πρᾶγμα
2500 1211 2706 1282 νόμιζεο
2731 1214 2781 1265 εί
2803 1211 2912 1283 γὰρ
2943 1211 3103 1266 τοῦτο
3134 1212 3513 1280 ἐπονείδιστον,
3564 1216 3744 1287 πολλῷ
3771 1218 3893 1288 μᾶλ-

2235 1309 2327 1362 λον
2349 1311 2383 1379 ἡ
2407 1309 2695 1381 παρθενία.
2746 1308 2888 1361 Ἀλλ’
2919 1309 3019 1362 οὑκ
3041 1309 3210 1375 ἐστιν,
3234 1311 3335 1363 οὑκ
3369 1310 3506 1376 ἐστι,
3551 1313 3626 1384 μὴ
3676 1314 3893 1383 γένοιτο.

2241 1407 2414 1460 Ὅπου
2450 1405 2560 1477 γὰρ
2591 1406 2691 1470 τὰς
2716 1405 2797 1459 ἔτι
2841 1406 3141 1477 περιόντων
3178 1407 3525 1479 ἀπεχομένας
3561 1411 3671 1463 τῶν
3702 1412 3894 1483 ἀνδρῶν

2237 1501 2589 1572 θαυμάζομεν
2617 1502 2854 1565 ἅπαντες
2877 1503 2971 1555 καὶ
2991 1502 3387 1573 ἀποδεχόμεθα,
3410 1503 3509 1568 τὰς
3528 1506 3623 1559 καὶ
3649 1507 3893 1561 ἀπελθόν-

2234 1618 2341 1655 των
2373 1600 2554 1654 αὑτῶν
2580 1601 2679 1673 τὴν
2731 1600 2902 1671 αὑτὴν
2933 1600 3062 1672 περὶ
3099 1600 3299 1665 αὑτοὺς
3341 1601 3790 1674 ἐπιδεικνυμένας
3811 1604 3892 1658 εὑ-

2235 1713 2402 1761 νοιαν,
2471 1697 2588 1760 πῶς
2617 1698 2716 1750 οὑκ
2751 1695 3145 1768 ἐκπλήττεσθαι
3175 1697 3257 1751 δεῖ
3302 1698 3396 1751 καὶ
3439 1698 3720 1763 ἐπαινετν;
3763 1700 3895 1765 Ἕως

2239 1793 2336 1863 μὲν
2364 1789 2479 1859 οῦν,
2507 1794 2645 1865 ὅπερ
2670 1792 2826 1863 ἔφην,
2870 1793 3037 1863 συνῆς
3072 1793 3150 1864 τῷ
3204 1795 3461 1865 μακαρίῳ
3484 1794 3766 1867 Θηρασίῳ,
3812 1799 3895 1851 καὶ

2234 1890 2398 1962 τιμῆς
2449 1891 2543 1944 καὶ⁴
2571 1891 2823 1962 προνοίας
2855 1891 3168 1955 ἀπέλαυσας
3197 1890 3245 1956 ἀ,
3288 1891 3406 1955 οἵας
3442 1892 3592 1963 παρὰ
3622 1892 3895 1966 ἀνθρώπου

2236 1986 2529 2042 ἀπολαύειν
2562 1986 2728 2052 εἰκός·
2763 1986 2858 2051 νῦν
2885 1987 2942 2040 δὲ
2964 1989 3044 2052 είς
3082 1987 3181 2059 τὴν
3206 1988 3416 2043 ἐκείνου
3445 1988 3600 2054 τάξιν
3635 1988 3782 2060 ἐχεις
3814 1990 3897 2045 τὸν

2237 2085 2490 2139 ἁπάντων
2522 2085 2800 2156 Δεσπότην
2842 2086 2997 2152 Θεὸν,
3028 2085 3087 2148 ὃς
3133 2085 3229 2139 καὶ
3272 2084 3440 2138 πάλαι
3482 2102 3576 2139 σου
3630 2086 3897 2159 προεστὼς

2240 2180 2498 2253 μειζόνως
2527 2183 2620 2237 καὶ
2653 2183 2792 2253 μετά
2825 2182 3066 2247 πλείονος
3096 2183 3256 2237 τοῦτο
3294 2184 3508 2254 ποιήσει
3548 2185 3649 2255 τῆς
3679 2184 3898 2253 σπουδῆς

2236 2280 2351 2334 νῦν·
2375 2283 2467 2335 καὶ
2506 2283 2603 2354 τῆς
2628 2282 2827 2352 πολλῆς
2857 2281 3022 2335 αὑτοῦ
3055 2284 3315 2354 προνοίας
3343 2283 3405 2336 οὑ
3436 2282 3631 2353 μικρὸν
3650 2322 3667 2349 ,
3723 2281 3898 2352 ὥσπερ

2240 2379 2410 2452 ἔφθην
2442 2379 2641 2444 εἰπὼν,
2702 2379 2997 2450 τεκμήριον
3029 2378 3229 2445 ἔδειξεν
3270 2381 3400 2451 ἡμῖν
3431 2379 3556 2450 ἤδη,
3591 2381 3651 2432 ἐν
3674 2377 3896 2450 τοσαύτῃ

2236 2478 2451 2549 καμίνῳ
2482 2476 2772 2549 φροντίδων
2809 2476 2901 2529 καὶ
2932 2474 3107 2546 λύπης
3129 2475 3254 2546 ὑγιῆ
3284 2476 3379 2529 καὶ
3404 2475 3685 2544 ἀνέπαφόν
3715 2494 3772 2531 σε
3794 2476 3898 2529 δια-

2236 2575 2495 2643 φυλάξας,
2526 2575 2620 2628 καὶ
2650 2573 2815 2645 μηδὲν
2839 2574 2995 2641 ἀφεὶς
3024 2572 3134 2626 τῶν
3157 2572 3472 2644 ἀϐουλήτων
3504 2572 3724 2627 παθεῖν.
3759 2574 3814 2626 '0
3845 2573 3898 2627 δέ

2235 2671 2292 2723 ἐν
2315 2671 2554 2740 τοσούτῳ
2580 2670 2724 2740 σάλῳ
2749 2669 2917 2741 μηδὲν
2954 2671 3315 2741 συγχωρήσας
3360 2668 3607 2738 γίνεσθαι
3628 2670 3897 2740 ναυάγιον.

2238 2767 2414 2836 πολλῷ
2439 2767 2638 2838 μᾶλλον
2670 2769 2726 2819 ὲν
2762 2767 2971 2838 γαλήνῃ
3005 2767 3326 2838 διατηρήσει
3357 2767 3457 2837 τὴν
3492 2766 3589 2837 σὴν
3611 2767 3791 2839 ψυχὴν
3813 2768 3897 2821 καὶ

2237 2864 2445 2932 κούφην
2476 2863 2807 2942 ποιήσειτὴν
2835 2863 3084 2933 χηρείαν,
3106 2862 3291 2916 καὶτὰ
3324 2864 3387 2916 ἐκ
3415 2863 3620 2934 ταύτης
3645 2863 3897 2918 δοκοῦντα

2237 2956 2374 3013 εἶναι
2398 2960 2567 3013 δεινά.

2304 3065 2372 3126 γ’.
2406 3059 2470 3111 Et
2492 3057 2550 3111 δέ
2581 3075 2641 3110 σε
2665 3058 2725 3111 οὑ
2756 3058 2818 3110 τὸ
2846 3057 2945 3128 τῆς
2974 3056 3199 3127 χηρείας
3222 3056 3393 3126 ὄνομα
3425 3055 3662 3127 θορυϐεῖ,
3697 3056 3828 3110 ἀλλά
3847 3053 3901 3108 τὺ

2235 3152 2402 3226 ἄνδρα
2422 3153 2659 3207 τοιοῦτον
2671 3153 2983 3215 ἀποϐαλεῖν,
3002 3152 3344 3222 συνομολογῶ
3368 3152 3469 3222 μέν
3493 3168 3574 3205 σοι
3593 3152 3755 3221 κάγὼ
3774 3168 3900 3205 παν-

2233 3251 2399 3323 ταχοῦ
2423 3251 2526 3321 γῆς
2555 3250 2768 3319 ὀλίγους
2795 3248 3125 3319 γεγενῆσθαι
3146 3250 3419 3311 τοιούτους
3444 3248 3503 3302 ἐν
3534 3248 3767 3319 ἀνδράσι
3788 3246 3903 3318 βιω-

2233 3352 2405 3412 τικοῖς
2430 3347 2838 3418 φιλοστόργους,
2886 3347 3167 3410 ἐπιεικεῖς,
3225 3346 3537 3412 ταπεινοὺς,
3576 3345 3900 3407 ἀπλάστους,

2238 3447 2490 3508 συνετοὺς
2524 3456 2569 3511 ο,
2618 3444 2887 3507 εὐλαϐεῖς.
2923 3444 3063 3497 Ἀλλ’
3102 3445 3152 3497 εί
3193 3445 3291 3514 μὲν
3336 3443 3576 3497 διελύετο
3608 3443 3901 3506 παντελῶς,

2240 3543 2335 3596 καὶ
2374 3544 2452 3605 εἰς
2478 3542 2540 3593 τὸ
2575 3543 2739 3612 μηδὲν
2770 3540 2983 3612 ἔληγεν,
3009 3541 3116 3594 ἔδει
3139 3539 3485 3611 θορυϐεῖσθαι
3507 3541 3603 3593 καὶ
3618 3541 3829 3609 ἀλγεῖν
3858 3540 3902 3592 εί

2234 3638 2291 3692 δὲ
2322 3641 2401 3701 εἰς
2431 3639 2520 3692 τὸν
2556 3635 2730 3690 εῦδιον
2763 3637 3100 3690 κατέπλευσε
3160 3636 3385 3706 λιμένα,
3431 3636 3686 3708 καὶπρὸς
3713 3638 3802 3690 τὸν
3827 3636 3903 3688 δν-

2233 3753 2342 3799 τως
2373 3732 2539 3789 αὑτοῦ
2571 3732 2797 3804 βασιλέα
2819 3733 3047 3802 ἀποδεδὴ
3058 3751 3252 3803 μηκεν,
3294 3734 3354 3786 οὑ
3390 3733 3605 3786 πενθεῖν
3631 3734 3778 3805 ὑπὲρ
3800 3732 3905 3787 τούο

2234 3850 2361 3895 των,
2388 3831 2523 3884 ἀλλά
2554 3831 2647 3883 xal
2672 3829 2883 3901 χαίρειν
2917 3830 3017 3884 δεῖ.
3069 3831 3142 3882 Οὑ
3193 3829 3303 3901 γὰρ
3334 3830 3562 3894 θάνατος
3611 3832 3640 3884 6
3681 3831 3903 3893 θάνατος

2235 3927 2409 3995 οὗτος,
2441 3927 2559 3982 ἀλλ’
2593 3927 2870 3998 ἀποδημία
2898 3928 2993 3980 καὶ
3028 3928 3358 3998 μετάστασις
3381 3945 3466 3991 τις
3493 3928 3601 3980 ἀπὸ
3632 3929 3748 3981 τῶν
3799 3946 3905 3998 χει-

2237 4029 2405 4101 ρόνων
2430 4028 2524 4080 ἐπὶ
2553 4025 2622 4079 τὰ
2660 4025 2869 4095 βελτίω,
2927 4025 3034 4077 ἀπὸ
3061 4026 3156 4095 τῆς
3188 4025 3290 4095 γῆς
3333 4025 3469 4096 πρὸς
3521 4025 3612 4078 τὸν
3654 4027 3902 4098 οὐρανὸν,

2234 4128 2342 4184 ἀπὸ
2382 4126 2490 4180 τῶν
2519 4123 2821 4194 ἀνθρώπων
2845 4123 2980 4194 πρὸς
3005 4122 3267 4191 ἀγγέλους
3305 4122 3397 4174 καὶ
3416 4122 3796 4193 ἀρχαγγέλους
3817 4123 3904 4176 καὶ

2232 4227 2325 4280 τὸν
2356 4224 2465 4278 τῶν
2504 4221 2749 4290 ἀγγέλων
2779 4222 2874 4274 καὶ
2904 4220 3261 4291 ἀρχαγγέλων
3309 4220 3608 4290 Δεσπότην.
3647 4220 3905 4274 Ἐνταῦθα

2238 4325 2340 4396 μὲν
2368 4325 2477 4394 γὰρ
2505 4321 2598 4375 ἐπὶ
2626 4319 2725 4389 τῆς
2750 4318 2852 4387 γῆς
2886 4317 3313 4387 στρατευόμενον
3349 4316 3557 4385 βασιλεῖ
3597 4318 3694 4371 καὶ
3731 4317 3905 4371 κινδύ-

2234 4438 2357 4483 νους
2377 4416 2445 4489 ἦν
2473 4416 2799 4488 προσδοκᾷν,
2842 4414 2936 4467 καὶ
2986 4413 3185 4476 πολλάς
3219 4413 3369 4482 παρά
3416 4412 3525 4465 τῶν
3568 4414 3904 4483 φθονούντων

2232 4519 2332 4581 τὰς
2378 4513 2689 4575 ἐπιϐουλάςο
2752 4513 2862 4581 ὅσῳ
2904 4510 3013 4581 γὰρ
3074 4509 3225 4579 αὑτῷ
3265 4508 3335 4562 τά
3376 4508 3476 4577 τῆς
3508 4509 3905 4581 εὑδοκιμήσεως

2232 4613 2445 4685 ηὑξετο,
2465 4609 2702 4679 τοσούτῳ
2741 4608 2835 4661 καὶ
2872 4607 2939 4660 τά
2979 4605 3129 4676 παρά
3170 4606 3277 4658 τῶν
3305 4605 3516 4676 ἐχθρῶν
3552 4607 3903 4671 ἐπλεόναζεν·

2235 4712 2350 4763 ἐκεῖ
2380 4709 2435 4762 δὲ
2466 4707 2769 4762 ἀπελθόντα
2795 4705 2896 4758 οὑκ
2941 4703 3087 4755 ἐστιν
3135 4702 3468 4755 ὑποπτεῦσαι
3502 4702 3711 4756 τούτων
3737 4705 3901 4756 οὐδέν.

2236 4810 2396 4860 Ὥστε
2424 4806 2643 4876 ὅσῳπερ
2675 4803 2740 4856 ἂν
2768 4801 2970 4870 πενθῇς
2998 4801 3079 4853 ὅτι
3112 4799 3346 4870 χρηστὸν
3368 4800 3497 4853 ὄντα
3530 4801 3626 4853 καὶ
3654 4801 3907 4873 ἐνάρετον

2234 4904 2425 4959 ἔλαϐεν
2474 4903 2504 4955 6
2546 4901 2699 4966 Θεὸς,
2729 4898 2969 4968 τοσούτῳ
3018 4897 3229 4969 χαίρειν
3271 4897 3353 4949 δεῖ
3405 4897 3487 4949 ὅτι
3528 4886 3671 4966 μετά
3707 4900 3908 4968 πολλῆς

2231 5004 2331 5073 τῆς
2360 4998 2657 5069 ἀσφαλείας
2697 4996 2791 5049 καὶ
2833 4996 2933 5065 τῆς
2960 4992 3118 5063 δόξης
3146 4993 3551 5063 ἀποδεδήμηκε,
3594 4994 3690 5047 καὶ⁵
3722 4995 3827 5065 τῆς
3856 4996 3910 5046 ἐν

2233 5098 2311 5169 τῷ
2332 5096 2554 5165 παρόντι
2576 5094 2805 5164 κινδύνῳ
2824 5093 3066 5164 ταραχῆς
3089 5092 3442 5160 ἀπαλλαγεὶς,
3462 5092 3612 5143 ἐστὶν
3636 5093 3696 5143 ἐν
3719 5095 3769 5145 εἰ
3777 5095 3911 5163 ρήνῃ

2234 5196 2329 5249 καὶ
2354 5194 2551 5264 ἠσυχίᾳ
2588 5192 2775 5262 πολλῇ.
2807 5190 2930 5252 Πῶς
2951 5190 3059 5260 γὰρ
3090 5189 3188 5242 οὑκ
3220 5189 3417 5243 ἄτοπον
3439 5189 3529 5241 τὸν
3562 5190 3659 5259 μὲν
3679 5190 3911 5261 οὑρανὸν

2236 5292 2419 5361 πολλῷ
2444 5290 2636 5361 βελτίω
2657 5291 2753 5360 τῆς
2779 5289 2882 5358 γῆς
2908 5284 3044 5341 εἶναι
3066 5287 3370 5357 ὁμολογεῖν,
3406 5290 3531 5350 τοὺς
3552 5287 3607 5339 δὲ
3639 5288 3753 5340 ἀπὸ
3778 5286 3911 5341 ταύ-

2236 5372 2333 5461 της
2358 5390 2475 5443 ἐκεῖ
2508 5388 2877 5458 μεταστάντας
2904 5385 3117 5439 πενθεῖν
3138 5401 3153 5449 ;
3193 5385 3255 5437 El
3288 5386 3385 5454 μὲν
3406 5384 3516 5456 γάρ
3533 5384 3639 5438 τῶν
3664 5385 3913 5456 αἰσχρῶς

2240 5487 2577 5540 θεϐιωκότων
2616 5489 2709 5540 καὶ
2745 5485 2897 5556 παρά
2950 5485 3011 5538 τὸ
3067 5484 3145 5555 τῷ
3183 5484 3301 5555 Θεῷ
3329 5483 3517 5537 δοκοῦν
3545 5488 3574 5538 ὁ
3636 5488 3914 5557 μακάριος

2298 5721 2321 5757 d
2349 5716 2481 5765 (οη).
2514 5726 2560 5765 ει
2585 5717 2734 5766 Savil.
2762 5718 3009 5773 ἀπέλαυες.
3034 5718 3207 5767 Mure],
3231 5719 3519 5774 ἀπέλαυσας.

2307 5790 2328 5815 ο
2352 5781 2428 5829 Sic
2450 5780 2586 5830 Colb.
2616 5788 2668 5826 eL
2688 5782 2794 5827 δον.
2813 5780 2863 5827 In
2882 5779 2996 5827 διον.
3019 5782 3140 5833 haec.
3161 5777 3911 5841 άπλάστους,συνετούς,άεευιιι.
