4020 6384
289 304 381 363 ὓῦὶ

298 428 554 492 jacerunt,
589 418 689 476 sed
716 419 879 475 etiam
907 417 994 488 qui
1017 413 1321 486 pudicitiam
1352 412 1515 482 ipsius
1544 409 1742 463 violare
1774 417 1889 462 stu-

307 513 444 568 dent.
470 510 663 581 Neque
689 525 819 564 vero
842 508 935 563 has
957 515 1154 562 tantum
1172 547 1189 571 ,
1216 505 1307 558 sed
1329 504 1488 558 etiam
1518 502 1647 555 alias
1678 500 1891 554 labendi

309 603 612 658 occasiones
652 602 711 654 in
750 601 916 669 ipsam
961 598 1232 651 incurrere
1271 594 1618 649 inveniemus.
1666 589 1796 643 Nam
1840 597 1894 644 et

311 692 721 747 domesticorum
743 695 1091 756 contemptus,
1117 694 1168 739 et
1192 700 1275 738 res
1299 682 1570 751 neglectze,
1585 692 1637 736 et
1658 679 1892 749 pristinae

312 781 579 852 dignitatis
601 780 839 843 amissio,
868 776 1144 847 mqttalium
1172 774 1516 843 prosperitas,
1548 786 1690 840 swpe
1714 779 1891 823 antem

313 886 368 930 et
388 873 702 928 deliciarum
723 868 981 937 cupiditas
996 881 1061 922 eo
1083 866 1224 936 ipsas
1243 864 1598 925 adduxerunt,
1620 870 1674 915 ut
1700 874 1891 915 secun-

312 967 390 1021 dis
415 981 474 1019 se
500 964 698 1030 nuptiis
723 961 1000 1029 illigarent.

386 1052 719 1121 Praceptoris
735 1050 933 1122 gentilis
949 1047 1012 1101 de
1028 1055 1188 1099 matre
1211 1044 1272 1099 S.
1302 1042 1559 1113 Chrysost.
1579 1040 1833 1111 judicium
1847 1040 1889 1092 ¹.

315 1176 387 1188 --
410 1146 523 1201 Nec
546 1158 674 1198 vero
698 1143 888 1196 desunt
913 1154 1031 1210 quae
1058 1128 1292 1207 legitimo
1312 1136 1523 1205 quidem
1558 1134 1894 1188 matrimonio

314 1242 445 1295 viris
464 1255 523 1294 se
536 1239 760 1308 junget‘e
783 1234 1001 1288 minimc
1023 1231 1201 1294 velint,
1228 1229 1320 1283 sed
1342 1227 1552 1281 occulte
1575 1226 1805 1280 etclam.
1836 1225 1891 1280 Id

315 1344 492 1388 autem
522 1339 802 1400 propterea
831 1326 1049 1389 faciunt,
1069 1332 1127 1377 ut
1141 1322 1380 1377 encomia
1400 1320 1668 1374 viduitatis
1687 1319 1895 1374 lucren-

316 1436 404 1480 tur
433 1442 450 1479 :
482 1424 553 1477 ita
588 1436 693 1475 non
730 1417 1029 1488 ignominia:
1053 1456 1069 1480 ,
1101 1414 1193 1468 sed
1219 1411 1584 1466 admirationis
1608 1418 1766 1479 atque
1793 1410 1893 1463 ho-

314 1514 463 1570 noris
486 1513 638 1582 plena
661 1525 747 1565 res
766 1509 881 1579 ipsa
905 1506 1041 1575 apud
1061 1505 1301 1559 homines
1320 1511 1421 1565 est,
1444 1518 1550 1556 non
1579 1502 1739 1555 modo
1762 1501 1893 1556 lide-

313 1608 424 1670 les,
458 1619 637 1659 verum
675 1602 834 1657 etiam
875 1598 1112 1654 infideles
1177 1597 1342 1665 ipsos.
1395 1593 1526 1648 Nam
1567 1603 1621 1648 et
1660 1608 1758 1663 ego
1798 1593 1896 1647 ali-

314 1695 526 1769 quando
549 1709 670 1749 cum
699 1706 872 1747 essem
909 1690 1108 1758 jnnior,
1140 1685 1344 1741 doctori
1387 1698 1506 1739 meo
1538 1682 1689 1757 (erat
1715 1694 1891 1738 autem

314 1791 401 1845 ille
441 1787 678 1842 onmium
718 1784 992 1838 hominum
1039 1780 1269 1834 maxime
1310 1773 1748 1845 superstitiosus)
1773 1776 1892 1829 ani-

312 1878 570 1935 madverti
598 1885 818 1931 matrem
846 1887 1018 1928 meam
1057 1871 1111 1925 in
1152 1869 1331 1924 multis
1361 1881 1602 1937 magnam
1633 1867 1893 1922 excitasse

313 1971 737 2047 admirationem.

392 2062 668 2117 Viduarum
692 2052 1134 2128 dignitas.——Nam
1160 2065 1281 2105 cum
1307 2062 1420 2117 eos,
1452 2052 1540 2119 qui
1566 2049 1664 2103 sibi
1690 2047 1894 2102 asside-

312 2152 455 2214 bant,
477 2164 623 2204 more
645 2161 744 2201 suo
765 2147 1160 2214 interrogasset,
1183 2141 1302 2210 Quis
1318 2155 1382 2195 ac
1403 2141 1554 2208 cujus
1574 2154 1672 2209 ego
1692 2153 1887 2202 essem,

312 2261 374 2299 ac
400 2256 714 2310 responsum
741 2247 913 2304 esset,
946 2251 1032 2292 me
1067 2235 1237 2289 viduze
1266 2233 1505 2288 mulieris
1530 2247 1649 2287 esse
1681 2231 1843 2285 lilium
1868 2269 1885 2296 ,

309 2336 379 2391 de
415 2349 503 2390 me
527 2332 771 2403 quaesivit
793 2338 1000 2384 aetatem
1030 2327 1215 2382 matris
1233 2367 1249 2392 ,
1279 2336 1334 2381 et
1361 2324 1631 2379 viduitatis
1657 2330 1886 2392 tempus.

308 2428 441 2481 Cum
470 2425 696 2496 primum
727 2436 855 2477 vero
883 2420 1082 2474 audivit
1118 2416 1463 2488 quadraginta
1497 2429 1665 2468 annos
1708 2424 1887 2467 natam

308 2532 450 2583 esse,
479 2515 787 2586 vigesimum
811 2527 935 2567 vero
958 2510 1067 2581 jam
1096 2522 1295 2562 annum
1323 2506 1427 2576 agi,
1460 2522 1524 2559 ex
1551 2520 1656 2575 quo
1685 2514 1885 2573 patrem

310 2623 491 2663 meum
528 2604 802 2670 amiserit,
839 2601 1105 2670 obstupuit
1146 2599 1302 2668 plane
1325 2638 1342 2662 ,
1378 2605 1538 2665 atque
1571 2595 1637 2648 ad
1664 2608 1758 2649 eos
1795 2594 1886 2662 qui

306 2699 531 2754 aderant
547 2708 853 2760 conversus,
875 2692 1016 2746 clara
1041 2704 1170 2744 voce
1190 2686 1509 2743 exclamavit
1528 2703 1542 2739 :
1560 2684 1738 2755 Papse,
1760 2699 1890 2754 qua-

311 2791 669 2849 lesmnlieres
694 2785 835 2856 apud
858 2783 1189 2839 Christianos
1214 2779 1370 2834 sunt!
1400 2778 1567 2832 Tanta
1593 2791 1697 2830 non
1728 2776 1887 2829 modo

309 2883 449 2954 apud
478 2896 596 2947 nos,
623 2878 716 2935 sed
738 2877 894 2931 etiam
914 2873 1052 2943 apud
1079 2871 1303 2942 gentiles
1319 2868 1587 2923 viduitatis
1606 2867 1719 2920 laus
1734 2873 1885 2919 estet

316 2975 615 3030 admiratio.
633 2972 758 3040 Qua:
772 2969 946 3023 omnia
962 2964 1306 3022 considerans
1324 2964 1503 3016 beatus
1516 2959 1710 3014 Paulus
1723 2958 1874 3022 dixit,

318 3068 480 3122 Vidua
505 3066 719 3135 eligatur
749 3078 848 3115 non
884 3059 1048 3112 minus
1075 3055 1333 3127 sexaginta
1358 3066 1604 3106 annorum
1629 3048 1647 3121 (
1673 3050 1723 3104 1.
1742 3046 1876 3102 Tim.

309 3161 363 3217 5.
389 3160 478 3229 9).
509 3156 693 3225 Neque
721 3168 847 3207 vero
876 3167 939 3206 ex
971 3152 1072 3204 hoc
1095 3147 1208 3202 solo
1229 3188 1242 3210 ,
1275 3144 1514 3213 quamvis
1541 3141 1685 3212 gravi
1716 3139 1885 3195 anatis

311 3249 642 3309 testimonio,
669 3244 919 3300 continuo
948 3240 1072 3295 sinit
1100 3248 1156 3294 ut
1184 3238 1234 3292 in
1264 3251 1473 3292 sacrum
1506 3236 1643 3287 hunc
1671 3231 1885 3300 adlega-

313 3355 396 3396 tur
426 3341 647 3395 chorum
672 3354 687 3403 ;
718 3335 813 3391 sed
842 3334 944 3388 alia
970 3332 1115 3387 addit
1146 3333 1214 3384 ita
1243 3329 1480 3383 scribens
1514 3342 1528 3379 :
1562 3324 1626 3378 In
1656 3324 1885 3394 operibus

309 3433 447 3487 bonis
476 3428 810 3484 testimonium
835 3425 1019 3479 habens
1042 3465 1057 3490 ,
1083 3424 1128 3476 si
1156 3422 1289 3490 filios
1315 3420 1543 3473 educavit
1560 3458 1574 3481 ,
1601 3418 1642 3469 si
1671 3415 1886 3484 hospitio

310 3525 510 3595 recepit,
531 3524 575 3577 si
594 3531 880 3576 sanctorum
905 3517 1051 3587 pedes
1079 3515 1216 3579 lavit,
1240 3513 1283 3565 si
1305 3511 1669 3564 tribulationem
1691 3507 1889 3579 patien-

312 3619 440 3672 tibus
464 3613 877 3675 subministravit,
901 3611 945 3663 si
966 3624 1111 3662 onme
1131 3622 1257 3677 opus
1283 3603 1466 3657 bonum
1490 3602 1789 3670 subsequuta
1813 3607 1887 3652 est

316 3712 335 3777 (
365 3707 501 3761 Ibid.
530 3722 580 3759 υ.
614 3704 682 3760 10
702 3704 744 3771 ).
792 3702 835 3756 Ο
868 3699 1193 3769 diligentiam
1229 3678 1800 3766 atqueaccurationem
1831 3691 1885 3745 in

313 3797 629 3869 probando!
674 3802 924 3863 quantam
965 3806 994 3844 a
1030 3789 1186 3844 vidua
1228 3786 1450 3855 requirit
1493 3784 1742 3838 virtutem
1771 3822 1786 3847 ,
1828 3790 1884 3836 et

311 3904 466 3958 quam
491 3886 756 3941 subtiliter
773 3882 948 3938 omnia
969 3878 1334 3951 persequitur!
1362 3876 1497 3930 hanc
1523 3888 1651 3949 sane
1670 3888 1884 3942 operam

314 3997 417 4035 non
455 3988 781 4046 sumpturus,
810 3973 912 4028 nisi
952 3986 1142 4026 munus
1198 3967 1489 4022 honestatis
1532 3980 1594 4019 ac
1617 3963 1885 4034 dignitatis

311 4071 523 4141 plenum
554 4068 628 4122 illi
648 4064 1027 4121 commissurus
1046 4061 1248 4115 fuisset.
1271 4060 1337 4112 At
1358 4072 1483 4110 vero
1502 4070 1621 4110 cum
1642 4054 1885 4119 dixisset,

311 4158 739 4215 Adolescentiores
773 4164 940 4208 autent
976 4153 1153 4205 viduas
1190 4149 1356 4202 devita
1379 4188 1393 4212 ,
1433 4160 1646 4200 causam
1676 4157 1887 4214 quoque

312 4250 545 4319 adjntigit
570 4267 584 4302 :
605 4246 730 4301 Cum
750 4246 877 4299 enim
900 4243 1169 4298 luxuriata:
1192 4239 1376 4309 fuerint
1395 4238 1449 4289 in
1468 4236 1685 4299 Christo,
1708 4235 1890 4288 nubere

312 4344 482 4395 volunt
510 4341 528 4408 (
552 4336 689 4391 Ibid.
714 4353 762 4390 υ.
790 4336 845 4388 ll
880 4334 924 4406 ).
965 4333 1058 4387 llis
1082 4331 1223 4385 enim
1253 4329 1428 4383 verbis
1458 4327 1586 4380 illud
1624 4325 1774 4378 nobis
1812 4324 1887 4377 si-

313 4433 562 4503 gniﬁcat,
593 4430 841 4485 mulieres
866 4442 982 4498 quae
1010 4429 1154 4480 viros
1182 4423 1476 4476 amiserunt
1500 4421 1551 4473 in
1579 4418 1783 4473 illorum
1813 4418 1893 4471 lo-

313 4543 432 4581 cum
462 4524 631 4593 aptari
658 4532 709 4577 et
733 4520 879 4592 jungi
906 4518 1136 4573 Christo.
1159 4516 1274 4581 Quo
1295 4523 1469 4568 autem
1490 4511 1734 4567 ostendat
1754 4510 1893 4565 hanc

312 4615 737 4684 conjunctionem
767 4625 884 4665 esse
899 4624 1112 4663 suavem
1138 4622 1201 4661 ac
1224 4606 1421 4669 lenem,
1442 4603 1559 4657 vide
1574 4601 1698 4672 quid
1716 4601 1889 4655 dicat:

315 4713 440 4765 Cum
473 4710 606 4763 enim
634 4705 904 4761 luxuriatae
931 4703 1113 4773 fuerint
1138 4701 1192 4753 in
1217 4699 1414 4752 Christo
1439 4738 1453 4761 ,
1478 4698 1658 4749 mtbere
1683 4695 1853 4749 volunt
1874 4709 1893 4747 :

311 4799 462 4870 quasi
492 4798 561 4851 de
585 4797 697 4850 viro
722 4792 950 4863 quodam
991 4791 1097 4845 leni
1135 4806 1197 4845 ac
1233 4789 1399 4858 probo
1425 4787 1677 4855 loquens,
1700 4786 1895 4854 quique

318 4907 421 4946 non
444 4891 550 4944 illis
563 4903 682 4942 cum
701 4886 923 4956 imperio
940 4892 1135 4946 utatur,
1154 4881 1246 4936 sed
1267 4882 1508 4936 libertate
1526 4880 1640 4932 illas
1659 4878 1753 4932 frui
1774 4893 1894 4947 per—
1921 4924 1925 4929 .

319 4986 511 5038 mittat.
541 4981 653 5038 Nec
681 4996 809 5034 veru
825 4981 1081 5032 hactenus
1111 4974 1403 5029 orationem
1427 4971 1735 5041 produxisse
1765 4970 1896 5023 satis

317 5078 539 5141 habuit;
578 5074 671 5130 sed
700 5082 756 5128 et
786 5070 995 5126 aliunde
1022 5084 1205 5123 rursus
1242 5081 1448 5135 magnae
1486 5065 1584 5119 sibi
1608 5063 1724 5117 illas
1750 5078 1892 5118 cura:

316 5184 433 5223 esse
461 5166 778 5229 declarant,
807 5162 881 5217 ita
906 5160 1141 5219 scribens
1175 5176 1188 5210 :
1222 5156 1356 5211 Nam
1382 5170 1493 5219 qua:
1515 5154 1566 5207 in
1585 5153 1775 5205 deliciis
1800 5161 1892 5217 est,

316 5262 480 5314 rirens
504 5267 699 5311 mortua
728 5266 836 5309 est:
856 5268 968 5322 qua:
992 5267 1157 5303 autem
1186 5266 1296 5304 vere
1317 5248 1466 5301 vidua
1490 5256 1561 5301 est
1588 5255 1632 5297 et
1650 5246 1892 5309 desolata,
1980 5292 1988 5300 .

318 5354 531 5422 speravit
558 5352 611 5403 in
641 5349 804 5402 Deum
828 5387 843 5412 ,
882 5354 927 5398 et
952 5345 1101 5396 instat
1128 5339 1548 5395 obsecrationibus
1577 5347 1621 5391 et
1652 5333 1897 5389 orationi-

317 5446 404 5498 bus
431 5455 572 5498 nocte
599 5456 661 5493 ac
686 5440 769 5491 die
797 5435 967 5506 (Ibid.
995 5451 1042 5487 υ.
1063 5433 1115 5487 6.
1139 5431 1230 5496 5).
1262 5432 1327 5484 Et
1352 5429 1417 5483 ad
1442 5427 1741 5482 Corinthios
1768 5426 1899 5478 scri-

320 5538 440 5591 bens
461 5535 655 5606 inquit,
679 5530 881 5584 Beattor
894 5537 1060 5580 autem
1080 5537 1192 5589 erit,
1207 5524 1340 5578 sisic
1360 5519 1683 5590 permanserit
1701 5519 1746 5585 (l
1762 5518 1898 5570 .(ﬁor.
1926 5564 1929 5567 .

378 5672 391 5702 '
428 5676 521 5719 Hac
541 5666 610 5718 de
635 5677 695 5714 re
720 5660 835 5711 vide
856 5670 1003 5723 supra
1035 5657 1183 5705 vitam
1205 5654 1524 5718 Chrysostomi
1549 5663 1578 5701 a
1596 5652 1733 5700 nobis
1763 5651 1905 5698 adm-

314 5740 485 5784 natam.
1129 5738 1135 5745 '

1557 298 1647 352 AD
1686 250 1946 352 vtouau
1983 292 2346 356 JUNtonEit.

3476 308 3579 366 602

2006 412 2056 465 7.
2086 413 2156 468 40
2177 413 2220 484 ).
2250 414 2410 471 Vides
2438 425 2634 487 quanta
2675 417 2943 473 viduitatis
2968 422 3206 475 eneomia
3228 462 3242 485 ,
3270 433 3427 491 atque
3467 424 3581 481 haec

2001 505 2211 573 quidem
2244 506 2297 561 in
2329 523 2464 561 nova
2491 508 2607 577 lege
2632 550 2645 573 ,
2686 509 2897 579 quando
2931 509 3040 579 jam
3077 512 3392 581 \‘t'rginitatis
3418 514 3587 570 decus

2000 609 2337 666 summopere
2357 600 2611 654 emicuit?
2631 599 3007 655 Verumtamen
3035 617 3205 672 neque
3225 602 3382 673 hujus
3406 605 3583 674 splen~

2000 685 2099 740 dor
2125 688 2391 742 viduitatis
2420 690 2709 745 luminibus
2746 690 2962 746 officere
3002 694 3173 761 potuit
3198 734 3213 760 ,
3254 695 3348 749 sed
3377 704 3433 751 et
3470 696 3581 766 ipsa

2001 777 2176 831 elucet
2210 778 2384 832 adhuc
2422 794 2569 833 suam
2602 780 2802 835 habens
2831 784 3103 840 virtutem.
3134 782 3583 856 Quotiescumque

2000 865 2160 935 igitur
2186 867 2323 923 inter
2341 868 2622 924 dicendum
2651 870 2918 925 viduitatis
2947 872 3270 927 mentionem
3301 873 3578 942 faciemus,

2000 971 2067 1011 ne
2087 958 2265 1011 animo
2292 959 2570 1026 concidas,
2604 974 2704 1015 nec
2725 976 2838 1015 rem
2867 969 3074 1031 turpem
3101 962 3382 1019 existimes
3409 981 3423 1018 :
3455 981 3576 1020 nam

1999 1051 2044 1103 si
2074 1050 2299 1105 viduitas
2333 1052 2533 1121 turpis,
2574 1053 2741 1107 multo
2770 1053 2976 1122 turpior
3004 1054 3295 1123 virginitas.
3327 1054 3432 1111 Sed
3470 1072 3576 1111 non

1999 1140 2070 1194 ita
2112 1155 2170 1194 se
2210 1155 2296 1195 res
2341 1140 2533 1206 habet;
2566 1142 2721 1196 absit.
2745 1142 2969 1208 Quando
2996 1142 3139 1198 enim
3163 1158 3274 1211 eas,
3307 1161 3423 1214 qua:
3449 1147 3577 1201 viris
3642 1146 3647 1153 ’

1999 1232 2174 1288 adhuc
2198 1235 2567 1303 superstitibus
2596 1235 2979 1290 continentiam
3007 1246 3241 1302 servant,
3273 1251 3459 1292 omnes
3484 1239 3576 1292 ad-

2000 1324 2257 1378 miramur
2291 1334 2344 1379 et
2382 1325 2815 1380 commendamus
2836 1367 2852 1393 ,
2882 1340 2979 1380 cur
3015 1342 3120 1382 non
3159 1342 3280 1393 eas,
3308 1344 3427 1399 qua:
3457 1339 3573 1399 post

1999 1417 2232 1471 virorum
2255 1416 2456 1471 obitum
2478 1417 2719 1472 eamdem
2739 1418 2844 1473 illis
2862 1417 3285 1475 benevolentiam
3303 1433 3572 1490 pra-stant,

1999 1507 2246 1562 laudibus
2271 1515 2326 1563 et
2352 1507 2700 1563 admiratione
2738 1510 3158 1579 prosequamur?
3188 1510 3365 1565 Donec
3394 1510 3572 1580 igitur,

1999 1596 2444 1666 quemadmodum
2472 1596 2714 1651 dicebam
2743 1637 2759 1664 ,
2804 1612 2926 1652 cum
2965 1598 3124 1653 beato
3153 1597 3409 1654 Therasio
3434 1600 3575 1654 vive-

1999 1686 2092 1741 bas
2111 1729 2124 1750 ,
2156 1702 2278 1741 eum
2306 1688 2392 1742 ille
2424 1687 2514 1742 tibi
2546 1686 2805 1742 honorem
2830 1695 3148 1757 tuorumque
3172 1689 3574 1746 commodorum

1998 1779 2228 1833 studium
2247 1779 2503 1847 priestitit,
2527 1778 2822 1849 cujusmodi
2843 1794 2872 1833 a
2894 1779 3009 1833 viro
3026 1780 3382 1849 exspectanda
3401 1792 3571 1837 erant.

1996 1871 2148 1926 Nunc
2198 1880 2374 1925 autem
2432 1871 2570 1926 illius
2622 1871 2741 1926 loco
2792 1869 2955 1926 habes
3003 1872 3283 1927 Dominum
3336 1875 3573 1931 omnium

1998 1965 2165 2019 Deum
2188 2004 2202 2027 ,
2236 1963 2324 2033 qui
2361 1978 2480 2018 cum
2523 1971 2678 2027 antea
2709 1963 2803 2017 tibi
2841 1962 3010 2029 aﬂuit,
3039 1972 3149 2018 tum
3176 1979 3305 2020 vero
3340 1966 3392 2023 id
3434 1982 3575 2025 nunc

1996 2055 2166 2109 multo
2195 2054 2487 2124 impensius
2513 2070 2577 2109 ac
2604 2054 2921 2110 cumulatius
2966 2055 3141 2110 faciet.
3186 2057 3348 2126 Atqui
3393 2060 3585 2128 provi-‘

1995 2149 2188 2203 dentiae
2214 2150 2377 2219 ipsius
2401 2164 2506 2203 non
2530 2149 2827 2214 minimum,
2850 2148 3293 2217 quemadmodum
3315 2158 3473 2205 antea
3496 2151 3575 2206 di-

1994 2239 2179 2296 cebam
2210 2283 2223 2303 ,
2271 2240 2522 2294 indicium
2567 2242 2677 2309 jam
2723 2241 2873 2295 nobis
2910 2240 3059 2295 dedit
3096 2241 3148 2294 in
3187 2240 3288 2296 hoc
3325 2256 3573 2299 curarum

1992 2342 2150 2402 atque
2176 2332 2377 2387 doloris
2409 2331 2656 2387 incendio
2690 2332 3006 2387 incolumem
3054 2340 3105 2386 te
3148 2339 3406 2401 pnestans
3428 2373 3444 2398 ,
3476 2348 3577 2388 nec

1994 2424 2309 2494 permittens
2338 2432 2392 2478 ut
2425 2422 2711 2495 quidquam
2745 2422 2923 2476 damni
2958 2423 3232 2491 patereris.
3260 2423 3357 2490 Qui
3393 2433 3574 2478 autem

1996 2525 2137 2578 tanta
2170 2516 2499 2587 tempestatis
2524 2516 2572 2569 vi
2604 2516 2943 2571 incumbente
2966 2515 3293 2585 naufragium
3325 2515 3437 2570 lieri
3469 2517 3572 2570 mi-

1995 2610 2137 2663 nime
2167 2607 2440 2678 permisit,
2475 2606 2641 2661 multo
2668 2607 2834 2676 magis
2863 2606 3146 2675 tranquillo
3177 2605 3285 2675 jam
3317 2606 3453 2660 mari
3476 2620 3573 2661 cu-

1994 2699 2190 2754 swdiet
2227 2697 2457 2752 animam
2492 2706 2667 2762 tuam,
2712 2706 2766 2751 et
2808 2696 2979 2750 levem
3028 2695 3214 2750 reddet
3240 2696 3570 2763 viduitatem,

1993 2799 2152 2859 atque
2177 2804 2238 2843 ea
2267 2805 2384 2858 qua:
2409 2804 2474 2843 ex
2504 2788 2616 2858 ipsa
2644 2787 2771 2841 oriri
2798 2786 3046 2841 videntur
3070 2786 3230 2840 mala.

2066 2882 2120 2935 5.
2152 2879 2379 2934 Tlterasii
2406 2879 2537 2934 laus.
2578 2909 2650 2920 -—
2676 2879 2825 2947 Quod
2866 2878 2909 2933 si
2940 2893 3043 2932 non
3080 2878 3348 2933 viduitatis
3378 2894 3572 2934 nomen

1995 2981 2047 3027 te
2095 2971 2406 3037 discruciat,
2456 2970 2550 3025 sed
2598 2972 2720 3026 talis
2752 2971 2853 3025 viri
2880 2970 3106 3040 jactura,
3148 2984 3246 3040 ego
3284 2970 3442 3024 etiam
3480 2970 3571 3025 tibi

1993 3064 2153 3135 plane
2194 3061 2494 3127 assentior,
2536 3063 2588 3114 in
2632 3068 2746 3115 toto
2786 3069 3045 3114 terrarum
3094 3059 3225 3114 orbe
3262 3073 3459 3129 paucos
3505 3075 3573 3114 ex

1994 3155 2122 3210 viris
2160 3153 2504 3209 saecularibus
2542 3154 2806 3208 exstitisse
2834 3153 2933 3207 viri
2974 3153 3049 3206 tui
3076 3152 3278 3207 similes
3306 3160 3447 3207 tanta
3474 3151 3573 3207 hu-

1994 3247 2267 3309 manitate,
2282 3245 2565 3316 probitate,
2594 3243 2872 3309 modestia,
2892 3242 3213 3305 sinceritate,
3234 3242 3510 3312 prudentia
3528 3243 3569 3308 ί,

1996 3338 2193 3408 pietate
2211 3336 2485 3408 prmditos.
2510 3336 2727 3401 Verum,
2748 3334 2792 3389 si
2818 3334 3030 3405 quidem
3052 3334 3262 3405 penitus
3284 3334 3574 3389 interiisset

1995 3429 2238 3499 atquein
2283 3428 2505 3483 nihilum
2544 3428 2783 3495 abiisset,
2827 3428 3160 3482 mmrendum
3199 3442 3261 3483 ac
3287 3427 3573 3482 dolendum

1996 3530 2146 3585 erat;
2169 3522 2251 3576 sin
2282 3530 2458 3577 autem
2493 3520 2559 3575 ad
2585 3521 2820 3591 quietum
2862 3520 3235 3591 placidumque
3262 3518 3467 3574 delatus
3491 3532 3593 3573 eSt-

1995 3622 2231 3684 portum,
2276 3621 2436 3684 atque
2475 3612 2542 3667 ad
2568 3627 2726 3667 suum
2769 3626 2896 3666 vere
2938 3612 3136 3680 Regem
3176 3608 3443 3681 prolectus
3471 3618 3572 3671 est;

1996 3707 2173 3761 nullus
2201 3706 2287 3760 hic
2307 3705 2577 3776 lacrymis,
2600 3704 2694 3758 sed
2714 3703 2907 3757 laetitia:
2929 3703 3078 3756 locus
3100 3710 3201 3756 est.
3229 3700 3577 3767 Etenimhzeo

1996 3812 2141 3850 mors
2171 3810 2275 3850 non
2303 3804 2384 3849 est
2410 3810 2571 3858 mors,
2598 3794 2690 3848 sed
2708 3792 2953 3863 migratio
2982 3803 3045 3845 ac
3072 3790 3324 3845 domicilii
3353 3790 3576 3844 mutatio
3589 3823 3599 3831 ι»

1996 3902 2027 3943 a
2053 3885 2405 3942 deterioribus
2437 3884 2504 3939 ad
2544 3884 2793 3948 meliora,
2823 3898 2853 3936 a
2889 3895 3027 3937 terra
3050 3880 3115 3934 ad
3142 3881 3348 3944 caalum,
3379 3879 3444 3934 ab
3474 3879 3576 3933 ho-

1998 3977 2229 4032 minibus
2258 3976 2321 4029 ad
2351 3976 2566 4045 angelos
2593 3984 2644 4029 et
2674 3973 3041 4043 archangelos,
3066 3981 3222 4040 atque
3247 3970 3381 4025 adeo
3403 3971 3576 4040 ipsum

1996 4069 2303 4137 angelorum
2365 4075 2417 4120 et
2465 4063 2903 4134 archangelorum
2952 4061 3253 4115 Dominum.
3306 4060 3437 4113 Nam
3491 4060 3577 4112 hic

1998 4158 2209 4227 quidem
2255 4157 2379 4211 dum
2426 4156 2478 4209 in
2524 4155 2677 4209 terris
2724 4151 3031 4220 Imperatori
3076 4150 3360 4212 militabat,
3412 4148 3589 4201 multa-

2000 4245 2525 4316 crantexspectanda
2568 4244 2905 4307 discrimina,
2937 4242 3115 4294 multa:
3156 4241 3223 4295 ab
3264 4240 3457 4293 invidis
3493 4240 3575 4292 in-

1998 4340 2168 4393 sidire.
2208 4337 2323 4405 Quo
2371 4338 2510 4389 enim
2557 4335 2725 4396 magis
2766 4332 2910 4387 illius
2953 4330 3274 4385 exisdmatio
3310 4340 3363 4385 et
3411 4330 3595 4399 gloriar

2001 4431 2319 4500 augebatur,
2348 4442 2414 4482 eo
2456 4428 2633 4495 plures
2678 4426 2727 4477 in
2774 4425 2943 4493 ipsum
2987 4422 3352 4476 excitabantur
3399 4421 3577 4474 inimi-

2001 4523 2159 4577 οἱιίιιξ.
2193 4521 2303 4573 lllie
2330 4530 2505 4573 autem
2538 4516 2772 4587 profecto
2798 4515 2927 4569 nihil
2952 4514 3211 4582 ejusmodi
3239 4512 3603 4566 metuendum-

2003 4622 2102 4668 est.
2135 4612 2491 4679 Quamobrem
2528 4617 2782 4678 quantum
2823 4608 2988 4675 luges,
3021 4617 3124 4658 tam
3150 4604 3487 4658 commodum
3517 4618 3582 4657 ac

2002 4705 2198 4758 bonum
2219 4702 2424 4771 jussum
2456 4715 2575 4755 esse
2604 4699 2669 4753 ad
2694 4699 2857 4751 Deum
2883 4698 2980 4762 ire,
3009 4701 3209 4749 tantum
3234 4695 3398 4749 lzetari
3424 4709 3581 4761 opor-

2004 4806 2080 4854 tet
2138 4794 2278 4867 quod
2307 4808 2493 4862 magna
2531 4806 2651 4845 cum
2680 4789 2965 4844 securitate
2990 4795 3044 4841 et
3082 4783 3247 4856 gloria
3278 4783 3578 4855 profectus,

2005 4900 2059 4944 et
2086 4906 2113 4942 a
2145 4886 2498 4957 periculorum
2535 4898 2655 4952 qua:
2685 4881 2771 4933 hic
2816 4877 3159 4933 imminebant
3198 4873 3422 4929 tumultu
3449 4874 3597 4927 liber,

2007 4983 2058 5036 in
2088 4995 2215 5047 pace
2237 4988 2289 5032 et
2319 4976 2495 5046 quiete
2531 4972 2695 5027 multa
2726 4971 2897 5041 degat.
2931 4969 3101 5035 Quam
3129 4967 3271 5021 enim
3293 4965 3585 5021 absurdum

2007 5080 2090 5127 est
2114 5070 2265 5124 fateri
2295 5067 2508 5138 quidem
2537 5064 2724 5118 caelum
2738 5071 2891 5143 terra
2932 5062 3088 5128 longe
3126 5058 3313 5112 melius
3342 5070 3461 5110 esse
3479 5096 3495 5121 ,
3521 5071 3586 5109 ac

2010 5173 2184 5217 tamen
2210 5176 2324 5225 eos,
2353 5158 2440 5228 qui
2471 5157 2594 5210 hinc
2618 5170 2683 5209 eo
2711 5159 3095 5217 commearunt,
3127 5149 3270 5203 luctu
3292 5148 3586 5217 prosequi?

2081 5253 2157 5306 De
2189 5252 2454 5323 proborum
2498 5248 2634 5300 obitu
2667 5243 3009 5315 gaudendum.
3036 5268 3110 5283 -—
3137 5240 3270 5295 Nam
3313 5239 3358 5293 si
3400 5238 3587 5293 beatus

2010 5346 2110 5402 iste
2133 5361 2200 5399 ex
2228 5346 2437 5398 illorum
2468 5339 2737 5394 hominum
2767 5351 2988 5391 numero
3020 5334 3224 5398 fuisset,
3244 5331 3588 5402 qui-turpiter

2010 5456 2071 5491 ar.
2105 5439 2210 5491 Deo
2237 5436 2454 5489 minime
2481 5431 2684 5500 probati
2715 5430 2983 5491 vixerunt,
3018 5424 3252 5495 profecto
3276 5435 3382 5476 non
3411 5420 3583 5474 solum

2012 5539 2249 5583 thuritttts
2269 5567 2284 5589 ,
2312 5525 2404 5579 sed
2434 5526 2594 5578 etiam
2625 5522 2806 5575 vivens
2835 5519 2963 5573 ﬂetu
3002 5512 3402 5587 proseqttendus
3428 5519 3542 5566 erat
3576 5528 3589 5563 :

2078 5644 2090 5673 '
2128 5642 2200 5689 sic
2237 5637 2365 5687 Coll).
2404 5644 2455 5687 et
2504 5634 2673 5693 Savil.;
2705 5634 2754 5683 in
2774 5619 2953 5693 ottorel,
2998 5636 3116 5692 haec,
3142 5626 3435 5683 sinceritate,
3469 5635 3590 5681 pru-

2021 5705 2177 5755 dentia
2188 5736 2201 5763 ,
2226 5702 2420 5750 desunt.
