4020 6428
424 374 530 432 605

425 503 569 545 nunc
608 502 757 556 vero,
789 484 998 557 quando
1025 493 1081 540 et
1114 485 1231 555 ipse
1260 499 1395 539 unus
1441 499 1504 539 ex
1556 482 1652 538 Dei
1679 480 1864 536 amicis
1901 489 2004 545 est,

425 596 535 636 non
580 582 752 635 solum
802 577 1028 644 viventi,
1073 576 1168 632 sed
1210 577 1369 631 etiam
1408 589 1654 630 somnum
1692 590 1846 628 suum
1884 573 2010 629 dor-

424 674 611 729 mienti
636 670 1008 743 gratulandum
1036 677 1138 725 est.
1164 668 1369 722 Audisti
1394 681 1526 722 sane
1551 683 1613 721 ex
1644 666 1800 721 beato
1822 666 2004 732 Paulo,

424 763 724 820 faciendum
755 763 857 817 hoc
886 776 1026 826 esse,
1051 774 1173 815 cum
1202 759 1269 813 ita
1301 759 1524 825 diceret,
1556 756 1732 829 Longe
1757 756 1914 811 satius
1936 765 2009 810 est

423 856 653 922 dissolvi,
681 864 727 910 et
755 871 861 910 esse
888 872 1000 908 cum
1036 853 1233 907 Christo
1269 850 1522 923 (Philipp.
1553 850 1605 903 1.
1637 846 1750 921 25).
1777 850 1847 903 At
1872 846 2010 902 forte

423 963 584 1005 voces
625 948 770 1004 illius
806 948 991 1004 audire
1034 948 1184 1018 cupis
1226 931 1423 1017 tuoque
1469 958 1594 1015 erga
1634 943 1780 998 illum
1826 955 2009 995 amore

422 1042 551 1113 frui,
579 1052 634 1099 et
658 1042 1098 1099 consuetudinem
1135 1040 1364 1112 requiris
1392 1047 1447 1094 et
1482 1037 1724 1108 gloriam,
1754 1033 2008 1106 splendo-

422 1152 561 1203 rem,
588 1135 773 1204 decus,
801 1135 1141 1191 securitatem
1161 1172 1179 1200 ,
1204 1146 1326 1203 qua:
1364 1129 1432 1186 ab
1457 1129 1548 1183 illo
1575 1128 1629 1183 in
1657 1136 1708 1181 te
1740 1124 2009 1181 redunda-

420 1231 568 1298 bant,
595 1239 755 1300 atque
776 1228 891 1282 hmc
909 1225 1088 1281 omnia
1114 1225 1338 1295 periisse
1363 1237 1504 1290 aegre
1532 1220 1658 1285 fers,
1682 1226 1737 1274 et
1754 1217 1908 1289 quasi
1933 1225 2012 1272 te-

422 1322 619 1377 nebras
646 1318 815 1374 menti
836 1327 940 1373 tute
965 1315 1168 1372 oll'uudi
1195 1313 1382 1370 sentis.
1407 1311 1605 1366 Verum
1636 1320 1778 1364 tuam
1797 1308 2009 1380 quidem

423 1427 550 1482 erga
595 1411 744 1465 illum
789 1406 1080 1464 amicitiam
1125 1418 1278 1475 atque
1323 1402 1418 1458 tibi
1471 1415 1614 1457 nunc
1656 1408 1816 1470 atque
1852 1408 2009 1453 antea

420 1504 560 1559 tueri
589 1503 732 1559 licet.

492 1595 694 1652 Caritas
739 1602 789 1650 et
834 1608 1002 1665 prape
1027 1600 1077 1647 et
1115 1591 1264 1662 longe
1308 1588 1497 1660 positos
1537 1586 1898 1657 complectitur.
1937 1612 2011 1626 --

422 1688 568 1745 Talis
593 1688 736 1744 enim
758 1695 840 1743 est
855 1685 1093 1742 caritatis
1122 1682 1386 1754 potentia;
1405 1696 1512 1736 non
1529 1679 1702 1735 solum
1721 1687 2010 1750 pra:sentes

424 1796 489 1837 ac
533 1780 825 1852 proximos,
876 1778 1073 1850 quique
1099 1776 1170 1832 ob
1211 1774 1397 1831 oculos
1432 1780 1750 1841 versantur,
1781 1768 1878 1825 sed
1916 1784 2011 1826 eos

422 1872 585 1928 etiam
626 1870 717 1941 qui
756 1869 915 1940 longe
961 1867 1157 1923 absunt
1193 1863 1600 1936 complectitur,
1646 1859 2007 1931 conglutinat,

421 1962 736 2034 eonjungit:
781 1975 845 2017 ac
888 1973 1061 2030 neque
1112 1956 1371 2027 temporis
1411 1952 1800 2024 longinquitas,
1837 1964 2011 2020 neque

420 2056 659 2111 locorum
699 2052 1002 2117 intervalla,
1038 2064 1213 2122 neque
1236 2047 1380 2104 aliud
1423 2046 1583 2117 hujus
1617 2043 1830 2116 generis
1858 2041 2012 2113 quid-

421 2162 580 2218 quam
608 2145 860 2216 frangere
883 2157 948 2198 ac
974 2141 1278 2197 discindere
1296 2138 1488 2194 animae
1508 2135 1794 2193 amicitiam
1814 2140 2009 2204 potest.

419 2236 574 2306 Quod
601 2236 644 2291 si
677 2249 915 2306 praesens
944 2241 1266 2303 prznsentem
1301 2229 1499 2285 intueri
1524 2227 1676 2298 cupis
1701 2227 1835 2297 (non
1866 2225 2009 2280 enim

421 2346 511 2385 me
533 2329 665 2398 fugit
693 2326 746 2382 id
776 2326 870 2382 tibi
919 2340 1041 2382 esse
1080 2323 1311 2380 maxime
1337 2322 1389 2377 in
1429 2320 1671 2392 optatis),
1698 2316 1907 2373 custodi
1930 2316 2013 2371 illi

420 2415 617 2470 lectum
644 2412 799 2467 alteri
828 2411 944 2466 viro
974 2410 1195 2465 minime
1224 2408 1488 2479 pervium,
1530 2404 1779 2461 incumbe
1809 2403 1861 2457 in
1891 2416 2010 2457 eam

420 2521 626 2569 curam,
650 2512 707 2558 ut
735 2502 922 2558 eadem
944 2501 997 2556 in
1026 2510 1077 2556 te
1098 2498 1332 2571 atquein
1364 2497 1459 2553 illo
1478 2498 1600 2552 vitae
1630 2494 1864 2566 probitas
1891 2492 2011 2548 elu-

420 2607 562 2663 ceat,
589 2612 653 2652 ac
676 2596 794 2651 sine
829 2593 992 2650 dubio
1031 2593 1098 2651 ad
1127 2591 1375 2647 eumdem
1412 2605 1535 2645 cum
1576 2588 1694 2658 ipso
1726 2584 2011 2657 pervenies

418 2690 679 2755 chorum,
718 2694 879 2756 atque
917 2699 1023 2740 una
1067 2697 1190 2739 cum
1234 2697 1301 2737 eo
1342 2680 1607 2736 habitabis
1633 2693 1739 2733 non
1778 2677 2011 2747 quinque

419 2794 611 2848 annos,
642 2777 1092 2850 quemadmodum
1118 2775 1227 2841 hic,
1258 2788 1364 2828 non
1387 2772 1594 2843 viginti,
1623 2785 1731 2825 non
1757 2778 1998 2831 centum,

418 2890 527 2928 non
560 2871 728 2939 mille,
755 2877 848 2924 aut
872 2868 955 2924 bis
987 2867 1157 2932 mille,
1189 2873 1281 2920 aut
1301 2864 1487 2919 decem
1518 2863 1704 2927 millia,
1726 2869 1817 2914 aut
1843 2858 2010 2913 multo

418 2965 621 3037 plures,
652 2961 745 3017 sed
785 2960 990 3015 infinita
1016 2956 1232 3014 srecula.
1277 2954 1547 3026 Regiones
1587 2952 1731 3008 enim
1774 2951 1892 3007 illas
1919 2965 2007 3005 re-

418 3057 561 3127 quivi
587 3056 867 3126 deputatas
896 3067 1006 3107 non
1044 3063 1317 3120 corporea:
1345 3047 1692 3117 cognationes
1711 3085 1725 3110 ,
1754 3042 1848 3098 sed
1890 3043 2010 3096 vitae

419 3146 714 3203 similitudo
740 3142 1026 3200 obtinebit.
1054 3141 1185 3197 Nam
1213 3140 1258 3194 si
1283 3138 1471 3195 eadem
1510 3146 1755 3205 suscepta
1796 3132 2008 3188 vivendi

418 3238 558 3294 ratio
586 3236 849 3292 Lazarum
891 3233 1122 3288 Abrahae
1168 3232 1406 3303 ignotum
1434 3228 1488 3283 in
1528 3231 1703 3282 sinum
1742 3226 1883 3281 illius
1908 3225 2005 3280 ad-

419 3330 569 3386 duxit
613 3328 913 3398 multosque
953 3325 1081 3381 facit
1116 3323 1184 3379 ab
1213 3322 1432 3379 Oriente
1472 3329 1527 3376 et
1551 3320 1840 3375 Occidente
1885 3333 2009 3373 cum

420 3422 513 3475 illo
541 3419 856 3475 recumbere
874 3454 891 3483 ,
932 3414 1175 3486 profecto
1203 3422 1255 3468 te
1280 3426 1493 3484 quoque
1517 3427 1619 3464 una
1654 3425 1777 3464 cum
1805 3411 2008 3478 optimo

420 3508 678 3567 Therasio
702 3509 849 3562 locus
875 3505 1069 3577 quietis
1097 3504 1354 3573 excipiet,
1383 3503 1428 3558 si
1457 3501 1699 3556 eamdem
1731 3512 1891 3570 atque
1918 3499 2009 3556 ille

419 3606 600 3662 colere
640 3600 874 3657 volueris
909 3599 1104 3665 vitam,
1145 3605 1376 3667 tuncque
1416 3596 1591 3664 ipsum
1632 3610 1737 3648 non
1779 3608 1900 3647 cum
1944 3607 2008 3648 ea

420 3694 663 3765 corporis
704 3689 1136 3763 pulchritudine,
1164 3702 1268 3756 qua
1315 3687 1572 3757 praeditus
1616 3686 1785 3751 abiit,
1816 3685 2008 3741 iterum

422 3786 687 3856 recipies,
733 3783 830 3839 sed
864 3797 986 3837 eum
1033 3781 1140 3836 alio
1181 3779 1411 3850 quodam
1450 3778 1769 3848 splendore,
1813 3792 1879 3833 ac
1919 3791 2010 3832 ve-

423 3889 655 3945 nustate,
682 3891 801 3947 qua:
830 3875 975 3946 ipsos
999 3873 1131 3928 solis
1155 3871 1335 3927 radios
1372 3869 1577 3940 fulgore
1608 3869 1801 3923 vincat.

501 3971 708 4037 Quanta
722 3968 786 4020 sit
803 3970 978 4038 futura
988 3964 1152 4036 gloria
1164 3977 1430 4033 corporum
1451 3962 1502 4014 in
1524 3960 1696 4013 beatis.
1714 3988 1786 3999 --
1799 3958 2007 4013 Etenim

424 4064 529 4120 hoc
567 4061 781 4132 quidem
824 4071 1052 4128 corpus,
1087 4056 1248 4111 etiam
1293 4053 1340 4110 si
1364 4052 1431 4107 ad
1468 4067 1737 4106 summum
1773 4049 2009 4121 pulchri-

425 4156 624 4211 tudinis
647 4152 869 4224 gradum
900 4149 1236 4222 pervenerit,
1266 4146 1492 4201 mortale
1533 4153 1710 4198 tamen
1741 4152 1860 4207 est;
1890 4154 2012 4194 cor-

424 4263 553 4318 pora
582 4255 757 4300 autem
785 4258 991 4310 eorum,
1023 4241 1113 4312 qui
1155 4240 1264 4294 Deo
1291 4240 1635 4308 placuerunt,
1679 4244 1878 4289 tantam
1923 4232 2010 4286 in-

425 4341 592 4396 duent
616 4339 860 4410 gloriam,
892 4346 1146 4408 quantam
1175 4350 1242 4387 ne
1266 4333 1459 4387 intueri
1489 4330 1703 4400 quidem
1730 4328 1815 4383 bis
1841 4326 2008 4383 oculis

424 4410 568 4488 licet.
614 4433 787 4501 Atque
835 4428 1022 4482 harum
1074 4425 1286 4497 quidem
1341 4438 1521 4478 rerum
1568 4422 1719 4491 signa
1767 4418 2010 4490 quazdam

424 4534 586 4594 atque
604 4525 831 4579 obscura
862 4522 1083 4591 vestigia
1127 4531 1182 4573 et
1209 4521 1264 4574 in
1303 4519 1494 4574 Vetere
1542 4528 1598 4573 et
1640 4517 1692 4570 in
1727 4516 1875 4572 Novo
1904 4515 2004 4569 Te-

424 4625 692 4674 stamento
717 4614 871 4669 nobis
900 4613 1134 4668 ostendit
1153 4612 1317 4667 Deus.
1339 4611 1472 4665 Nam
1489 4611 1596 4664 illic
1617 4609 1830 4679 quidem
1853 4610 2014 4664 Mosis

424 4710 593 4765 facies
619 4717 763 4762 tanta
792 4704 1028 4774 fulgebat
1056 4703 1245 4772 gloria,
1280 4690 1339 4756 ut
1362 4716 1480 4757 eam
1494 4699 2011 4756 oculilsraelitarum

390 4802 570 4882 ferre
618 4798 835 4854 minime
878 4802 1125 4868 possent;
1175 4795 1225 4848 in
1266 4792 1415 4848 Novo
1443 4802 1619 4846 autem
1649 4794 1806 4862 longe
1845 4792 2014 4861 magis

425 4894 573 4949 fulsit
600 4890 797 4947 Christi
835 4889 1017 4944 facies.
1044 4887 1239 4954 Qmero
1274 4885 1435 4956 igitur
1477 4901 1542 4939 ex
1585 4896 1636 4940 te
1655 4926 1670 4951 ,
1695 4885 1739 4939 si
1769 4885 1890 4954 quis
1918 4885 2013 4939 tibi

427 4984 695 5057 pollicitus
723 4988 868 5038 esset
895 4980 944 5035 ei
968 4995 1029 5034 se
1056 4978 1216 5033 totius
1242 4977 1390 5032 orbis
1418 4991 1641 5046 regnum
1667 4976 2009 5053 traditurum,

429 5077 526 5132 sed
551 5076 621 5131 ob
653 5077 789 5129 hanc
817 5088 1036 5128 causam
1073 5070 1325 5142 iussisset
1361 5068 1546 5139 viginti
1576 5069 1722 5139 ipsos
1759 5084 1930 5123 annos
1964 5078 2016 5123 te

428 5166 681 5223 secedere
700 5206 715 5231 ,
748 5174 908 5235 atque
944 5163 1011 5219 iis
1041 5163 1324 5217 transactis
1362 5160 1662 5216 diademate
1690 5174 1754 5215 ac
1781 5175 2014 5230 purpura

427 5270 676 5316 ornatum
713 5274 835 5314 eum
863 5258 955 5311 tibi
999 5254 1317 5311 traditurum
1361 5253 1728 5325 promisisset,
1771 5260 1931 5322 teque
1958 5254 2012 5306 in

428 5351 617 5407 eodem
665 5358 826 5419 atque
873 5348 1022 5402 illum
1074 5345 1296 5401 honoris
1347 5344 1517 5417 gradu
1562 5344 1945 5399 collocaturum
1995 5358 2011 5396 :

431 5456 611 5496 nonne
634 5439 993 5495 secessionem
1012 5438 1167 5491 istam
1188 5452 1343 5507 mque
1370 5437 1550 5490 animo
1573 5444 1628 5490 et
1647 5451 1707 5491 ea
1735 5450 1835 5505 qua
1861 5434 2019 5489 decet

431 5532 757 5588 continentia
785 5531 1032 5586 tulisses?
1062 5544 1242 5585 nonne
1269 5543 1466 5584 munus
1492 5528 1802 5598 praeclarum
1822 5567 1840 5592 ,
1869 5542 2016 5581 rem-

432 5639 541 5692 que
584 5622 830 5677 omnibus
878 5622 1017 5677 votis
1063 5621 1349 5692 optandam
1400 5619 1697 5675 duxisses?
1747 5619 2017 5674 Patienter

435 5714 582 5767 feras
610 5712 770 5781 igitur
800 5723 856 5769 et
880 5728 1021 5766 nunc
1059 5727 1167 5767 non
1210 5712 1360 5781 regni
1388 5710 1617 5777 terreni,
1661 5710 1756 5765 sed
1787 5710 2019 5765 cznlestis

436 5816 627 5874 causa;
660 5820 765 5861 non
811 5813 868 5861 ut
914 5812 1061 5862 veste
1110 5819 1305 5874 aurea,
1356 5803 1452 5862 sed
1480 5802 1882 5861 immortalitate
1928 5802 2014 5861 in-

1171 370 1229 427 S.
1268 368 1547 427 JOANNIS
1583 364 2059 424 CHRYSOSTOMI
2085 365 2404 422 ARCHIEP.
2442 366 2974 426 CONSTANTINOP.

2115 480 2302 535 dutum
2327 481 2554 552 recipias
2572 491 2628 537 ct
2649 482 2819 553 gloria
2844 525 2861 551 ,
2886 495 3143 556 quantum
3171 501 3286 553 eos,
3318 490 3411 560 qui
3459 490 3525 545 in
3576 492 3745 546 caelis

2113 573 2331 644 degunt,
2357 573 2553 631 habere
2580 582 3001 635 consentaneum
3030 589 3135 634 est.
3165 579 3321 648 Quod
3347 583 3392 636 si
3423 583 3605 638 valde
3641 582 3746 639 tibi

2115 664 2446 720 intoleranda
2497 668 2709 723 videtur
2775 670 3032 739 temporis
3083 671 3404 729 diuturnitas
3432 715 3454 742 ,
3524 676 3746 729 verisi-

2113 756 2240 812 mile
2267 766 2351 813 est
2388 758 2537 814 illum
2568 760 2662 816 tibi
2709 762 2976 818 interdum
3012 764 3065 819 in
3100 766 3324 822 somniis
3365 768 3632 832 adstare,
3679 776 3743 824 et

2115 862 2235 919 quae
2262 865 2613 910 consueverat
2641 864 2816 913 tecum
2853 859 3113 930 colloqui,
3142 870 3198 917 et
3235 871 3482 931 optatam
3520 863 3741 919 faciem

2116 942 2421 1000 ostendere.
2441 944 2695 1003 ldteloco
2715 948 3061 1019 pistolarum
3087 952 3398 1008 consoletur
3416 972 3434 1008 :
3466 956 3744 1025 quinimo

2115 1032 2169 1088 id
2192 1035 2436 1105 epistolis
2461 1038 2656 1095 clarius
2701 1050 2803 1095 est.
2852 1041 2909 1096 In
2959 1043 3063 1098 illis
3090 1045 3233 1099 enim
3279 1046 3468 1101 literas
3507 1057 3740 1101 tantmn

2114 1141 2338 1182 cernere
2371 1129 2497 1184 licet
2525 1148 2539 1185 :
2573 1131 2659 1186 hic
2685 1147 2815 1187 vero
2852 1143 2907 1187 et
2931 1132 3155 1189 formam
3194 1136 3403 1201 vultus,
3438 1147 3503 1191 ct
3556 1139 3740 1191 risum

2116 1221 2483 1290 tranquillum,
2524 1234 2580 1278 et
2624 1224 2868 1293 figuram,
2907 1232 2962 1281 'et
2995 1227 3285 1295 incessum,
3313 1239 3369 1284 et
3394 1247 3610 1286 sonum
3635 1246 3740 1283 au-

2116 1316 2254 1384 dire,
2281 1325 2337 1370 et
2360 1318 2586 1373 amicam
2618 1319 2763 1374 illam
2795 1335 2980 1375 vocem
3001 1336 3316 1391 agnoscere.

2184 1407 2240 1462 4.
2268 1406 2530 1479 Exemplis
2555 1411 2707 1464 variis
2749 1413 3069 1467 siccatur-ium
3104 1414 3407 1484 dignitatum
3454 1415 3737 1477 instabili,-

2115 1507 2269 1552 tatem
2304 1501 2501 1569 probat.
2527 1501 2880 1557 -tl:eterum
2910 1503 3162 1573 quoniam
3213 1506 3529 1560 securitatis
3581 1522 3737 1574 pra:-

2116 1597 2263 1644 terea
2292 1590 2449 1658 ratio,
2475 1607 2595 1662 quae
2623 1608 2689 1648 ex
2716 1593 2809 1647 illo
2841 1594 2933 1648 tibi
2971 1594 3190 1662 aderat,
3213 1603 3267 1650 te
3288 1597 3353 1651 ad
3380 1597 3583 1652 fletum
3619 1599 3733 1653 im-

2115 1679 2283 1748 pellit,
2308 1679 2535 1737 fortasse
2554 1683 2716 1737 etiam
2740 1698 2863 1753 spes
2892 1684 3016 1750 illae,
3042 1701 3162 1755 qua:
3182 1701 3305 1741 sese
3320 1688 3731 1753 ostendebant,

2115 1769 2335 1839 majoris
2359 1770 2634 1841 dignitatis
2672 1782 2729 1828 et
2768 1775 3132 1843 amplitudinis
3171 1776 3369 1846 (audivi
3407 1779 3567 1833 enim
3613 1780 3733 1834 cito

2113 1859 2348 1915 futurum
2374 1860 2560 1931 fuisse,
2592 1871 2649 1918 ut
2676 1864 2767 1919 ille
2805 1864 2872 1919 ad
2907 1867 3279 1935 prtefectorum
3320 1869 3590 1923 thronum
3637 1884 3733 1923 as-

2115 1952 2407 2021 cenderet,
2437 1952 2594 2023 idque
2625 1956 2892 2025 prmeipue
2917 1956 3155 2011 animum
3198 1967 3345 2012 tuum
3389 1960 3729 2015 excruciare

2115 2042 2265 2116 puto)
2287 2063 2301 2100 :
2324 2045 2443 2101 illos
2458 2045 2554 2100 tibi
2571 2057 2695 2102 ante
2719 2047 2901 2101 oculos
2920 2062 3077 2117 pone,
3102 2049 3190 2118 qui
3211 2064 3332 2104 cum
3352 2049 3419 2104 ad
3442 2051 3725 2120 majorem

2113 2151 2275 2207 quam
2295 2135 2384 2190 ille
2408 2134 2724 2206 dignitatem
2753 2139 2924 2192 evecti
2952 2148 3155 2206 essent,
3187 2139 3565 2194 miserrimum
3591 2142 3723 2195 vita:

2114 2227 2317 2283 exitum
2343 2226 2518 2282 sortiti
2557 2239 2701 2282 sunt.
2750 2226 3034 2283 Revocabo
3060 2237 3240 2285 autem
3278 2230 3371 2285 tibi
3413 2231 3471 2284 in
3503 2246 3728 2287 memo-

2122 2320 2257 2375 riam
2284 2335 2301 2377 :
2331 2318 2670 2375 Theodorum
2700 2320 2853 2376 illum
3210 2321 3436 2377 fortasse
3473 2323 3720 2390 audisti;

2116 2426 2233 2471 erat
2260 2416 2405 2472 enim
2435 2416 2487 2471 in
2518 2418 2703 2486 primis
2730 2419 3072 2488 conspicuus.
3100 2404 3199 2474 Hic
3225 2429 3280 2475 et
3307 2420 3725 2490 pulchritudine

2114 2518 2171 2563 et
2222 2506 2592 2578 magnitudine
2624 2509 2870 2578 corporis
2909 2517 2967 2565 et
3001 2510 3316 2566 auctoritate
3351 2513 3494 2582 apud
3538 2513 3724 2583 lmpe.

2114 2608 2348 2653 ratorem
2376 2599 2629 2654 omnibus
2657 2609 2940 2668 praestans,
2975 2600 3067 2670 qui
3100 2615 3164 2655 ea
3191 2612 3400 2671 poterat
3426 2619 3558 2673 quae
3591 2605 3724 2659 inti-

2113 2704 2324 2744 morum
2346 2689 2688 2745 familiarium
2709 2706 2889 2756 nemo,
2920 2706 3231 2761 prosperam
3267 2694 3408 2749 illam
3434 2696 3719 2752 fortunam

2115 2797 2221 2838 non
2251 2782 2531 2837 moderate
2557 2782 2700 2849 tulit,
2730 2783 2825 2838 sed
2852 2783 3135 2838 insidiatus
3171 2782 3486 2853 Imperatori
3517 2802 3588 2843 ac
3614 2788 3719 2844 de-

2113 2874 2428 2944 prehensus,
2444 2874 2558 2943 ipse
2569 2874 2782 2943 quidem
2798 2874 2951 2930 valde
2961 2875 3336 2932 miserabiliter
3348 2876 3715 2935 obtruncatus

2113 2972 2227 3028 est;
2254 2963 2421 3033 ipsius
2444 2975 2624 3018 autem
2653 2979 2806 3029 uxor,
2840 2979 3016 3036 neque
3038 2964 3377 3033 educatione,
3407 2983 3592 3038 neque
3615 2983 3717 3039 ge-

2113 3075 2271 3127 nere,
2312 3074 2486 3130 neque
2515 3059 2622 3114 ulla
2659 3059 2764 3115 alia
2800 3074 2861 3115 re
2902 3060 3167 3115 nobilitati
3208 3067 3315 3116 tuae
3351 3063 3709 3132 concedens,

2113 3150 2360 3206 omnibus
2379 3159 2600 3221 repente
2610 3153 2772 3207 rebus
2787 3151 2897 3206 suis
2907 3152 3131 3221 spoliata
3148 3166 3212 3207 ac
3223 3152 3469 3208 libertate
3481 3155 3685 3209 amissa
3696 3193 3716 3223 ,

2112 3242 2455 3297 cubiculariis
2477 3243 2687 3298 ancillis
2706 3253 3079 3312 annumerata,
3105 3258 3169 3298 ac
3193 3244 3338 3299 nulla
3366 3260 3476 3301 non
3508 3246 3713 3301 ancilla

2111 3334 2450 3388 miseriorem
2477 3334 2640 3388 vitam
2670 3348 2829 3405 agere
2852 3343 3038 3389 coacta
3074 3343 3174 3400 est,
3204 3332 3307 3390 hoc
3342 3350 3449 3390 uno
3477 3345 3715 3391 caeteras

2112 3424 2465 3488 antecellens,
2509 3424 2650 3494 quod
2686 3433 2909 3495 propter
2937 3439 3046 3479 non
3086 3426 3507 3496 comparabilem
3558 3426 3711 3481 cala-

2112 3515 2315 3570 mitatis
2341 3516 2759 3585 magnitudinem
2788 3516 3054 3585 lacrymas
3091 3530 3277 3571 eorum
3306 3517 3552 3572 omnium
3573 3558 3588 3582 ,
3616 3517 3711 3587 qui

2116 3609 2288 3678 ipsam
2331 3609 2666 3678 aspicerent,
2691 3607 2957 3663 eliciebat.
2999 3606 3190 3662 Fertur
3222 3609 3382 3663 etiam
3413 3608 3711 3665 Artemisia

2112 3701 2230 3753 viro
2251 3699 2406 3753 valde
2424 3699 2572 3753 claro
2597 3708 2781 3769 nupta,
2804 3700 3055 3769 quoniam
3078 3709 3133 3755 et
3152 3699 3241 3754 ille
3264 3701 3604 3771 tyrannidem
3624 3701 3709 3754 af-

2112 3789 2346 3856 feetavit,
2390 3790 2443 3844 in
2468 3790 2709 3844 eamdem
2750 3790 2998 3846 incidisse
3034 3801 3399 3861 paupertatem
3423 3834 3438 3856 ,
3466 3809 3534 3848 ac
3567 3808 3709 3863 pm-

2115 3891 2259 3938 terea
2287 3883 2454 3938 oculis
2476 3898 2598 3938 esse
2620 3892 2796 3952 capta.
2826 3884 2960 3941 Nam
3027 3885 3341 3957 magnitudo
3374 3886 3708 3957 aegritudinis

2115 3983 2170 4028 et
2196 3973 2551 4043 lacrymarum
2577 3973 2658 4027 vis
2684 3972 2885 4027 lumina
2911 3973 3166 4028 exstinxit
3191 3991 3205 4026 :
3237 3984 3293 4029 at
3315 3990 3456 4030 nunc
3475 3976 3697 4047 quidem

2115 4064 2420 4120 hominibus
2441 4074 2561 4135 eget
2587 4065 2676 4135 qui
2702 4064 2988 4131 deducant,
3015 4074 3174 4135 atque
3201 4068 3267 4121 ad
3295 4068 3498 4124 alienas
3521 4078 3704 4140 portas

2115 4156 2401 4219 adducant,
2432 4166 2489 4210 ut
2506 4156 2610 4211 hoc
2633 4157 2794 4212 modo
2815 4158 3174 4213 necessarium
3199 4160 3298 4215 sibi
3323 4161 3523 4216 victum
3551 4176 3705 4217 como

2117 4261 2309 4317 parare
2345 4255 2524 4317 queat.
2570 4247 2681 4302 Nec
2723 4262 2852 4302 vero
2890 4248 3007 4303 alim
3048 4247 3266 4304 familia:
3291 4250 3482 4306 desunt
3520 4251 3702 4307 itidem

2116 4339 2338 4409 dejecta:
2365 4353 2427 4393 ac
2453 4347 2734 4408 prostrata:
2764 4352 2900 4408 quas
2923 4354 3425 4407 commemorarem,
3456 4344 3560 4398 nisi
3583 4356 3705 4412 pro-

2114 4431 2337 4487 bitatem
2391 4444 2453 4483 ac
2507 4429 2841 4498 prudentiam
2890 4438 3034 4484 tuam
3077 4431 3244 4499 probe
3283 4446 3534 4499 nossem,
3585 4446 3704 4502 qua:

2117 4522 2335 4576 minime
2354 4536 2420 4574 ex
2438 4519 2629 4574 alienis
2653 4518 2806 4575 malis
2830 4520 3118 4575 calamitati
3148 4530 3252 4576 tuae
3275 4523 3427 4591 cupis
3454 4523 3700 4577 solatium

2117 4612 2393 4667 adhibere.
2420 4610 2604 4680 Neque
2628 4626 2759 4665 vero
2785 4611 2900 4664 haec
2927 4611 3175 4680 exempla
3203 4611 3363 4665 aliam
3390 4611 3460 4667 ob
3486 4627 3700 4667 causam

2117 4702 2554 4769 commemoravi,
2585 4717 2745 4772 quam
2774 4711 2831 4755 ut
2863 4702 3124 4771 intelligas
3160 4717 3246 4756 res
3290 4703 3551 4759 humanas
3573 4701 3703 4762 nihil

2119 4808 2258 4858 esse,
2289 4807 2518 4862 vereque
2552 4808 2585 4847 a
2619 4791 2880 4862 propheta
2917 4807 3038 4848 esse
3072 4792 3304 4859 dictum,
3341 4791 3521 4848 Omnis
3542 4794 3704 4866 gloria

2120 4884 2371 4950 hominis,
2417 4894 2475 4938 ut
2502 4886 2602 4954 os
2635 4884 2756 4953 1
2781 4881 2932 4954 (Isai.
2974 4884 3065 4938 40.
3111 4883 3191 4952 6).
3227 4884 3345 4951 Quo
3370 4886 3515 4939 enim
3550 4885 3702 4939 altius

2119 4978 2364 5032 evehitur
2399 4985 2560 5046 atque
2600 4975 2816 5041 emicat,
2864 4990 2930 5029 eo
2962 4975 3234 5044 majorem
3282 4975 3423 5045 parit
3472 4977 3698 5037 ruinam,

2121 5070 2403 5141 nequeiis
2442 5069 2636 5129 solum,
2673 5069 2763 5138 qui
2787 5068 2884 5122 sub
2910 5067 3086 5122 alieno
3115 5067 3341 5138 imperio
3374 5068 3588 5135 vivunt,
3610 5064 3699 5121 sed

2122 5166 2282 5219 etiam
2312 5161 2728 5231 Imperatoribus
2756 5160 2905 5229 ipsis.
2928 5159 3112 5230 Neque
3139 5160 3282 5215 enim
3306 5158 3461 5214 facile
3484 5160 3601 5230 quis
3626 5158 3705 5211 in-

2239 5280 2388 5341 Hujus
2410 5277 2667 5341 Theodori,
2691 5278 2775 5341 qui
2810 5276 3048 5341 affectatae
3070 5275 3334 5341 tyrannidis
3361 5287 3530 5337 pinnas
3553 5271 3701 5341 dedit.

2122 5333 2474 5396 Valentiniano.
2497 5333 2725 5397 valente:
2737 5349 2790 5389 et
2803 5339 3023 5388 Gratiano
3043 5333 3438 5399 Imperatoribus,
3451 5350 3576 5385 anno
3594 5333 3701 5389 571,

2122 5402 2368 5453 historiam
2407 5403 2560 5450 habes
2580 5402 2706 5463 apud
2738 5402 3032 5463 Ammianum
3060 5397 3403 5463 Marcellinum,
3428 5398 3519 5463 lib.
3554 5401 3698 5463 XXIX,

2122 5466 2215 5526 ubi,
2226 5462 2362 5526 illum
2385 5452 2641 5526 mitiquitu's
2653 5462 2797 5526 -
2816 5475 2989 5526 genere
3003 5461 3054 5511 in
3068 5458 3231 5510 Galliis
3253 5452 3560 5526 natumdicit.
3579 5452 3698 5526 Quod

2122 5512 2165 5575 Si
2187 5524 2322 5574 illum
2346 5512 2550 5575 eisicil'a
2572 5525 2688 5573 dicit
2709 5512 2840 5574 esse'
2857 5524 3252 5586 Cbrysostpnms,
3273 5523 3321 5571 id
3342 5512 3606 5586 intelligas,
3628 5512 3701 5564 ch

2123 5588 2251 5650 quod
2285 5590 2336 5635 in
2357 5587 2512 5650 sicilia
2544 5588 2693 5650 sedes
2724 5582 2969 5643 habuerit,
3012 5584 3112 5650 vel;
3132 5584 3467 5650 prtel'eeturam
3493 5582 3702 5650 aliquam

2124 5636 2459 5712 gesserit,vc_l
2483 5648 2631 5712 quod,
2656 5656 2710 5712 ut
2730 5636 3206 5712 Opinatur'ltenrieus
3228 5644 3466 5712 )alesius,
3492 5646 3545 5712 in_
3562 5636 3702 5712 sicilia

2125 5702 2267 5759 flatus
2290 5702 2353 5759 ei
2376 5702 2535 5758 Galliis
2557 5702 2794 5771 origiuetii
2819 5709 3059 5757 habuerit.
3087 5708 3204 5757 Vide
3228 5706 3386 5771 locum
3402 5702 3641 5771 Aminiam,
3657 5703 3702 5771 gl

2125 5780 2286 5820 notam
2307 5771 2497 5820 \alesii.
2542 5766 2789 5819 artmisia
2813 5782 2932 5833 vero
2963 5783 3182 5831 sequens
3215 5770 3351 5833 cujus
3385 5782 3509 5819 uxor
3550 5766 3701 5817 fuerit

2126 5834 2476 5886 nondumsatis
2498 5839 2809 5901 perspectum
2830 5832 3082 5883 habemus.
