4020 6390
552 301 661 359 605

552 414 759 469 κακῶν.
784 415 893 470 Καὶ
918 416 1024 487 γὰρ
1050 416 1302 487 όρφανίαι
1334 418 1523 490 ἄωροι,
1548 421 1641 472 καὶ
1672 406 1905 489 χηρεῖαι,
1935 418 2030 471 καὶ
2057 417 2219 471 θάνα-

554 520 635 556 τοι
661 501 809 574 [544]
833 504 1017 573 βίαιοι,
1049 506 1272 559 καὶτῶν
1304 508 1363 560 ἐν
1391 509 1508 570 ταῖς
1537 507 1864 577 τραγῳδίαις
1898 505 2221 577 παρανομώ-

552 603 701 660 τεροι
721 589 899 662 πολλῷ
950 593 1043 645 καὶ
1078 594 1388 666 πικρότεροι
1425 594 1658 664 μάλιστα
1686 594 1767 656 είς
1792 593 1997 663 ταύτην
2047 609 2219 646 κατα-

556 678 659 747 σκή
668 695 856 731 πτουσι
883 679 980 749 τήν
1008 681 1203 752 ἀρχήν.

626 798 739 852 Καὶ
782 799 869 854 ἵνα
916 800 984 852 τά
1041 801 1245 855 παλαιά
1299 802 1558 874 ἀφῶμεν,
1622 805 1730 857 τῶν
1789 802 2220 872 βασιλευσάντων

555 884 649 937 ἐπὶ
714 888 814 955 τῆς
871 889 1063 954 γενεᾶς
1109 888 1208 958 τῆς
1254 890 1529 960 ἡμετέρας
1553 930 1568 953 ,
1629 891 1783 943 ἐννέα
1844 888 2221 959 γεγενημένων

555 971 827 1037 ἁπάντων,
858 973 951 1026 δύο
988 974 1135 1043 μόνοι
1166 977 1325 1047 κοινῷ
1373 976 1586 1048 θανάτῳ
1624 978 1713 1031 τὸν
1746 978 1859 1048 βίον
1899 976 2218 1029 κατέλυσαν·

553 1057 664 1110 τῶν
692 1059 748 1112 δὲ
800 1059 971 1114 ἄλλων
1011 1064 1040 1115 6
1086 1063 1183 1132 μὲν
1221 1063 1324 1116 ὑπὸ
1376 1066 1660 1136 τυράννου,
1689 1067 1717 1118 6
1765 1065 1821 1117 δέ
1855 1066 1913 1117 ἐν
1966 1063 2218 1133 πολέμῳ,

555 1147 584 1197 ὁ
628 1145 684 1197 δὲ
736 1146 840 1199 ὑπὸ
890 1148 996 1200 τῶν
1048 1148 1197 1204 ἔνδον
1256 1152 1628 1221 φυλαττόντων
1684 1152 1845 1206 αὑτὸν
1906 1150 2221 1203 ἐπιϐουλευ-

555 1232 686 1295 θεὶς,
746 1236 775 1287 6
820 1234 878 1289 δὲ
943 1237 1035 1288 ὑπ’
1086 1238 1251 1291 αὑτοῦ
1309 1238 1405 1292 τοῦ
1451 1242 1944 1310 χειροτονήσαντος,
1990 1239 2084 1291 καὶ
2122 1237 2221 1307 τὴν

554 1318 846 1390 ἁλουργίδα
881 1325 1193 1396 περιθέντος
1222 1329 1389 1398 αύτῷ·
1424 1329 1480 1381 αἱ
1516 1328 1571 1381 δὲ
1606 1328 1811 1390 τούτοις
1837 1328 2221 1396 συνοικήσασαι

554 1411 828 1473 γυναῖκες,
853 1413 908 1464 αί
938 1413 1056 1481 μέν,
1082 1413 1159 1477 ὥς
1182 1432 1334 1482 φασι,
1378 1417 1690 1487 φαρμάκοις
1736 1417 2024 1478 ἀπέθανον,
2050 1415 2107 1466 αί
2164 1414 2221 1466 δὲ

554 1493 662 1546 ὑπὸ
689 1495 788 1565 τῆς
820 1497 1058 1569 ἀθυμίας
1085 1502 1277 1572 αὐτῆς.
1320 1504 1439 1556 Τῶν
1476 1505 1532 1558 δὲ
1587 1504 1666 1557 ἔτι
1702 1503 2005 1573 περιουσῶν
2032 1506 2065 1572 ἡ
2125 1502 2222 1572 μὲν

555 1581 724 1634 παῖδα
751 1582 951 1653 ἔχουσα
978 1588 1212 1657 ὀρφανὸν
1257 1591 1449 1661 τρέμει
1476 1592 1570 1645 καὶ⁵
1595 1592 1800 1645 δέδοικε
1829 1593 1903 1662 μή
1936 1607 2021 1653 τις
2058 1590 2223 1642 αὐτὸν

555 1667 664 1721 τῶν
697 1672 1039 1741 κρατούντων
1060 1675 1209 1746 φόϐῳ
1236 1677 1343 1729 τῶν
1380 1678 1680 1748 μελλόντων
1711 1678 1895 1748 ἀνέλῃ·
1931 1681 1965 1748 ἡ
1989 1678 2045 1731 δὲ
2069 1677 2222 1747 μόλις

555 1755 764 1809 πολλῶν
793 1759 1089 1827 δεηθέντων
1121 1765 1228 1819 ἀπὸ
1251 1767 1351 1837 τῆς
1371 1767 1666 1839 ὑπερορίας
1694 1766 2013 1838 ἐπανῆλθεν,
2049 1768 2129 1828 εἰς
2156 1768 2222 1836 ἢν

554 1843 723 1914 αὐτὴν
754 1847 782 1898 6
809 1849 1025 1918 κρατῶν
1057 1851 1279 1916 ἐξέϐαλε
1310 1854 1593 1924 πρότερον.
1624 1854 1744 1908 Τῶν
1771 1854 1829 1907 δέ
1859 1856 1972 1916 τοῖς
1998 1852 2091 1908 νῦν
2124 1854 2222 1924 βα·-

554 1930 826 1987 σιλεύουσι
883 1939 1299 2011 συνοικουσῶνή
1330 1941 1430 2011 μὲν
1483 1942 1592 1995 ἀπὸ
1619 1941 1729 1995 τῶν
1780 1943 2063 2013 προτέρων
2086 1942 2221 1996 ἀνα-

553 2019 837 2074 πνεύσασα
890 2025 1184 2097 συμφορῶν
1237 2027 1695 2100 ἀναμεμιγμένην
1751 2028 1863 2099 ἔχει
1903 2029 2104 2101 πολλὴν
2151 2031 2221 2101 τῇ

554 2106 715 2177 ἡδονῇ
749 2110 847 2179 τὴν
869 2111 1057 2182 ὀδύνην
1087 2115 1175 2168 διὰ
1203 2114 1264 2168 τὸ
1287 2117 1491 2187 σφόδρα
1519 2118 1601 2170 έτι
1628 2116 1746 2171 νέον
1775 2114 1915 2171 εἶναι
1952 2119 2046 2172 καὶ
2068 2117 2225 2172 ἀπει-

559 2209 652 2264 ρον
684 2197 776 2249 τὸν
808 2200 1129 2269 κρατοῦντα,
1169 2204 1264 2256 καὶ
1295 2202 1523 2267 πολλοὺς
1574 2204 1900 2275 πολλαχόθεν
1926 2204 2069 2275 ἔχειν
2098 2207 2224 2268 τοὺς

552 2282 1022 2352 ἐπιϐουλεύοντας·
1056 2289 1164 2360 ήδέ
1197 2290 1536 2361 ἀποτέθνηκε
1561 2291 1639 2361 τῷ
1665 2292 1796 2356 δέει,
1857 2294 1954 2346 καὶ
1984 2292 2093 2347 τῶν
2121 2310 2224 2346 κα-

555 2369 789 2424 ταδίκων
817 2373 1144 2446 ἀθλιώτερον
1181 2378 1247 2449 ζῇ
1278 2377 1365 2432 διὰ
1402 2379 1463 2433 τὸ
1496 2380 1587 2434 τὸν
1640 2381 1809 2452 ἄνδρα
1837 2381 2041 2451 αὐτῆς,
2072 2380 2132 2445 ἐξ
2161 2371 2223 2433 οὗ

555 2456 619 2509 τὸ
644 2457 876 2530 διάδημα
909 2462 1201 2534 ἀνεδήσατο
1241 2466 1396 2537 μέχρι
1434 2468 1533 2539 τῆς
1566 2469 1829 2539 σήμερον,
1882 2470 1940 2523 ἐν
1966 2469 2225 2540 πολέμοις

556 2544 848 2614 διατρίϐειν
874 2549 967 2601 καὶ
984 2551 1206 2621 μάχαις,
1244 2556 1337 2608 καὶ
1354 2555 1461 2609 τῶν
1489 2556 1781 2628 συμφορῶν
1806 2556 1970 2610 πλέον
2001 2558 2104 2610 ὑπὸ
2124 2557 2225 2628 τῆς

558 2631 819 2703 αἰσχύνης
845 2636 1228 2693 ἀναλίσκεσθαι
1258 2642 1353 2696 καὶ
1384 2644 1498 2705 τοῖς
1520 2644 1669 2714 παρὰ
1700 2645 1917 2698 πάντων
1942 2644 2223 2699 ὀνείδεσιν.

562 2718 632 2771 ’0
659 2719 767 2790 γὰρ
798 2723 1066 2793 μηδέποτε
1085 2728 1299 2796 γέγονε,
1332 2731 1530 2802 συνέϐη
1565 2731 1690 2797 νῦν,
1745 2733 1841 2786 καὶ
1890 2732 1989 2804 τὴν
2048 2732 2227 2786 αὐτῶν

558 2807 790 2875 ἀφέντες
818 2813 865 2863 οἱ
893 2812 1155 2886 βάρϐαροι
1183 2816 1412 2889 χώραν.ι
1437 2820 1664 2891 μυρίους
1694 2820 1941 2885 σταδίους
1968 2824 2067 2892 τῆς
2098 2823 2228 2892 ἠμε-

556 2892 722 2965 τέρας
744 2896 835 2949 καὶ
866 2898 1126 2965 πολλάκις
1146 2904 1432 2969 τοσούτους
1455 2907 1784 2976 ἐπέδραμον,
1810 2909 1903 2962 καὶ
1928 2908 2027 2971 τάς
2046 2908 2228 2979 χώρας

558 2982 1020 3053 κατακαύσαντες,
1061 2990 1153 3043 καὶ
1178 2990 1278 3053 τὰς
1310 2992 1493 3056 πόλεις
1524 2994 1768 3059 ἑλόντες,
1827 2995 1927 3049 οὐκ
1954 2995 2227 3049 ἐθέλουσιν

560 3064 919 3154 ὑποστρέφειν
951 3073 1131 3129 οἴκαδε
1160 3077 1341 3144 πάλιν,
1364 3078 1478 3132 ἀλλ’
1530 3080 1718 3152 ὥσπερ
1746 3082 2061 3153 χορεύοντες
2091 3083 2228 3154 μᾶλ-

559 3153 703 3242 λονῆ
736 3161 1113 3231 πολεμοῦντες,
1159 3165 1301 3220 οὓτω
1356 3169 1698 3239 καταγελῶσι
1753 3172 1880 3233 τοὺς
1928 3170 2229 3242 ἡμετέρους

557 3241 823 3310 ἅπαντας
854 3249 946 3302 καί
992 3268 1114 3305 τινα
1140 3253 1249 3309 τῶν
1276 3258 1406 3327 παρ’
1430 3258 1657 3321 ἐκείνοις
1713 3257 1975 3327 βασιλέων
2002 3259 2163 3328 φασὶν
2198 3259 2227 3299 δ

558 3333 731 3385 εἰπεῖν
754 3337 834 3388 ὃτι
863 3336 962 3407 τῆς
986 3341 1366 3411 ἀναισχυντίας
1394 3345 1749 3417 ἐκπλήττοιτο
1777 3348 1903 3410 τοὺς
1926 3347 2229 3418 ἡμετέρους

561 3423 930 3491 στρατιώτας,
1011 3427 1059 3480 οἳ
1116 3430 1313 3499 μᾶλλον
1364 3433 1653 3503 προϐάτων
1723 3435 2228 3505 κατασφαττόμενοι

560 3508 934 3578 προσδοκῶσιν
955 3513 1035 3567 ἔτι
1063 3518 1240 3588 νικᾷν,
1271 3519 1365 3572 καὶ
1401 3521 1501 3573 οὐκ
1535 3521 1809 3575 ἐθέλουσιν
1840 3523 2098 3593 ἐκστῆναι
2128 3523 2229 3593 τῆς

562 3595 790 3650 ἐαυτῶνο
822 3600 983 3664 αὐτὸς
1007 3602 1106 3672 μέν
1132 3604 1239 3675 γὰρ
1260 3605 1465 3675 ἔφασκε
1494 3607 1588 3662 καὶ
1611 3608 1772 3679 κόρον
1799 3610 2077 3680 εἰληφέναι
2102 3610 2231 3664 πολ-

560 3682 718 3748 λάκις
739 3688 1095 3743 κατακόπτων
1132 3693 1348 3758 αὐτούς.
1375 3696 1542 3749 Ποίαν
1579 3694 1672 3750 οὖν
1705 3697 1806 3750 οἴει
1841 3699 2048 3752 καὶτὸν
2078 3698 2230 3769 βασι-

561 3769 678 3836 λέα,
701 3774 798 3860 ,καὶ
825 3776 925 3847 τὴν
956 3778 1143 3833 τούτου
1163 3785 1398 3851 γυναῖκα
1423 3784 1594 3839 ταῦτα
1626 3785 1930 3841 ἀκούουσαν
1955 3787 2023 3840 τὰ
2050 3789 2230 3860 ῥήμα-

559 3873 652 3924 τα,
683 3858 828 3930 ἔχειν
847 3860 1055 3935 ψυχήνς

633 3988 698 4036 ε’.
721 3984 937 4056 Ἐπειδὴ
959 3986 1018 4040 δέ
1035 3989 1310 4061 ἐμνήσθην
1330 3991 1424 4045 τοῦ
1449 3993 1685 4065 πολέμου
1710 3995 1918 4062 τούτου,
1943 3998 2108 4068 ἐσμός
2137 4014 2227 4069 μοι

561 4069 730 4135 πολὺς
764 4073 947 4143 χηρῶν
991 4077 1317 4148 ἐπέδραμεν,
1347 4081 1404 4134 αἳ
1445 4082 1609 4137 πάλαι
1641 4095 1663 4121 α
1693 4084 1791 4152 μὲν
1825 4085 2029 4155 σφόδρα
2060 4086 2228 4156 ἐλαμ-

562 4175 663 4213 πον
688 4160 795 4213 ἀπὸ
827 4162 926 4233 τῆς
956 4164 1061 4217 τῶν
1090 4166 1295 4237 ἀνδρῶν
1331 4171 1517 4241 τιμῆς,
1572 4173 1668 4227 νῦν
1703 4173 1761 4226 δὲ
1784 4174 1997 4244 ἁθρόως
2021 4173 2229 4228 άπασαι

562 4248 805 4337 πενθήρη
827 4253 920 4304 καὶ
948 4253 1202 4323 μέλαιναν
1228 4260 1582 4331 περιθέμεναι
1619 4263 1810 4335 στολὴν
1846 4265 2102 4337 θρηνοῦσι
2136 4266 2229 4318 τὸν

561 4334 779 4389 ἅπαντα
815 4340 1023 4408 χρόνον.
1056 4343 1189 4396 Οὐδὲ
1211 4344 1319 4414 γὰρ
1354 4347 1513 4401 τοῦτο
1542 4349 1731 4414 αὐταῖς
1770 4334 2037 4422 ὑπῆρξεν,
2093 4354 2228 4424 ὅπερ

560 4425 813 4510 τῇλτιμίᾳ
848 4444 939 4480 σου
970 4431 1201 4501 κεφαλῇ.
1258 4434 1329 4488 Σὺ
1363 4437 1462 4505 μὲν
1513 4439 1643 4510 γάρ,
1691 4433 1736 4492 ὦ
1787 4438 2084 4510 θαυμασία,
2135 4444 2230 4495 καὶ

565 4508 812 4580 κείμενον
841 4515 932 4585 ἐπὶ
977 4519 1075 4586 τῆς
1120 4518 1310 4591 κλίνης
1364 4519 1503 4585 εἶδες
1532 4508 1619 4576 τὸν
1657 4524 1820 4578 καλὸν
1848 4508 2087 4593 ἐκεῖνον,
2136 4531 2231 4583 καὶ⁵

563 4596 798 4668 ἐσχάτης
817 4601 1056 4670 ἤκουσας
1085 4607 1288 4677 φωνῆς,
1319 4609 1414 4662 καὶ¹
1440 4612 1561 4665 τίνα
1585 4614 1691 4684 χρὴ
1720 4612 1924 4685 πρᾶξαι
1955 4616 2095 4687 ὑπὲρ
2122 4617 2231 4670 τῶν

564 4688 907 4772 πραγμάτων
934 4691 1031 4760 τῆς
1067 4694 1244 4758 οἰκίας
1276 4695 1478 4764 ἔμαθες
1509 4699 1955 4772 ἐπισκήπτοντος,
2000 4706 2094 4757 καὶ
2144 4704 2234 4758 διὰ

564 4771 675 4826 τῶν
692 4774 974 4847 διαθηκῶν
995 4778 1210 4834 ἅπασαν
1234 4786 1347 4846 τοῖς
1375 4784 1728 4852 πλεονέκταις
1748 4791 1842 4842 καὶ
1871 4780 2233 4859 συκοφάνταις

567 4861 1004 4933 ἀππειχίζοντος
1041 4867 1245 4936 ἔφοδον.
1300 4872 1408 4924 Καὶ
1438 4874 1500 4926 οὐ
1533 4874 1689 4928 τοῦτο
1722 4878 1901 4947 μόνον,
1949 4878 2087 4932 ἀλλά
2140 4880 2235 4933 καὶ

567 4950 746 5022 νεκρῷ
770 4950 849 5006 ἔτι
877 4955 1113 5027 κειμένῳ
1146 4957 1404 5021 πολλάκις
1428 4959 1712 5029 ἐπέπεσες,
1747 4965 1841 5017 καὶ
1869 4964 2236 5037 κατεφίλησας

563 5039 895 5110 ὀφθαλμοὺς,
916 5043 1010 5096 καὶ
1039 5047 1386 5118 περιεχύθης,
1412 5050 1505 5101 καὶ
1537 5049 1838 5114 ἐκώκυσας,
1867 5054 1961 5106 καὶ
1981 5069 2234 5126 προπεμ-

566 5126 768 5197 φθέντα
798 5129 937 5197 εἶδες
966 5134 1104 5204 μετὰ
1131 5135 1331 5207 πολλῆς
1356 5137 1456 5206 τῆς
1491 5139 1656 5209 τιμῆς
1689 5138 1858 5209 [5451.
1894 5141 1989 5193 καὶ
2013 5143 2081 5196 τά
2098 5143 2236 5212 πρὸς

564 5218 666 5290 τὴν
691 5219 868 5291 ταφὴν
892 5223 1067 5276 πάντα
1119 5223 1380 5293 ἔπραξας,
1418 5224 1494 5288 ώς
1527 5226 1800 5297 προσῆκον
1830 5223 1917 5298 ἦν,
1974 5230 2068 5281 καὶ
2097 5232 2236 5301 πρὸς

565 5306 660 5360 τὸν
684 5306 854 5377 τάφον
887 5310 1147 5376 πολλάκις
1184 5314 1454 5384 ἐρχομένη
1492 5316 1581 5368 τὸν
1637 5317 1848 5369 ἐκείνου
1884 5319 2235 5388 παραμυθίαν

621 5550 658 5633 ξ
679 5558 760 5633 (sic
783 5560 919 5633 ροξζ).
943 5565 1156 5633 οιξθνῃ.
1181 5566 1235 5633 In
1262 5566 1434 5633 More}.
1463 5571 1622 5633 χώραν
1640 5571 1801 5620 deest.

630 5616 661 5691 ξ»
684 5617 921 5691 giqpolp.
944 5627 1156 5691 ειεεγίι.
1177 5628 1432 5691 ΑιΜοιιει.
1463 5616 1618 5691 ῗᾷἦᾶίν.

626 5682 649 5708 ο
676 5679 821 5750 ρυιθ.
845 5685 902 5750 αἳ.
920 5686 1087 5750 πάλαι,
1113 5700 1223 5750 qum
1250 5690 1396 5750 lectio
1428 5679 1673 5750 Vpi-a'eslare
1720 5695 1926 5744 videtur.
1978 5694 2150 5745 Morel.
2182 5700 2235 5745 et

573 5738 725 5792 Savil.
751 5742 803 5789 αἲ
825 5745 1013 5806 πολλαί,
1039 5738 1092 5796 εἰ
1112 5738 1177 5797 iia
1201 5749 1327 5811 legit
1351 5738 1633 5801 NoBiliuSQh
1652 5738 1668 5741 ⁷
1730 5738 1833 5782 ""-

1330 298 1388 356 S.
1426 296 1708 355 JOANNIS
1746 294 2231 353 CHRYSOSTOMI
2271 295 2590 351 ARCIIIEP.
2633 294 3178 353 CONSTANTINOP.
3853 309 3930 365 606

2328 420 2471 492 ἔχεις
2509 423 2607 494 τῆς
2637 423 2827 492 ὀδύνης
2855 425 2916 476 οὗ
2973 419 3192 493 μικράν.
3233 410 3399 473 Δῦται
3425 418 3483 473 δὲ
3513 417 3704 471 τούτων
3725 420 3930 475 ἁπάντων

2327 509 2675 579 ἐστέρηνται,
2714 508 3064 579 ἐκπέμψασαι
3094 507 3192 576 μὲν
3235 509 3313 569 εἰς
3344 505 3580 575 πόλεμον
3626 504 3815 559 ἅπασαι
3836 510 3930 570 τοὺς

2327 595 2533 648 ἐαυτῶν
2558 597 2775 669 ἀνδρας,
2802 584 2875 660 ῶς
2904 596 3066 650 πάλιν
3096 595 3291 657 αὐτοὺς
3318 593 3734 663 ἀποληψόμεναι,
3763 594 3865 645 ἀντὶ
3893 595 3930 647 δὲ

2326 682 2548 737 ἐκείνων
2568 683 2663 754 τὴν
2692 682 2893 753 πικρὰν
2923 686 3020 754 τῆς
3048 682 3302 752 τελευτῆς
3333 680 3508 734 αὐτῶν
3541 678 3781 749 ἀγγελίαν
3813 680 3930 749 στρέ·

2327 786 2515 837 φονται
2535 769 2845 840 δεξάμεναι.
2870 770 3006 824 Ούδέ
3031 768 3142 839 γάρ
3164 769 3233 821 τά
3260 766 3488 839 σώματά
3506 785 3588 831 τις
3616 767 3781 820 αὐτῶν
3812 767 3930 837 κομί-

2327 854 2434 919 ζων
2463 858 2765 927 ἐπανῆλθεν
2790 858 3000 921 αὑταῖς,
3044 857 3180 912 ἀλλά
3206 858 3426 927 ῥήματα
3472 856 3625 925 μόνον
3652 854 3740 907 τόν
3775 855 3930 923 τρόπον

2325 942 2655 1014 διηγούμενα
2677 946 2777 1015 τῆς
2798 945 3075 1015 τελευτῆς.
3110 945 3231 998 Εἰσὶ
3273 945 3330 998 δέ
3358 943 3415 996 αῖ
3440 943 3562 996 ούδέ
3590 941 3783 1010 ταύτης
3809 938 3930 1009 ἠξιὼ-

2327 1028 2497 1099 θησαν
2524 1032 2622 1101 τῆς
2642 1030 2964 1102 διηγήσεως,
2994 1031 3115 1084 οὐδὲ
3142 1032 3287 1095 ὅπως
3314 1030 3611 1085 κατέπεσον
3644 1028 3819 1098 μαθεῖν
3845 1025 3930 1095 ήδν·

2325 1116 2587 1186 νήθησαν,
2617 1120 2674 1171 ἐν
2706 1119 2887 1193 πολλῷ
2925 1119 3004 1190 τῷ
3043 1120 3236 1190 πλήθει
3270 1119 3367 1187 τῆς
3416 1115 3687 1188 συμϐολῆς
3733 1130 3930 1181 καταχω-

2329 1202 2559 1258 σθέντων
2585 1204 2783 1260 αὐτῶν.

2397 1326 2507 1379 Καὶ
2550 1327 2604 1379 τί
2637 1326 2966 1398 θαυμαστὸν,
3013 1328 3062 1381 εἰ
3100 1327 3211 1381 τῶν
3243 1325 3563 1398 στρατηγῶν
3592 1323 3757 1386 οὕτως
3783 1320 3930 1375 ἀπέθιι⁴

2328 1425 2416 1462 νον
2447 1412 2496 1463 οἱ
2523 1412 2725 1478 πολλοὶ,
2751 1414 2882 1468 ὅπου
2922 1431 2987 1484 γε
3016 1415 3110 1467 καὶ
3154 1414 3317 1476 αὐτὸς
3346 1414 3375 1465 ό
3407 1412 3654 1482 βασιλεὺς
3682 1411 3757 1471 εἰς
3789 1408 3930 1477 manu

2326 1498 2448 1551 τινὰ
2500 1500 2850 1570 ἀπολειφθεὶς
2914 1504 3032 1573 μετ’
3084 1502 3281 1569 όλίγων
3341 1497 3684 1570 στρατιωτῶν
3751 1494 3930 1558 ἐξελθεῖι

2332 1586 2430 1655 μὲν
2484 1589 2578 1641 καὶ⁸
2633 1590 2950 1660 ἀντιστῆναι
2995 1593 3106 1654 τοῖς
3160 1589 3477 1643 ἐπελθοῦσιν
3543 1588 3644 1640 οὐκ
3702 1583 3925 1652 ἐτόλμησε

2331 1674 2507 1741 μένων
2538 1675 2595 1728 δὲ
2622 1675 2766 1728 ἔνδον
2805 1676 2916 1747 πῦρ
2955 1677 3266 1746 ἐξαψάντων
3293 1675 3517 1729 ἐκείνων
3547 1669 3930 1742 συγκατεφλέχθι

2326 1764 2439 1824 τοῖς
2475 1761 2621 1815 ἔνδον
2650 1746 2863 1816 ἅπασιν
2889 1746 2992 1817 οὐκ
3036 1764 3259 1835 ἀνδράσι
3295 1764 3474 1834 μόνον,
3511 1760 3649 1815 ἀλλά
3674 1760 3764 1814 καὶ
3797 1759 3930 1811 ἵπποις

2329 1849 2421 1902 καὶ
2447 1849 2622 1914 δοκοῖς
2651 1852 2744 1904 καὶ
2784 1850 3004 1921 τοίχοις,
3040 1853 3135 1906 καὶ
3167 1851 3347 1905 πάντα
3394 1851 3492 1920 μία
3527 1848 3554 1888 ἀ
3583 1848 3765 1917 γέγονε
3799 1846 3918 1905 κόνις

2327 1937 2439 1991 Καὶ
2501 1937 2704 2010 ταύτην
2761 1940 2813 1991 οῖ
2873 1939 3011 2010 μετά
3079 1939 3173 1992 τοῦ
3221 1937 3483 2007 βασιλέως
3543 1934 3849 1993 ἀπελθόντες
3886 1933 3930 1982 ει

2328 2025 2561 2097 πόλεμον
2590 2027 2710 2081 ἀντὶ
2733 2027 2827 2081 τοῦ
2848 2026 3111 2097 βασιλέως
3137 2025 3437 2095 ἐπανῆλθον
3463 2026 3530 2095 τῇ
3559 2022 3770 2093 γυναικὶ
3798 2020 3930 2090 φέρον

2327 2128 2420 2175 τες
2446 2113 2545 2184 τὴν
2586 2114 2793 2184 φωνήν.
2828 2114 2993 2168 Οὐδέν
3035 2113 3165 2184 γὰρ,
3201 2113 3352 2166 οὐδὲν
3379 2110 3491 2164 τῶν
3515 2111 3574 2163 ἐν
3610 2111 3675 2198 τῇ
3710 2109 3860 2198 σκηνῇ
3879 2121 3930 2198 γιῖ

2329 2199 2571 2270 νομένων
2617 2202 2711 2255 καὶ
2761 2203 2862 2272 τῆς
2888 2201 2997 2254 τῶν
3035 2201 3269 2272 ἐαρινῶν
3312 2199 3522 2253 ἀνθέων
3555 2207 3580 2236 ο
3607 2195 3748 2266 ὥρας
3792 2191 3854 2243 τὰ
3874 2191 3930 2241 τοὶ

2330 2286 2535 2357 κόσμου
2568 2287 2795 2359 λαμπρὰ
2821 2288 3115 2359 διενήνοχε.
3166 2285 3390 2356 Πρῶτον
3415 2285 3515 2354 μέν
3542 2283 3653 2353 γὰρ
3679 2280 3796 2351 πρὶν
3819 2279 3847 2348 ἦ
3870 2293 3928 2345 φα

2330 2380 2485 2451 νῆναι
2512 2380 2831 2448 ἀφίπταταιο
2860 2379 3051 2433 ἔπειτα
3077 2379 3158 2444 δέ,
3198 2378 3302 2432 κᾶν
3333 2377 3527 2450 μικρὸν
3555 2378 3830 2446 ἀναμεῖναι
3848 2369 3930 2424 ἀνά

2334 2483 2527 2537 σχηται
2566 2467 2777 2539 χρόνον,
2827 2467 3026 2532 εὐθέως
3076 2465 3357 2536 εὔφθαρτα
3390 2467 3623 2533 γίνεται.
3657 2462 3719 2516 Τί
3767 2460 3856 2529 γὰρ
3874 2459 3929 2525 τῆι

2333 2555 2485 2626 παρά
2505 2555 2615 2623 τῶν
2647 2553 2856 2609 πολλῶν
2874 2555 3041 2626 τιμῆς
3062 2554 3156 2608 καὶ
3187 2553 3348 2624 δόξης
3374 2552 3811 2623 ούδαμινέστερον
3829 2565 3842 2612 ;
3858 2548 3930 2598 τίνι

2332 2643 2445 2714 ἔχει
2473 2644 2563 2698 τὸν
2593 2644 2824 2715 καρπὸν,
2858 2643 3018 2696 ποίαν
3041 2642 3138 2713 τὴν
3159 2642 3341 2712 δνησιν
3365 2657 3380 2707 ;
3410 2642 3491 2704 είς
3521 2644 3674 2693 ποῖον
3700 2637 3835 2697 τέλος
3852 2634 3930 2703 χρή

2335 2749 2493 2802 σιμον
2531 2732 2746 2803 ἀπαντᾷ
2769 2748 2784 2796 ;
2847 2732 2958 2784 Καὶ
2979 2728 3092 2783 εῐθε
3113 2730 3270 2783 τοῦτο
3300 2729 3458 2800 μόνον
3486 2724 3553 2799 ἦν
3576 2727 3639 2780 τὸ
3666 2724 3930 2819 δεινόν’

2330 2819 2411 2884 δὲ,
2429 2819 2564 2890 πρὸς
2584 2819 2661 2891 τῷ
2693 2821 2857 2891 μηδὲν
2873 2819 3016 2891 ἔχειν
3041 2819 3149 2874 ἀπὸ
3173 2817 3269 2871 τοῦ
3295 2815 3597 2889 κερδαίνειν
3626 2814 3798 2875 καλὸν,
3815 2809 3930 2907 πολλα

2332 2905 2552 2979 λυπηρά
2587 2908 2680 2962 καὶ
2734 2907 2999 2979 ἐπιϐλαϐῆ
3053 2907 3240 2978 φέρειν
3298 2903 3671 2997 ἀναγκάζεται
3708 2903 3918 2997 συνεχῶς,

2332 2996 2433 3064 τὴν
2471 2995 2859 3066 χαλεπωτάτην
2879 2995 3082 3067 ταύτην
3107 2993 3388 3047 δέσποιναν
3410 2991 3571 3063 ἔχων.
3606 2990 3851 3043 Δέσποινα
3869 2990 3924 3051 γά

2334 3085 2451 3136 ἐστι
2477 3083 2586 3136 τῶν
2619 3083 2850 3152 ἐχόντων
2882 3082 3072 3152 αὐτὴν,
3108 3081 3205 3134 καὶ
3259 3081 3479 3150 ὅσῳπερ
3509 3077 3578 3132 ἂν
3637 3072 3930 3140 κολακεύτιτα

2334 3169 2488 3242 παρὰ
2508 3170 2615 3223 τῶν
2643 3169 2862 3235 δούλων,
2876 3168 3114 3239 τοσούτῳ
3142 3167 3302 3221 πλέον
3322 3168 3535 3238 αἴρεται
3563 3163 3684 3218 κατ’
3707 3159 3866 3216 αὐτῶν
3882 3174 3930 3253 κο

2336 3254 2717 3325 σκληροτέροις
2744 3253 2939 3317 αὐτοὺς
2966 3252 3270 3307 κατατείνει
3304 3253 3416 3314 τοῖς
3457 3249 3808 3319 ἐπιτάγμασι-
3853 3249 3927 3294 τοῦ

2334 3343 2390 3395 δέ
2406 3341 2761 3402 διαπτύοντας
2793 3339 2961 3411 αὐτὴν
3005 3341 3100 3393 καὶ
3128 3338 3483 3411 παρορῶντας
3509 3336 3634 3390 οὐδὲ
3655 3334 3785 3403 αὑτὴ
3807 3328 3930 3383 λοιπὺ

2335 3431 2645 3503 ἀμύνασθαι
2702 3430 2904 3484 δύναιτ’
2935 3430 3021 3483 ἀν’
3056 3428 3199 3482 οὕτω
3250 3428 3346 3482 καὶ
3373 3426 3639 3498 τυράννου
3664 3424 3756 3477 καὶ⁹
3801 3417 3927 3489 θηρίθ

2336 3519 2536 3583 παντός
2562 3521 2677 3572 ἐστι
2705 3517 3074 3588 χαλεπωτέρα.
3121 3517 3180 3569 '0
3215 3517 3311 3586 μὲν
3361 3514 3472 3585 γὰρ
3499 3512 3759 3584 τύραννος
3794 3508 3873 3561 καὶ
3903 3520 3928 3554 τ

2335 3606 2497 3677 θηρία
2511 3605 2917 3660 τιθασσεύονται
2944 3604 3033 3657 διά
3053 3603 3290 3667 θωπείας
3317 3601 3575 3665 πολλάκις
3603 3590 3930 3690 {fﬁeri-66:6:-

2338 3696 2575 3768 μάλιστα
2594 3694 2886 3766 ἀγριαίνει,
2916 3695 3043 3747 ὅταν
3091 3693 3227 3763 αὐτῇ
3258 3691 3492 3762 μάλιστα
3528 3684 3851 3759 πειθώμεθα,
3878 3684 3930 3731 xi

2335 3785 2473 3856 εῦρῃ
2500 3786 2592 3837 τὸν
2615 3783 2978 3853 ἀκουσόμενον
2994 3782 3088 3835 καὶ
3112 3783 3191 3844 είς
3216 3780 3394 3833 πάντα
3407 3778 3645 3842 είξοντα,
3678 3774 3819 3829 οὐδέν
3842 3772 3930 3821 ἐστι

2332 3875 2363 3927 6
2395 3878 2738 3946 παραιτεῖται
2792 3871 3041 3938 ἐπιτάξαι
3073 3869 3276 3923 λοιπόν.
3313 3869 3464 3937 Ἔχει
3501 3866 3558 3919 δέ
3587 3865 3685 3919 καὶ
3715 3860 3930 3932 σύμμαχθ

2335 3963 2550 4035 ἑτέραν,
2570 3964 2637 4033 ἣν
2668 3963 2769 4015 οὐκ
2794 3961 2860 4015 ἄν
2901 3977 2984 4023 τις
3013 3958 3246 4029 ἁμάρτοι
3277 3954 3557 4025 θυγατέρα
3584 3951 3754 4021 αὐτῆς
3782 3958 3924 4017 προσε

2335 4050 2475 4104 πών.
2512 4051 2680 4103 Ὅταν
2724 4049 2834 4119 γὰρ
2855 4049 2948 4103 καὶ
2972 4045 3110 4116 αὕτη
3147 4046 3413 4135 τραφεῖσα
3441 4042 3538 4094 καὶ
3568 4038 3865 4135 αὐξηθεῖσα⁴

2336 4138 2442 4201 λῶς
2479 4136 2678 4207 ῥιζωθῇ
2705 4135 2830 4207 παρ’
2857 4134 3141 4205 ήμῖν,τότε
3161 4132 3332 4185 τίκτει
3354 4130 3451 4201 τὴν
3476 4130 3753 4189 ἀπόνοιαν,
3767 4130 3929 4207 πρᾶγμ

2315 4227 2433 4297 ⁸οὐχ
2457 4203 2616 4297 ἧττον
2820 4203 3115 4294 δυνάμενον
3141 4217 3587 4290 κατακρημνίσαι
3609 4216 3709 4286 τὴν
3735 4211 3833 4264 τῶν
3847 4203 3930 4275 ἐχό’

2335 4331 2442 4368 των
2474 4315 2671 4384 ψυχήν.

2410 4444 2462 4502 ς’
2469 4478 2484 4493 .
2501 4435 2686 4490 Ταῦτα
2710 4431 2802 4489 οῦν
2820 4412 3070 4505 θρηνεῖς,
3088 4431 3208 4487 εἰπέ
3228 4448 3338 4502 μοι,
3362 4429 3443 4482 ὅτι
3467 4444 3527 4481 σε
3547 4428 3576 4479 6
3591 4422 3832 4514 856:;7171;
3849 4415 3930 4514 οὔτ’

2338 4526 2727 4598 χαλεπωτάτης
2772 4524 3015 4584 δουλείας
3062 4519 3390 4591 ἀπήλλαξεν,
3435 4518 3518 4570 ὅτι
3558 4513 3929 4607 ταῖς-λοιζμξκαι

2337 4614 2561 4677 ταύταις
2584 4615 2760 4676 νόσοις
2790 4614 2968 4666 πᾶσαν
3002 4610 3343 4680 ἀπετείχισεν
3365 4607 3578 4701 ἐξροδονῖ
3618 4600 3769 4676 [3‘6]

2343 4701 2439 4771 μὲν
2471 4702 2577 4772 γάρ
2604 4718 2687 4754 σοι
2708 4698 2802 4753 τοῦ
2829 4697 3022 4768 ἀνδρὸς
3068 4697 3221 4751 οὔπω
3266 4695 3576 4750 ἐπαύσαντο
3608 4688 3844 4781 συνεχῶς
3868 4686 3930 4781 ἐπ

2341 4788 2586 4860 πηδῶσαι
2609 4788 2637 4827 ⁸
2671 4790 2784 4851 τοῖς
2827 4787 2928 4857 τῆς
2952 4786 3132 4857 ψυχῆς
3165 4785 3464 4855 λογισμοῖς,
3499 4780 3930 4871 τελευτήσαντος-ι

2340 4879 2439 4932 οὐκ
2466 4878 2648 4950 ἔχουσι
2694 4880 2857 4932 πόθεν
2911 4878 3277 4931 ἐπιλάϐωνται
3320 4878 3421 4946 τῆς
3459 4873 3699 4935 διανοίας
3754 4869 3846 4937 τῆς
3868 4869 3929 4955 σῆη

2340 4966 2510 5020 Τοῦτο
2536 4962 2629 5021 οῦν
2647 4968 2729 5020 δεῖ
2758 4965 3168 5039 κατορθωθῆναι
3218 4963 3423 5028 λοιπὸν,
3452 4963 3513 5015 τὸ
3559 4961 3635 5032 μὴ
3659 4957 3867 5030 θρηνεῖν
3892 4966 3930 5001 ατ

2339 5053 2448 5108 τῶν
2498 5054 2596 5125 τὴν
2627 5052 2992 5125 ἀναχώρησιν,
3036 5052 3170 5123 μηδὲ
3221 5051 3319 5122 τὴν
3356 5048 3670 5104 δεσποτείαν
3731 5042 3929 5125 ἐπιζητξ

2338 5140 2439 5211 τὴν
2486 5122 2709 5210 πικράν.
2732 5122 2925 5193 Quin-ou
2976 5122 3105 5210 γὰρ
3136 5139 3202 5193 ἂν
3236 5131 3395 5193 αὗται
3439 5134 3717 5191 πνεύσωσι
3755 5122 3929 5197 σφοδρδ

2342 5235 2518 5288 πάντα
2550 5235 2614 5286 ἐκ
2641 5232 2852 5302 βάθρων
2875 5231 3176 5301 ἀνέτρεψαν
3205 5230 3298 5283 καὶ
3328 5226 3700 5282 κατέσπασαν·
3721 5222 3811 5276 καὶ
3833 5214 3930 5271 καθί

2402 5509 2434 5570 d_
2452 5510 2534 5557 Sic
2557 5507 2707 5557 Savil.
2734 5514 2786 5556 et
2808 5506 2942 5558 Colb.
2967 5504 3170 5570 optime,
3190 5508 3240 5556 in
3265 5505 3435 5554 Morel.
3471 5503 3553 5567 μία
3571 5502 3735 5551 deest.

2400 5567 2815 5638 ἶ’ροῑὲ)·ἀνθὲ)ν-..
3137 5629 3148 5638 .
3501 5626 3543 5638 ..
3642 5623 3767 5638 ,μ

2409 5612 2589 5707 τιξόιῦζ
2612 5612 2663 5680 Si
2676 5612 2837 5679 ξένη.
2861 5631 2939 5678 διὰ
2962 5629 3204 5693 θεραπείας
3234 5628 3478 5686 πολλάκις,
3501 5625 3674 5675 Morel.
3703 5623 3780 5671 διὰ
3800 5612 3930 5668 om:

2341 5696 2628 5803 πθέλῖιῖιῗὲι.
2654 5754 2959 5813 ἐπιπηδῆσαι,
2979 5752 3128 5803 Savil.
3153 5756 3205 5801 ct
3223 5751 3355 5804 Colb.
3385 5750 3699 5810 ἐπιπηδῶσαι.
