4020 6398
181 393 263 450 ωδ
426 402 429 405 ν
1376 372 1467 426 AD
1507 367 1769 427 VlDUAM
1805 314 2165 427 temonem.
2915 381 2979 421 ~-.-

184 507 329 563 veniat
354 502 611 573 privatam
638 497 848 554 domum
865 510 1015 565 teque
1036 491 1285 548 refertam
1310 486 1724 550 calamitatibus,

185 615 233 655 ac
254 596 399 667 regite
445 594 604 648 malis
632 588 941 647 redundant.
982 586 1113 641 Nam
1150 592 1206 639 et
1232 582 1540 652 orphaniae,
1571 590 1625 634 et
1653 580 1732 633 vi-

184 692 378 745 duitates
403 686 725 746 immaturae,
755 692 806 737 et
831 693 990 735 neces
1020 677 1304 740 violentae,
1334 684 1493 741 atque
1531 672 1597 725 iis
1618 670 1733 740 qui-

184 783 301 845 dem,
333 793 447 849 qua:
474 778 528 831 in
562 773 827 844 tragmdiis
860 779 1158 832 narrantur,
1189 767 1358 821 multo
1399 763 1733 819 scelestiores

183 881 228 928 et
260 870 552 925 acerbiores
600 867 654 921 in
703 865 806 920 hoc
847 864 1021 933 ipsum
1070 859 1337 930 irraacipue
1383 856 1581 912 cadunt
1629 854 1732 908 im-

184 964 377 1035 perium.

241 1054 592 1120 Imperatorum
637 1049 776 1104 illius
814 1048 906 1104 ωυὶ
934 1047 1159 1101 maxima
1198 1058 1320 1113 pars
1355 1040 1573 1095 violenta
1615 1052 1736 1091 nece

184 1145 334 1200 sublati
356 1153 492 1197 sunt.
520 1171 591 1181 —
612 1143 814 1210 Atque.
847 1149 904 1194 ut
951 1147 1130 1192 vetera
1161 1136 1470 1189 omittamus
1493 1172 1508 1195 ,
1557 1145 1625 1184 ex
1671 1128 1735 1183 iis

186 1238 411 1302 omnibus,
438 1235 531 1305 qui
553 1249 669 1288 aevo
692 1242 876 1286 nostro
899 1231 916 1263 ⁸
939 1230 1270 1297 imperarunt
1299 1225 1536 1297 (fuerunt
1555 1230 1734 1275 autem

189 1327 364 1399 novem)
395 1328 503 1382 duo
527 1326 627 1380 soli
666 1323 938 1379 communi
977 1330 1150 1374 morte
1176 1319 1337 1371 vitam
1377 1316 1687 1369 clauserunt
1719 1329 1732 1365 :

188 1424 473 1492 reliquorum
503 1428 679 1473 autem
711 1416 798 1470 hic
825 1413 1040 1486 quidem
1068 1428 1096 1465 a
1126 1421 1372 1482 tyranno,
1400 1407 1489 1461 ille
1514 1419 1644 1460 vero
1682 1404 1737 1457 in

189 1513 319 1579 bello,
362 1512 498 1566 alius
535 1509 954 1565 domesticorum
998 1504 1277 1560 custodum
1327 1498 1552 1563 insidiis,
1601 1497 1738 1551 alius

189 1616 332 1658 autem
357 1602 423 1656 ab
452 1601 547 1655 illo
575 1601 708 1670 ipso,
740 1599 828 1669 qui
859 1612 1113 1652 coronam
1150 1609 1214 1649 ac
1244 1608 1530 1663 purpuram
1560 1590 1735 1659 impo-

190 1702 365 1760 suerat,
409 1691 720 1747 interfectus
766 1689 1050 1753 occubuit;
1105 1701 1305 1741 uxores
1352 1700 1480 1739 vero
1510 1682 1738 1737 illorum

188 1787 362 1854 partim,
388 1794 444 1838 ut
468 1784 663 1848 ferunt,
687 1796 892 1837 veneno
913 1779 1246 1843 interierunt,
1273 1778 1461 1847 partim
1484 1789 1736 1830 mcerore.

192 1878 346 1929 Earum
363 1890 507 1939 vero,
531 1889 650 1943 qua:
666 1873 836 1926 adhuc
848 1870 1161 1941 superstites
1172 1878 1318 1933 sunt,
1338 1869 1503 1922 altera
1522 1865 1739 1934 quidem

194 1966 323 2019 tilium
335 1965 530 2021 habens
554 1964 813 2035 pupillum
835 1962 1012 2016 tremit
1026 1976 1090 2015 ac
1109 1960 1315 2025 metuit,
1337 1972 1405 2014 ne
1417 1956 1537 2028 quis
1552 1971 1738 2011 eorum

193 2055 259 2125 qui
276 2070 435 2109 rerum
457 2057 766 2126 potiuntur,
797 2063 944 2107 metu
970 2050 1274 2105 futurorum
1314 2064 1436 2104 eum
1469 2047 1537 2103 de
1562 2046 1740 2102 medio

194 2147 327 2209 tollat,
342 2148 498 2201 altera
512 2160 646 2201 vero
672 2147 759 2199 vix
789 2145 1080 2199 multorum
1109 2141 1359 2213 precibus
1370 2142 1436 2196 ab
1453 2140 1641 2195 exsilio
1658 2154 1742 2193 re-

192 2236 282 2297 diit,
300 2251 394 2305 quo
412 2246 568 2290 antea
583 2236 653 2291 ab
675 2250 760 2301 eo,
783 2235 871 2304 qui
889 2248 1067 2289 rerum
1085 2230 1406 2302 potiebatur,
1422 2230 1585 2285 missa
1601 2239 1738 2284 erat.

194 2325 307 2390 Quod
327 2326 768 2381 adeorumautem
782 2324 870 2393 qui
884 2323 1298 2392 nuncimperant
1328 2335 1547 2385 uxores,
1574 2320 1742 2374 altera

194 2433 241 2470 ex
266 2418 481 2485 pristinis
500 2416 898 2474 calamitatibus
916 2414 1188 2484 respirans
1206 2412 1463 2482 voluptati
1490 2427 1740 2482 magnum

198 2508 322 2563 habet
340 2510 576 2565 dolorem
606 2508 892 2564 admistum
914 2549 930 2574 ,
961 2522 1028 2562 eo
1050 2506 1192 2575 quod
1218 2506 1308 2576 qui
1339 2521 1519 2561 rerum
1541 2506 1743 2575 potitur

198 2602 320 2656 nimis
357 2603 563 2671 juvenis
598 2617 663 2657 ac
706 2602 1013 2671 inexpertus
1056 2599 1156 2667 sit,
1205 2599 1510 2669 multosque
1550 2599 1744 2654 habeat

197 2695 384 2765 undique
430 2696 779 2759 insidiantes;
828 2694 999 2748 altera
1033 2695 1163 2747 vero
1204 2691 1398 2746 timore
1440 2691 1742 2746 exanimata

198 2790 264 2853 iis,
289 2793 366 2861 qui
389 2791 561 2860 capite
589 2789 825 2844 damnati
855 2798 999 2854 sunt,
1027 2786 1363 2842 miseriorem
1390 2786 1551 2839 vitam
1574 2783 1739 2850 ducit,

199 2897 246 2934 eo
265 2882 387 2950 quod
417 2883 497 2937 vir
522 2881 694 2952 ipsius
720 2880 788 2934 ab
812 2896 878 2935 eo
912 2889 1170 2948 tempore,
1200 2893 1309 2947 quo
1347 2876 1592 2931 diadema
1627 2889 1744 2930 sus-

199 2972 322 3038 cepit,
347 2987 506 3041 usque
541 2971 611 3027 ad
642 2970 960 3025 hodiernum
995 2968 1139 3022 diem
1180 2968 1235 3021 in
1261 2966 1403 3021 bello
1447 2973 1502 3021 et
1540 2965 1742 3035 prmliis

202 3074 430 3128 versetur,
457 3061 887 3137 verecundiaque
925 3069 980 3137 et
1006 3059 1246 3129 probris,
1286 3058 1479 3128 quibus
1509 3057 1743 3127 undique

201 3152 404 3218 afficitur,
429 3134 599 3224 magis
621 3167 777 3223 quam
802 3168 867 3206 ex
893 3134 1283 3206 calamitatibus
1308 3150 1565 3204 tabescat.
1586 3148 1741 3216 Quod

202 3245 310 3300 enim
344 3258 490 3304 antea
528 3261 844 3316 numquam,
873 3260 1015 3299 nunc
1039 3246 1236 3309 evenit,
1275 3253 1330 3298 ut
1371 3243 1582 3298 barbari
1616 3258 1742 3312 pro-

204 3338 334 3403 priam
359 3340 720 3409 relinquentes
749 3338 1040 3407 regionem,
1068 3336 1232 3390 multa
1262 3336 1566 3389 stadiorum'
1581 3334 1744 3388 millia

205 3428 389 3497 regionis
432 3438 636 3484 nostra:
680 3427 1074 3497 percurrerint,
1100 3435 1156 3481 et
1186 3426 1327 3496 agris
1378 3425 1610 3479 incensis
1649 3439 1744 3478 ca-

204 3519 368 3587 ptisque
390 3520 609 3576 urbibus
631 3518 844 3596 domum
869 3517 1126 3573 redeundi
1146 3533 1357 3583 omnem
1370 3518 1744 3587 cogitationem

206 3608 478 3678 abjecerint;
504 3628 571 3667 ac
598 3610 820 3680 perinde
858 3610 1011 3680 quasi
1054 3610 1279 3665 choreas
1318 3608 1608 3675 ducerent,
1638 3623 1746 3663 non

210 3699 364 3755 bellum
381 3714 648 3773 gererent,
673 3703 743 3757 ita
770 3714 984 3757 nostros
1002 3718 1189 3757 omnes
1211 3702 1463 3768 irrident;
1490 3710 1545 3757 et
1559 3717 1748 3772 quem-

208 3790 299 3846 dam
321 3811 381 3850 ex
403 3797 615 3852 illorum
646 3796 861 3867 regibus
885 3795 1087 3852 dixisse
1121 3796 1316 3860 ferunt,
1345 3797 1527 3850 mirari
1556 3812 1616 3852 se
1642 3797 1744 3851 im-

211 3885 464 3949 pudentiam
496 3896 803 3943 nostrorum
833 3887 1082 3951 militum,
1101 3888 1190 3957 qui
1210 3902 1331 3942 cum
1357 3888 1561 3943 facilius
1588 3904 1747 3958 quam

210 3988 307 4028 oves
323 3979 512 4033 soleant
529 3980 784 4049 jugulari,
812 3979 987 4034 adhuc
1006 3979 1281 4035 victoriam
1310 3988 1551 4049 sperent,
1574 3996 1748 4049 neque

210 4077 261 4118 ex
303 4083 385 4123 sua
415 4072 634 4142 regione
665 4071 826 4125 velint
868 4070 1148 4126 excedere.
1198 4071 1330 4127 Nam
1376 4070 1491 4140 ipse
1531 4071 1751 4141 quidem

211 4153 328 4221 dixit,
351 4174 459 4216 sese
492 4162 601 4216 illis
627 4161 895 4217 caedendis
915 4163 1160 4217 satietate
1185 4177 1328 4232 saepe
1355 4170 1566 4232 captum
1606 4177 1746 4218 esse.

213 4243 301 4308 Quo
335 4250 478 4319 igitur
500 4254 685 4306 animo
713 4265 766 4307 et
804 4252 1186 4322 Imperatorem
1224 4263 1279 4308 et
1322 4255 1488 4324 ipsius
1528 4268 1750 4310 uxorem

218 4334 294 4389 ista
319 4342 461 4397 verba
488 4344 794 4399 audientem
816 4345 1090 4400 existimas
1111 4345 1270 4401 esse?

267 4430 310 4487 5.
343 4433 404 4488 Et
422 4438 671 4506 quoniam
701 4438 857 4507 hujus
878 4439 1007 4494 belli
1036 4440 1234 4494 mentio
1264 4439 1470 4505 incidit,
1500 4455 1749 4510 magnum

217 4520 314 4574 mihi
340 4525 605 4581 viduarum
628 4543 817 4597 agmen
860 4530 1112 4595 occurrit,
1138 4544 1360 4599 quarum
1389 4531 1507 4585 alia:
1533 4531 1659 4585 olim
1686 4547 1753 4586 ex

220 4610 405 4668 virorum
432 4619 645 4687 quidem
675 4619 927 4689 dignitate
955 4620 1241 4689 plurimum
1268 4622 1568 4690 Splendoris
1596 4638 1749 4679 accc-

221 4715 387 4771 perunt,
437 4726 575 4765 nunc
632 4709 761 4765 νεα)
786 4721 1005 4779 repente
1031 4726 1220 4765 omnes
1245 4712 1393 4781 nigra
1423 4727 1484 4765 ac
1512 4713 1754 4769 luctuosa

220 4795 324 4847 sola
344 4799 538 4855 amicta:
556 4816 720 4856 omne
745 4810 951 4869 tempus
979 4803 1029 4856 in
1056 4803 1305 4874 lacrymis
1327 4803 1549 4858 ducunt.
1570 4804 1756 4875 Neque

220 4880 300 4937 illis
320 4885 408 4942 hoc
431 4890 609 4945 datum
635 4900 740 4959 est,
782 4893 923 4962 quod
988 4892 1252 4949 honorato
1298 4904 1390 4950 tuo
1437 4898 1616 4966 capiti.
1675 4899 1756 4954 Tu

223 4974 348 5042 enim,
369 4994 398 5031 ο
417 4982 818 5049 admirabilis,et
848 4984 899 5036 in
924 4984 1116 5039 lectulo
1132 4985 1402 5054 jacentem
1433 4988 1610 5042 vidisti
1654 4990 1755 5044 ho-

223 5076 389 5121 nestum
412 5072 572 5140 illum,
590 5083 644 5128 et
666 5089 968 5145 supremam
988 5076 1177 5130 audisti
1200 5091 1405 5145 vocent,
1426 5094 1544 5134 cum
1568 5081 1759 5150 quibus

226 5158 361 5213 modis
383 5177 463 5216 res
493 5165 798 5220 domesticae
828 5166 1263 5223 administranda:
1290 5180 1470 5224 essent
1500 5180 1551 5227 te
1600 5173 1759 5227 doce-

226 5254 301 5308 tel,
325 5260 371 5303 et
396 5260 706 5310 testamento
735 5272 949 5311 omnem
973 5258 1130 5312 alieni
1157 5263 1532 5329 appetentibus
1576 5279 1638 5317 ac
1664 5279 1757 5335 sy-

227 5341 461 5408 cophantis
485 5348 681 5403 aditum
706 5349 1029 5404 Obstrueret.
1048 5352 1199 5407 Adde
1224 5353 1374 5419 illud,
1399 5356 1538 5424 quod
1560 5356 1758 5425 jacenti

230 5442 402 5489 mortuo
426 5453 565 5508 saapc
593 5440 900 5506 incubuisti,
928 5451 982 5495 et
1002 5443 1236 5496 snaviata
1267 5460 1327 5499 es
1357 5447 1540 5501 oculos
1569 5457 1759 5502 etam-

228 5521 346 5584 ltlexa
373 5543 425 5583 es
443 5544 503 5584 ac
536 5531 735 5597 luxisti,
792 5531 1278 5605 bonestissimoque
1322 5536 1512 5592 funere
1560 5540 1758 5593 elatum

234 5613 408 5675 tidisti:
437 5625 677 5680 omnibus
717 5642 837 5696 qua:
858 5625 1083 5681 decebat
1108 5643 1232 5698 erga
1258 5629 1403 5682 illum
1428 5630 1618 5686 ofﬁciis
1647 5632 1764 5688 fun-

234 5731 753 5846 in'ugfnlglpcrawribus
775 5739 852 5791 hic
874 5742 1154 5791 memoratis
1176 5742 1287 5793 vide
1312 5756 1389 5805 ea,
1421 5758 1532 5807 quae
1552 5747 1763 5800 diximus

3316 370 3421 429 606

1837 496 1920 540 cta
1949 487 2256 556 es,etjusta
2280 488 2605 557 persolvisti,
2633 496 2686 545 et
2710 488 2776 544 ad
2796 488 3137 558 sepulchrum
3163 503 3307 559 saepe
3330 506 3424 544 ac-

1838 576 2035 632 cedens
2058 594 2163 632 non
2196 579 2474 635 minimum
2496 580 2662 637 habes
2688 581 2763 634 tui
2784 580 2987 636 doloris
3010 580 3282 636 solatium.
3314 580 3427 636 Illa:

1837 682 1968 721 vero
1993 669 2243 724 omnibus
2261 669 2565 739 huiusmodi
2593 671 2799 726 solatiis
2829 681 2954 726 sunt
2973 672 3268 740 destitutae,
3299 687 3424 727 cum

1836 774 2025 815 omnes
2049 762 2262 831 quidem
2293 763 2358 817 ad
2386 763 2580 819 bellum
2610 765 2882 820 misissent
2921 764 3064 820 viros
3112 780 3239 819 suos
3288 773 3428 819 tam-

1836 867 1994 921 quam
2022 869 2209 909 rursus
2232 856 2376 924 ipsos
2395 866 2710 926 recepturae,
2740 866 2795 910 at
2819 872 2916 926 pro
2944 857 3050 912 illis
3079 857 3281 912 tristem
3307 856 3431 911 illo-

1838 959 1955 997 rum
1983 945 2173 1000 mortis
2188 948 2491 1016 acceperint
2519 947 2784 1003 nuntium.
2811 947 2928 1003 Non
2967 949 3108 1003 enim
3143 949 3428 1018 quisquam

1837 1050 2065 1105 corpora
2096 1038 2333 1107 ipsorum
2363 1039 2612 1104 efferens,
2640 1041 2734 1094 sed
2765 1042 2929 1096 verba
2975 1049 3179 1096 tantum
3231 1046 3428 1097 mortis

1837 1140 2006 1197 genus
2027 1131 2320 1196 narrantia,
2356 1131 2422 1185 ad
2454 1132 2595 1200 ipsas
2615 1132 2789 1187 rediit.
2820 1131 3016 1187 Verum
3044 1142 3168 1187 sunt
3192 1149 3309 1204 qua:
3336 1148 3431 1188 ne-

1838 1234 1944 1287 que
1977 1219 2078 1275 hac
2098 1221 2211 1290 ipsa
2237 1224 2543 1278 narratione
2569 1223 2743 1293 digna:
2771 1224 2970 1279 fuerint
2998 1225 3216 1291 habitas,
3246 1241 3424 1296 neque

1839 1312 2109 1379 quomodo
2135 1313 2208 1367 illi
2229 1314 2521 1370 ceciderint
2548 1315 2728 1371 doceri
2760 1320 3049 1387 potuerint,
3077 1334 3197 1373 cum
3228 1320 3282 1372 in
3312 1336 3430 1373 ma-

1838 1416 1945 1471 gno
1974 1418 2235 1459 caesorum
2264 1423 2495 1462 numero
2516 1409 2735 1478 reliquis
2760 1418 2945 1464 essent
2967 1412 3287 1465 coacervati.

1930 1494 2155 1549 Valentis
2179 1499 2436 1552 interitum
2459 1499 2624 1552 innuit
2658 1517 2691 1553 a
2731 1498 2910 1555 Gothis
2948 1501 3210 1555 combusti.
3233 1502 3431 1557 —Ec-

1841 1591 1968 1661 quid
1997 1605 2125 1645 vero
2165 1591 2380 1658 mirmn,
2441 1592 2486 1647 si
2535 1594 2687 1647 multi
2738 1609 2805 1648 ex
2857 1594 3080 1649 ducibus
3131 1596 3234 1650 hoc
3275 1595 3437 1650 modo

1843 1682 2180 1743 interierunt,
2213 1682 2426 1751 quando
2450 1691 2503 1737 et
2530 1682 2829 1752 Imperator
2849 1684 2963 1753 ipse
2990 1686 3041 1739 in
3067 1686 3184 1740 vico
3200 1686 3430 1755 quodam

1846 1789 1966 1829 cum
1992 1775 2175 1842 paucis
2200 1773 2458 1829 militibus
2482 1775 2771 1830 conclusus
2797 1776 2944 1831 exire
2971 1776 3185 1846 quidem
3212 1786 3267 1831 et
3314 1791 3437 1832 sese

1846 1864 2222 1919 invadentibus
2259 1880 2535 1935 opponere
2563 1866 2781 1921 minime
2824 1882 2985 1922 ausus
3014 1876 3115 1933 est,
3165 1868 3258 1934 sed
3291 1868 3436 1922 intus

1845 1972 2069 2011 manens
2093 1973 2321 2012 accenso
2347 1959 2538 2013 abillis
2563 1959 2682 2029 igne
2712 1975 2815 2013 una
2866 1976 2989 2015 cum
3044 1960 3109 2015 iis
3160 1962 3433 2030 omnibus,

1845 2062 1981 2118 quos
2013 2063 2193 2103 secum
2223 2049 2471 2116 habebat,
2495 2051 2808 2105 combustus
2829 2062 2910 2107 est
2929 2068 2944 2117 ;
2965 2068 3064 2107 nec
3082 2053 3206 2107 viris
3237 2054 3432 2116 solum,

1847 2138 1943 2193 sed
1972 2141 2131 2193 etiam
2157 2141 2331 2209 equis,
2359 2150 2413 2195 et
2436 2141 2694 2210 trabibus,
2742 2152 2797 2197 et
2819 2144 3007 2209 muris,
3037 2152 3091 2198 et
3109 2146 3358 2200 omnibus
3385 2147 3436 2202 in

1846 2246 2010 2286 unum
2055 2243 2216 2302 atque
2268 2233 2517 2288 eumdem
2566 2235 2802 2290 cinerem
2855 2236 3212 2292 abeuntibus?
3279 2248 3439 2308 atque

1846 2320 1989 2376 hunc
2018 2324 2261 2378 nuntium
2289 2324 2345 2390 ii,
2401 2325 2493 2395 qui
2519 2342 2621 2381 ttna
2646 2341 2767 2381 cum
2793 2328 3117 2398 Imperatore
3138 2330 3207 2385 ad
3238 2331 3436 2386 bellmn

1846 2413 2068 2484 profecti
2097 2414 2328 2482 fuerant,
2359 2416 2477 2471 loco
2511 2416 2853 2487 Imperatoris
2880 2420 3046 2489 ipsius
3089 2421 3156 2475 ad
3208 2438 3432 2477 uxorem

1846 2515 2188 2576 reportantes
2236 2507 2534 2564 redierunt.
2579 2509 2722 2565 Nihil
2767 2512 2932 2578 enim,
2981 2511 3112 2566 nihil
3160 2513 3317 2582 plane
3351 2529 3439 2582 ea,

1848 2614 1969 2669 quae
1990 2601 2043 2654 in
2071 2599 2269 2655 mundo
2292 2602 2570 2671 Splendida
2597 2611 2741 2671 sunt,
2781 2604 2849 2657 ab
2879 2604 2965 2671 iis,
3009 2620 3129 2675 qua:
3176 2606 3231 2660 in
3279 2621 3438 2664 scena

1848 2701 2128 2761 geruntur,
2176 2703 2336 2762 atque
2360 2710 2390 2748 a
2423 2709 2711 2749 vernorum
2758 2694 2954 2750 ﬂorum
2983 2705 3261 2751 venustate
3285 2697 3440 2753 diffe-

1832 2789 1996 2838 runt.
2033 2782 2270 2837 Primum
2301 2783 2445 2838 enim
2469 2793 2755 2855 antequam
2777 2794 3072 2855 appareant
3095 2797 3438 2853 evanescunt,

1848 2873 2065 2940 deinde,
2115 2874 2280 2929 etiam
2325 2876 2370 2930 si
2416 2876 2687 2945 paululum
2730 2878 2987 2947 temporis
3025 2888 3295 2944 maneant,
3335 2879 3441 2934 cito

1848 2975 2027 3020 tamen
2055 2966 2121 3020 ad
2149 2967 2429 3023 interitum
2472 2960 2784 3039 properant.
2828 2969 2967 3036 Quid
3008 2969 3150 3023 enim
3193 2969 3439 3035 honore,

1850 3060 1942 3129 qui
1989 3075 2021 3113 a
2057 3061 2217 3129 vulgo
2246 3060 2558 3128 exhibetur,
2603 3070 2658 3133 et
2698 3063 2868 3132 gloria
2909 3063 3101 3117 exilius
3142 3079 3206 3118 ac
3246 3063 3443 3117 vilius?

1849 3166 2011 3221 quem
2048 3151 2314 3218 fructum,
2341 3140 2518 3222 'quam
2569 3154 2851 3208 utilitatem
2897 3152 3165 3209 aﬂ‘erunt?
3207 3169 3440 3224 quonam

1847 3242 1990 3295 bono
2018 3242 2162 3297 exitu
2189 3243 2625 3297 concluduntur?

1921 3330 2112 3386 Gloria:
2142 3335 2379 3388 humana:
2403 3334 2744 3388 conditionem
2771 3335 2996 3404 exponit.
3027 3364 3100 3374 —
3125 3334 3298 3405 Atque
3335 3335 3441 3389 uti-

1853 3439 1976 3478 nam
2008 3424 2143 3478 nihil
2180 3424 2323 3479 aliud
2370 3425 2618 3481 subesset
2660 3427 2831 3481 mali:
2875 3441 3018 3481 nunc
3053 3442 3181 3482 vero
3225 3437 3442 3497 praetcr-

1850 3531 2010 3586 quam
2059 3517 2203 3586 quod
2255 3516 2386 3570 nihil
2434 3533 2562 3572 vere
2593 3517 2714 3572 boni
2766 3518 2891 3573 inde
2920 3518 3204 3587 provenit,
3250 3519 3444 3572 multas

1849 3608 2011 3662 etiam
2034 3608 2328 3671 molestias,
2350 3609 2515 3663 multa
2533 3608 2726 3663 damna
2744 3610 2959 3664 assidue
2982 3611 3026 3665 is
3052 3608 3196 3665 ferre
3213 3610 3441 3678 cogitur,

1850 3699 2022 3768 quise
2053 3700 2178 3754 huic
2229 3700 2591 3755 acerbissima:
2638 3701 2873 3755 dominae
2919 3701 3164 3769 subjecit.
3221 3701 3445 3754 Domina

1852 3792 1996 3846 enim
2018 3801 2327 3857 esteorum,
2362 3792 2452 3861 qui
2480 3792 2648 3860 ipsam
2674 3790 3031 3857 admiserunt,
3059 3802 3113 3846 et
3139 3807 3244 3862 quo
3276 3791 3447 3861 majo-

1854 3885 2003 3941 ribus
2032 3885 2302 3940 blanditiis
2330 3895 2384 3939 et
2411 3885 2865 3940 assentationibus
2885 3886 3079 3939 colitur
3102 3900 3133 3939 a
3163 3885 3352 3950 servis,
3379 3900 3447 3938 eo

1854 3978 2024 4048 magis
2053 3993 2174 4033 sese
2194 3987 2381 4034 contra
2405 3979 2554 4049 ipsos
2578 3979 2757 4049 erigit,
2789 3989 2844 4033 et
2863 3979 3166 4033 durioribus
3189 3981 3333 4047 ipsos
3357 3996 3447 4032 ur-

1853 4080 1943 4141 get
1963 4070 2224 4126 mandatis
2252 4090 2266 4138 ;
2294 4087 2388 4125 eos
2407 4087 2557 4134 vero,
2617 4075 2705 4141 qui
2738 4073 2912 4141 ipsam
2942 4072 3193 4139 rejiciuut
3241 4086 3305 4125 ac
3352 4073 3447 4125 de-

1863 4164 2117 4232 spiciunt,
2170 4165 2472 4220 nullatenus
2496 4165 2680 4219 ulcisci
2711 4173 2887 4232 potest
2919 4183 2931 4218 :
2962 4166 3031 4217 ita
3057 4173 3112 4217 et
3138 4174 3363 4234 tyranno
3393 4174 3448 4219 et

1856 4254 1970 4309 fera
1994 4255 2229 4323 qualibet
2251 4250 2508 4309 immit'ior
2533 4263 2634 4308 est.
2662 4253 2797 4307 Nam
2836 4263 3093 4325 tyrannus
3130 4254 3345 4323 quidem
3394 4264 3448 4309 ct

1857 4346 1984 4400 ferae
2014 4347 2284 4400 blanditiis
2322 4361 2466 4415 saepe
2492 4347 2813 4413 mitescunt;
2847 4346 2963 4400 haec
2982 4355 3157 4400 autent
3187 4356 3311 4401 tunc
3334 4365 3449 4402 ma-

1857 4440 2001 4492 xime
2021 4438 2300 4503 ell‘eralur,
2330 4439 2545 4507 quando
2575 4439 2623 4493 ei
2655 4439 2886 4493 maxime
2931 4439 3444 4507 auscultaverimus,

1859 4545 1923 4584 ac
1946 4530 1991 4584 si
2019 4529 2163 4584 dicto
2189 4531 2495 4585 audientem
2520 4531 2755 4585 inveniat
2784 4540 2944 4600 atque
2966 4532 3029 4583 ad
3058 4532 3235 4585 omnia
3285 4532 3448 4586 obse-

1860 4630 2132 4689 quentem,
2162 4621 2290 4675 nihil
2322 4631 2404 4676 est
2436 4633 2691 4691 praeterea
2723 4621 2864 4691 quod
2896 4623 3161 4692 imperare
3212 4624 3446 4678 omittat.

1862 4713 2032 4769 [labet
2069 4730 2197 4770 vero
2237 4723 2291 4769 et
2332 4716 2554 4768 alteram
2585 4715 2707 4769 belli
2739 4716 2962 4781 sociam,
2991 4732 3148 4785 quam
3176 4732 3281 4771 non
3311 4718 3450 4773 male

1865 4802 2092 4859 fortasse
2138 4806 2255 4873 quis
2282 4806 2449 4875 ipsius
2490 4807 2646 4859 liliatn
2696 4806 2993 4876 appellarit.
3033 4807 3255 4874 Quando
3307 4810 3447 4862 enim
3502 4852 3507 4856 .

1864 4897 1975 4966 ipsa
2007 4898 2170 4966 probe
2197 4913 2227 4951 a
2272 4900 2426 4953 nobis
2470 4898 2693 4954 educata
2733 4907 2787 4952 et
2829 4908 2981 4954 aucta
3006 4900 3212 4954 radices
3259 4896 3446 4969 egcﬁl,

1866 4996 1990 5043 tunc
2010 4991 2365 5059 arrogantiam
2398 4991 2552 5059 parit,
2576 5006 2688 5043 rem
2716 5005 2838 5059 quae
2882 4990 3049 5044 nihilo
3087 4992 3261 5043 minus
3291 5006 3447 5058 quam

1864 5091 2036 5135 mater
2055 5083 2312 5148 animum,
2360 5097 2517 5156 quem
2547 5082 2770 5151 ceperit,
2809 5082 3134 5151 praecipitem
3168 5096 3327 5151 agere
3360 5097 3452 5150 po-

1865 5182 1990 5229 test.

1939 5265 1993 5321 6.
2034 5264 2148 5320 Hoc
2166 5265 2445 5337 igitur,dic
2468 5265 2618 5329 mihi,
2649 5266 2820 5336 luges,
2853 5267 2994 5335 quod
3024 5267 3091 5322 ab
3120 5267 3222 5323 hac
3272 5268 3461 5322 duris-A

1867 5358 2000 5411 sima
2026 5356 2238 5410 domina
2270 5358 2411 5425 Deus
2463 5367 2514 5411 te
2561 5357 2844 5413 liberavit?
2889 5359 3028 5427 quod
3070 5357 3321 5413 omnibus
3372 5360 3453 5414 his

1846 5447 2137 5517 pestiferis
2192 5446 2390 5501 morbis
2437 5462 2650 5501 omnem
2698 5449 2936 5516 obsepsit
2991 5449 3172 5502 viam?
3231 5449 3454 5504 Vivente

1873 5537 2016 5589 ertim
2039 5536 2215 5590 adhuc
2242 5537 2332 5589 tibi
2362 5537 2474 5591 viro
2499 5538 2699 5591 nullmn
2724 5540 2773 5593 in
2815 5550 3049 5595 mentem
3098 5548 3239 5594 tuam
3292 5540 3454 5595 insul-

1872 5629 2014 5683 tandi
2041 5629 2197 5680 tinent
2221 5627 2505 5690 fecissent;
2533 5639 2741 5684 mortuo
2761 5640 2937 5684 autem
2966 5647 3070 5684 non
3099 5631 3294 5685 habent
3315 5631 3456 5686 unde

1848 5720 1920 5781 .in
1952 5719 2303 5787 cogitationes
2339 5729 2454 5772 tuas
2483 5719 2736 5790 impetum
2787 5720 2999 5776 faciant.
3041 5722 3152 5777 Hoc
3177 5722 3336 5793 igitur
3361 5722 3453 5779 tibi

1873 5808 2097 5879 posthac
2127 5808 2417 5866 curandum
2444 5826 2505 5865 ac
2535 5811 2893 5880 praestandum
2929 5822 3028 5883 est,
3059 5824 3116 5869 ut
3143 5828 3211 5869 ne
3241 5813 3452 5869 illarum
