4020 6418
560 389 668 447 607

562 505 860 560 discessum
884 500 1090 571 lugeas,
1117 511 1288 567 neque
1314 496 1565 552 acerbum
1618 494 1766 548 illum
1812 491 2147 546 dominatum

564 603 804 663 expetas.
832 589 966 646 Nam
989 588 1078 644 ubi
1122 589 1229 642 illae
1277 585 1642 641 vehementius
1688 584 1912 653 spirant,
1967 582 2146 636 omnia

565 684 800 739 funditus
825 689 1075 738 evertunt
1103 695 1166 735 ac
1196 686 1540 749 prosternunt
1566 693 1580 729 :
1613 685 1669 732 et
1695 673 2146 744 quemadmodum

562 777 900 842 meretrices,
928 789 1050 829 cum
1089 773 1404 843 plerumque
1437 776 1624 838 suapte
1650 778 1837 822 natura
1880 766 2150 822 deformes

563 871 674 924 sint
696 885 759 924 ac
779 867 1056 938 squalida},
1089 863 1422 919 frictionibus
1449 871 1505 916 et
1532 860 1663 915 fucis
1689 859 1931 913 incautos
1947 866 2002 911 et
2017 859 2148 910 sim-

563 959 1003 1030 plicesjuvenum
1028 956 1238 1008 animos
1274 953 1601 1022 illaqueant,
1657 958 1713 1005 et
1765 956 2045 1018 postquam
2097 946 2149 1000 in

563 1065 715 1104 suam
744 1049 1000 1103 ditionem
1029 1045 1351 1114 receperint,
1385 1043 1556 1096 servis
1581 1039 1830 1094 omnibus
1871 1049 2149 1092 contume—

564 1142 759 1196 liosius
774 1146 999 1194 tractant
1027 1153 1040 1190 :
1077 1138 1147 1191 ita
1173 1146 1225 1191 et
1244 1132 1550 1204 hujusmodi
1575 1131 1904 1194 affectiones,
1933 1129 2152 1182 ambitio

567 1240 622 1284 et
645 1230 970 1300 arrogantia,
1000 1227 1187 1298 quavis
1208 1226 1295 1281 lue
1321 1226 1604 1279 hominum
1627 1223 1835 1276 animos
1870 1220 2038 1290 magis
2073 1219 2154 1274 in-

562 1322 804 1390 quinant.
1489 1335 1491 1338 ‘

633 1408 856 1463 Gentiles
882 1408 1620 1479 quidivitiascontempserunt.
1655 1433 1726 1444 —
1757 1403 1892 1457 Hinc
1919 1410 1975 1458 et
2002 1401 2153 1454 multi

560 1501 777 1556 divitias
804 1517 1054 1572 magnum
1091 1501 1289 1555 bonum
1327 1498 1632 1553 duxerunt:
1663 1511 1827 1566 quare
1855 1495 1942 1564 qui
1983 1493 2155 1548 ambi-

564 1594 764 1648 tionem
795 1593 1046 1662 ejecerit,
1069 1608 1239 1661 neque
1265 1607 1294 1645 a
1320 1590 1520 1644 divitiis
1547 1589 1707 1643 etiam
1729 1589 1989 1656 capietur.
2019 1586 2151 1639 Nam

563 1686 756 1754 quibus
779 1685 928 1740 licuit
954 1684 1022 1738 ob
1052 1691 1416 1753 paupertatem
1460 1680 1718 1750 consequi
1748 1694 1992 1748 magnam
2035 1679 2154 1748 glo-

567 1777 736 1841 riam,
773 1776 808 1829 ii
832 1776 1092 1829 ditescere
1139 1775 1359 1828 minime
1402 1773 1714 1836 voluerunt,
1766 1771 1860 1826 sed
1908 1785 2154 1840 magnam

560 1869 680 1922 auri
705 1868 808 1922 vim
825 1867 925 1922 sibi
955 1867 1192 1921 oblatam
1213 1873 1674 1934 contempserunt.
1698 1865 1867 1933 Atque
1882 1862 1980 1916 hos
1999 1863 2155 1916 mini-

561 1975 650 2016 me
675 1975 738 2015 ex
763 1975 850 2014 me
874 1974 1200 2030 cognoscere
1225 1974 1445 2013 necesse
1467 1957 1628 2012 habes
1653 1974 1666 2010 :
1696 1957 1807 2025 ipsa
1829 1957 1970 2010 enim
2000 1957 2155 2026 longe

562 2051 758 2106 melius
775 2067 936 2120 quam
955 2066 1054 2120 ego
1071 2051 1210 2104 nosti
1233 2048 1678 2117 Epaminondam,
1708 2047 2006 2114 Socratem,
2027 2048 2154 2100 Ari-

561 2143 781 2210 stidem,
815 2143 1125 2213 Diogenem,
1163 2142 1376 2196 Cratem
1396 2181 1411 2205 ,
1441 2141 1531 2211 qui
1577 2155 1706 2195 suos
1732 2155 1889 2211 agros
1918 2139 1969 2193 in
1994 2155 2152 2210 peco-

561 2248 685 2291 rum
717 2243 924 2304 pastum
945 2234 1174 2304 reliquit.
1203 2232 1335 2287 Nam
1356 2232 1444 2286 alii
1465 2232 1678 2302 quidem
1701 2271 1716 2296 ,
1741 2246 1860 2286 cum
1881 2246 1985 2284 non
2011 2239 2156 2286 esset

562 2326 618 2381 in
657 2337 906 2396 promptu
936 2325 1222 2392 ditescere,
1245 2325 1573 2379 exorientem
1604 2322 1704 2377 sibi
1741 2337 1808 2376 ex
1845 2331 2156 2391 paupertate

562 2417 787 2487 gloriam
831 2417 1352 2480 animadvertentes,
1382 2414 1538 2469 facile
1578 2414 1631 2468 in
1677 2428 1797 2469 eam
1842 2429 1901 2468 se
1949 2404 2160 2484 partem

563 2509 862 2576 dederunt;
891 2509 977 2564 hic
1018 2517 1194 2564 autem
1236 2517 1290 2564 et
1312 2522 1410 2575 ea,
1442 2523 1562 2579 quze
1603 2506 1867 2571 habebat,
1897 2507 2156 2576 proiecit:

561 2602 699 2658 adeo
725 2617 911 2657 omnes
933 2601 1090 2671 hujus
1121 2603 1248 2655 ferte
1280 2601 1471 2656 bellum
1495 2600 1596 2655 sibi
1622 2599 1964 2669 acquirendae
2003 2598 2157 2667 cupi—

562 2694 730 2751 (litate
756 2695 1108 2750 insaniebant.
1134 2693 1211 2749 Ne
1250 2692 1411 2768 igitur
1454 2708 1744 2764 queramur
1765 2692 1931 2747 Deum
1957 2708 2024 2747 ex
2055 2692 2157 2747 hac

563 2789 704 2857 turpi
747 2803 846 2842 nos
874 2787 1153 2859 tyrannide
1177 2794 1232 2841 et
1259 2786 1479 2841 ridicula
1508 2793 1563 2840 et
1593 2785 1877 2839 multorum
1927 2783 2156 2854 probro-

560 2894 683 2933 rum
713 2880 873 2949 plena
899 2879 1185 2934 exemisse.
1210 2879 1415 2933 Nomen
1446 2878 1590 2933 enim
1611 2877 1785 2932 solum
1815 2875 2154 2946 splendidum

561 2979 677 3037 est,
709 2985 799 3025 res
839 2981 1018 3026 autem
1050 2972 1162 3041 ipsa
1191 2971 1347 3041 longe
1368 2971 1503 3024 alios
1532 2980 1691 3040 atque
1713 2970 2000 3039 appellatio
2040 2971 2154 3039 ipsa

561 3061 898 3130 polliceatur,
945 3070 1213 3117 amatores
1251 3076 1378 3116 suos
1420 3059 1632 3128 reddit,
1675 3075 1738 3114 ac
1763 3075 1922 3114 nemo
1956 3068 2040 3114 est
2066 3059 2156 3129 qui

560 3153 746 3222 gloriae
791 3167 949 3209 causa
999 3153 1269 3223 quidpiam
1316 3157 1564 3223 agente'm
1612 3168 1721 3207 non
1763 3152 2000 3207 irrideat.
2063 3152 2156 3209 Ille

560 3244 704 3298 enim
747 3245 892 3298 solus
939 3245 1334 3315 suspiciendum
1365 3260 1425 3301 se
1458 3244 1727 3316 praebere,
1755 3254 1809 3300 et
1834 3246 2003 3315 gloria
2049 3245 2156 3300 cir-

561 3336 852 3391 cumﬂuere
877 3338 1091 3407 poterit,
1125 3339 1215 3407 qui
1239 3353 1306 3392 eo
1331 3339 1550 3393 minime
1575 3346 1781 3407 spectat
1816 3354 1828 3389 :
1857 3337 1948 3407 qui
1974 3347 2154 3393 autem

562 3442 812 3496 magnum
851 3427 1103 3496 quiddam
1134 3437 1286 3497 putat
1320 3429 1544 3497 gloriam
1574 3444 1605 3482 a
1652 3429 1832 3483 multis
1880 3429 2150 3497 delatam,

561 3525 724 3587 atque
752 3517 894 3571 illius
916 3518 1309 3586 consequenda:
1333 3534 1492 3573 causa
1514 3519 1692 3573 omnia
1714 3519 1840 3574 facit
1859 3529 1913 3573 et
1933 3521 2150 3594 patitur,

563 3609 611 3664 is
657 3610 991 3678 potissimum
1032 3610 1100 3664 ab
1135 3625 1195 3664 ea
1241 3611 1402 3680 longe
1449 3611 1646 3674 aberit,
1689 3611 1912 3680 ejusque
1959 3627 2154 3680 expers

559 3701 700 3767 erit;
729 3717 907 3754 rerum
930 3715 1056 3755 vero
1079 3701 1266 3771 gloriae
1293 3702 1688 3756 adversantium
1717 3704 1949 3757 maxime
1979 3705 2147 3772 parti-

559 3807 704 3862 ceps,
732 3793 1025 3858 irrisionis,
1057 3794 1475 3858 criminationis,
1511 3793 1918 3850 maledictorum
1938 3836 1952 3858 ,
1976 3795 2146 3849 oll'en-

562 3886 758 3950 sionis,
795 3886 924 3939 odii.
959 3886 1140 3956 Neque
1170 3888 1222 3940 in
1251 3887 1383 3941 viris
1413 3897 1615 3941 tantum
1645 3889 1696 3942 id
1722 3906 1817 3942 usu
1846 3891 2024 3956 venit,
2056 3890 2151 3944 sed

558 3979 720 4032 etiam
752 3980 804 4033 in
833 3980 984 4035 vobis
1009 3981 1322 4036 mulieribus
1341 4023 1356 4049 ,
1378 3995 1539 4053 atque
1564 3985 1733 4038 multo
1761 3987 1950 4056 magis.

646 4071 789 4126 Vana
812 4073 977 4144 gloria
1005 4091 1084 4128 res
1111 4075 1307 4130 odiosa.
1346 4097 1420 4116 --
1455 4077 1587 4130 Nam
1622 4093 1740 4146 qua:
1787 4088 1841 4132 et
1885 4078 2052 4148 figura
2098 4089 2153 4133 et

560 4163 774 4219 incessu
820 4175 874 4220 et
922 4167 1117 4220 vestitu
1161 4167 1458 4237 simplicem
1513 4169 1798 4238 quamdam
1855 4169 2147 4223 bonitatem

558 4272 671 4327 pra)
711 4273 770 4312 se
810 4257 946 4324 fert,
979 4267 1033 4314 et
1073 4275 1101 4312 a
1130 4263 1343 4314 nemine
1392 4261 1648 4316 honorem
1689 4272 2000 4330 aucupatur,
2030 4278 2149 4316 eam

559 4364 747 4404 omnes
773 4350 1126 4416 admirantur,
1169 4353 1498 4421 suspiciunt,
1540 4353 1868 4423 praedicant,
1901 4355 2150 4408 omnibus

557 4440 714 4492 benis
755 4441 1025 4495 ominibus
1070 4453 1462 4512 prosequuntur
1498 4461 1511 4497 :
1556 4460 1706 4498 vanze
1745 4456 1922 4500 autem
1963 4447 2147 4516 gloria:

558 4531 805 4598 cupidam
869 4541 1200 4597 aversantur,
1253 4535 1517 4601 oderunt,
1566 4542 1622 4589 et
1682 4537 1844 4590 veluti
1915 4536 2146 4591 helluam

558 4623 843 4691 quamdam
867 4632 1130 4692 agrestem
1171 4625 1374 4694 fttgiunt
1393 4668 1406 4690 ,
1434 4635 1716 4681 sescentas
1745 4627 1797 4681 in
1824 4628 1967 4682 illam
1991 4644 2146 4684 exse-

557 4716 826 4770 crationes
863 4728 917 4771 et
959 4717 1310 4772 contumelias
1349 4719 1715 4787 conjicientes.
1749 4720 1859 4776 Nec
1885 4738 2011 4776 vero
2059 4723 2145 4778 his

557 4806 836 4864 dumtaxat
864 4809 1020 4864 malis
1049 4825 1146 4864 nos
1180 4812 1437 4880 eripimus
1472 4813 1740 4880 vulgarem
1769 4813 1989 4884 gloriam
2012 4831 2143 4870 con-

557 4908 890 4969 temnentes,
917 4901 1012 4956 sed
1048 4910 1102 4956 et
1137 4918 1234 4969 ea,
1258 4918 1378 4972 quae
1416 4903 1654 4956 omnium
1699 4905 1928 4959 maxima
1985 4915 2140 4975 sunt,

555 4991 844 5058 lucramur,
874 4993 1002 5048 dum
1036 5003 1231 5063 praeter
1269 5009 1329 5049 ea
1375 5010 1494 5065 quze
1532 4995 1670 5050 dicta
1723 5005 1846 5052 sunt
1889 5001 2144 5068 paulatim

555 5083 828 5139 erudimur
847 5087 1133 5155 reSpirare,
1167 5094 1222 5141 et
1240 5088 1478 5156 aspirare
1505 5088 1569 5141 ad
1599 5089 1808 5152 caelum,
1841 5098 1894 5144 et
1930 5099 2155 5149 terrena

553 5176 730 5229 omnia
776 5175 1058 5246 dispicere.
1092 5176 1222 5231 Nam
1259 5178 1548 5247 quidelato
1596 5179 1663 5233 ab
1705 5179 2012 5237 hominibus
2048 5184 2144 5236 ho-

553 5282 686 5322 nore
711 5269 929 5325 minime
957 5285 1115 5341 egere
1155 5285 1216 5326 se
1261 5279 1441 5341 putat,
1473 5272 1728 5342 quidquid
1772 5273 1897 5328 boni
1940 5274 2136 5345 faciet,

551 5375 742 5430 magna
787 5377 910 5417 cum
964 5363 1252 5419 securitate
1293 5364 1485 5430 faciet,
1515 5382 1690 5434 neque
1721 5377 1814 5421 aut
1857 5367 2136 5434 adversis,

550 5460 645 5506 aut
669 5453 918 5508 secundis
947 5453 1106 5525 hujus
1149 5456 1271 5510 vitae
1298 5457 1459 5511 rebus
1497 5456 1788 5528 quidquam
1816 5458 2139 5515 incommodi

551 5544 764 5598 sentiet.
787 5544 970 5616 Neque
994 5548 1136 5602 enim
1164 5555 1258 5603 aut
1282 5547 1526 5604 adversae
1552 5549 1702 5614 illum
1723 5549 1956 5619 dejicere
1979 5559 2141 5620 atque

551 5632 781 5689 obruere
825 5647 1082 5705 possunt,
1131 5649 1224 5694 aut
1270 5640 1521 5695 secundae
1555 5640 1742 5696 inﬂare
1783 5656 1847 5695 ac
1878 5641 2138 5697 tumidum

549 5721 807 5791 reddere,
837 5725 931 5780 sed
970 5727 1022 5781 in
1054 5729 1215 5784 rebus
1241 5733 1474 5786 maxime
1501 5731 1714 5787 caducis
1740 5747 1803 5786 ac
1832 5731 1989 5787 fluxis
2024 5733 2138 5801 ipse

548 5815 724 5872 omnis
747 5818 1054 5875 mutationis
1081 5835 1273 5893 expers
1298 5835 1497 5881 manet.
1528 5824 1681 5893 Quod
1708 5825 1953 5882 celeriter
1997 5835 2053 5883 et
2081 5828 2134 5884 in

1269 381 1330 441 S.
1367 379 1645 439 JOANNIS
1679 375 2158 435 CHRYSOSTOMI
2193 376 2512 434 ARClIlEP.
2553 379 3088 438 CONSTANTINOP.

3749 385 3883 441 608

2255 498 2349 544 tuo
2398 491 2563 560 ipsius
2608 493 2789 548 animo
2840 502 3154 549 eventurum
3211 509 3404 564 spero,
3452 495 3882 566 confestimque

2259 586 2484 636 terrenis
2513 585 2758 639 omnibus
2783 585 3039 654 abjectis,
3062 587 3330 641 caelestem
3361 595 3412 642 te
3447 587 3602 642 nobis
3630 589 3879 641 vivendi

2253 675 2511 730 rationem
2576 686 3110 747 repraesentaturum,
3175 679 3396 749 gloriam
3464 695 3628 745 vero,
3687 695 3878 748 quam

2252 779 2391 819 nunc
2415 765 2579 821 defles
2600 807 2614 832 ,
2644 768 2799 836 paulo
2834 777 2954 838 post
2982 769 3255 824 irrisuram
3275 810 3292 837 ,
3323 779 3376 824 et
3417 785 3603 824 vanam
3631 786 3700 824 ac
3727 770 3882 824 futi-

2253 854 2356 909 lem
2407 855 2551 912 illius
2581 873 2864 927 personam
2909 861 3202 915 illusuram.
3239 861 3391 928 Quod
3441 862 3486 915 si
3527 862 3830 930 pristinam
3859 900 3875 923 ,

2253 965 2354 1018 qua
2383 964 2477 1019 per
2506 951 2652 1005 illum
2697 953 3013 1022 potiebaris,
3059 955 3400 1009 securitatem
3441 954 3754 1016 desideres,
3811 965 3876 1007 et

2255 1038 2513 1094 bonorum
2541 1040 2868 1108 custodiam,
2896 1057 2995 1096 nec
3025 1053 3207 1112 patere
3236 1043 3370 1099 velis
3398 1059 3581 1099 eorum
3605 1043 3869 1107 insidiis,

2254 1129 2344 1198 qui
2379 1131 2571 1185 alienis
2607 1133 2994 1187 calamitatibus
3038 1135 3330 1200 insultant,
3365 1134 3518 1187 Jacta
3561 1151 3714 1204 super
3744 1133 3875 1188 Do-

2254 1221 2445 1274 minum
2465 1238 2640 1275 curam
2669 1233 2844 1291 tuam,
2876 1234 2924 1278 et
2944 1227 3051 1296 ipse
3079 1236 3128 1279 te
3155 1227 3368 1280 enutriet
3400 1225 3572 1297 (Psal.
3605 1225 3700 1279 54.
3727 1224 3868 1293 25).

2255 1309 2500 1380 Inspicite
2551 1315 2728 1378 enim,
2772 1315 2974 1385 inquit,
3013 1317 3067 1370 in
3115 1318 3347 1388 antiquas
3387 1319 3776 1388 generationes,
3819 1328 3871 1370 et

2254 1403 2414 1456 videte
2439 1405 2484 1457 si
2507 1406 2618 1470 quis
2658 1409 2875 1474 speravit
2917 1409 2971 1462 in
3009 1408 3230 1464 Domino
3249 1452 3264 1476 ,
3292 1419 3340 1463 et
3366 1410 3610 1479 confusus
3633 1421 3709 1463 est
3731 1453 3746 1475 ,
3779 1411 3870 1464 vel

2255 1495 2298 1547 si
2321 1497 2432 1565 quis
2461 1497 2706 1551 invocavit
2729 1499 2904 1564 illum,
2933 1511 2980 1554 et
3005 1502 3265 1570 despectus
3285 1512 3358 1556 est
3383 1544 3397 1568 ,
3432 1503 3508 1556 vel
3527 1506 3572 1555 si
3601 1503 3718 1572 quis
3753 1513 3870 1555 ste-

2257 1586 2317 1638 tit
2367 1587 2420 1639 in
2465 1588 2719 1643 mandatis
2763 1591 2873 1660 ejus
2896 1631 2910 1656 ,
2940 1601 2985 1644 et
3014 1593 3282 1646 derelictus
3327 1602 3398 1646 est
3426 1591 3613 1652 (Eccli.
3639 1593 3697 1646 2.
3733 1593 3866 1661 10).

2254 1677 2387 1731 Nam
2418 1679 2504 1748 qui
2526 1694 2660 1734 onus
2687 1689 2795 1735 tam
2814 1682 3164 1737 intolerabilis
3189 1684 3505 1738 calamitatis
3531 1685 3700 1737 levius
3729 1683 3872 1738 red-

2256 1767 2422 1833 didit,
2445 1779 2500 1824 et
2529 1770 2580 1824 in
2613 1774 2864 1839 praesenti
2895 1775 3276 1844 tranquillitate
3297 1784 3349 1830 te
3377 1775 3691 1840 collocavit,
3726 1776 3776 1828 is
3808 1786 3871 1828 et

2255 1876 2374 1930 qua:
2421 1862 2701 1919 imminent
2745 1866 3093 1935 propulsabit.
3136 1866 3267 1920 Nam
3317 1866 3416 1921 hac
3455 1867 3667 1936 quidem
3697 1867 3868 1936 plaga

2256 1956 2454 2010 nullam
2481 1965 2535 2011 te
2560 1972 2807 2027 umquam
2829 1957 3124 2027 graviorem
3147 1973 3302 2027 posse
3325 1958 3569 2027 accipere
3600 1958 3864 2027 profecto

2256 2047 2410 2101 nobis
2438 2049 2764 2102 assentieris.
2792 2048 3014 2116 Quando
3040 2050 3198 2118 igitur
3224 2063 3457 2118 praesens
3479 2051 3676 2104 malum
3708 2049 3870 2104 adeo

2257 2139 2466 2194 fortiter
2492 2156 2556 2196 ac
2583 2151 2844 2211 generose
2869 2143 3068 2209 tulisti,
3101 2143 3263 2214 idque
3291 2159 3414 2199 cum
3449 2153 3502 2200 te
3545 2160 3674 2199 usus
3714 2160 3872 2199 non-

2256 2232 2382 2286 dum
2431 2232 2734 2301 docuisset,
2776 2236 2946 2289 multo
2975 2237 3142 2305 magis
3194 2252 3261 2291 ex
3305 2237 3399 2303 iis,
3445 2253 3564 2307 quae
3601 2238 3869 2294 accidere

2257 2333 2512 2391 possunt,
2555 2325 2600 2380 si
2628 2325 2754 2395 quid
2784 2334 2976 2394 przeter
3002 2328 3327 2382 voluntatem
3370 2339 3605 2383 nostram
3634 2329 3868 2385 accide—

2256 2412 2361 2477 rit,
2389 2413 2531 2484 quod
2580 2415 2722 2471 Deus
2768 2432 2925 2471 omen
2967 2427 3206 2482 avertat,
3254 2418 3410 2474 facile
3450 2419 3610 2474 feres.
3640 2420 3864 2476 leum

2257 2521 2459 2575 quaere,
2478 2515 2533 2562 et
2560 2510 2738 2563 omnia
2769 2525 3120 2580 quaecumque
3140 2511 3206 2566 ad
3234 2512 3392 2566 vitam
3421 2512 3529 2567 illic
3550 2513 3863 2582 degendam

2256 2600 2593 2669 conducunt,
2636 2616 2699 2657 ac
2740 2603 2872 2657 nihil
2902 2619 3087 2658 eorum
3134 2621 3252 2674 quae
3296 2605 3383 2658 hic
3414 2606 3542 2659 fiant
3571 2604 3769 2660 hedere
3803 2615 3866 2662 te

2257 2694 2489 2761 poterit,
2519 2708 2588 2748 ne
2613 2694 2728 2764 ipse
2749 2694 2960 2764 quidem
2987 2696 3324 2750 tenebrarum
3354 2697 3658 2767 imperator,
3692 2696 3863 2751 dum-

2258 2784 2418 2838 modo
2464 2800 2532 2840 ne
2580 2787 2734 2841 nobis
2773 2788 2871 2857 ipsi
2902 2803 3208 2843 noceamus.
3238 2788 3368 2842 Nam
3395 2788 3515 2843 etsi
3541 2789 3658 2858 quis
3691 2787 3863 2842 bonis

2257 2876 2480 2944 spoliet,
2513 2886 2566 2932 et
2589 2881 2634 2932 si
2664 2894 2858 2949 corpus
2897 2881 3176 2946 concidat,
3220 2881 3352 2935 nihil
3383 2881 3570 2936 horum
3616 2881 3682 2936 ad
3710 2897 3816 2936 nos
3838 2923 3860 2949 ,

2257 2966 2419 3020 modo
2443 2968 2653 3023 animus
2683 2969 2836 3024 nobis
2854 2970 3133 3024 incolumis
3160 2981 3391 3026 maneat.

2329 3057 2382 3111 7.
2425 3057 2666 3114 Pecunia:
2706 3061 2760 3113 in
2799 3061 2978 3114 cwlum
3006 3062 3262 3116 mittenda:
3285 3063 3555 3131 quomodo.
3592 3093 3666 3104 —
3717 3063 3858 3118 0m-

2259 3150 2386 3205 nino
2406 3162 2583 3206 autem
2628 3153 2672 3208 si
2710 3153 2791 3208 vis
2822 3155 3074 3223 pecunias
3117 3155 3185 3208 ab
3234 3155 3382 3209 omni
3424 3156 3659 3224 periculo
3706 3167 3862 3212 tutas

2255 3243 2526 3299 custodire
2550 3255 2606 3299 et
2628 3245 2973 3314 amplificare,
2997 3261 3096 3315 ego
3117 3260 3247 3300 sane
3271 3253 3326 3300 et
3345 3246 3559 3301 modum
3588 3256 3642 3300 et
3667 3247 3860 3302 locum

2255 3337 2668 3405 demonstrabo,
2698 3353 2805 3408 quo
2847 3338 2975 3392 nulli
3007 3353 3214 3404 eorum,
3247 3339 3335 3408 qui
3367 3339 3604 3392 insidiari
3639 3337 3858 3405 Solent,

2255 3426 2334 3482 fas
2363 3435 2446 3483 est
2477 3429 2699 3483 irruere.
2726 3429 2858 3496 Quis
2889 3429 3048 3499 igitur
3089 3430 3237 3484 locus
3262 3431 3382 3484 est?
3411 3429 3611 3483 leum
3648 3447 3661 3482 :
3694 3430 3859 3486 mitte

2255 3518 2376 3573 illas
2419 3519 2486 3573 ad
2515 3521 2772 3590 optimum
2801 3521 2944 3574 illum
2990 3521 3194 3584 virum,
3219 3536 3283 3575 ac
3314 3537 3492 3590 neque
3535 3521 3638 3585 fur,
3670 3536 3860 3592 neque

2256 3610 2553 3677 insidiator,
2584 3627 2759 3677 neque
2800 3612 2904 3664 ulla
2931 3612 3033 3666 alia
3065 3612 3231 3679 pestis
3262 3612 3519 3679 impetum
3562 3611 3742 3666 facere
3789 3613 3853 3666 in

2255 3700 2377 3753 illas
2422 3700 2634 3769 poterit.
2667 3700 2724 3755 Si
2781 3701 2851 3754 ibi
2896 3701 2991 3756 has
3041 3701 3182 3769 ipsas
3236 3704 3491 3771 pecunias
3535 3702 3855 3771 defoderis,

2255 3807 2504 3863 magnum
2530 3808 2597 3847 ex
2623 3793 2705 3847 his
2731 3794 2932 3848 lucrum
2964 3795 3280 3864 reportabis.
3311 3794 3503 3849 Omnia
3530 3797 3668 3850 enim
3692 3811 3853 3864 qua:-

2253 3900 2483 3955 cumque
2507 3901 2535 3939 a
2563 3886 2718 3940 nobis
2747 3886 2799 3939 in
2838 3885 2982 3939 cailis
3018 3897 3290 3950 seruntur,
3322 3885 3476 3955 longe
3498 3885 3752 3955 majorem
3781 3901 3855 3941 ac

2254 3978 2530 4031 meliorem
2575 3984 2895 4046 proventum
2949 3977 3173 4040 habent,
3205 3991 3267 4030 ac
3297 3977 3453 4046 plane
3493 3976 3678 4044 talem,
3713 3993 3857 4045 qua-

2253 4066 2358 4120 lem
2407 4078 2826 4122 consentaneum
2873 4075 2957 4121 est
2983 4083 3046 4121 ex
3084 4068 3180 4135 iis,
3213 4084 3331 4136 quae
3360 4069 3412 4121 in
3440 4068 3584 4122 caelis
3631 4068 3851 4124 radices

2253 4168 2495 4228 egerunt.
2527 4158 2678 4224 Quod
2706 4161 2750 4212 si
2791 4159 2892 4213 hoc
2923 4157 3113 4213 feceris
3137 4199 3153 4224 ,
3188 4158 3310 4214 vide
3351 4160 3596 4230 qualibus
3651 4160 3852 4214 frueris

2253 4252 2445 4306 bonis:
2481 4251 2706 4320 primum
2754 4251 2968 4319 quidem
3007 4251 3332 4320 sempiterna
3363 4253 3466 4305 vita
3514 4260 3568 4305 et
3613 4252 3675 4304 iis
3721 4267 3850 4321 quae

2253 4342 2514 4412 promissa
2541 4352 2666 4397 sunt
2689 4341 3030 4411 diligentibus
3054 4343 3254 4408 Deum,
3287 4358 3404 4411 qure
3441 4357 3616 4412 neque
3654 4343 3850 4397 oculus

2250 4434 2415 4498 vidit,
2465 4449 2638 4503 neque
2681 4433 2827 4488 auris
2871 4433 3106 4498 audivit,
3156 4447 3327 4502 neque
3376 4433 3427 4486 iu
3476 4449 3570 4487 cor
3607 4433 3850 4488 hominis

2249 4527 2639 4582 ascenderunt:
2668 4526 2862 4581 deinde
2890 4525 3276 4580 consuetudine
3296 4525 3485 4594 optimi
3518 4525 3621 4578 viri
3665 4525 3741 4578 tui
3791 4526 3846 4580 in

2248 4633 2408 4674 omne
2435 4634 2605 4673 sevum
2634 4634 2648 4671 τ
2681 4627 2952 4686 postremo
2977 4633 3007 4670 a
3033 4618 3202 4677 curis,
3230 4616 3530 4679 timoribus,
3566 4615 3843 4684 periculis,

2249 4711 2474 4774 insidiis,
2555 4710 2862 4772 simultate,
2917 4708 3058 4772 odio,
3116 4723 3233 4775 quae
3285 4707 3423 4760 hanc
3471 4715 3741 4771 exercent,
3791 4715 3848 4762 tc

2249 4805 2418 4874 ipsam
2461 4803 2734 4858 liberabis.
2789 4801 3054 4869 Quamdiu
3101 4800 3242 4854 enint
3293 4799 3544 4868 pecunias
3592 4797 3729 4866 apud
3788 4807 3844 4852 te

2247 4896 2523 4962 retinebis,
2570 4902 2728 4950 erunt
2773 4893 2996 4948 fortasse
3023 4890 3206 4960 aliqui,
3240 4890 3327 4960 qui
3360 4888 3634 4943 fraudibus
3673 4888 3844 4942 inter-

2249 5000 2494 5047 vertant:
2522 4991 2604 5044 sin
2635 4998 2812 5042 autem
2842 4987 2908 5040 ad
2940 4987 3128 5041 cadum
3161 4983 3522 5038 transmiseris
3548 5023 3560 5044 ,
3589 4981 3845 5050 periculis

2249 5099 2506 5148 vacuam,
2533 5090 2699 5135 tutam
2721 5121 2736 5146 ,
2760 5094 2822 5133 ac
2849 5077 3242 5147 tranquillitatis
3271 5074 3636 5146 plenissimam
3679 5072 3842 5126 vitam

2249 5180 2395 5233 vives
2419 5219 2432 5241 ,
2465 5177 2661 5246 quippe
2685 5191 2804 5245 quae
2826 5173 3146 5229 sufficientia
3178 5187 3280 5226 una
3306 5185 3426 5224 cum
3453 5170 3651 5238 pietate
3697 5167 3845 5221 frue—

2247 5273 2342 5327 ris.
2375 5271 2578 5341 Magnae
2603 5270 2744 5323 enim
2772 5266 3056 5322 dementiae
3081 5273 3183 5330 est,
3205 5265 3250 5318 si
3277 5265 3388 5333 agri
3414 5262 3629 5332 quidem
3652 5276 3841 5315 emen-

2243 5365 2296 5418 di
2320 5364 2460 5429 sint,
2489 5361 2799 5417 feraciorem
2854 5368 3052 5434 terram
3087 5355 3317 5421 sectari;
3344 5370 3466 5408 cum
3493 5367 3624 5408 vero
3652 5352 3844 5406 cadum

2241 5466 2402 5512 terra:
2447 5455 2568 5509 loco
2643 5455 2714 5510 sit
2760 5451 3127 5524 propositum,
3182 5464 3304 5505 cum
3360 5448 3432 5503 ibi
3489 5447 3644 5500 liceat
3691 5460 3837 5515 pra:-

2243 5548 2389 5602 dium
2439 5545 2540 5601 sibi
2585 5559 2930 5615 comparare,
2985 5551 3142 5598 terra:
3195 5541 3372 5609 potius
3423 5537 3723 5602 inhaerere,
3753 5551 3841 5591 se-

2242 5655 2347 5710 que
2374 5638 2667 5704 molestiis,
2695 5652 2816 5707 quae
2838 5651 2904 5690 ex
2931 5635 3032 5689 hac
3059 5648 3203 5703 saepe
3225 5631 3492 5696 incidunt,
3522 5642 3834 5698 exponere:

2246 5747 2388 5801 strpe
2423 5731 2566 5786 enim
2597 5741 2837 5785 nostram
2887 5727 3177 5782 frustratur
3200 5739 3371 5794 spem.
3403 5722 3665 5788 Quoniam
3710 5735 3841 5774 vero

2239 5824 2368 5883 illud
2421 5825 2652 5897 graviter
2697 5821 2934 5894 percellit
2981 5821 3322 5890 concutitque
3371 5818 3607 5873 animum
3659 5825 3838 5882 tuum,
