4020 6376
510 369 614 423 609

508 484 606 538 καὶ
642 482 847 555 σφόδρα
876 483 1011 557 δήλη
1050 478 1121 557 ἦν
1150 484 1286 557 αὕτη
1323 489 1355 556 ἠ
1399 485 1573 549 ἐλπὶς,
1611 485 1724 538 ἀλλ’
1768 486 1918 556 ὅμως
1964 483 2176 555 ἀνθρώ-

509 589 629 625 πων
661 570 815 634 ἐλπὶς
840 567 929 644 ἦν,
970 572 1229 637 πολλάκις
1259 573 1639 626 διαπίπτουσα·
1678 573 1771 626 καὶ
1806 572 1976 625 πολλά
2011 576 2068 625 ἐν
2099 572 2177 644 τῷ

510 657 611 728 βίῳ
636 658 860 712 τοιαῦτα
886 659 1099 731 ὁρῶμεν
1130 661 1408 731 γινόμενα,
1444 663 1538 713 καὶ
1570 662 1678 712 τῶν
1708 660 1915 729 σφόδρα
1946 661 2180 730 προσδο-

506 745 784 816 κηθέντων
809 746 1110 800 ἀτελέστων
1145 748 1464 818 μεινάντων,
1492 748 1561 800 τά
1588 748 1645 800 δὲ
1683 749 1805 817 μηδ’
1834 748 1912 811 εἰς
1938 747 2060 799 νοῦν
2086 748 2176 801 ἐλ-

509 831 667 885 θόντα
684 834 813 903 ἡμῖν
836 836 915 897 εἰς
944 834 1095 898 τέλος
1112 835 1300 905 ἐξῆλθε
1321 835 1599 897 πολλάκις.
1622 837 1716 888 καὶ
1737 835 1896 887 τοῦτο
1929 837 2033 888 κάν
2053 837 2175 899 ταῖς

507 918 723 987 ἀρχαῖς,
753 921 853 975 κάν
886 925 1004 985 ταῖς
1037 923 1479 993 βασιλείαις,κὰν
1509 927 1624 986 ταῖς
1657 923 2059 993 κληρονομίαις,
2083 922 2175 975 καὶ

508 1007 619 1067 τοῖς
633 1007 830 1078 γάμοις
851 1021 900 1073 ι,
919 1010 1011 1062 καί¹
1036 1010 1308 1081 πανταχοῦ
1330 1028 1393 1063 συ
1402 1010 1624 1081 μϐαῖνον
1652 1010 1865 1083 ὁρῶμεν
1890 1010 1995 1063 ἀεί.
2014 1010 2175 1061 Ὥστε

509 1091 561 1143 εί
576 1094 668 1146 καὶ
704 1095 907 1167 σφόδρα
920 1097 1084 1165 ἐγγὺς
1109 1093 1176 1168 ἦν
1205 1099 1468 1170 ὁκαιρὸς,
1492 1097 1627 1152 ἀλλά
1655 1096 1872 1161 πολλὰ,
1909 1096 2049 1150 κατά
2076 1097 2175 1168 τὴν

509 1181 825 1251 παροιμίαν,
851 1182 1078 1250 μεταξὺ
1105 1186 1355 1250 κύλικος
1384 1184 1480 1238 καί
1513 1186 1749 1255 χείλεος
1766 1183 1953 1250 ἄκρου
1979 1183 2169 1237 πέλει.

508 1267 618 1320 Καὶ
648 1269 678 1337 ή
727 1268 914 1341 Γραφὴ
946 1270 1004 1323 δέ
1038 1288 1232 1342 φησιν·
1302 1272 1444 1325 Ἀπὸ
1476 1274 1729 1339 πρωΐθεν
1757 1270 1869 1337 ἓως
1912 1270 2174 1338 ἑσπέρας

498 1354 859 1421 μεταϐάλλει
890 1359 1112 1426 καιρός.
1158 1358 1313 1412 Οὕτω
1344 1362 1437 1412 καὶ
1464 1358 1716 1429 βασιλεὺς
1754 1360 1783 1411 ὁ
1831 1359 2073 1430 σήμερον
2098 1358 2173 1411 ῶν

501 1439 691 1511 αὔριον
724 1443 970 1516 τελευτᾷ.
1019 1448 1128 1499 Καὶ
1160 1447 1321 1499 πάλιν
1350 1448 1410 1499 τὸ
1453 1446 1582 1518 παρ’
1632 1447 1851 1510 ἐλπίδας
1894 1445 2173 1517 ἐμφαίνων

501 1529 636 1597 ἡμῖν
658 1530 817 1594 αὐτὸς
849 1526 1002 1596 οὗτος
1034 1535 1062 1586 ὁ
1088 1534 1249 1604 σοφός
1275 1551 1438 1604 φησι·
1468 1535 1695 1589 Πολ.ιοί
1724 1536 2002 1602 τύραννοι
2032 1532 2172 1587 ἐκά-

502 1616 683 1669 θισαν
717 1617 813 1671 ἐπὶ
837 1619 1116 1689 ἐδάφους,
1150 1625 1184 1675 δ
1225 1622 1293 1674 δὲ
1317 1624 1731 1690 ἀνυπονόητος
1768 1623 2022 1691 ἐφόρεσε
2045 1619 2173 1673 διά-

502 1700 680 1771 δημα.
716 1706 825 1758 Καὶ
854 1708 915 1760 ού
947 1707 1165 1771 πάντως
1208 1709 1366 1779 δῆλον
1406 1706 1474 1781 ἦν
1507 1712 1590 1763 ὅτι
1624 1711 1796 1779 ζήσας
1836 1711 1923 1762 ἐπ’
1956 1710 2171 1781 ἐκείνην

500 1787 621 1858 ἥξει
652 1790 749 1863 τὴν
780 1793 982 1866 ἀρχήν·
1014 1796 1075 1848 τὸ
1102 1795 1210 1868 γάρ
1233 1797 1327 1850 τοῦ
1355 1798 1638 1868 μέλλοντος
1666 1798 1861 1869 ἄδηλον
1888 1798 1983 1851 καὶ
2003 1797 2171 1868 ’ἐτερα

501 1877 825 1933 ὑποπτεύειν
852 1885 1110 1953 παρεῖχεν
1146 1886 1297 1955 ἡμῖν.
1329 1886 1499 1939 Πόθεν
1542 1886 1651 1958 γὰρ
1682 1886 1837 1956 δῆλον
1870 1888 1951 1939 ὅτι
1999 1884 2171 1955 ζήσας

501 1965 588 2018 ἐπ’
623 1967 837 2038 ἐκείνην
878 1970 997 2040 ἥξει
1036 1970 1133 2042 τὴν
1163 1973 1370 2044 ἀρχήν;
1417 1974 1499 2026 ὅτι
1549 1975 1669 2043 οὑχί
1707 1975 1801 2027 καὶ
1845 1974 1913 2027 τὰ
1947 1972 2171 2027 ἐναντία

498 2052 742 2118 ἐξέϐαινε
762 2097 778 2121 ,
813 2056 908 2110 καὶ
939 2058 1041 2128 τῆς
1070 2057 1235 2129 ούσης
1267 2060 1525 2126 ἐξέπιπτε
1560 2061 1725 2132 τιμῆς
1765 2062 1907 2132 νόσῳ
1943 2061 2173 2132 παραδο-

499 2138 634 2205 θεὶς,
667 2143 762 2197 κα)⁴
796 2143 975 2215 φθόνῳ
1026 2147 1117 2199 καὶ
1163 2145 1435 2219 βασκανίᾳ
1481 2149 1591 2202 τῶν
1630 2148 1969 2219 βουλομένων
2007 2149 2170 2203 αὑτὸν

498 2232 960 2303 παρευημερῆσαι
991 2232 1226 2305 βληθεὶς,
1264 2235 1297 2306 ἢ
1340 2236 1433 2289 καί
1482 2235 1666 2306 ἔτερόν
1703 2253 1756 2289 τι
1792 2235 1980 2289 παθὼν
2008 2237 2170 2307 χαλε-

498 2317 633 2381 πόν;
675 2318 869 2389 Θῶμεν
909 2320 966 2374 δὲ
986 2362 1001 2385 ,
1049 2324 1099 2375 εἰ
1139 2322 1318 2392 βούλει
1338 2363 1353 2387 ,
1380 2324 1475 2377 καί
1502 2323 1662 2394 δῆλον
1694 2320 1834 2377 εἶναι
1871 2324 2058 2393 σαφῶς
2087 2326 2170 2379 ὅτι

498 2405 718 2469 πάντως
755 2406 1088 2472 ἐπιϐιώσας,
1130 2410 1335 2481 ταύτης
1379 2410 1602 2481 ἔμελλεν
1642 2410 2024 2481 ἐπιτυγχάνειν
2072 2413 2170 2483 τῆς

497 2493 742 2562 κορυφῆς
762 2510 776 2524 ·
806 2494 916 2566 ὅσῳ
938 2494 1046 2568 γὰρ
1069 2497 1102 2568 ἡ
1125 2495 1251 2562 ἀξία
1280 2498 1502 2569 μείζων,
1530 2498 1769 2569 τοσούτῳ
1792 2500 1888 2552 καὶ
1914 2499 2169 2570 μείζονας

495 2576 643 2648 ἔχειν
675 2579 885 2652 ἀνάγκη
914 2575 1041 2646 τοὺς
1069 2583 1346 2648 κινδύνους
1374 2580 1444 2655 ἦν
1477 2584 1572 2639 καὶ
1604 2586 1892 2658 φροντίδας
1919 2587 2014 2639 καὶ
2050 2588 2170 2640 ἐπι-

497 2663 715 2731 ϐουλάς.
761 2668 913 2739 Μηδὲ
951 2669 1124 2724 ταῦτα
1158 2670 1329 2740 ἔστω,
1368 2671 1484 2727 ἀλλ’
1542 2673 1839 2738 ἀκινδύνως
1884 2673 1979 2726 καὶ
2028 2673 2169 2745 μετὰ

498 2750 704 2824 πολλῆς
728 2758 829 2827 τῆς
855 2758 1087 2828 ἡσυχίας
1121 2762 1296 2813 ἐκεῖνο
1334 2759 1627 2814 διαπλείτω
1656 2760 1718 2814 τὸ
1754 2760 1992 2831 πέλαγος
2012 2778 2025 2791 ·
2054 2756 2169 2817 ’καί¹

496 2840 552 2894 τί
574 2840 635 2894 τὸ
659 2841 854 2913 πέρας,
883 2844 1004 2897 εἰπέ
1038 2862 1128 2917 μοι
1154 2863 1169 2911 ;
1204 2848 1266 2901 οὐ
1293 2847 1450 2901 τοῦτο
1473 2848 1611 2918 ὅπερ
1632 2849 1728 2902 νῦν
1747 2890 1761 2914 ,
1791 2850 1992 2919 μᾶλλον
2015 2850 2074 2904 δὲ
2102 2851 2165 2904 ού

495 2927 673 2993 τοῦτο,
704 2930 819 2983 ἀλλ’
863 2931 1051 3002 ἕτερον
1090 2932 1220 2997 ίσως
1263 2935 1424 3005 ἀηδὲς
1461 2937 1556 2989 καὶ
1597 2937 1891 2990 ἀπευκτόν.
1942 2938 2168 3008 Πρῶτον

500 3016 600 3087 μὲν
634 3018 695 3071 τὸ
731 3017 1061 3092 βραδύτερον
1113 3022 1242 3075 ἰδεῖν
1268 3023 1360 3076 τὸν
1406 3023 1661 3096 οὐρανὸν,
1704 3026 1799 3078 καὶ
1839 3024 1905 3079 τά
1948 3026 2007 3077 ἐν
2055 3028 2169 3091 τοῖς

558 3156 582 3184 ι
605 3155 742 3227 ῼοιί).
770 3157 859 3227 κάν
876 3158 1176 3227 τοῖς-γάμοις.
1219 3159 1346 3227 Ῑοῐνιι
1367 3167 1487 3227 ροει
1518 3161 1668 3227 ᾄκρου
1696 3162 1917 3214 Colbert.
1952 3164 2171 3227 διεπί-

500 3215 594 3288 lius;
615 3218 663 3265 in
694 3225 833 3288 [ειμι
857 3233 954 3288 ηρη
977 3215 1163 3288 [Etiam
1182 3224 1335 3284 πέλει,
1362 3215 1494 3287 Quod
1520 3215 1710 3288 leéitur
1736 3227 1788 3275 in
1822 3230 1966 3276 textu
1990 3225 2165 3276 Morel.

501 3287 551 3328 ει
575 3278 627 3325 in
647 3278 866 3342 margine
891 3282 1077 3332 Savilil.

1288 362 1347 420 S.
1384 348 1674 425 JOANNIS
1711 365 2197 426 CHRYSOSTOMI
2239 364 2563 423 ARCIIIEP.
2606 363 3153 421 CONSTANTINOP.
3873 369 3967 425 61.

2281 484 2549 553 οὐρανοῖς,
2586 484 2721 554 ὅπερ
2752 485 2814 537 οὺ
2847 482 3016 555 μικρά
3043 482 3245 553 ζημίας
3269 486 3380 547 τοῖς
3421 483 3561 556 ὑπὲρ
3591 485 3695 538 τῶν
3728 488 3965 556 με>.ῖ.ὁν

2277 589 2387 625 των
2431 572 2851 625 πεπιστευκόσιν
2900 572 3046 625 ἐστίν
3074 588 3088 602 ·
3126 571 3316 625 ἔπειτα
3368 573 3425 626 δὲ
3451 611 3465 634 ,
3514 574 3562 625 εἱ
3603 574 3696 627 καὶ
3745 575 3970 643 σφόδρι

2280 656 2424 709 ἐϐίου
2461 657 2734 727 καθαρῶς,
2765 656 2879 710 ἀλλ’
2906 658 3053 727 ὅμως
3086 657 3147 709 τὸ
3176 657 3352 727 μῆκος
3380 656 3475 709 τοῦ
3511 657 3756 727 βίουικαὶ
3783 661 3817 728 ἡ
3867 661 3970 727 τῆ,

2277 745 2451 815 ἀρχῆς
2471 747 2685 815 ἐκείνης
2706 745 2916 813 ἀνάγκη
2935 747 3037 797 οὐκ
3060 745 3126 798 ἂν
3158 746 3371 815 ἀφῆκεν
3396 744 3549 816 [549]
3579 746 3753 809 οὕτως
3782 744 3970 799 ἀπελι

2277 830 2390 883 θεῖν
2420 830 2657 901 καθαρὸν
2683 831 2872 904 ῶσπερ
2901 831 3020 884 νῦν.
3067 830 3298 900 Ἀδηλον
3333 832 3390 884 δὲ
3422 834 3470 884 εἰ
3500 832 3595 884 καὶ
3631 831 3847 895 πολλάς
3887 833 3960 884 δε

2278 916 2507 986 ξάμενος
2539 918 2840 988 μεταϐολὰς
2874 919 2968 974 καὶ
2996 918 3131 989 πρὸς
3164 918 3440 991 ρᾳθυμίαν
3465 918 3762 982 ἀποκλίνας
3789 919 3970 989 ἐσχά⁶

2274 1021 2373 1075 την
2412 1006 2719 1059 ἀπέπνευσε
2742 1007 2792 1062 δ.
2841 1006 2958 1060 Νῦν
3000 1006 3095 1075 μὲν
3123 1006 3232 1076 γὰρ
3273 1003 3606 1076 θαρροῦμεν,
3638 1007 3720 1060 ὅτι
3763 1009 3836 1077 τῇ
3874 1005 3972 1059 τοί

2275 1091 2411 1144 Θεοῦ
2454 1093 2635 1164 χάριτι
2677 1094 2813 1163 πρὸς
2845 1093 2905 1146 τὸ
2938 1094 3038 1163 τῆς
3064 1093 3425 1155 ἀναπαύσεως
3469 1093 3689 1163 ἀπέπτη
3724 1092 3971 1164 χωρίον

2274 1177 2361 1231 διά
2386 1179 2446 1232 τὸ
2478 1180 2641 1250 μηδὲν
2689 1179 2837 1250 αύτῷ
2870 1180 3233 1251 τετολμῆσθαι
3270 1174 3379 1233 τῶν
3413 1180 3822 1233 ἀποκλειόντων
3873 1180 3972 1249 τῆς

2277 1265 2550 1336 βασιλείας
2577 1267 2686 1321 τῶν
2713 1267 2981 1338 οὐρανῶν·
3015 1269 3137 1320 τότε
3167 1268 3222 1320 δὲ
3248 1267 3416 1321 πολὺν
3448 1269 3641 1337 χρόνον
3669 1267 3972 1338 δημοσίοις

2274 1353 2594 1423 πράγμασιν
2640 1354 2988 1425 ἐνδιατρίψας
3027 1365 3075 1420 ο,
3122 1354 3253 1418 ἴσως
3298 1355 3363 1408 ἂν
3406 1355 3503 1407 καί
3558 1353 3731 1447 ῥύπον
3785 1355 3974 1408 πολὺν

2275 1441 2693 1512 προσετρίψατο.
2738 1442 2811 1495 Τὸ
2850 1445 2959 1513 γὰρ
2995 1444 3052 1495 ἐν
3093 1441 3243 1511 μέσῳ
3275 1441 3641 1513 στρεφόμενον
3670 1442 3974 1496 τοσούτων

2276 1532 2460 1585 κακῶν
2504 1531 2846 1603 κατορθῶσαι
2905 1532 3003 1603 μὲν
3050 1531 3160 1584 τῶν
3217 1532 3420 1602 σφόδρα
3484 1530 3728 1584 σπανίων
3779 1532 3974 1593 ἐστὶν,

2277 1619 2539 1689 ἁμαρτεῖν
2583 1619 2639 1673 δὲ
2669 1620 2764 1673 καὶ
2806 1619 3007 1674 ἄκοντα
3048 1620 3142 1674 καὶ
3183 1618 3409 1682 ἐκόντα,
3440 1618 3549 1673 τῶν
3592 1619 3829 1671 εἰκότων
3867 1619 3974 1671 καὶ

2282 1707 2686 1777 συμϐαινόντων
2717 1709 2823 1761 ἀεί.
2883 1707 3043 1762 Ἀλλά
3075 1707 3171 1761 νῦν
3204 1706 3395 1760 τούτου
3441 1706 3537 1759 τοῦ
3576 1707 3730 1769 δέους
3768 1706 3976 1775 ἀπηλ-

2278 1795 2552 1868 λάγμεθα,
2596 1798 2692 1852 καὶ
2733 1784 2941 1869 σφόδρα
2994 1796 3339 1867 πεπείσμεθα
3386 1796 3469 1848 ὅτι
3527 1796 3586 1848 ὲν
3636 1795 3833 1867 ἐκείνῃ
3898 1798 3975 1864 τῇ

2277 1885 2463 1956 ἡμέρᾳ
2494 1885 2630 1956 μετά
2668 1885 2868 1955 πολλῆς
2898 1882 3018 1956 ἥξει
3061 1885 3160 1955 τῆς
3200 1882 3558 1953 φαιδρότητος
3581 1921 3597 1946 ,
3646 1883 3823 1950 ἐγγὺς
3864 1881 3975 1932 τοῦ

2280 1971 2542 2043 βασιλέως
2570 1974 2930 2044 ἀπολάμπων,
2964 1973 3058 2027 καὶ
3102 1973 3221 2042 μετ’
3244 1970 3491 2039 ἀγγέλων
3536 1968 3975 2039 προηγούμενος

2277 2057 2371 2112 τοῦ
2401 2061 2661 2132 Χριστοῦ,
2702 2062 2797 2114 καὶ
2828 2060 2928 2131 τὴν
2958 2060 3196 2132 ἀρῥητον
3229 2058 3389 2125 δόξαν
3418 2057 3823 2128 ἠμφιεσμένος,
3861 2057 3971 2109 καὶ

2276 2148 2513 2218 κρίνοντι
2555 2148 2843 2219 παρεστὼς
2884 2147 2963 2217 τῷ
3005 2147 3254 2217 βασιλεῖ,
3302 2146 3396 2199 καὶ
3440 2144 3510 2197 τά
3538 2144 3731 2215 πρῶτα
3765 2143 3975 2196 διακο-

2276 2228 2533 2305 νούμενος
2557 2234 2724 2306 αὐτῷ.
2757 2235 2850 2288 Διὸ
2874 2236 3003 2298 τοὺς
3028 2234 3262 2306 θρήνους
3307 2233 3505 2301 ἀφεῖσα
3531 2232 3626 2284 καὶ
3653 2231 3755 2295 τάς
3781 2234 3976 2301 οἰμω-

2276 2322 2380 2389 γάς
2409 2322 2532 2393 ἔχου
2557 2322 2659 2392 τῆς
2683 2322 2853 2393 αὐτῆς
2875 2321 3171 2384 πολιτείας,
3204 2320 3401 2391 μᾶλλον
3427 2320 3484 2373 δὲ
3506 2320 3599 2373 καὶ
3625 2318 3975 2389 ἀκριϐεστέ-

2279 2424 2397 2479 ρας,
2432 2409 2520 2461 ίνα
2558 2409 2693 2480 πρὸς
2721 2408 2818 2479 τὴν
2854 2407 2978 2479 ίσην
3004 2407 3155 2478 αὐτῷ
3185 2407 3442 2476 φθάσασα
3472 2405 3695 2476 ἀρετὴν,
3723 2404 3830 2475 τὴν
3858 2407 3963 2457 αὐ⁸

2273 2495 2373 2565 τὴν
2402 2496 2595 2566 ἐκείνῳ
2638 2496 2973 2567 κατοικήσῃς
3011 2495 3239 2567 σκηνὴν,
3275 2494 3369 2547 καὶ
3416 2493 3757 2562 συναφθῆναι
3784 2493 3968 2546 πάλιν

2276 2582 2423 2653 αὐτῷ
2456 2583 2691 2655 δυνηθῇς
2728 2585 2809 2648 εἰς
2833 2584 2959 2649 τοὺς
2999 2582 3302 2645 ἀθανάτους
3340 2581 3544 2643 αἰῶνας
3571 2580 3821 2642 ἐκείνους
3844 2621 3860 2641 ,
3897 2580 3966 2632 ού

2274 2670 2475 2740 ταύτην
2509 2671 2609 2743 τὴν
2650 2671 2742 2726 τοῦ
2785 2672 2968 2743 γάμου
3015 2671 3332 2739 συνάφειαν,
3382 2667 3495 2722 ἀλλ’
3539 2667 3733 2737 ἐτέραν
3765 2667 3966 2737 πολλῴ

2277 2758 2539 2830 βελτίονα.
2574 2758 2724 2829 Αὕτη
2767 2760 2866 2831 μὲν
2893 2759 3001 2830 γὰρ
3042 2758 3313 2828 σωμάτων
3357 2756 3474 2810 ἐστὶ
3520 2754 3813 2826 συμπλοκὴ
3854 2756 3961 2825 μό-

2274 2862 2383 2900 νον·
2414 2846 2536 2899 τότε
2580 2846 2637 2900 δὲ
2683 2846 2863 2917 ψυχῆς
2892 2845 3043 2899 ἔσται
3089 2845 3228 2915 πρὸς
3271 2844 3449 2915 ψυχὴν
3486 2843 3683 2906 ἐνωσις
3727 2843 3968 2915 ἀκριϐε-

2277 2933 2463 3005 στέρα,
2485 2933 2580 2987 καὶ
2606 2933 2765 3005 ἡδίων
2790 2931 2970 3003 πολλῷ
2996 2934 3089 2986 καὶ
3122 2931 3367 3003 βελτίων.

2336 3103 2367 3142 1³
2386 3105 2558 3171 Morel.
2582 3106 2788 3171 ἐσχάτην
2808 3106 3102 3171 ἀπέπνευσε,
3126 3104 3279 3171 SaviL
3310 3106 3359 3154 in
3401 3109 3542 3155 textu
3565 3110 3620 3155 et
3638 3105 3780 3157 Colb.
3809 3107 3957 3171 ἐσχά-

2274 3183 2370 3223 τως
2389 3167 2841 3231 ἀπένευσενίεεγὶι.
2866 3170 3093 3231 inﬁmarg,
3120 3167 3345 3231 ἐσχάτην.

2340 3228 2870 3292 εἶΜοτθΙηπράγμασιν
2911 3227 3342 3291 ἐνδον’διατρίψας.
3389 3227 3605 3279 Savilius
3631 3235 3687 3279 et
3724 3228 3954 3281 Colbert.

2275 3290 2545 3353 πράγμασιν
2569 3290 2879 3355 ἐνδίατρίψας.

565 3487 3825 3524 mm

1345 3665 1481 3719 ΤΟΥ
1510 3666 1744 3721 ΑΥΤΟΥ
1780 3667 1959 3722 ΠΡΟΣ
1996 3668 2137 3723 ΤΗΝ
2175 3669 2417 3724 ΔΥΤΗΝ
2451 3669 2613 3723 ΠΕΡΙ
2653 3670 3122 3725 ΜΟΝΑΝΔΡΙΔΣ.

569 3986 640 4037 α’.
668 3980 741 4035 Τδ
764 3982 862 4053 μὲν
884 3983 982 4047 τὰς
996 3981 1258 4055 ἀπείρους
1274 3982 1488 4053 ὁμιλίας
1500 3981 1706 4054 ἀνδρῶν
1728 3986 1822 4038 καὶ
1845 3983 2050 4038 ὠδίνων
2076 3986 2169 4039 καὶ

499 4068 606 4123 τῶν
656 4068 832 4123 ἄλλων
878 4068 1153 4133 ἁπάντων,
1196 4068 1340 4141 άπερ
1378 4071 1772 4142 ἐπισυρόμενος
1800 4073 1828 4125 ὁ
1861 4071 2042 4142 γάμος
2084 4068 2167 4137 εἰς

497 4155 597 4221 τάς
623 4157 731 4212 τῶν
756 4156 1057 4229 ἀνθρώπων
1077 4156 1384 4229 εἰσέρχεται
1413 4158 1609 4224 οἰκίας,
1643 4158 1844 4233 ἄνδρας
1878 4162 2164 4233 ἐπιζητεῖν

497 4242 808 4316 θαυμαστὸν
844 4245 1016 4299 οὐδέν·
1050 4247 1143 4301 καὶ
1170 4246 1280 4318 γὰρ
1311 4247 1404 4301 τὸν
1447 4247 1682 4318 πόλεμον
1723 4251 1960 4321 πρᾶγμα
1991 4250 2165 4315 οὕτως

495 4330 751 4385 ἐπίπονον
792 4334 904 4395 τοῖς
937 4331 1186 4403 ἀπείροις
1216 4332 1419 4402 γλυκὺν
1456 4333 1491 4404 ἡ
1520 4334 1790 4407 παροιμία
1823 4331 1966 4389 εἷναί
1992 4353 2128 4407 φησι
2147 4353 2161 4368 ·

493 4419 555 4470 τὸ
580 4418 638 4470 δὲ
665 4418 762 4481 τὰς
804 4419 973 4490 μυρία
1006 4419 1380 4490 ἀνασχομένας
1403 4432 1429 4461 ι
1458 4422 1626 4485 κακά,
1664 4423 1923 4489 πολλάκις
1957 4424 2016 4477 δὲ
2060 4425 2168 4479 ὑπὸ

494 4502 595 4571 τῆς
618 4504 729 4556 τῶν
754 4505 1095 4575 πραγμάτων
1120 4506 1367 4577 ἀνάγκης
1384 4507 1826 4574 ἀναπεισθείσας,
1860 4511 2164 4582 μακαρίσαι

499 4588 598 4658 μὲν
643 4589 741 4653 τάς
788 4589 1216 4661 ἀπηλλαγμένας
1249 4592 1358 4645 τῶν
1402 4593 1499 4647 τοῦ
1543 4595 1749 4665 κόσμου
1791 4598 2159 4668 πραγμάτων,

496 4675 805 4747 ἐπαρᾶσθαι
836 4677 893 4730 δὲ
924 4679 1181 4750 μυριάκις
1209 4680 1452 4744 ἐαυταῖς,
1490 4682 1587 4734 καὶ
1628 4685 1753 4747 ταῖς
1782 4701 2167 4755 προμνηστευ-

494 4763 695 4834 τρίαις.
731 4765 826 4819 καὶ
868 4768 935 4836 τῇ
969 4767 1157 4838 ἡμέρᾳ
1190 4767 1312 4821 καθ’
1338 4768 1406 4839 ἢν
1447 4769 1504 4823 αι
1535 4771 1806 4835 παστάδες
1850 4771 2163 4835 ἐπλέκοντο,

494 4849 699 4915 ταύτας
721 4851 778 4904 δὲ
803 4839 942 4923 μετά
968 4852 1237 4926 τοσαύτην
1260 4855 1699 4927 ἀποδυσπέτησιν
1737 4858 1899 4914 πάλιν
1928 4859 2035 4913 τῶν
2065 4860 2164 4912 αὐ-

495 4935 603 4991 τῶν
633 4938 975 5010 πραγμάτων
1011 4940 1321 5011 ἐπιθυμεῖν,
1355 4941 1512 4994 τοῦτό
1549 4945 1664 4996 ἐστι
1716 4944 1778 4998 τὺ
1820 4944 2054 5016 μάλιστά
2098 4963 2167 5016 με

496 5023 794 5095 ἐκπλῆττον
815 5025 910 5079 καὶ
933 5027 1120 5080 ποιοῦν
1141 5028 1386 5098 ἀπορεῖν,
1412 5028 1505 5081 καί
1529 5030 1629 5101 τὴν
1650 5030 1832 5084 αἰτίαν
1861 5031 2163 5104 ἐπιζητεῖν,

360 5146 377 5151 ›
494 5110 562 5164 δι’
590 5111 659 5182 ἦν
680 5113 748 5167 τὰ
773 5113 1074 5186 πράγματα
1090 5156 1105 5180 ,
1134 5114 1172 5169 ἀ
1203 5116 1470 5189 πρότερον
1492 5118 1741 5190 ἐνόμιζον
1764 5116 2160 5190 εἶναιιφευκτά,

496 5202 583 5254 ὅτε
605 5196 745 5273 ἦσαν
770 5202 829 5256 ἐν
860 5204 1066 5268 αὐτοῖς,
1087 5202 1259 5257 ταῦτα
1282 5203 1400 5270 νῦν,
1430 5205 1519 5259 ὅτε
1541 5205 1720 5260 αὐτῶν
1740 5208 2032 5280 ἀπηλλάγη
2042 5226 2161 5275 σαν,

493 5288 572 5354 ὡς
603 5288 827 5344 ποθεινὰ
859 5290 1019 5344 πάλιν
1055 5289 1293 5345 διώκειν.
1324 5292 1436 5346 Καὶ
1479 5294 1707 5365 μυρίους
1738 5294 1851 5349 ἀνω
1888 5298 1984 5351 καὶ
2012 5298 2163 5352 κάτω

498 5377 741 5448 στρέφων
767 5379 899 5447 παρ’
931 5377 1155 5449 ἐμαυτῷ
1184 5378 1475 5450 λογισμοὺς
1508 5382 1662 5453 μόλις
1696 5384 1848 5448 ποτὲ,
1887 5384 1963 5447 ὡς
1991 5387 2160 5455 ἐμαυ-

492 5466 585 5520 τδν
614 5464 804 5529 πείθω,
833 5464 931 5536 τὴν
951 5466 1131 5519 αἰτίαν
1153 5466 1250 5520 τοῦ
1276 5469 1601 5539 πράγματος
1632 5470 1918 5543 ηὕρισκον·
1955 5472 2158 5542 μᾶλλον

492 5554 552 5608 δὲ
578 5554 640 5606 οὐ
674 5554 774 5623 μία
801 5554 887 5617 τίς
914 5556 1060 5609 ἐστιν
1086 5557 1255 5621 αἰτία,
1285 5557 1404 5611 οὐδὲ
1431 5557 1523 5612 δύο
1555 5560 1738 5629 μόνον,
1764 5560 1901 5622 ἀλλά
1926 5564 2019 5615 καὶ
2042 5565 2163 5616 τού-

493 5656 603 5694 των
630 5639 866 5704 πλείους.
900 5643 967 5698 Δί
999 5644 1095 5713 μὲν
1126 5644 1234 5717 γὰρ
1267 5646 1372 5700 ὑπὸ
1409 5646 1503 5700 τοῦ
1544 5645 1738 5701 πολλοῦ
1793 5649 1985 5719 χρόνου
2018 5651 2160 5726 λήθῃ

559 5775 576 5795 ³
594 5782 732 5836 Colb.
749 5786 1048 5851 ἀνεχομένοις.

2269 3982 2609 4055 παραδοῦσαι
2639 3982 2708 4038 τά
2740 3983 3011 4057 πρότερα,
3043 3985 3140 4038 καὶ
3178 3984 3249 4041 τά
3280 3985 3339 4040 ἐν
3380 3987 3538 4058 χερσὶ
3571 3988 3950 4061 μνημονεύου-

2270 4089 2360 4126 σαι
2393 4072 2573 4143 μόνον,
2612 4071 2862 4144 ἔρχονται
2897 4072 2996 4143 μὲν
3045 4075 3138 4127 ἐπὶ
3184 4073 3277 4129 τὸν
3313 4076 3492 4146 γάμον
3533 4076 3611 4140 ὡς
3644 4078 3746 4131 ἐπὶ
3790 4078 3945 4132 λύσιν

2265 4158 2375 4213 τῶν
2399 4160 2500 4230 τῆς
2526 4160 2755 4232 χηρείας
2776 4159 2984 4226 κακῶν,
3012 4160 3327 4232 εὑρίσκουσι
3359 4163 3417 4215 δὲ
3445 4162 3610 4233 ἔτερα
3643 4163 3827 4235 πολλῷ
3850 4182 3951 4235 χα-

2266 4245 2550 4319 λεπώτερα
2578 4249 2636 4302 ἐν
2666 4247 2847 4319 αὐτῷ,
2874 4247 2951 4311 ὡς
2982 4245 3135 4321 [350]
3166 4249 3330 4304 πάλιν
3361 4249 3462 4314 τὰς
3502 4250 3676 4315 αὑτὰς
3722 4253 3953 4320 ἀφιέναι

2268 4342 2452 4413 φωνὰς
2483 4342 2663 4414 ἇσπερ
2695 4342 2789 4396 καὶ
2817 4342 3101 4415 πρότερον.
3152 4344 3349 4398 Ἀλλαι
3402 4345 3460 4398 δέ
3496 4345 3658 4400 πάλιν
3707 4346 3849 4416 πρὸς
3881 4347 3952 4399 τά

2278 4437 2360 4493 τοῦ
2398 4438 2604 4509 κόσμου
2651 4440 2931 4508 κεχηνυῖαι
2979 4438 3313 4510 πράγματα,
3362 4440 3458 4494 καὶ
3500 4442 3601 4511 τῆς
3649 4440 3809 4510 δόξης
3848 4441 3949 4495 τοῦ

2268 4534 2535 4605 παρόντος
2573 4532 2981 4605 ἐκκρεμάμεναι
3033 4532 3175 4604 βίου,
3206 4535 3301 4589 καὶ
3333 4534 3430 4606 τὴν
3468 4536 3698 4607 χηρείαν
3733 4537 3951 4592 ἐπονεί-

2265 4629 2443 4683 διστον
2477 4629 2708 4700 πρᾶγμα
2738 4625 2875 4682 εἶναι
2913 4629 3260 4699 νομίζουσαι,
3312 4631 3599 4702 αἱροῦνται
3633 4633 3731 4696 τάς
3760 4633 3820 4687 ἐν
3868 4634 3948 4706 τῷ

2267 4724 2429 4795 γάμῳ
2458 4724 2864 4795 ταλαιπωρίας,
2900 4725 3042 4795 ὑπὲρ
3066 4727 3166 4798 τῆς
3196 4727 3355 4798 δόξης
3378 4729 3475 4800 τῆς
3509 4729 3674 4801 κενῆς
3703 4731 3798 4784 καὶ
3847 4729 3947 4786 τοῦ

2266 4820 2435 4890 τύφου
2459 4818 2554 4873 τοῦ
2577 4819 2853 4892 περιττοῦ.
2875 4819 2997 4874 Εἰσί
3022 4821 3080 4875 δὲ
3108 4823 3165 4875 αἲ
3191 4822 3396 4877 τούτων
3429 4826 3528 4894 μὲν
3552 4824 3752 4889 οὐδενὶ,
3774 4827 3950 4898 ἀκρα-

2268 4916 2361 4988 σίᾳ
2388 4916 2445 4970 δὲ
2472 4916 2608 4987 μόνῃ
2639 4916 3030 4988 κρατούμεναι,
3086 4918 3180 4971 ἐπὶ
3226 4918 3299 4973 τά
3338 4920 3584 4992 πρότερα
3636 4920 3800 4975 πάλιν
3846 4924 3948 4975 ἑπ-

2267 5014 2604 5085 ανέρχονται,
2636 5013 2731 5066 καὶ
2752 5012 2850 5086 τὴν
2875 5013 3043 5077 ὄντως
3081 5015 3261 5070 αἰτίαν
3291 5015 3589 5088 πειρῶνται
3631 5020 3752 5080 ταῖς
3790 5019 3948 5090 εἰρη-

2270 5112 2460 5182 μέναις
2492 5110 2865 5182 ἀποκρύπτειν
2911 5113 3269 5185 προφάσεσιν.
3312 5113 3676 5168 Αἰτιάσασθαι
3711 5114 3812 5187 μὲν
3848 5114 3945 5171 οὖν

2271 5210 2439 5274 αὑτὰς
2485 5210 2580 5264 καὶ
2612 5209 2975 5263 καταδικάσαι
3018 5212 3161 5283 ὑπὲρ
3204 5210 3298 5265 τοῦ
3345 5213 3527 5282 γάμου
3574 5213 3764 5266 τούτου
3816 5215 3945 5271 οὔτε

2266 5308 2430 5372 αὐτὸς
2461 5307 2664 5379 τολμῶ,
2691 5307 2815 5362 οὔτε
2848 5309 2992 5381 ἄλλῳ
3022 5311 3294 5382 παραινῶ·
3336 5312 3525 5384 ἐπειδὴ
3561 5313 3697 5384 μηδὲ
3724 5313 3804 5385 τῷ
3834 5332 3943 5385 μαο

2267 5405 2444 5478 καρίῳ
2485 5405 2681 5477 Παύλῳ
2720 5405 2879 5460 τοῦτο
2907 5406 3086 5471 δοκεῖ,
3121 5407 3322 5477 μᾶλλον
3351 5407 3409 5462 δὲ
3436 5409 3513 5480 τῷ
3553 5409 3837 5481 Πνεύματι
3863 5411 3943 5484 τῷ

2265 5503 2425 5571 ἁγίῳ.
2460 5492 2645 5557 Εἰπῶν
2675 5502 2805 5575 γάρ,
2833 5502 3001 5571 Γυνὴ
3028 5501 3258 5558 δέδεται
3288 5506 3451 5575 νόμῳ
3480 5506 3574 5575 ἐφ’
3608 5508 3763 5561 ὅσον
3800 5510 3943 5578 χρό-

2268 5616 2378 5653 νον
2405 5598 2473 5669 ζῇ
2493 5603 2525 5653 ό
2555 5599 2710 5667 ἀνὴρ
2738 5599 2948 5670 αὐτῆς·
2976 5598 3084 5653 ἐὰν
3114 5599 3183 5653 δὲ
3204 5600 3461 5671 κοιμηθῇ
3491 5605 3525 5656 ὀ
3548 5602 3706 5673 ἀνὴρ
3727 5604 3939 5675 αὐτῆς.

2270 5695 2555 5766 ἐλευθέρα
2581 5697 2754 5751 ἐστίν
2779 5689 2828 5762 ᾧ
2856 5696 3014 5750 θέλει
3038 5696 3387 5767 γαμηθῆναι,
3414 5700 3609 5767 μόνον
3626 5700 3698 5755 ἑν
3723 5704 3940 5772 Κυρίῳ·

2272 5794 2365 5847 καὶ
2400 5796 2760 5867 συγχωρήσας
2791 5795 2857 5863 τῇ
2888 5793 3031 5866 χήρᾳ
3063 5797 3110 5848 εἰ
3141 5795 3381 5867 βούλοιτο
3406 5795 3723 5869 γαμηθῆναι
3753 5800 3938 5867 πάλιν,
