4020 6440
486 398 583 455 6H

492 520 738 567 testatem
764 511 1172 566 fecissetrursus
1193 510 1238 566 si
1257 511 1382 566 velit
1399 510 1651 575 nubendi,
1665 511 2068 579 addidissetque

489 603 696 658 Beatior
718 611 991 667 autemest,
1015 603 1061 656 si
1084 602 1154 656 sic
1174 603 1501 672 permanserit
1535 603 1585 669 (l
1599 602 1739 657 .Cor.
1791 602 1845 657 7.
1867 599 1980 674 40):
2006 616 2074 656 ne

491 697 608 766 quis
634 705 841 766 putaret
861 695 1144 749 humanum
1169 710 1288 750 esse
1301 703 1644 764 prteceptum,
1664 694 1778 749 haec
1795 694 2035 764 adjttnxit
2053 709 2070 746 :

491 784 628 840 Puto
656 795 842 852 autent,
865 787 998 856 quod
1024 797 1070 840 et
1093 803 1182 856 ego
1213 786 1461 852 Spiritum
1486 783 1583 838 Dei
1622 785 1830 839 habeam
1860 783 2071 856 (Ibid.),

492 879 649 949 plane
691 880 978 936 ostendens
1020 880 1217 950 Spiritu
1253 880 1487 935 dictante
1529 880 1601 934 ita
1647 878 1750 934 sibi
1786 892 1906 932 esse
1947 891 2076 931 eon-

489 971 708 1038 scripta.

561 1062 817 1116 Secunda:
854 1062 1046 1131 nuptiae
1087 1077 1186 1114 non
1224 1061 1514 1129 culpandaz.
1542 1089 1613 1101 —
1637 1060 1715 1114 Ne
1736 1059 1858 1130 quis
1894 1058 2074 1129 igitur,

491 1165 609 1222 qua:
645 1152 803 1205 modo
835 1151 1074 1207 dicturus
1122 1166 1261 1214 sum,
1298 1152 1351 1205 in
1396 1167 1514 1205 eam
1559 1159 1760 1220 partem
1811 1148 2072 1216 accipiat,

491 1243 641 1311 quasi
683 1257 794 1309 eas,
841 1258 961 1312 quae
1020 1243 1363 1297 matrimonio
1403 1257 1461 1296 se
1497 1241 1745 1311 jungunt,
1789 1239 2076 1309 reprehen-

491 1332 614 1386 dam
641 1347 702 1387 ac
743 1334 1012 1388 criminer.
1056 1333 1289 1389 Summa;
1323 1333 1464 1388 enim
1506 1332 1820 1402 arrogantia:
1845 1346 1907 1386 ac
1932 1330 2079 1385 furo-

491 1423 564 1477 ris
603 1423 780 1489 fuerit,
819 1440 952 1494 quas
991 1441 1095 1478 non
1139 1425 1412 1494 castigavit
1457 1427 1643 1479 beatus
1671 1425 1783 1491 ille,
1823 1423 1918 1478 sed
1962 1423 2081 1490 qui-

492 1513 592 1569 bus
619 1515 874 1584 pepercit,
905 1515 1002 1570 has
1031 1525 1216 1571 contra
1243 1533 1274 1571 a
1294 1517 1445 1571 nobis
1487 1516 1679 1572 acerbe
1709 1514 2079 1581 condemnari,

494 1605 654 1676 idque
680 1621 800 1660 cum
831 1609 1102 1662 sexcentis
1130 1623 1225 1662 nos
1255 1607 1566 1662 criminibus
1607 1621 1931 1675 prcmamur.
1983 1605 2083 1658 Et.

493 1699 636 1753 enim
655 1699 742 1768 qui
765 1699 848 1753 vel
869 1713 901 1752 a
915 1698 1201 1766 judicando
1221 1699 1510 1764 abstinere,
1534 1713 1602 1752 ne
1623 1696 1810 1752 eadem
1833 1709 2082 1750 mensura

495 1789 548 1844 in
598 1806 695 1844 nos
736 1790 993 1860 judicium
1041 1799 1380 1854 exerceatur,
1425 1798 1583 1860 atque
1612 1789 1664 1843 in
1689 1788 1916 1842 aliorum
1963 1800 2085 1856 pec-

493 1889 612 1935 cata
637 1881 854 1935 minime
897 1881 1244 1937 vehementes
1285 1895 1405 1935 esse
1447 1879 1654 1950 judices
1691 1877 1960 1946 jubemur,
1988 1874 2084 1931 sed

494 1971 644 2028 lenes
668 1982 723 2028 et
742 1973 808 2028 ad
837 1975 1046 2029 veniam
1075 1973 1304 2029 dandam
1335 1973 1554 2040 faciles;
1584 1975 1630 2028 si
1658 1988 1768 2027 rem
1791 1987 1909 2042 qua:
1936 1980 2086 2025 extra

493 2063 703 2133 culpam
723 2063 790 2118 sit
811 2063 1156 2119 criminemur
1169 2073 1222 2118 et
1236 2062 1674 2130 condemnemus,
1697 2060 1964 2132 quomodo
1977 2076 2085 2115 non

496 2170 712 2210 omnem
737 2156 891 2212 nobis
926 2156 1138 2210 veniam
1168 2156 1538 2226 prmcidemus,
1570 2171 1638 2210 ex
1665 2167 1850 2210 nostro
1879 2156 1930 2208 in
1959 2170 2084 2224 pro-

497 2247 700 2301 ximum
744 2245 884 2301 facto
907 2247 963 2304 in
987 2262 1106 2302 eam
1135 2247 1456 2303 sententiam
1483 2247 1800 2302 inducentes
1824 2244 2082 2314 judicem,

496 2346 560 2392 ut
583 2339 633 2393 in
656 2353 754 2393 nos
783 2339 1018 2394 vicissim
1039 2354 1098 2394 se
1116 2336 1674 2410 praebeatduriorem?
1689 2336 1805 2390 Non
1846 2336 2004 2407 igitur
2029 2345 2089 2389 ut

498 2429 618 2484 illas
661 2443 909 2485 accusem
934 2445 997 2486 ac
1016 2446 1268 2502 pungam,
1299 2430 1405 2486 huc
1431 2431 1673 2486 oratione
1699 2429 1907 2484 delatus
1933 2444 2047 2483 sum
2067 2444 2086 2483 :

497 2518 641 2588 quod
685 2520 827 2574 enim
854 2521 908 2574 in
936 2521 1164 2576 Demino
1207 2521 1324 2576 fieri
1353 2529 1548 2591 potest,
1580 2521 1632 2574 in
1664 2519 1715 2575 id
1744 2520 1937 2574 cadere
1980 2520 2087 2574 cri-

497 2623 624 2663 men
652 2609 798 2664 nullo
821 2610 982 2666 modo
1007 2619 1180 2681 potest
1205 2628 1218 2664 :
1248 2609 1504 2676 Tantum,
1530 2611 1734 2680 inquit,
1762 2610 1815 2663 in
1839 2609 2083 2663 Domino.

501 2697 697 2753 Verum
726 2701 1174 2769 quemadmodum
1205 2702 1420 2758 cum’de
1439 2703 1740 2772 virginitate
1768 2701 1930 2756 verba
1957 2701 2089 2756 faci-

498 2807 641 2860 mus,
694 2809 802 2848 non
837 2803 896 2849 ut
931 2794 999 2850 de
1036 2795 1361 2850 matrimonii
1408 2793 1666 2866 dignitate
1707 2794 2086 2860 detrahamus,

499 2884 644 2940 illam
671 2885 915 2942 laudibus
940 2887 1244 2942 extollimus
1272 2903 1286 2940 :
1319 2888 1388 2942 ita
1419 2901 1539 2942 cum
1563 2886 1630 2942 de
1666 2887 1924 2942 viduitate
1965 2886 2086 2942 dis-

501 2985 753 3046 putamus
776 3017 792 3044 ,
855 2992 962 3032 non
989 2977 1203 3047 quidem
1241 2993 1339 3032 ceu
1375 2977 1636 3032 secundas
1663 2978 1876 3048 nuptias
1904 2977 1958 3031 in
1995 2992 2089 3033 ea-

499 3081 618 3121 rum
645 3082 823 3122 rerum
853 3083 1098 3136 numero,
1121 3068 1312 3140 quibus
1355 3067 1696 3123 interdictum
1727 3069 1816 3134 sit,
1857 3068 2092 3124 colloce-

498 3173 641 3225 mus,
693 3158 980 3224 mulieres,
1029 3168 1088 3214 ttt
1133 3159 1300 3216 semel
1345 3159 1592 3230 nupsisse
1633 3168 1899 3214 contentae
1941 3158 2088 3227 sint,

499 3249 896 3315 cohortamur;
939 3249 1036 3306 sed
1086 3250 1314 3306 fatemur
1365 3250 1581 3322 quidem
1641 3250 1892 3306 secundis
1927 3249 2090 3304 etiam

501 3336 673 3408 legem
700 3355 807 3394 non
833 3339 1043 3408 violari,
1090 3349 1458 3395 verumtamen
1503 3354 1640 3394 unas
1679 3338 1892 3395 iteratis
1933 3338 2094 3409 longe

505 3437 761 3496 prmstare
791 3443 898 3483 non
927 3429 1254 3484 dubitamus.
1272 3429 1452 3501 Itaque
1474 3430 1526 3484 in
1549 3429 1650 3484 hac
1669 3416 2114 3500 comparatione,

501 3530 623 3573 cum
654 3535 815 3573 unum
841 3519 996 3574 alteri
1015 3529 1269 3590 praestare
1295 3520 1543 3586 dicimus,
1576 3537 1735 3576 nemo
1765 3521 1870 3577 hoc
1891 3521 2088 3592 ipsum,

503 3609 644 3679 quod
673 3610 978 3665 inferiorem
1004 3610 1177 3665 locum
1204 3618 1389 3668 tenere
1413 3611 1663 3677 dicimus,
1691 3612 1880 3667 vitium
1919 3620 2088 3682 putet.

505 3698 622 3753 Non
647 3701 790 3754 enim
828 3700 916 3754 illa
961 3701 1100 3757 inter
1123 3716 1181 3757 se
1206 3700 1328 3756 ideo
1365 3701 1712 3770 conferimus,
1759 3711 1818 3758 ut
1857 3704 2094 3774 ipsorum

503 3791 730 3846 alterum
757 3792 812 3846 in
838 3792 1097 3848 malorum
1140 3793 1384 3851 ordinem
1429 3795 1734 3865 rejiciatur;
1765 3795 1862 3852 sed
1903 3810 2098 3852 conce-

505 3881 694 3937 dentes
724 3881 776 3936 id
806 3882 909 3954 legi
950 3893 1367 3940 consentaneum
1393 3899 1532 3950 esse,
1553 3894 1845 3955 nostroque
1874 3886 2096 3942 arbitrio

507 3972 849 4042 permissum,
879 3973 1105 4029 alterum
1137 3983 1312 4031 tamen
1339 3991 1450 4048 pra:
1480 3977 1583 4032 hoc
1609 3977 1766 4049 longe
1805 3977 1975 4049 pluris
2017 3977 2098 4034 fa-

507 4067 708 4132 cimus,
756 4068 1033 4139 magisque
1089 4068 1430 4140 suspicimus.
1477 4069 1617 4136 Quid
1671 4070 1787 4128 ita?
1833 4070 2096 4139 Quoniam

508 4159 734 4213 multum
774 4159 1000 4215 interest
1035 4160 1281 4216 eamdem
1321 4161 1600 4218 mulierem
1637 4163 1797 4220 unius
1833 4163 1934 4218 viri
1976 4177 2098 4218 esse

509 4263 762 4317 uxorem,
793 4265 858 4306 ac
880 4250 1129 4307 duorum.
1155 4251 1289 4308 Nam
1314 4254 1401 4310 cui
1429 4255 1576 4324 prior
1615 4255 1745 4311 satis
1789 4263 1893 4322 est,
1941 4254 2100 4326 plane

508 4341 744 4396 ostendit
767 4357 866 4412 neq
878 4358 943 4398 ue
969 4343 1035 4398 ad
1057 4343 1210 4399 illum
1238 4345 1412 4416 ipsum
1430 4361 1490 4402 se
1503 4345 1872 4417 adjuncturam
1901 4345 2089 4412 fuisse,

508 4432 554 4486 si
583 4448 698 4488 rem
725 4447 825 4488 usu
850 4435 967 4504 ipso
993 4435 1161 4505 probe
1195 4437 1472 4493 novisset:
1496 4454 1615 4509 qua:
1649 4447 1830 4494 autem
1868 4437 2097 4493 alterum

511 4535 766 4590 sponsum
787 4524 842 4578 in
868 4525 1062 4594 prioris
1104 4527 1280 4584 cubile
1321 4527 1544 4595 inducit,
1575 4544 1830 4600 magnum
1872 4529 2100 4598 egregize

511 4627 640 4684 erga
667 4615 924 4671 mundum
950 4618 1198 4674 amicitize
1224 4627 1385 4691 atque
1403 4635 1530 4690 erga
1572 4635 1663 4676 res
1701 4629 1943 4678 terrenas
1969 4637 2101 4692 pro-

513 4703 786 4774 pensionis
835 4706 1087 4762 indicium
1125 4709 1348 4779 prazbet.
1395 4711 1569 4780 Atque
1608 4711 1698 4766 illa
1738 4711 1956 4783 quidem
2001 4727 2101 4769 nec

513 4794 641 4851 dum
683 4795 885 4852 viveret
925 4799 1028 4865 vir,
1075 4815 1201 4871 erga
1237 4801 1401 4856 alium
1439 4811 1709 4858 commota
1748 4803 1932 4859 animo
1971 4812 2099 4860 est:

513 4883 631 4942 btec
660 4900 808 4952 vero,
835 4891 936 4944 etsi
969 4891 1058 4945 illo
1086 4892 1299 4948 vivente
1330 4893 1399 4948 ab
1435 4893 1554 4948 aliis
1601 4908 1660 4949 se
1699 4893 1944 4964 pudicam
1983 4908 2101 4950 ser-

513 4975 673 5046 varit,
707 4986 945 5035 attamen
989 4981 1188 5039 multos
1231 4983 1366 5038 alios
1401 4984 1571 5055 magis
1614 4998 1776 5055 quam
1823 4984 1976 5041 illum
2010 5001 2105 5043 su-

511 5072 708 5143 spexit.
1973 5119 1978 5128 .

583 5164 640 5218 2.
669 5163 774 5221 Sed
803 5180 872 5222 ne
911 5181 978 5222 ex
1019 5165 1123 5223 hoc
1165 5166 1305 5225 facto
1331 5168 1692 5240 conjecturam
1733 5171 1804 5229 de
1831 5177 2104 5244 prteterita

515 5259 620 5313 vita
665 5258 961 5326 faciamus,
992 5275 1106 5316 rem
1150 5261 1320 5332 ipsam
1367 5263 1752 5334 expendamus.
1784 5265 2000 5323 Etenim
2043 5277 2105 5324 ut

519 5353 788 5423 virginitas
813 5355 1152 5412 matrimonio
1173 5357 1364 5412 melior
1388 5367 1508 5424 est,
1538 5359 1609 5415 ita
1635 5359 1738 5417 hoc
1762 5363 2104 5420 matrimonio

515 5444 664 5502 illud.
719 5446 882 5502 Vidua
933 5449 1077 5504 enim
1122 5450 1190 5506 de
1243 5451 1506 5522 principio
1557 5461 1763 5509 tantum
1813 5455 2103 5526 virginitati
2173 5448 2182 5452 ’

513 5539 815 5606 concessit,
845 5538 913 5595 ad
941 5551 1241 5599 extremum
1267 5558 1396 5600 vero
1425 5544 1527 5614 ipsi
1568 5560 1755 5603 rursus
1779 5559 2022 5618 :equatur
2048 5559 2104 5606 et

513 5629 855 5703 conjungitur
902 5652 918 5690 :
969 5637 1071 5695 hoc
1122 5655 1255 5697 vero
1304 5640 1704 5698 matrimonium
1753 5651 1978 5714 utraque
2031 5658 2103 5698 ex

512 5731 667 5790 parte
693 5738 724 5778 a
756 5725 1056 5797 virginitate
1079 5733 1250 5789 abest.
1279 5731 1396 5787 Huc
1418 5732 1647 5802 accedit,
1668 5748 1786 5790 eam
1809 5749 1929 5805 quae
1953 5735 2106 5791 facile

517 5816 616 5870 fert
669 5817 1017 5886 viduitatem.
1067 5840 1096 5881 a
1140 5827 1256 5884 viro
1305 5837 1558 5898 quoque,
1588 5826 1715 5887 dum
1760 5829 1929 5902 vivit,
1960 5844 2104 5901 saepe

1260 395 1318 452 S.
1357 396 1632 454 JOANNIS
1667 395 2144 456 CHRYSOSTOMI
2184 397 2505 458 ARCHIEP.
2543 400 3082 460 CONSTANTINOP.

3658 412 3776 468 612

2181 523 2241 566 se
2264 519 2541 570 continere
2570 529 2585 567 :
2615 529 2732 569 eam
2762 530 2909 579 vero,
2938 531 3057 587 qua:
3085 530 3198 572 rem
3226 517 3457 574 maxime
3484 519 3778 576 molestam

2181 613 2366 673 putat,
2399 607 2468 660 ita
2512 607 2748 661 animum
2778 607 3072 663 instituisse
3094 650 3110 674 ,
3159 617 3218 663 ut
3247 625 3351 663 non
3392 625 3514 664 eum
3559 612 3780 669 duobus

2180 693 2355 750 solum
2387 695 2642 762 tribusve,
2672 697 2765 752 sed
2794 699 2954 752 etiam
2984 698 3153 752 multo
3182 699 3439 767 pluribus,
3473 702 3515 754 si
3549 703 3620 756 ita
3648 717 3779 756 sors

2181 783 2337 848 ferat,
2385 786 2484 840 sibi
2526 801 2614 842 res
2658 786 2901 842 habenda
2948 788 3038 853 sit,
3084 802 3149 844 ac
3191 789 3279 842 vix
3322 797 3559 844 extrema
3602 801 3776 846 mtate

2180 875 2460 930 abstineat.
2494 877 2952 944 Quemadmodum
3000 879 3159 948 igitur
3206 880 3602 934 matrimonium
3632 880 3776 935 illud

2181 981 2385 1036 magna:
2412 966 2707 1022 honestatis
2741 983 2804 1022 ac
2835 969 3198 1037 temperantia:
3235 969 3507 1038 specimen
3537 979 3620 1026 est
3649 988 3664 1024 :
3698 969 3785 1025 ita

2183 1055 2286 1110 hoc
2313 1057 2532 1112 minime
2554 1058 2767 1126 quidem
2793 1059 3018 1113 dixerim
3050 1059 3301 1126 lascivias,
3323 1060 3482 1124 absit,
3503 1061 3595 1116 sed
3625 1072 3788 1116 certe

2184 1147 2344 1200 animi
2389 1146 2695 1202 infirmioris
2719 1187 2734 1213 ,
2783 1159 2837 1203 et
2861 1149 2949 1219 qui
2978 1149 3125 1204 carni
3156 1149 3368 1205 deditus
3397 1151 3466 1205 sit
3507 1161 3784 1220 terrasque

2184 1239 2372 1293 affixus
2399 1255 2497 1295 nec
2535 1256 2782 1311 magnum
2813 1252 2973 1312 atque
2999 1243 3266 1297 excelsum
3295 1243 3566 1314 quidpiam
3591 1245 3782 1298 animo

2183 1331 2466 1400 concipere
2490 1347 2737 1401 umquam
2757 1333 2953 1400 possit.

2257 1418 2531 1491 Sopltisma
2560 1423 2614 1474 in
2654 1422 2856 1475 laudem
2885 1422 3206 1490 repetiturum
3248 1423 3541 1493 nuptiarum
3577 1424 3776 1482 refelli-

2186 1518 2288 1564 tur.
2317 1541 2390 1552 —
2415 1510 2568 1579 Quod
2613 1512 2658 1566 si
2687 1511 2804 1581 quis
2847 1513 3061 1582 objiciat
3085 1553 3100 1580 ,
3132 1514 3272 1582 quod
3322 1513 3602 1569 honestum
3649 1525 3733 1569 est
3756 1541 3777 1568 ς

2186 1602 2291 1656 tale
2313 1617 2430 1656 esse
2454 1643 2469 1668 ,
2497 1603 2610 1657 sive
2635 1603 2799 1658 semel
2823 1604 3048 1659 obeatur
3070 1645 3086 1670 ,
3115 1605 3226 1660 sive
3252 1605 3330 1658 bis
3353 1644 3371 1670 ,
3400 1606 3511 1659 sive
3537 1607 3734 1674 saepius
3767 1621 3788 1660 :

2185 1693 2434 1748 similiter
2459 1693 2603 1747 enim
2653 1692 2932 1748 honestum
2981 1709 3201 1748 manere
3224 1735 3240 1760 ,
3273 1696 3562 1764 quinetiam
3607 1711 3734 1749 cum
3762 1737 3776 1759 .

2187 1781 2278 1851 qui
2320 1783 2515 1853 smpius
2557 1783 2770 1838 functus
2812 1795 2932 1848 est,
2975 1785 3370 1839 laudabiliorem
3415 1801 3535 1840 esse
3575 1801 3643 1840 eo
3684 1787 3782 1855 qui

2188 1873 2398 1937 rarius;
2447 1873 2886 1943 respondebimus
2929 1874 3235 1944 bujusmodi
3280 1875 3548 1944 sepbisma
3591 1877 3785 1930 incau-

2187 1967 2414 2021 tioribus
2442 1966 2668 2022 fortasse
2694 1981 2852 2036 posse
2881 1968 3155 2036 imponere
3178 2009 3192 2032 ,
3237 1968 3305 2022 ab
3334 1969 3398 2022 iis
3422 1977 3597 2021 autem
3623 2009 3638 2034 ,
3685 1968 3784 2037 qui

2189 2060 2423 2114 animum
2478 2059 2756 2114 advertere
2807 2060 3110 2125 voluerint,
3164 2059 3318 2114 facile
3369 2059 3537 2114 refelli
3596 2074 3784 2128 posse.

2189 2152 2580 2207 Matrimonium
2621 2153 2763 2208 enim
2807 2168 2914 2209 non
2964 2167 3250 2223 corporum
3296 2152 3598 2207 commistio
3651 2150 3789 2204 facit

2190 2242 2282 2316 (ita
2312 2244 2454 2299 enim
2479 2253 2533 2298 et
2555 2244 2833 2299 fornicatio
2860 2245 3255 2299 matrimonium
3280 2244 3445 2312 esset)
3471 2283 3486 2308 ,
3515 2242 3607 2297 sed
3635 2242 3786 2311 quod

2191 2352 2253 2392 ea
2275 2378 2292 2404 ,
2321 2352 2440 2407 quae
2464 2347 2627 2407 nupta
2655 2345 2776 2403 est,
2802 2352 2910 2392 uno
2934 2337 3048 2392 viro
3073 2346 3323 2391 contenta
3347 2345 3450 2390 est.
3476 2339 3650 2405 Atque
3678 2335 3789 2389 hoc

2191 2428 2333 2482 inter
2372 2428 2708 2483 meretricem
2738 2437 2898 2498 atque
2941 2428 3224 2498 ingenuam
3256 2427 3608 2497 pudicamque
3653 2441 3787 2479 mu-

2192 2519 2379 2574 lierem
2407 2520 2644 2575 interest.
2673 2520 2827 2588 Quod
2867 2521 2914 2575 si
2954 2535 3064 2575 uno
3092 2521 3204 2574 viro
3231 2528 3479 2574 contenta
3521 2528 3787 2589 perpetuo

2191 2611 2301 2678 sit,
2347 2611 2777 2685 conjunctiopem
2823 2612 2977 2666 istam
3029 2612 3350 2666 matrimonii
3393 2610 3609 2665 nomine
3649 2624 3787 2665 vere

2191 2702 2476 2772 appellaris
2509 2719 2524 2757 :
2555 2703 2637 2757 sin
2684 2718 2780 2772 pro
2819 2717 2927 2758 uno
2955 2701 3152 2756 multos
3198 2715 3424 2770 sponsos
3465 2701 3521 2754 in
3561 2701 3786 2755 domum

2194 2793 2445 2859 inducat,
2474 2809 2581 2848 non
2626 2792 2872 2864 equidem
2910 2792 3317 2848 fornicationem
3358 2790 3531 2846 audeo
3557 2789 3743 2846 dicere
3767 2831 3786 2854 ,

2193 2886 2290 2943 sed
2317 2887 2444 2942 illud
2467 2885 2868 2951 contenderem,
2895 2885 3034 2940 hanc
3057 2885 3169 2951 illa,
3195 2899 3315 2954 quae
3339 2897 3501 2938 unum
3527 2882 3792 2938 duntaxat

2193 2979 2367 3034 virum
2395 2978 2541 3033 novit
2561 3018 2577 3043 ,
2608 2977 2766 3047 longe
2794 2977 3102 3032 inferiorem
3128 2991 3267 3032 esse.
3298 2974 3389 3029 Illa
3412 2974 3553 3030 enim
3579 2973 3791 3028 audivit

2194 3069 2477 3124 Dominum
2505 3068 2770 3123 dicentem
2790 3083 2803 3120 :
2826 3067 3044 3134 Pmpter
3067 3067 3161 3120 hoc
3185 3066 3398 3119 dimittet
3422 3064 3570 3118 homo
3588 3073 3792 3134 patrem

2194 3170 2240 3214 et
2265 3169 2475 3214 matrem
2500 3176 2645 3213 suam
2667 3201 2683 3226 ,
2713 3168 2759 3213 et
2784 3157 3057 3212 adhwrebit
3080 3158 3228 3212 uxori
3257 3171 3366 3211 sua:
3386 3197 3401 3221 ,
3433 3164 3480 3209 et
3513 3164 3659 3208 erunt
3684 3156 3794 3208 duo

2194 3253 2249 3306 in
2291 3267 2494 3306 carnem
2522 3267 2679 3305 unam
2725 3249 2953 3322 (Matth.
2989 3249 3074 3305 l9.
3107 3248 3223 3321 5),
3252 3263 3316 3304 ac
3355 3248 3472 3302 viro
3517 3247 3787 3311 adhaesit,

2195 3342 2419 3413 perinde
2444 3357 2506 3397 ac
2531 3357 2659 3397 vere
2684 3357 2778 3397 sua
2806 3355 2931 3398 caro
2958 3350 3101 3397 esset
3126 3383 3142 3408 ,
3170 3356 3344 3412 neque
3369 3341 3532 3396 oblita
3574 3349 3658 3396 est
3683 3341 3794 3394 sibi

2195 3437 2363 3490 semel
2407 3436 2639 3504 impositi
2682 3435 2888 3506 capitis.
2935 3431 3058 3490 Haec
3093 3450 3223 3490 vero
3265 3447 3366 3489 nec
3403 3434 3640 3503 priorem
3685 3446 3792 3488 nec

2196 3526 2544 3596 posteriorem
2576 3527 2750 3580 virum
2793 3525 3062 3596 propriam
3107 3532 3323 3580 carnem
3371 3531 3582 3594 reputat
3613 3541 3627 3578 :
3659 3538 3788 3577 nam

2199 3619 2402 3688 primus
2431 3634 2462 3674 a
2490 3618 2743 3684 secundo,
2764 3614 3030 3675 secundus
3056 3618 3123 3673 ab
3147 3617 3238 3672 illo
3263 3617 3463 3688 ejectus
3485 3627 3586 3672 est.
3605 3616 3795 3688 Neque

2198 3710 2341 3766 enim
2383 3711 2576 3765 mulier
2601 3711 2796 3781 prioris
2823 3711 2921 3765 viri
2965 3709 3277 3765 memoriam
3321 3708 3502 3764 colere
3549 3710 3790 3780 poterit,

2200 3819 2319 3872 quae
2346 3812 2467 3875 post
2509 3803 2657 3858 illum
2688 3803 2841 3859 alteri
2882 3803 3097 3873 nupsit,
3125 3816 3226 3858 nec
3266 3802 3615 3871 posteriorem
3639 3801 3794 3870 justo

2201 3911 2386 3952 amore
2429 3905 2816 3966 proSequetur,
2854 3903 3044 3964 magna
3087 3893 3262 3948 adhuc
3303 3893 3497 3948 mentis
3540 3902 3691 3963 parte
3737 3892 3798 3947 in

2199 4005 2325 4045 eum
2351 3989 2442 4058 qui
2477 3988 2609 4043 obiit
2635 3987 2891 4042 derivata.
2921 3985 2996 4040 Ita
3025 3984 3086 4040 fit
3108 4027 3124 4053 ,
3153 3993 3210 4040 ut
3233 3986 3406 4040 neutri
3445 3988 3492 4038 ls
3514 4025 3530 4050 ,
3560 3983 3650 4054 qui
3674 3983 3797 4075 virp

2202 4083 2466 4149 debetur,
2512 4097 2664 4137 amor
2709 4089 2870 4152 atque
2914 4079 3083 4134 honos
3126 4079 3195 4132 ab
3243 4091 3407 4133 uxore
3453 4075 3793 4132 exbibeatur.

2202 4175 2409 4247 Ecquid
2434 4190 2566 4230 vero
2589 4174 2753 4229 animi
2796 4180 2945 4244 putet
2968 4170 3250 4242 posteriori
3293 4183 3492 4240 sponso
3516 4183 3636 4224 esse
3657 4209 3672 4234 ,
3702 4167 3798 4238 qui

2203 4268 2258 4322 in
2286 4267 2478 4340 prioris
2506 4265 2794 4340 thalamum
2823 4263 3134 4334 ingreditur,
3163 4269 3219 4317 et
3248 4260 3386 4315 illius
3413 4260 3608 4315 lectum
3634 4273 3792 4313 scan-

2202 4339 2320 4426 dit,
2348 4373 2412 4414 ac
2451 4339 2710 4429 praeterea
2753 4358 2895 4412 illius
2920 4370 3143 4412 uxorem
3187 4354 3489 4418 ridentem,
3516 4361 3572 4408 et
3596 4351 3696 4406 bac
3725 4351 3797 4407 de

2202 4466 2361 4507 causa
2401 4452 2668 4519 iocantem
2713 4465 2776 4507 ac
2820 4451 3090 4506 ludentem
3133 4447 3320 4503 videt?
3364 4445 3534 4502 Valde
3577 4443 3794 4515 quidem

2201 4555 2642 4612 commoveatur,
2687 4557 2862 4614 neque
2902 4541 2971 4596 ad
3012 4541 3152 4595 illam
3195 4542 3389 4608 magno
3435 4553 3557 4593 cum
3606 4549 3796 4590 amore

2203 4638 2424 4694 accedat
2448 4653 2668 4693 necesse
2691 4644 2794 4692 est.
2838 4634 2973 4690 Nam
2999 4632 3210 4689 tametsi
3251 4631 3489 4688 omnium
3517 4629 3795 4684 hominum

2202 4729 2521 4784 durissimus
2550 4729 2655 4792 sit,
2683 4742 2791 4782 non
2836 4734 3012 4780 tamen
3038 4724 3112 4778 ita
3140 4723 3388 4778 immanis
3411 4763 3427 4791 ,
3455 4729 3519 4776 ut
3559 4721 3800 4774 humano

2206 4821 2437 4892 quodam
2463 4833 2624 4875 sensu
2650 4833 2758 4872 non
2800 4815 3060 4871 afficiatur
3081 4855 3098 4881 ,
3133 4814 3296 4870 etiam
3322 4813 3369 4868 si
3410 4810 3502 4866 illa
3528 4809 3799 4867 sexcentis

2206 4914 2536 4971 ornamentis
2559 4922 2612 4968 et
2632 4913 2864 4983 seipsam
2913 4918 2970 4966 et
3010 4910 3231 4966 domum
3271 4907 3584 4978 compserit.
3630 4906 3796 4960 Dolor

2204 5007 2349 5062 enim
2376 5005 2554 5062 domui
2583 5004 2759 5060 illa‘tus
2799 5018 2905 5059 non
2933 5003 3060 5057 sinit
3088 5016 3273 5074 puram
3301 5008 3357 5056 et
3380 5001 3644 5055 sinceram
3673 5010 3800 5052 esse

2205 5100 2530 5170 voluptatem
2564 5115 2578 5151 :
2608 5096 2704 5152 sed
2733 5095 3182 5167 quemadmodum
3210 5095 3264 5150 in
3292 5092 3461 5149 muris
3487 5107 3583 5146 usu
3609 5089 3757 5144 venit
3781 5130 3798 5154 ,

2204 5199 2266 5246 ut
2287 5205 2406 5246 eum
2430 5204 2555 5260 pars
2579 5189 2752 5258 aliqua
2777 5187 2933 5243 valde
2957 5199 3144 5242 exusta
3173 5194 3274 5250 est,
3306 5184 3432 5239 licet
3455 5180 3798 5252 postmodum

2207 5281 2504 5348 dealbctur,
2524 5279 2791 5350 subjectus
2808 5287 2984 5334 tamen
3009 5293 3072 5333 ac
3089 5275 3382 5348 profundus
3403 5275 3583 5344 nigror
3597 5271 3798 5327 cando-

2205 5388 2322 5428 rem
2348 5371 2553 5427 tectorii
2579 5371 2848 5438 obscuret,
2875 5380 3033 5441 atque
3058 5365 3402 5438 injucundum
3432 5363 3795 5434 Spectaculum

2206 5463 2443 5533 praebeat
2474 5479 2488 5516 :
2519 5461 2593 5517 ita
2638 5471 2692 5517 et
2717 5464 2816 5518 hac
2858 5458 2912 5516 in
2955 5475 3015 5516 re
3037 5502 3053 5528 ,
3086 5459 3293 5514 tametsi
3326 5456 3492 5511 multa
3517 5452 3796 5526 Splendida

2208 5555 2576 5626 excogitentur
2595 5597 2611 5623 ,
2642 5555 2697 5611 in
2724 5555 2916 5610 mediis
2942 5562 3120 5608 tamen
3151 5551 3283 5622 ipsis
3309 5551 3547 5607 eminent
3583 5547 3756 5603 tristia
3779 5585 3797 5612 ,

2209 5660 2273 5701 ac
2297 5646 2521 5702 molesta
2561 5645 2806 5717 quaedam
2846 5661 2911 5701 ex
2940 5643 3006 5699 iis
3044 5643 3224 5697 mistio
3251 5641 3331 5696 fit.
3360 5638 3493 5696 Nam
3519 5647 3575 5694 et
3615 5634 3797 5702 servi,

2210 5746 2265 5794 et
2304 5738 2552 5808 ancillae,
2582 5747 2639 5794 et
2678 5737 2924 5810 agricola:
2949 5779 2965 5805 ,
3004 5745 3059 5793 et
3100 5734 3385 5807 inquilini,
3426 5742 3484 5790 et
3520 5731 3679 5788 vieini
3701 5771 3720 5799 ,
3745 5737 3804 5785 et

2212 5831 2436 5901 gentiles
2460 5831 2656 5905 prioris
2692 5831 2790 5886 viri
2822 5838 3112 5888 maerentes
3139 5828 3412 5885 intuentur
3438 5841 3557 5900 qua:
3583 5825 3718 5881 fiunt
3741 5837 3805 5880 ac
