4020 6376
296 358 409 413 C15

303 499 415 548 νες,
443 479 532 535 καὶ.
574 473 851 545 συγγενεῖς
885 469 974 525 τοῦ
1003 471 1433 543 προαπελθόντος
1455 471 1793 541 κατηφοῦσιν
1818 483 1844 511 ι
1880 470 1973 523 ἐπὶ

302 572 416 632 τοῖς
451 564 765 636 γενομένοις
795 561 888 614 καὶ
918 557 1284 624 στενάζουσιν.
1327 559 1388 611 Εἰ
1420 558 1476 611 δὲ
1502 559 1595 612 καὶ
1622 557 1851 629 ὀρφανοὶ
1878 556 1975 609 τύο

301 670 437 726 χωσι
470 649 942 721 καταλειφθέντες,
971 647 1083 701 νέοι
1113 646 1211 717 μὲν
1231 646 1383 708 ὅντες
1404 644 1625 715 κομιδῇ,
1653 643 1883 715 σφοδρὸν
1910 642 1971 696 τὸ

301 742 455 814 παρά
478 741 587 796 τῶν
627 738 941 810 δυναμένων
970 736 1208 789 συνιέναι
1238 732 1347 787 τῶν
1375 735 1674 803 γινομένων
1701 736 1772 803 τῇ
1808 735 1975 804 μητρὶ

301 831 361 884 τὸ
394 832 549 900 μῖσος
579 827 903 896 ἐξάπτουσιν
925 842 939 856 ⁸
963 827 1011 879 εἰ
1037 823 1094 876 δὲ
1120 822 1369 894 ἐνήλικες
1394 820 1608 891 τύχοιεν
1628 820 1804 886 ὄντες,
1840 821 1977 875 πάν-

300 938 409 974 των
439 921 638 973 ἐκεῖνοι
678 918 879 988 μᾶλλον
902 915 1093 987 ἀηδίαν
1120 911 1644 977 κατασκευάζουσιν.
1677 912 1858 983 Ἀπερ
1881 906 1974 964 οῦν

301 1009 396 1062 καὶ
423 1009 470 1061 οἰ
501 1004 789 1077 νομοθέται
825 1002 1230 1073 συνεωρακότες
1261 1002 1290 1041 ιι
1327 999 1564 1064 ἅπαντα,
1598 1000 1851 1065 καὶτοὺς
1879 999 1975 1053 ἐπὶ

301 1096 510 1159 τούτοις
552 1094 850 1163 ἀλγοῦντας
888 1089 1401 1164 παραμυθούμενοι,
1439 1089 1537 1142 καὶ
1581 1088 1724 1160 ὑπὲρ
1763 1086 1975 1141 ἑαυτῶν

302 1184 749 1254 ἀπολογούμενοι,
775 1182 857 1235 ὅτι
886 1180 947 1233 ού
973 1179 1114 1234 κατά
1144 1177 1370 1249 γνώμην
1398 1177 1518 1231 οὐδὲ
1544 1174 1976 1248 προηγουμένως

301 1270 487 1324 τοῦτον
511 1269 599 1323 τὸν
628 1269 805 1339 γάμον
832 1266 1122 1334 ἐπέταξαν,
1154 1266 1291 1321 ἀλλά
1314 1264 1633 1330 δεδοικότες,
1674 1265 1749 1336 μή
1772 1280 1826 1315 τι
1860 1264 1974 1333 χεῖ-

307 1378 397 1431 ρον
419 1358 645 1428 γένηται
666 1357 857 1421 κακὸν,
885 1354 1064 1410 πάντα
1090 1355 1184 1408 τοῦ
1213 1355 1466 1427 δευτέρου
1490 1354 1667 1426 γάμου
1689 1352 1757 1406 τά
1778 1351 1978 1422 φαιδρὰ

301 1446 691 1519 παρῃτήσαντο
717 1455 766 1508 ο,
798 1444 890 1497 καὶ
915 1442 1038 1497 οὔτε
1079 1443 1261 1509 αὐλὸς,
1295 1442 1418 1495 οῦτε
1443 1441 1650 1514 κρότοι,
1679 1439 1802 1494 οὔτε
1844 1439 1979 1509 ὑμέ-

302 1552 471 1598 ναιος,
495 1532 618 1587 οὔτε
640 1533 948 1605 ὀρχήματα,
972 1531 1095 1585 οὔτε
1125 1531 1377 1601 στέφανοι
1396 1530 1681 1600 νυμφικοὶ,
1700 1527 1823 1581 οὔτε
1852 1527 1980 1582 ἄλλο

302 1640 358 1675 τι
390 1622 499 1677 τῶν
527 1622 784 1676 τοιούτων
827 1621 924 1694 τὴν
959 1621 1199 1695 ἑσπέραν
1229 1618 1526 1689 κοσμοῦσιν
1568 1616 1806 1688 ἐκείνην,
1843 1615 1979 1669 ἀλλὰ

306 1708 525 1761 πάντων
578 1708 749 1777 αὐτὴν
801 1706 1314 1777 ἀποκοσμήσαντες,
1367 1700 1542 1765 οὕτως
1589 1701 1975 1769 ἀστεφάνωτον

301 1797 497 1865 ἄγουσι
534 1796 625 1851 τὸν
669 1795 836 1867 ἀνδρα
870 1793 1007 1866 πρὸς
1042 1794 1142 1864 τὴν
1176 1794 1356 1865 χήραν
1391 1792 1649 1860 γυναῖκα,
1696 1788 1981 1859 μονονουχὶ

306 1886 537 1955 βοῶντες
569 1884 656 1937 διά
692 1883 899 1937 τούτων
939 1886 1020 1937 ὅτι
1052 1881 1232 1936 πάντα
1280 1878 1615 1950 συγγνώμης
1646 1876 1774 1942 ἀξια
1805 1876 1979 1948 πράτ-

301 1990 507 2035 τουσιν,
544 1972 657 2026 ἀλλ’
680 1970 780 2025 οῦκ
815 1972 1054 2024 ἐπαίνων
1088 1970 1182 2023 καὶ
1205 1968 1415 2040 κρότων
1441 1967 1533 2021 καὶ
1565 1966 1870 2034 στεφάνων.

372 2067 442 2131 7'.
462 2060 586 2125 Πῶς
610 2056 702 2113 οὖν
723 2062 751 2114 ὁ
771 2058 984 2122 Παῦλος
1009 2057 1248 2111 ἐκώλυσε
1272 2055 1551 2127 χηρεύειν,
1565 2055 1717 2125 φησὶ,
1740 2054 1835 2106 καὶ
1856 2052 1981 2123 βου-

302 2149 536 2221 λομένας
562 2149 663 2231 τᾲς
690 2148 837 2214 νέας,
867 2147 1067 2201 οὑτωσὶ
1089 2146 1339 2218 γράφων’
1369 2142 1673 2212 Νεωτέρας
1701 2141 1770 2195 δὲ
1790 2139 1981 2231 χήρας

304 2226 634 2307 παραιτοῦ
656 2238 768 2307 Ούχ
793 2238 820 2289 ὁ
841 2234 1053 2298 Παῦλος
1076 2234 1176 2298 τὰς
1202 2232 1533 2304 βουλομένας
1563 2230 1820 2301 χηρεύειν
1844 2226 1983 2282 ἐκώ-

305 2329 490 2393 λυσεν,
519 2326 635 2380 ἀλλ’
664 2327 869 2382 ἐκεῖναι
910 2325 1005 2379 καὶ
1036 2323 1127 2379 τὸν
1153 2321 1365 2376 Παῦλον
1396 2322 1720 2391 ἠνάγκασαν
1748 2317 1824 2390 μὴ
1856 2316 1982 2389 βου-

302 2422 531 2494 λόμενον
571 2420 761 2477 τοῦτον
794 2419 1153 2486 διατάξασθαι
1179 2418 1271 2473 τὸν
1303 2416 1470 2489 νόμον
1519 2417 1745 2480 αὑταῖς⁶
1779 2417 1829 2469 εἰ
1872 2413 1981 2486 γάρ

304 2519 400 2574 τοῦ
428 2518 642 2573 Παύλου
687 2519 749 2572 τὸ
778 2517 991 2590 θέλημα
1031 2516 1210 2589 βούλει
1256 2514 1472 2587 μαθεῖν,
1519 2514 1687 2569 ἀκουε
1727 2511 1781 2566 τί
1813 2528 1980 2583 φησι·

309 2614 472 2671 Θέλω
499 2613 568 2669 δὲ
595 2614 828 2681 πάντας
863 2611 1215 2684 ἀνθρώπους
1259 2608 1417 2665 εἶναι
1448 2609 1531 2676 ὡς
1564 2608 1667 2662 καί
1697 2607 1981 2678 ἐμαυτὸν,

307 2712 377 2764 ἐν
423 2711 757 2782 ἐγκρατείᾳ.
798 2711 964 2767 Ὥστε
1008 2709 1109 2764 οῦκ
1148 2708 1215 2764 ἂν
1253 2707 1566 2780 ἐμαχέσατο
1606 2706 1816 2777 ἐαυτιῖι,
1862 2705 1985 2759 οὐδὲ

309 2810 678 2881 ἐναντιολογίᾳ
714 2808 949 2881 τοσαύτῃ
983 2807 1314 2880 περιέπεσεν
1361 2808 1390 2861 ὁ
1421 2804 1693 2877 μακάριος
1732 2805 1941 2865 ἐκεῖνος
1966 2841 1982 2866 ,

309 2906 417 2961 οὐδ’
456 2904 523 2961 ἂν
552 2908 581 2961 ὁ
616 2905 825 2970 πάντας
856 2904 1181 2977 ἀνθρώπους
1215 2903 1540 2975 βουλόμενος
1575 2899 1728 2975 [555]
1758 2896 1895 2955 εῐναι
1927 2902 1986 2954 ἐν

309 3002 626 3077 ἐγκρατείᾳ,
657 3001 756 3067 τάς
787 3000 1120 3073 βουλομένας
1147 2999 1406 3072 χηρεύειν
1430 2998 1696 3053 ἐκώλυσε.
1730 2997 1858 3061 Πῶς
1888 2990 1984 3049 οὖν

310 3117 443 3172 φησι
467 3119 481 3132 ·
501 3098 799 3168 Νεωτέρας
828 3098 897 3153 δὲ
923 3099 1116 3169 χήρας
1143 3096 1467 3168 παραιτοῦ;
1507 3094 1647 3151 Ἀλλ’
1673 3094 1816 3162 εἰπέ,
1840 3094 1988 3158 τίνος

309 3197 494 3252 ἕνεκεν
521 3197 616 3251 καὶ
646 3195 737 3250 διὰ
772 3195 855 3263 τί;
892 3196 967 3250 Ού
1002 3194 1112 3268 γάρ
1146 3195 1337 3260 ἀπλῶς
1369 3192 1544 3258 οὕτως
1569 3194 1816 3265 εἴρηκεν,
1849 3188 1986 3243 ἀλλά

312 3292 408 3347 καὶ
427 3291 526 3364 τὴν
556 3292 738 3347 αἰτίαν
763 3290 1147 3364 προστέθεικεν
1194 3289 1396 3347 είπώψ
1428 3290 1618 3343 Ὅταν
1654 3287 1767 3356 γὰρ
1805 3301 1988 3339 κατα-

309 3387 723 3458 στρηνιάσωσι
768 3387 876 3443 τοῦ
919 3386 1198 3458 Χριστοῦ,
1226 3387 1436 3457 γαμεῖν
1467 3384 1777 3441 θέλουσιν.
1825 3380 1989 3453 Ὁρᾷς

313 3482 394 3538 ὅτι
436 3484 498 3538 οὐ
548 3484 652 3549 τάς
701 3483 958 3557 χηρεύειν
1002 3482 1365 3555 βουλομένας,
1406 3481 1543 3536 ἀλλὰ
1595 3467 1695 3544 τὰς
1736 3476 1988 3549 γαμῆσαι

314 3581 758 3656 προαιρουμένας
806 3581 945 3653 μετά
992 3580 1054 3635 τὸ
1084 3579 1354 3652 χηρεῦσαι
1388 3578 1587 3634 κωλύει
1634 3578 1843 3640 ἐκεῖνος
1887 3590 1984 3645 χηο

318 3677 505 3748 ρεῦσαι
542 3678 636 3734 καὶ
663 3680 745 3742 εἰς
774 3679 869 3735 τὸν
897 3677 1051 3748 ἅγιον
1085 3679 1292 3731 ἐκεῖνον
1328 3673 1764 3731 κατατάττεσθαι
1795 3672 1954 3745 χορόν
1972 3688 1986 3703 ·

318 3775 410 3828 καὶ
437 3774 643 3847 σφόδρα
676 3773 845 3829 ποιῶν
877 3773 1136 3838 συνετῶς.
1166 3774 1232 3829 Εἰ
1262 3772 1375 3846 γάρ
1407 3772 1643 3845 μέλλοις,
1685 3771 1843 3843 φησὶ,
1869 3770 1992 3825 δευ-

315 3871 497 3943 τέροις
518 3871 717 3943 γάμοις
742 3869 974 3941 ὁμιλεῖν,
1007 3870 1143 3943 μηδὲ
1162 3869 1470 3943 ἐπαγγείλῃ
1486 3868 1741 3941 χηρείαν·
1768 3867 1865 3921 τοῦ
1886 3866 1997 3938 γὰρ

321 3967 445 4039 μηδ’
474 3967 611 4032 ὅλως
639 3966 975 4039 ὑποσχέσθαι
1010 3968 1072 4021 τὸ
1102 3967 1242 4040 μετά
1279 3967 1378 4040 τὴν
1409 3969 1705 4038 ὑπόσχεσιν
1741 3966 1996 4035 ἀγνωμο-

318 4060 476 4135 νῆσαι
507 4063 686 4137 πολλῷ
714 4065 894 4136 χεῖρόν
919 4067 1087 4121 ἐστιν.
1121 4065 1333 4136 ’Ὠσπερ
1362 4059 1456 4118 οὖν
1470 4062 1569 4128 τάς
1595 4063 1839 4132 συνεχεῖς
1869 4076 1998 4114 συν-

316 4167 504 4231 ουσίας
544 4166 862 4240 ἐπέτρεψεν,
930 4167 990 4221 οὺ
1033 4166 1361 4238 νομοθετῶν,
1409 4164 1547 4220 ἀλλά
1603 4162 1999 4233 συγγινώσκων

238 4292 247 4301 ι
319 4264 534 4329 αὐτοῖς’
571 4264 752 4320 Τοῦτο
783 4264 892 4340 γὰρ
923 4264 1101 4336 λέγω,
1134 4265 1289 4337 φησὶ,
1323 4264 1475 4319 κατὰ
1504 4259 1893 4333 συγγνώμην,
1924 4260 1997 4315 οὐ

321 4366 446 4419 κατ’
489 4364 802 4435 ἐπιταγὴν,
844 4364 944 4418 διὰ
984 4361 1100 4432 τὴν
1139 4361 1443 4433 ἀκρασίαν
1472 4361 1641 4433 ὑμῶν
1664 4378 1679 4394 ο
1720 4360 1865 4415 οὕτω
1903 4360 2000 4415 καὶ

321 4459 559 4514 ἐνταῦθα
600 4460 666 4514 δι’
708 4460 896 4532 ἕτερον
940 4460 1127 4531 μεῖζον
1175 4459 1347 4516 κακὸν
1384 4459 1477 4513 τὸν
1513 4458 1770 4530 δεύτερον
1820 4456 1998 4528 γάμον

322 4553 574 4619 ἐπέταξε,
605 4554 817 4619 δεικνὺς
838 4556 918 4609 ὅτι
945 4555 1040 4610 καὶ
1063 4555 1222 4608 τοῦτο
1252 4554 1582 4625 συγγνώμης
1615 4553 1753 4618 ἐστὶ,
1785 4553 1852 4623 τῇ
1890 4549 1999 4604 τῶν

327 4650 536 4706 πολλῶν
570 4650 827 4723 ἀσθενείᾳ
870 4650 1436 4722 συγκαταδαινούσης.
1491 4649 1803 4704 Ἀσθένειαν
1850 4647 1908 4702 δέ
1935 4649 1998 4703 οὐ

322 4746 626 4816 δυνάμεως,
672 4746 809 4801 ἀλλά
859 4747 1234 4821 προαιρέσεώς
1277 4766 1443 4820 φημι.
1492 4746 1764 4818 Καθάπερ
1809 4746 1920 4818 γάρ
1966 4745 2003 4816 ἡ

325 4844 617 4917 παρθένος,
647 4844 787 4917 μετά
812 4845 912 4917 τὴν
947 4845 1050 4917 τῆς
1077 4845 1379 4917 παρθενίας
1408 4842 1742 4914 ἐπαγγελίαν
1772 4842 2003 4913 διαφθα-

328 4943 505 5012 ρεῖσα,
532 4941 975 5016 μοιχείαςχεῖρον
992 4941 1313 5014 ἐτόλμησεν·
1337 4939 1482 4995 οὕτω
1510 4939 1606 4993 καὶ
1627 4941 1660 5011 ή
1684 4941 1833 5012 χήρα
1854 4938 2005 5005 ἀπαξ

324 5038 795 5113 ἐπαγγειλαμένη,
829 5035 949 5095 εἶτα
978 5041 1270 5113 πατήσασα
1296 5040 1396 5103 τὰς
1425 5038 1562 5113 πρὸς
1602 5038 1692 5092 τὸν
1712 5037 1845 5091 Θεὸν
1877 5054 2005 5091 συν-

325 5134 524 5206 θήκας,
554 5135 657 5189 ὐπὸ
682 5137 781 5210 τὴν
805 5138 975 5210 αὐτὴν
1004 5137 1281 5211 ἁμαρτίαν
1299 5139 1566 5203 πεσεῖται,
1592 5136 1687 5189 καὶ
1707 5134 1809 5205 τῆς
1834 5133 2006 5205 αὐτῆς

327 5232 483 5287 ἔσται
514 5234 786 5306 τιμωρίας
825 5235 1157 5300 ὑπεύθυνος’
1191 5237 1239 5290 εἰ
1262 5236 1318 5290 δὲ
1348 5236 1453 5309 χρή
1480 5253 1535 5289 τι
1564 5235 1659 5289 καὶ
1692 5232 2006 5305 θαυμαστὸν

329 5331 526 5397 εἰπεῖν,
577 5335 722 5404 τάχα
765 5336 860 5387 καί
903 5331 1087 5405 πολλῷ
1130 5331 1406 5405 μείζονος·
1442 5331 1503 5385 οὐ
1539 5330 1650 5403 γάρ
1681 5333 1830 5383 ἐστιν
1868 5329 2004 5393 ῖσον,

328 5426 467 5498 ὅπερ
493 5430 590 5482 καὶ
609 5430 913 5503 ἀρχόμενος
944 5426 1121 5497 εἷπον,
1151 5432 1251 5502 τήν
1278 5447 1337 5484 τε
1372 5429 1622 5500 ἄπειρον,
1659 5427 1755 5482 καὶ
1783 5425 1881 5498 τὴν
1917 5441 2008 5477 πε-

330 5524 671 5594 πειραμένην
704 5528 817 5589 τοῖς
854 5526 1040 5589 αὐτοῖς
1074 5526 1236 5579 πάλιν
1280 5526 1598 5596 περιπεσεῖν
1653 5522 2002 5595 πειρασμοῖς.

394 5699 417 5764 ξι
448 5698 582 5764 (ἴση).
608 5704 921 5764 κατηφιῶσιν.

392 5759 420 5829 ξ
452 5760 599 5829 ξεχίι.
629 5772 681 5813 ει
703 5759 838 5829 Cblb_.
862 5768 942 5813 καὶ
961 5770 1002 5814 οί
1027 5768 1163 5828 νόμοι
1183 5764 1546 5829 συνεωρακότες.

396 5825 418 5851 ε
445 5822 582 5874 Colb.
611 5843 693 5893 πα(
707 5825 993 5875 ισπάσαντο.

1018 365 1075 420 S.
1115 362 1401 420 JOANNIS
1439 355 1930 419 CHRYSOSTOIII
1969 357 2293 417 ARCHIEP.
2335 360 2885 421 CONSTANTINOP.

3642 365 3752 423 ιιι

2081 472 2191 526 Καὶ
2222 474 2323 528 οὐκ
2356 474 2593 530 ἐνταῦθα
2625 477 2807 548 μόνον,
2850 474 2984 533 ἀλλά
3017 476 3314 551 προειπὼν,
3347 480 3443 534 καὶ
3475 478 3639 535 πάλιν
3666 478 3757 533 λέ-

2081 578 2213 629 γων,
2248 565 2546 634 Βούλομαι
2565 566 2857 636 νεωτέρας
2885 567 3077 638 χιθκις
3092 567 3320 639 γαμεῖν,
3347 569 3752 640 τεκνογονεῖν.

2081 649 2547 718 οἰκοδεσποτεῖν,
2568 653 2665 724 τὴν
2679 656 2859 709 αἰτίαν
2886 656 3228 727 προστίθησι,
3246 657 3316 710 δι’
3339 657 3407 728 ἣν
3432 657 3607 711 ταῦτα
3627 658 3757 729 βού-

2081 737 2252 793 λεται.
2286 740 2382 804 Τίς
2412 740 2470 794 δέ
2494 743 2641 795 ἐστιν
2675 741 2848 814 αῦτη;
2876 742 3203 812 Μηδεμίαν,
3226 746 3381 817 φησὶ,
3410 744 3643 800 διδόναι
3673 744 3760 813 τῷ

2081 826 2467 898 ἀντικειμένῳ
2510 830 2793 901 ἀφορμὴν
2832 832 3132 902 λοιδορίας
3166 832 3363 903 χάριν.
3400 834 3616 905 Ἐπειδὴ
3643 834 3759 906 γὰρ

2082 914 2286 980 πολλάς
2317 916 2426 970 τῶν
2466 917 2652 989 χηρῶν
2698 919 2845 984 είκὸς
2886 916 2955 991 ἦν
3002 922 3125 974 τότε
3173 922 3613 993 προπετέστερον
3658 922 3760 975 καὶ

2083 1003 2476 1075 αὐθαδέστερον
2506 1005 2583 1077 τῷ
2618 1006 2758 1078 μετὰ
2796 1006 2971 1061 ταῦτα
3016 1008 3318 1080 κεχρῆσθαι
3358 1008 3478 1081 βίῳ,
3506 1010 3759 1083 καθάπερ

2085 1090 2227 1155 τινὸς
2255 1092 2503 1165 ἀνάγκης
2526 1095 2621 1149 καὶ
2652 1095 2972 1160 δεσποτείας
3000 1095 3099 1167 τῆς
3126 1097 3259 1167 πρὸς
3289 1098 3380 1151 τὸν
3401 1098 3573 1170 ἀνδρα
3596 1096 3762 1163 συζυ-

2084 1178 2209 1246 γίας
2231 1179 2656 1251 ἀπαλλαγείσας,
2682 1183 2757 1248 ῶς
2779 1182 2874 1239 καὶ
2896 1184 3139 1255 πονηρὰν
3165 1184 3576 1240 ἐπισπάσασθαι
3598 1184 3764 1251 δόξαν

2084 1266 2173 1321 διά
2197 1267 2296 1339 τῆς
2331 1270 2675 1342 ἰταμότητος,
2702 1272 2932 1339 ἀπάγων
2960 1272 3129 1336 αῦτάς
3151 1273 3249 1344 τῆς
3276 1272 3523 1345 ὀλεθρίου
3550 1274 3765 1346 ταύτης

2086 1358 2420 1431 ἐλευθερίας,
2453 1360 2614 1414 πάλιν
2661 1362 2755 1416 ἐπὶ
2788 1361 2879 1416 τὸν
2914 1361 3077 1431 ζυγὸν
3109 1362 3231 1431 ἄγει
3264 1362 3355 1415 τὸν
3384 1361 3668 1435 πρότερον.
3696 1365 3766 1418 Εἰ

2086 1450 2194 1521 γὰρ
2218 1451 2399 1522 μέλλοι
2417 1471 2520 1518 τις,
2541 1453 2693 1523 φησὶ,
2712 1455 2857 1526 χήρα
2872 1451 3008 1509 οὖσα
3025 1455 3201 1527 λάθρα
3219 1456 3503 1530 πορνεύειν
3517 1457 3609 1510 καὶ
3628 1474 3767 1511 κατ-

2086 1540 2363 1611 αισχύνειν
2392 1543 2611 1616 ἐαυτην,
2650 1542 2831 1615 πολλῷ
2859 1544 3067 1616 βέλτιον
3087 1547 3310 1618 γαμεῖν,
3345 1545 3441 1599 καὶ
3459 1544 3773 1616 μηδεμίανρ

2088 1638 2317 1694 διδόναι
2348 1639 2429 1706 τῷ
2470 1642 2854 1714 ἀντικειμένῳ
2880 1642 3162 1713 ἀφορμὴν
3197 1641 3508 1713 λοιδορίας
3538 1642 3720 1713 χάριν
3744 1654 3769 1677 ο

2089 1737 2230 1792 ὥστε
2262 1736 2350 1794 διὰ
2382 1740 2444 1793 τὸ
2479 1740 2555 1813 μὴ
2590 1740 2852 1813 παρέχειν
2895 1741 2996 1806 τάς
3039 1741 3295 1814 ἀφορμάς
3325 1736 3427 1813 τῆς
3467 1741 3769 1813 λοιδορίας,

2089 1837 2182 1891 καὶ
2222 1824 2336 1908 βίον
2368 1838 2699 1910 ἐφύϐριστον
2723 1840 2823 1910 ζῇν
2851 1841 2947 1894 καὶ
2979 1840 3262 1910 πορνικὸν,
3314 1838 3409 1893 τὸν
3449 1840 3629 1911 γάμον
3665 1842 3772 1896 ἐπ-

2089 1934 2297 2001 έταξεν.
2321 1937 2517 1990 Ἀκουε
2537 1936 2668 2005 γοῦν
2696 1939 2790 1992 καὶ
2818 1938 2918 1991 ὅσα
2936 1936 3116 1991 αὐτῶν
3140 1940 3459 2009 κατηγορεῖ.
3495 1938 3627 1993 Δέον
3649 1939 3771 2013 γάρ

2090 2036 2171 2099 εἰς
2211 2034 2521 2106 προσευχὰς
2545 2035 2846 2107 τετράφθαι
2875 2035 2967 2089 τὸν
2992 2036 3208 2090 ἅπαντα
3240 2035 3432 2107 χρόνον
3463 2036 3559 2090 καὶ⁵
3586 2037 3773 2110 ἰκετη-

2094 2135 2216 2206 ρίας
2235 2148 2249 2164 ’
2279 2137 2351 2191 Al
2376 2134 2479 2198 δὲ,
2514 2136 2667 2206 φησί,
2698 2136 2797 2189 καὶ
2828 2135 3003 2205 ἀργαὶ
3038 2135 3423 2205 μανθάνουσι
3454 2134 3774 2205 περιερχό-

2085 2248 2262 2301 μεναι
2279 2233 2386 2299 τὰς
2401 2232 2623 2300 οἰκίαςο
2655 2234 2726 2287 οὐ
2748 2234 2943 2302 μόνον
2961 2232 3030 2286 δὲ
3044 2232 3241 2302 ἀργαί,
3263 2232 3425 2286 ἀλλὰ
3445 2232 3542 2287 καί
3569 2232 3776 2300 φλύα-

2083 2349 2182 2400 ροι
2194 2330 2291 2385 καί
2314 2332 2632 2400 περίεργοι,
2652 2328 2954 2385 λαλοῦσαι
2972 2328 3045 2385 τὰ
3054 2326 3139 2398 μὴ
3158 2327 3393 2382 δέοντα.
3412 2326 3584 2392 Αὐτὸς
3598 2326 3655 2380 δὲ
3669 2325 3776 2399 οὐχ

2091 2425 2235 2480 οῦτω
2259 2425 2529 2497 βούλεται,
2556 2424 2691 2479 ἀλλά
2720 2423 3106 2497 προσηλῶσθαι
3129 2422 3299 2496 αὐτὴν
3329 2422 3624 2488 διαπαντὸς
3655 2424 3778 2488 τοῖς

2095 2524 2487 2591 πνευματικοῖς
2504 2538 2519 2553 ο
2556 2521 2627 2578 Ἠ
2646 2522 2754 2593 γὰρ
2771 2518 3169 2583 σπαταλῶσα,
3190 2521 3345 2592 φησί,
3368 2519 3523 2581 (fc—Wa
3556 2517 3775 2587 τέθνηκ-

2094 2637 2222 2675 κεν.
2263 2619 2415 2674 Ἐπεὶ
2443 2620 2536 2674 καὶ
2557 2619 2656 2691 τὴν
2678 2617 2969 2691 παρθένον,
2995 2616 3056 2671 οὐ
3078 2619 3147 2689 τῇ
3167 2615 3261 2670 τοῦ
3293 2615 3545 2687 σώματος
3575 2617 3781 2688 ἁγνείᾳ

2096 2717 2348 2788 βούλεται
2378 2718 2584 2790 ὁρίζειν
2618 2717 2778 2772 τοῦτο
2804 2716 2866 2770 τὸ
2892 2715 3057 2770 καλὸν
3081 2712 3257 2788 [554],
3296 2713 3432 2769 ἀλλὰ
3459 2714 3559 2784 τὴν
3589 2716 3778 2770 πᾶσαν

2095 2818 2292 2891 σχολὴν
2325 2818 2408 2883 είς
2449 2817 2550 2890 τὴν
2592 2816 2850 2890 λατρείαν
2894 2815 3214 2871 ἀναλίσκειν
3254 2816 3351 2870 τοῦ
3386 2815 3549 2871 Θεοῦ.
3588 2816 3781 2871 Τοῦτο

2094 2914 2224 2987 γὰρ,
2257 2914 2412 2985 φησὶ,
2434 2912 2591 2984 λέγω
2616 2913 2781 2985 ὑμῖν,
2806 2915 2922 2982 οὐχ
2940 2913 3043 2968 ἵνα
3058 2913 3295 2983 βρόχον
3316 2912 3461 2983 ὑμῖν
3483 2911 3778 2979 ἐπιϐάλω,

2094 3011 2257 3066 ἀλλὰ
2293 3010 2447 3079 πρὸς
2467 3009 2533 3063 τὸ
2553 3010 2870 3080 εὔσχημον
2893 3009 2992 3064 καὶ
3014 3010 3431 3079 εὐπρόσεδρον
3465 3008 3546 3075 τῷ
3575 3010 3783 3077 Κυρίῳ

2095 3106 2581 3175 ἀπερισπάστως.
2613 3106 2687 3159 Ού
2723 3105 2831 3177 γάρ
2873 3104 3020 3159 θέλει
3059 3106 3232 3177 αὐτὴν
3265 3106 3613 3178 μερίζεσθαι,
3651 3104 3780 3160 ἀλλ’

2097 3204 2225 3276 ὅλην
2253 3200 2395 3258 εῖναι
2426 3202 2534 3257 τῶν
2570 3202 2962 3275 πνευματικῶν
2999 3202 3092 3259 καὶ
3124 3203 3234 3258 τῶν
3264 3204 3321 3258 ἐν
3362 3205 3476 3268 τοῖς
3500 3203 3781 3276 οὐρανοῖς,

2098 3302 2194 3356 καὶ
2214 3301 2283 3355 τά
2306 3300 2401 3355 τοῦ
2423 3300 2631 3372 Κυρίου
2665 3301 2958 3372 μεριμνᾷν.
2994 3298 3151 3354 Οῦτω
3174 3299 3267 3354 καὶ
3293 3299 3393 3371 τὴν
3423 3299 3599 3370 χήραν
3619 3299 3784 3353 πολι-

2097 3396 2349 3453 τεύεσθαι
2383 3398 2639 3469 παραινεῖ
2663 3396 2837 3466 λέγων
2854 3414 2868 3428 ’
2913 3395 2984 3450 Ἡ
3003 3393 3073 3449 δὲ
3091 3393 3277 3461 ὅντως
3288 3392 3447 3465 χήρα
3479 3392 3579 3450 καί
3591 3409 3784 3463 μεμο-

2097 3491 2333 3564 νωμένη
2365 3493 2633 3564 ἤλπισεν
2655 3493 2682 3533 ά
2712 3492 2812 3547 ἐπὶ
2847 3491 2956 3547 τὸν
2973 3491 3144 3560 Θεὸν,
3175 3491 3274 3545 καί
3302 3488 3629 3560 προσμένει
3644 3487 3785 3557 ταῖς

2098 3589 2380 3658 δεήσεσι,
2420 3589 2521 3645 καί
2548 3589 2691 3659 ξταῖς
2717 3586 3086 3658 προσευχαῖς
3118 3586 3341 3652 νυκτὸς
3383 3586 3483 3640 καί
3528 3584 3789 3655 ἡμέρας.

2101 3688 2270 3741 Ὅταν
2286 3680 2380 3739 οὖν
2397 3684 2497 3756 τὴν
2527 3684 2724 3755 σχολὴν
2739 3683 2805 3755 ἢν
2830 3684 2887 3736 ἐν
2912 3684 3027 3746 τοῖς
3052 3681 3432 3752 εύαγγελικοῖς
3454 3680 3787 3752 πράγμασιν

2100 3779 2411 3835 ἀναλίσκειν
2460 3778 2590 3851 χρὴ,
2619 3776 2823 3849 ταύτην
2854 3775 2931 3848 μὴ
2981 3775 3143 3848 μόνον
3175 3778 3257 3840 εἰς
3282 3776 3514 3848 περιττά
3554 3775 3652 3829 καὶ
3692 3776 3793 3831 ἀν-

2101 3876 2307 3947 ωφελῆ,
2350 3874 2486 3929 ἀλλά
2519 3876 2615 3929 καὶ
2649 3875 2731 3938 εἰς
2757 3873 2826 3927 τὰ
2872 3872 3076 3943 σφόδρα
3103 3872 3372 3945 ἐπιϐλαὸἧ
3403 3872 3557 3944 παρά
3599 3872 3792 3928 πάντα

2103 3971 2383 4027 δαπανῶσι
2412 3969 2505 4025 τὸν
2533 3969 2668 4041 βίον,
2699 3968 2925 4032 εἰκότως
2958 3968 3131 4033 αὐτάς
3162 3968 3257 4023 ἐπὶ
3288 3968 3380 4023 τὸν
3428 3970 3608 4040 γάμον
3652 3967 3785 4037 ἄγει

2103 4068 2310 4124 λοιπόν,
2332 4065 2599 4137 Καθάπερ
2618 4063 2712 4120 οῦν
2740 4066 2834 4120 καὶ
2875 4065 3154 4130 Ἰουδαίοις
3181 4065 3243 4119 τὸ
3273 4064 3547 4119 σάϐϐατον
3576 4065 3789 4120 ἔδωκεν

2104 4170 2132 4222 ὁ
2158 4167 2315 4233 Θεὸς,
2358 4165 2457 4237 οὐχ
2493 4165 2579 4218 ἵνα
2610 4163 2857 4236 ἀργῶσιν
2890 4162 3099 4230 ἁπλῶς,
3135 4162 3251 4217 ἀλλ’
3284 4163 3372 4217 ίνα
3394 4161 3505 4215 τῶν
3529 4160 3789 4232 πονηρῶν

2105 4264 2419 4336 ἀπέχωνται
2447 4259 2701 4333 πράξεων
2722 4278 2737 4293 ’
2766 4261 2910 4314 οῦτω
2937 4261 3032 4315 καὶ
3061 4262 3095 4331 ἡ
3122 4260 3189 4332 χὴ
3200 4277 3267 4332 ρα
3296 4260 3390 4313 καὶ
3420 4259 3456 4330 ἡ
3489 4256 3786 4331 παρθένος,

2105 4363 2206 4433 οὐχ
2234 4361 2323 4417 ἵνα
2346 4358 2535 4423 ἁπλῶς
2568 4359 2643 4432 μὴ
2668 4358 2930 4430 ὁμιλῶσιν
2959 4357 3138 4429 ἀνδρὶ,
3155 4357 3348 4413 τοῦτον
3377 4358 3658 4431 αἱροῦνται
3690 4357 3789 4413 τὸν

2110 4459 2244 4531 βίον,
2270 4457 2385 4512 ἀλλ’
2418 4456 2506 4511 ῖνα
2523 4455 2591 4509 τά
2614 4454 2709 4510 τοῦ
2732 4454 2937 4526 Κυρίου
2969 4454 3330 4527 μεριμνῶσιν,
3364 4454 3454 4509 ἵνα
3474 4455 3534 4521 ἐξ
3558 4454 3791 4527 ὁλοκλή-

2114 4574 2207 4631 ρου
2228 4559 2295 4628 τῇ
2323 4553 2419 4608 τοῦ
2442 4552 2578 4607 Θεοῦ
2609 4563 2633 4592 ο
2663 4552 2932 4624 θεραπείᾳ
2962 4551 3391 4623 προσεδρεύωσι.

2178 4656 2240 4709 δ’.
2260 4654 2387 4721 Ναὶ,
2408 4651 2591 4724 φησίν·
2611 4650 2726 4704 ἀλλ’
2741 4649 3012 4722 ἀφόρητον
3027 4648 3177 4702 ἔσται
3192 4649 3360 4703 κακὸν
3374 4649 3611 4718 γυναῖκα
3622 4640 3795 4703 οὖσαν

2110 4750 2451 4825 πραγμάτων
2479 4748 2706 4821 ἄπειρον
2739 4746 2806 4801 τά
2834 4745 2943 4800 τῶν
2971 4745 3181 4817 ἀνδρῶν
3210 4744 3621 4816 ἀναγκάζεσθαι
3652 4745 3793 4798 ὑπο-

2114 4850 2317 4921 μένειν.
2347 4846 2486 4902 οὔτε
2504 4845 2613 4917 γάρ
2632 4843 2773 4915 αὐτὴ
2799 4842 3178 4915 μεταχειρίσαι
3197 4842 3510 4914 δυνήσεται,
3535 4839 3794 4913 καθάπερ

2112 4948 2336 5010 ἐκεῖνος,
2362 4944 2457 4999 καὶ⁵
2483 4941 2692 5013 θλίψεις
2726 4940 2833 4996 ἀπὸ
2862 4939 3065 4994 τούτων
3097 4940 3193 4994 καῖ⁵
3219 4938 3280 4992 τὸ
3314 4938 3491 4992 πάντα
3523 4937 3794 4992 ἀπολέσαι

2111 5044 2365 5115 κερδανεῖ
2399 5040 2579 5114 μόνον.
2620 5034 2748 5111 Ἆρ’
2778 5033 2873 5092 οῦν
2905 5038 3078 5091 πᾶσαι
3108 5036 3165 5089 αἱ
3201 5034 3277 5108 μὴ
3297 5034 3573 5105 δευτέροις
3600 5033 3794 5106 ὁμιλήο

2114 5158 2277 5197 σασαι
2310 5139 2510 5211 γάμοις
2542 5137 2721 5193 πάντα
2750 5134 3043 5191 ἀπώλεσαν
3078 5132 3150 5186 τὰ
3187 5132 3398 5198 αὐτῶν,
3430 5132 3525 5186 καὶ
3572 5131 3797 5187 πάντων

2112 5235 2390 5301 ἐξέπεσον,
2419 5235 2514 5290 καὶ
2536 5235 2637 5288 οῦκ
2656 5232 2804 5287 ἐστιν
2829 5231 2956 5285 ἰδεῖν
2987 5233 3222 5301 γυναῖκα
3250 5231 3423 5303 χήραν
3449 5229 3798 5303 πραγμάτων

2113 5329 2548 5403 προῖσταμένηνς
2584 5330 2792 5401 Σκῆψις
2827 5328 3002 5382 ταῦτα
3035 5328 3130 5382 καὶ
3158 5326 3433 5399 πρόφασις
3462 5327 3686 5397 καὶτῆς
3717 5329 3801 5381 οἰ-

2114 5429 2269 5492 κείας
2288 5427 2573 5492 ἀσθενείας
2594 5426 3061 5500 προκαλύμματα.
3090 5424 3290 5478 Πολλαὶ
3314 5423 3424 5496 γάρ
3445 5424 3557 5478 τῶν
3579 5421 3800 5495 ἀνδρῶν

2114 5523 2487 5594 γενναιότερον
2513 5524 2605 5576 καὶ
2627 5521 2804 5585 οἰκίας
2830 5521 3194 5595 προέστησαν,
3226 5521 3319 5575 καὶ
3349 5520 3547 5584 παῖδας
3573 5518 3801 5593 ἐξέθρε-

2178 5697 2202 5737 ἀ
2228 5698 2364 5752 Colb.
2388 5702 2601 5757 ἦλπισεν.

2184 5768 2206 5794 ⁸
2232 5761 2367 5815 Con.
2394 5759 2478 5810 τοῦ
2502 5762 2696 5826 Κυρίου.
