4020 6400
190 391 276 448 51⁸5
1301 395 1386 448 DE
1426 394 1561 449 NON
1601 394 1947 451 l'l'ER.\NDO
1987 396 2337 455 CONJUGIO.

198 494 411 556 gemunt.
442 485 605 556 Quod
634 487 681 543 si
711 497 973 560 prieterea
999 487 1180 559 pupilli
1208 487 1475 554 aﬂ'uerint,
1503 487 1547 541 si
1573 487 1785 555 quidem

207 581 339 636 valde
362 580 518 650 pueri
560 582 676 636 sint
699 623 718 649 ,
751 597 999 650 maguum
1024 580 1092 636 ab
1116 581 1181 635 iis
1204 621 1219 646 ,
1251 580 1339 650 qui
1374 581 1439 635 de
1464 580 1624 635 rebus
1644 578 1789 649 judi-

206 689 310 728 care
349 682 600 743 queunt,
634 672 693 731 in
719 682 945 726 matrem
974 671 1154 726 odium
1196 671 1430 725 excitant
1460 687 1473 723 :
1505 671 1585 725 sin
1613 678 1790 724 autem

209 766 466 837 puberes,
523 773 773 829 tantam,
827 774 1080 834 quantam
1132 763 1222 818 vix
1269 763 1412 817 aliud
1463 762 1789 833 quidquam,

207 857 500 912 molestiam
516 865 856 927 comparant.
872 856 999 925 Quae
1014 855 1226 925 quidem
1249 856 1427 911 omnia
1444 870 1564 910 cum
1584 853 1794 924 legisla-

207 958 343 1004 tores
368 948 881 1015 animadverterent,
900 957 954 1003 et
967 963 1081 1015 eos,
1099 949 1188 1018 qui
1212 956 1490 1017 propterea
1506 957 1791 1017 anguntur,

203 1041 474 1096 consolari
498 1040 719 1107 vellent,
740 1048 794 1094 et
821 1039 978 1095 simul
1003 1038 1086 1093 sui
1108 1037 1233 1093 facti
1259 1038 1520 1093 rationem
1549 1036 1792 1103 reddere,

203 1130 345 1202 quod
391 1145 506 1186 non
546 1145 614 1186 ex
658 1131 928 1201 proposito
971 1130 1057 1185 vel
1098 1144 1163 1185 ex
1208 1128 1451 1201 professo
1494 1128 1796 1199 hujusmodi

202 1222 612 1277 matrimonium
638 1222 1011 1287 instituerent,
1039 1220 1136 1276 sed
1160 1229 1363 1275 tantum
1387 1229 1533 1275 metu
1558 1218 1793 1283 adducti,

204 1329 272 1368 ne
336 1314 562 1385 gravius
602 1313 828 1382 aliquod
883 1314 1078 1368 malum
1134 1314 1467 1378 exsisteret,
1537 1310 1800 1366 secundas

205 1408 425 1476 nuptias
451 1406 600 1462 omni
626 1406 712 1460 illa
738 1405 1010 1477 splendida
1034 1420 1228 1476 pompa
1254 1405 1551 1475 Spoliarunt
1584 1421 1596 1457 :
1628 1417 1802 1471 neque

207 1500 353 1554 enim
381 1498 514 1554 tibia
537 1538 554 1565 ,
580 1512 754 1568 neque
774 1497 1013 1567 plausus,
1041 1512 1215 1566 neque
1254 1497 1562 1567 hymenaeus
1584 1536 1599 1561 ,
1630 1508 1804 1564 neque

207 1591 428 1647 choreae
450 1634 467 1658 ,
503 1606 675 1662 neque
700 1605 910 1645 corona:
940 1590 1199 1660 nuptiales
1226 1631 1240 1655 ,
1273 1603 1449 1659 neque
1474 1587 1616 1642 aliud
1645 1585 1802 1657 quid-

208 1683 355 1753 piam
384 1682 647 1752 ejusmodi
674 1697 947 1750 vesperam
976 1681 1116 1735 illam
1144 1688 1355 1744 ornant,
1374 1679 1467 1733 sed
1496 1678 1611 1733 haec
1626 1676 1804 1732 omnia

210 1774 563 1839 auferentes,
610 1773 688 1827 sic
737 1787 843 1827 non
892 1779 1205 1827 coronatum
1250 1771 1420 1825 virum
1471 1769 1538 1824 ad
1589 1768 1805 1823 viduam

212 1867 504 1922 mulierem
544 1864 859 1919 adducunt:
890 1872 1091 1919 tantum
1139 1878 1247 1918 non
1290 1878 1386 1933 per
1412 1863 1528 1917 tunc
1567 1862 1807 1916 claman-

215 1965 336 2022 tes,
368 1972 493 2027 qute
537 1956 665 2012 ﬁunt
692 1956 868 2011 omnia
913 1970 1032 2010 esse
1071 1955 1285 2025 quidem
1324 1952 1586 2024 ejusmodi
1613 1952 1808 2022 quibus

214 2050 375 2103 venia
406 2049 583 2116 detur,
615 2048 710 2104 sed
735 2048 996 2113 laudibus,
1020 2047 1253 2113 coronis,
1289 2046 1560 2115 plausibus
1587 2044 1809 2099 minime

215 2140 402 2210 digna.

291 2235 351 2289 5.
396 2232 502 2288 Cur
522 2230 720 2287 Paulus
741 2231 971 2302 iuniores
996 2229 1175 2284 viduas
1203 2227 1388 2283 nubere
1422 2227 1556 2283 velit.
1600 2255 1671 2267 --
1706 2224 1814 2280 Cur

222 2325 411 2395 igitur,
442 2324 612 2388 dices,
642 2322 839 2377 Paulus
870 2321 1153 2390 prohibet,
1182 2335 1251 2375 ne
1271 2319 1542 2390 juniores,
1568 2318 1730 2374 etiam
1769 2318 1814 2372 si

223 2419 428 2483 velint,
481 2416 653 2470 vidua:
691 2415 982 2469 maneant?
1023 2413 1094 2467 ita
1148 2412 1291 2466 enim
1334 2411 1521 2466 scribit
1570 2427 1583 2465 :
1623 2409 1814 2463 Adole-

224 2510 501 2564 scentiores
540 2516 706 2561 autem
755 2506 931 2560 viduas
971 2503 1134 2558 devita
1184 2504 1263 2573 (l.
1299 2501 1436 2557 Tim.
1468 2502 1521 2557 5.
1558 2501 1666 2572 ll).
1698 2499 1816 2554 Non

227 2614 359 2655 sane
385 2598 583 2653 Paulus
623 2597 1004 2668 impedimento
1035 2607 1136 2661 est,
1166 2594 1451 2665 quominus
1476 2609 1598 2663 qua:
1634 2592 1820 2653 volunt

228 2692 596 2762 virginitatem
617 2697 851 2754 servent,
883 2687 977 2743 sed
1003 2687 1134 2757 ipsae
1164 2685 1339 2756 potius
1367 2692 1511 2751 sunt,
1535 2698 1654 2753 qua:
1683 2683 1823 2737 Pau-

229 2783 339 2839 lum
372 2796 442 2838 eo
470 2781 806 2837 necessitatis
830 2779 1159 2849 adegerunt,
1199 2787 1255 2833 ut
1296 2784 1492 2848 praeter
1531 2774 1695 2829 animi
1738 2772 1821 2828 sui

231 2875 555 2932 sententiam
581 2873 719 2929 hanc
743 2873 873 2944 ipsis
901 2872 1073 2942 legem
1094 2870 1276 2926 ferret.
1299 2870 1432 2925 Nam
1461 2870 1506 2924 si
1537 2865 1683 2924 Pauli
1699 2881 1825 2921 sen-

234 2968 456 3024 tentiam
486 2966 568 3020 vis
596 2980 934 3036 cognoscere,
962 2963 1086 3018 audi
1113 2962 1238 3034 quid
1260 2961 1449 3032 dicat:
1488 2960 1616 3016 Volo
1653 2975 1824 3015 omnes

236 3058 466 3112 hontines
493 3072 601 3110 esse
626 3057 755 3110 sicut
792 3055 1035 3125 meipsum
1059 3053 1136 3126 (l.
1159 3053 1279 3109 Cor.
1310 3055 1362 3108 7.
1380 3051 1438 3125 7)
1463 3069 1476 3105 :
1510 3052 1561 3107 id
1581 3060 1663 3106 cst
1689 3065 1824 3106 cou-

241 3150 521 3206 tinentiam
546 3163 780 3205 servare.
809 3148 1169 3216 Quamobrem
1198 3161 1304 3202 non
1345 3145 1447 3200 sibi
1488 3146 1587 3216 ipsi
1634 3144 1826 3199 adver-

240 3253 389 3299 satur
416 3242 609 3297 beatus
630 3241 739 3307 ille,
773 3254 948 3310 neque
975 3240 1116 3295 inter
1156 3253 1215 3295 se
1254 3240 1540 3309 pugnantia
1576 3237 1826 3304 loquitur,

243 3349 343 3390 nec
372 3334 463 3404 qui
506 3333 633 3388 velit
671 3347 859 3387 omnes
907 3331 1150 3386 homines
1194 3330 1375 3385 colere
1421 3328 1828 3393 continentiam,

245 3424 491 3478 obstaret
515 3437 622 3493 quo
663 3422 839 3476 minus
868 3436 986 3491 quae
1014 3420 1198 3475 volunt
1226 3419 1396 3474 viduae
1424 3426 1692 3474 maneant.
1724 3418 1835 3473 Cur

247 3531 379 3587 ergo
401 3515 569 3570 dicit:
593 3514 1019 3570 Adolescentiores
1037 3523 1205 3568 autem
1225 3512 1400 3567 viduas
1417 3512 1581 3566 devita
1600 3513 1675 3581 (ι.
1699 3511 1833 3564 Tim.

251 3610 303 3664 5.
334 3610 428 3678 tt)
447 3608 473 3660 ‘i
492 3608 577 3663 die
598 3623 694 3663 cur
719 3616 776 3663 et
799 3623 900 3677 qua
927 3607 994 3662 de
1021 3621 1200 3662 causa.
1230 3605 1348 3660 Non
1387 3604 1531 3660 enim
1554 3604 1655 3659 ista
1680 3602 1838 3659 abso-

249 3700 361 3754 lute
393 3698 649 3769 protulit,
682 3698 776 3754 sed
802 3713 1018 3753 causam
1044 3697 1287 3768 adjunxit
1314 3715 1326 3751 :
1353 3695 1482 3751 Cum
1513 3696 1646 3750 enim
1683 3694 1832 3749 luxu-

251 3794 399 3846 riata:
417 3792 607 3861 fuerint
633 3791 682 3844 in
714 3790 934 3858 Christo,
966 3790 1148 3844 nubere
1166 3790 1359 3844 volunt.
1393 3789 1552 3845 \‘ides
1578 3804 1684 3843 non
1722 3803 1836 3854 eas,

252 3900 376 3953 qua:
405 3883 714 3937 viduitatem
742 3897 960 3937 servare
990 3882 1193 3947 volunt,
1220 3882 1313 3936 sed
1340 3897 1459 3951 qua:
1490 3891 1766 3951 postquam
1788 3880 1842 3934 in

254 3977 569 4031 viduitatem
612 3975 945 4040 inciderunt,
981 3975 1286 4030 nubendum
1324 3974 1425 4029 sibi
1463 3981 1732 4040 statuunt,
1774 3972 1844 4026 ab

256 4071 352 4124 illo
382 4068 649 4138 prohiberi
680 4084 748 4122 ne
773 4066 942 4121 vidua:
973 4078 1244 4134 maneant,
1276 4081 1410 4121 neve
1448 4065 1502 4121 in
1534 4080 1743 4120 sacrum
1774 4064 1842 4117 il-

258 4160 368 4214 lum
395 4160 618 4214 chorum
644 4158 1006 4225 admittuntur,
1038 4158 1194 4228 idque
1225 4157 1378 4213 valde
1400 4156 1686 4227 sapienter.
1711 4156 1847 4211 Nam

258 4255 304 4307 si
348 4252 509 4307 alteri
548 4252 886 4308 matrimonio
924 4252 1171 4321 illiganda
1222 4266 1303 4317 es,
1358 4266 1531 4321 neque
1581 4250 1847 4320 spondere

260 4348 424 4402 etiam
452 4347 759 4400 viduitatem
791 4345 972 4401 debes.
1001 4345 1132 4399 Nam
1155 4353 1275 4415 post
1306 4343 1710 4414 promissionem
1733 4356 1846 4396 mu-

265 4447 380 4491 tare
397 4437 713 4492 sententiam
728 4438 881 4506 longe
899 4435 1131 4490 deterius
1153 4444 1252 4494 est.
1268 4450 1424 4505 quam
1444 4449 1615 4505 neque
1632 4434 1851 4488 omnino

269 4527 604 4599 promittere.
651 4525 1110 4594 Quemadmodum
1157 4525 1314 4595 igitur
1355 4525 1623 4579 assiduam
1670 4523 1850 4578 liberis

267 4633 492 4689 queram
519 4618 648 4673 dare
671 4618 930 4687 permisit,
959 4633 1064 4670 non
1095 4617 1267 4687 legem
1307 4625 1566 4681 statuens,
1601 4617 1693 4671 sed
1722 4616 1851 4685 ipsis

269 4710 555 4781 indulgens
583 4728 597 4763 :
629 4712 708 4765 sic
733 4710 874 4765 enim
904 4710 1095 4780 inquit,
1116 4708 1229 4762 Hoc
1250 4718 1416 4761 autem
1438 4708 1552 4762 dico
1579 4707 1853 4762 secundum

268 4803 656 4873 indulgentiam,
681 4819 782 4856 non
815 4803 1086 4855 secundum
1116 4802 1404 4866 imperium,
1437 4810 1641 4870 propter
1674 4800 1853 4853 incon-

274 4897 537 4949 tinentiam
561 4906 774 4950 vestram
804 4896 882 4968 (l.
916 4894 1034 4949 Cor.
1062 4896 1117 4950 7.
1140 4891 1198 4961 6)
1229 4911 1241 4948 :
1286 4895 1355 4949 ita
1400 4894 1499 4947 hoc
1541 4895 1699 4948 etiam
1738 4894 1857 4949 loco

273 4987 534 5056 gravioris
554 4987 680 5041 mali
705 4997 850 5041 metu
868 4985 1157 5041 secundum
1178 4977 1413 5038 instituit
1436 4983 1853 5051 matrimonium,

275 5078 565 5133 ostendens
591 5079 694 5133 hoc
721 5092 932 5148 quoque
960 5076 1299 5147 indulgentia:
1325 5090 1445 5131 esse
1477 5075 1543 5130 ad
1570 5075 1861 5130 multorum

278 5168 639 5227 infirmitatem
669 5184 789 5225 sese
812 5168 1664 5224 accommodantis.lnlirmitatem
1684 5177 1861 5222 autem

276 5262 403 5317 dico
430 5276 534 5316 non
563 5261 840 5331 potentia),
873 5259 967 5315 sed
1005 5259 1313 5315 voluntatis.
1342 5259 1474 5314 Nam
1509 5258 1863 5330 quemadmo-

276 5354 406 5409 dum
432 5353 603 5423 virgo,
630 5353 675 5407 si
703 5361 825 5422 post
853 5353 1168 5422 promissam
1200 5351 1556 5421 virginitatem
1595 5364 1654 5405 se
1676 5348 1867 5403 violari

279 5447 486 5514 siverit,
509 5446 715 5501 facinus
739 5445 1002 5500 adulterio
1029 5444 1244 5516 gravius
1278 5445 1601 5515 perpetravit
1647 5461 1662 5496 :
1696 5443 1769 5497 ita
1811 5451 1867 5496 et

280 5540 459 5606 vidua,
486 5557 605 5612 qua:
629 5540 794 5596 semel
819 5540 1079 5610 promisit,
1113 5539 1157 5593 si
1184 5539 1378 5595 deinde
1402 5540 1703 5610 pactionem
1744 5552 1869 5593 cum

283 5632 394 5687 Deo
422 5632 613 5687 factam
653 5632 972 5686 conculcans
1001 5632 1189 5687 eodem
1233 5631 1459 5686 crimine
1495 5644 1554 5683 se
1596 5630 1863 5699 polluerit,

280 5722 455 5778 eidem
485 5737 700 5794 quoque
726 5722 987 5793 supplicio
1005 5722 1233 5777 obnoxia
1261 5730 1360 5787 est,
1406 5737 1468 5777 ac
1504 5720 1641 5775 forte
1681 5721 1864 5787 etiam,

282 5819 325 5872 si
366 5817 487 5874 licet
523 5818 721 5873 mirum
759 5815 1008 5885 quiddam
1051 5816 1263 5885 dicere,
1306 5816 1461 5886 longe
1498 5814 1707 5883 majori.
1749 5813 1866 5869 Non

3385 406 3487 458 bii

1902 490 2041 542 enim
2072 490 2211 544 idem
2255 502 2358 555 est,
2391 501 2446 545 ut
2484 492 2635 547 initio
2670 492 2931 561 dicebam,
2982 494 3283 567 imperitam
3331 506 3490 566 atque

1900 595 1996 635 usu
2016 584 2123 650 jam
2152 583 2395 638 eductam
2447 584 2634 640 iisdem
2688 589 3037 643 succumbere
3088 588 3491 643 tentationibus.

1898 670 2082 742 Neque
2107 689 2235 728 vero
2266 673 2370 729 hoc
2398 676 2514 730 loco
2541 676 2840 745 dumtaxat,
2863 678 2954 733 scd
2978 680 3137 734 etiam
3169 681 3325 750 paulo
3350 689 3492 751 post,

1899 776 2021 816 cum
2050 763 2162 818 haec
2195 766 2559 835 prmmisissct,
2592 766 2720 821 Volo
2765 784 2854 839 ego
2886 770 3118 840 juniores
3164 771 3342 826 viduas
3394 787 3492 825 nu-

1900 853 2033 919 bere,
2064 857 2197 925 ﬁlios
2218 874 2501 925 procreare,
2534 870 2719 914 matres
2751 863 2973 931 familias
3011 879 3118 917 esse
3143 862 3223 935 (l.
3262 861 3399 917 Tim.
3439 862 3494 917 5.

1904 945 2018 1020 14),
2043 963 2257 1003 causam
2286 950 2484 1016 subdit,
2519 965 2615 1005 cur
2640 952 2778 1006 istud
2806 953 2949 1007 velit.
2979 953 3109 1021 Quae
3135 970 3197 1009 ea
3215 956 3328 1011 est?
3361 952 3497 1009 Nul-

1904 1039 2026 1102 lam,
2053 1040 2244 1109 inqttit,
2276 1043 2590 1095 occasione»:
2617 1044 2739 1097 dare
2773 1044 3063 1099 adversario
3096 1045 3352 1100 maledicti
3378 1062 3500 1117 gra-

1904 1129 1994 1181 tia.
2022 1128 2154 1182 Nam
2182 1131 2432 1199 quoniam
2462 1133 2751 1188 verisimile
2786 1143 2868 1188 est
2923 1136 3116 1190 multas
3148 1151 3214 1191 eo
3258 1147 3501 1206 tempore

1904 1219 2090 1273 viduas
2118 1229 2241 1289 post
2270 1221 2368 1274 viri
2390 1222 2594 1277 obitum
2626 1224 2894 1292 licentius,
2925 1228 3201 1297 magisque
3240 1228 3502 1283 arbitratu

1906 1327 2004 1366 suo
2030 1312 2213 1367 vivere
2240 1313 2447 1380 solitas,
2473 1329 2501 1368 a
2529 1315 2627 1369 viri
2655 1317 2931 1381 societate,
2951 1318 3100 1387 quasi
3120 1334 3150 1371 a
3184 1319 3505 1373 necessitate

1907 1402 2135 1471 quadam
2164 1418 2227 1458 ac
2256 1403 2553 1471 dominatu,
2582 1404 2797 1471 liberas,
2831 1408 2899 1460 ita
2927 1418 2982 1461 ut
3020 1408 3361 1477 impudentia:
3403 1424 3505 1462 uo-

1909 1496 2053 1549 mine
2089 1496 2283 1550 malam
2331 1498 2399 1551 de
2446 1514 2503 1553 se
2546 1499 2855 1568 opinionem
2905 1499 3176 1568 afferrent,
3228 1501 3503 1555 abducens

1911 1589 2053 1657 ipsas
2082 1589 2149 1644 ab
2177 1589 2274 1644 hac
2305 1592 2551 1659 pestifera
2581 1592 2847 1661 libertate,
2878 1610 3066 1649 rursus
3107 1596 3173 1648 ad
3221 1595 3504 1664 pristinum

1908 1678 2091 1749 jugum
2119 1680 2353 1735 adducit.
2383 1681 2516 1735 Nam
2540 1683 2607 1748 si,
2641 1684 2833 1752 inquit,
2868 1683 3099 1739 futurum
3129 1695 3212 1739 cst
3241 1697 3297 1739 ut
3330 1684 3505 1740 vidui-

1915 1780 2074 1825 tatem
2104 1786 2213 1840 pra:
2241 1787 2299 1826 se
2326 1771 2503 1827 ferens
2530 1775 2793 1843 qumpiam
2828 1775 2963 1828 clam
2996 1776 3283 1830 fornicatur
3306 1791 3370 1831 ac
3416 1791 3507 1831 se-

1922 1861 2089 1931 ipsam
2112 1862 2425 1930 dedecoret,
2451 1864 2607 1934 longe
2628 1865 2796 1919 satius
2824 1861 3044 1931 nubere,
3079 1882 3139 1919 ac
3168 1865 3383 1920 Nullam
3423 1880 3510 1919 oc-

1915 1953 2166 2006 casionem
2195 1954 2318 2007 dare
2340 1953 2626 2008 adversario
2645 1954 2903 2008 maledicti
2922 1956 3104 2027 gratia.
3124 1955 3510 2023 Quamobrem,

1917 2059 1985 2098 ne
2011 2044 2323 2113 occasiones
2354 2044 2653 2100 maledictis
2685 2045 2835 2113 dent,
2866 2062 2929 2101 ac
2949 2047 3111 2099 vitam
3150 2046 3508 2101 meretriciatn

1918 2137 2360 2207 contumeliisque
2381 2137 2667 2193 obnoxiam
2708 2147 2889 2208 agant,
2932 2138 3328 2193 matrimonium
3378 2153 3515 2207 pran—

1918 2230 2067 2298 cipit.
2097 2228 2230 2283 Audi
2256 2238 2385 2299 quot
2410 2240 2667 2300 praeterea
2695 2231 2799 2284 sint
2827 2245 2946 2301 qua:
2972 2230 3099 2300 ipsis
3140 2231 3267 2284 vitio
3308 2237 3501 2284 vertat.

1920 2322 2051 2377 Nam
2080 2337 2202 2377 cum
2251 2322 2510 2377 deberent
2550 2336 2710 2377 omne
2753 2336 2909 2376 suum
2948 2332 3155 2391 tempus
3187 2319 3518 2375 orationibus

1922 2424 1976 2470 et
1999 2413 2474 2483 supplicationibus
2497 2412 2717 2478 instare,
2744 2414 2859 2467 ista:
2884 2427 3034 2481 vero,
3063 2412 3253 2482 inquit,
3285 2409 3354 2464 Et
3383 2412 3515 2464 olio-

1922 2522 1993 2561 διε
2019 2506 2219 2560 discunt
2248 2505 2512 2559 circumire
2540 2505 2748 2570 domos;
2778 2520 2878 2558 non
2916 2504 3080 2558 solum
3106 2504 3310 2571 otiosas,
3336 2501 3427 2556 sed
3471 2509 3519 2555 ct

1924 2599 2162 2666 verboste,
2191 2608 2237 2653 et
2262 2599 2496 2664 curiosae,
2530 2598 2784 2667 loquentes
2804 2611 2916 2667 qua:
2950 2613 3048 2650 non
3086 2605 3280 2665 oportet
3317 2593 3422 2668 (Ib.
3466 2612 3516 2648 υ.

1929 2692 2042 2761 15).
2076 2690 2203 2745 Haec
2232 2706 2359 2745 vero
2385 2689 2484 2759 ipsi
2514 2690 2734 2743 minime
2763 2687 3075 2758 probantur,
3105 2685 3201 2742 sed
3242 2685 3354 2740 vult
3400 2699 3523 2754 pcr-

1928 2790 2091 2850 pctuo
2115 2780 2303 2835 afﬁxas
2324 2796 2445 2835 esse
2465 2778 2627 2835 rebus
2655 2778 3035 2849 Spiritualibus.
3062 2775 3203 2830 Nam
3230 2792 3343 2845 quae
3363 2776 3416 2829 in
3435 2774 3525 2830 de-

1929 2872 2059 2927 liciis
2115 2880 2207 2939 est,
2262 2871 2450 2942 inquit,
2503 2870 2672 2925 vivens
2727 2879 2926 2924 mortua
2969 2879 3041 2924 est
3074 2869 3152 2941 (l.
3186 2867 3318 2922 Tim.
3351 2868 3404 2923 5.
3429 2868 3521 2937 6);

1929 2962 2357 3035 quandoquidem
2402 2971 2455 3017 et
2500 2962 2754 3032 virginem
2806 2962 2974 3031 ipsam
3012 2959 3126 3015 vult
3172 2959 3371 3015 bonum
3419 2956 3524 3013 hoc

1932 3068 2087 3110 suum
2117 3068 2223 3108 non
2250 3053 2490 3123 corporis
2517 3053 2760 3107 castitate
2786 3050 3026 3116 definire,
3076 3048 3174 3105 sed
3213 3049 3524 3105 universum

1933 3146 2099 3201 otium
2120 3158 2274 3200 suum
2305 3144 2415 3200 Deo
2442 3158 2779 3209 consecrare,
2818 3152 2977 3213 atque
3018 3142 3094 3198 illi
3132 3153 3391 3212 perpetuo
3432 3139 3529 3196 de-

1936 3239 2159 3295 servire.
2216 3237 2291 3293 lta
2343 3239 2485 3294 enim
2526 3236 2712 3292 scribit
2752 3253 2768 3292 :
2817 3236 2981 3291 Porro
3016 3237 3112 3290 hoc
3157 3235 3226 3289 ad
3263 3235 3531 3289 utilitatem

1937 3341 2151 3385 vestram
2179 3329 2312 3397 dico,
2340 3347 2441 3383 non
2470 3340 2523 3383 ut
2545 3329 2778 3400 laqueum
2807 3328 2944 3382 vobis
2972 3327 3222 3399 injiciam,
3254 3326 3342 3381 sed
3366 3325 3435 3380 ad
3453 3328 3529 3394 id,

1937 3422 2074 3494 quod
2100 3422 2364 3476 honestum
2387 3429 2479 3487 est,
2499 3428 2545 3474 et
2568 3418 2705 3491 quod
2738 3419 3031 3492 facultatem
3061 3417 3276 3488 praebeat
3299 3418 3406 3472 sine
3430 3417 3533 3471 im-

1942 3514 2226 3584 pedimento
2260 3511 2529 3565 Dominum
2557 3509 2852 3565 obsecrandi
2884 3508 2960 3581 (l.
3002 3508 3121 3564 Cor.
3164 3510 3216 3563 7.
3256 3509 3371 3579 55).
3417 3507 3531 3563 Non

1942 3605 2087 3660 enim
2115 3600 2284 3674 ipsam
2325 3603 2519 3674 patitur
2564 3602 2787 3657 divisam
2828 3616 2968 3668 esse,
3017 3601 3113 3656 sed
3163 3609 3326 3655 totam
3373 3599 3538 3656 rebus

1944 3698 2312 3768 spiritualibus
2345 3711 2408 3752 ac
2433 3696 2734 3751 caelestibus
2766 3695 2972 3749 haerere
2999 3694 3133 3761 vult,
3174 3702 3229 3749 et
3271 3708 3391 3764 qua:
3428 3692 3538 3748 Do-

1947 3792 2076 3846 mini
2104 3800 2230 3846 sunt
2256 3804 2468 3844 curare.
2499 3788 2581 3843 Ad
2609 3787 2851 3843 eamdem
2881 3789 3002 3842 vita:
3031 3786 3290 3842 rationem
3323 3784 3538 3840 viduam

1947 3897 2160 3953 quoque
2185 3892 2359 3948 vocat,
2399 3881 2584 3936 dicens
2613 3898 2628 3938 :
2659 3881 2785 3947 Qua:
2821 3890 2991 3933 autem
3028 3895 3140 3933 vere
3164 3877 3329 3945 ,vidua
3364 3886 3459 3945 cst,
3495 3884 3544 3930 et

1949 3973 2177 4027 desolata
2220 3972 2440 4041 speravit
2478 3973 2531 4025 in
2566 3970 2767 4036 Deum,
2823 3979 2870 4024 et
2915 3971 3069 4023 instat
3119 3967 3543 4024 obsecrationibus

1950 4075 2001 4120 et
2041 4064 2351 4121 orationibus
2392 4072 2533 4119 nocte
2575 4073 2623 4118 et
2670 4063 2874 4134 die(i.
2917 4062 3050 4116 Tim.
3092 4062 3144 4115 5.
3192 4059 3268 4133 5).
3317 4058 3544 4128 Quando

1953 4159 2111 4228 igitur
2138 4158 2303 4212 otium
2325 4198 2340 4223 ,
2384 4155 2525 4226 quod
2558 4157 2608 4209 in
2649 4153 2968 4223 evangelicis
3011 4152 3237 4221 negotiis
3266 4149 3543 4204 insumen-

1953 4249 2078 4304 dum
2129 4255 2274 4310 erat,
2324 4246 2376 4302 id
2420 4261 2526 4299 non
2574 4243 2733 4299 modo
2773 4244 2825 4297 in
2869 4244 3026 4296 rebus
3069 4238 3412 4309 supervacuis
3465 4246 3548 4293 at-

1954 4355 2058 4410 que
2096 4338 2402 4399 inutilibus,
2450 4337 2545 4392 sed
2583 4336 2740 4391 etiam
2768 4334 2920 4389 valde
2960 4334 3135 4388 noxiis
3163 4339 3420 4402 perpetuo
3444 4328 3548 4383 im-

1958 4430 2223 4501 pendunt;
2244 4431 2439 4485 merito
2461 4429 2527 4484 ad
2559 4429 2952 4483 matrimonium
2984 4442 3076 4481 eas
3105 4440 3288 4480 rursus
3311 4422 3546 4478 adducit.

1957 4523 2088 4578 Nam
2116 4520 2564 4594 quemadmodum
2590 4519 2788 4577 Iudaeis
2818 4520 3094 4575 sabbatum
3124 4516 3345 4573 dederat
3370 4516 3512 4572 Deus
3534 4556 3551 4581 ,

1959 4637 2064 4677 non
2094 4627 2149 4671 ut
2179 4617 2475 4672 otiarentur
2500 4615 2796 4678 dumtaxat,
2828 4611 2921 4667 sed
2948 4620 3057 4666 uta
3099 4609 3343 4681 turpibus
3380 4608 3567 4663 actio--

1961 4714 2118 4769 nibus
2140 4710 2469 4765 abstinerent
2499 4726 2512 4761 :
2542 4707 2611 4760 ita
2641 4704 2819 4767 vidua,
2861 4711 2915 4759 et
2947 4703 3096 4772 virgo
3116 4744 3131 4768 ,
3171 4717 3277 4755 non
3322 4708 3380 4754 ut
3427 4699 3554 4754 viris

1964 4820 2070 4860 non
2098 4804 2443 4863 misceantur,
2472 4798 2608 4853 hanc
2633 4796 2731 4851 sibi
2760 4795 2998 4864 deligunt
3027 4794 3213 4858 vitam,
3257 4790 3351 4845 sed
3398 4801 3457 4844 ut
3492 4804 3555 4842 ea

1964 4913 2083 4968 quae
2104 4894 2318 4951 Domini
2340 4901 2464 4948 sunt
2490 4899 2697 4954 curent,
2726 4899 2884 4959 atque
2904 4902 2963 4943 se
2993 4894 3131 4941 totas
3155 4885 3207 4940 in
3239 4872 3327 4939 Dei
3355 4882 3554 4938 cultum

1965 4988 2262 5046 conferant.
3129 5030 3133 5034 .

2037 5080 2091 5134 4.
2136 5078 2276 5132 Nunt
2305 5077 2494 5147 possint
2541 5072 2707 5127 vidum
2743 5070 2966 5127 subsidio
3008 5069 3229 5122 virorum
3267 5079 3457 5120 carere.
3486 5092 3559 5104 —-

1970 5174 2043 5228 lta
2070 5184 2219 5236 sane,
2253 5168 2455 5238 inquiet
2494 5164 2704 5234 aliquis.
2745 5162 2941 5216 Verum
2984 5156 3321 5213 intolerabile
3362 5154 3559 5208 malum

1969 5267 2092 5329 erit,
2119 5263 2396 5318 mulierem
2418 5260 2566 5315 nullo
2595 5270 2775 5312 rerum
2798 5269 2895 5309 usu
2941 5255 3167 5324 peritam
3211 5264 3294 5316 ea,
3328 5262 3447 5320 quas
3490 5245 3558 5300 ad

1970 5357 2115 5411 viros
2144 5354 2430 5425 pertinent,
2471 5350 2651 5405 subire
2687 5346 2802 5416 cogi
2832 5361 2845 5397 :
2885 5357 3058 5412 neque
3095 5340 3237 5395 enim
3279 5340 3389 5408 ipsa
3426 5350 3557 5407 per-

1973 5448 2096 5504 inde
2149 5456 2308 5516 alque
2335 5444 2424 5498 ille
2455 5448 2682 5497 tractare
2726 5449 2886 5505 atque
2927 5431 3303 5487 administrare
3338 5443 3426 5483 res
3467 5442 3562 5496 pu-

1975 5540 2130 5604 terit;
2152 5547 2312 5606 atque
2347 5535 2469 5589 hinc
2498 5532 2627 5587 nihil
2655 5527 2796 5582 aliud
2827 5523 3147 5588 lucrabitur,
3188 5536 3347 5591 quam
3387 5518 3560 5575 fortu-

1975 5647 2162 5688 narum
2205 5630 2433 5684 ruinam.
2465 5627 2605 5693 Ergo
2645 5630 2993 5690 quaecumque
3017 5630 3047 5670 a
3074 5613 3322 5669 secundis
3365 5609 3565 5681 nuptiis

1976 5724 2387 5782 abhorruerunt,
2428 5714 2605 5769 omnia
2655 5726 2748 5767 sua
2800 5721 3013 5778 pessum
3058 5705 3335 5769 dederunt,
3384 5701 3562 5757 omnia

1980 5814 2319 5886 perdiderunt
2346 5826 2360 5874 ;
2393 5820 2564 5876 neque
2584 5802 2865 5858 mulierem
2893 5798 3105 5854 viduam
3151 5794 3412 5866 invenias,
3445 5806 3570 5862 qua:
