4020 6436
466 369 583 421 ’(ἱῖῖὶ

477 505 588 546 rem
614 503 766 546 suam
790 495 942 545 recte
967 487 1152 559 gerat?
1182 487 1671 559 Tergiversationes
1698 488 1797 542 ista
1839 496 1962 542 sunt
2003 501 2066 542 ac

478 589 770 649 prastextus
796 580 1132 651 propriaeque
1157 579 1480 634 infirmitatis
1501 577 2074 648 integumenta.Multae

478 674 623 727 enim
647 672 952 743 prmclarius
977 686 1137 743 quam
1158 671 1257 725 viri
1284 681 1338 726 et
1362 670 1581 725 domum
1612 669 2070 734 administrarunt,

478 774 532 819 et
569 766 706 820 lilios
752 764 980 835 pupillos
1008 763 1386 829 educaverunt,
1423 770 1478 817 et
1516 763 1674 827 bona,
1706 777 1826 831 quae
1854 776 2080 831 accepe-

479 865 626 923 rant,
664 857 783 912 alia:
822 864 1111 923 auxerunt,
1156 855 1276 911 alia:
1310 868 1415 909 non
1458 854 1784 909 minuerunt.
1832 852 1965 908 Nam
2011 851 2081 907 ab

492 950 725 1020 ipsemet
754 949 906 1004 initio
932 963 1038 1003 non
1059 949 1235 1002 omnia
1267 945 1395 1001 viris
1416 945 1684 1001 commisit
1710 945 1880 1009 Deus;
1909 956 2081 1013 neque

488 1042 556 1094 ab
577 1041 705 1111 ipsis
726 1040 855 1097 solis
874 1039 1130 1113 pendere,
1156 1054 1276 1110 quae
1296 1038 1363 1093 ad
1393 1038 1553 1092 vitam
1582 1038 1868 1107 pertinent,
1891 1035 2078 1102 voluit,

492 1147 559 1186 ne
593 1132 637 1187 si
669 1133 859 1187 mulier
887 1131 1018 1186 nihil
1048 1131 1115 1186 ad
1146 1131 1308 1185 vitam
1338 1128 1609 1185 conferret
1645 1127 1937 1198 deSpicatui
1981 1127 2082 1182 du-

492 1233 723 1277 ceretur.
757 1222 1119 1291 Quamobrem
1151 1222 1204 1277 id
1245 1220 1579 1292 prospiciens
1617 1221 1756 1276 Deus
1799 1235 1905 1275 non
1949 1219 2086 1274 infe-

497 1313 640 1368 riore
665 1313 811 1367 illam
833 1312 952 1368 loco
981 1313 1293 1376 constituit;
1317 1319 1475 1381 atque
1498 1310 1550 1365 id
1575 1310 1643 1365 ab
1677 1311 1906 1383 ipsemet
1940 1308 2089 1365 initio

492 1405 693 1459 elarqu
717 1405 917 1460 faciens
940 1404 1075 1459 dixit
1103 1421 1114 1457 :
1145 1402 1421 1457 Faciamus
1464 1402 1565 1473 ipsi
1603 1402 1890 1472 adjutorem
1931 1398 2085 1475 (Cen.

493 1493 549 1551 2.
588 1494 701 1567 18).
733 1495 941 1551 Etenim
966 1510 1033 1550 ne
1061 1509 1127 1550 co
1155 1493 1296 1565 quod
1324 1493 1437 1563 ipse
1462 1492 1692 1563 primum
1719 1490 1891 1547 factus
1922 1500 2002 1546 est
2028 1505 2093 1545 ae

494 1595 714 1655 propter
736 1585 910 1656 ipsum
937 1584 1161 1641 formata
1184 1585 1396 1649 mulier,
1420 1596 1641 1653 magnos
1663 1582 1921 1638 adversus
1948 1583 2091 1637 illam

496 1676 718 1745 spiritus
746 1678 825 1731 vir
850 1685 1104 1741 sumeret,
1136 1675 1239 1730 hoc
1260 1673 1425 1729 verbo
1453 1682 1714 1728 tumorem
1751 1672 1920 1744 ipsius
1944 1687 2087 1728 com-

498 1769 712 1840 pressit,
739 1767 1028 1823 ostendens
1049 1765 1314 1821 mundana
1342 1766 1555 1837 negotia
1581 1764 1748 1820 nihilo
1776 1764 1953 1819 minus
1974 1780 2094 1819 mu-

498 1859 665 1927 lieris,
697 1874 854 1930 quam
884 1858 985 1913 viri
1025 1873 1203 1929 egere.
1254 1856 1510 1926 Quaenam
1567 1857 1728 1928 igitur
1781 1856 1883 1911 ista
1935 1855 2097 1910 sunt?

498 1953 799 2024 quibusque
830 1953 883 2006 in
919 1952 1079 2006 rebus
1108 1950 1173 2005 ad
1199 1951 1360 2005 vitam
1386 1949 1788 2005 sustentandam
1819 1949 2097 2004 nobiscum

503 2045 695 2100 mulier
720 2043 1028 2099 societatem
1063 2041 1200 2096 iuit?
1237 2039 1378 2097 Sane
1412 2040 1664 2112 quoniam
1705 2040 1772 2095 ad
1820 2041 2099 2111 prmsentis

504 2139 630 2192 vita:
656 2145 854 2191 statum
875 2133 1302 2205 componendum
1330 2150 1435 2189 non
1472 2136 1648 2189 minus
1681 2134 1906 2205 privata,
1941 2149 2101 2204 quam

506 2229 717 2299 publica
750 2227 956 2299 negotia
973 2227 1201 2293 faciunt,
1235 2226 1349 2281 haec
1372 2226 1692 2297 dispertiens
1721 2225 1888 2292 Deus,
1912 2223 2098 2280 foren-

505 2320 584 2375 sia
612 2318 826 2390 quidem
852 2318 982 2373 viris
1019 2316 1309 2383 commisit,
1339 2315 1632 2371 domestica
1657 2323 1835 2370 autem
1863 2314 2101 2370 mulieri-

506 2414 606 2468 bus
634 2429 648 2465 :
672 2426 736 2467 ac
763 2411 806 2471 si
829 2426 1049 2465 munera
1070 2408 1351 2481 ofﬁciaque
1372 2409 1469 2463 ista
1487 2416 1901 2472 commutentur,
1921 2408 2102 2462 omnia

505 2512 758 2559 corruunt
787 2517 850 2557 ac
877 2502 1129 2572 peribunt
1160 2520 1173 2555 :
1203 2510 1349 2556 tanto
1376 2509 1599 2572 uterque
1640 2500 1820 2555 utilior
1852 2500 2020 2554 altero
2050 2499 2103 2553 in

509 2613 608 2651 suo
636 2611 854 2651 munere
881 2593 1129 2651 obeundo
1158 2602 1259 2650 est.
1289 2592 1470 2665 Igitur,
1496 2593 1540 2647 si
1567 2592 1858 2647 domestica
1888 2606 1953 2647 ex
1984 2606 2109 2645 mu—

512 2688 666 2744 liebri
692 2687 911 2742 scientia
935 2686 1189 2757 pendent,
1217 2695 1375 2756 atque
1414 2686 1513 2740 ista
1541 2684 1595 2738 iu
1639 2699 1699 2740 re
1744 2692 1949 2738 tantum
1988 2682 2107 2737 viro

513 2779 707 2833 mulier
731 2786 969 2849 prtestat,
996 2786 1254 2847 quantum
1279 2774 1399 2830 rudi
1426 2774 1630 2829 homini
1650 2772 1840 2828 artifex
1867 2773 1920 2827 in
1946 2772 2107 2827 rebus

510 2873 564 2926 in
595 2872 784 2940 quibus
813 2868 1000 2924 artifex
1028 2878 1132 2936 est,
1156 2883 1253 2923 cur
1276 2882 1471 2923 vanum
1504 2866 1659 2922 nobis
1686 2865 1933 2921 timorem
1965 2866 2109 2919 incu-

515 2963 707 3019 timus?
734 2962 865 3017 Nam
896 2977 1120 3032 peregre
1158 2959 1371 3030 quidem
1414 2957 1678 3029 proﬁcisci
1723 2971 1916 3026 resque
1957 2956 2109 3011 colli-

510 3070 636 3125 gere
667 3054 899 3109 virorum
929 3049 1296 3107 tantummodo
1321 3057 1434 3114 est,
1462 3046 1775 3103 mulieribus
1808 3055 1987 3101 autem
2028 3046 2112 3102 lu-

513 3163 607 3201 cro
633 3161 848 3217 operam
884 3144 1013 3199 dare
1039 3143 1258 3198 minime
1287 3140 1368 3197 fas
1397 3149 1513 3206 est;
1546 3150 1598 3196 at
1621 3154 1741 3211 qua:
1766 3147 1891 3194 sunt
1914 3153 2112 3209 appor-

514 3248 621 3292 tata
648 3237 917 3293 custodire
951 3252 1016 3291 ac
1056 3235 1191 3290 tueri
1231 3234 1396 3305 ipsius
1439 3233 1605 3289 solius
1642 3242 1744 3288 est.
1782 3233 1860 3287 Ac
1899 3231 2110 3286 tametsi

498 3329 855 3399 praestantius
882 3327 1132 3399 quiddam
1161 3326 1402 3381 videatur
1423 3324 1722 3394 acquirere,
1758 3336 1916 3392 quam
1949 3322 2108 3387 tueri,

515 3431 771 3488 attamen,
803 3424 846 3479 si
878 3423 979 3478 hoc
1008 3422 1168 3489 absit,
1201 3420 1330 3475 illud
1361 3433 1573 3490 quoque
1594 3417 1781 3473 inutile
1801 3432 1864 3473 ac
1884 3431 2108 3471 vanum:

517 3533 663 3587 stupe
692 3532 816 3571 vero
846 3516 1005 3573 etiam
1033 3516 1079 3571 si
1109 3515 1214 3569 hoc
1241 3513 1399 3578 adsit,
1431 3511 1569 3575 illud
1606 3525 1715 3566 non
1759 3509 1933 3565 solum
1979 3508 2113 3563 nihil

502 3607 739 3678 .profnit,
769 3607 863 3663 sed
895 3607 1053 3662 etiam
1083 3614 1272 3661 cuncta
1296 3605 1506 3660 evertit.
1546 3603 1807 3670 Quoniam
1837 3603 1982 3658 enim
2011 3600 2116 3657 dif-

522 3701 658 3755 ficile
683 3709 784 3767 est,
813 3699 1083 3755 hominem
1115 3698 1246 3754 foris
1286 3698 1644 3768 negotiantem
1685 3705 1845 3767 atque
1886 3695 2116 3767 ampliﬁ-

506 3791 692 3848 cando
718 3791 1035 3863 patrimonio
1079 3805 1294 3860 operam
1343 3798 1625 3844 navantem
1672 3787 1814 3857 juste
1854 3794 2115 3857 quaestum

522 3884 720 3953 facere,
750 3884 937 3952 majori
966 3883 1108 3938 enim
1134 3898 1200 3937 ex
1230 3891 1380 3951 parte
1422 3895 1487 3936 ex
1517 3879 1703 3935 alienis
1732 3879 1819 3934 isti
1844 3878 2117 3933 calamita-

523 3977 665 4030 tibus
687 3976 895 4030 lucrum
914 3974 1142 4039 faciunt;
1174 3972 1296 4027 binc
1316 3987 1526 4043 quoque
1548 3970 1783 4025 mulieris
1807 3971 1907 4024 arti
1935 3976 1991 4024 et
2017 3984 2115 4039 gu-

524 4068 823 4123 bernationi
854 4083 997 4138 saepe
1024 4066 1264 4121 officiunt
1290 4080 1371 4132 ea,
1405 4080 1523 4135 quae
1561 4079 1660 4136 per
1699 4063 2013 4133 injustitiam
2062 4070 2117 4117 et

523 4160 627 4213 vim
661 4168 808 4229 parta
835 4159 885 4213 in
918 4173 1105 4213 manus
1146 4157 1312 4227 ipsius
1341 4162 1720 4227 pervenerunt.
1757 4150 2116 4222 Quamobrem

523 4251 623 4304 etsi
671 4250 842 4319 majus
885 4250 955 4304 sit
986 4247 1283 4319 acquirere,
1333 4262 1492 4318 quam
1531 4260 1890 4314 conservare,
1939 4253 2116 4300 tamen

522 4346 688 4400 altera
719 4352 956 4414 exparte
983 4343 1158 4397 minus
1181 4356 1303 4398 esse
1325 4339 1763 4412 deprehenditur,
1780 4339 1994 4409 quando
2012 4353 2117 4394 non

524 4439 697 4492 solum
748 4436 817 4491 ad
872 4436 1133 4491 bonorum
1174 4432 1644 4505 amplificationem
1690 4431 1825 4487 nihil
1867 4430 2115 4498 confert,

525 4530 620 4585 sed
647 4531 806 4585 etiam
825 4528 1009 4598 perdit
1030 4528 1141 4598 jam
1171 4527 1426 4598 reposita.
1458 4525 1597 4594 Quid
1623 4525 1784 4596 igitur
1812 4531 2013 4579 metuat
2040 4522 2119 4577 vi-

523 4621 651 4683 dua,
679 4635 747 4675 ne
769 4618 870 4673 viri
899 4618 1138 4674 absentia
1185 4633 1272 4674 res
1313 4617 1620 4673 domestica:
1652 4615 1887 4671 deterius
1915 4629 1973 4670 se
2027 4613 2121 4669 ha-

526 4712 705 4775 beant,
734 4725 956 4781 quarum
987 4710 1202 4765 vivente
1227 4709 1385 4764 etiam
1407 4709 1521 4764 viro
1548 4709 1660 4778 ipsa
1688 4707 2118 4777 procurationem

527 4800 876 4873 susceperat?
914 4804 983 4856 At
1016 4800 1260 4869 facilius,
1305 4800 1547 4871 inquiet,
1590 4798 1944 4870 gubernabit,
1996 4813 2119 4853 cum

524 4903 668 4949 metu
701 4894 838 4948 illius
864 4908 1021 4948 nemo
1048 4892 1416 4959 reluctabitur,
1445 4906 1604 4947 nemo
1635 4890 1937 4946 molestiam
1986 4890 2117 4946 afl‘e-

526 4995 627 5039 ret.
655 4983 788 5040 Nam
813 4992 869 5040 et
897 4985 1099 5050 famuli,
1131 4994 1187 5039 et
1227 4983 1514 5049 (nconomi,
1545 4989 1600 5036 et
1638 4989 2031 5052 procuratores,
2059 4996 2123 5037 ac

528 5075 712 5145 reliqui
743 5089 931 5130 omnes
956 5075 1101 5130 illum
1127 5083 1428 5129 metuentes
1447 5072 1511 5127 ad
1557 5072 1848 5141 parendum
1892 5072 2123 5128 aderunt

528 5168 784 5237 prompti,
816 5183 879 5222 ac
902 5182 1060 5223 nemo
1089 5168 1191 5223 erit
1218 5168 1306 5238 qui
1333 5166 1709 5222 contradicat:
1754 5173 1810 5219 at
1849 5180 1914 5220 eo
1953 5180 2115 5236 quem

528 5258 835 5312 metuebant
859 5272 889 5313 e
918 5258 1096 5313 medio
1123 5258 1352 5326 sublato,
1384 5272 1571 5312 omnes
1599 5255 1772 5311 viduae
1799 5255 2009 5310 mulieri
2038 5255 2120 5309 in-

527 5347 749 5411 sultant,
781 5348 1022 5417 improbe
1052 5358 1354 5414 versantur,
1399 5347 1728 5402 confidentes
1774 5354 1920 5411 sunt,
1961 5356 2119 5416 atque

528 5438 703 5492 omnia
732 5450 1042 5508 pervertunt
1069 5455 1132 5495 ac
1160 5439 1442 5510 dissipant.
1471 5437 1624 5505 Quod
1649 5437 1695 5492 si
1716 5438 1897 5493 ulcisci
1923 5452 1985 5492 ac
2010 5438 2120 5492 vin-

526 5526 720 5581 dictam
749 5542 963 5585 sumere
988 5531 1134 5596 velit,
1168 5537 1443 5599 torquens,
1474 5530 1784 5594 verberans,
1832 5531 1883 5584 in
1932 5543 2117 5585 carce-

526 5632 641 5671 rem
671 5616 982 5689 conjicieus,
1018 5634 1127 5680 tum
1156 5637 1284 5678 vero
1336 5624 1387 5678 in
1433 5623 1575 5694 vulgi
1624 5624 2115 5695 reprehensionem,

527 5707 991 5781 criminationem,
1053 5715 1405 5773 contumelias
1466 5718 1708 5772 incurrit.
1760 5718 2033 5774 Carterum
2071 5719 2117 5772 si

528 5794 685 5851 tidem
714 5798 760 5853 ci
782 5801 872 5868 qui
888 5806 1022 5864 abiit
1048 5809 1223 5868 datam
1252 5806 1484 5883 fregerit,
1518 5819 1677 5882 atque
1708 5809 1848 5866 illius
1876 5823 2112 5866 amorem

1188 372 1248 430 S.
1290 372 1568 429 JOANNIS
1606 370 2083 430 CllRYSOSTOMl
2124 371 2447 430 ARCIIIEP.
2488 372 3026 433 CONSTANTINOP.

3717 371 3829 430 616

2183 488 2449 544 oblivione
2473 489 2750 555 deleverit,
2775 498 2830 544 et
2865 502 3165 559 vesperam,
3189 501 3291 559 qua
3336 487 3439 544 ille
3481 485 3559 542 ad
3598 499 3665 542 se
3717 489 3837 558 pri-

2183 595 2327 634 mum
2353 581 2594 645 accessit,
2627 590 2682 635 et
2713 581 2978 650 plausum,
3022 589 3077 634 et
3121 580 3500 650 hymenaeum,
3556 588 3621 633 et
3677 580 3831 636 nuces

2183 673 2468 744 nuptiales,
2493 682 2548 728 ct
2576 674 2773 744 primos
2798 673 3098 743 amplexus,
3131 680 3187 727 et
3210 686 3456 736 mensas,
3511 680 3579 727 et.
3627 673 3832 726 eonvi-

2185 777 2302 822 ctus
2328 766 2481 836 cujus
2508 782 2611 822 una
2639 781 2762 821 cum
2794 765 2886 819 illo
2915 780 3010 834 per
3050 778 3212 819 omne
3261 772 3489 833 tempus
3536 762 3831 833 particeps

2187 859 2306 926 fuit,
2339 869 2395 915 et
2418 860 2604 925 verba,
2632 875 2751 929 quae
2777 874 2809 913 a
2836 859 2950 912 viro
2977 873 3166 928 magna
3195 872 3316 913 cum
3346 856 3657 927 voluptate
3684 870 3831 911 uxo-

2187 964 2300 1006 rem
2326 950 2510 1007 audire
2538 949 2827 1004 verisimile
2862 958 2943 1003 est
2976 948 3057 1002 :si
3101 947 3235 1013 lucc,
3286 947 3552 1017 inquam,
3604 946 3828 1013 omnia,

2191 1041 2410 1112 perinde
2439 1057 2501 1096 ac
2522 1042 2567 1096 si
2593 1056 2881 1111 numquam
2914 1038 3162 1104 fuissent,
3189 1046 3417 1108 repente
3452 1037 3719 1107 abjiciat,
3744 1046 3833 1089 at-

2190 1149 2295 1205 que
2321 1133 2473 1189 alteri
2493 1134 2607 1188 viro
2630 1133 2776 1189 fores
2800 1132 3023 1201 aperiat,
3049 1131 3327 1201 ipsumque
3349 1130 3424 1185 ad
3453 1130 3617 1183 illius
3643 1128 3835 1183 cubile

2193 1226 2386 1292 trahat,
2435 1240 2617 1281 rerum
2666 1224 2906 1280 omniunt
2956 1223 3197 1293 priorum
3239 1221 3540 1276 conscium
3585 1221 3681 1275 :si
3712 1220 3833 1275 inec

2193 1315 2368 1377 faciat.
2402 1331 2630 1372 nemone
2660 1316 2759 1370 erit
2787 1315 2875 1384 qui
2905 1311 3304 1383 reprehendat?
3337 1326 3514 1367 nemo
3563 1310 3664 1381 qui
3719 1311 3833 1365 cri-

2193 1408 2463 1463 minetur?
2486 1422 2644 1463 nemo
2659 1407 2748 1478 qui
2771 1406 2896 1461 odio
2927 1412 3301 1475 prosequatur,
3330 1417 3396 1457 ac
3424 1401 3829 1467 inhumanam,

2195 1499 2471 1572 perfidam,
2525 1499 2850 1570 fmdifragam
2896 1505 3071 1564 vocet,
3121 1505 3283 1567 atque
3323 1494 3662 1566 hujusmodi
3712 1493 3832 1549 aliis

2196 1590 2450 1646 eonviciis
2479 1588 2706 1645 oneret?

2270 1682 2324 1737 5.
2385 1681 2638 1736 Secunde
2693 1681 2885 1752 nuptiae
2949 1696 3051 1735 non
3113 1677 3264 1733 laude
3306 1678 3524 1749 digne.
3581 1706 3660 1717 —
3710 1674 3829 1730 Non

2200 1773 2365 1838 enim,
2413 1773 2516 1826 etsi
2571 1773 2759 1827 beatus
2810 1771 3004 1826 Paulus
3052 1785 3165 1825 rem
3192 1769 3347 1824 istam
3374 1767 3669 1838 permisit,
3704 1781 3831 1836 pro-

2204 1874 2389 1935 pterea
2420 1863 2667 1917 laudibus
2686 1862 2900 1933 dignam
2929 1870 3106 1932 putes,
3151 1876 3214 1915 ac
3261 1875 3381 1931 qua:
3428 1859 3590 1930 vulgi
3638 1874 3830 1929 repre-

2208 1957 2520 2012 hensionem
2553 1955 2749 2026 fugiat;
2779 1970 2937 2027 pmua
2978 1963 3184 2009 tantum
3221 1968 3285 2008 ac
3322 1952 3611 2023 supplicio
3653 1961 3823 2016 caret,

2203 2049 2387 2105 laudes
2412 2048 2624 2119 quidem
2657 2057 2711 2103 et
2737 2048 2980 2103 encomia
3007 2061 3112 2101 non
3143 2055 3225 2100 est
3251 2045 3396 2115 quod
3442 2060 3508 2099 se
3541 2053 3829 2113 reportare

2206 2155 2363 2210 posse
2393 2149 2571 2210 speret
2596 2138 2672 2213 (Ι.
2707 2137 2838 2193 Tim.
2862 2139 2917 2194 5.
2951 2139 3063 2208 M).
3086 2137 3220 2192 Nam
3242 2145 3296 2192 et
3328 2136 3635 2191 remissum
3666 2144 3829 2204 atque

2204 2232 2272 2288 ad
2307 2232 2579 2288 libidinem
2630 2233 2919 2303 proclivem
2957 2246 3099 2299 esse,
3136 2244 3201 2285 ac
3242 2245 3311 2285 ne
3350 2228 3559 2299 jejunii
3606 2228 3827 2299 quidem

2209 2334 2468 2395 tempore,
2497 2333 2590 2379 aut
2623 2326 2811 2394 quovis
2836 2324 2943 2379 alio
2984 2323 3051 2379 ab
3096 2338 3261 2378 uxore
3304 2322 3615 2387 abstinere,
3667 2321 3825 2390 longe

2207 2416 2421 2486 quidem
2449 2428 2502 2471 et
2529 2416 2753 2470 multum
2782 2430 2812 2469 a
2840 2414 3100 2486 supplicio
3125 2413 3295 2478 abest,
3326 2428 3438 2467 non
3465 2422 3654 2466 tamen
3684 2410 3825 2465 laudi

2209 2507 2506 2576 proximum
2534 2516 2618 2562 est
2648 2525 2661 2561 :
2690 2522 2812 2561 nam
2858 2505 2972 2560 haec
2997 2505 3110 2575 ipsa
3142 2503 3478 2573 indulgentia
3512 2501 3650 2555 nihil
3682 2499 3822 2555 aliud

2209 2607 2313 2666 est,
2356 2614 2515 2670 quam
2562 2601 2771 2669 signum
2812 2611 3020 2667 magna:
3062 2594 3339 2665 cujusdam
3378 2592 3724 2648 infirmitatis
3762 2603 3822 2645 ac

2211 2689 2491 2745 socordiae.
2526 2688 2884 2756 Quamobrem
2915 2687 2961 2742 si
2991 2686 3167 2751 times,
3201 2699 3268 2740 ne
3291 2682 3519 2739 famulis
3538 2679 3822 2753 puniendis

2209 2780 2448 2837 audaciae
2492 2781 2686 2836 subeas
2726 2780 3070 2851 opinionem,
3118 2763 3265 2833 illud
3299 2776 3548 2831 vicissim
3598 2775 3818 2845 cogites,

2210 2874 2384 2929 multo
2409 2874 2579 2944 magis
2605 2872 3087 2944 pertimescendum
3117 2886 3259 2938 esse,
3287 2884 3356 2924 ne
3397 2878 3615 2925 tantam
3646 2866 3819 2922 molli-

2214 2966 2302 3020 tiei
2331 2976 2386 3021 et
2413 2966 2648 3021 libidinis
2676 2964 2869 3019 famam
2894 2964 3107 3020 subeas.
3151 2963 3426 3018 Praeterea
3468 2974 3607 3017 vero
3648 2958 3820 3014 licebit

2214 3057 2388 3111 vidua:
2417 3057 2636 3112 meliore
2661 3055 2888 3127 quadam
2919 3056 3124 3109 ratione
3148 3052 3309 3108 rebus
3354 3051 3475 3107 suis
3515 3049 3814 3111 consulere,

2215 3158 2273 3202 ut
2299 3157 2351 3204 et
2375 3163 2566 3219 magna
2597 3164 2661 3203 ex
2706 3154 2857 3218 parte
2901 3147 2954 3201 in
2996 3155 3110 3201 tuto
3156 3144 3273 3222 illas
3318 3145 3583 3209 collucet,
3619 3149 3677 3198 et
3717 3154 3815 3196 non

2213 3243 2387 3298 solum
2414 3241 2889 3312 reprehensionem
2922 3238 3105 3309 fugiat,
3133 3238 3228 3293 sed
3263 3237 3429 3292 etiam
3472 3237 3545 3292 ab
3573 3226 3818 3291 omnibus

2216 3332 2480 3398 laudetur,
2525 3332 2779 3404 quodque
2825 3332 3151 3402 prrecipuum
3197 3337 3299 3395 est,
3344 3327 3635 3389 mercedes
3682 3325 3814 3389 illas,

2215 3441 2334 3495 quae
2363 3440 2394 3478 a
2419 3425 2528 3479 Deo
2555 3424 2880 3494 pra-bentur,
2905 3431 3161 3494 reportet.
3198 3421 3330 3476 Nam
3375 3421 3423 3475 si
3464 3418 3727 3491 pecunias
3765 3416 3815 3471 in

2216 3517 2349 3572 crclo
2375 3517 2473 3573 sibi
2515 3516 2862 3587 deponendas
2905 3515 3176 3572 censuerit
3217 3515 3400 3585 ibique
3447 3524 3720 3584 tamquam
3763 3509 3813 3563 in

2217 3610 2366 3679 asylo
2387 3606 2616 3678 quodam
2639 3606 3006 3671 defodiendas,
3029 3620 3138 3661 nou
3156 3605 3328 3660 solum
3349 3619 3462 3659 non
3490 3605 3812 3664 minuentur,

2218 3701 2312 3757 sed
2336 3701 2516 3756 multis
2543 3702 2781 3771 partibus
2806 3699 3038 3770 majores
3076 3699 3224 3753 fient.
3253 3696 3399 3752 Talis
3430 3698 3580 3752 enim
3612 3701 3694 3750 est
3721 3691 3813 3744 hu-

2216 3792 2306 3865 jus
2335 3794 2589 3849 semcntis
2630 3800 2836 3847 natura.
2869 3790 3021 3858 Quod
3058 3790 3102 3845 si
3147 3788 3444 3845 infirmiore
3489 3787 3674 3842 animo
3714 3789 3811 3846 est,

2219 3901 2378 3957 quam
2402 3893 2461 3940 ut
2486 3883 2737 3955 perfecta:
2767 3884 2845 3939 illi
2890 3884 2992 3954 legi
3037 3880 3324 3952 implendaa
3368 3895 3468 3950 par
3512 3879 3604 3944 sit,
3646 3886 3811 3943 neque

2220 3977 2396 4033 omnia
2428 3976 2583 4031 simul
2610 3991 2674 4031 eo
2702 3976 2948 4046 trajicere
2971 3974 3132 4038 velit,
3161 3972 3289 4026 illud
3318 3986 3510 4026 rursus
3538 3964 3810 4037 cogitet,si

2222 4071 2394 4124 virum
2419 4068 2663 4137 accipiat,
2693 4082 2798 4122 non
2824 4081 2955 4121 sane
2983 4065 3140 4120 talem
3170 4071 3536 4132 accepturam,
3566 4057 3656 4128 qui
3680 4056 3809 4109 bona

2221 4159 2529 4230 amplificet.
2557 4156 2709 4226 Quod
2737 4157 2783 4212 si
2810 4157 2970 4212 etiam
3000 4156 3120 4210 talis
3161 4154 3250 4220 sit,
3295 4168 3401 4208 non
3447 4151 3620 4205 solam
3661 4157 3809 4216 pecu-

2222 4251 2432 4307 niarum
2480 4248 2848 4305 accessionem
2888 4246 3212 4312 consideret,
3252 4242 3349 4300 sed
3401 4240 3534 4296 illud
3582 4247 3804 4308 quoque.

2223 4342 2337 4398 fore
2361 4349 2422 4397 ut
2447 4342 2626 4396 multis
2647 4340 2698 4394 in
2726 4339 2886 4394 rebus
2917 4338 3082 4392 Deum
3130 4344 3291 4406 atque
3327 4334 3582 4388 homines
3621 4325 3808 4381 hedera

2222 4441 2460 4504 cogatur.
2490 4431 2625 4486 Nam
2653 4431 2698 4485 si
2724 4430 2812 4484 ille
2849 4443 2915 4484 ex
2940 4441 3164 4483 numero
3190 4425 3489 4495 potentium
3520 4428 3679 4490 atque
3702 4412 3807 4481 OPi‘

2222 4523 2324 4579 bus
2350 4521 2732 4577 abundantium
2764 4518 2942 4584 fuerit,
2973 4518 3138 4572 multa
3163 4516 3309 4571 illam
3355 4524 3556 4585 praeter
3601 4513 3806 4562 senten-

2225 4615 2351 4671 tiam
2378 4623 2430 4669 et
2458 4613 2632 4668 facere
2654 4619 2710 4667 et
2733 4610 2874 4666 ferre
2895 4618 3082 4680 coget;
3110 4616 3165 4663 et
3192 4605 3335 4677 quod
3359 4621 3389 4659 a
3416 4602 3673 4659 viduitate
3701 4605 3805 4647 me-

2224 4707 2427 4770 tuebat,
2457 4705 2534 4759 illi
2565 4719 2703 4759 nunc
2733 4704 2901 4758 multo
2929 4701 3141 4772 gravius
3167 4709 3220 4755 et
3247 4696 3534 4753 violentius
3561 4688 3803 4746 immine-

2226 4797 2320 4853 bit.
2351 4797 2539 4862 Adde,
2586 4796 2801 4850 evenire
2849 4793 3102 4848 facillimc
3140 4805 3332 4861 posse,
3376 4797 3437 4843 ut
3476 4782 3802 4841 eelerrimam

2226 4890 2383 4944 faciat
2420 4889 2788 4943 mutationem.
2817 4886 2948 4941 Nam
2980 4885 3106 4939 dum
3131 4882 3288 4938 vidua
3314 4889 3416 4946 est,
3447 4879 3608 4935 ctiam
3635 4873 3679 4926 si
3709 4867 3801 4922 ali-

2222 4982 2363 5051 quod
2392 4982 2442 5034 ir.
2486 4979 2642 5034 bonis
2682 4978 3059 5032 detrimentum
3098 4974 3343 5044 accipiat,
3389 4972 3592 5039 reliqua
3635 4972 3800 5018 tamen

2223 5074 2310 5128 illa
2335 5074 2480 5128 salva
2505 5083 2558 5127 et
2587 5080 2695 5126 tuta
2723 5069 3016 5126 manebunt
3044 5087 3056 5122 :
3086 5077 3141 5122 at
3167 5066 3368 5137 potenti
3394 5065 3529 5125 viro,
3566 5065 3619 5113 et
3660 5064 3800 5109 rem-

2226 5166 2512 5237 publicam,
2551 5164 2636 5219 vel
2685 5162 2841 5216 aliam
2889 5161 3193 5232 quampiam
3236 5153 3663 5237 procurationem
3710 5154 3797 5210 ge-

2223 5236 2381 5323 renti,
2411 5256 2752 5314 matrimouio
2774 5255 2979 5325 juncta,
3005 5268 3149 5321 stupe
3174 5250 3353 5305 omnia
3379 5242 3536 5302 simul
3565 5236 3793 5294 amitte“

2223 5352 2585 5407 calamitatum
2615 5349 2777 5415 enim,
2807 5363 2926 5418 quae
2953 5346 3080 5400 viris
3119 5343 3386 5408 accidunt,
3435 5347 3628 5392 uxores
3665 5337 3790 5418 quq:

2182 5491 2191 5495 -
2223 5458 2326 5514 que
2356 5442 2637 5512 participes
2665 5408 2775 5495 sint
2800 5408 3031 5510 oportet.
3063 5435 3167 5491 Sed
3197 5443 3336 5499 esto,
3380 5428 3506 5485 nihil
3543 5408 3789 5514 ejusmodi

2223 5501 2447 5600 accidat,
2482 5534 2670 5605 ecquid
2700 5501 2856 5599 lucri,
2902 5530 2989 5585 die
3026 5530 3178 5591 mihi,
3223 5528 3529 5582 servitutem
3574 5501 3788 5607 libertati

2223 5594 2529 5681 anteferre?
2555 5594 2743 5694 ecquid
2773 5594 3012 5677 utilitatis
3039 5619 3235 5674 divitiae
3277 5616 3521 5673 afferunt,
3548 5616 3662 5660 cum
3692 5594 3783 5649 illis

2221 5717 2478 5772 arbitratu
2504 5731 2601 5771 suo
2631 5715 2706 5769 uti
2732 5713 2950 5767 minime
2977 5710 3172 5781 queat?
3207 5707 3392 5763 Nonne
3438 5699 3599 5757 multo
3657 5696 3784 5758 Pw"

2224 5808 2465 5865 stabilius
2495 5816 2593 5875 est,
2630 5821 2791 5876 pauca
2820 5804 2889 5859 ita
2920 5803 3226 5881 poszgderc,
3256 5808 3312 5854 ut
3335 5796 3418 5852 illa
3461 5793 3509 5847 in
3540 5780 3777 5859 poteswlﬁ
