4020 6380
301 371 398 424 617

307 484 527 545 habeas,
571 498 737 554 quam
769 482 968 548 omnia,
1000 496 1115 551 qua:
1142 481 1194 535 in
1221 479 1352 536 orbe
1379 489 1638 536 terrarum
1665 490 1808 547 sunt,
1835 496 1897 536 ca

309 574 637 638 conditione,
670 585 726 628 ut
753 590 855 629 una
881 589 1000 628 cum
1025 573 1124 628 illis
1147 581 1196 628 te
1212 589 1422 643 quoque
1443 574 1596 628 alteri
1617 574 1906 644 subjicias?

316 666 466 720 Mitto
513 680 659 719 nunc
687 680 866 732 curas,
899 664 1267 732 contumelias,
1296 665 1556 730 convicia,
1590 665 1904 736 zelotypias,

324 757 510 810 inanes
557 755 912 826 suSpieiones,
959 755 1170 810 dolores
1217 755 1478 825 pariendi,
1522 765 1576 810 et
1614 756 1816 826 reliqua
1857 757 1908 811 id

314 864 508 919 genus.
543 848 668 904 llaec
698 848 842 904 enim
869 857 1014 904 recte
1035 855 1162 903 tunc
1183 847 1495 914 afferuntur,
1527 863 1647 902 cum
1694 847 1760 901 ad
1805 848 1911 901 vir-

316 943 498 1009 ginem
523 956 704 996 sermo
734 939 977 1002 habetur,
1009 938 1203 1010 quippe
1231 954 1349 1009 qu'e
1385 938 1532 993 rudis
1557 948 1716 1009 atque
1742 939 1910 1008 impe-

318 1033 421 1086 rita
453 1044 535 1086 est
555 1032 857 1100 hujusmodi
883 1031 1286 1095 difﬁcultatum;
1315 1031 1486 1086 vidua:
1512 1041 1686 1086 autem
1713 1033 1756 1086 si
1784 1047 1909 1086 nar-

319 1134 509 1178 rentur
533 1123 832 1177 molestiam
865 1125 1038 1194 potius
1073 1121 1310 1178 afferent.
1342 1122 1468 1191 Qua:
1499 1123 1642 1178 enim
1665 1138 1761 1177 usu
1795 1124 1910 1193 ipso

320 1217 523 1286 optime
568 1215 770 1282 didicit,
806 1232 867 1271 ea
897 1217 940 1271 si
971 1217 1136 1285 ipsam
1167 1216 1344 1271 verbis
1366 1216 1561 1271 docere
1584 1217 1735 1281 velis,
1770 1215 1909 1270 frus-

323 1317 404 1361 tra
435 1323 652 1378 operam
677 1323 877 1362 sumas.
907 1307 1041 1362 Illud
1072 1316 1278 1362 tantum
1305 1307 1500 1363 addere
1524 1324 1621 1379 par
1659 1317 1758 1374 est,
1791 1323 1910 1364 cam

320 1416 445 1470 qua:
474 1400 617 1470 virgo
635 1401 836 1470 nupsit,
864 1400 1032 1455 multo
1058 1401 1258 1471 majore
1283 1416 1402 1455 cum
1433 1401 1677 1456 libertate
1703 1416 1766 1456 ac
1789 1401 1916 1455 fidu-

320 1492 403 1544 cia
447 1492 562 1545 viro
596 1506 836 1559 usuram,
883 1507 1040 1562 quam
1081 1508 1199 1562 quae
1240 1502 1358 1562 post
1405 1493 1736 1546 viduitatem.
1779 1492 1911 1547 Nam

323 1581 467 1636 hanc
493 1583 580 1652 qui
610 1585 896 1652 acceperit,
926 1593 983 1637 ut
1009 1599 1228 1638 uxorem
1257 1599 1438 1640 amare
1476 1593 1671 1654 potest,
1704 1593 1763 1639 ut
1808 1586 1915 1640 vir-

321 1674 502 1744 ginem
532 1674 743 1729 ductam
771 1690 875 1729 non
908 1685 1099 1744 potest.
1132 1677 1299 1743 Quam
1331 1692 1460 1732 vero
1489 1691 1702 1732 amores
1729 1677 1800 1732 illi
1834 1678 1915 1734 his

324 1765 778 1831 vehementiores,
809 1776 864 1821 et
912 1768 1081 1837 magis
1127 1768 1523 1838 quodammodo
1567 1769 1738 1823 insani
1785 1769 1912 1836 sint,

327 1856 529 1911 nemini
562 1872 664 1910 non
695 1857 1026 1926 exploratum
1054 1869 1154 1914 est.
1188 1859 1410 1913 Viduam
1437 1870 1615 1915 autem
1647 1869 1914 1929 tamquam

328 1952 428 2006 viri
473 1967 576 2005 non
606 1953 824 2007 omnino
866 1953 1084 2008 insciam
1129 1953 1350 2009 minime
1390 1963 1502 2010 toto
1543 1957 1722 2010 animo
1762 1970 1916 2009 com-

326 2045 590 2114 plectetur
616 2054 774 2116 atque
811 2047 1028 2100 amahit.
1072 2047 1274 2102 Omnes
1321 2048 1464 2102 enim
1522 2047 1632 2103 fere
1676 2049 1918 2102 homines

328 2136 563 2190 solemus
589 2136 700 2192 sive
726 2136 1010 2208 zelotypia,
1035 2138 1148 2192 sive
1187 2138 1360 2193 inanis
1385 2139 1569 2210 gloriae
1591 2139 1786 2204 studio,
1805 2138 1919 2194 sive

328 2227 511 2281 nescio
550 2241 653 2296 qua
699 2227 803 2282 alia
842 2242 998 2283 causa
1042 2228 1255 2283 adducti
1295 2244 1387 2284 eas
1431 2245 1517 2284 res
1565 2230 1833 2300 praecipue
1863 2230 1916 2284 in

329 2333 515 2372 amore
541 2317 757 2380 habere.
790 2319 982 2390 quibus
1004 2329 1291 2391 antequam
1325 2321 1379 2376 in
1413 2322 1638 2376 aliorum
1681 2330 1917 2391 potesta-

331 2417 440 2463 tem
469 2411 714 2465 venerint
739 2409 984 2477 fruimur,
1007 2426 1339 2483 quarumque
1383 2428 1479 2468 nos
1523 2413 1681 2484 primi
1720 2428 1783 2468 ac
1818 2414 1918 2469 silli

337 2501 542 2557 domini
570 2517 772 2558 sumus.
811 2502 871 2557 ld
911 2511 966 2559 et
1000 2504 1052 2558 in
1081 2505 1412 2560 vestimentis
1439 2505 1724 2560 usuvenire
1746 2506 1918 2560 anim-

327 2592 613 2658 advertas;
662 2609 767 2649 non
820 2595 960 2650 enim
1004 2611 1065 2650 ea
1088 2638 1102 2662 ,
1141 2597 1332 2666 quibus
1369 2597 1456 2651 alii
1479 2598 1558 2653 usi
1593 2607 1736 2666 sunt,
1767 2613 1920 2668 aeque

327 2697 456 2737 cara
484 2682 738 2740 habemus
759 2693 916 2755 atque
948 2685 1034 2740 illa
1063 2687 1252 2756 quibus
1281 2702 1455 2742 nemo.
1481 2689 1622 2744 Idem
1652 2689 1705 2743 in
1735 2689 1915 2764 domo,

331 2773 477 2829 idem
517 2775 568 2829 in
596 2777 737 2831 vasis
774 2794 786 2829 :
834 2776 1050 2831 domum
1096 2779 1240 2834 enim
1288 2779 1442 2834 nobis
1486 2781 1554 2835 ab
1593 2780 1698 2836 alio
1740 2780 1918 2836 datam

332 2880 444 2920 non
475 2867 694 2936 perinde
721 2883 981 2935 amamus,
1013 2879 1172 2940 atque
1198 2870 1362 2935 illam,
1409 2887 1568 2942 quam
1616 2874 1772 2928 nobis
1818 2872 1919 2943 ipsi

331 2965 636 3033 paravimus
666 2982 678 3018 :
707 2981 770 3022 ac
805 2967 967 3035 vasis,
999 2983 1117 3036 qua:
1145 2984 1316 3038 nuper
1345 2967 1482 3024 facta
1512 2977 1636 3024 sunt
1662 2969 1921 3039 nobisque

335 3057 565 3125 primum
596 3059 712 3112 usui
757 3058 990 3127 fuerunt,
1036 3061 1188 3116 valde
1233 3062 1518 3132 parcimus,
1563 3077 1920 3132 magnumque

331 3147 439 3201 illis
465 3148 842 3204 conservandis
879 3151 1110 3205 studium
1141 3151 1530 3220 impendimus;
1578 3168 1697 3223 quae
1741 3162 1918 3206 autem

330 3237 403 3289 ab
425 3237 544 3293 aliis
568 3237 632 3292 ad
669 3254 767 3293 nos
793 3250 1073 3305 venerunt,
1103 3256 1208 3295 non
1253 3256 1578 3311 magnopere
1622 3241 1676 3295 in
1717 3241 1921 3296 deliciis

332 3328 612 3396 habemus,
642 3330 734 3385 sed
762 3330 894 3386 adeo
919 3341 1322 3399 aversamur,ut
1350 3347 1491 3403 smpe
1521 3333 1572 3386 in
1601 3333 1758 3387 aliam
1786 3348 1920 3388 cou-

330 3430 602 3476 vcrtamus
644 3421 892 3476 formam.
921 3423 1071 3491 Quod
1097 3425 1140 3478 si
1171 3424 1223 3478 in
1251 3423 1433 3491 domo,
1466 3425 1517 3478 in
1549 3434 1717 3489 veste,
1747 3425 1799 3478 in
1828 3440 1918 3479 va-

331 3513 409 3568 sis
436 3513 536 3569 hoc
559 3513 737 3569 animo
762 3528 967 3582 sumus,
990 3518 1190 3586 cogites
1218 3515 1398 3581 velim,
1424 3517 1477 3569 in
1505 3531 1692 3582 uxore,
1720 3531 1820 3586 qua
1839 3515 1922 3570 ni-

333 3603 410 3658 hil
437 3603 738 3660 hominibus
757 3606 1041 3676 pretiosius
1070 3615 1171 3671 est,
1202 3614 1402 3676 quanto
1433 3606 1801 3662 vehementius
1823 3623 1922 3664 nos

331 3695 474 3751 afﬁci
499 3707 916 3752 consentaneum
939 3699 1025 3751 sit.
1061 3697 1196 3752 Nam
1227 3698 1327 3752 alia
1355 3697 1570 3768 quidem
1597 3713 1698 3753 nec
1723 3699 1805 3763 iis,
1832 3699 1920 3768 qui

331 3790 556 3858 cupiunt
575 3831 588 3854 ,
617 3805 927 3846 recusamus
955 3791 1352 3847 communicare
1384 3809 1395 3842 :
1428 3791 1567 3846 hanc
1596 3801 1773 3848 autem
1824 3792 1925 3845 mi-

334 3883 480 3938 nime
509 3882 587 3938 fas
614 3891 726 3951 εει,
755 3899 817 3938 ac
844 3885 998 3939 citius
1027 3885 1187 3939 vitam
1229 3885 1628 3955 profundcmus,
1667 3903 1823 3958 quam
1870 3888 1921 3943 id

334 3975 478 4028 ferre
505 3974 739 4029 animum
776 3974 1109 4031 inducamus.
1149 3975 1415 4046 Virginem
1463 3977 1622 4046 igitur
1668 3988 1722 4032 ut
1771 3978 1922 4034 dice-

335 4065 480 4130 bam,
515 4075 696 4134 utpote
717 4065 964 4119 intactam
1011 4074 1067 4120 et
1111 4065 1210 4120 sibi
1254 4067 1524 4136 prepriam
1565 4067 1710 4127 omni
1760 4065 1922 4123 animi

335 4155 538 4223 impetu
565 4155 969 4224 complectetur,
996 4172 1114 4211 eam
1143 4171 1288 4222 vero,
1312 4173 1430 4226 qua:
1455 4158 1608 4213 alteri
1634 4159 1778 4227 prius
1805 4175 1936 4214 con-

334 4249 530 4312 suevit,
565 4261 670 4301 nou
697 4261 845 4317 atque
876 4246 1146 4303 benevolis
1191 4255 1350 4318 atque
1397 4250 1581 4305 amicis
1623 4250 1794 4304 oculis
1834 4267 1924 4305 as-

336 4336 513 4406 piciet.

410 4428 460 4483 6.
490 4428 672 4499 Neque
698 4439 752 4485 tu
783 4431 934 4498 mihi,
959 4447 1076 4502 qua:
1100 4448 1222 4487 raro
1247 4449 1308 4488 ac
1334 4433 1416 4487 vix
1445 4435 1610 4490 semel
1638 4435 1912 4501 eveniunt,

339 4519 553 4585 afferas,
578 4519 673 4576 sed
694 4537 812 4591 qua:
835 4523 1070 4592 quotidie
1101 4524 1152 4576 in
1179 4525 1449 4578 communi
1477 4525 1582 4579 vita
1605 4534 1919 4580 cernuntur.

338 4612 523 4683 Neque
567 4629 696 4669 vero
740 4614 823 4668 ha:
853 4615 980 4670 sola:
1009 4631 1183 4671 causae
1226 4627 1386 4683 sunt,
1419 4634 1514 4672 cur
1558 4619 1648 4673 illa
1681 4619 1926 4676 fidentius

341 4714 499 4773 agat,
541 4720 726 4760 verum
755 4706 913 4760 etiam
945 4705 1063 4761 alia:
1106 4708 1306 4763 multae.
1352 4708 1482 4762 Nam
1508 4709 1682 4764 viduae
1709 4711 1924 4781 quidem

341 4799 564 4854 maritus
593 4799 747 4855 facile
773 4801 1098 4872 exprobrare
1135 4801 1365 4872 poterit,
1404 4818 1463 4858 se
1487 4819 1698 4873 quoque
1731 4803 1799 4857 ab
1838 4805 1926 4860 illa

344 4894 494 4962 parvi
531 4894 666 4960 fieri,
697 4909 760 4950 ac
797 4893 1083 4964 despectus
1123 4895 1375 4950 indicium
1413 4897 1656 4966 proferre
1694 4897 1927 4953 infideli-

345 4993 532 5050 tatem,
562 5001 719 5054 quam
746 5000 871 5056 erga
903 4987 1136 5056 priorem
1165 4988 1340 5042 virum
1367 4988 1636 5055 adhibuit,
1666 4998 1826 5060 atque
1857 4991 1926 5046 ita

342 5093 406 5131 os
435 5077 506 5130 illi
533 5077 834 5146 obstruere,
858 5078 1017 5149 idque
1041 5088 1145 5134 tam
1171 5079 1237 5135 de
1260 5080 1540 5150 prmtcritis
1565 5081 1745 5148 rebus,
1769 5099 1925 5152 quam

342 5169 409 5224 de
456 5171 539 5234 iis,
565 5187 683 5240 quae
731 5171 956 5226 fortasse
994 5171 1188 5228 futura:
1224 5189 1334 5228 non
1375 5183 1517 5229 sunt.
1558 5175 1746 5230 Morlui
1787 5176 1927 5230 enim

345 5261 444 5315 viri
474 5271 832 5332 contemptus,
859 5263 1122 5317 viventem
1145 5279 1378 5335 quoque,
1421 5274 1477 5320 ut
1521 5265 1662 5321 idem
1703 5267 1804 5321 sibi
1833 5283 1929 5322 ex-

346 5361 575 5420 spectet,
620 5353 960 5418 admonebit,
993 5355 1118 5410 licet
1154 5366 1468 5410 eventurum
1496 5373 1602 5412 non
1629 5358 1716 5412 sit.
1751 5358 1932 5428 Neque

344 5457 472 5496 vero
503 5443 590 5498 ille
611 5444 756 5497 solus
781 5443 896 5498 hmc
921 5455 1182 5514 perpetuo
1207 5447 1362 5500 uxori
1391 5447 1651 5516 objiciens
1673 5449 1933 5503 molestus

343 5537 466 5600 erit,
490 5535 583 5590 sed
611 5535 791 5592 famuli
824 5537 985 5593 etiam
1012 5546 1175 5608 atque
1203 5539 1432 5603 ancillm,
1461 5541 1504 5595 si
1530 5544 1706 5595 minus
1733 5541 1928 5611 palam,

343 5635 493 5681 certe
531 5628 691 5682 tacito
728 5628 960 5698 quodam
1000 5644 1274 5685 murmure
1312 5630 1582 5685 sexcentis
1607 5632 1775 5700 ipsam
1798 5647 1932 5686 con-

347 5720 496 5776 viciis
535 5722 828 5778 incessunt.
871 5722 1024 5788 Quod
1065 5724 1108 5780 si
1147 5723 1286 5779 ﬁlios
1328 5723 1632 5793 impuberes
1662 5740 1724 5780 ex
1753 5726 1932 5795 priore

347 5825 462 5866 vtrn
503 5811 784 5883 habuerit,
831 5815 1098 5886 quomodo
1153 5815 1270 5872 illos
1330 5815 1615 5887 educabit,
1664 5820 1931 5890 quomodo

1421 366 1506 423 DE
1545 366 1678 424 NON
1718 367 2062 424 lTEllANDO
2099 369 2447 428 CONJUGIO.

3488 371 3603 428 διε

2011 482 2257 538 curabit?
2292 483 2484 554 quibus
2524 492 2701 539 autem
2731 485 2941 555 pupillis
2975 502 3076 538 non
3125 485 3196 538 illi
3240 487 3486 540 miserius
3516 489 3592 541 vi-

2013 583 2162 639 vent,
2209 575 2299 645 qui
2344 586 2564 645 paterna
2605 577 2784 630 omnia
2825 577 2875 629 in
2908 577 3125 631 alterius
3155 586 3418 646 potestate
3448 577 3600 632 vidc-

2011 665 2166 733 bunt,
2211 664 2456 732 famulos,
2499 665 2738 733 domum,
2783 659 3001 736 pricdia,
3042 675 3096 721 et
3123 666 3262 737 quod
3299 677 3602 737 (aputom-

2012 759 2161 814 nium
2211 768 2331 827 est,
2381 761 2646 816 uxorem?
2697 761 2968 831 quomodo
3023 762 3208 815 matris
3260 762 3378 816 loco
3433 762 3601 831 ipsam

2013 853 2192 906 colere
2220 851 2293 905 illi
2324 851 2615 921 poterunt?
2645 851 2912 922 quomodo
2945 853 3088 924 ipsos
3116 853 3200 906 illa
3226 852 3455 908 ﬁliorum
3486 854 3604 909 loco

2014 942 2274 1012 diligere,
2316 959 2450 1013 quos
2492 958 2614 998 cum
2665 944 2934 1010 intuetur,
2976 945 3256 1000 erubescat
3295 960 3358 999 ac
3404 945 3606 1014 pudore

2015 1033 2350 1088 suffundatur
2382 1049 2598 1089 necesse
2636 1035 2725 1101 sit,
2763 1036 3060 1105 quibusque
3101 1053 3204 1091 non
3249 1053 3460 1092 omnem
3502 1038 3604 1091 im-

2017 1123 2254 1195 pendere
2303 1134 2603 1180 matcrnum
2650 1124 2898 1180 affectum
2952 1135 3167 1196 potest,
3212 1143 3400 1197 magna
3444 1128 3605 1181 animi

2015 1225 2176 1287 atque
2204 1217 2403 1270 amoris
2431 1226 2582 1285 parte
2616 1216 2668 1270 in
2698 1215 2866 1279 ﬁlios.
2895 1233 3029 1287 quos
3058 1233 3122 1271 ex
3150 1218 3321 1271 altero
3349 1218 3604 1288 suscepit,

2017 1306 2318 1361 translata?
2344 1307 2480 1374 Quid
2509 1307 2686 1377 igitur,
2718 1307 2946 1376 inquies,
2981 1307 3026 1360 si
3049 1307 3199 1362 valde
3233 1317 3412 1362 tenera
3447 1318 3606 1364 :ctate

2018 1396 2218 1466 fuerit,
2267 1407 2426 1469 atque
2469 1398 2664 1468 exiguo
2723 1406 2964 1468 tempore
3011 1398 3116 1452 frui
3162 1401 3278 1454 viro
3333 1399 3610 1468 potuerit?

2017 1489 2155 1556 Quin
2181 1488 2246 1544 ad
2279 1489 2485 1559 puellas
2524 1489 2639 1544 hrcc
2666 1489 2796 1544 mihi
2836 1489 2974 1544 dicta
3000 1499 3145 1556 sunt,
3179 1505 3286 1544 non
3326 1491 3462 1556 illas,
3492 1506 3610 1560 quae

2013 1581 2122 1652 jam
2154 1591 2485 1647 senuerunt;
2517 1597 2640 1636 nam
2669 1597 2788 1637 cum
2821 1583 2945 1648 illis,
2975 1583 3018 1637 si
3046 1583 3110 1637 ad
3141 1583 3349 1654 nuptias
3375 1585 3617 1638 animum.

2019 1673 2304 1744 adjiciam,
2371 1689 2438 1729 ne
2468 1673 2687 1728 verbum
2733 1672 2946 1743 quidem
2980 1673 3208 1739 faciam;
3251 1690 3424 1745 neque
3467 1675 3610 1730 enim

2019 1774 2200 1822 nostra
2248 1765 2352 1819 illis
2390 1765 2561 1819 oratio
2601 1779 2631 1818 a
2673 1765 2908 1820 secundo
2950 1764 3296 1820 matrimonio
3340 1766 3614 1821 abstinen-

2018 1855 2144 1910 dum
2168 1855 2529 1925 persuaderet,
2553 1853 2695 1925 quod
2723 1869 2903 1924 neque
2947 1854 3200 1924 temporis
3232 1853 3619 1925 longinquitas,

2019 1961 2193 2018 neque
2215 1955 2366 2015 artas,
2395 1961 2568 2016 neque
2595 1945 2738 2000 aliud
2761 1946 3050 2017 quidquam
3075 1946 3398 2016 persuadere
3421 1948 3616 2017 potuit;

2021 2037 2115 2094 sed
2150 2037 2216 2092 ad
2245 2038 2470 2107 juvenes
2494 2040 2670 2092 omnis
2703 2037 2832 2092 mihi
2859 2046 2944 2092 est
2974 2039 3211 2092 instituta
3241 2039 3432 2092 oratio.
3459 2038 3614 2106 Qua:-

2020 2132 2096 2187 ris
2135 2131 2316 2204 igitur,
2364 2129 2492 2201 quid
2521 2129 2567 2185 si
2601 2129 2773 2199 puella
2795 2171 2809 2194 ,
2855 2139 2910 2185 et
2938 2146 3058 2200 qua:
3093 2145 3199 2185 uno
3240 2139 3445 2184 tantum
3472 2147 3620 2185 anno

2019 2237 2142 2278 cum
2174 2222 2351 2292 priore
2381 2222 2495 2276 viro
2526 2219 2715 2288 fuerit,
2763 2221 2914 2276 alteri
2947 2221 3154 2277 nubat?
3184 2238 3279 2277 cur
3304 2223 3448 2277 illam
3478 2239 3615 2293 [ιι-ιε-

2021 2317 2163 2372 feres
2193 2319 2272 2383 ei,
2305 2332 2424 2388 qua:
2460 2317 2647 2388 viginti
2686 2325 2777 2372 aut
2805 2316 3020 2388 triginta
3051 2332 3221 2372 annos
3256 2318 3306 2372 in
3336 2319 3614 2372 matrimo-

2023 2411 2112 2465 nio
2139 2409 2288 2480 egit?
2327 2409 2442 2465 Non
2476 2409 2579 2465 hoc
2625 2425 2802 2465 meum
2833 2417 2936 2474 est,
2984 2409 3081 2465 sed
3124 2409 3264 2465 beati
3295 2410 3446 2465 Pauli
3479 2427 3490 2462 :
3525 2410 3620 2465 ille

2023 2503 2165 2558 enim
2198 2501 2412 2573 inquit:
2445 2501 2654 2556 Beatior
2694 2507 2863 2556 autem
2911 2503 3041 2567 erit,
3088 2502 3133 2556 si
3170 2503 3242 2556 sic
3286 2503 3619 2571 permanserit

2024 2597 2102 2668 (l.
2131 2595 2248 2652 Cor.
2279 2597 2331 2650 7.
2361 2595 2475 2668 40).
2507 2595 2839 2666 Caeteroqui,
2871 2595 3084 2651 tametsi
3116 2595 3204 2649 illa
3231 2594 3320 2649 diu
3349 2611 3468 2650 cum
3502 2596 3621 2649 viro

2022 2688 2174 2753 vixit,
2205 2696 2382 2742 tamen
2413 2704 2533 2742 cum
2560 2703 2696 2754 uno,
2729 2687 2917 2743 eodem
2940 2730 2954 2752 ,
2985 2703 3048 2742 ac
3087 2688 3228 2754 solo,
3261 2702 3527 2758 quemque
3553 2689 3628 2743 ab

2024 2779 2178 2834 initio
2207 2774 2461 2850 accepit:
2495 2779 2612 2834 haec
2647 2788 2822 2834 autem
2872 2778 3082 2834 duobus
3129 2793 3188 2833 se
3235 2781 3404 2850 ipsam
3449 2778 3616 2841 dedit,

2027 2873 2187 2943 idque
2217 2873 2357 2928 intra
2388 2873 2550 2928 breve
2582 2883 2813 2943 tempus.
2845 2873 2911 2927 At
2940 2887 3042 2926 non
3071 2872 3344 2927 voluntate
3375 2887 3468 2926 sua
3487 2911 3504 2940 ,
3533 2871 3619 2927 in-

2024 2966 2179 3035 quit;
2229 2980 2352 3020 nam
2397 2965 2444 3019 si
2492 2964 2641 3035 prior
2684 2964 2926 3030 viveret,
2976 2979 3140 3017 unum
3196 2962 3347 3016 illum
3392 2970 3620 3026 amaret,

2024 3065 2283 3127 praetcrea
2330 3056 2605 3111 neminem
2636 3073 2649 3109 :
2683 3069 2825 3109 nunc
2862 3056 3076 3125 quando
3124 3056 3405 3108 immatura
3448 3065 3624 3109 morte

2024 3149 2264 3204 Sublatus
2305 3156 2406 3214 est,
2455 3147 2758 3202 necessario
2798 3146 2952 3201 alteri
2996 3146 3259 3216 jungitur.
3306 3145 3410 3201 Sed
3447 3147 3622 3216 qualis

2025 3251 2107 3298 est
2133 3242 2248 3296 haec
2276 3241 2614 3296 necessitas?
2652 3240 2766 3310 Ego
2794 3239 2936 3294 enim
2965 3241 3063 3294 hac
3089 3253 3247 3309 quam
3279 3237 3439 3294 affers
3459 3239 3619 3292 aliam

2025 3336 2185 3406 longe
2225 3335 2480 3404 majorem
2508 3333 2686 3400 video,
2721 3347 2838 3402 qua:
2881 3332 3049 3402 ipsam
3095 3341 3306 3385 mortuo
3330 3331 3447 3386 viro
3488 3345 3621 3386 con-

2027 3436 2226 3483 tcntam
2265 3441 2384 3482 esse
2413 3424 2665 3490 suadeat,
2699 3425 2949 3478 nimirum
2979 3423 3241 3494 gustando
3272 3423 3576 3492 percepisse
3601 3463 3618 3487 ,

2026 3527 2282 3589 quantum
2328 3517 2495 3571 amari
2541 3517 2664 3571 insit
2707 3515 2758 3569 in
2805 3514 2964 3569 rebus
3006 3513 3307 3568 mundanis.
3343 3513 3472 3567 Nam
3502 3527 3624 3582 qua:

2027 3612 2078 3666 in
2127 3611 2254 3682 ipsis
2306 3609 2490 3680 perdiu
2541 3616 2748 3664 versata
2793 3615 2848 3662 et
2883 3607 3071 3661 satiata
3120 3614 3236 3671 est,
3281 3605 3347 3659 ad
3406 3605 3621 3660 easdem

2025 3718 2240 3760 rursum
2280 3717 2338 3757 sc
2376 3700 2650 3764 conferet,
2689 3698 2842 3770 quasi
2881 3697 3086 3752 similes
3125 3697 3412 3750 inventura
3447 3712 3460 3749 :
3502 3711 3621 3764 qua:

2026 3809 2202 3853 autem
2235 3795 2493 3866 principia
2532 3794 2646 3864 ipsa
2676 3792 2810 3847 adeo
2841 3791 3065 3846 molesta
3103 3798 3320 3860 experta
3351 3797 3464 3852 est,
3497 3789 3622 3858 quid

2027 3890 2128 3944 sibi
2177 3887 2366 3942 volens
2394 3927 2407 3952 ,
2459 3894 2550 3940 aut
2601 3873 2862 3955 sperans,
2910 3882 3277 3937 molestiarum
3330 3879 3631 3951 periculum

2028 3979 2230 4035 faciet?
2259 3977 2394 4033 Nam
2426 3977 2469 4031 si
2499 3977 2617 4046 quis
2645 3975 2711 4029 ad
2741 3984 3098 4029 mercaturam
3134 3970 3370 4026 animum
3397 3970 3628 4040 appulit,

2027 4073 2072 4128 si
2103 4079 2384 4140 antequam
2416 4067 2704 4138 quidquam
2733 4065 2866 4120 lucri
2898 4064 3089 4128 faciat,
3122 4061 3279 4116 simul
3311 4077 3373 4116 ac
3401 4077 3432 4116 e
3467 4072 3621 4130 portu

2029 4165 2176 4230 exiit,
2203 4162 2534 4231 naufragium
2569 4159 2724 4224 fecit,
2757 4174 2862 4212 non
2895 4156 3050 4210 facile
3079 4162 3434 4209 mercaturam
3473 4164 3621 4224 post-

2029 4256 2131 4309 hac
2153 4253 2422 4308 cxercebit
2445 4269 2458 4316 ;
2494 4253 2564 4305 ita
2592 4256 3009 4304 consentaneum
3037 4255 3139 4312 est,
3168 4245 3306 4298 hanc
3332 4245 3495 4298 multa
3522 4244 3622 4299 sibl

2031 4362 2061 4401 e
2092 4344 2435 4400 matrimonio
2461 4340 2694 4410 jucunda
2722 4340 3061 4410 pollicentem
3083 4379 3098 4404 ,
3128 4352 3311 4390 verttm
3339 4345 3621 4405 antequam

2030 4437 2096 4491 ad
2126 4453 2189 4491 ea
2215 4437 2351 4492 bene
2380 4432 2720 4505 percipienda
2751 4431 3030 4502 pervenire
3060 4438 3219 4499 queat
3240 4470 3253 4492 ,
3312 4439 3512 4482 tantum
3541 4428 3622 4484 lu-

2031 4539 2174 4584 ctum
2206 4525 2700 4596 dcprehendentcm
2728 4567 2742 4590 ,
2773 4538 2952 4578 rerum
2983 4521 3332 4576 humanarum
3362 4535 3629 4590 amorem,

2033 4621 2132 4676 nisi
2164 4618 2317 4674 valde
2345 4619 2416 4673 sit
2457 4618 2853 4687 intemperans,
2900 4614 3189 4684 deponere.
3234 4613 3536 4682 Quinetiam
3578 4614 3631 4669 si.

2033 4714 2187 4769 valde
2218 4714 2282 4769 iis
2311 4711 2576 4768 afﬁciatur
2604 4718 2764 4779 atque
2790 4707 2977 4774 iuhiet,
3006 4707 3251 4777 principii
3285 4715 3458 4761 tamen
3491 4707 3624 4777 iujn.

2035 4807 2280 4862 cunditas
2309 4805 2439 4860 satis
2465 4803 2654 4858 idonea
2683 4812 2784 4868 est,
2811 4817 2930 4871 quas
2958 4816 3170 4855 omnem
3199 4801 3503 4869 exstinguat
3528 4814 3624 4855 cu-

2033 4898 2328 4968 piditatem.
2355 4895 2505 4950 Tunc
2533 4895 2675 4950 enim
2708 4894 2760 4948 in
2791 4893 2872 4956 iis,
2908 4908 3027 4962 qua:
3068 4893 3399 4961 suscepimus
3420 4932 3434 4955 ,
3462 4891 3627 4960 potis-

2034 4991 2227 5046 simum
2260 5002 2604 5059 perseverare
2637 4985 3042 5050 consuevimus,
3075 4998 3195 5039 cum
3228 4981 3481 5051 principia
3513 4981 3624 5052 ipsa

2035 5098 2099 5138 ex
2128 5081 2391 5138 sententia
2433 5078 2834 5150 processerint;
2871 5077 3014 5148 quod
3056 5077 3099 5132 si
3142 5075 3208 5130 ab
3251 5075 3436 5139 initio,
3469 5085 3651 5143 atque-

2035 5177 2103 5230 ah
2135 5175 2262 5244 ipsis
2283 5217 2297 5242 ,
2329 5184 2387 5228 ut
2419 5173 2488 5227 ita
2530 5171 2792 5236 dixerim,
2835 5169 3141 5224 carceribus
3183 5170 3233 5222 in
3265 5167 3538 5222 molestias
3571 5183 3633 5221 ac

2035 5269 2375 5324 difﬁcultates
2401 5267 2745 5329 incurrimus,
2782 5264 2960 5317 statim
2991 5261 3251 5331 cupiditas
3279 5259 3535 5324 defervct,
3570 5275 3632 5312 ac.

2037 5370 2204 5415 totum
2251 5359 2523 5430 negotium
2574 5357 2909 5426 deponimus.
2961 5352 3356 5422 Quamobrem,
3403 5366 3630 5420 quarum

2038 5452 2320 5506 immatura
2340 5449 2565 5504 viduitas
2587 5458 2687 5511 est,
2709 5447 2808 5502 has
2829 5446 2957 5500 mihi
2984 5445 3208 5500 alterum
3233 5444 3630 5498 matrimonium

2038 5543 2210 5597 facilis
2235 5541 2612 5611 rcpudiaturas
2627 5538 2924 5593 verisimile
2947 5535 3179 5600 videtur,
3204 5550 3271 5589 ne
3297 5534 3483 5589 eadem
3512 5551 3628 5589 rur-

2037 5649 2128 5690 sus
2157 5634 2543 5704 perpetiantur.
2567 5631 2698 5684 Nam
2727 5645 2846 5698 qua:
2871 5635 3049 5682 servat
3068 5626 3402 5691 viduitatem,
3431 5626 3484 5679 iu
3517 5633 3630 5678 tuto

2038 5743 2096 5782 sc
2140 5725 2456 5790 collocabit,
2491 5738 2592 5777 nec
2619 5721 2847 5776 similem
2879 5718 3102 5790 posthac
3143 5720 3344 5774 luctum
3385 5717 3628 5781 timebit;

2040 5836 2198 5890 quem
2225 5834 2352 5874 sane
2387 5824 2699 5888 exspectare
2738 5823 2987 5886 cogetur,
3034 5829 3150 5885 quze
3179 5813 3412 5870 secundo
3439 5811 3626 5866 inani»
