3942 6394
358 350 462 405 619

362 463 598 519 monium
630 461 914 518 contraxit.
945 459 1057 514 lluc
1087 457 1293 513 accedit
1321 456 1562 513 eamdem
1589 454 1800 525 quidem
1829 467 1948 507 esse.

363 555 700 621 viduitatem,
734 569 840 608 non
872 560 1046 607 tamen
1079 549 1320 605 eamdem
1351 548 1598 602 omnibus
1629 544 1797 599 viduis
1826 559 1948 612 pro-

364 646 590 714 positam
633 658 751 698 essc
790 641 1124 708 mercedem,
1155 641 1248 695 sed
1282 639 1371 694 uni
1415 637 1761 708 ampliorem,
1797 633 1949 688 alteri

363 736 682 804 pareiorem.
719 734 847 802 Qua:
871 733 1011 789 enim
1050 733 1118 787 ab
1157 729 1511 785 adolescentia
1543 727 1726 797 jugum
1767 741 1950 780 susce-

363 833 586 896 perunt,
618 824 785 879 multo
816 823 1016 894 majore
1058 822 1260 876 honore
1295 819 1563 889 potientur
1585 860 1600 883 ,
1633 828 1791 888 atque
1831 832 1950 869 am-

364 917 625 986 plioribus
658 916 1000 979 muneribus;
1045 928 1164 983 qua:
1203 911 1463 966 autem'in
1508 911 1620 980 ipsa
1647 911 1756 979 jam
1793 925 1950 964 sene-

365 1018 532 1074 t-tute,
561 1024 666 1062 non
699 1023 848 1076 aeque
875 1014 1033 1075 atque
1063 1004 1187 1058 illae.
1216 1002 1352 1072 Quid
1389 1001 1502 1056 ita?
1533 1000 1682 1068 Quod
1711 999 1795 1053 illa
1837 1000 1955 1070 qui-

365 1099 519 1163 dem,
549 1114 666 1153 cum
711 1097 872 1150 multa
903 1096 1212 1160 obstarent,
1260 1095 1328 1148 ob
1357 1093 1448 1146 Dei
1491 1094 1737 1146 timorem
1776 1091 1953 1145 omnia

366 1191 468 1245 sibi
515 1188 837 1259 perferenda
871 1187 1041 1250 duxit,
1087 1185 1212 1240 huic
1250 1192 1428 1238 autem
1472 1182 1618 1237 nullo
1658 1181 1853 1235 sudore
1892 1196 1955 1234 ac

368 1283 551 1336 labore
591 1296 726 1353 opus
770 1282 904 1335 fuit:
934 1281 1053 1349 quis
1097 1279 1239 1334 enim
1288 1277 1456 1342 labor,
1505 1276 1595 1332 ubi
1639 1274 1769 1329 nihil
1813 1274 1954 1344 quod

365 1375 471 1426 vim
519 1371 751 1428 afferat?
801 1369 1261 1438 Quemadmodum
1311 1369 1506 1439 igitur,
1556 1383 1675 1438 quze
1724 1367 1954 1436 seipsam

366 1463 518 1517 alteri
548 1463 664 1518 viro
690 1462 861 1530 didit,
895 1462 984 1528 ei,
1025 1476 1143 1531 quae
1176 1461 1388 1520 unicum
1422 1461 1665 1530 agnovit,
1699 1458 1960 1515 concedat

367 1561 582 1623 Oportet
615 1571 626 1604 :
662 1553 732 1606 ita
762 1567 880 1622 qua:
921 1551 971 1604 in
1007 1551 1235 1620 ipsomet
1261 1551 1432 1605 aetatis
1467 1551 1598 1605 flore
1627 1550 1680 1604 in
1705 1549 1958 1605 viduitate

369 1653 716 1715 perseverat,
745 1644 900 1714 longo
931 1643 1209 1698 intervallo
1253 1657 1369 1698 eam
1392 1685 1407 1710 ,
1440 1658 1558 1712 quae
1595 1643 1648 1696 in
1687 1650 1960 1697 senectute

369 1736 543 1789 virum
584 1735 778 1800 amisit,
823 1735 1064 1788 anteibit.
1111 1735 1272 1804 Atqui
1319 1743 1543 1803 utraque
1571 1747 1737 1786 unum
1778 1731 1963 1785 habuit

370 1829 578 1896 virum,
618 1827 712 1883 sed
745 1828 858 1882 haec
901 1837 1076 1881 tamen
1123 1827 1294 1897 ipsum
1334 1825 1594 1880 castitatis
1635 1823 1958 1879 curriculum

372 1920 638 1986 confecit,
667 1919 757 1974 illa
786 1934 916 1974 vero
946 1920 1103 1988 longo
1133 1918 1283 1972 abest
1313 1917 1616 1971 intervallo.
1663 1915 1826 1986 Igitur
1853 1930 1960 1970 non

372 2016 440 2070 ad
470 2016 706 2070 laborem
751 2015 922 2070 solum
943 2056 957 2080 ,
989 2012 1080 2068 sed
1109 2013 1269 2068 etiam
1299 2011 1364 2066 ad
1396 2009 1698 2066 mercedem
1729 2021 1960 2078 spectes.

373 2107 464 2160 Sic
493 2106 746 2176 pleraque
773 2105 1022 2159 virtutum
1051 2103 1224 2157 officia
1249 2101 1486 2157 difficilia
1517 2101 1670 2157 nobis
1690 2101 1958 2167 videntur,

373 2212 493 2250 cum
543 2197 769 2252 sudores
816 2207 974 2266 atque
1025 2210 1319 2260 aerumnas,
1353 2209 1470 2264 qua:
1501 2192 1792 2248 subeunda:
1817 2201 1960 2260 sunt,

375 2288 587 2343 assidue
609 2289 788 2342 animo
809 2303 1108 2356 versamus,
1133 2302 1306 2358 neque
1331 2287 1600 2357 proposita
1627 2286 1730 2340 illis
1746 2285 1962 2356 praxmia

375 2379 872 2435 animadvertimus.

451 2471 569 2528 Una
605 2490 719 2527 cum
771 2473 1024 2527 laboribus
1063 2473 1274 2544 prmia
1323 2489 1516 2543 quoque
1562 2469 1855 2542 spectanda.
1893 2498 1966 2509 —

377 2566 530 2634 Quod
559 2567 780 2622 minime
806 2566 1103 2621 faciendum
1133 2575 1235 2632 est,
1260 2565 1354 2620 sed
1380 2564 1781 2633 circumspectis
1806 2561 1965 2617 simul

379 2658 650 2713 laboribus
690 2673 753 2712 ac
783 2658 1017 2728 prmmiis
1045 2671 1254 2712 summa
1297 2655 1674 2720 subducenda;
1707 2664 1834 2710 tunc
1873 2669 1968 2708 au-

379 2763 485 2806 tem
507 2793 524 2820 ,
555 2761 613 2806 ut
641 2766 770 2807 vere
814 2759 968 2819 sunt,
1013 2751 1086 2806 ita
1113 2765 1142 2804 a
1172 2750 1325 2806 nobis
1355 2749 1527 2804 facilia
1566 2747 1965 2819 judicabuntur.

378 2841 510 2895 Nam
537 2842 625 2912 qui
653 2841 704 2895 in
735 2841 876 2896 bello
899 2841 1157 2910 praaclare
1180 2854 1238 2895 se
1257 2840 1414 2911 gerit,
1447 2855 1552 2893 non
1572 2838 1791 2893 vulnera
1816 2836 1972 2892 dum-

380 2939 555 2998 taxat,
584 2945 739 2986 casus
768 2947 831 2987 ac
855 2939 1114 3000 mortem,
1144 2931 1250 2987 sed
1276 2933 1434 2986 etiam
1465 2939 1692 3000 tropzea,
1719 2929 1969 2984 victorias

378 3029 709 3092 caeterosqne
734 3023 968 3078 honores
993 3037 1181 3078 omnes
1205 3030 1460 3093 reputans
1485 3021 1536 3076 in
1564 3021 1732 3076 aciem
1762 3021 1971 3076 fortiter

380 3112 657 3170 descendit
704 3131 722 3204 ξ
761 3114 838 3170 sic
888 3113 1117 3185 agricola
1169 3128 1275 3171 non
1331 3113 1507 3169 solum
1561 3113 1828 3180 laborem,
1877 3112 1969 3183 qui

1076 351 1134 404 S.
1169 351 1452 406 JOANNIS
1489 348 1974 406 CHRYSOSTOMI
2012 346 2332 402 ARCHIEP.
2376 338 2924 401 CONSTANTlNOP.

3531 341 3638 398 620

2051 452 2250 509 arando
2287 469 2352 509 ac
2392 453 2644 510 fodiendo
2669 455 2960 510 sumendus
2987 463 3104 523 est,
3144 453 3235 510 sed
3264 453 3426 510 etiam
3456 469 3634 511 aream

2051 558 2114 598 ac
2159 545 2438 599 toreularia
2473 546 2544 600 ob
2575 545 2759 600 oculos
2802 560 3142 616 proponens,
3188 546 3435 601 alacriter
3477 561 3642 618 opera

2053 651 2146 690 sua
2179 647 2347 706 urget.
2394 637 2577 693 ltidetn
2619 639 2776 709 igitur
2813 649 2868 694 et
2905 655 3004 694 nos
3031 654 3126 709 spe
3165 640 3304 694 bona
3347 655 3641 694 aerumnam

2054 727 2323 782 viduitatis
2347 728 2516 784 levem
2544 729 2848 795 reddamus,
2877 738 3034 800 atque
3059 744 3126 785 eo
3153 731 3322 801 magis
3355 745 3454 784 nos
3479 745 3639 800 quam

2055 818 2148 882 illi,
2180 819 2321 887 quod
2352 819 2456 873 illis
2480 819 2694 890 quidem
2717 820 2881 874 multa
2909 835 3050 890 saepe
3071 836 3137 875 ex
3169 821 3255 889 iis,
3287 837 3407 891 qua:
3434 821 3485 875 in
3513 821 3644 891 ipsis

2056 913 2154 966 sita
2186 927 2292 966 non
2323 921 2494 977 erant,
2524 913 2976 983 exspectationem
3007 913 3401 983 praeciderunt;
3435 923 3643 968 nostras

2057 1013 2233 1060 autem
2272 1020 2394 1074 spes
2439 1021 2597 1060 nemo
2639 1011 2722 1060 est
2765 1006 2854 1076 qui
2896 1005 3219 1072 confundat,
3261 1005 3364 1060 nisi
3401 1006 3644 1059 voluntas

2059 1105 2236 1150 nostra
2263 1097 2568 1151 accesserit.
2599 1096 2728 1164 Quae
2757 1095 2960 1151 utinam
2993 1111 3099 1151 non
3130 1095 3364 1160 accedat,
3397 1096 3491 1151 sed
3519 1095 3646 1150 illud

2060 1187 2334 1241 nobiscum
2384 1188 2677 1257 cogitantes
2727 1187 2938 1242 viduam
2983 1202 3013 1240 a
3061 1187 3263 1257 virgine
3307 1202 3414 1241 non
3456 1187 3646 1257 procul

2059 1281 2248 1334 abesse
2269 1321 2282 1345 ,
2313 1290 2472 1350 atque
2498 1280 2659 1335 etiam
2691 1279 2958 1335 interdum
3005 1279 3151 1334 illam
3180 1279 3501 1334 antecellere
3521 1320 3538 1345 ,
3569 1280 3651 1333 ni-

2061 1372 2254 1426 mirum
2275 1413 2288 1437 ,
2318 1386 2437 1425 eum
2467 1371 2619 1441 virgo
2649 1371 2876 1441 negotiis
2901 1385 2960 1425 se
2998 1370 3282 1440 implicarit
3316 1388 3329 1425 :
3367 1369 3529 1424 Vidua
3548 1384 3648 1421 au-

2065 1473 2167 1518 tem
2200 1479 2264 1517 ex
2285 1463 2436 1517 Pauli
2463 1463 2726 1518 sententia
2775 1463 2999 1516 desolata
3024 1472 3069 1516 et
3094 1463 3145 1515 in
3167 1461 3276 1516 Deo
3300 1478 3440 1530 spem
3464 1476 3652 1531 ponens

2061 1555 2296 1609 institerit
2336 1554 2759 1608 obsecrationibus
2787 1563 2834 1608 et
2873 1553 3182 1626 orationibus
3213 1552 3299 1622 (1.
3327 1551 3456 1606 Tim.
3482 1552 3536 1607 5.
3560 1551 3650 1620 5),

2061 1656 2222 1716 atque
2251 1646 2317 1701 ab
2347 1646 2504 1716 hujus
2534 1647 2660 1701 vitae
2699 1646 2926 1716 negotiis
2955 1645 3289 1700 abstinuerit.
3331 1643 3387 1699 In
3428 1659 3647 1698 arenam

2067 1740 2204 1794 hanc
2231 1738 2620 1794 deseendamus
2651 1747 2708 1793 ut
2749 1754 2866 1808 qua:
2896 1737 3020 1793 inde
3049 1752 3146 1792 nos
3172 1747 3391 1792 manent
3431 1733 3654 1806 prmmia

2065 1847 2476 1902 consequamur.
2503 1831 2649 1898 lltce,
2679 1846 2784 1885 non
2811 1845 2918 1901 quo
2947 1831 3244 1885 necessaria
3268 1829 3653 1899 judicaremus,

2067 1925 2338 1979 attulimus
2359 1965 2374 1991 ,
2403 1932 2494 1978 aut
2523 1938 2629 1993 quo
2654 1923 2802 1989 illas,
2831 1937 2950 1992 qua:
2980 1923 3033 1976 in
3059 1921 3316 1976 viduitate
3345 1931 3658 1990 permanere

2067 2015 2273 2082 nolunt,
2300 2013 2808 2080 eondemnaremus,
2838 2012 2931 2067 sed
2962 2012 3062 2066 hoc
3091 2027 3254 2066 unum
3284 2009 3657 2065 cohortatione

2069 2106 2537 2175 admonitioneque
2562 2113 2745 2158 nostra
2771 2114 3009 2174 agentes,
3039 2111 3096 2156 ut
3123 2116 3192 2157 ne
3221 2111 3376 2157 terrae
3404 2108 3660 2170 perpetuo

2069 2198 2242 2252 affixa:
2275 2197 2483 2252 haerere
2517 2196 2703 2264 velint,
2749 2194 2842 2250 sed
2885 2193 3052 2249 semel
3091 2193 3277 2247 solutae
3320 2191 3372 2245 in
3413 2191 3660 2245 libertate

2072 2296 2343 2355 maneant,
2368 2288 2433 2342 ad
2454 2287 2645 2343 caelum
2681 2288 2938 2356 aSpirent,
2965 2285 3236 2340 cmlestem
3260 2281 3470 2338 vivendi
3498 2281 3662 2334 ratio-

2074 2399 2196 2438 nem
2224 2381 2532 2445 adhibeant,
2559 2394 2621 2433 ac
2645 2378 2842 2448 junctae
2864 2376 3077 2432 Christo
3097 2391 3159 2431 ea
3179 2377 3358 2431 omnia
3385 2382 3656 2444 prmstent,

2072 2491 2192 2546 qum
2219 2475 2286 2528 iis
2307 2472 2649 2537 conveniunt,
2674 2485 2791 2540 qua:
2817 2478 3022 2524 tantum
3046 2477 3215 2524 nacta:
3236 2477 3361 2522 sunt
3381 2480 3661 2536 sponsum:

2070 2566 2322 2638 quoniam
2366 2564 2540 2632 ipsum
2592 2562 2785 2617 deeet‘
2816 2562 2991 2617 omnis
3042 2561 3228 2629 gloria,
3261 2559 3432 2613 honor
3459 2567 3511 2612 et
3536 2557 3668 2612 ado-

2071 2659 2209 2714 ratio
2237 2671 2342 2712 una
2369 2670 2488 2710 cum
2517 2663 2734 2723 experte
2763 2650 3010 2722 principii
3036 2651 3193 2706 Patre
3221 2664 3284 2705 ac
3306 2647 3515 2704 viviﬁco
3538 2662 3664 2701 san-

2075 2761 2268 2819 ctoque
2297 2749 2466 2818 ipsius
2497 2744 2698 2814 Spiritu
2719 2785 2734 2812 ,
2767 2757 2910 2799 nunc
2947 2750 3002 2798 et
3028 2755 3275 2812 semper,
3304 2749 3360 2796 et
3385 2739 3441 2795 in
3467 2737 3667 2795 saecula

2075 2840 2417 2897 saeculorum.
2445 2839 2636 2894 Amen.

2140 3061 2158 3092 ί
2193 3057 2424 3120 Quoniam
2444 3053 2603 3119 ipsum
2625 3053 2776 3120 decet,
2802 3020 3047 3120 etc._ﬂ_tta:c
3084 3049 3299 3120 vulgata
3315 3045 3558 3119 cong‘uslo
3579 3044 3675 3096 do-

2079 3129 2157 3173 est
2180 3111 2230 3170 in
2251 3119 2404 3180 Colb.,
2427 3111 2602 3182 eétque
2625 3111 2829 3168 fortasse
2851 3111 3228 3165 additamentum
3254 3111 3451 3162 librarii.
