3942 6356
114 275 224 335 619³
318 288 327 297 ‘

123 394 291 466 ιξσοθται
317 392 507 449 τούτου
545 397 801 468 μισθοὺς..
836 400 950 454 ἀλλ’
978 402 1033 454 αἱ
1056 402 1152 473 μὲν
1183 402 1422 471 πλείους,
1457 407 1510 458 αἱ
1538 405 1595 459 δὲ
1628 406 1782 462 ἐλάτ-

126 509 256 559 τους.
300 495 366 549 Δί
403 497 503 568 μὲν
540 499 657 570 γὰρ
696 501 755 553 ὲν
801 500 1011 573 νεότητι
1052 502 1141 555 τὸν
1178 503 1341 573 ζυγὸν
1382 504 1783 577 ἀναδεξάμεναι

129 592 352 656 πλείονος
390 594 797 650 ἀπολαύσονται
828 598 920 652 καὶ
958 598 1058 669 τῆς
1085 600 1250 671 τιμῆς
1279 601 1373 654 καὶ
1400 601 1499 673 τῆς
1548 601 1780 673 δωρεᾶς,

128 687 177 742 αί
206 687 260 741 δὲ
296 689 433 761 πρὸς
464 690 617 762 αὐτῷ
641 692 723 763 τῷ
755 686 904 765 γήρᾳ
932 694 1029 764 ούχ
1055 693 1257 765 ὁμοίως
1300 695 1559 759 ἐκείναις.
1588 697 1653 751 Τί
1683 698 1783 765 δή-

129 802 277 852 ποτε;
311 786 432 839 Ὀτι
460 788 494 859 ἡ
530 788 630 858 μὲν
661 788 871 842 πολλῶν
906 786 1057 862 [559]
1088 789 1260 844 ὄντων
1298 790 1404 844 τῶν
1438 791 1782 863 κωλυμάτων

126 881 205 935 διὰ
227 879 452 936 τδνκτοῦ
486 883 621 937 Θεοῦ
673 884 837 955 φόὸον
881 884 1059 939 πάντα
1086 884 1380 957 ἠνέσχετο,
1404 885 1541 959 αὕτη
1573 888 1632 942 δὲ
1661 889 1784 942 οὐδὲ

128 979 320 1051 βραχὺν
354 979 554 1052 ἱδρῶτα
582 980 875 1052 ὑπέμεινεν
900 981 1022 1036 οὐδὲ
1048 982 1209 1037 πόνον
1227 998 1242 1013 ⁶
1265 983 1383 1047 πῶς
1405 972 1539 1056 γὰρ,
1568 985 1782 1050 οὐδενὸς

123 1075 262 1139 ὄντος
299 1076 624 1148 πράγματος
656 1077 750 1132 τοῦ
783 1077 904 1149 βίαν
943 1078 1310 1149 παρέχοντος;
1345 1078 1557 1148 Ὠσπερ
1604 1074 1697 1132 οὖν
1746 1081 1780 1150 ἡ

121 1174 347 1245 δευτέρῳ
380 1173 545 1229 δοῦσα
585 1177 785 1246 ἑαυτὴν
818 1175 1055 1230 ἐλάττων
1084 1175 1206 1229 ἐστὶ
1240 1176 1342 1247 τῆς
1368 1177 1460 1229 τὸν
1486 1174 1586 1228 ἐνα
1615 1174 1783 1247 ἄνδρα

120 1271 363 1343 ἐχούσης,
391 1272 563 1337 οὕτως
588 1275 621 1345 ἡ
645 1275 704 1328 ἐν
729 1273 929 1346 χηρείᾳ
960 1272 1198 1345 μένουσα
1223 1274 1281 1326 ἐν
1309 1274 1444 1345 αὐτῇ
1473 1274 1540 1344 τῇ
1569 1272 1783 1343 νεότητι

122 1370 291 1441 πολλῷ
321 1370 403 1443 τῷ
439 1372 620 1444 μέτρῳ
647 1373 746 1445 τὴν
777 1374 835 1426 ὲν
855 1372 934 1443 τῷ
968 1372 1117 1445 γήρᾳ
1153 1372 1245 1427 τὸν
1278 1372 1448 1443 ἄνδρα
1478 1369 1783 1425 ἀποϐαλοῦ-

123 1483 211 1520 σαν
243 1467 671 1539 ὑπερακοντίσαι
698 1469 986 1541 δυνήσεται
1041 1468 1222 1522 καίτοι
1249 1486 1315 1538 γε
1337 1467 1674 1540 ἀμφοτέραις
1702 1461 1783 1530 εἷς

122 1566 333 1633 γέγονεν
358 1568 388 1620 δ
425 1567 586 1639 ἀνὴρ,
618 1565 734 1620 ἀλλ’
773 1567 927 1638 ὅμως
955 1551 1096 1639 αύτη
1148 1566 1248 1639 μὲν
1284 1564 1376 1620 τὸν
1409 1564 1510 1636 τῆς
1558 1563 1783 1633 ἁγνείας

123 1662 310 1733 ἐδραμε
340 1662 572 1734 δρόμον,
610 1662 792 1736 ἐκείνη
836 1662 894 1717 δὲ
930 1662 1148 1728 πολλοῖς
1173 1662 1475 1733 ἀπελείφθη
1512 1664 1626 1725 τοῖς
1656 1677 1785 1714 στα-

125 1758 261 1823 δέοις.
305 1760 402 1832 Μὴ
444 1760 620 1815 τοίνυν
665 1760 777 1815 τδνν
804 1760 965 1814 πόνον
1014 1760 1131 1832 ῖδῃς
1172 1759 1353 1831 μόνον,
1403 1755 1539 1812 ἀλλά
1571 1753 1787 1810 καὶτὸν

129 1854 328 1925 μισθόν.
372 1855 486 1909 Καὶ
514 1855 625 1928 γὰρ
662 1855 733 1909 τά
774 1855 944 1910 πολλά
984 1855 1093 1910 τῶν
1125 1854 1568 1926 κατορθωμάτων
1613 1850 1788 1915 οὕτως

126 1955 246 2024 ἡμῖν
279 1953 519 2008 δύσκολα
551 1952 822 2023 φαίνεται,
853 1954 936 2008 δτι
973 1953 1066 2007 τὸν
1095 1952 1293 2026 μόχθον
1324 1950 1504 2005 αὐτῶν
1536 1950 1631 2005 καὶ
1662 1949 1789 2012 τοὺς

129 2050 352 2122 ἱδρῶτας
382 2050 621 2121 συνεχῶς
650 2049 975 2121 στρέφοντες
1003 2051 1130 2115 τοὺς
1168 2047 1565 2120 ἀποκειμένους
1604 2044 1790 2109 αὐτοῖς

130 2147 348 2218 μισθοὺς
392 2148 494 2201 οὐκ
536 2149 595 2201 ἐν
636 2145 714 2219 νῷ
760 2147 1130 2220 λαμϐάνομεν.
1185 2146 1326 2201 Ἀλλ’
1368 2147 1469 2217 οὐχ
1513 2142 1657 2198 οὕτω
1708 2142 1790 2195 δεῖ

126 2247 314 2309 ποιεῖν,
336 2243 472 2298 ἀλλά
494 2244 670 2299 πάντα
694 2244 827 2317 ὁμοῦ
850 2244 1162 2314 λογίζεσθαι
1192 2244 1331 2316 μετά
1357 2242 1466 2297 τῶν
1489 2241 1669 2296 πόνων
1696 2239 1792 2293 καὶ

126 2348 220 2411 τὰς
253 2346 510 2418 ἀμοιϐὰς,
546 2347 642 2400 καῖ⁵
670 2345 843 2411 οὕτως
872 2343 1072 2399 εὔκολα
1116 2346 1248 2417 ἡμῖν
1282 2343 1566 2412 φανεῖται,
1601 2338 1792 2408 ῶσπερ

131 2441 214 2501 οὖν
241 2445 339 2499 καὶ
377 2443 523 2498 ἔστιν
549 2442 768 2498 εὔκολα.
798 2443 911 2497 Καὶ
940 2441 1049 2515 γὰρ
1072 2444 1100 2497 ὁ
1139 2441 1396 2514 ἀριστεὺς
1424 2439 1485 2492 o6
1514 2436 1585 2492 τά
1621 2434 1794 2508 τραύ-

135 2564 270 2617 ματα
296 2544 483 2616 μόνον,
503 2542 624 2597 οὐδὲ
658 2542 729 2598 τά
759 2541 1050 2614 πτώματα,
1080 2542 1200 2597 οὐδὲ
1229 2542 1321 2596 τὸν
1350 2539 1581 2595 θάνατον
1603 2577 1619 2604 ,
1655 2536 1796 2591 ἀλλά

132 2646 219 2699 καὶ
243 2642 315 2696 τά
360 2639 596 2713 τρόπαια
639 2639 733 2694 καὶ
767 2639 868 2705 τὰς
893 2638 1047 2704 νίκας
1093 2639 1188 2694 καὶ
1233 2637 1334 2702 τὰς
1377 2635 1542 2699 ἄλλας
1575 2632 1796 2696 ἁπάσας

133 2738 585 2811 ἀναλογισάμενος
607 2737 774 2810 τιμάς
801 2736 973 2802 οὕτως
996 2737 1090 2792 ἐπὶ
1109 2736 1210 2810 τὴν
1232 2733 1515 2807 ἀριστείαν
1541 2731 1792 2804 ἔρχεταιο

133 2838 222 2897 καὶ
252 2838 283 2893 δ
300 2832 548 2908 γεωργὸς
574 2834 632 2889 δέ
656 2834 777 2907 οὐχὶ
801 2834 898 2907 τὴν
922 2834 1112 2907 ἄροσιν
1140 2832 1324 2904 μόνον,
1349 2829 1473 2886 οὐδὲ
1510 2830 1602 2885 τὸν
1626 2829 1685 2884 ἐν
1719 2825 1797 2899 τῷ

1226 310 1231 319 ι
1330 291 1418 345 DE
1457 290 1597 348 NON
1641 292 1988 349 ITERANDO
2027 296 2384 355 CONJUGIO.

3454 304 3561 359 620

1889 412 2153 467 σκάπτειν
2183 414 2343 467 πόνον
2365 452 2380 477 ,
2411 413 2547 468 ἀλλά
2581 415 2676 469 καὶ
2700 415 2797 488 τὴν
2821 416 2954 482 ἅλω,
2987 415 3081 471 καὶ
3109 414 3209 482 τάς
3232 415 3426 489 ληνοὺς
3455 418 3563 488 πρὸ

1885 507 1995 561 τῶν
2027 508 2322 581 ὀφθαλμῶν
2356 508 2490 574 θεὶς,
2518 509 2664 565 οὕτω
2690 511 2800 566 τῶν
2838 512 3017 583 ἔργων
3047 512 3371 583 ἐφάπτεται.
3402 512 3561 566 Οὕτω

1886 606 1982 659 καὶ
2028 608 2189 677 ἡμεῖς
2228 607 2348 669 ταῖς
2383 605 2563 660 ἐλπίσι
2594 609 2714 672 ταῖς
2758 611 3027 678 χρησταῖς
3060 607 3152 663 τὸν
3190 607 3294 679 τῆς
3333 607 3563 679 χηρείας

1888 701 2087 774 μόχθον
2117 702 2581 774 ἐπικουφίσωμεν,
2607 703 2704 757 καὶ
2728 704 2906 777 πολλῷ
2939 704 3141 775 μᾶλλον
3166 706 3329 776 ἡμεῖς
3362 705 3400 775 ἢ
3429 705 3566 757 ἐκεῖ·

1884 815 1995 852 νοι·
2026 796 2254 861 ἐκείνοις
2284 798 2382 869 μὲν
2408 798 2518 871 γὰρ
2552 797 2721 852 πολλὰ
2755 799 3020 863 πολλάκις
3057 798 3168 853 τῶν
3198 800 3298 853 οὐκ
3339 799 3424 852 ἐπ’
3460 798 3562 852 αὐ-

1884 896 1997 958 τοῖς
2021 895 2288 967 κειμένων
2308 895 2407 968 τὴν
2438 896 2768 969 προσδοκίαν
2809 896 3049 967 διέκοψε,
3078 898 3176 962 τάς
3200 897 3257 950 δὲ
3283 897 3562 968 ἡμετέρας

1877 991 2104 1057 ἐλπίδας
2144 994 2320 1058 οὐδεὶς
2355 995 2385 1048 ό
2418 994 2796 1065 καταισχύνων
2834 994 3019 1059 ἐστὶν,
3052 994 3118 1047 ἂν
3168 992 3245 1065 μὴ
3293 992 3566 1064 βουληθῶ-

1885 1104 1986 1158 μεν
2026 1089 2196 1142 αὐτοί.
2231 1090 2324 1160 Μὴ
2352 1090 2415 1161 δὴ
2449 1089 2829 1161 βουληθῶμεν,
2856 1088 2970 1143 ἀλλ’
3010 1089 3362 1159 ἐννοήσαντες
3396 1087 3471 1151 ὡς
3500 1087 3560 1140 06

1883 1184 2063 1256 πολλῷ
2084 1186 2187 1256 τῆς
2207 1186 2478 1257 παρθένου
2502 1187 2535 1258 ἠ
2556 1187 2702 1257 χήρα
2726 1186 2974 1240 λείπεται
2992 1183 3131 1254 (ἐστι
3150 1184 3208 1237 δὲ
3229 1185 3363 1237 ὅπου
3393 1184 3563 1255 αὐτὴν

1882 1280 1979 1334 καὶ
2008 1278 2469 1353 ὑπερηκόντισεν,
2504 1281 2634 1337 ὅταν
2662 1281 2694 1352 ἡ
2726 1281 2826 1351 μὲν
2861 1279 3129 1352 παρθένος
3161 1277 3563 1349 περιπλέκηται

1883 1374 2205 1449 πράγμασιν
2224 1417 2239 1442 ,
2274 1378 2341 1431 Ἠ
2365 1377 2421 1430 δὲ
2444 1378 2621 1446 χήρα,
2650 1376 2790 1431 κατὰ
2814 1377 2903 1430 τὸν
2920 1374 3154 1440 Παῦλον,
3171 1373 3561 1444 μεμονωμένη

1882 1472 1983 1528 καὶ
2006 1474 2334 1534 ἐλπίζουσα
2356 1474 2455 1527 ἐπὶ
2478 1473 2750 1527 τὸνθεόν
2772 1471 3190 1541 προσκαρτερῇ
3209 1470 3338 1537 ταῖς
3355 1469 3565 1536 δεήσε-

1884 1582 1947 1622 σι
1972 1567 2071 1622 καί
2099 1568 2229 1634 ταῖς
2250 1568 2647 1638 προσευχαῖς,
2674 1568 2766 1621 κα)⁸
2797 1568 2903 1621 τῶν
2931 1567 3198 1638 βιωτικῶν
3225 1566 3568 1637 πραγμάτων

1885 1662 2214 1734 ἀπέχηται),
2242 1662 2630 1734 ἀναδεξώμεθα
2654 1663 2748 1716 τὸν
2783 1662 2969 1731 ἀγῶνα
2997 1660 3220 1727 τοῦτον,
3250 1661 3337 1714 ἵνα
3369 1652 3479 1712 τῶν
3508 1661 3568 1712 ὲν

1889 1759 2039 1831 αὑτῷ
2068 1759 2351 1829 στεφάνων
2374 1760 2648 1831 τύχωμεν.
2678 1757 2864 1814 Ταῦτα
2889 1760 3018 1831 ὑμῖν
3043 1760 3144 1812 οὐκ
3176 1757 3425 1827 ἀνάγκης
3452 1757 3569 1810 ἓνε-

1891 1875 1985 1911 κεν
2023 1855 2240 1929 εἴρηται
2260 1898 2275 1925 ,
2323 1856 2477 1922 οὐδὲ,
2507 1857 2645 1928 ὅπερ
2676 1856 2845 1927 ἔφην,
2877 1855 3336 1919 καταδικάζοντες
3374 1851 3473 1915 τὰς
3506 1853 3568 1906 06

1893 1952 2223 2025 βουλομένας
2250 1952 2532 2024 χηρεύειν,
2559 1954 2651 2007 ἐπὶ
2675 1953 2883 2024 ταύτην
2904 1950 3141 2025 ἤλθομεν
3171 1951 3271 2022 τὴν
3302 1949 3572 2020 παραίνε-

1894 2065 1978 2102 σιν
1996 2090 2011 2114 ,
2041 2049 2177 2103 ἀλλά
2204 2049 2604 2122 προτρέποντες
2638 2049 2734 2103 καὶ
2763 2048 3229 2121 παρακαλοῦντες,
3257 2048 3331 2119 μὴ
3364 2048 3458 2101 ἐπὶ
3480 2062 3573 2099 το-

1896 2146 2084 2200 σοῦτον
2124 2145 2482 2219 προσδεθῆναι
2514 2149 2580 2218 τῇ
2612 2148 2706 2218 γῇ,
2752 2147 2869 2201 ἀλλ’
2910 2145 3060 2211 ἅπαξ
3090 2143 3348 2207 λυθείσας
3392 2145 3575 2213 μένειν

1891 2240 2207 2315 ἐλευθέρας,
2237 2243 2332 2296 καὶ
2357 2243 2447 2297 τὸν
2472 2243 2700 2315 οὐρανὸν
2725 2244 3031 2314 ἐπιζητεῖν,
3055 2242 3151 2295 καὶ
3172 2240 3270 2312 τὴν
3297 2236 3574 2292 πολιτείαν

1891 2339 2293 2394 ἐπιδείκνυσθαι
2317 2339 2415 2410 τὴν
2439 2340 2575 2404 ἐκεῖ,
2612 2339 2706 2393 καὶ
2732 2318 3107 2411 ἁρμοσθείσας
3126 2337 3205 2410 τῷ
3230 2334 3451 2408 Χριστῷ
3478 2332 3574 2387 0‘6-

1891 2455 2000 2503 τως
2045 2438 2261 2492 ἅπαντα
2305 2438 2593 2509 πράττειν,
2633 2437 2710 2501 ὡς
2759 2437 3005 2508 προσῆκε
3042 2436 3143 2499 τὰς
3184 2434 3275 2488 τὸν
3331 2431 3576 2486 τοιοῦτον

1896 2535 2124 2607 ἐχούσας
2165 2533 2431 2606 νυμφίον,
2473 2535 2556 2588 ὅτι
2590 2533 2740 2605 αύτῷ
2774 2532 2976 2605 πρέπει
3028 2533 3179 2586 πᾶσα
3238 2530 3387 2597 δόξα,
3439 2526 3575 2597 τιμὴ

1893 2632 1989 2686 καὶ
2011 2630 2405 2705 προσκύνησις,
2430 2632 2527 2685 σὺν
2550 2629 2626 2702 τῷ
2649 2629 2875 2701 ἀνάρχῳ
2896 2629 3074 2701 Πατρ“ι
3100 2628 3193 2682 καὶ
3214 2626 3290 2698 τῷ
3322 2620 3575 2692 ζωοποιῷ

1902 2728 1997 2782 καὶ
2036 2726 2177 2798 ἁγίῳ
2217 2725 2384 2781 αὐτοῦ
2426 2724 2738 2798 Πνεύματι,
2785 2725 2883 2781 νῦν
2929 2722 3025 2780 καὶ
3062 2724 3186 2793 ἀεὶ,
3213 2720 3309 2777 καί⁹
3336 2721 3418 2785 είς
3450 2716 3578 2780 τοὺς

1904 2826 2105 2892 αἰῶνας
2138 2824 2246 2882 τῶν
2279 2823 2514 2880 αἰώνων.
2560 2821 2755 2896 ’Δμήν.
