3942 6390
556 510 1954 541 W—

1878 518 2234 533 -ᾤ

1294 752 1418 840 ΙΝ
1524 743 1956 839 LIBROS

1229 316 1287 373 S.
1325 317 1615 375 JOANNIS
1653 309 2148 373 CilllYSOSTOMl
2189 310 2512 370 ARCHIEP.
2558 307 3105 368 CONSTANTINOP.

3713 310 3812 368 6‘22

2670 504 3802 533 *ψη-..Μ

2670 523 2869 531 Ὴψγμ
2890 526 2909 530 ,
2930 520 3297 530 ,η-ναρκ-...Α

2251 521 2666 531 Μ..-

2062 742 2209 834 ΒΕ
2313 738 3069 835 SACEBDOTIO

1811 952 2544 1141 MONITUM.

1943 1296 2422 1323 ψ

612 1485 762 1561 [560]
784 1483 980 1540 Eaimii
994 1480 1176 1553 operis
1192 1485 1570 1552 argumentum
1584 1491 1648 1531 ex
1676 1475 1793 1545 ipso
1814 1472 1933 1543 ejus
1952 1487 2123 1543 proa-

543 1585 657 1637 mio
679 1592 1012 1635 mutuamur.
1041 1574 1306 1635 Basilius,
1343 1572 1483 1625 inter
1510 1569 1720 1625 amicos
1741 1564 2121 1637 Cbrysostomi

551 1671 880 1743 pracipuus,
912 1668 1107 1724 iisdem
1131 1673 1293 1735 atque
1322 1663 1409 1716 ille
1443 1659 1745 1733 magistris,
1795 1657 1986 1714 iisdem
2039 1655 2123 1710 di-

550 1761 798 1832 sciplinis
819 1773 1038 1830 cperam
1070 1756 1221 1811 dedit
1246 1773 1259 1807 :
1301 1769 1398 1824 par
1427 1761 1547 1807 erat
1572 1749 1855 1819 utriusque
1883 1746 2122 1811 animus,

547 1869 644 1924 par
676 1851 894 1924 generis
932 1846 1218 1913 conditio;
1261 1859 1429 1900 unum
1481 1842 1624 1897 circa
1681 1842 1806 1895 vita
1854 1839 2123 1893 rationem

541 1941 909 2014 propositum,
962 1936 1223 1993 amicitia
1273 1933 1493 1988 vinculo
1542 1939 1933 2000 opportunum.
1984 1926 2123 1982 Cum

544 2049 674 2088 vero
702 2032 1010 2103 proximum
1035 2037 1181 2085 esset
1209 2035 1271 2082 ut
1304 2024 1541 2081 Basilius
1568 2024 1734 2077 vitam
1760 2018 2118 2075 monasticam

544 2127 982 2196 amplecteretur,
1019 2129 1150 2177 tunc
1208 2118 1635 2190 Clirysostomus
1684 2114 1804 2170 loro
1837 2127 2125 2183 seeuaque

547 2217 799 2272 addictus
838 2215 1017 2272 studia
1065 2214 1121 2268 in
1173 2210 1450 2267 contraria
1509 2207 1836 2265 declinabat.
1889 2204 2127 2262 Basilius

542 2326 695 2371 vero.
725 2309 817 2380 qui
852 2304 1232 2379 Cbrysostomi
1272 2303 1575 2359 amicitiam
1603 2310 1658 2357 et
1695 2297 2118 2356 contubernium

545 2402 728 2472 magni
754 2400 1004 2464 iaciebat,
1039 2398 1142 2453 hoc
1189 2394 1258 2451 ab
1298 2409 1364 2450 eo
1409 2395 1626 2450 demum
1677 2391 2011 2463 impetravit,
2067 2399 2128 2445 ut

544 2497 708 2548 domo
763 2500 995 2559 uterque
1048 2503 1147 2545 sua
1197 2488 1386 2544 relicta
1436 2500 1729 2542 commune
1785 2484 2123 2540 domicilium

544 2588 860 2644 incolerent.
890 2584 1016 2640 Hac
1054 2582 1300 2639 consilia
1331 2580 1425 2636 ubi
1479 2581 1718 2651 primum
1754 2578 1927 2635 sensit
1954 2577 2128 2648 Chry-

545 2679 770 2733 sostomi
801 2686 998 2740 mater,
1035 2674 1208 2729 illium
1238 2686 1308 2728 ne
1346 2687 1406 2728 se
1434 2672 1654 2727 deserat
1686 2669 1943 2727 admistis
1968 2668 2125 2725 blan-

542 2771 692 2827 ditiis
715 2770 992 2833 hortatur,
1027 2767 1273 2837 dumque
1308 2764 1411 2835 ipsi
1463 2780 1493 2819 a
1529 2762 1759 2834 pristina
1813 2775 1953 2832 pene
2001 2776 2128 2817 sen-

545 2865 715 2920 tentia
746 2863 983 2919 abducto
1046 2861 1215 2916 instat
1250 2858 1508 2924 Basilius,
1567 2857 1758 2912 eadem
1790 2870 1912 2926 qua
1973 2854 2139 2941 prius.

541 2956 870 3027 efﬂagitans,
902 2968 1031 3009 ecce
1074 2950 1220 3006 fama
1276 2949 1519 3018 undique
1564 2945 1878 3018 percrebuit
1915 2953 2129 3000 utrum-

543 3064 653 3118 que
680 3048 735 3102 in
769 3044 1135 3117 episcopalem
1171 3042 1489 3114 dignitatem
1516 3037 1950 3110 promovendum
1975 3053 2123 3094 esse.

543 3139 663 3194 iloc
694 3136 929 3209 perculsi
974 3134 1137 3189 ambo
1174 3146 1396 3188 rumore
1426 3131 1587 3201 longe
1640 3130 1909 3186 dissimile
1949 3129 2131 3186 consi-

541 3234 678 3287 lium
717 3231 946 3295 ineunt;
980 3225 1215 3282 Basilius
1248 3234 1418 3281 totum
1446 3223 1524 3279 rei
1548 3222 1820 3294 judicium
1855 3221 2128 3293 permittit

542 3325 743 3390 amico,
777 3323 830 3376 in
884 3328 1183 3389 utrumque
1212 3325 1461 3389 paratus,
1511 3317 1628 3371 sive
1669 3314 2124 3371 consentiendum

542 3420 657 3474 sive
683 3413 999 3486 fugiendum
1030 3420 1219 3476 esset;
1248 3410 1675 3481 Cbrysostomus
1726 3423 1881 3473 vero,
1932 3409 2026 3479 qui
2067 3423 2127 3464 se

542 3518 695 3566 tanto
723 3508 931 3562 honore
951 3518 1180 3574 prorsus
1209 3501 1524 3571 indignum,
1560 3500 1798 3556 amicum
1857 3516 1987 3557 vero
2039 3499 2129 3556 di-

538 3598 866 3673 gnissimum
919 3595 1194 3658 censebat,
1236 3608 1306 3648 ne
1343 3600 1454 3648 tam
1499 3591 1695 3648 idoneo
1733 3592 1984 3648 ministro
2022 3591 2130 3649 Ec-

543 3690 766 3747 elesiam
787 3685 878 3742 Dei
909 3684 1162 3755 privaret,
1179 3684 1267 3754 pia
1289 3699 1423 3739 usus
1451 3690 1589 3745 arte,
1608 3681 1744 3736 nihil
1761 3695 1955 3752 urgere
1970 3682 2128 3750 dixit,

541 3785 635 3839 sed
657 3784 761 3839 hac
795 3780 863 3837 de
895 3795 951 3835 re
999 3786 1186 3849 postea
1242 3792 1344 3833 suo
1399 3785 1646 3846 tempore
1706 3773 2127 3829 deliberandum

541 3891 665 3932 esse
690 3893 703 3930 :
731 3889 795 3928 ea
821 3871 1029 3928 scilicet
1059 3876 1259 3935 mente,
1298 3877 1356 3924 ut
1401 3868 1657 3923 incautus
1683 3863 1922 3923 Basilius
1963 3880 2128 3935 cape-

542 3976 692 4021 r«-tur
714 3974 768 4021 et
793 3961 1160 4033 episcopalem
1190 3960 1440 4015 ordinem
1482 3959 1568 4014 vel
1600 3959 1804 4013 invitus
1833 3957 2122 4026 acciperet.

545 4058 669 4127 ipse
700 4071 829 4111 vero
855 4054 1072 4109 interim
1099 4065 1223 4108 sese
1267 4050 1600 4106 occultavit:
1633 4063 1832 4120 resque
1868 4062 1969 4118 pro
1997 4056 2127 4103 voto

543 4148 620 4203 illi
651 4146 855 4212 cessit;
905 4154 1098 4216 captus
1126 4143 1274 4200 enim
1306 4141 1567 4207 Basilius,
1603 4139 1705 4196 etsi
1758 4138 1851 4193 diu
1887 4150 2123 4193 relucta-

543 4253 650 4306 tus,
684 4239 970 4295 ordinatus
1025 4246 1208 4293 tamen
1266 4242 1372 4291 est.
1428 4233 1568 4290 Hinc
1627 4232 1883 4305 quarela
1939 4231 2124 4287 Basilii

539 4333 683 4406 apud
710 4332 1179 4404 Cbrysostomum,
1209 4337 1265 4383 et
1289 4326 1676 4399 responsiones
1714 4322 2122 4396 Cbrysostomi,

539 4429 697 4496 queis
729 4434 901 4481 totum
939 4438 1079 4495 Opus
1138 4421 1342 4493 dialogi
1394 4435 1550 4475 more
1597 4417 1997 4484 constituitur;
2048 4416 2125 4472 ibi

541 4530 671 4570 vero
699 4515 769 4570 de
795 4513 1061 4585 dignitate
1088 4521 1143 4569 et
1170 4510 1350 4567 cilicio
1379 4511 1727 4567 sacerdotum
1760 4518 1870 4565 tam
1908 4506 2125 4579 egregie

540 4606 784 4674 loquitur
831 4612 1055 4658 sanctus
1112 4603 1344 4669 doctor,
1397 4608 1460 4656 ut
1516 4600 1608 4655 hic
1658 4600 1796 4655 liber
1862 4600 2121 4655 omnibus

541 4711 759 4765 semper
793 4694 1143 4749 admirationi
1182 4693 1370 4748 fuerit.
1407 4692 1650 4749 Isidorus
1678 4701 1827 4748 certe
1845 4690 2122 4750 Pelusiota

542 4789 703 4858 epist.
741 4785 845 4841 156
875 4785 999 4841 libri
1044 4801 1085 4850 ι,
1125 4779 1350 4838 Nullum
1389 4784 1552 4849 enim,
1615 4784 1713 4848 ait,
1771 4782 2002 4850 nullum,
2038 4783 2124 4838 in-

539 4896 719 4952 quam,
752 4887 931 4951 pectus
979 4878 1138 4948 hujus
1173 4878 1327 4932 lectio
1355 4877 1672 4947 penetravit,
1724 4876 1863 4947 quod
1901 4892 2002 4931 non
2040 4877 2124 4931 di-

538 4975 659 5028 cina
689 4988 869 5027 amore
892 4971 1152 5026 sauciarit
1176 4986 1194 5023 :
1223 4969 1577 5024 venerandam
1614 4970 1803 5040 quippe
1827 4985 1936 5024 rem
1962 4979 2123 5038 atque

539 5066 692 5121 aditu
729 5065 990 5136 difﬁcilem
1026 5061 1385 5141 sacerdotium
1434 5077 1545 5117 esse
1591 5061 1945 5126 demonstrat,
1979 5063 2124 5132 ejus-

537 5173 637 5227 que
693 5159 790 5210 rite
827 5155 1243 5210 administrandi
1295 5155 1559 5209 rationem
1619 5153 1787 5207 docet.
1837 5151 1981 5207 Nam
2021 5152 2120 5207 Dei

537 5264 855 5303 arcanorum
883 5249 1095 5318 sapiens
1146 5246 1236 5301 ille
1267 5248 1524 5316 interpres
1554 5243 1813 5309 Joannes,
1869 5243 2121 5315 Byzantii

534 5339 828 5409 episcopus,
853 5348 1009 5409 atque
1051 5337 1179 5391 adeo
1208 5337 1369 5392 totius
1398 5335 1655 5391 Ecclesia:
1684 5333 1889 5401 oculus,
1922 5333 2118 5388 librum

536 5427 689 5481 illum
708 5436 818 5480 tam
846 5427 1112 5483 subtiliter
1139 5437 1188 5481 et
1217 5436 1463 5481 accurate
1492 5427 1844 5491 concinnavit,
1868 5436 1924 5479 ut
1945 5442 2122 5480 omnes

540 5527 649 5570 tam
665 5519 755 5587 qui
769 5518 1056 5573 secundum
1079 5518 1177 5573 Dei
1205 5519 1482 5588 placitum,
1501 5535 1660 5589 quam
1687 5519 1778 5587 qui
1803 5518 2123 5589 negligenter

448 5642 457 5663 ι
538 5604 832 5658 sacerdotio
881 5606 1203 5678 fatigantur,
1248 5608 1332 5661 hic
1375 5617 1486 5661 tum
1526 5609 1745 5663 virtutes
1791 5617 1902 5661 tum
1950 5607 2120 5677 oﬁ‘en—

538 5696 709 5747 siones
725 5711 846 5748 suas
866 5710 1267 5766 repraesentatas
1290 5701 1577 5755 inveniant.
1611 5699 1810 5757 Suidas
1826 5716 1958 5755 vero
1975 5701 2122 5755 hunc

541 5785 736 5839 librum
768 5788 1026 5843 eximium
1052 5806 1172 5846 csse
1193 5792 1417 5863 dicitzqi
1449 5810 1507 5846 τε
1530 5792 1775 5862 Magni
1803 5795 1867 5863 τῇ
1901 5792 2117 5864 φράσει,

2226 1468 2320 1522 καὶ
2356 1471 2423 1542 τῇ
2458 1468 2714 1541 λειότητι,
2745 1472 2839 1524 καὶ
2866 1472 2941 1542 τῷ
2964 1473 3147 1527 κάλλει
3174 1476 3281 1528 τῶν
3318 1477 3626 1549 ὀνομάτων,
3652 1499 3671 1532 σ
3703 1489 3805 1537 tum

2224 1560 2559 1618 sublimitate
2596 1573 2652 1619 et
2696 1562 2972 1633 dictione,
3017 1576 3130 1622 tum
3175 1568 3399 1627 lenitate
3442 1582 3500 1628 et
3543 1573 3805 1646 elegantia

2223 1653 2537 1710 verborum.
2578 1675 2599 1708 ι

2299 1744 2406 1802 Sed
2472 1747 2624 1803 circa
2661 1748 2806 1805 bane
2863 1750 3156 1807 historiam
3214 1754 3427 1826 aliquot
3477 1758 3803 1827 quastiones

2230 1847 2569 1895 moventur:
2606 1841 2787 1911 primo
2836 1858 2948 1912 quo
3000 1852 3247 1918 tempore
3302 1847 3441 1917 hac,
3476 1864 3605 1920 qua
3650 1865 3805 1921 supra

2228 1946 2449 1987 narrata
2492 1941 2644 2000 sunt,
2684 1935 3055 2007 contigerint;
3093 1937 3293 1995 deinde
3320 1942 3448 2011 quis
3479 1943 3554 1998 sit
3585 1944 3675 1999 ille
3708 1943 3804 1998 Ba-

2230 2023 2391 2080 silius
2428 2063 2444 2089 ,
2497 2023 2879 2097 Chrysostomi
2936 2028 3173 2095 amicus,
3232 2040 3291 2087 et
3362 2034 3526 2103 cujus
3577 2035 3805 2092 civitatis

2228 2117 2523 2187 episcopus
2580 2118 2654 2175 sit
2725 2120 3057 2189 ordinatus;
3115 2123 3339 2179 demum
3397 2141 3511 2196 quo
3566 2135 3800 2198 tempore

2228 2207 2665 2280 Chrysostonius
2707 2211 2871 2267 hosce
2903 2212 3075 2270 libros
3103 2215 3354 2272 ediderit.
3386 2215 3552 2284 Quod
3605 2225 3805 2290 spectat

2228 2299 2300 2355 ad
2328 2306 2541 2370 tempus
2566 2308 2800 2371 peracta
2820 2303 2922 2367 rei,
2953 2313 3163 2360 certum
3196 2313 3307 2375 est,
3337 2307 3458 2378 ipso
3488 2309 3802 2366 testiﬁcante

2230 2392 2649 2467 Chrysostomo,
2679 2394 2733 2450 id
2764 2395 3031 2453 accidisse
3061 2413 3187 2455 cum
3219 2401 3399 2456 adhuc
3431 2401 3525 2457 ille
3549 2403 3603 2457 in
3631 2402 3798 2459 lorum

2230 2484 2491 2556 frequens
2517 2486 2834 2555 ventitaret,
2861 2494 2916 2543 et
2967 2504 3148 2544 scena
3174 2488 3582 2549 oblectamenta
3628 2504 3794 2551 secta-

2231 2587 2431 2644 retur;
2460 2586 2626 2649 atque
2665 2578 2802 2635 adeo
2840 2588 2966 2636 ante
2994 2594 3198 2636 annum
3229 2581 3355 2652 375,
3383 2600 3499 2656 quo
3542 2600 3664 2642 cum
3695 2595 3798 2642 tar-

2235 2672 2464 2727 dissime
2491 2671 2546 2727 in
2581 2671 2932 2728 solitudinem
2977 2689 3036 2730 se
3068 2677 3339 2744 contulit,
3376 2679 3474 2735 ubi
3514 2696 3610 2737 sex
3653 2682 3800 2739 annis

2240 2762 2503 2818 sereriori
2536 2762 2845 2835 disciplina
2874 2782 2996 2823 sese
3020 2776 3195 2823 totum
3227 2768 3375 2826 dedit
3406 2787 3422 2827 :
3459 2787 3638 2845 neque
3666 2773 3796 2829 enim

2234 2859 2360 2924 post
2396 2852 2551 2909 illum
2585 2868 2886 2923 secessum,
2917 2857 3001 2912 vel
3029 2855 3343 2916 forensibus
3372 2864 3561 2920 causis
3591 2878 3796 2935 operam

2232 2945 2403 3011 dedit,
2432 2946 2518 3001 vel
2550 2960 2726 3002 scenae
2789 2949 3099 3019 spectacula
3140 2959 3385 3010 sectatus
3421 2963 3515 3011 est
3543 2971 3792 3029 unquam.

2239 3035 2461 3092 Certum
2497 3045 2582 3094 est
2610 3037 2822 3106 itidem,
2855 3040 2978 3110 ipso
3011 3051 3206 3097 sancto
3253 3042 3483 3100 doctore
3532 3054 3795 3111 narrante,

2231 3147 2357 3187 cum
2403 3134 2520 3190 bac
2556 3144 2878 3206 agerentur,
2903 3135 3018 3207 jam
3055 3136 3517 3209 Cbrysostomum
3570 3152 3623 3197 et
3653 3140 3795 3196 Basi-

2233 3221 2369 3277 lium
2402 3224 2691 3295 magistris
2724 3234 2777 3279 et
2815 3224 3136 3282 doctoribus
3179 3227 3529 3296 valedixisse,
3578 3245 3792 3300 quorum

2231 3323 2551 3386 postremus
2605 3314 2786 3372 luerat
2834 3315 3104 3374 Diodorus
3136 3317 3446 3376 Tarsensis.
3486 3323 3623 3379 Huic
3679 3338 3794 3379 vero

2230 3422 2452 3479 Operam
2488 3409 2694 3464 dabant
2734 3416 2967 3479 uterque
3023 3424 3170 3465 anno
3209 3413 3432 3469 circiter
3472 3416 3574 3471 571
3611 3432 3626 3482 ;
3662 3416 3792 3471 unde

2234 3509 2501 3571 sequatur
2529 3514 2593 3555 ea
2624 3500 2810 3556 omnia
2867 3501 2960 3555 illo
3004 3501 3276 3578 accidisse
3309 3506 3491 3575 spatio
3541 3508 3684 3578 quod
3718 3509 3792 3560 in-

2230 3591 2440 3649 terﬂuit
2474 3606 2651 3647 annos
2692 3592 2837 3647 inter
2878 3590 2984 3646 572
3013 3602 3069 3648 et
3099 3594 3228 3659 575,
3263 3610 3443 3667 neque
3481 3600 3596 3655 ullo
3644 3597 3793 3654 modo

2230 3701 2395 3757 posse
2423 3685 2612 3741 isthac
2639 3685 2725 3741 vel
2757 3686 2907 3756 prius
2939 3686 3023 3741 vel
3052 3696 3241 3757 postea
3272 3689 3465 3746 locari.
3531 3692 3790 3748 Adversus

2232 3780 2584 3854 banetamen
2614 3778 2988 3851 chronologia
3052 3781 3572 3855 rationem.aliquot
3618 3797 3794 3840 exsur-

2232 3881 2365 3941 gunt
2399 3868 2742 3925 diﬂicultates
2779 3885 2794 3923 :
2849 3885 2976 3926 nam
3011 3871 3056 3925 si
3122 3887 3269 3927 anno
3313 3873 3420 3929 574
3448 3876 3535 3932 vel
3590 3876 3791 3931 circiter

2234 3961 2661 4034 Chrysostomus
2685 3970 2744 4017 ut
2774 3962 3067 4034 episcopus
3091 3964 3441 4023 ordinaretur
3465 3970 3785 4041 perquisitus

2232 4063 2337 4122 est,
2373 4071 2498 4111 cum
2529 4062 2717 4123 utpote
2747 4063 2912 4136 natus
2942 4071 3089 4110 anno
3120 4057 3224 4112 547
3259 4060 3343 4114 vel
3373 4060 3625 4127 circiter,
3652 4074 3785 4116 anno

2233 4144 2339 4201 5'”
2373 4159 2695 4200 Vicesimum
2745 4145 3038 4216 septimum
3090 4146 3311 4202 circiter
3356 4163 3564 4207 annum
3602 4160 3787 4223 ageret,

2230 4237 2473 4291 nondum
2488 4235 2737 4304 attigerat
2750 4244 2964 4291 atatem
2984 4252 3014 4292 a
3028 4237 3240 4309 synodo
3254 4237 3677 4299 Neocasariensi
3701 4255 3788 4312 pro

2233 4326 2566 4400 presbyteris
2596 4327 2904 4399 deligendis
2952 4330 3307 4401 assignatam,
3350 4332 3577 4404 triginta
3614 4331 3785 4388 videli-

2234 4430 2321 4477 cet
2353 4435 2662 4475 annorum:
2700 4424 2979 4491 quomodo
3012 4437 3144 4494 ergo
3168 4432 3381 4494 poterat
3410 4425 3467 4480 in
3488 4426 3782 4498 episcopum

2232 4510 2526 4582 cooptari?
2562 4510 2641 4566 Ad
2677 4511 2790 4566 hac
2820 4526 2972 4577 vero,
3005 4513 3329 4584 priusquam
3377 4515 3783 4591 Chrysostomus

2230 4600 2298 4656 ad
2342 4601 2719 4672 episcopatum
2754 4602 3188 4673 perquireretur,
3235 4614 3413 4662 mater
3447 4608 3567 4677 ejus
3620 4608 3780 4677 ipsum

2226 4695 2517 4766 alloquens
2552 4709 2613 4751 se
2662 4693 2778 4765 jam
2819 4697 3203 4765 consenuisse,
3255 4708 3312 4755 et
3339 4701 3551 4757 obitum
3604 4711 3783 4771 propc-

2225 4787 2368 4843 diem
2411 4794 2732 4856 exspectare
2768 4786 2941 4842 dicit:
3000 4788 3062 4842 Οἱ
3118 4789 3177 4844 δὲ
3218 4795 3593 4863 γεγηρακότες
3639 4788 3782 4860 ἡμεῖς

2223 4877 2379 4933 οὐδὲν
2430 4876 2615 4951 ἕτερον
2679 4877 2712 4951 ἢ
2765 4877 2856 4933 τὸν
2912 4878 3142 4936 θάνατον
3212 4884 3585 4957 ἀναμένομενο
3648 4875 3783 4949 atqui

2224 4968 2672 5041 Chrysostomus,
2715 4979 2775 5025 ut
2831 4971 2947 5042 ipse
3001 4983 3222 5041 narrat,
3287 4985 3414 5031 ante
3479 4973 3780 5032 vicesimum

2227 5061 2419 5115 matris
2446 5075 2652 5113 annum
2708 5071 2871 5116 natus
2923 5071 3029 5130 est,
3092 5065 3239 5119 unde
3301 5080 3565 5136 sequatur
3597 5065 3776 5134 ipsam.

2224 5167 2350 5207 cum
2375 5150 2805 5222 Cbrysostomus
2834 5152 2888 5207 in
2921 5154 3301 5225 episcopatum
3331 5156 3661 5227 perquisitas
3684 5159 3775 5210 est.

2226 5242 2470 5298 nondum
2513 5244 2999 5316 quadragesimum
3049 5248 3345 5317 septimum
3396 5249 3635 5319 attigisse
3688 5257 3776 5296 au-

2223 5352 2378 5402 num,
2406 5344 2461 5391 et
2489 5336 2582 5407 qui
2619 5346 2832 5407 poterat
2868 5337 2960 5392 illa
2993 5338 3108 5408 jam
3153 5340 3334 5394 vetula
3364 5349 3418 5396 et
3466 5356 3559 5411 per
3584 5342 3776 5392 atatem

2223 5429 2385 5483 morti
2412 5429 2661 5499 proxima
2701 5431 2869 5486 esse?
2911 5428 3007 5485 Ila
3049 5447 3211 5502 porro
3249 5431 3591 5490 diliicultates
3621 5426 3775 5494 majo-

2225 5534 2316 5574 res
2349 5519 2600 5583 evadent,
2637 5520 2682 5575 si
2734 5520 2791 5575 in
2849 5537 3053 5578 annum
3099 5522 3226 5589 575,
3277 5526 3360 5579 vel
3414 5527 3468 5581 in
3506 5524 3628 5590 5η,
3675 5519 3775 5573 haec

2227 5612 2553 5682 perquisitio
2609 5614 2941 5671 retrahatur.
3005 5615 3205 5672 Verum
3264 5618 3380 5674 hac
3441 5614 3767 5691 quantumvis

2223 5703 2527 5771 probabilia
2567 5704 2856 5759 videantur
2918 5706 3096 5781 [361],
3128 5724 3195 5764 ne
3251 5709 3543 5766 minimum
3577 5703 3769 5778 quidem

2224 5809 2326 5849 nos
2385 5809 2416 5850 a
2460 5784 2659 5865 'priore
2731 5800 3004 5855 sententia
3094 5801 3449 5859 dimoveant:
3505 5816 3623 5856 nam
3680 5808 3767 5853 et.
