3942 6360
344 314 463 370 θεν
1448 308 1536 363 DE
1577 277 2032 366 SACERDOTiO.
2071 340 2140 354 —
2169 309 2508 374 MONITUM.

343 443 480 497 quas
505 426 670 482 modo
695 428 1012 498 posuimus,
1045 426 1307 498 temporis
1333 435 1473 481 nota:
1505 425 1730 479 omnino
1760 432 1924 479 cet-ta:

351 521 622 576 videntur.
662 519 822 589 Quod
863 531 1044 575 autem
1075 529 1302 591 urgente
1329 534 1462 574 casu
1491 534 1558 574 ac
1590 518 1923 573 necessitate

349 614 603 684 quapiam
630 613 736 667 viri
777 615 1018 668 nondum
1058 613 1276 682 triginta
1326 627 1500 666 annos
1555 610 1763 665 emensi
1804 611 1922 679 cpi-

345 702 497 771 scopi
543 701 845 771 antiquitus
887 702 1056 758 creati
1106 685 1478 767 fuerint,‘non
1518 710 1678 755 vacat
1731 717 1921 756 exem-

347 795 493 863 plis:
526 795 628 850 etsi
679 795 768 849 illa
827 796 1119 850 admodum
1177 811 1302 849 rara
1355 795 1486 850 sint.
1547 793 1604 848 S.
1639 793 1922 865 Remigius

343 886 543 955 quippe
578 886 865 942 Remensis
894 887 1186 957 episcopus
1221 895 1439 942 creatus
1471 897 1575 948 est,
1623 903 1746 941 cum
1785 887 1923 941 duo-

341 991 462 1027 rum
499 992 664 1045 supra
692 977 881 1047 viginti
915 991 1183 1030 annorum
1233 984 1418 1030 esset:
1453 985 1508 1030 et
1570 975 1920 1032 Eleutherius

342 1068 566 1136 quidam
595 1069 787 1137 viginti
847 1084 1122 1123 annorum
1185 1068 1511 1124 adolescens
1561 1069 1631 1122 ab
1687 1069 1918 1124 Aniceto

342 1175 478 1229 papa
501 1162 792 1230 episcopus
820 1161 1026 1216 missus
1056 1170 1141 1216 est
1176 1161 1230 1213 in
1261 1160 1563 1231 Illyricum.
1599 1161 1753 1227 Quod
1794 1178 1919 1232 spe-

339 1262 452 1306 ctat
489 1262 674 1308 autem
705 1253 772 1308 ad
809 1239 1039 1309 matrem
1073 1253 1482 1326 Chrysostomi,
1516 1269 1640 1324 quae
1671 1271 1791 1310 sese
1821 1271 1916 1309 ve-

338 1345 506 1398 tulam
536 1353 589 1400 ct
611 1347 770 1400 morti
796 1346 1100 1416 proximam
1129 1347 1365 1414 dicebat,
1397 1363 1522 1402 cum
1551 1348 1916 1418 quadraginta

339 1445 552 1504 septem
580 1445 790 1490 tantum
825 1451 1100 1492 annorum
1133 1449 1317 1494 esset:
1367 1438 1482 1494 haec
1529 1440 1674 1495 dicta
1724 1443 1916 1497 matris

337 1526 511 1582 tilium
559 1529 962 1599 compellantis,
1011 1539 1066 1585 et
1127 1545 1194 1585 ne
1230 1545 1288 1586 se
1343 1531 1563 1586 deserat
1615 1532 1914 1600 hortantis,

334 1635 446 1674 non
474 1630 604 1676 sunt
632 1621 699 1675 ad
728 1622 965 1677 litteram
993 1622 1332 1693 accipienda.
1365 1621 1524 1690 Nam,
1553 1632 1613 1678 ut
1646 1625 1772 1679 alibi
1805 1641 1913 1680 non

335 1713 504 1766 semel
536 1713 870 1779 monuimus,
901 1715 947 1769 si
979 1729 1045 1769 ex
1096 1715 1260 1770 dictis
1315 1715 1654 1786 hujusmodi,
1711 1717 1912 1786 quibus

333 1821 507 1871 senes,
545 1814 792 1860 extrema:
853 1807 1138 1860 senectutis
1193 1807 1476 1872 homines;
1513 1808 1593 1862 vel
1647 1808 1912 1872 vicissim,

326 1897 566 1967 juvenes,
611 1897 1003 1963 adolescentes,
1042 1899 1193 1968 pueri
1226 1885 1748 1966 commemorantur,
1803 1901 1917 1955 cal-

335 1991 520 2044 rulum
555 1989 817 2059 temporis
860 2004 1211 2060 poneremus,
1251 1989 1455 2060 passim
1494 1991 1910 2063 chronologiam

337 2083 696 2153 pessumdare
723 2091 1057 2152 opus;esset.

408 2173 528 2229 Jam
561 2176 628 2230 de
655 2175 864 2230 Basilio
899 2175 1284 2247 Chrysostomi
1314 2177 1514 2245 amico,
1562 2179 1686 2248 quis
1720 2195 1916 2250 nempe

333 2267 564 2336 cujusve
643 2269 883 2326 civitatis
957 2270 1254 2341 episcopus
1339 2270 1527 2338 fuerit,
1608 2275 1904 2344 agendum.

335 2358 630 2426 Socrates,
698 2376 861 2431 quem
932 2361 1092 2416 multi
1161 2363 1424 2434 deinceps
1487 2367 1660 2420 secuti
1736 2377 1907 2432 sunt,

333 2451 411 2504 ait
451 2466 572 2507 esse
629 2450 891 2508 Basilium
943 2451 1198 2524 Magnum
1231 2455 1366 2519 ;sed
1395 2463 1481 2510 est
1525 2456 1656 2510 illud
1689 2457 1902 2529 ἀπροσ-

328 2541 593 2605 διόνυσον,
639 2551 700 2597 ut
753 2557 918 2598 nemo
945 2558 1054 2598 non
1087 2543 1255 2599 videt.
1301 2543 1583 2614 Siquidem
1651 2546 1741 2602 ille
1796 2547 1914 2602 Cae-

335 2633 600 2688 sariensis
634 2635 926 2705 episcopus
955 2634 1409 2708 Chrysostomum
1464 2645 1716 2692 nostrum
1756 2648 1915 2694 aetate

333 2725 496 2796 longe
527 2729 802 2797 praecedit,
835 2745 933 2785 nec
967 2728 1082 2785 ullo
1126 2731 1291 2786 modo
1324 2731 1634 2787 studiorum
1668 2731 1788 2802 ejus
1817 2747 1912 2788 so-

329 2819 473 2883 cius,
513 2823 620 2875 nec‘
649 2821 956 2878 Antiochia:
997 2824 1286 2881 ordinatus
1315 2840 1437 2881 esse
1495 2827 1716 2895 potuit:
1774 2827 1906 2897 quid

330 2913 490 2983 plura
514 2914 715 2982 dicam,
740 2918 961 2986 quando
989 2918 1166 2986 palam
1196 2927 1280 2973 est
1305 2919 1413 2973 labi
1439 2919 1718 2975 Socratem
1749 2921 1771 2974 ?
1800 2919 1912 2976 Nec

329 3007 549 3063 felicius
570 3006 826 3075 Photius,
855 3009 948 3079 qui
975 3017 1128 3079 putat
1149 3025 1273 3066 esse
1298 3011 1556 3066 Basilium
1593 3011 1912 3068 Seleucicn-

329 3114 468 3163 sem,
493 3115 657 3170 quem
699 3115 846 3155 anno
873 3102 978 3156 δη
1001 3103 1092 3156 vix
1124 3113 1310 3158 natum
1348 3117 1629 3174 putamus,
1668 3106 1913 3176 quando-

326 3192 547 3262 quidem
606 3208 752 3247 anno
787 3193 886 3247 451
945 3196 1158 3266 synodo
1201 3197 1639 3250 Chalcedonensi
1687 3199 1908 3268 episco-

328 3299 431 3351 pus
459 3284 733 3352 interfuit,
771 3294 825 3341 et
851 3301 998 3342 anno
1032 3287 1140 3343 458
1171 3287 1493 3358 imperatori
1547 3287 1714 3344 Leoni
1765 3291 1909 3346 seri--

327 3375 456 3443 psit.
489 3373 608 3429 Non
640 3376 896 3431 audiendi
929 3378 1056 3432 item
1089 3379 1359 3444 videntur,
1401 3381 1492 3450 qui
1541 3389 1735 3451 putant
1795 3381 1909 3437 Ma-

326 3466 533 3522 ximum
576 3468 954 3540 Chrysostomi
988 3471 1226 3526 amicum
1282 3473 1536 3528 eumdem
1593 3489 1715 3530 esse
1747 3482 1912 3545 atque

326 3561 595 3616 Basilium
655 3565 709 3616 in
751 3562 836 3616 his
867 3563 945 3617 De
975 3564 1272 3618 sacerdotio
1305 3564 1463 3620 libris
1506 3574 1866 3620 memoratum
1895 3583 1910 3622 :

323 3671 448 3710 nam
481 3670 755 3725 quorsum
797 3655 884 3709 illa
919 3658 1203 3712 nominum
1235 3668 1344 3712 tam
1380 3657 1729 3713 dissimilium
1760 3673 1911 3713 com-

319 3750 552 3805 mutatio
579 3750 602 3803 ?
629 3748 911 3809 Omnibus
944 3751 1110 3822 igitur
1138 3763 1392 3808 accurate
1419 3752 1704 3823 perpensis
1723 3793 1740 3821 ,
1770 3753 1912 3808 veri-

3482 308 3609 364 622’

2031 425 2210 480 simile
2239 437 2371 496 puto
2400 425 2661 481 Basilium
2722 441 2844 480 eum
2899 441 3040 492 esse,
3069 425 3162 494 qui
3226 423 3435 496 synodo
3464 423 3611 478 Con-

2031 517 2537 586 stantinopolitanae
2603 531 2749 571 anno
2803 517 2900 572 581
2957 515 3248 586 cpiscopus
3303 513 3610 584 Raphaneaa

2029 601 2366 669 subscribit,
2426 607 2696 677 siquidem
2751 613 2971 676 tempus
3025 606 3272 674 apprime
3330 604 3604 674 quadrat:

2034 695 2334 767 Raphanea
2366 698 2421 753 in
2487 698 2645 771 Syria
2679 714 2847 770 prope
2899 697 3245 753 Antiochiam
3296 696 3400 750 sita
3452 704 3605 752 erat:

2028 793 2351 847 commodus
2403 808 2538 848 sane
2589 794 2779 861 locus,
2837 800 2896 846 ut
2949 790 3181 846 Joannis
3233 788 3607 861 Chrysostomi

2027 881 2298 953 frequenti
2330 885 2638 956 colloquio,
2688 885 2801 939 imo
2833 884 3000 938 etiam
3045 883 3408 937 contubernio
3459 882 3608 936 l'rue-

2026 984 2177 1030 retur
2211 976 2476 1043 Basilius,
2520 977 2667 1049 quod
2721 979 2774 1032 in
2816 976 2923 1031 line
2970 975 3169 1046 dialogi
3211 989 3269 1030 se
3315 981 3607 1045 peroptare

2025 1069 2179 1126 dicit.

2098 1165 2286 1221 Restat
2317 1175 2376 1220 ut
2408 1181 2582 1235 pauca
2619 1165 2866 1221 dicamus
2910 1164 2978 1220 de
3015 1172 3256 1234 tempore
3287 1179 3396 1234 quo
3441 1164 3606 1220 hosce

2029 1257 2206 1312 libros
2239 1257 2411 1312 edidit
2445 1257 2914 1328 Chrysostomus:
2951 1272 3126 1326 neque
3151 1257 3296 1311 enim
3351 1257 3604 1310 audiendi

2026 1359 2157 1405 sunt
2191 1349 2229 1403 ii
2285 1349 2379 1420 qui
2418 1349 2607 1404 volunt
2657 1349 2846 1404 eodem
2896 1349 3014 1418 ipso
3059 1356 3322 1418 tempore,
3369 1364 3481 1417 quo
3519 1365 3605 1402 res

2024 1451 2248 1512 peracta
2284 1451 2388 1508 est,
2419 1442 2536 1497 haec
2567 1442 2858 1511 scripsisse
2890 1441 2950 1495 S.
2985 1441 3288 1495 doctorem.
3320 1439 3600 1509 Siquidem

2023 1534 2107 1590 vel
2138 1534 2254 1604 ipsa
2293 1533 2543 1588 ordiendi
2608 1535 2748 1587 ratio
2803 1532 3024 1602 aliquod
3085 1533 3331 1602 elapsum
3391 1541 3604 1602 tempus

2021 1626 2353 1692 subindicat,
2391 1635 2444 1679 et
2472 1624 2644 1679 series
2673 1632 2784 1678 tota
2810 1641 2922 1678 rem
2957 1625 3290 1689 meditatam,
3320 1633 3371 1678 et
3405 1623 3458 1677 in
3492 1624 3602 1678 orio

2021 1720 2342 1774 adornatam
2375 1732 2487 1786 pra:
2523 1731 2583 1772 se
2614 1715 2740 1771 fert.
2778 1716 2867 1770 Ait
2902 1713 3159 1770 Socrates
3187 1716 3260 1770 lib
3291 1731 3364 1780 vr,
3393 1731 3513 1786 cap.
3545 1716 3600 1780 5,

2017 1815 2494 1885 Chrysostomum,
2541 1825 2666 1864 cum
2715 1809 2983 1865 diaconus
3025 1818 3206 1873 esset,
3258 1810 3358 1863 hos
3408 1811 3601 1864 condi-

2017 1908 2165 1963 disse
2199 1905 2390 1968 libros,
2424 1902 2632 1958 scilicet
2661 1903 2731 1956 ab
2767 1917 2911 1955 anno
2954 1901 3050 1956 581
3116 1901 3182 1956 ad
3217 1917 3417 1955 annum
3471 1900 3597 1968 586,

2018 2014 2128 2069 quo
2169 1996 2223 2050 in
2259 1993 2657 2064 presbyterium
2696 1991 2942 2045 adiectus
2984 1999 3085 2044 est.
3121 1987 3397 2044 Palladius
3445 2003 3598 2051 vero,

2018 2088 2320 2146 secundum
2393 2085 2894 2155 interpretationem
2982 2081 3236 2134 Latinam
3316 2080 3598 2134 Ambrosii

2017 2178 2478 2245 Camaldulensis,
2520 2178 2573 2231 in
2625 2191 2846 2231 secessu
2881 2184 2934 2228 ct
2957 2173 3252 2228 solitudine
3305 2171 3419 2226 haec
3446 2171 3594 2225 illum

2015 2275 2252 2330 edidisse
2317 2279 2524 2337 narrat,
2558 2269 2771 2324 scilicet
2801 2269 2869 2323 ab
2901 2281 3046 2322 anno
3111 2267 3327 2321 circiter
3363 2267 3458 2319 37!
3524 2267 3591 2320 ad

2019 2367 2145 2431 58l,
2183 2380 2293 2436 quo
2331 2378 2398 2420 ex
2447 2363 2664 2418 deserto
2706 2361 2758 2415 in
2815 2361 3004 2415 urbem
3061 2360 3240 2415 rediit.
3296 2357 3598 2414 Palladium

2019 2473 2156 2514 sane
2189 2456 2571 2511 incunctanter
2622 2468 2998 2523 sequeremur,
3037 2461 3224 2522 utpote
3269 2450 3600 2523 Chrysosto-

2019 2565 2111 2605 mo
2141 2549 2405 2619 aequalem
2441 2557 2496 2602 et
2525 2546 2746 2600 aliunde
2773 2544 2878 2599 ﬁde
2903 2545 3228 2614 digniorem,
3255 2544 3299 2600 si
3331 2545 3382 2598 in
3408 2545 3600 2600 Graeco

2022 2652 2194 2707 textu,
2219 2656 2383 2711 quem
2413 2639 2584 2694 edidit
2613 2637 2895 2692 Emericus
2939 2636 3206 2708 Bigotius,
3240 2637 3429 2692 cad.-m
3483 2637 3598 2707 ipsa

2017 2736 2330 2806 legerentur
2358 2750 2372 2799 ;
2405 2732 2498 2787 sed
2529 2746 2653 2786 cum
2698 2731 2770 2784 ibi
2805 2745 2876 2784 ne
2904 2729 3010 2802 γρῦ
3039 2730 3256 2798 quidem
3289 2729 3391 2785 hac
3449 2733 3513 2783 de
3544 2745 3600 2784 re

2018 2832 2355 2895 compareat,
2387 2839 2418 2878 a
2446 2821 2658 2877 calculo
2687 2820 2912 2876 ferendo
2940 2819 3381 2891 supersedemus.
3413 2819 3602 2890 Neque

2016 2917 2164 2974 enim
2199 2915 2477 2971 Ambrosii
2529 2913 2972 2970 Camaldulensis
3028 2912 3316 2967 lectionem
3376 2913 3600 2968 omnino

2012 3009 2365 3081 rejicicndam
2395 3017 2655 3077 putamus
2681 3025 2696 3062 :
2725 3005 2994 3077 siquidem
3031 3004 3120 3059 ille
3159 3020 3266 3059 non
3301 3005 3416 3060 hcce
3447 3019 3600 3059 som-

2013 3101 2217 3156 niando
2268 3108 2612 3156 commentus
2659 3100 2904 3164 videtur,
2953 3098 3047 3153 sed
3082 3098 3171 3152 illa
3213 3097 3602 3167 interpretatus

2014 3209 2158 3260 esse,
2190 3209 2313 3264 qua:
2347 3193 2401 3246 in
2434 3191 2620 3262 aliquo
2662 3191 2961 3262 exemplari
3011 3190 3204 3246 Graeco
3255 3191 3596 3262 legebantur.

2016 3285 2088 3342 Ut
2115 3295 2175 3342 ut
2209 3302 2336 3342 vero
2359 3286 2452 3352 sit,
2487 3286 2622 3340 nihil
2654 3285 2718 3340 de
2754 3293 2996 3355 tempore
3044 3292 3372 3350 statuemus,
3426 3284 3600 3338 donec

2018 3381 2299 3452 quidpiam
2329 3379 2532 3435 certius
2569 3387 2830 3448 emergat.

2089 3471 2600 3542 Interpretationcm
2632 3471 2889 3525 Germani
2920 3469 3118 3533 Brixii,
3175 3469 3302 3524 licet
3358 3467 3596 3536 aliquam

2017 3565 2304 3636 elegantiae
2335 3565 2572 3634 speciem
2613 3578 2724 3632 pra:
2753 3579 2812 3617 se
2842 3561 3038 3627 ferret,
3069 3571 3251 3631 utpote
3280 3576 3400 3630 qua:
3437 3574 3599 3629 para-

2015 3657 2243 3729 phrasin
2273 3666 2490 3728 saperet
2521 3672 2696 3727 neque
2731 3655 2802 3710 ita
2839 3664 3092 3710 accurate
3129 3653 3457 3708 concinnata
3507 3666 3596 3706 es-

2016 3761 2120 3818 set,
2152 3751 2468 3820 rejecimus,
2501 3763 2813 3820 novamque
2839 3747 3172 3818 paravimus.
