3942 6432
1230 542 1624 619 SANCTl
1682 534 2107 611 PATRIS
2158 496 2585 606 ‘Nos'rnl

729 730 819 870 J
833 720 1387 871 OANN
1405 715 1576 862 IS
1674 696 3143 858 CHRYSOSTOMI

945 946 1268 1127 DE
1398 946 2948 1125 SACEBDOTIO

1696 1240 1964 1337 imitari
2013 1257 2200 1335 sex.

1358 1469 2564 1674 ιΙΒΕἷῖᾖΙΜυδ.

1715 1735 2180 1765 __________._

771 1872 879 1908 ΠΕΟ
906 1869 1077 1907 ιπεσιιτ
1100 1863 1239 1901 ιωηο
1261 1861 1438 1899 ιδιιιιιοε

308 1976 342 2018 1.
381 1965 578 2017 Basilius
599 1963 823 2013 omnibus
842 1955 1159 2022 chrysostomi
1178 1944 1638 2022 amicisantecellit.‘
1695 2007 1705 2018 .

311 2015 359 2080 ii.
384 2015 659 2079 vtiuncordia
708 2015 1278 2082 Basiliietthrysostomi,
1304 2021 1357 2063 et
1376 2015 1644 2061 communis
1665 2015 1789 2055 circa
1822 2015 1908 2052 res

375 2104 550 2141 omnes
570 2086 923 2158 diSflUlSiliO-m
995 2152 1093 2158 ω’,
1140 2139 1234 2158 _,,_
1276 2134 1536 2158 __,._.....:,...
1581 2132 1593 2158 :

312 2127 944 2219 ui7"§i5i'eii"ti{§d&ins,
987 2152 1097 2192 cum
1140 2139 1239 2189 vita
1276 2134 1540 2185 monastica
1581 2127 1795 2180 ineunda
1835 2138 1911 2176 es-

317 2282 367 2323 lv
378 2220 1009 2345 sﬁroposr'tunrepmmtmis
1029 2260 1335 2311 habitationis
1356 2257 1628 2319 utriusque.

316 2346 371 2385 v.
405 2342 445 2383 Μ
464 2331 565 2383 ιιιίίδ
582 2331 845 2379 blanditiar.

317 2404 391 2447 Vl.
425 2402 570 2444 Fraus
591 2405 686 2455 qua
710 2393 758 2440 in
781 2388 1081 2455 ordinatione
1105 2380 1721 2455 usus_est_Chrysostomus.

319 2443 411 2507 vit.
447 2443 599 2504 basilii
611 2443 856 2502 accusatio
868 2449 1099 2512 modesta
1127 2453 1179 2495 et
1202 2443 1430 2512 simplex.
1451 2504 1461 2512 _
1678 2500 1690 2512 _

319 2502 425 2568 iiii.
452 2502 770 2580 chrysostomi
793 2510 1016 2580 defensio
1038 2522 1148 2580 c_um
1169 2502 1562 2580 reprehensique
1572 2502 1855 2580 conjuncta:

320 2558 1014 2649 ὑῒδίὲῖέᾰεῖξὲἱῐὲτιίρέέιίῑ-ει
1051 2558 1425 2619 ςτειυάθύιίιίωε
1447 2579 1461 2614 :
1482 2563 1640 2615 thesis
1673 2558 1739 2611 ἐι
1759 2558 1894 2608 locus

383 2651 666 2693 commums.

402 2862 450 2915 1.
484 2858 710 2914 Basilius
735 2854 964 2911 omnibus
989 2847 1334 2921 Chrysostomi
1353 2845 1527 2899 amicis
1554 2840 1824 2897 antecellit.
1845 2866 1918 2877 —-

329 2951 455 3007 Mihi
502 2948 716 3019 quidem
747 2946 903 3000 amici
927 2942 1233 3012 complures
1279 2938 1457 3001 fuere,
1514 2935 1655 3003 iique
1678 2928 1916 3002 germani

327 3051 380 3096 ct
407 3040 550 3106 veri,
582 3038 672 3109 qui
712 3035 961 3091 amicitia:
1003 3034 1149 3100 leges
1188 3040 1242 3087 et
1271 3029 1435 3100 probe
1478 3026 1836 3095 intelligerent
1863 3027 1919 3077 et

326 3131 606 3202 diligenter
620 3128 968 3184 observarent
987 3142 999 3176 :
1022 3123 1215 3179 horum
1232 3135 1363 3176 vero
1382 3116 1735 3187 complurium
1756 3127 1915 3180 unus,

326 3222 419 3292 qui
442 3230 668 3279 cteteros
691 3234 878 3274 omnes
919 3216 1152 3273 amicitia
1182 3215 1337 3284 longe
1365 3210 1681 3282 superabat,
1712 3216 1918 3263 tantum

329 3317 449 3371 illos
478 3324 622 3370 retro
649 3313 949 3381 relinquere
976 3307 1257 3374 studebat,
1286 3312 1542 3375 quantum
1574 3300 1650 3356 illi
1681 3298 1920 3369 reliquos

332 3404 673 3461 mediocriter
711 3416 835 3471 erga
881 3415 969 3456 me
1012 3398 1249 3454 affectos.
1291 3396 1340 3451 ls
1373 3410 1438 3450 ex
1480 3408 1665 3449 eorum
1696 3403 1922 3446 numero

331 3505 476 3562 erat,
516 3494 606 3565 qui
650 3491 802 3547 lateri
831 3504 953 3545 meo
981 3497 1242 3560 perpetuo
1272 3485 1577 3540 brererent:
1606 3480 1803 3538 etenim
1830 3479 1923 3534 iis-

332 3589 454 3643 dem
494 3596 604 3642 tum
631 3583 925 3669 disciplinis
954 3589 1065 3636 tum
1095 3577 1364 3649 magistris
1393 3590 1609 3646 operam
1657 3573 1919 3630 dedimus.

337 3680 511 3736 Unum
541 3664 819 3747 utriusque
854 3681 970 3730 erat
1006 3673 1147 3728 circa
1175 3670 1356 3726 literas
1383 3668 1616 3724 studium
1637 3707 1654 3735 ,
1683 3680 1785 3721 una
1810 3664 1925 3720 sol-

337 3770 577 3832 licitudo,
607 3783 700 3838 par
728 3765 1052 3822 desiderium
1087 3761 1277 3818 iisdem
1304 3776 1369 3817 ex
1398 3761 1560 3816 rebus
1589 3767 1792 3814 natum.
1814 3756 1924 3814 Ne-

337 3850 606 3931 quc‘cnim
636 3861 808 3916 solum
837 3874 958 3914 cum
986 3857 1053 3912 ad
1084 3856 1365 3927 magistros
1391 3855 1804 3921 ventitaremus,
1829 3851 1925 3907 sed

339 3955 496 4008 etiam
529 3967 648 4006 cum
677 3950 824 4005 illinc
856 3962 1102 4019 egressos
1136 3946 1420 4002 consilium
1462 3945 1596 4001 inire
1621 3952 1924 4015 oporteret,

312 4096 319 4105 .
339 4042 482 4115 quod
502 4041 840 4113 prrestantius
853 4039 976 4094 vitae
994 4051 1162 4110 genus
1183 4037 1337 4093 nobis
1356 4035 1742 4107 capessendum
1763 4040 1926 4101 esset,

342 4135 470 4192 tunc
493 4136 652 4191 etiam
683 4134 822 4189 idem
851 4146 1147 4189 consensus
1172 4130 1482 4202 apparebat.

410 4229 467 4282 2.
499 4225 784 4282 Concordia
824 4223 1008 4279 Basilii
1034 4232 1081 4278 et
1118 4221 1464 4294 Chrysostomi
1484 4262 1501 4290 ,
1554 4230 1601 4276 et
1651 4218 1929 4275 communis

343 4322 477 4375 circa
504 4336 584 4374 res
609 4333 780 4373 omnes
805 4316 1107 4387 disquisitio.
1137 4344 1210 4355 —
1239 4313 1405 4368 Erant
1432 4321 1487 4369 et
1510 4313 1614 4367 alia
1643 4328 1764 4383 qua:
1795 4311 1932 4367 hanc

344 4410 683 4468 concordiam
709 4410 914 4465 ﬁrmam
934 4410 1410 4477 inconcussamque
1429 4415 1723 4462 servarent.
1749 4405 1933 4475 Neque

345 4503 489 4559 enim
515 4502 585 4557 ob
620 4502 805 4572 patria:
834 4499 1238 4570 amplitudinem
1264 4499 1401 4554 alter
1422 4499 1677 4555 adversus
1706 4500 1931 4554 alterum

348 4609 408 4650 se
434 4591 625 4648 efferre
653 4598 895 4661 poterat:
927 4589 1059 4644 mihi
1088 4603 1194 4644 non
1225 4578 1356 4659 (ipes
1380 4605 1602 4644 summm
1633 4597 1805 4654 erant,
1836 4603 1959 4643 uec-

348 4687 442 4742 ille
470 4693 709 4739 extrema
754 4680 1097 4752 premebatur
1121 4681 1298 4750 inopia
1329 4697 1343 4735 :
1386 4680 1494 4735 imo
1536 4688 1591 4735 et
1629 4679 1936 4733 facultatum

346 4774 566 4831 modum
614 4771 867 4843 propositi
912 4771 1112 4841 paritas
1157 4770 1548 4825 aemulabatur:
1589 4784 1685 4840 par
1727 4769 1938 4840 generis

348 4863 585 4921 conditio
610 4871 727 4918 erat
747 4902 763 4930 ,
792 4860 1077 4931 omniaque
1103 4860 1170 4915 ad
1195 4859 1512 4916 sententiam
1542 4869 1778 4915 nostram
1804 4873 1938 4915 con-

349 4957 657 5015 canebant.

421 5053 476 5108 5.
508 5050 712 5107 Stetere
740 5048 1022 5120 inaequalis,
1053 5061 1169 5100 (um
1195 5044 1297 5100 vita
1322 5046 1595 5099 monastica
1616 5042 1835 5098 ineunda
1864 5058 1940 5097 es-

350 5154 443 5198 set.
471 5170 544 5183 -—-
570 5142 703 5198 Cum
735 5150 913 5196 autem
946 5124 1245 5210 proximum
1273 5145 1417 5192 esset
1444 5145 1504 5192 ut
1526 5136 1711 5191 beatus
1740 5135 1831 5190 ille
1859 5135 1942 5190 vir

354 5232 737 5290 monachorum
775 5233 938 5287 vitam
978 5245 1268 5301 veramque
1314 5228 1703 5300 phiIOSOpbiam
1733 5228 1939 5298 ample-

354 5333 612 5389 cteretur,
637 5324 748 5395 jam
774 5338 878 5378 non
909 5337 1005 5393 par
1031 5332 1148 5378 erat
1171 5331 1389 5387 statera,
1419 5321 1513 5377 sed
1540 5319 1657 5390 ejus
1682 5323 1826 5386 lanx,
1852 5329 1939 5373 ut-

356 5424 482 5485 pote
509 5414 695 5480 levior,
724 5414 964 5469 sublimis
1003 5412 1307 5478 ferebatur;
1340 5428 1439 5483 ego
1463 5427 1593 5467 vero
1627 5411 1807 5465 mundi
1848 5425 1942 5465 cu-

306 5484 317 5507 ’
358 5484 666 5575 piditatibus
700 5506 937 5560 irretitus
975 5506 1181 5559 lancem
1224 5519 1430 5565 meam,
1458 5503 1781 5572 juvenilibus
1804 5517 1940 5557 onu-

362 5605 497 5651 stam
520 5596 945 5669 cogitationibus,
967 5595 1349 5665 deprimebam.
1365 5596 1463 5651 llic
1476 5595 1689 5651 demum
1710 5594 1940 5649 amicitia

363 5685 574 5755 quidem
600 5685 771 5750 ﬁrma,
803 5695 859 5740 ut
885 5696 1030 5754 ante,
1056 5688 1323 5753 manebat,
1346 5687 1437 5742 sed
1464 5686 1791 5742 consuetudo
1816 5685 1941 5740 diri-

368 5776 646 5831 mebatur:
676 5790 848 5845 neque
891 5778 1033 5835 enim
1076 5792 1181 5833 una
1211 5779 1406 5837 versari
1447 5788 1692 5850 poterant
1718 5778 1807 5850 qui
1836 5793 1940 5835 non

2011 1828 2200 1886 iisdem
2228 1824 2417 1881 studiis
2442 1829 2769 1878 tenerentur.
2797 1821 3061 1877 Caeterum
3093 1821 3179 1877 ubi
3204 1829 3257 1877 et
3285 1821 3398 1892 ipse
3421 1834 3452 1878 a
3482 1820 3609 1877 vita

2012 1919 2170 1990 hujus
2195 1915 2445 1972 ﬂuctibus
2468 1922 2628 1984 caput
2651 1904 2920 1984 paululum
2943 1914 3110 1980 erexi,
3134 1928 3221 1969 me
3244 1913 3329 1968 ille
3349 1913 3609 1970 ambabus

2011 2008 2367 2081 apprehendit
2411 2006 2704 2060 manibus:
2750 2013 2806 2059 at
2847 2020 2916 2059 ne
2961 2004 3040 2059 sic
3081 2004 3295 2074 quidem
3336 2004 3610 2074 potuimus

2013 2100 2373 2171 aequalitatem
2427 2096 2707 2167 pristinam
2764 2096 3023 2153 retinere.
3085 2095 3294 2151 Etenim
3345 2109 3465 2152 cum
3518 2096 3611 2151 ille

2015 2208 2116 2249 nos
2153 2201 2395 2262 tempore
2418 2189 2822 2253 antevertisset,
2853 2188 3155 2259 ardensque
3199 2188 3430 2244 studium
3457 2187 3614 2243 exhi-

2016 2284 2256 2348 buisset,
2303 2295 2490 2337 rursus
2530 2279 2812 2336 sublimior
2843 2278 3133 2349 ferebatur,
3168 2281 3220 2335 in
3261 2280 3427 2335 altum
3454 2280 3614 2337 valde

2016 2374 2275 2431 sublatus.

2086 2481 2143 2537 4.
2183 2478 2514 2549 Propositum
2555 2478 2835 2533 communis
2871 2478 3195 2534 habitationis
3230 2479 3509 2550 utriusque.
3538 2508 3618 2521 ——

2017 2573 2266 2628 Altamen
2290 2570 2464 2625 bonus
2492 2584 2612 2624 cum
2640 2576 2785 2624 esset
2811 2569 3206 2640 amicitiamque
3230 2577 3468 2623 nostram
3494 2583 3617 2624 ma-

2018 2665 2107 2736 gni
2140 2664 2358 2730 faceret,
2390 2676 2419 2715 a
2445 2671 2764 2717 cancrorum
2791 2661 3030 2715 omnium
3055 2660 3407 2716 contubernio
3430 2674 3490 2716 se
3514 2660 3618 2716 ab-

2019 2756 2222 2811 ducens
2245 2796 2260 2821 ,
2307 2752 2585 2809 nobiscum
2625 2751 2771 2806 omni
2812 2759 3054 2822 tempore
3094 2750 3433 2820 versabatur,
3471 2752 3618 2822 quod

2021 2857 2179 2903 antea
2210 2846 2310 2917 ipsi
2332 2846 2386 2901 in
2414 2853 2539 2900 voto
2567 2852 2702 2910 erat,
2733 2843 2848 2909 sed,
2877 2852 2935 2899 ut
2960 2843 3090 2910 dixi,
3119 2858 3151 2899 a
3184 2844 3409 2914 segnitie
3434 2853 3621 2900 nostra

2021 2938 2323 3010 prohibitus
2350 2935 2545 2992 fuerat.
2576 2936 2761 3005 Neque
2785 2935 2928 2991 enim
2960 2944 3169 3007 poterat
3192 2937 3259 3004 is,
3289 2937 3380 3007 qui
3402 2936 3622 3006 judiciis

2024 3041 2079 3088 et
2108 3031 2227 3087 foro
2269 3029 2511 3086 haerebat
2547 3038 2602 3084 et
2637 3044 2812 3085 scenze
2858 3028 3249 3084 oblectamenta
3289 3030 3620 3098 sectabatur,

2024 3138 2148 3180 cum
2170 3136 2236 3178 eo
2256 3136 2400 3191 saepe
2420 3120 2646 3187 versari,
2674 3120 2763 3190 qui
2784 3119 2936 3174 libris
2954 3119 3167 3176 deditus
3187 3120 3238 3175 in
3264 3119 3437 3175 forum
3462 3137 3626 3177 num-

2022 3229 2181 3285 quam
2203 3213 2511 3270 ventitaret.
2538 3210 2901 3278 Quamobrem
2924 3225 3043 3265 cum
3069 3219 3226 3267 antea
3250 3210 3496 3280 repulsus
3522 3227 3626 3267 nos

2023 3304 2091 3360 ad
2115 3303 2360 3360 eamdem
2388 3303 2507 3358 vitae
2534 3302 2844 3358 societatem
2871 3300 3183 3371 accepisset,
3212 3301 3353 3371 quod
3372 3303 3483 3371 jam
3511 3303 3629 3372 pri-

2024 3394 2144 3452 dem
2169 3393 2494 3450 desiderium
2522 3392 2865 3463 parturiebat,
2896 3391 3178 3448 confestim
3208 3393 3435 3465 peperit,
3461 3408 3526 3448 ac
3553 3408 3630 3450 ne

2026 3487 2300 3542 minimam
2327 3484 2543 3556 quidem
2564 3483 2667 3539 diei
2696 3494 2901 3554 partem
2927 3498 2955 3536 a
2987 3482 3142 3539 nobis
3166 3484 3357 3539 abesse
3380 3483 3627 3554 patieba-

2027 3586 2151 3633 tur:
2185 3576 2281 3633 sed
2305 3575 2520 3632 assidue
2543 3574 2874 3641 hortabatur,
2902 3581 2962 3629 ut
2984 3573 3145 3628 domo
3171 3582 3393 3644 uterque
3415 3589 3511 3630 sua
3540 3590 3632 3630 re-

2028 3669 2152 3725 licta
2186 3682 2472 3725 commune
2511 3666 2836 3722 domicilium
2880 3666 3275 3723 incoleremus:
3308 3681 3414 3738 quo
3452 3668 3631 3739 impe-

2029 3770 2166 3818 trato
2187 3762 2297 3831 jam
2324 3775 2416 3816 res
2440 3760 2495 3815 in
2525 3761 2769 3815 manibus
2793 3766 2930 3815 erat.

2100 3861 2155 3916 5.
2186 3859 2371 3913 Matris
2397 3858 2672 3914 blanditiw.
2700 3887 2772 3900 -—-
2799 3857 2999 3913 Verum
3036 3858 3265 3914 assiduae
3290 3859 3477 3915 matris
3506 3858 3632 3915 illc-

2030 3950 2205 4005 ochra:
2231 3949 2568 4014 obstiterunt,
2601 3947 2888 4018 quominus
2930 3947 3068 4004 hanc
3094 3949 3168 4004 illi
3190 3950 3415 4020 gratiam
3438 3949 3666 4005 redde-~

2030 4059 2181 4109 rem;
2216 4042 2324 4098 imo
2373 4056 2526 4111 vero,
2556 4042 2840 4113 quominus
2866 4041 2919 4097 id
2955 4041 3198 4097 beneﬁcii
3229 4043 3297 4099 ab
3323 4057 3390 4099 eo
3413 4042 3633 4114 accipe-

1990 4210 1995 4217 !
2031 4151 2165 4191 rem.
2205 4135 2494 4190 Enimvero
2532 4135 2624 4190 ubi
2671 4134 2759 4190 illa
2810 4135 3029 4190 odorata
3067 4144 3148 4190 est
3189 4150 3275 4191 me
3322 4135 3375 4191 id
3418 4136 3634 4194 consilii

2033 4226 2189 4288 inire,
2219 4225 2405 4282 dextra
2432 4226 2826 4296 apprehensum
2857 4226 3149 4281 introduxit
3171 4241 3258 4283 me
3285 4227 3335 4281 in
3360 4227 3633 4297 peculiare

2034 4318 2136 4373 sibi
2163 4316 2488 4372 domicilium
2508 4358 2523 4383 ,
2560 4331 2624 4372 ac
2652 4332 2737 4372 me
2776 4331 2939 4387 prope
2968 4317 3164 4373 lectum
3186 4360 3201 4385 ,
3233 4316 3327 4372 ubi
3355 4333 3442 4373 me
3473 4318 3635 4373 enixa

2036 4406 2238 4474 fuerat,
2271 4407 2506 4462 assidere
2534 4407 2703 4478 jusso,
2738 4408 2951 4464 emissis
2975 4408 3328 4479 lacrymarum
3361 4408 3633 4477 fontibus,

2037 4498 2167 4569 ipsis
2197 4498 2448 4569 lacrymis
2472 4498 2858 4555 miserabiliora
2884 4499 3044 4555 verba
3071 4500 3402 4570 proferebat,
3438 4501 3521 4555 his
3548 4518 3637 4558 me

2036 4587 2371 4657 gemebunda
2394 4588 2757 4658 compellans:
2789 4587 2920 4660 Ego,
2951 4589 3154 4660 inquit,
3187 4591 3279 4658 ﬁli,
3313 4591 3508 4647 virtute
3538 4608 3637 4663 pa-

2038 4676 2143 4734 tris
2177 4678 2250 4733 tui
2289 4693 2394 4734 non
2441 4679 2610 4734 multo
2653 4688 2893 4750 tempore
2938 4680 3010 4735 ita
3057 4682 3374 4751 providente
3417 4684 3639 4739 numine

2040 4769 2144 4824 frui
2186 4769 2353 4839 potui.
2399 4769 2532 4824 Nam
2576 4780 2761 4841 partus
2804 4769 2882 4825 tui
2928 4771 3143 4828 dolores
3172 4774 3443 4845 excipiens
3490 4776 3639 4830 illius

2042 4860 2247 4928 obitus,
2279 4871 2329 4917 te
2355 4862 2611 4933 pupillum
2631 4904 2645 4927 ,
2676 4878 2764 4918 me
2792 4862 3004 4919 viduam
3038 4876 3356 4934 praemature
3383 4868 3635 4938 reliquit,

2042 4951 2237 5008 additis
2272 4953 2542 5008 viduitatis
2586 4954 2974 5022 incommodis,
3021 4971 3141 5026 qua:
3187 4958 3423 5028 expertis
3461 4958 3638 5013 solum

2044 5043 2209 5113 probe
2234 5053 2359 5099 nota
2380 5052 2524 5098 sunt.
2547 5043 2737 5100 Nullus
2764 5046 2904 5100 enim
2948 5060 3127 5102 sermo
3158 5047 3302 5102 illam
3348 5057 3639 5120 tempesta-

2046 5143 2151 5190 tem
2181 5149 2245 5190 ac
2272 5134 2558 5205 procellam
2588 5135 2889 5204 exprimere
2920 5138 3122 5207 possit,
3153 5153 3312 5208 quam
3338 5141 3514 5210 puella
3543 5155 3640 5195 su-

2044 5228 2152 5297 bit,
2181 5244 2304 5285 cum
2330 5244 2501 5299 nuper
2525 5244 2556 5285 e
2583 5228 2744 5285 domo
2766 5230 2933 5301 patris
2959 5231 3185 5299 emissa,
3216 5247 3279 5288 ac
3304 5235 3641 5304 negotiorum

2047 5325 2288 5396 imperita
2309 5367 2324 5393 ,
2354 5334 2574 5397 repente
2602 5326 2746 5381 luctu
2780 5326 3098 5382 intolerabili
3130 5328 3404 5398 perculsa,
3437 5330 3644 5384 sollici-

2048 5417 2289 5473 tudinem
2311 5424 2467 5472 aetate
2487 5431 2550 5473 ac
2571 5432 2699 5473 sexu
2720 5433 2818 5472 suo
2839 5417 3094 5487 majorem
3121 5420 3392 5491 suscipere
3412 5420 3642 5491 cogitur.

2046 5507 2190 5577 Opus
2217 5507 2358 5562 enim
2388 5517 2470 5562 est
2494 5522 2769 5563 servorum
2811 5508 3071 5579 ignaviam
3097 5513 3414 5577 emendare,
3447 5515 3642 5583 nequi-

2049 5596 2173 5650 tiam
2201 5597 2506 5664 observare,
2538 5607 2884 5669 cognatorum
2925 5599 3144 5656 insidias
3167 5603 3510 5672 propulsare,
3542 5620 3644 5673 pu-

2048 5688 2378 5742 blicanorum
2411 5690 2679 5753 molestias
2710 5701 2765 5745 ct
2788 5690 2841 5745 in
2870 5690 3215 5762 vectigalibus
3238 5694 3511 5765 exigendis
3540 5696 3645 5750 im-

2051 5778 2356 5836 manitatem
2389 5781 2591 5838 fortiter
2612 5781 2770 5840 ferre.
2799 5782 2950 5852 Quod
2981 5785 3020 5841 si
3053 5785 3115 5855 is,
3141 5784 3228 5855 qui
3254 5798 3481 5844 mortem
3509 5787 3643 5857 obit,
