3942 6388
212 386 300 442 ὃῖὗ

222 508 406 580 prolem
425 506 741 577 relinquat;
771 509 817 564 si
840 510 907 564 sit
932 509 1145 577 femina,
1176 524 1417 580 magnam
1445 509 1626 579 utique
1652 507 1806 564 matri

223 615 388 656 curam
415 599 656 666 exhibet,
690 603 794 657 sed
827 610 998 658 tamen
1031 600 1324 671 sumptibus
1352 610 1407 656 et
1433 611 1577 656 metu
1609 617 1806 656 vacan-

223 705 318 748 tem
343 711 356 745 :
389 703 441 746 at
468 693 610 746 filius
629 696 904 748 sexcentis
927 693 1158 764 quotidie
1183 694 1461 749 timoribus
1479 694 1648 763 replet
1671 695 1808 748 mul-

216 789 384 857 tisque
423 786 906 852 sollicitudinibus;
950 788 1105 842 mitto
1142 787 1283 841 enim
1321 789 1664 856 pecuniarum
1708 803 1805 842 ex-

210 893 450 947 pensam,
475 893 634 946 quam
662 878 880 932 multam
909 877 1082 932 facere
1103 878 1308 948 cogitur
1334 888 1520 945 mater,
1543 880 1588 932 si
1609 878 1804 933 libera-

205 973 328 1027 liter
357 972 508 1026 illom
535 970 766 1026 educare
803 970 998 1040 cupiat.
1041 971 1124 1025 Me
1167 981 1341 1024 tamen
1385 971 1574 1024 horum
1602 971 1802 1026 nullum

201 1063 272 1116 ad
295 1063 498 1118 alteras
533 1063 745 1132 nuptias
773 1063 854 1116 vel
884 1063 951 1116 ad
990 1063 1218 1117 alterum
1257 1065 1309 1118 in
1357 1063 1517 1132 patris
1549 1062 1622 1116 tui
1660 1063 1802 1119 mdes

201 1153 571 1208 inducendum
611 1167 863 1222 sponsum
907 1155 1200 1221 permovit;
1246 1153 1340 1208 sed
1383 1155 1432 1207 in
1478 1153 1708 1223 procella
1747 1163 1802 1209 et

198 1248 417 1303 turbine
459 1249 661 1312 mansi,
706 1247 1040 1317 ferreamque
1078 1247 1350 1301 viduitatis
1381 1245 1649 1302 fornacem
1692 1263 1799 1303 non

195 1340 386 1402 evasi,
433 1339 608 1408 primo
637 1338 849 1407 quidem
879 1354 1111 1407 superno
1152 1339 1279 1392 fulta
1313 1339 1577 1404 subsidio,
1605 1338 1801 1394 deinde

194 1449 306 1488 non
341 1433 558 1488 modico
601 1433 728 1486 mihi
760 1431 810 1486 in
843 1431 1228 1486 calamitatibus
1261 1431 1450 1486 solatio
1475 1440 1618 1495 erat,
1655 1431 1824 1501 quod.

196 1528 410 1578 vultum
435 1523 740 1593 frequenter
767 1535 910 1577 tuum
937 1523 1252 1591 aspicerem,
1277 1537 1340 1576 ac
1359 1523 1532 1576 vivam
1560 1521 1798 1577 defuncti

196 1618 494 1687 imaginem
517 1629 806 1676 servarem,
826 1629 944 1683 qua:
962 1613 1111 1667 illum
1132 1620 1377 1668 accurate
1397 1612 1641 1668 referret.
1664 1612 1798 1678 Qua-

197 1716 425 1776 pmpter
452 1721 574 1759 cum
605 1704 775 1760 adhuc
811 1704 985 1759 infans
1009 1717 1188 1770 esses,
1220 1703 1448 1758 necdum
1475 1703 1616 1773 loqui
1647 1703 1795 1757 vale-

193 1815 318 1865 res,
363 1813 491 1852 cum
536 1799 770 1852 maxime
799 1797 947 1868 pueri
999 1806 1245 1866 parentes
1284 1796 1550 1852 oblectare
1586 1797 1793 1864 solent,

194 1908 411 1962 magna:
438 1892 570 1944 mihi
597 1891 945 1945 consolationi
968 1890 1132 1944 fuisti.
1153 1889 1334 1960 Neque
1357 1889 1484 1943 illud
1512 1889 1641 1943 mihi
1667 1888 1794 1944 vitio

193 1993 413 2040 vertere
440 1983 636 2053 possis,
667 1981 808 2052 quod
835 1983 956 2036 licet
985 1981 1294 2036 viduitatem
1321 1979 1529 2035 fortiter
1556 1981 1790 2045 tulerim,

193 2086 455 2145 paternas
499 2082 676 2128 tamen
719 2073 787 2128 ob
823 2072 1092 2127 viduitatis
1130 2071 1522 2126 incommodum
1555 2071 1646 2126 tibi
1687 2073 1788 2124 mi-

195 2169 409 2223 nuerim
439 2166 748 2231 facultates,
779 2165 919 2235 quod
951 2165 1130 2218 multis
1168 2164 1220 2217 in
1259 2163 1484 2217 orbitate
1512 2160 1793 2217 infeliciter

191 2258 462 2312 accidisse
492 2258 652 2310 novi:
686 2271 806 2309 nam
843 2255 960 2309 illas
995 2253 1091 2308 tibi
1130 2254 1362 2324 integras
1391 2253 1624 2315 servavi,
1669 2252 1791 2306 licet

197 2349 329 2403 nihil
355 2363 547 2403 eorum
575 2357 877 2416 sumptuum
908 2345 1358 2416 praetermiserim,
1385 2343 1474 2414 qui
1501 2343 1566 2396 ad
1594 2342 1788 2397 libera-

196 2441 300 2497 lem
329 2439 722 2495 institutionem
750 2446 890 2492 tuam
915 2435 1201 2492 necessarii
1225 2443 1379 2490 erant
1403 2453 1416 2488 :
1450 2433 1606 2504 idque
1625 2449 1692 2487 ex
1716 2433 1790 2486 fa-

198 2533 487 2588 cultatibus
514 2530 646 2585 meis
673 2544 843 2600 exque
870 2527 1138 2598 pecuniis,
1165 2541 1298 2596 quas
1325 2541 1356 2580 e
1381 2525 1542 2580 domo
1570 2533 1787 2596 paterna

201 2627 507 2681 attuleram.
537 2623 615 2678 Ne
643 2637 770 2677 vero
799 2631 950 2692 putes
987 2635 1074 2674 me
1099 2619 1192 2673 tibi
1230 2617 1638 2688 exprobrantem
1672 2615 1788 2670 haec

201 2717 376 2771 dicere
402 2733 416 2768 :
448 2713 546 2769 sed
585 2729 680 2783 pro
707 2711 791 2766 his
815 2710 1060 2766 omnibus
1097 2723 1254 2764 unam
1283 2707 1494 2779 postulo
1527 2706 1746 2777 gratiam
1765 2742 1786 2772 ,

202 2823 262 2862 ne
303 2821 395 2862 me
439 2805 605 2860 altera
649 2803 902 2857 viduitate
947 2801 1218 2868 involvas,
1265 2814 1366 2853 neu
1407 2798 1636 2868 sopitum
1674 2798 1784 2866 jam

202 2899 396 2953 luctum
461 2896 648 2950 denuo:
695 2894 930 2958 excites,
987 2906 1175 2946 verum
1224 2898 1452 2944 mortem
1509 2897 1786 2958 exspectes

199 3007 367 3046 meam
404 3008 419 3044 :
459 2989 588 3043 hinc
629 2987 850 3041 fortasse
879 2981 1040 3039 brevi
1079 2981 1452 3054 emigrandum
1489 2980 1621 3034 mihi
1660 2980 1782 3034 erit.

198 3084 320 3140 Nam
349 3084 578 3153 juvenes
607 3079 818 3151 quidem
845 3077 909 3133 ad
947 3087 1251 3148 provectam
1278 3073 1494 3145 perduci
1534 3082 1783 3128 senectu-

198 3186 299 3232 tem
335 3190 559 3246 sperare
593 3179 845 3245 possunt;
879 3185 979 3226 nos
1003 3179 1209 3236 autem,
1240 3169 1329 3238 qui
1370 3166 1781 3231 consenuimus,

196 3270 320 3323 nihil
353 3267 503 3322 aliud
539 3281 698 3336 quam
739 3271 964 3319 mortem
998 3260 1387 3331 praestolamur.
1430 3257 1564 3314 Cum
1604 3258 1784 3328 itaque

195 3380 274 3419 me
306 3373 468 3418 terra:
507 3359 818 3426 tradideris,
850 3359 1122 3429 patrisque
1157 3356 1367 3411 ossibus
1403 3353 1782 3418 admiscueris,

195 3458 374 3528 longas
401 3455 659 3524 suscipito
690 3450 1138 3522 peregrinationes
1156 3491 1171 3516 ,
1201 3456 1254 3503 et
1282 3446 1656 3518 quodcumque
1681 3459 1779 3498 vo-

194 3550 352 3605 lueris
380 3549 600 3618 pelagus
629 3545 896 3616 trajicito:
931 3557 1087 3598 nemo
1114 3551 1239 3596 tunc
1267 3538 1632 3610 prohibiturus
1658 3544 1740 3591 est
1764 3553 1777 3591 :

191 3652 443 3697 cartorum
481 3640 652 3694 donec
677 3637 1002 3707 respiramus
1021 3677 1036 3702 ,
1073 3633 1478 3690 contubernium
1504 3646 1682 3686 meum
1713 3645 1781 3684 ne

192 3749 429 3804 respuas,
462 3747 565 3786 neu
587 3731 637 3784 in
660 3729 754 3785 Dei
775 3727 1124 3784 offensionem
1145 3735 1346 3781 temere
1368 3725 1628 3789 incurras,
1653 3723 1778 3776 dum

193 3844 282 3882 nos
331 3827 467 3880 nihil
515 3833 688 3879 tamen
732 3824 889 3877 laesus
928 3836 958 3875 a
1001 3820 1155 3875 nobis
1203 3827 1282 3873 tot
1323 3818 1475 3872 malis
1519 3815 1778 3869 involves.

194 3920 398 3974 Etenim
427 3917 472 3970 si
502 3915 752 3985 conqueri
785 3922 969 3983 potes,
1010 3911 1150 3982 quod
1183 3919 1232 3964 te
1261 3910 1326 3964 ad
1359 3908 1654 3962 mundanas
1683 3922 1778 3960 cu-

191 4027 269 4064 ras
294 4007 627 4080 pertraham,
655 4022 716 4060 ac
734 4004 961 4073 negotiis
991 4002 1296 4072 prospicere
1327 4000 1430 4055 tuis
1460 4013 1643 4068 cogam
1666 4039 1680 4062 ,
1710 4013 1778 4051 ne

188 4101 331 4170 leges
375 4109 616 4161 naturae,
649 4111 716 4150 ne
752 4094 1150 4158 educationem,
1191 4106 1259 4145 ne
1301 4088 1738 4145 consuetudinem
1760 4126 1776 4152 ,

186 4207 285 4246 neu
328 4188 474 4243 aliud
503 4186 768 4257 quidpiam
794 4183 1121 4248 reverearis,
1149 4181 1242 4236 sed
1273 4196 1369 4234 nos
1398 4187 1664 4247 tamquam
1693 4177 1777 4231 in-

185 4285 472 4338 sidiatores
498 4291 548 4335 et
570 4280 811 4333 inimicos
832 4277 981 4347 fuge;
1009 4276 1092 4330 sin
1113 4290 1239 4330 vero
1262 4273 1390 4327 nihil
1418 4287 1523 4326 non
1549 4271 1774 4340 agimus,

186 4385 238 4428 ut
267 4375 364 4429 tibi
396 4373 563 4425 otium
596 4383 842 4440 paremus
870 4367 935 4421 ad
965 4367 1124 4420 vitam
1156 4363 1532 4419 instituendam
1554 4403 1567 4426 ,
1599 4363 1645 4414 si
1681 4362 1778 4412 mi-

186 4482 281 4519 nus
308 4462 460 4517 aliud
487 4463 784 4522 vinculum,
819 4467 964 4514 certe
994 4461 1095 4512 hoc
1124 4471 1286 4511 unum
1317 4463 1370 4509 te
1395 4452 1535 4523 apud
1561 4467 1658 4506 nos
1687 4451 1782 4505 de-

186 4560 374 4610 tineat.
404 4553 538 4608 Nam
574 4552 781 4608 etiamsi
813 4561 863 4605 te
890 4566 920 4604 a
946 4551 1210 4604 sexcentis
1236 4548 1353 4601 aliis
1390 4545 1556 4599 amari
1595 4545 1741 4599 dicas
1761 4586 1775 4610 ,

187 4649 363 4702 nullus
399 4645 496 4699 tibi
533 4652 731 4698 tantam
763 4642 1057 4696 libertatem
1084 4638 1418 4708 procurabit,
1452 4636 1780 4706 quandoqui-

183 4741 305 4793 dem
353 4751 515 4791 nemo
557 4743 667 4801 est,
715 4734 800 4788 cui
848 4731 1168 4788 existimatio
1217 4739 1302 4783 tua
1343 4743 1495 4797 aeque
1541 4740 1604 4781 ac
1649 4725 1778 4779 mihi

182 4845 305 4884 mra
337 4829 425 4882 sit.

257 4924 310 4975 ϐ.
346 4921 515 4973 Fraus
538 4935 636 4987 qua
655 4917 707 4971 in
731 4915 1043 4969 ordinatione
1066 4929 1188 4966 usus
1209 4921 1279 4966 est
1298 4909 1784 4979 Chrysoslomus.-—

191 5016 312 5069 llmc
342 5023 396 5065 et
428 5012 509 5065 his
535 5011 685 5078 plura
712 5008 896 5062 matris
918 5005 1079 5061 verba
1107 5013 1258 5059 erant
1288 5021 1300 5056 :
1334 5016 1454 5071 quae
1475 5015 1593 5053 cum
1615 5013 1782 5069 gene-

190 5123 317 5163 roso
364 5106 440 5159 illi
495 5105 609 5158 viro
639 5101 1000 5155 renuntiarcm
1029 5139 1042 5161 ,
1099 5096 1188 5150 ille
1235 5096 1433 5149 nedum
1478 5091 1783 5161 hujusmodi

184 5199 370 5254 verbis
412 5201 751 5258 moveretur,
778 5191 952 5244 acrius
978 5189 1138 5244 etiam
1186 5185 1417 5240 instabat
1442 5183 1631 5240 eadem
1670 5183 1784 5251 ipsa

189 5307 306 5360 qua:
342 5289 490 5357 prius
515 5284 831 5353 efﬂagitans.
849 5279 974 5335 Haec
993 5293 1114 5334 cum
1135 5278 1274 5331 inter
1302 5291 1400 5330 nos
1423 5286 1781 5337 versaremus,

191 5384 277 5437 iilo
300 5381 609 5449 frequenter
637 5377 895 5436 instante,
926 5387 1012 5425 me
1029 5369 1296 5424 abnuente
1322 5409 1336 5432 ,
1362 5375 1579 5421 exortus
1609 5363 1787 5417 subito

198 5487 383 5527 rumor
426 5479 714 5537 utrumque
761 5463 1033 5518 turbavit:
1065 5460 1204 5514 fama
1251 5458 1394 5513 enim
1436 5464 1552 5511 erat
1593 5469 1692 5508 nos
1720 5453 1786 5507 ad

196 5565 548 5635 episcopalem
598 5559 911 5630 dignitatem
944 5559 959 5587 ¹
1002 5550 1392 5625 promovendos
1458 5563 1598 5603 esse.
1662 5545 1791 5613 Qui-

263 5740 276 5770 ι
311 5736 448 5786 savii.
475 5737 524 5784 in
549 5739 718 5787 textu,
738 5727 902 5778 Morel.
929 5735 978 5777 et
1003 5728 1208 5775 maxima
1233 5736 1346 5782 pars
1367 5730 1492 5778 Mss.,
1521 5719 1587 5770 ad
1611 5719 1792 5787 episco-

203 5782 655 5912 Ραίῖἦξάῖἀιέίλαιειη
674 5807 689 5854 ;
707 5782 848 5841 έίγίι.
877 5794 924 5841 iu
947 5791 1163 5850 margine
1184 5794 1237 5837 et
1260 5792 1466 5849 quatuor
1483 5791 1609 5842 Mss,
1631 5782 1696 5831 ad
1720 5793 1793 5830 sa-

203 5875 276 5911 cer
308 5871 465 5914 unum.

1458 387 1546 445 DE
1583 390 2034 452 SACERDOTIO.
2076 397 2204 453 LIB.
2249 400 2293 455 Ι.

3399 420 3503 475 626

1917 509 2014 567 bus
2034 515 2229 572 auditis
2247 558 2263 584 ,
2293 531 2392 589 ego
2437 518 2624 576 timore
2650 521 2809 579 simul
2834 532 2888 580 et
2927 524 3258 586 haesitatione
3289 536 3500 601 percul-

1913 618 2006 660 sus
2031 620 2149 660 sum
2175 648 2190 673 ,
2223 610 2414 664 timore
2435 650 2451 676 ,
2484 627 2550 667 ne
2577 614 2773 670 invitus
2815 632 3073 688 raperer;
3127 621 3460 681 haesitatione
3482 668 3498 694 ,

1912 710 2034 749 eum
2081 696 2374 755 identidem
2417 701 2773 772 disquirerem
2803 723 2910 776 quo
2955 720 3108 777 pacto
3135 713 3264 768 viris
3292 716 3399 772 illis
3446 719 3499 773 in

1913 797 2148 843 mentem
2177 792 2413 847 venisset
2439 793 2506 849 de
2531 795 2683 850 nobis
2704 797 2992 867 quidquam
3024 802 3324 872 bujusmodi
3350 808 3498 877 cogi-

1910 884 2024 935 tare
2049 895 2064 932 :
2087 896 2208 934 nam
2239 884 2498 953 meipsum
2545 887 2842 957 inspicienti
2871 892 3002 946 nihil
3029 900 3374 953 succurrebat
3405 900 3499 955 illo

1909 968 2126 1040 dignum
2173 971 2399 1029 honore.
2444 975 2755 1034 Generosos
2781 992 2955 1036 autem
2989 985 3095 1049 ille,
3143 1002 3230 1042 me
3267 992 3493 1046 seorsim

1909 1064 2270 1131 conveniens,
2302 1083 2423 1122 cum
2472 1069 2665 1125 famam
2694 1075 2843 1142 quasi
2872 1075 3136 1146 ignoranti
3189 1083 3448 1150 aperisset
3473 1126 3491 1153 ,

1906 1153 2160 1222 rogabat,
2190 1165 2250 1209 ut
2275 1159 2722 1226 quemadmodum
2751 1174 2894 1230 ante,
2928 1167 3014 1221 hic
3043 1169 3204 1222 etiam
3233 1170 3492 1230 factorum

1905 1244 2358 1318 consiliorumque
2373 1259 2651 1307 consortes
2667 1253 2972 1310 videremur
2994 1273 3007 1308 :
3029 1267 3272 1327 paratum
3294 1275 3352 1316 se
3372 1277 3493 1319 esse

1905 1336 1971 1392 ad
1999 1340 2253 1394 utramvis
2276 1340 2415 1396 viam
2444 1344 2800 1412 amplecterer
2817 1386 2833 1410 ,
2865 1346 2977 1400 sive
3003 1345 3312 1417 fugiendum
3335 1393 3350 1418 ,
3377 1353 3492 1408 sive

1903 1430 2348 1486 consentiendum
2373 1441 2543 1500 esset,
2577 1436 3025 1505 persequendam.
3067 1438 3197 1508 Ejus
3238 1456 3336 1510 ego
3372 1443 3490 1496 ani-

1904 1535 2048 1574 mum
2088 1523 2467 1591 conspicatus,
2514 1525 2874 1596 damnumque
2913 1537 3059 1582 ratus
3100 1545 3184 1584 me
3229 1532 3492 1588 universre

1903 1611 2158 1666 Ecclesia:
2181 1612 2480 1680 illaturum,
2503 1614 2550 1669 si
2579 1624 2684 1668 tam
2708 1617 2875 1685 probo
2894 1659 2908 1681 ,
2949 1626 3055 1672 tam
3082 1619 3148 1673 ad
3195 1621 3483 1676 multorum

1901 1703 2269 1772 praefecturam
2299 1705 2495 1760 idoneo
2529 1705 2728 1776 juvene
2755 1723 2972 1778 gregem
3013 1711 3212 1765 Christi
3250 1713 3319 1768 ob
3344 1713 3490 1768 infir-

1901 1798 2138 1851 mitatem
2177 1812 2353 1852 meam
2401 1799 2671 1870 privarem
2694 1841 2709 1866 ,
2743 1801 2884 1870 quod
2915 1803 2966 1856 in
2998 1803 3177 1859 animo
3221 1815 3337 1860 erat
3381 1823 3486 1862 non

1899 1886 2076 1942 detexi
2102 1927 2118 1953 ,
2145 1887 2244 1942 etsi
2273 1898 2429 1943 antea
2477 1889 2683 1946 nullum
2712 1893 3054 1947 consiliorum
3089 1909 3338 1950 meorum
3387 1897 3488 1968 ipsi

1899 1979 2246 2035 occultassem
2281 1999 2296 2036 :
2350 1982 2446 2038 sed
2470 1999 2597 2040 cum
2617 1984 3012 2054 respondissem
3057 2001 3118 2040 ea
3147 1986 3214 2042 de
3260 1986 3320 2043 re
3360 2005 3489 2044 eon-

1898 2071 2237 2126 sultationem
2259 2071 2403 2126 aliud
2428 2073 2484 2127 in
2512 2082 2718 2143 tempus
2744 2075 3084 2143 rejiciendam
3113 2091 3234 2132 esse
3258 2094 3272 2143 ;
3303 2093 3480 2148 neque

1896 2163 2038 2216 enim
2079 2161 2131 2216 id
2173 2163 2227 2216 in
2270 2164 2550 2233 prtesentia
2595 2179 2830 2234 urgere:
2863 2166 3043 2220 Statim
3086 2169 3326 2236 persuasi
3357 2170 3485 2224 nihil

1902 2265 2186 2324 propterea
2220 2256 2513 2311 curandum
2559 2271 2680 2311 esse
2720 2298 2735 2323 ,
2767 2257 3117 2330 fiduciamque
3165 2260 3370 2329 indidi,
3399 2277 3486 2317 me

1895 2347 2134 2416 ejusdem
2186 2348 2466 2402 sententiae
2519 2359 2823 2402 consortem
2852 2350 3000 2415 fore,
3052 2352 3096 2405 si
3135 2352 3349 2422 quando
3396 2369 3486 2408 res

1895 2437 2197 2507 hujusmodi
2223 2439 2575 2508 contingeret.
2603 2438 2751 2492 Haud
2781 2439 2849 2492 ita
2883 2441 3050 2494 multo
3069 2441 3253 2511 elapso
3281 2453 3487 2512 tempo-

1893 2544 1953 2583 re
1973 2570 1988 2596 ,
2021 2544 2144 2583 cum
2193 2527 2238 2583 is
2268 2529 2358 2597 qui
2389 2544 2486 2583 nos
2512 2528 2856 2583 ordinaturus
2896 2540 3012 2584 erat
3055 2531 3395 2598 advenisset,
3421 2549 3483 2588 ac

1892 2635 1979 2673 me
2026 2619 2141 2688 ipse
2179 2620 2561 2685 occultassem,
2617 2619 2805 2674 horum
2859 2621 3074 2691 ignarus
3099 2623 3188 2677 ille
3226 2624 3375 2693 quasi
3414 2626 3482 2680 ad

1890 2711 2033 2768 aliud
2063 2711 2334 2782 negotium
2362 2712 2599 2779 ducitur,
2637 2712 2930 2782 jugumque
2973 2715 3165 2784 accipit
3196 2757 3211 2783 ,
3260 2731 3484 2785 Sperans

1892 2820 1979 2859 me
1999 2848 2014 2872 ,
2044 2813 2102 2859 ut
2127 2807 2478 2876 promiseram
2499 2848 2512 2872 ,
2545 2805 2763 2876 perinde
2794 2815 3143 2876 sequuturum
3175 2824 3296 2864 esse
3329 2826 3342 2862 :
3373 2809 3482 2864 imo

1893 2898 2071 2967 potius
2097 2913 2156 2952 se
2176 2939 2190 2962 ,
2221 2914 2308 2954 me
2357 2908 2628 2968 priceunte
2648 2940 2662 2964 ,
2695 2908 3068 2968 sequuturum.
3103 2900 3314 2954 Etenim
3343 2917 3480 2956 non-

1891 2991 2019 3044 nulli
2047 3006 2113 3044 ex
2146 2991 2210 3046 iis
2238 2992 2326 3060 qui
2353 2991 2574 3046 aderant
2604 2991 2845 3046 videntes
2872 3007 2992 3046 eum
3015 3033 3030 3057 ,
3063 2992 3203 3061 quod
3230 3007 3478 3062 compre-

1891 3080 2086 3135 hensus
2127 3089 2302 3146 esset,
2350 3095 2492 3150 aegre
2540 3079 2836 3145 ferentem,
2891 3082 2942 3135 ei
2972 3083 3132 3137 verba
3175 3082 3473 3148 dederunt,

1889 3173 2186 3227 clamantes
2210 3213 2224 3238 ,
2255 3171 2542 3225 absurdum
2585 3185 2704 3226 esse
2727 3213 2743 3237 ,
2773 3188 2896 3227 cum
2935 3173 3024 3242 qui
3053 3173 3300 3226 omnibus
3340 3168 3481 3228 liere-

1889 3265 2002 3319 cior
2025 3263 2325 3328 videbatur,
2349 3278 2434 3316 me
2464 3262 2826 3332 designantes,
2852 3279 2970 3317 cum
3001 3278 3190 3333 magna
3217 3264 3478 3319 modestia

1887 3355 2103 3409 Patrqu
2150 3353 2341 3422 placito
2397 3352 2828 3421 obtemperasse;
2879 3352 3025 3406 illum
3079 3362 3256 3407 autem
3306 3355 3475 3408 multo

1888 3445 2286 3517 prudentiorem
2317 3453 2370 3498 et
2395 3444 2803 3498 moderatiorem
2833 3444 3059 3499 ferocire
3078 3484 3094 3510 ,
3122 3460 3312 3498 vanam
3351 3445 3470 3514 glo.

1887 3541 2019 3594 riam
2065 3549 2351 3607 appetere,
2408 3535 2840 3600 subsultantem,
2893 3536 3251 3602 resilientem,
3305 3551 3466 3603 l‘cptt-

1886 3637 2155 3700 gnantem.
2173 3630 2270 3684 llis
2293 3627 2382 3682 ille
2397 3625 2933 3694 verbisobsequutus,
2970 3635 3248 3695 postquam
3276 3625 3477 3680 audivit

1886 3735 1973 3774 me
2007 3719 2290 3789 aufugisse,
2325 3717 2490 3771 tristis
2528 3715 2814 3769 admodum
2867 3729 2955 3770 me
2997 3715 3138 3780 adit,
3171 3716 3476 3785 assidetque

1885 3808 2012 3864 mibi
2037 3851 2052 3876 ,
2078 3810 2237 3862 verba
2277 3805 2455 3863 facere
2501 3806 2756 3875 cupiens;
2785 3819 2970 3858 verum
3020 3805 3183 3859 animi
3233 3807 3474 3875 angustia

1883 3900 2132 3955 detentus
2151 3939 2166 3964 ,
2195 3914 2314 3952 cum
2346 3912 2462 3952 eam
2485 3938 2500 3963 ,
2532 3911 2687 3966 quam
2711 3909 2902 3966 passus
2931 3894 3136 3962 fuerat,
3164 3897 3270 3949 vim
3297 3896 3475 3950 decla-

1886 4007 2006 4046 rare
2034 4005 2140 4045 non
2165 3999 2385 4059 posset,
2416 3989 2468 4041 in
2502 3989 2617 4057 ipso
2643 3987 2752 4041 oris
2779 3986 2924 4041 hiatu
2949 3985 3051 4040 fari
3075 3987 3472 4056 prohibebatur,

1884 4097 2117 4136 maerore
2141 4081 2439 4134 orationem
2472 4087 2758 4148 antequam
2800 4077 2992 4132 dentes
3021 4079 3354 4142 transiliret,
3387 4079 3472 4132 in-

1887 4184 2265 4243 terrumpente.
2315 4172 2464 4226 Illum
2495 4187 2594 4242 ego
2638 4172 2858 4225 intuitus
2905 4171 3155 4241 lacrymis
3201 4171 3470 4240 perfusum

1885 4268 2169 4335 animoque
2191 4264 2460 4318 turbatum
2481 4303 2497 4329 ,
2524 4263 2602 4317 rei
2630 4277 2845 4317 causam
2871 4263 3092 4317 edoctus
3114 4305 3128 4329 ,
3159 4265 3320 4317 multa
3346 4278 3470 4318 cum

1884 4361 2152 4428 voluptate
2182 4357 2233 4411 in
2264 4358 2430 4412 risum
2463 4354 2678 4425 prorupi
2701 4395 2716 4422 ,
2746 4354 3245 4423 apprehensumque
3279 4355 3472 4409 dexteo

1887 4467 1942 4506 ra
1969 4449 2269 4505 deosculari
2299 4457 2524 4502 conatus
2552 4461 2666 4501 sum
2693 4488 2708 4514 ,
2738 4447 2953 4516 Deoque
2995 4445 3220 4515 gloriam
3266 4445 3468 4500 refere-

1884 4543 2041 4606 bam,
2075 4540 2217 4609 quod
2262 4539 2684 4592 machinamenta
2727 4536 2859 4590 mihi
2910 4545 3058 4590 recte
3109 4549 3172 4590 ae
3221 4551 3317 4605 pro
3345 4547 3473 4590 voto

1885 4632 2194 4688 cessissent.
2229 4630 2320 4684 llle
2358 4637 2420 4682 ut
2465 4644 2552 4682 me
2580 4628 2759 4682 laetum
2793 4626 3123 4696 hilaremque
3153 4625 3328 4693 vidit,
3382 4625 3472 4685 ubi

1887 4726 2115 4794 primum
2159 4737 2218 4778 se
2265 4736 2296 4776 a
2319 4721 2472 4775 nobis
2517 4720 2800 4789 deceptum
2826 4733 2946 4773 esse
2972 4718 3387 4786 animadvertit,
3418 4717 3471 4773 id

1887 4819 2044 4886 longe
2067 4815 2280 4886 gravius
2309 4813 2685 4882 indigniusque
2711 4810 2934 4865 ferebat.

1958 4911 2009 4962 7.
2032 4907 2214 4960 Basilii
2239 4906 2492 4958 accusatio
2526 4903 2751 4956 modesta
2777 4911 2826 4954 et
2868 4901 3100 4971 simplex.
3121 4929 3194 4940 —
3217 4900 3385 4954 Porro
3404 4899 3474 4953 ab

1875 4995 1966 5051 illa
1980 4997 2376 5068 perturbatione
2390 4994 2575 5050 sedato
2599 5007 2885 5062 parumper
2917 4991 3256 5054 animo,Etsi,
3279 4990 3470 5058 inquit,

1891 5101 2069 5161 partes
2095 5098 2305 5143 nostras
2333 5087 2605 5156 reSpueris
2626 5127 2640 5152 ,
2661 5099 2725 5139 ac
2751 5083 2948 5137 nullam
2970 5082 3080 5151 jam
3113 5080 3282 5134 nostri
3310 5081 3473 5133 ratio-

1892 5199 2013 5239 nem
2041 5183 2270 5246 habeas,
2323 5197 2422 5236 nec
2465 5187 2613 5234 certe
2654 5177 2768 5231 scio
2808 5191 2908 5246 qua
2941 5175 3009 5229 de
3049 5188 3208 5228 causa
3237 5172 3475 5242 oportuit

1893 5277 2078 5330 saltem
2125 5284 2176 5327 te
2220 5269 2625 5328 existimationis
2669 5276 2772 5321 tuae
2820 5281 3002 5319 curam
3046 5264 3262 5319 habere.
3325 5262 3476 5316 Nune

1892 5385 2021 5424 vero
2043 5365 2280 5421 omnium
2333 5378 2425 5416 ora
2456 5358 2746 5430 aperuisti,
2792 5367 2949 5426 teque
2975 5370 3040 5409 ex
3071 5353 3247 5408 inanis
3289 5353 3476 5424 gloriae

1894 5474 2074 5514 amore
2097 5457 2273 5513 cuncti
2312 5455 2494 5509 dicunt
2520 5452 2622 5506 hoc
2651 5449 3003 5504 ministerium
3030 5460 3344 5510 recusasse,
3377 5459 3478 5498 nec

1895 5549 2172 5621 quisquam
2202 5557 2284 5602 est
2312 5546 2399 5615 qui
2425 5555 2474 5598 te
2499 5542 2566 5597 ab
2614 5542 2714 5595 hac
2741 5538 3112 5594 criminatione
3137 5537 3353 5590 eximat.
3383 5536 3480 5589 Mi-

1898 5643 1948 5696 hi
1976 5648 2152 5696 autem
2197 5655 2265 5692 ne
2296 5639 2348 5691 in
2391 5636 2563 5689 forum
2611 5632 2824 5703 quidem
2871 5628 3133 5683 ventitare
3175 5628 3299 5681 licet
3325 5643 3340 5681 :
3369 5636 3477 5680 tam

1899 5734 2052 5791 multi
2084 5745 2279 5800 nempe
2319 5738 2440 5783 sunt
2469 5726 2558 5796 qui
2603 5738 2706 5779 nos
2735 5720 3092 5784 conveniunt,
3140 5734 3202 5773 ac
3242 5716 3482 5789 quotidie

1904 5831 2167 5882 incusant.
2200 5823 2329 5878 Nam
2357 5821 2564 5892 quoues
2595 5831 2680 5873 me
2711 5817 2765 5872 iu
2795 5826 3128 5885 quacumque
3151 5810 3303 5867 urbis
3331 5819 3484 5879 parte
