3942 6372
517 387 620 442 69.7

519 503 733 568 vident,
766 496 992 554 seorsim
1028 495 1310 550 adductum
1357 491 1643 546 familiares
1689 489 1858 544 nostri
1905 503 1991 542 me
2039 488 2094 541 in

520 592 808 647 maximam
839 588 1078 642 criminis
1109 594 1311 655 partem
1340 591 1551 638 vocant.
1585 581 1711 650 Ejus
1738 579 1943 634 consilii
1974 594 2098 648 gna-

521 695 614 736 rus
639 723 654 748 ,
705 681 884 742 aiunt,
920 678 1116 732 nullam
1149 676 1289 730 enim
1332 689 1508 729 rerum
1555 671 1621 726 ad
1651 686 1772 726 eum
1818 670 2095 740 pertinen-

522 773 652 825 tium
684 769 994 840 ignorabas,
1026 767 1157 820 nihil
1187 765 1421 835 oportuit
1461 763 1830 826 dissimulare,
1863 761 1955 816 sed
1983 776 2097 815 rem

523 863 797 917 nobiscum
843 860 1251 925 communicare,
1290 871 1462 927 neque
1499 856 1756 911 defuisset
1811 869 1900 908 ars
1925 895 1940 921 ,
1995 867 2097 922 qua

527 953 675 1006 illum
707 952 760 1005 in
812 951 943 1005 retia
968 949 1374 1017 conjiceremus.
1398 947 1479 1002 Me
1498 961 1626 1001 vero
1653 945 1803 1000 fateri
1831 944 1993 1014 pudet
2018 944 2100 997 di-

524 1059 649 1098 cere
674 1084 688 1110 ,
726 1058 811 1096 me
837 1042 887 1096 id
911 1041 1190 1095 consilium
1220 1055 1250 1093 a
1277 1047 1329 1094 te
1351 1040 1459 1108 jam
1491 1037 1698 1108 pridem
1731 1037 1917 1090 initum
1947 1036 2100 1105 igno-

524 1151 676 1199 rare,
711 1150 778 1189 ne
820 1134 894 1187 illi
939 1132 1226 1187 amicitiam
1254 1138 1492 1186 nostram
1519 1128 1694 1183 fictam
1724 1142 1845 1182 esse
1892 1132 2097 1195 putent.

523 1225 652 1279 Nam
681 1226 723 1279 si
753 1224 823 1279 ita
848 1233 959 1290 est,
997 1233 1055 1278 ut
1088 1238 1211 1278 vere
1239 1231 1342 1287 est,
1398 1219 1538 1291 quod
1563 1236 1628 1276 ne
1662 1229 1714 1274 tu
1742 1217 1954 1289 quidem
1982 1224 2102 1287 post

525 1317 646 1370 talia
675 1325 820 1385 gesta
850 1316 1070 1369 inficiari
1103 1314 1303 1384 possis,
1349 1328 1456 1368 non
1482 1329 1514 1368 e
1557 1329 1618 1367 re
1657 1312 1814 1368 fuerit
1851 1319 2102 1365 externos

526 1407 801 1471 homines,
853 1407 944 1476 qui
992 1405 1075 1460 vel
1121 1405 1444 1460 mediocrem
1489 1403 1554 1458 de
1600 1393 1756 1457 nobis
1795 1401 2100 1470 Opinionem

525 1496 754 1560 habent,
785 1498 920 1551 mala
950 1497 1123 1551 celare
1184 1507 1388 1550 nostra.
1423 1496 1556 1550 Rem
1588 1496 1765 1565 itaque
1793 1503 1852 1549 ut
1877 1510 2004 1550 vere
2043 1509 2103 1550 se

526 1585 686 1642 habet
727 1589 830 1642 illis
859 1588 1066 1656 aperire
1111 1603 1334 1654 vereor,
1368 1588 1460 1642 sed
1510 1595 1686 1642 tacere
1730 1602 1926 1657 cogor,
1973 1602 2104 1641 ocu-

527 1677 712 1746 losque
752 1679 805 1730 in
838 1687 1031 1731 terram
1057 1677 1340 1732 demittere
1363 1718 1377 1741 ,
1406 1685 1564 1746 atque
1607 1677 1674 1731 ab
1698 1677 2103 1731 occurrentibus

525 1769 794 1824 declinare
819 1779 872 1824 et
898 1771 1124 1825 resilire.
1156 1771 1368 1824 Etenim
1405 1771 1526 1823 licet
1555 1769 1698 1838 prius
1727 1769 1856 1823 illud
1899 1770 2103 1824 crimen

525 1861 792 1932 effugiam,
819 1869 983 1916 restat
1006 1871 1180 1916 tamen
1204 1870 1262 1915 ut
1288 1861 1548 1915 mendacii
1571 1863 1869 1915 necessario
1889 1876 2100 1930 arguar.

524 1953 703 2023 Neque
718 1955 865 2009 enim
892 1954 1113 2008 credent
1133 1969 1368 2023 unquam
1396 1953 1525 2006 mihi
1555 1952 1751 2006 dicenti
1775 1963 1826 2008 te
1854 1953 2104 2007 Basilium

533 2045 584 2097 in
612 2060 798 2097 eorum
831 2060 1053 2099 numero
1077 2045 1316 2113 posuisse
1336 2085 1351 2112 ,
1382 2045 1574 2113 quibus
1614 2058 1808 2097 arcana
1835 2044 1973 2098 scire
2017 2053 2104 2097 tua

526 2149 630 2185 non
685 2133 825 2186 licet.
854 2133 1048 2188 Verum
1078 2132 1191 2186 haec
1218 2149 1322 2186 non
1353 2132 1575 2186 multum
1601 2147 1730 2188 curo
1751 2175 1766 2196 ,
1797 2132 2009 2202 quando
2033 2133 2104 2186 ita

527 2221 621 2275 tibi
646 2221 874 2291 jucunda
922 2221 1109 2287 fuere;
1137 2232 1192 2276 at
1218 2223 1480 2292 reliquum
1523 2222 1755 2278 dedecus
1786 2264 1802 2290 ,
1837 2225 1926 2292 qui
1963 2223 2104 2277 ferre

528 2314 828 2380 pOSsimus?
857 2313 987 2367 Nam
1017 2314 1106 2368 alii
1153 2324 1204 2368 te
1239 2315 1554 2384 arrogantia:
1583 2355 1598 2379 ,
1633 2315 1720 2368 alii
1744 2331 1895 2368 value
1923 2314 2107 2385 gloria:

526 2411 776 2456 accusant
812 2421 826 2468 ;
869 2404 955 2472 qui
987 2415 1160 2458 autem
1187 2405 1291 2458 reis
1317 2405 1490 2457 minus
1539 2419 1756 2473 parcere
1786 2405 2007 2471 volunt,
2053 2411 2108 2458 et

531 2495 646 2548 hazc
668 2503 891 2563 utraque
913 2495 1272 2563 improperant
1293 2534 1308 2560 ,
1335 2504 1386 2548 et
1410 2503 1666 2564 praeterea
1692 2494 1946 2564 adjiciunt
1965 2509 2104 2561 eam,

527 2601 682 2654 quam
713 2587 774 2639 iis
800 2586 889 2654 qui
920 2602 1016 2640 nos
1044 2587 1244 2640 honore
1269 2585 1564 2640 affecerunt
1598 2586 1892 2652 intulimus,
1917 2595 2106 2640 contu-

528 2675 740 2729 tneliam
765 2717 780 2741 ,
813 2690 946 2744 quos
987 2677 1146 2730 etiam
1189 2676 1372 2729 dicunt
1413 2675 1527 2730 hanc
1565 2679 1686 2744 jure
1725 2691 1911 2745 passos
1953 2691 2105 2744 esse,

533 2765 640 2818 imo
660 2766 902 2834 graviora
926 2766 1300 2834 promeruisse;
1323 2774 1502 2835 utpote
1519 2765 1606 2834 qui
1633 2774 1709 2819 tot
1730 2766 1994 2835 tantisque
2020 2781 2108 2820 re-

531 2856 669 2912 lictis
697 2857 845 2923 viris,
864 2873 1054 2926 pueros
1073 2859 1183 2912 heri
1205 2874 1266 2911 ac
1283 2857 1662 2912 nudiustertius
1683 2858 1734 2911 in
1762 2858 2105 2912 saecularibus

537 2948 680 3001 curis
705 2948 970 3002 volutatos
993 2987 1008 3010 ,
1046 2957 1102 3002 ut
1127 2947 1193 3000 ad
1238 2948 1399 3002 breve
1430 2955 1635 3016 tempus
1678 2947 1956 3016 supercilia
1983 2963 2112 3001 eon-

532 3039 802 3094 traherent
822 3081 837 3106 ,
868 3039 1038 3108 pullas
1081 3048 1257 3093 vestes
1287 3038 1599 3104 induerent,
1625 3038 1916 3108 vultusque
1943 3039 2108 3092 tristi-

532 3131 656 3185 tiam
709 3131 1061 3196 simularent,
1110 3129 1398 3199 derepente
1469 3129 1536 3183 ad
1591 3138 1792 3183 tantum
1853 3128 2109 3184 honorem

529 3222 875 3287 adduxerint,
923 3231 1176 3291 quantum
1222 3238 1287 3276 ne
1332 3222 1384 3275 in
1407 3221 1606 3276 somnis
1652 3221 1864 3291 quidem
1899 3223 2111 3291 assequi

433 3369 447 3382 ,
531 3316 905 3383 speravissent.
938 3316 1111 3384 Atque
1153 3315 1186 3368 ii
1231 3314 1480 3384 quidem,
1523 3315 1702 3376 aiunt,
1740 3315 1826 3382 qui
1867 3331 1895 3368 a
1941 3316 2108 3383 prima

532 3417 689 3461 aitate
715 3408 780 3461 ad
818 3415 1109 3461 extremam
1164 3423 1330 3476 usque
1373 3416 1698 3460 senectutem
1749 3407 1973 3461 asccsim
1999 3407 2111 3462 sive

532 3499 964 3552 exercitationem
990 3497 1173 3551 sectati
1213 3505 1370 3563 sunt,
1413 3497 1464 3550 in
1504 3495 1836 3550 subditorum
1886 3512 2108 3552 numero

523 3577 657 3642 'sunt
686 3607 699 3652 ;
734 3590 994 3656 imperant
1021 3598 1194 3642 autem
1221 3588 1321 3641 illis
1348 3589 1580 3656 ipsorum
1603 3587 1694 3640 filii
1715 3629 1730 3654 ,
1759 3587 1847 3656 qui
1879 3603 1942 3642 ne
1969 3589 2112 3656 leges

533 3679 746 3748 quidem
775 3688 1034 3733 noverunt
1061 3678 1182 3732 huic
1211 3676 1510 3732 exercendo
1543 3677 1866 3746 magistratui
1892 3678 2109 3745 positas.

537 3772 661 3825 llaec
687 3781 738 3827 et
773 3772 922 3840 plura
953 3771 1228 3840 loquentes
1256 3770 1560 3839 frequenter
1597 3771 1813 3824 instant.
1849 3771 1958 3840 Ego
1984 3785 2112 3825 vero

535 3862 662 3931 quid
705 3861 769 3915 ad
801 3861 918 3916 hasc
943 3861 1293 3931 respondeam
1338 3862 1523 3930 ignoro
1553 3878 1565 3914 :
1599 3870 1686 3927 tu,
1731 3876 1940 3930 quaeso,
1981 3861 2111 3915 mihi

537 3952 888 4021 suppeditato.
911 3952 1092 4022 Neque
1114 3952 1254 4005 enim
1282 3962 1409 4022 puto
1427 3961 1626 4006 temere
1661 3961 1713 4007 te
1737 3961 1789 4006 et
1815 3953 1927 4008 sine
1953 3968 2111 4007 causa

536 4042 733 4114 fugisse
757 4053 1060 4114 tantamque
1075 4045 1370 4113 suscepisse
1383 4044 1634 4098 adversus
1649 4044 1782 4098 adeo
1802 4054 2113 4112 prmstantes

534 4135 678 4190 viros
709 4136 1052 4201 inimicitiam;
1080 4135 1173 4189 sed
1206 4135 1509 4204 ponderalis
1535 4136 1692 4190 rebus
1714 4135 1780 4189 ad
1806 4136 1857 4190 id
1880 4137 2107 4202 venisse,

536 4225 674 4279 unde
699 4237 751 4279 et
775 4226 866 4280 tibi
893 4234 1130 4296 paratam
1153 4225 1516 4280 defensionem
1543 4225 1730 4280 adesse
1751 4227 1996 4280 arbitror.
2020 4227 2112 4280 Die

534 4331 691 4384 ergo,
720 4333 844 4370 num
869 4317 1067 4386 justam
1099 4317 1296 4372 habeas
1339 4319 1732 4372 excusationem
1753 4359 1768 4384 ,
1799 4333 1956 4387 quam
2001 4319 2109 4372 cri-

536 4409 882 4463 minatoribus
926 4411 1228 4464 alTeramus.
1259 4409 1388 4463 Nam
1421 4409 1486 4464 de
1516 4410 1701 4478 injuria
1729 4425 1829 4479 qua
1863 4426 1950 4464 me
1985 4409 2112 4464 affe-

535 4498 652 4551 cisti
691 4513 795 4553 non
821 4499 1098 4566 expostulo
1127 4507 1297 4552 tecum
1319 4541 1333 4564 ,
1366 4515 1472 4552 non
1501 4499 1641 4568 quod
1669 4499 1942 4568 deceperis
1960 4541 1975 4566 ,
2004 4516 2109 4554 non

535 4589 671 4658 quod
697 4589 1020 4658 prodideris,
1053 4607 1158 4645 non
1205 4590 1344 4659 quod
1388 4591 1535 4645 omni
1581 4600 1817 4660 tempore
1864 4593 2110 4646 amicitiae

536 4693 670 4732 mea:
701 4678 924 4733 fructum
957 4681 1161 4734 tuleris.
1189 4680 1296 4735 Nos
1322 4681 1518 4750 quippe
1544 4681 1774 4734 animam
1823 4691 2057 4736 nostram
2087 4721 2102 4746 ,

535 4779 594 4822 ut
625 4769 694 4824 ita
724 4770 895 4824 dicam
917 4813 930 4837 ,
965 4771 1056 4824 tibi
1083 4771 1294 4825 allatam
1316 4812 1330 4837 ,
1370 4772 1421 4825 in
1451 4771 1696 4826 manibus
1737 4773 1840 4826 tuis
1867 4775 2110 4842 reposui-

535 4875 654 4914 mus
682 4879 693 4912 :
722 4869 777 4914 tu
797 4875 925 4914 vero
951 4871 1150 4915 tantam
1172 4861 1450 4914 adversum
1474 4876 1572 4915 nos
1593 4862 1933 4917 calliditatem
1959 4864 2111 4917 adhi

535 4949 693 5006 buisti
713 4993 726 5016 ,
755 4961 1004 5022 quantam
1025 4952 1069 5004 si
1093 4950 1160 5005 ab
1188 4952 1412 5005 inimicis
1429 4952 1532 5005 tnis
1551 4953 1842 5006 cavendum
1862 4952 1956 5007 tibi
1975 4953 2108 5008 fuis-

535 5052 636 5098 set.
667 5044 823 5114 Atqui
851 5043 1110 5113 oportuit,
1141 5044 1184 5097 si
1208 5040 1485 5097 consilium
1513 5042 1814 5111 hujusmodi
1843 5044 1968 5099 utile
1991 5059 2110 5101 esse

536 5134 790 5202 putabas,
818 5134 956 5189 illius
987 5133 1188 5188 lucrum
1233 5147 1338 5187 non
1389 5132 1570 5202 fugere
1601 5151 1614 5187 :
1647 5134 1729 5187 sin
1755 5134 2070 5189 damnosum
2090 5178 2105 5203 ,

534 5240 631 5280 nos
660 5240 869 5294 quoque
887 5267 901 5291 ,
935 5240 1066 5294 quos
1087 5224 1333 5279 omnibus
1358 5240 1569 5292 semper
1598 5224 1849 5294 prarferrc
1871 5225 2105 5292 dicebas,

532 5317 731 5370 damno
757 5317 985 5386 eripere.
1008 5317 1085 5370 Tu
1109 5332 1233 5372 vero
1259 5317 1387 5370 nihil
1417 5331 1520 5369 non
1549 5317 1699 5386 egisti
1729 5327 1785 5371 ut
1814 5333 1878 5372 eo
1905 5318 2108 5372 incide-

534 5421 747 5473 remus,
784 5423 953 5476 neque
983 5408 1106 5462 dolo
1131 5408 1215 5462 vel
1238 5408 1575 5462 simulatione
1615 5424 1746 5478 opus
1777 5419 1888 5463 erat
1919 5410 2108 5464 adver-

533 5511 624 5548 sus
654 5511 772 5549 eum
794 5538 808 5563 ,
841 5499 929 5566 qui
951 5499 1065 5552 sine
1090 5498 1214 5552 dolo
1243 5507 1298 5551 et
1321 5499 1633 5568 simpliciter
1657 5501 1831 5554 omnia
1858 5501 2034 5555 dicere
2054 5513 2108 5556 et

535 5599 694 5650 agere
723 5587 859 5653 apud
879 5598 930 5642 te
960 5588 1183 5642 solebat.
1206 5590 1453 5642 Altamen
1474 5628 1488 5653 ,
1513 5600 1569 5643 ut
1591 5589 1697 5644 dixi
1719 5632 1734 5655 ,
1759 5591 1887 5644 nihil
1922 5607 2105 5647 eorum

534 5671 744 5724 crimini
766 5675 834 5726 do
859 5716 872 5738 ,
905 5691 1076 5744 neque
1102 5679 1438 5732 solitudinem
1469 5679 1734 5746 exprobro
1753 5721 1768 5744 ,
1799 5683 1849 5734 in
1879 5698 1980 5751 qna
2012 5698 2107 5738 nos

535 5761 892 5832 constituisti,
923 5781 1043 5820 cum
1083 5769 1343 5838 colloquia
1373 5769 1458 5824 illa
1488 5769 1782 5838 abstulisti,
1823 5788 1886 5828 ex
1913 5773 2101 5842 quibus

1220 380 1276 434 S.
1319 377 1593 436 JO.\N.\'IS
1627 371 2106 432 CllRYSOSTOMl
2145 371 2462 429 ARClllEP.
2502 372 3038 430 CONSTANTINOP.

3677 375 3779 432 628

2201 495 2255 542 et
2281 487 2603 557 voluptatem
2630 498 2684 544 et
2704 489 2984 544 utilitatem
3012 503 3116 544 non
3139 488 3410 543 minimam
3433 502 3574 559 saepe
3596 504 3785 561 carpe-

2204 577 2413 632 bamus.
2447 578 2644 634 Verum
2677 579 2791 634 haec
2815 579 2992 633 omnia
3010 580 3163 634 mitto
3182 620 3197 646 ,
3227 578 3340 635 haec
3370 581 3525 634 tacite
3550 591 3605 636 et
3631 596 3783 636 man-

2202 679 2354 725 suete
2385 671 2497 726 fero
2529 688 2543 725 :
2571 687 2675 725 non
2697 671 2840 742 quod
2867 680 2922 726 tu
2947 682 3223 726 mansuete
3252 671 3304 724 in
3335 688 3430 726 nos
3457 672 3780 742 deliqueris,

2202 761 2296 816 sed
2321 761 2462 832 quod
2505 778 2622 816 eam
2651 753 2781 816 mihi
2811 763 2980 832 legem
3008 763 3420 832 przescripserim
3450 763 3517 817 ab
3548 765 3634 817 illa
3661 766 3746 818 die
3765 807 3782 831 ,

2202 868 2305 922 qua
2335 853 2619 908 amicitiam
2652 854 2744 908 inii
2771 863 2914 908 tuam
2933 896 2947 920 ,
2972 864 3030 908 ut
3053 855 3292 924 quamvis
3328 855 3456 908 mihi
3485 853 3782 909 molestiam

2203 945 2421 1000 afferres
2441 985 2454 1009 ,
2487 945 2684 999 nullam
2713 946 2808 1000 abs
2837 954 2887 1000 te
2918 947 3213 1016 apologiam
3244 947 3533 1015 exigerem.
3572 947 3785 1000 Etenim

2205 1035 2345 1104 quod
2373 1050 2478 1090 non
2506 1036 2771 1090 mediocre
2801 1036 2930 1090 mihi
2958 1037 3210 1091 damnum
3240 1038 3484 1092 intuleris
3502 1079 3517 1103 ,
3548 1038 3663 1107 ipse
3691 1053 3788 1091 no-

2205 1128 2307 1194 sti,
2341 1129 2385 1183 si
2415 1129 2575 1182 modo
2606 1129 2911 1184 meminisse
2937 1130 3069 1184 velis
3108 1144 3416 1184 sermonum
3441 1171 3456 1194 ,
3489 1138 3602 1183 tum
3651 1143 3788 1197 quos

2205 1219 2372 1273 exteri
2401 1219 2468 1274 de
2503 1218 2654 1274 nobis
2676 1260 2690 1282 ,
2721 1227 2834 1274 tum
2862 1234 2995 1290 quos
3024 1234 3120 1274 nos
3147 1219 3212 1274 de
3241 1219 3395 1274 nobis
3439 1221 3567 1288 ipsis
3596 1235 3789 1290 perpe-

2208 1318 2298 1362 tuo
2325 1308 2629 1364 habuimus.
2645 1309 2706 1364 Hi
2730 1325 2890 1380 porro
2915 1325 3190 1365 sermones
3210 1319 3394 1374 erant,
3419 1325 3669 1380 magnum
3693 1325 3792 1364 no-

2207 1400 2288 1454 bis
2317 1400 2429 1456 fore
2453 1401 2655 1456 lucrum
2677 1418 2742 1457 ex
2771 1402 3051 1456 concordia
3070 1444 3085 1469 ,
3111 1402 3524 1472 prazsidiumqne
3553 1418 3616 1457 ex
3647 1404 3788 1456 ami-

2205 1491 2327 1545 citia
2355 1500 2556 1546 mutua.
2585 1492 2793 1562 Aliique
2817 1507 3004 1546 omnes
3021 1492 3290 1560 dicebant,
3317 1493 3433 1547 aliis
3461 1495 3616 1547 etiam
3651 1495 3792 1548 bene

2206 1583 2386 1637 multis
2414 1598 2518 1637 non
2544 1583 2767 1638 modica:
2784 1583 2991 1638 utilitati
3018 1584 3129 1638 fore
3153 1583 3492 1638 concordiam
3510 1593 3748 1638 nostram
3770 1599 3790 1640 :

2206 1691 2305 1745 ego
2327 1690 2455 1730 vero
2476 1717 2492 1738 ,
2525 1675 2666 1746 quod
2693 1676 2760 1730 ad
2809 1691 2893 1730 me
2921 1675 3140 1741 attinet,
3183 1691 3471 1746 numquam
3505 1677 3791 1730 utilitatem

2206 1764 2433 1833 cuipiam
2459 1763 2616 1834 posse
2643 1781 2730 1820 me
2754 1775 3006 1835 prazstare
3037 1767 3253 1836 putavi;
3281 1767 3519 1822 dicebam
3565 1776 3744 1821 tamen
3771 1807 3790 1834 ,

2208 1854 2310 1908 hoc
2339 1855 2530 1909 saltem
2562 1870 2659 1909 nos
2688 1856 2892 1912 lucrum
2930 1871 3034 1910 non
3062 1873 3286 1926 parvum
3318 1874 3382 1912 ex
3427 1859 3656 1912 amicitia
3689 1858 3792 1913 de-

2207 1956 2484 2014 eerpturos
2513 1962 2633 2001 esse
2653 1989 2667 2013 ,
2701 1947 2842 2016 quod
2871 1948 2934 2002 iis
2959 1949 3047 2017 qui
3089 1965 3184 2004 nos
3215 1965 3519 2018 oppugnare
3549 1951 3751 2003 vellent
3775 1991 3792 2014 ,

2212 2037 2647 2106 inexpugnabiles
2676 2037 2838 2091 futuri
2869 2053 3130 2093 essemus.
3181 2039 3305 2092 llwc
3337 2039 3428 2093 tibi
3472 2039 3522 2093 in
3553 2050 3794 2095 mentem

2209 2142 2462 2183 revocare
2501 2145 2787 2198 numquam
2824 2130 3095 2184 ccssabam
3129 2148 3142 2185 :
3175 2129 3398 2184 Difficile
3426 2139 3508 2185 cst
3539 2141 3790 2201 tempus,

2210 2218 2548 2274 insidiatores
2580 2220 2766 2284 multi,
2803 2235 3054 2289 germana
3089 2221 3284 2274 caritas
3314 2222 3601 2287 exstincta,
3642 2223 3792 2275 iuvi-

2334 2309 2596 2377 pernicies
2619 2309 2735 2377 ejus
2764 2310 2938 2362 locum
2965 2309 3160 2374 subiit,
3190 2309 3242 2364 in
3271 2311 3444 2364 medio
3471 2311 3793 2380 laqueorum

2210 2398 2608 2468 progredimur,
2661 2403 2713 2453 ln
2780 2400 2953 2468 pinnis
3007 2401 3213 2456 urbium
3267 2401 3597 2456 ambulamus
3651 2420 3668 2458 :
3725 2405 3798 2458 ad

2209 2489 2542 2558 gaudendum
2571 2490 2639 2545 de
2662 2491 2817 2545 malis
2844 2491 3039 2545 nostris
3066 2492 3230 2560 parati
3259 2502 3402 2555 sunt,
3433 2493 3477 2547 si
3507 2493 3629 2562 quid
3655 2493 3798 2548 forte

2211 2579 2485 2634 sinistrum
2512 2580 2789 2648 acciderit,
2814 2582 2990 2648 multi,
3015 2589 3068 2636 et
3085 2581 3317 2651 undique
3350 2583 3580 2648 instant;
3631 2599 3799 2638 nemo

2212 2687 2339 2727 vero
2359 2683 2441 2728 est
2484 2674 2574 2743 qui
2606 2675 2774 2728 vicem
2806 2683 3040 2728 nostram
3068 2674 3272 2738 doleat,
3301 2675 3382 2728 vel
3411 2675 3598 2729 saltem
3630 2676 3792 2744 pauci

2213 2764 2514 2832 hujusmodi
2544 2774 2688 2818 sunt.
2707 2764 2840 2819 Vide
2860 2780 2928 2820 ne
2961 2765 3004 2819 si
3029 2765 3426 2835 disjungamur,
3458 2764 3622 2818 risum
3649 2766 3799 2820 mul-

2215 2865 2322 2910 tum
2349 2858 2463 2912 aliis
2490 2873 2832 2923 moveamus,
2876 2859 3092 2929 risuque
3135 2860 3435 2928 graviorem
3475 2859 3747 2928 jacturam
3781 2878 3796 2914 :

2214 2947 2400 3001 Frater
2436 2949 2522 3017 qui
2548 2950 2819 3020 adiuvatur
2845 2967 2877 3003 a
2897 2953 3056 3021 fratre
3077 2992 3092 3014 ,
3115 2950 3258 3017 quasi
3285 2951 3458 3004 civitas
3494 2952 3688 3004 munita
3709 2994 3724 3013 ,
3753 2961 3801 3004 et

2212 3039 2354 3108 quasi
2392 3055 2600 3109 regnum
2629 3039 2844 3093 vectibus
2891 3042 3146 3108 rmatum
3174 3039 3352 3110 (Prov.
3405 3041 3491 3095 18.
3527 3042 3638 3111 l9).
3672 3040 3757 3096 Ne
3780 3083 3797 3107 ,

2213 3145 2414 3198 qtimso,
2447 3131 2583 3185 hanc
2608 3131 2869 3185 dissolvas
2894 3132 3361 3198 necessitudinem,
3384 3147 3554 3201 neque
3583 3143 3798 3187 vectem

2213 3221 2504 3290 dirumpas.
2537 3221 2660 3276 llzec
2688 3229 2743 3276 et
2768 3222 2848 3276 his
2871 3223 3019 3291 plura
3047 3238 3191 3291 saepe
3218 3223 3455 3277 dicebam
3477 3265 3492 3290 ,
3539 3224 3671 3277 nihil
3703 3240 3804 3278 un-

2214 3326 2372 3379 quam
2416 3311 2715 3380 hujusmudi
2755 3313 3065 3380 suspicans,
3113 3312 3206 3366 sed
3248 3322 3299 3367 te
3343 3328 3475 3366 sano
3505 3314 3802 3368 admodum

2213 3399 2394 3455 animo
2442 3419 2563 3472 erga
2619 3417 2717 3456 nos
2758 3418 2875 3457 esse
2920 3413 3151 3473 putans,
3193 3413 3349 3474 atque
3391 3420 3458 3458 ex
3505 3405 3800 3459 abundanti

2214 3491 2474 3546 medelam
2513 3508 2643 3548 sano
2671 3495 2922 3550 adhibere
2947 3510 3139 3549 curans
3156 3536 3172 3560 ,
3202 3511 3300 3550 nec
3324 3496 3760 3551 animadvertetis
3780 3539 3800 3566 ,

2215 3592 2271 3636 ut
2299 3591 2476 3652 patet,
2505 3599 2590 3638 me
2616 3585 2890 3654 :egrotanti
2927 3585 3161 3640 remedia
3200 3601 3497 3655 apponere,
3524 3596 3578 3640 at
3621 3602 3690 3642 ne
3724 3589 3804 3642 sic

2213 3675 2427 3745 quidem
2477 3676 2657 3732 infelix
2715 3678 2982 3748 quidpiam
3032 3678 3268 3732 lucratus
3311 3694 3427 3732 sum
3453 3720 3469 3746 ,
3514 3695 3689 3748 neque
3733 3695 3802 3737 ex

2215 3777 2357 3822 tanta
2382 3769 2470 3824 illa
2497 3771 2701 3824 cautela
2729 3770 2855 3824 mihi
2878 3770 3162 3840 quidquam
3183 3772 3404 3826 accessit
3427 3772 3799 3826 emolumenti.

2214 3857 2406 3912 Omnia
2426 3861 2618 3928 quippe
2635 3861 2720 3914 illa
2742 3860 3016 3915 confertim
3036 3861 3340 3930 projiciens,
3355 3877 3526 3930 neque
3543 3861 3593 3915 id
3619 3873 3798 3918 tecum

2215 3959 2484 4017 reputans,
2505 3965 2590 4004 me
2611 3958 2877 4019 tamquam
2899 3965 3084 4004 navem
3109 3965 3214 4004 non
3228 3951 3556 4006 saburratam
3581 3953 3634 4006 in
3659 3954 3802 4022 pela-

2213 4054 2312 4108 gus
2366 4039 2680 4094 immensum
2724 4040 2977 4106 emisisti,
3011 4041 3144 4094 nihil
3195 4042 3434 4111 cogitans
3469 4041 3801 4099 decumanos

2215 4129 2334 4182 illus
2363 4128 2554 4184 fluctus
2577 4171 2592 4196 ,
2624 4146 2758 4199 quos
2785 4147 2870 4186 me
2895 4132 3157 4186 sustinere
3188 4147 3407 4187 necesse
3447 4143 3548 4188 est.
3581 4133 3716 4187 Nam
3750 4136 3796 4190 si

2215 4224 2484 4293 contingat
2514 4224 2598 4279 vel
2625 4225 2983 4290 calumniam,
3016 4226 3097 4279 vel
3122 4224 3469 4290 cachinnum,
3505 4227 3590 4280 vel
3636 4227 3797 4281 aliam

2213 4315 2452 4384 quamvis
2480 4315 2856 4368 contumeliam
2902 4325 2955 4369 et
3003 4315 3301 4369 molestiam
3331 4316 3384 4369 in
3423 4331 3522 4370 nos
3568 4317 3797 4384 inferri,

2213 4419 2355 4474 saepe
2399 4413 2573 4460 autem
2614 4407 2775 4459 multa
2816 4405 3118 4474 hujusmodi
3162 4408 3464 4462 necessario
3502 4409 3795 4474 accidunt,

2213 4495 2278 4549 ad
2308 4511 2463 4565 quem
2495 4495 2860 4566 confugiemus
2881 4496 2905 4548 l
2930 4497 3068 4564 apud
3107 4513 3264 4566 quem
3290 4498 3557 4567 angustias
3583 4509 3799 4553 nostras

2213 4585 2657 4641 exonerabimus?
2683 4588 2802 4656 quis
2827 4585 3192 4641 defensionem
3239 4588 3493 4656 suscipiet
3517 4591 3799 4643 nostram?

2213 4677 2332 4746 quis
2359 4677 2604 4732 merris
2649 4686 2896 4732 auctores
2939 4677 3191 4732 retundet
3227 4687 3386 4747 atque
3430 4678 3668 4744 sedabit,
3701 4697 3802 4734 no-

2214 4769 2398 4838 bisque
2453 4769 2697 4824 dolorum
2749 4769 2907 4824 finem
2955 4769 3147 4834 faciet,
3195 4779 3250 4824 et
3294 4771 3541 4825 solatium
3573 4771 3796 4838 afferet,

2215 4870 2531 4928 paratosque
2559 4876 2656 4914 nos
2695 4860 2882 4914 reddet
2904 4861 2970 4914 ad
2999 4861 3220 4915 aliorum
3253 4861 3501 4916 ferendas
3528 4863 3800 4931 ineptias?

2215 4949 2383 5004 Nemo
2410 4964 2538 5004 sane
2567 4950 2750 5016 adest,
2783 4959 2836 5006 te
2863 4951 2930 5004 ab
2951 4950 3053 5004 hoc
3079 4953 3390 5020 gravissimo
3424 4953 3564 5007 bello
3606 4955 3797 5021 procul

2217 5051 2422 5095 remoto
2447 5081 2461 5106 ,
2500 5049 2558 5094 ut
2591 5057 2660 5095 ne
2700 5042 2985 5095 clamorem
3017 5043 3229 5111 quidem
3270 5058 3443 5096 meum
3486 5043 3672 5098 audire
3704 5061 3799 5098 va-

2215 5134 2344 5188 leas.
2393 5134 2473 5187 An
2521 5135 2659 5186 nosti
2700 5142 2954 5203 quantum
3005 5135 3283 5189 admiseris
3331 5135 3562 5189 malum?
3606 5151 3676 5190 an
3703 5138 3792 5192 vel

2213 5239 2389 5289 nunc,
2422 5233 2701 5293 postquam
2733 5225 3070 5294 percussisti,
3114 5225 3357 5294 agnoscis
3418 5242 3573 5294 quam
3627 5225 3798 5281 letale

2214 5316 2342 5370 mihi
2372 5318 2560 5370 vulnus
2590 5317 2883 5370 indixeris?
2912 5317 3106 5371 Verum
3143 5319 3258 5371 haec
3296 5318 3454 5371 missa
3497 5317 3792 5372 faciamus:

2215 5422 2386 5476 neque
2415 5407 2554 5460 enim
2584 5406 2836 5475 deinceps
2862 5417 3110 5476 poterunt
3135 5423 3198 5462 ea
3223 5409 3475 5472 dissolvi,
3507 5423 3623 5477 qua:
3658 5408 3795 5462 facta

2213 5508 2369 5565 sunt,
2402 5513 2572 5567 neque
2613 5501 2785 5553 exitus
2824 5501 3043 5568 reperiri
3098 5501 3149 5553 in
3192 5501 3352 5553 rebus
3393 5501 3534 5553 exitu
3560 5502 3796 5553 carenti-

2214 5589 2331 5641 bus.
2370 5587 2504 5654 Quid
2537 5603 2696 5656 porro
2745 5588 2812 5641 ad
2858 5597 3070 5642 exteros
3123 5588 3399 5642 dicemus?
3439 5588 3563 5659 quid
3607 5603 3794 5642 eorum

2213 5683 2669 5736 criminationibus
2710 5681 3192 5751 respondebimus?

2287 5773 2338 5828 8.
2365 5771 2705 5843 Chrysostomi
2723 5773 2945 5843 defensio
2969 5789 3079 5827 cum
3100 5773 3482 5843 reprehensione
3502 5772 3789 5840 conjuncta.
