3942 6382
145 375 225 431 ευ
983 386 989 391 ’
1078 359 1153 400 *θ’*

141 487 265 545 νέντα
290 502 382 541 που
400 482 497 557 τῆς
521 482 727 549 πόλεως
758 495 805 551 α,
831 478 1085 546 λαϐόντες
1112 482 1425 552 καταμόνας
1466 481 1581 535 ὅσοι
1618 481 1755 553 πρὸς

141 577 253 648 ἡμᾶς
283 573 480 636 οἰκείως
528 571 706 643 έχουσι
732 613 746 634 ,
800 569 876 641 τῷ
908 560 1115 624 πλείονί
1158 587 1223 640 με
1272 570 1373 639 τῆς
1421 572 1757 641 κατηγορίας

140 662 444 717 ὑποϐάλλουσι
476 660 650 732 μέρει.
703 648 894 713 Εἰδότα
926 657 1037 730 γὰρ
1066 658 1231 711 αὑτοῦ
1257 659 1358 730 τὴν
1386 656 1633 730 γνώμην,
1655 675 1758 727 φα-

139 755 219 817 σὶν,
244 752 348 807 οὐδὲ
374 750 476 822 γὰρ
505 749 572 805 ἄν
597 768 652 804 σε
683 749 840 803 ἔλαθέ
868 767 920 803 τι
952 749 1061 803 τῶν
1089 749 1320 814 ἐκείνου,
1351 751 1452 803 οὐκ
1482 748 1589 802 ἔδει
1617 750 1756 803 ἀπο-

141 839 415 914 κρύψασθαι,
436 839 549 893 ἀλλ’
570 840 698 909 ἡμῖν
715 836 1184 893 άνακοινώσασθαι
1210 838 1397 909 ἐχρῆν,
1424 837 1518 892 καὶ
1540 837 1758 902 πάντως

139 930 214 983 οὐκ
234 927 290 981 ἂν
309 928 654 998 ήπορὴσαμεν
689 926 938 997 μηχανῆς
962 925 1099 997 πρὸς
1128 924 1226 996 τὴν
1258 926 1453 1000 ἄγραν.
1506 924 1649 994 Ἐγὼ
1677 925 1755 991 δὲ,

137 1018 198 1071 ὅτι
220 1015 303 1087 μέν
345 1032 401 1068 σε
439 1015 540 1068 οὐκ
581 1014 724 1086 ᾔδειν
768 1016 832 1068 ἐκ
871 1013 1067 1067 πολλοῦ
1131 1012 1306 1067 ταῦτα
1349 1012 1757 1085 βουλευόμενον,

136 1104 409 1176 αἰσχύνομαι
452 1104 544 1157 καί
589 1101 823 1174 ἐρυθριῶ
868 1101 1007 1174 πρὸς
1041 1102 1283 1165 ἐκείνους
1321 1103 1517 1164 εἰπεῖν,
1546 1102 1759 1172 μήποτε

137 1195 206 1247 καὶ
228 1194 490 1264 ὑπόκρισιν
512 1191 609 1263 τὴν
637 1191 913 1262 ἡμετέραν
946 1186 1089 1244 εἶναι
1134 1191 1401 1261 νομίσωσι
1449 1191 1654 1261 φιλίαν.
1694 1192 1759 1243 Ei

136 1281 218 1351 γὰρ
238 1280 319 1334 καὶ
348 1280 510 1344 ἔστιν,
541 1279 729 1350 ὥσπερ
759 1274 851 1332 οῦν
882 1278 975 1332 καὶ
1012 1278 1180 1346 ἐστιν,
1216 1279 1312 1334 καὶ
1352 1278 1475 1332 οὐδὲ
1503 1276 1569 1331 ἂν
1595 1278 1760 1343 αὐτὸς

134 1368 412 1440 ἀρνηθείης,
458 1367 517 1434 ἐξ
552 1360 627 1422 ὧν
676 1370 755 1431 είς
803 1368 951 1439 ἡμᾶς
1006 1366 1249 1438 ἔπραξας
1301 1365 1426 1421 νῦν·
1460 1365 1598 1420 ἀλλά
1633 1366 1761 1430 τοὺς

136 1455 288 1519 ἔξωθεν
317 1457 401 1509 καὶ⁵
430 1454 655 1527 μετρίαν
694 1454 825 1524 γοῦν
860 1454 990 1524 περὶ¹
1023 1453 1180 1525 ἡμῶν
1209 1454 1433 1525 ἔχοντας
1467 1452 1625 1518 δόξαν
1659 1470 1761 1507 κα-

135 1542 200 1595 λὸν
236 1543 296 1596 :3:
342 1542 583 1614 ἡμέτερα
627 1541 890 1611 κρύπτειν
924 1540 1091 1597 κακά.
1127 1542 1317 1595 Είπεῖν
1355 1541 1455 1611 μὲν
1488 1537 1581 1595 οὖν
1623 1542 1761 1612 προς

136 1629 285 1691 αὐτοὺς
317 1627 558 1698 τάληθὲς,
584 1629 679 1682 καὶ
710 1628 786 1692 ὼς
810 1628 927 1698 ἔχει
958 1628 1027 1682 τά
1052 1627 1173 1682 καθ’
1191 1629 1359 1699 ἡμᾶς,
1393 1627 1538 1682 ὁκνῶ
1555 1645 1568 1658 ·
1590 1629 1759 1697 ἀναγ-

136 1716 320 1788 χάζομαι
348 1716 402 1770 δὲ
422 1716 605 1770 λοιπὸν
637 1717 846 1788 σιωπᾷν
872 1716 967 1770 καὶ
988 1715 1221 1770 κύπτειν
1253 1718 1334 1780 είς
1367 1716 1473 1786 γῆν
1503 1716 1599 1769 καὶ
1633 1718 1760 1779 τοὺς

137 1804 432 1869 ἀπαντῶντας
478 1804 846 1876 ἐκτρέπεσθαι
893 1804 990 1858 καλ⁵
1026 1805 1335 1877 ἀποπηδᾷν.
1368 1805 1489 1859 Κᾶν
1522 1803 1630 1875 γὰρ
1662 1804 1760 1875 τὴν

136 1894 351 1965 προτέραν
373 1892 596 1962 ἐκφύγω
630 1893 996 1962 κατάγνωσιν,
1023 1892 1255 1963 ψεύδους
1298 1893 1514 1963 ἀνάγκη
1551 1910 1619 1964 με
1646 1893 1764 1963 κρί-

136 1983 278 2037 νεσθαι
300 1982 497 2037 λοιπόν.
524 1982 664 2036 Οὐδὲ
694 1981 804 2053 γὰρ
829 1980 1089 2053 ἐθελήσου
1101 1982 1149 2036 σί
1179 1999 1267 2053 μοι
1287 1980 1580 2035 πιστεῦσαί
1606 1998 1757 2047 ποτε,

136 2072 194 2124 ὅτι
211 2072 287 2124 καὶ
312 2070 588 2125 Βασίλειον
611 2068 750 2142 μετά
775 2069 886 2124 τῶν
936 2069 1111 2125 ἄλλων
1145 2068 1340 2134 ἔταξας
1359 2109 1374 2131 ,
1401 2063 1483 2133 οἷς
1509 2070 1572 2123 οὐ
1603 2068 1761 2141 θέμις

136 2160 284 2214 εἰδέναι
326 2160 389 2213 τά
421 2160 510 2214 σά.
552 2159 716 2213 Ἀλλά
758 2158 963 2212 τούτων
1016 2159 1116 2231 μὲν
1148 2159 1210 2212 οὐ
1254 2157 1422 2222 πολύς
1469 2175 1558 2229 μοι
1582 2157 1759 2228 λόγος,

135 2247 276 2319 ἐπειδὴ
306 2265 379 2301 σοι
407 2247 573 2301 τοῦτο
600 2246 827 2317 γέγονεν
855 2247 954 2318 ἡδύ
974 2264 987 2279 ο
1020 2247 1121 2320 τὴν
1155 2246 1211 2301 δὲ
1237 2245 1431 2318 λοιπὴν
1458 2246 1488 2287 ι’
1523 2245 1642 2310 πῶς
1679 2245 1761 2299 0'!-

136 2352 260 2407 σομεν
281 2334 531 2409 αἰσχύνην
562 2353 576 2403 ;
609 2336 672 2389 Οἱ
699 2335 798 2407 μὲν
824 2334 932 2407 γὰρ
958 2334 1248 2399 ἀπονοίας,
1284 2335 1333 2388 οί
1368 2333 1426 2389 δέ
1459 2331 1762 2404 φιλοδοξίας

138 2439 178 2474 σε
197 2424 463 2496 γράφονται
482 2441 496 2454 ·
548 2424 667 2477 ὅσοι
704 2422 761 2476 δέ
792 2425 928 2476 είσιν
958 2422 1333 2494 ἀφειδέστεροι
1364 2420 1472 2475 τῶν
1502 2421 1763 2492 αἰτιωμέ-

136 2529 225 2573 νων,
251 2510 406 2566 ταῦτά
431 2529 489 2565 τε
530 2513 671 2583 ἡμῖν
725 2510 1018 2583 ἀμφότερα
1070 2510 1396 2579 ἐγκαλοῦσιν
1448 2507 1588 2580 ὁμοῦ
1614 2551 1629 2575 ,
1665 2509 1760 2561 καὶ

137 2598 424 2668 προστιθέασι
449 2600 555 2669 τὴν
582 2601 663 2662 εὶς
693 2599 820 2662 τοὺς
848 2599 1213 2670 τετιμηκότας
1244 2597 1629 2671 ὓϐριν,δίκαια
1659 2614 1760 2650 πε-

138 2686 331 2741 πονθέναι
364 2688 618 2758 λέγοντες
654 2687 871 2751 αὐτοὺς,
906 2688 1002 2741 καὶ
1039 2688 1089 2740 εἰ
1140 2686 1364 2758 μείζονα
1412 2686 1619 2741 τούτων
1647 2686 1763 2741 ἀτι-

140 2772 377 2842 μασθέντες
404 2775 598 2847 ἔτυχον
637 2775 767 2847 παρ’
821 2774 998 2847 ἡμῶν,
1032 2776 1115 2829 ὅτι
1158 2775 1450 2839 τοσούτους
1480 2775 1575 2829 καὶ
1612 2774 1764 2847 τηλι-

136 2860 310 2927 κούτους
333 2864 568 2934 ἀφέντες
598 2862 819 2933 ἄνδρας,
850 2863 1109 2933 μειράκια
1156 2863 1285 2934 χθὲς
1331 2864 1429 2918 καὶ
1461 2862 1656 2937 πρώην
1682 2863 1762 2918 ἔτι

137 2952 220 3015 ταῖς
239 2951 320 3005 τοῦ
347 2952 457 3023 βίου
480 2951 781 3025 μερίμναις
802 2951 1281 3022 ἐγκαλινδούμενα,
1311 2951 1399 3005 ἵνα
1414 2953 1605 3025 χρόνον
1631 2953 1765 3025 βρα-

137 3037 206 3105 χὺν
224 3039 306 3103 τὰς
329 3040 492 3112 ὀφρῦς
521 3039 898 3108 συναγάγωσι,
926 3039 1022 3093 καὶ
1053 3040 1191 3110 φαιά
1220 3040 1646 3112 περιϐάλωνται,
1668 3042 1762 3095 καὶ

136 3126 376 3196 κατήφειαν
403 3126 832 3197 ὑποκρίνωνται,
854 3124 1117 3197 ἐξαίφνης
1146 3128 1228 3190 είς
1255 3126 1524 3199 τοσαύτην
1554 3126 1763 3197 ἡγαγον

134 3212 274 3284 τιμήν,
300 3215 423 3285 ὅσην
449 3216 581 3269 οὐδὲ
606 3214 741 3286 ὄναρ
775 3213 1043 3284 λήψεσθαι
1078 3214 1514 3285 προσεδόκησαν.
1572 3215 1679 3267 Καὶ
1708 3216 1760 3268 οἱ

138 3302 207 3369 μὲν
229 3303 283 3355 ἐκ
313 3302 531 3374 πρώτης
582 3301 802 3373 ἡλικίας
834 3303 914 3365 είς
951 3301 1178 3372 ἔσχατον
1213 3303 1393 3374 γῆρας
1421 3301 1518 3373 τὴν
1551 3302 1763 3357 έαυτῶν

136 3388 411 3456 ἐκτείναντες
436 3391 696 3460 ἄσκησιν,
732 3393 790 3444 ἐν
813 3392 927 3453 τοῖς
963 3389 1291 3461 ἀρχομένοις
1322 3390 1461 3443 είσίν
1481 3406 1496 3421 ·
1533 3389 1762 3462 ἄρχουσι
1807 3383 1815 3390 ’

135 3475 173 3528 δέ
192 3478 341 3534 αὐτῶν
372 3483 418 3534 οἱ
449 3480 648 3544 παῖδες
686 3478 883 3542 αὐτῶν,
919 3479 1015 3532 καὶ
1055 3477 1193 3549 μηδὲ
1233 3477 1359 3542 τοὺς
1391 3477 1590 3549 νόμους
1622 3480 1764 3549 ἀκη-

135 3564 273 3630 κοότες
295 3568 406 3621 καθ’
438 3567 536 3632 οὓς
563 3566 770 3638 ταύτην
803 3566 883 3619 δεῖ
910 3565 1134 3619 διοικεῖν
1155 3565 1254 3637 τὴν
1279 3566 1456 3638 ἀρχήν
1489 3576 1538 3620 ο.
1576 3566 1763 3621 Ταῦτα

134 3651 201 3704 καὶ
225 3655 422 3710 πλείονα
455 3654 670 3709 τούτων
706 3654 958 3723 λέγοντες
985 3653 1226 3725 συνεχῶς
1248 3655 1380 3725 ἡμῖν
1418 3652 1759 3724 ἐπιφύονται.

142 3740 246 3809 Ἐγὼ
271 3744 364 3799 δέδ
388 3762 442 3799 τι
478 3745 586 3817 μὲν
627 3742 1042 3815 ἀπολογήσομαι
1091 3742 1229 3815 πρὸς
1258 3741 1434 3796 ταῦτα
1480 3744 1582 3797 οὐκ
1631 3743 1760 3814 ἐχω,

133 3826 273 3897 δέομαι
311 3832 365 3887 δέ
418 3849 515 3888 σου
556 3831 764 3905 φράσαι
803 3848 916 3903 μοι.
949 3830 1085 3885 Οὐδὲ
1124 3831 1234 3903 γὰρ
1266 3830 1452 3896 ἁπλῶς
1480 3830 1601 3885 οὐδὲ
1639 3832 1760 3904 είκῆ

133 3917 289 3988 ταύτην
317 3918 464 3993 οἶμαί
523 3939 587 3976 σε
620 3923 812 3991 φυγεῖν
843 3919 942 3991 τὴν
993 3918 1195 3991 φυγὴν,
1247 3919 1344 3973 καὶ
1392 3919 1530 3991 1:96;
1562 3918 1763 3991 ἄνδρας

131 4003 237 4059 οὕτω
263 4011 524 4079 μεγάλους
558 4010 832 4081 τοσαύτην
858 4006 1222 4075 ἀναδέξασθαι
1258 4007 1360 4079 τὴν
1383 4007 1607 4079 ἔχθραν,
1627 4008 1764 4063 ἀλλά

134 4094 241 4159 μετά
263 4115 396 4160 τινος
423 4096 697 4169 λογισμοῦ
722 4097 818 4152 καὶ
841 4095 1088 4166 σκέψεως
1112 4095 1206 4149 ἐπὶ
1229 4094 1391 4150 τοῦτο
1420 4095 1618 4159 ἐλθεῖν,
1640 4097 1762 4151 ὅθεν

133 4180 199 4232 καὶ
225 4182 364 4255 λόγον
389 4188 615 4258 ἕτοιμον
646 4182 785 4239 εἷναί
814 4202 895 4239 σοι
918 4183 1054 4256 πρὸς
1084 4183 1382 4253 ἀπολογίαν
1406 4185 1758 4257 στοχάζομαι.

131 4267 230 4323 Εἰπὲ
252 4269 335 4328 οὖν
360 4274 416 4328 εἴ
437 4292 568 4328 τινα
585 4273 857 4345 πρόφασιν
874 4271 1028 4345 [5ϋ7]
1046 4272 1260 4326 δικαίαν
1282 4272 1418 4342 πρὸς
1447 4274 1572 4336 τοὺς
1594 4274 1763 4342 ἐγκα-

131 4350 308 4425 λοῦντας
342 4362 692 4434 δυνησόμεθα
734 4361 933 4431 λέγειν.
990 4356 1094 4416 Ὧν
1145 4359 1254 4432 γὰρ
1303 4361 1465 4425 αὑτὸς
1497 4362 1762 4432 ἠδίκημαι

130 4446 242 4517 παρὰ
262 4450 369 4516 σοῦ,
400 4451 604 4507 οὐδένα
627 4450 846 4505 ἀπαιτῶ
873 4448 1051 4521 λόγον,
1089 4450 1188 4521 οὑχ
1218 4443 1293 4504 ὧν
1322 4448 1634 4520 ἡπάτησας,
1666 4451 1763 4522 οὐχ

130 4522 531 4608 ὧνπροῦδωκας,
562 4539 662 4609 οὑχ
702 4532 778 4594 ὧν
811 4539 1136 4612 ἁπήλαυσας
1176 4539 1304 4612 παρ’
1344 4538 1501 4611 ἡμῶν
1548 4539 1765 4595 ἅπαντα

128 4619 195 4674 τὸν
215 4625 512 4699 ιμπροσθεν
541 4628 753 4701 χρόνον.
794 4628 987 4699 Ἡμεῖς
1017 4627 1117 4699 μὲν
1157 4625 1267 4698 γὰρ
1315 4628 1408 4681 καὶ
1447 4625 1546 4699 τὴν
1586 4627 1763 4699 ψυχὴν

127 4708 203 4780 τὴν
217 4714 500 4789 ἡμετέραν,
529 4717 606 4782 ὠς
635 4719 833 4785 εἰπεῖν,
852 4716 1130 4788 φέροντες,
1164 4714 1503 4787 ἐνεθήκαμέν
1527 4733 1621 4771 σου
1644 4719 1765 4780 ταῖς

126 4801 277 4869 χερσί·
310 4806 371 4860 σὺ
395 4807 454 4860 δὲ
492 4805 731 4878 τοσαύτῃ
762 4806 897 4878 πρὸς
930 4806 1077 4876 ἡμᾶς
1105 4804 1410 4876 ἐχρήσωτῇ
1430 4805 1763 4877 πανουργίᾳ,

124 4883 294 4963 ὅπῃπερ
324 4892 390 4947 ἀν
432 4896 487 4948 εί
534 4894 828 4965 πολεμίους
879 4893 968 4947 σοί
1000 4910 1154 4956 τινας
1212 4891 1553 4962 φυλάξασθαι
1598 4892 1767 4965 προῦ-

127 4987 262 5036 κειτο.
308 4984 500 5038 Καίτοι
540 5001 604 5053 γε
632 4984 823 5056 ἐχρῆν,
871 4984 920 5037 εί
949 4983 1048 5055 μέν
1081 4981 1358 5052 ὠφέλιμον
1385 4980 1590 5052 ταύτην
1616 4982 1766 5054 ᾔδεις

126 5058 260 5122 οὖσαν
280 5068 371 5143 τὴν
392 5073 643 5145 γνώμην,
683 5072 818 5145 μηδὲ
842 5071 1014 5142 αὐτῆς
1053 5071 1115 5125 τὸ
1140 5069 1165 5110 δ
1208 5070 1403 5143 κέρδος
1447 5073 1638 5140 φυγεῖν
1657 5087 1671 5101 ο
1715 5073 1764 5125 εί

127 5148 171 5204 δὲ
193 5155 465 5232 ἐπιϐλαϐῆ,
499 5162 595 5217 καὶ
628 5162 796 5233 ἡμᾶς,
829 5159 924 5224 οὓς
949 5160 1206 5215 ἁπάντων
1229 5159 1319 5213 ἀεὶ
1346 5161 1622 5233 προτιμᾷν
1644 5159 1764 5214 ἔλε-

128 5255 219 5307 τες,
263 5248 562 5318 ἀπαλλάξαι
595 5251 695 5322 τῆς
741 5248 965 5322 ζημίας.
996 5249 1070 5305 Σὺ
1103 5248 1160 5304 δέ
1186 5248 1283 5303 καὶ
1309 5249 1457 5312 ὅπως
1490 5248 1764 5320 ἐμπεσού-

130 5329 245 5396 μεθα
282 5337 493 5392 ἅπαντα
536 5337 810 5410 ἔπραξας·
858 5337 955 5391 καὶ
994 5336 1149 5392 δόλου
1179 5354 1263 5392 σοι
1292 5336 1387 5393 καὶ
1419 5335 1764 5409 ὑποκρίσεως

129 5416 313 5492 ἐδέησεν
340 5426 491 5479 οὐδὲν
527 5427 662 5498 πρὸς
688 5426 781 5479 τὸν
810 5425 1013 5489 ἀδόλως
1057 5425 1154 5479 καὶ
1191 5424 1380 5489 ἁπλῶς
1422 5423 1642 5480 ἅπαντα
1671 5427 1765 5481 καὶ

128 5503 279 5576 λέγειν
296 5516 389 5568 καὶ
424 5516 684 5589 πράττειν
715 5515 944 5570 εἰωθότα
975 5513 1113 5588 πρὸς
1134 5515 1215 5569 σέ.
1261 5514 1403 5569 Ἀλλ’
1430 5515 1598 5586 ὅμως,
1625 5516 1763 5586 ὅπερ

176 5611 202 5708 ἰ
222 5614 668 5708 mers-33""!
687 5622 967 5708 τῆςητὶμέεας
1144 5619 1453 5708 πῇξέξὲὶεειε·

223 5680 427 5755 ρυειυοτ
446 5680 555 5733 mss.
579 5686 677 5755 τῷν
699 5680 1120 5755 6§)o:1:8)v,'q:i:e‘
1141 5680 1295 5755 Ιειςιὶο
1324 5694 1420 5754 [ιοο
1434 5743 1445 5755 ι
1459 5681 1760 5755 ερετιιθιιᾶε.

180 5751 199 5777 ε
220 5741 411 5805 Quidam
434 5758 543 5794 mea.
568 5746 673 5793 καθ’
696 5746 776 5802 οὓς
795 5746 969 5802 ταύτην
986 5741 1156 5801 αὖτοὺς
1177 5743 1368 5792 διοικεῖν
1388 5743 1481 5805 ,τήν
1499 5741 1668 5805 ἀρχήν.

183 5800 292 5869 ξδίε
313 5809 513 5869 maxima
533 5819 646 5869 pars
669 5800 782 5854 mss}
812 5800 942 5869 Iidigi
984 5815 1035 5855 el
1062 5800 1304 5869 οΙὶἱλμηδέ
1343 5804 1486 5851 αὑτὸν
1526 5800 1599 5852 τόζ
1636 5803 1763 5854 Infra

135 5859 238 5910 εὕδει
258 5870 357 5924 post
375 5859 556 5926 ἑδέησεῦ
578 5870 715 5916 deest
739 5870 787 5917 in
810 5866 958 5918 Saxil.
987 5876 1034 5916 et
1058 5870 1104 5916 in
1124 5859 1309 5928 κιῖίιιιοι
1343 5878 1456 5914 mss.
1550 5872 1551 5875 ‘

510 5956 785 6021 ΡΑτιιοι.
830 5958 946 6019 Gn.
997 5959 1256 6023 XLVIII

1404 363 1492 420 DE
1526 362 1974 421 SACERDOTIO
2014 362 2146 420 LIB.
2189 364 2228 418 I.

3448 364 3561 424 ωδ

1864 460 2022 552 ἔφην’,
2062 480 2216 534 οὐδὲν
2248 478 2454 534 τούτων
2476 479 2693 549 ἐγκαλῶ
2722 478 2838 543 νῦν,
2867 479 2990 534 οὑδὲ
3017 479 3263 546 ὀνειδίζω
3287 478 3386 554 τήν
3418 482 3554 555 69:1-

1864 568 2015 639 μίαν,
2052 569 2132 632 είς
2160 568 2229 640 ἢν
2271 567 2617 639 κατέστησας
2645 570 2818 640 ἡμᾶς,
2852 568 2952 633 τάς
2988 569 3244 632 συνόδους
3288 568 3555 639 διακόψας

1860 656 2096 722 ἐκείνας,
2122 654 2183 722 ἐξ
2211 650 2287 711 ὧν
2318 657 2413 711 καὶ
2436 657 2630 729 ἡδονὴν
2652 657 2746 711 καὶ
2772 656 3045 727 ὠφέλειαν
3072 656 3134 709 οὐ
3158 657 3258 728 τὴν
3280 654 3555 728 τυχοῦσαν

1862 745 2308 817 ὲκαρπωσάμεθα
2357 744 2653 809 πολλάκιςο
2711 744 2849 799 ἀλλά
2896 744 3075 799 πάντα
3119 745 3293 799 ταῦτα
3324 743 3555 816 ἀφίημι,

1861 832 1956 887 καὶ
1979 833 2131 906 φέρω
2160 836 2286 905 σιγῇ
2318 833 2414 886 καὶ
2444 832 2668 905 πράως·
2707 833 2807 887 οὐκ
2832 832 3023 905 ἐπειδὴ
3054 833 3247 904 πράως
3292 834 3372 897 εἱς
3401 833 3554 904 ἡμᾶς

1864 920 2299 993 ἐπλημμέλησας
2322 965 2337 988 ,
2372 921 2490 976 ἀλλ’
2530 921 2720 994 ἐπειδὴ
2759 921 2949 975 τοῦτον
2973 920 3147 994 ἔθηκα
3190 920 3417 992 ἐμαυτῷ
3464 919 3559 974 τὸν

1864 1008 2026 1079 νόμον
2055 1008 2163 1062 ἀπὸ
2195 1009 2294 1078 τῆς
2325 1009 2538 1081 ἡμέρας
2584 1008 2801 1079 ἐκείνης
2830 1003 2898 1080 ἦς
2934 1009 3035 1081 τὴν
3086 1008 3268 1078 φιλίαν
3317 1006 3558 1077 ἔστερξα

1862 1094 1961 1167 τὴν
1993 1094 2090 1166 σὴν
2116 1136 2130 1161 ,
2178 1095 2320 1167 ὑπὲρ
2369 1089 2445 1150 ὧν
2475 1095 2540 1149 ἂν
2568 1094 2729 1169 θέλῃς
2753 1097 2901 1167 ἡμᾶς
2928 1095 3143 1162 λυπεῖν,
3195 1095 3468 1169 μηδέποτέ
3498 1113 3561 1149 σε

1865 1186 1945 1246 εἰς
1968 1182 2268 1252 ἀπολογίας
2300 1183 2546 1256 ἀνάγκην
2582 1184 2868 1256 καθιστᾷν.
2920 1185 3094 1250 Ἐπεὶ,
3133 1186 3219 1239 ὅτι
3261 1202 3327 1254 γε
3367 1185 3427 1239 οὐ
3471 1201 3564 1256 μι-

1864 1271 2003 1340 κρὰν
2034 1281 2058 1311 ο
2097 1271 2202 1343 τὴν
2231 1271 2435 1343 ζημίαν
2469 1274 2602 1343 ἡμῖν
2635 1273 2939 1343 ἐπήγαγες,
2981 1269 3141 1326 οἶσθα
3163 1272 3256 1327 καὶ
3293 1273 3479 1337 αὐτὸς,
3512 1272 3566 1327 εί

1865 1376 1929 1430 γε
1962 1359 2239 1430 μέμνησαι
2271 1361 2379 1414 τῶν
2431 1361 2715 1432 ῥημάτων,
2760 1361 2853 1415 καὶ
2878 1361 2986 1415 τῶν
3015 1360 3170 1433 ποιρά
3206 1360 3317 1413 τῶν
3359 1359 3562 1426 ἔξωθεν

1866 1449 1994 1520 περὶ
2020 1448 2197 1518 ἡμῶν,
2226 1449 2321 1501 καὶ
2350 1447 2460 1501 τῶν
2486 1450 2576 1518 ὑφ’
2604 1448 2763 1522 ἡμῶν
2794 1449 3107 1521 λεγομένων
3138 1449 3258 1503 ἀεί’
3288 1448 3462 1502 ταῦτα
3502 1449 3560 1503 δὲ

1862 1531 1955 1608 ἦν,
1997 1537 2078 1589 ὅτι
2104 1535 2239 1589 πολὺ
2281 1536 2474 1608 κέρδος
2497 1538 2628 1608 ἡμῖν
2663 1537 2963 1609 ὁμοψύχοις
3000 1536 3141 1592 εἷναί
3174 1556 3233 1592 τε
3269 1538 3364 1592 καὶ
3387 1537 3563 1608 φράτ-

1865 1623 2054 1679 τεσθαι
2080 1627 2146 1696 τῇ
2177 1624 2315 1695 πρὸς
2339 1625 2601 1698 ἀλλήλους
2632 1626 2804 1699 φιλία.
2832 1628 2946 1681 Καὶ
2971 1630 3020 1681 οἱ
3051 1628 3150 1697 μὲν
3169 1627 3319 1682 ἄλλοι
3357 1627 3560 1692 πάντες

1865 1712 2090 1781 ἔλεγον,
2141 1713 2238 1767 καί
2286 1713 2497 1785 ἐτέροις
2554 1713 2770 1778 πολλοῖς
2801 1715 2862 1767 οὐ
2906 1716 3114 1787 μικρὰν
3146 1714 3420 1784 ὠφέλειαν
3461 1714 3562 1786 τὴν

1866 1802 2142 1873 ἡμετέραν
2184 1802 2353 1857 οἴσειν
2392 1802 2647 1875 ὁμόνοιαν
2668 1821 2682 1833 ·
2723 1803 2835 1872 ἐγὼ
2863 1804 2919 1857 δὲ
2950 1803 3223 1873 ὠφέλειαν
3276 1803 3375 1874 μὲν
3404 1804 3563 1858 οὐδέ-

1868 1908 1995 1944 ποτε
2021 1890 2303 1962 ἐνενόησα,
2328 1890 2390 1944 τύ
2414 1909 2478 1961 γε
2510 1892 2591 1955 εἰς
2620 1891 2721 1961 ἐμὲ
2753 1887 2911 1965 ἧκον,
2940 1891 3200 1964 παρέξειν
3229 1893 3403 1945 τισίν·
3441 1892 3561 1946 ἐλε-

1866 1995 1963 2048 γον
1982 1979 2059 2047 δὲ,
2085 1979 2172 2032 ὅτι
2198 1978 2356 2034 τοῦτο
2390 1980 2522 2047 γοῦν
2550 1982 2645 2034 ἀπ’
2671 1980 2845 2051 αὐτῆς
2882 1979 3260 2052 κερδανοῦμεν
3284 1981 3477 2053 κέρδος
3497 1982 3561 2036 οὐ

1871 2067 2087 2139 μικρὸν,
2117 2067 2179 2121 τὸ
2201 2067 2554 2139 δυσχείρωτοι
2580 2067 2836 2137 γενέσθαι
2878 2069 2898 2107 τ
2933 2070 3047 2132 τοῖς
3077 2068 3560 2138 καταγωνίσασθαι

1868 2154 2210 2227 βουλομένοις
2223 2157 2388 2225 ἡμᾶς.
2406 2157 2517 2210 Καὶ
2534 2157 2709 2212 ταῦτά
2732 2174 2791 2210 σε
2810 2157 3247 2228 ὑπομιμνήσκων
3275 2157 3376 2211 οὐκ
3397 2159 3561 2211 ἐπαυ-

1868 2243 2049 2314 σάμην
2073 2242 2224 2297 ποτέ.
2253 2243 2505 2308 Χαλεπος
2533 2245 2561 2297 6
2585 2244 2805 2317 xa:96;°
2848 2247 2898 2299 οἱ
2945 2244 3392 2309 ἐπιϐουλεύοντες
3430 2246 3562 2299 πολ-

1865 2333 1974 2385 λοί·
2003 2334 2062 2387 τὸ
2096 2335 2195 2405 τῆς
2228 2334 2452 2405 ἀγάπης
2485 2336 2710 2406 γνήσιον
2755 2335 3037 2390 ἀπόλωλεν
3062 2353 3075 2367 ⁸
3116 2336 3475 2407 ἀντεισῆκται
3501 2335 3560 2389 δὲ

1865 2423 1893 2474 6
1929 2422 2029 2493 τῆς
2073 2420 2373 2493 βασκανίας
2414 2422 2667 2497 όλεθρος·
2695 2426 2752 2478 ἐν
2808 2424 2960 2496 μέσῳ
3001 2424 3246 2493 παγίδων
3288 2424 3561 2479 διαϐαίνοο

1869 2524 1991 2578 μεν,
2030 2509 2126 2562 καὶ
2164 2509 2258 2563 ἐπὶ
2307 2509 2589 2576 ἐπάλξεων
2629 2510 2842 2569 πόλεων
2876 2511 3292 2582 περιπατοῦμεν
3315 2525 3330 2541 ·
3368 2512 3419 2564 οί
3457 2510 3558 2582 μὲν

1866 2597 2071 2668 ’έτοιμοι
2097 2599 2213 2661 τοῖς
2233 2597 2526 2670 ἡμετέροις
2548 2598 2855 2671 ἐφησθῆναι
2887 2601 3098 2663 κακοῖς,
3119 2599 3319 2652 εἴποτέ
3342 2616 3395 2653 τι
3420 2615 3564 2670 συμ-

1868 2682 1996 2755 ϐαίη
2014 2724 2029 2750 ,
2058 2684 2244 2739 πολλοὶ
2275 2687 2368 2740 καὶ
2407 2686 2739 2758 πολλαχόθεν
2769 2691 2793 2728 ε
2812 2689 3180 2761 ἐφεστήκασιν
3199 2706 3210 2718 ·
3239 2689 3339 2743 όδὲ
3365 2688 3564 2743 συναλ-

1867 2772 2054 2843 γὴσων
2092 2772 2270 2836 οὐδεὶς
2296 2814 2312 2839 ,
2345 2772 2378 2844 ἢ
2424 2775 2518 2827 καὶ
2552 2775 2916 2846 εὐαρίθμητοι
2966 2775 3108 2829 λίαν.
3142 2775 3289 2846 Ὅρα
3337 2775 3412 2846 μὴ
3442 2774 3560 2828 δια-

1868 2861 2092 2924 στάντες
2115 2860 2248 2913 ποτὲ
2280 2862 2448 2915 πολὺν
2482 2862 2574 2916 τὸν
2602 2862 2814 2932 γέλωτα
2836 2863 3184 2934 ὀφλήσωμεν.
3219 2863 3314 2916 καὶ
3343 2861 3439 2915 τοῦ
3464 2861 3561 2931 γέ-

1865 2944 2035 3011 λωτος
2085 2948 2310 3019 μείζονα
2350 2949 2448 3022 τὴν
2496 2950 2738 3023 ζημίανο
2790 2952 3077 3021 ’.ἀδελφὸς
3116 2950 3237 3006 ὑπὸ
3286 2950 3559 3021 ἀδενὶροῦ

1858 3039 2276 3109 ,Βοηθούμενος
2297 3041 2377 3107 ὠς
2409 3043 2588 3108 πόλις
2610 3044 2821 3112 ὀχυρὰ,
2848 3044 2949 3098 καὶ
2980 3044 3061 3110 ὡς
3093 3044 3557 3113 μεμοχλευμένη
3648 3103 3656 3110 .

1860 3127 2174 3192 βασιλεία.
2226 3129 2316 3199 Μὴ
2356 3128 2422 3200 δὴ
2476 3129 2738 3203 διαλύσῃς
2782 3130 2989 3203 ταύτην
3039 3131 3140 3202 τὴν
3199 3131 3558 3203 γνησιότητα,

1868 3216 2003 3286 μηδὲ
2024 3215 2288 3288 διακόψῃς
2307 3217 2398 3271 τὸν
2429 3217 2646 3288 μοχλόν.
2669 3218 2856 3273 Ταῦτα
2881 3220 2976 3274 καὶ
3003 3218 3075 3272 τὰ
3105 3218 3313 3274 τούτων
3335 3219 3559 3274 πλείονα

1867 3304 2053 3371 ἔλεγον
2090 3304 2328 3375 συνεχῶς
2354 3344 2371 3369 ,
2426 3306 2579 3360 οὐδὲν
2615 3307 2715 3377 μέν
2765 3325 2898 3361 ποτε
2934 3307 3259 3361 ὑποπτεύων
3292 3306 3558 3372 τοιοῦτον,

1866 3393 2004 3447 ἀλλά
2028 3393 2123 3447 καλ⁵
2149 3394 2290 3446 πάνυ
2332 3410 2393 3446 σε
2435 3393 2503 3447 τὰ
2550 3396 2688 3465 πρὸς
2722 3397 2872 3466 ἡμᾶς
2900 3395 3165 3465 ὑγιαίνειν
3199 3395 3459 3467 νομίζων,
3494 3398 3561 3450 ἐκ

1868 3482 2187 3553 περιουσίας
2218 3482 2275 3535 δὲ
2321 3483 2417 3536 καὶ
2455 3484 2771 3553 ὑγιαίνοντα
2811 3484 3144 3557 θεραπεύειν
3188 3468 3516 3556 βουλόμενος
3540 3502 3555 3517 ⁸

1868 3570 2160 3625 ἐλάνθανον
2188 3571 2265 3637 δὲ,
2295 3571 2370 3636 ὡς
2395 3570 2564 3638 ἔοικε,
2588 3573 2832 3627 νοσοῦντι
2859 3573 2927 3627 τά
2960 3574 3232 3644 φάρμακα
3264 3574 3556 3639 ἐπιτιθείς

1867 3656 1964 3710 καὶ
1993 3657 2116 3711 οὐδέ
2158 3657 2333 3722 οὕτως
2365 3661 2394 3713 6
2436 3659 2668 3724 δείλαιος
2720 3660 2911 3731 ὡνησα
2933 3701 2947 3727 ,
2991 3660 3143 3734 [568]
3175 3661 3297 3715 οὐδὲ
3330 3663 3558 3732 γέγονεν

1867 3745 1990 3816 ἐμοί
2017 3762 2071 3798 τι
2100 3745 2262 3800 πλέον
2298 3749 2363 3800 ἐκ
2406 3746 2614 3820 ταύτης
2639 3748 2743 3820 τῆς
2782 3748 2922 3817 άγαν
2964 3749 3326 3821 προμηθείας.
3369 3752 3557 3807 Πάντα

1867 3832 1978 3903 γὰρ
2006 3831 2187 3885 ἐκεῖνα
2215 3832 2377 3903 ῥίψας
2394 3833 2631 3906 ἀθρόως,
2675 3836 2771 3889 καὶ
2807 3836 2929 3890 οὐδὲ
2968 3839 3048 3900 εἰς
3077 3839 3204 3890 νοῦν
3237 3836 3556 3908 βαλόμενος,

1866 3920 2054 3992 ὥσπερ
2086 3921 2480 3993 ἀνερμάτιστον
2514 3923 2699 3978 πλοῖον
2740 3926 2821 3988 εἰς
2863 3925 3107 3994 πέλαγος
3145 3927 3294 3998 ἡμᾶς
3330 3926 3557 3999 ἄπειρον

1868 4011 2108 4082 ἀφῆκας,
2136 4011 2289 4065 οὐδὲν
2316 4012 2427 4066 τῶν
2458 4013 2667 4085 ἀγρίων
2697 4014 2925 4068 ἐκείνων
2969 4017 3235 4086 ἐννοήσας
3269 4016 3555 4086 κυμάτων,

1867 4098 2015 4169 ειπερ
2046 4100 2198 4170 ἡμᾶς
2239 4100 2535 4172 ὑπομένειν
2573 4099 2811 4174 ἀνάγκη.
2854 4102 2917 4156 Εἰ
2948 4101 3055 4174 γάρ
3083 4119 3212 4156 ποτε
3249 4104 3490 4176 συμϐαίη
3524 4105 3556 4145 ιι

1870 4189 2255 4258 συκοφαντίαν,
2282 4190 2314 4259 ἦ
2349 4191 2671 4261 χλευασίαν,
2712 4192 2746 4263 ἢ
2778 4193 2871 4246 καὶ
2903 4191 3073 4263 ἄλλην
3117 4194 3243 4248 τινὰ
3274 4194 3433 4267 ὓϐριν
3462 4196 3558 4251 καὶ

1868 4276 2132 4348 ἐπήρειαν
2160 4278 2521 4349 ἐπενεχθῆναί
2552 4278 2716 4332 ποθεν
2743 4282 2875 4351 ἡμῖν
2910 4281 3208 4351 (πολλάκις
3244 4284 3302 4336 δὲ
3342 4284 3410 4338 τά
3444 4302 3557 4339 τοι-

1869 4362 2013 4418 αῦτα
2044 4363 2363 4435 συμϐαίνειν
2406 4366 2699 4438 ἀνάγκη),
2738 4367 2875 4439 πρὸς
2904 4370 3028 4424 τίνα
3059 4370 3553 4444 καταφευξόμεθας

1868 4450 1976 4504 τίνι
2002 4453 2375 4525 κοινωσόμεθα
2405 4455 2504 4520 τὰς
2538 4456 2815 4528 ἡμετέρας
2847 4457 3121 4529 ἀθυμίας;
3146 4459 3230 4524 τίς
3257 4462 3389 4532 ἡμῖν
3410 4463 3547 4534 ἀμῦο

1869 4556 1958 4593 ναι
1999 4538 2235 4610 θελήσει,
2292 4544 2388 4596 καὶ
2441 4544 2569 4607 τοὺς
2606 4546 2705 4616 μὲν
2763 4545 3069 4612 λυποῦντας
3126 4548 3411 4619 ἀνακόψει,
3461 4551 3559 4604 καλ⁸

1870 4626 2090 4698 ποιήσει
2131 4628 2330 4699 μηκέτι
2359 4630 2550 4686 λυπεῖν
2579 4674 2595 4698 .
2641 4634 2793 4705 ἡμᾶς
2843 4633 2900 4687 δὲ
2949 4634 3432 4707 παραμυθήσεται,
3462 4638 3558 4694 καὶ

1871 4715 2281 4785 παρασκευάσει
2339 4717 2439 4782 τὰς
2489 4720 2692 4792 ἑτέρων
2744 4721 2934 4793 φέρειν
2989 4723 3389 4792 ἀπαιδευσίας;
3440 4727 3555 4781 Οὐκ

1871 4800 2019 4855 ἐστιν
2047 4801 2243 4867 οὐδεὶς,
2285 4804 2378 4858 σοῦ
2402 4805 2688 4879 πόρρωθεν
2719 4809 3011 4880 ἑστηκότος
3042 4810 3138 4864 τοῦ
3165 4810 3342 4867 δεινοῦ
3362 4811 3554 4867 τούτου

1870 4889 2131 4960 πολέμου,
2162 4891 2257 4946 καὶ
2287 4894 2424 4965 μηδὲ
2463 4894 2713 4968 κραυγὴν
2741 4896 2975 4953 ἀκοῦσαι
3001 4899 3304 4971 δυναμένου
3334 4902 3378 4956 ί.
3407 4896 3556 4972 Ἃρα

1868 4972 2014 5040 οἶδας
2046 4978 2170 5031 ὅσον
2200 4977 2488 5049 εἴργασταί
2521 4999 2605 5035 σοι
2637 4984 2808 5037 κακόν
2834 5000 2848 5049 ;
2879 4980 2989 5056 ἄρα
3025 4984 3122 5039 νῦν
3148 4984 3282 5052 γοῦν
3324 4986 3464 5058 μετά
3492 4988 3555 5042 τὸ

1871 5062 2076 5133 πλῆξαι
2104 5063 2491 5133 ἐπιγινώσκεις
2529 5069 2605 5132 ὡς
2640 5070 2864 5141 καιρίαν
2893 5073 3025 5142 ἡμῖν
3059 5071 3268 5136 ἔδωκας
3286 5072 3387 5143 τὴν
3409 5073 3552 5146 πλη-

1869 5151 2006 5221 γήνς
2041 5150 2203 5205 Ἀλλά
2230 5153 2403 5208 ταῦτα
2441 5156 2538 5227 μὲν
2560 5157 2807 5227 ἀφείσθω
2827 5175 2842 5188 θ
2879 5158 3002 5213 οὐδὲ
3028 5159 3137 5231 γὰρ
3161 5160 3278 5213 ἐστι
3304 5161 3375 5214 τὰ
3397 5163 3552 5232 γενό-

1871 5256 2009 5310 μενα
2037 5240 2301 5297 ἀναλῦσαι
2335 5242 2542 5308 λοιπὸν,
2569 5246 2693 5300 οὐδὲ
2715 5247 2886 5319 πόρον
2921 5250 3034 5312 τοῖς
3076 5249 3306 5320 ἀπόροις
3343 5251 3545 5323 εὑρεῖν.

1868 5326 1935 5379 Τί
1960 5327 2097 5399 πρὸς
2118 5330 2246 5394 τοὺς
2278 5331 2477 5398 ἔξωθεν
2506 5332 2775 5406 ἐροῦμεν;
2811 5337 2862 5390 τί
2891 5337 3029 5406 πρὸς
3069 5336 3167 5401 τὰς
3190 5338 3371 5403 αίτίας
3406 5340 3549 5395 ἀπο-

1867 5412 2213 5489 λογησόμεθα
2243 5419 2342 5483 τὰς
2375 5419 2600 5476 ἐκείνων
2619 5439 2635 5490 ;

1929 5632 1959 5690 ε
1975 5622 2077 5690 ΑἶίίΔ
2091 5623 2179 5690 οῦκ
2209 5626 2275 5690 εἰς
2298 5626 2458 5690 μικρά.

1930 5680 1959 5752 ς
1979 5687 2080 5752 iiii
2106 5680 2417 5752 δυσχείρωτὸι
2440 5689 2575 5740 εἶναι.

1929 5746 1955 5815 ξ
1977 5744 2060 5815 $_i_c
2080 5744 2302 5815 nomiinlji
2327 5759 2481 5815 rpcte.
2505 5751 2649 5815 Vulg.
2672 5754 2838 5803 πολλοὶ
2862 5755 2913 5804 δὲ
2932 5756 3041 5805 πολ.
3071 5756 3208 5807 Enn.

1931 5807 1957 5884 ξι
1983 5809 2228 5884 πίθοιο
2248 5811 2365 5884 sui
2388 5851 2399 5860 .
2430 5807 2823 5884 etIaIIquLmss.
2855 5818 3139 5883 Legehalur
3171 5820 3426 5884 συμϐαίνῃ.
3453 5820 3545 5875 Ecl.

1933 5867 1951 5908 ί
1979 5871 2075 5920 ΛΙῙὶ
2097 5871 2356 5933 δυναμένου
2372 5873 2512 5922 ποτέ.

3098 5972 3136 6030 7
