3942 6360
289 350 383 405 ϐῒῦ

287 494 351 505 κ·-
375 456 936 517 CHRYSOSTOMUS.
987 455 1166 521 Bono,
1214 454 1460 523 inquam,
1501 451 1680 505 animo
1708 456 1857 511 esto;

287 570 449 626 neque
477 554 622 609 enim
665 551 728 604 ad
759 550 944 604 horum
990 555 1192 602 tantum
1239 547 1497 600 rationem
1538 538 1863 597 reddendam

287 655 492 718 paratus
524 658 663 704 sum,
695 640 786 697 sed
815 649 871 693 et
896 640 948 692 in
975 638 1166 706 quibus
1192 651 1290 690 nos
1313 635 1461 704 culpa
1487 634 1748 688 immunes
1778 629 1867 684 di-

287 736 490 803 misisti,
516 734 571 788 in
594 733 654 787 iis
673 733 833 787 etiam
856 744 951 801 pro
980 728 1118 783 virili
1139 742 1254 783 mea
1282 725 1648 782 defensionem
1676 736 1865 793 parare

284 826 553 890 conabor;
585 839 646 880 ac
670 824 714 878 si
740 823 885 885 libet,
909 821 976 875 ab
995 820 1062 875 iis
1090 819 1219 889 ipsis
1242 818 1439 873 ordiar.
1456 816 1735 887 Siquidem
1763 814 1864 869 ab-

284 918 472 978 surdus
512 914 904 982 admodumque
952 912 1187 981 ingratus
1225 923 1421 975 essem,
1469 908 1514 962 si
1560 915 1863 962 exterarum

284 1011 591 1081 opinionem
617 1020 831 1072 curans,
852 1004 1087 1074 nihilque
1107 1016 1215 1057 non
1241 1016 1403 1072 agens
1432 1008 1489 1053 ut
1506 998 1554 1052 ei
1583 997 1864 1052 accusandi

287 1104 441 1159 finem
468 1101 685 1165 faciant,
713 1099 885 1154 virum
912 1096 1042 1151 mihi
1070 1094 1309 1151 omnium
1337 1092 1740 1155 amicissimmn,
1773 1089 1865 1159 qui

285 1202 424 1249 tanta
452 1207 582 1263 erga
616 1206 704 1247 me
730 1204 858 1245 usus
896 1189 967 1243 sit
991 1184 1309 1243 verecundia
1334 1225 1349 1248 ,
1381 1191 1439 1238 ut
1468 1199 1535 1238 ne
1560 1182 1774 1253 quidem
1797 1181 1865 1236 de

284 1287 420 1342 illata
447 1285 582 1350 sibi,
613 1292 669 1338 ut
701 1289 869 1353 putat,
897 1280 1089 1349 injuria
1116 1278 1368 1348 conqueri
1391 1276 1537 1340 velit,
1569 1275 1677 1329 imo
1705 1274 1862 1329 etiam

285 1379 391 1434 suis
410 1376 724 1448 posthabitis
741 1373 809 1430 de
833 1372 1028 1429 nostris
1057 1371 1272 1439 insuper
1291 1374 1515 1437 satagat,
1539 1382 1645 1421 non
1669 1367 1864 1436 possim

284 1468 516 1533 flectere,
549 1481 739 1535 meque
771 1462 912 1534 apud
952 1462 1099 1517 illum
1125 1462 1191 1515 de
1220 1459 1363 1515 illata
1387 1458 1578 1528 injuria
1607 1473 1859 1527 purgare,

282 1559 404 1629 quin
425 1557 589 1612 etiam
610 1554 810 1624 majore
826 1568 950 1623 erga
978 1553 1121 1608 illum
1143 1551 1365 1622 segnitie
1386 1551 1456 1606 uti
1479 1549 1680 1613 videar,
1706 1564 1866 1619 quam

282 1649 367 1703 ille
411 1644 769 1702 sollicitudine
797 1660 919 1715 erga
948 1659 1035 1698 me
1082 1643 1266 1698 utitur.
1294 1642 1408 1709 Qua
1456 1641 1614 1711 igitur
1650 1641 1703 1695 in
1734 1651 1866 1697 rete

283 1738 516 1793 laesimus
535 1779 553 1803 ,
582 1734 1012 1807 quandoquidem
1042 1733 1168 1789 hinc
1211 1732 1583 1789 consumimus
1608 1732 1865 1802 apologiaa

283 1830 498 1900 pelagus
524 1827 767 1898 ingredi?
795 1842 861 1881 an
889 1827 1009 1897 quia
1033 1836 1084 1881 te
1106 1825 1572 1891 circumvenimus,
1605 1832 1868 1878 nostram-

280 1939 380 1993 que
409 1922 503 1977 tibi
534 1930 769 1979 mentem
796 1917 1127 1976 celavimus?
1156 1918 1313 1988 Atqui
1359 1917 1488 1972 illud
1518 1933 1638 1972 eum
1669 1932 1764 1986 pro
1792 1916 1867 1971 tui

280 2013 508 2082 decepti,
559 2020 670 2066 tum
724 2025 819 2079 pro
868 2024 1052 2065 eorum
1104 2007 1503 2087 etiam,_quibus
1532 2016 1583 2063 te
1640 2007 1869 2063 fallendo

284 2102 647 2173 prodidimus,
673 2099 897 2155 utilitate
924 2098 1165 2154 fecimus.
1198 2097 1252 2153 Si
1286 2099 1463 2168 itaque
1503 2098 1693 2153 astutia
1725 2114 1868 2153 sem-

280 2208 371 2262 per
395 2192 563 2259 mala,
593 2206 765 2261 neque
810 2190 897 2246 illa
923 2204 1174 2260 umquam
1200 2190 1286 2245 vel
1330 2189 1395 2243 ad
1421 2189 1695 2261 quodlibet
1721 2204 1869 2245 com-

285 2284 493 2340 modum
517 2283 598 2339 uti
629 2285 805 2351 liceat,
837 2289 1051 2353 paratus
1075 2297 1192 2337 sum
1224 2297 1409 2353 pmnas
1431 2283 1560 2338 dare
1587 2297 1871 2352 quascum-

281 2391 378 2446 que
414 2375 655 2431 volueris
688 2393 701 2429 :
731 2390 825 2430 seu
856 2374 1032 2443 potius
1055 2374 1178 2443 quia
1209 2388 1496 2443 numquam
1539 2388 1605 2429 ex
1633 2388 1719 2433 me
1747 2389 1865 2442 pm-

282 2481 372 2522 nas
396 2468 619 2538 exigere
647 2464 953 2529 sustinebis,
982 2478 1073 2519 eas
1103 2463 1201 2533 ipsi
1232 2464 1627 2535 nobismetipsis
1665 2465 1869 2535 irroga-

282 2560 467 2623 bimus,
491 2573 629 2628 quas
652 2557 825 2612 solent
845 2555 1049 2625 judices
1075 2554 1336 2618 sontibus,
1365 2570 1484 2609 cum
1510 2555 1578 2609 ab
1599 2555 1867 2612 actoribus

278 2648 386 2702 suis
413 2650 489 2704 rei
523 2648 724 2717 peracti
752 2647 968 2702 fuerint.
997 2646 1089 2701 Sin
1120 2660 1246 2711 vero
1273 2647 1463 2699 astutia
1504 2662 1609 2700 non
1654 2661 1868 2717 semper

280 2739 430 2792 tioxia
460 2747 577 2801 est,
610 2737 705 2793 sed
745 2752 841 2807 pro
870 2751 1052 2791 eorum
1084 2737 1173 2806 qui
1200 2737 1286 2790 illa
1317 2744 1535 2790 utuntur
1562 2736 1741 2791 animo
1770 2752 1863 2791 seu

280 2832 410 2885 mala
431 2846 528 2885 seu
558 2830 696 2883 bona
711 2828 956 2893 efficitur,
980 2830 1194 2881 missam
1220 2826 1419 2883 iaciens
1439 2827 1867 2882 criminationem

282 2904 426 2976 isiam
448 2962 463 2986 ,
508 2935 619 2991 qua
650 2928 702 2975 te
738 2920 1157 2974 circumventum
1196 2919 1468 2988 quereris,
1499 2919 1660 2988 proba
1688 2933 1786 2973 nos
1814 2919 1866 2972 in

280 3014 466 3067 malum
496 3020 624 3066 astu
658 3025 785 3065 usos
813 3024 933 3065 esse
966 3028 979 3063 :
1012 3010 1181 3065 donec
1209 3010 1351 3064 enim
1394 3009 1444 3064 id
1477 3008 1726 3074 abfuerit,
1757 3026 1862 3063 non

280 3103 573 3168 criminari,
592 3102 685 3156 sed
703 3099 918 3156 laudare
942 3098 1296 3170 decipientem
1314 3117 1522 3170 mquam
1548 3100 1703 3155 fuerit
1726 3101 1863 3170 apud

278 3209 366 3248 eos
401 3194 600 3248 saltem
630 3192 721 3261 qui
761 3191 988 3261 aliquam
1017 3191 1155 3260 aequi
1186 3191 1416 3260 bonique
1461 3190 1720 3245 rationem
1767 3192 1866 3246 ha-

284 3286 419 3339 bent.
462 3284 702 3338 Tantum
745 3282 887 3337 enim
932 3282 1065 3336 lucri
1111 3281 1271 3337 habet
1298 3291 1595 3351 opportuna
1620 3283 1867 3354 bonoque

282 3377 453 3430 animo
480 3384 672 3446 parata
701 3373 877 3440 fraus,
907 3380 966 3427 ut
992 3372 1143 3427 multi
1184 3387 1347 3442 saape,
1391 3373 1531 3443 quod
1558 3388 1618 3427 ea
1649 3391 1753 3427 non
1784 3374 1863 3428 usi

208 3514 215 3523 .
279 3466 396 3527 sint.
446 3479 641 3536 parias
683 3463 945 3519 dederint.
978 3464 1056 3518 Ac
1090 3465 1135 3518 si
1165 3465 1295 3519 velis
1341 3464 1506 3519 duces
1534 3467 1862 3520 exercituum

279 3560 588 3612 examinare
621 3557 690 3609 ab
715 3554 845 3609 orbe
883 3555 1096 3609 condito
1120 3554 1445 3610 celebriores
1464 3597 1478 3621 ,
1509 3557 1723 3611 illorum
1751 3568 1862 3610 tro-

282 3662 385 3716 paaa
404 3662 571 3717 quam
594 3646 823 3715 plurima
851 3643 976 3700 dolo
1001 3653 1151 3714 parta
1178 3646 1496 3715 comperies,
1525 3663 1723 3715 eosque
1752 3661 1851 3700 ma

276 3735 371 3803 jori
412 3736 576 3791 laude
617 3735 914 3790 celebratos
934 3777 949 3801 ,
998 3750 1157 3805 quam
1185 3735 1273 3805 qui
1301 3746 1489 3805 aperto
1519 3748 1689 3790 marte
1718 3724 1862 3791 vice-

281 3838 415 3882 runt.
448 3829 585 3882 Nam
624 3827 680 3880 bi
706 3827 917 3896 quidem
960 3828 1144 3896 majori
1174 3830 1514 3897 pecuniarum
1555 3829 1862 3883 hominum-

279 3936 377 3988 que
401 3919 687 3989 dispendio
714 3919 897 3975 hostes
917 3928 1190 3989 superant,
1222 3921 1291 3974 ita
1313 3930 1370 3974 ut
1400 3921 1708 3992 plerumque
1731 3923 1859 3976 nihil

279 4012 545 4068 commodi
578 4028 645 4066 ex
673 4011 894 4066 victoria
916 4012 1171 4078 referant,
1200 4010 1295 4067 sed
1326 4027 1433 4067 non
1454 4013 1715 4068 minorem
1738 4018 1754 4047 ¹
1785 4017 1863 4069 vi-

278 4113 449 4159 ctores
468 4117 633 4173 quam
662 4102 785 4156 victi
814 4110 921 4155 tum
958 4102 1221 4157 exercitus
1252 4110 1360 4155 tum
1390 4103 1562 4157 aerarii
1597 4103 1860 4172 jacturatn

283 4193 491 4249 faciant.
526 4191 610 4247 Ad
640 4192 756 4247 haec
781 4206 909 4247 vero
940 4207 1045 4247 non
1075 4193 1256 4246 sinunt
1282 4207 1376 4247 eos
1403 4194 1526 4249 victi
1558 4203 1664 4248 tota
1690 4196 1860 4249 victo-

280 4286 367 4338 ria:
389 4283 563 4354 gloria
604 4281 742 4348 frui;
771 4283 968 4338 etenim
1021 4282 1150 4354 ipsis
1178 4282 1295 4354 ejus
1337 4296 1460 4352 pars
1488 4298 1595 4339 non
1642 4286 1860 4340 minima

278 4376 432 4442 cedit,
464 4385 657 4447 utpote
698 4375 791 4446 qui
817 4376 1010 4431 animis
1038 4376 1270 4432 victores
1291 4416 1308 4443 ,
1352 4377 1664 4447 corporibus
1689 4379 1858 4433 solum

280 4468 558 4526 inferiores
585 4467 818 4534 fuerint;
850 4469 919 4522 ita
947 4478 1023 4534 ut,
1052 4469 1097 4523 si
1129 4471 1427 4539 potuissent
1455 4468 1687 4524 confossi
1707 4472 1729 4502 ¹
1753 4486 1858 4525 non

279 4562 485 4630 cadere,
512 4577 688 4632 neque
708 4577 852 4617 mors
879 4562 997 4616 illos
1023 4563 1415 4632 prostravisset,
1440 4578 1724 4633 numquam
1751 4565 1862 4618 ala-

278 4655 517 4708 critatem
541 4654 667 4707 anni
693 4654 1017 4708 amisissent.
1044 4654 1145 4720 Qui
1172 4669 1302 4708 vero
1324 4653 1508 4710 fraude
1527 4656 1739 4710 vincere
1766 4671 1861 4726 ρος

280 4745 392 4811 tuit,
421 4759 534 4799 non
554 4745 895 4799 calamitosos
918 4747 1112 4811 solum,
1139 4746 1231 4801 sed
1253 4747 1412 4801 etiam
1435 4748 1544 4802 risu
1568 4747 1756 4818 dignos
1777 4747 1857 4803 ef-

282 4833 380 4887 ﬁcit
410 4834 618 4889 hostes.
673 4834 790 4889 Non
819 4836 980 4900 enim,
1015 4845 1073 4889 ut
1103 4835 1230 4902 illic,
1262 4850 1440 4906 parem
1467 4837 1678 4907 utrique
1707 4837 1861 4894 forti-

280 4924 474 4979 tudinis
492 4966 508 4991 ,
536 4925 605 4978 ita
644 4934 699 4980 et
720 4926 807 4980 hic
835 4925 992 4980 ambo
1020 4925 1315 4995 prudentia:
1344 4927 1552 4981 laudem
1582 4927 1855 4997 referunt;

281 5014 367 5066 sed
396 5014 663 5085 integrum
714 5017 1003 5071 victoribus
1052 5017 1288 5072 victoriae
1342 5018 1621 5087 prmmium
1671 5021 1853 5075 cedit:

288 5106 532 5174 quodque
561 5122 666 5159 non
696 5107 872 5161 minus
910 5116 1014 5173 est,
1042 5108 1277 5163 victoriae
1301 5108 1626 5178 voluptatem
1657 5112 1858 5167 civitati

280 5194 539 5252 sinceram
566 5208 799 5253 servant.
830 5199 1011 5269 Neque
1038 5200 1183 5255 enim
1214 5200 1433 5271 perinde
1464 5217 1521 5255 se
1547 5202 1742 5259 habent
1762 5220 1857 5274 pe-

280 5290 549 5344 cuuiamnt
575 5291 727 5360 copia
758 5291 1140 5362 hominumque
1168 5293 1469 5360 multitudo,
1507 5304 1666 5366 atque
1692 5296 1855 5350 animi

284 5380 592 5447 prudentia;
613 5382 877 5452 siquidem
908 5383 994 5438 illa
1022 5384 1074 5437 in
1110 5398 1209 5437 usu
1229 5383 1424 5439 bellico
1444 5383 1707 5454 frequenti
1730 5401 1856 5441 con-

280 5471 409 5525 sumi
454 5472 646 5538 solent,
694 5481 855 5545 atque
905 5489 1242 5545 possessores
1279 5489 1405 5529 suos
1436 5475 1711 5541 deserere;
1742 5476 1857 5532 lucc

342 5648 358 5675 ³
394 5652 553 5707 Deest,
576 5646 828 5702 "timorem.
851 5650 901 5698 iu
924 5650 1078 5700 tribus
1101 5655 1207 5699 Mss.

339 5707 458 5773 fsic
501 5709 642 5758 sat-tl.
710 5717 764 5758 et
825 5722 995 5761 omnes
1055 5712 1161 5761 fere
1232 5718 1369 5773 3:35.;

1448 5709 1611 5761 Morel.
1680 5711 1847 5772 habet,

283 5768 471 5822 tuentes
481 5815 488 5821 .

1478 336 1565 392 DE
1595 331 2044 390 SACERDOTIO.
2090 331 2216 387 LIB.
2259 332 2301 388 1.

3457 344 3560 400 εδδ

1974 461 2102 502 vero
2144 458 2344 518 quanto
2386 447 2555 519 magis
2610 464 2883 516 exerceas,
2933 460 3077 505 tanta
3104 453 3270 524 magis
3318 467 3558 524 augetur.

1970 538 2154 610 Neque
2176 541 2349 596 solum
2382 541 2432 595 in
2459 530 2638 608 bellis,
2668 541 2762 597 sed
2786 544 2946 598 etiam
2984 544 3129 613 pacis
3159 554 3418 616 tempore,
3444 565 3562 603 ma-

1971 646 2133 700 gnum
2171 632 2640 702 necessariumque
2665 631 2866 688 fraudis
2894 650 3046 689 usum
3070 651 3190 691 esse
3227 640 3560 708 comperias,

1971 738 2073 777 nec
2105 732 2311 779 tantum
2336 723 2403 779 ad
2428 725 2658 781 civitatis
2699 726 2928 795 negotia,
2952 728 3046 783 sed
3074 738 3129 783 et
3154 729 3218 783 ad
3244 729 3560 797 domestica,

1972 812 2086 868 viro
2102 814 2358 869 adversus
2384 829 2627 879 uxorem,
2654 816 2807 871 uxori
2836 816 3094 873 adversus
3122 819 3316 884 virum,
3341 822 3478 890 patri
3507 821 3559 876 in

1971 901 2137 958 ﬁlium
2163 946 2178 969 ,
2210 905 2381 960 amico
2408 906 2460 959 in
2503 906 2756 974 amicum,
2781 908 2887 963 imo
2916 909 3075 964 etiam
3106 910 3215 965 filio
3241 911 3291 967 in
3328 923 3558 983 patrem.

1971 995 2152 1065 Neque
2179 998 2322 1052 enim
2351 998 2456 1055 alio
2482 999 2643 1054 modo
2670 1001 2841 1070 potuit
2864 1001 2971 1057 filia
2999 1002 3178 1060 Saulis
3203 1006 3373 1060 virum
3402 1022 3556 1063 suum

1970 1101 2002 1141 e
2033 1088 2274 1144 manibus
2299 1090 2415 1158 ejus
2448 1105 2668 1157 eruere,
2702 1108 2860 1160 quam
2892 1105 3093 1164 patrem
3135 1096 3452 1166 decipiendo
3482 1099 3556 1169 (Ι.

1975 1180 2101 1248 Reg.
2138 1181 2222 1236 l9.
2252 1183 2318 1235 12
2340 1182 2378 1253 ).
2413 1182 2648 1253 Eiusque
2692 1184 2855 1241 frater
2875 1190 2984 1255 jam
3015 1200 3254 1257 ereptum
3290 1206 3321 1244 a
3349 1206 3555 1258 sorore,

1975 1273 2270 1344 iterumque
2297 1276 2687 1344 periclitantem
2715 1292 2930 1333 servare
2960 1281 3201 1349 cupiens,
3226 1281 3414 1336 iisdem
3444 1285 3558 1353 qui-

1973 1364 2070 1419 bus
2100 1381 2240 1420 uxor
2268 1366 2385 1435 ejus
2414 1382 2540 1422 usus
2565 1377 2645 1423 est
2671 1369 2791 1424 telis
2818 1368 2981 1440 (Ibid.
3011 1371 3101 1425 20.
3125 1372 3204 1443 8).

2045 1457 2177 1512 Tum
2206 1459 2534 1523 BASlLlUS,
2566 1461 2707 1516 Nihil
2750 1462 2863 1519 lucc
2900 1463 2968 1519 ad
2998 1479 3117 1531 me,
3151 1465 3354 1535 inquit,
3387 1482 3553 1537 neque

1971 1549 2111 1602 enim
2143 1548 2313 1604 hostis
2341 1566 2458 1605 sum
2488 1553 2570 1607 vel
2602 1553 2880 1617 inimicus,
2912 1570 3086 1626 neque
3129 1572 3194 1611 ex
3236 1572 3419 1613 eorum
3461 1573 3549 1613 nte

1973 1656 2122 1696 mero
2144 1682 2160 1709 ,
2203 1643 2394 1713 quibus
2420 1644 2642 1701 laedendi
2674 1647 2884 1703 animus
2926 1658 3039 1714 est;
3072 1659 3258 1705 contra
3288 1666 3419 1709 vero
3457 1663 3560 1707 tua:

1971 1746 2185 1802 seraper
2230 1734 2510 1789 sententiae.
2539 1736 2717 1792 omnia
2748 1752 2864 1793 mea
2891 1740 3157 1804 commisi,
3209 1741 3297 1797 cui
3323 1757 3555 1813 semper,

1971 1822 2183 1892 quando
2211 1831 2265 1878 tu
2290 1823 2515 1893 iussisti,
2543 1826 2872 1895 obsequutus
2897 1843 3037 1885 sum.

2044 1914 2097 1971 9.
2151 1914 2343 1985 Magna
2371 1933 2436 1969 ea:
2476 1919 2766 1986 tempestiva
2792 1920 2973 1990 fraude
3008 1921 3218 1977 utilitas.
3246 1953 3317 1962 —
3341 1922 3559 1978 CHRY-

1972 2004 2348 2062 SOSTOMUS.
2381 2008 2469 2073 At,
2502 2022 2534 2061 ο
2565 2009 2643 2062 vir
2668 2008 2979 2066 admirande
3005 2021 3165 2082 atque
3185 2015 3405 2084 optime,
3441 2016 3560 2071 ideo

1975 2094 2066 2149 tibi
2089 2095 2197 2173 jam
2227 2105 2382 2151 antea
2408 2097 2541 2165 dixi,
2566 2114 2670 2154 non
2695 2099 2746 2153 in
2781 2099 2919 2154 bello
2944 2110 3144 2156 tantum
3168 2111 3221 2157 et
3249 2112 3430 2157 contra
3461 2104 3560 2159 lto-

1973 2194 2104 2251 stes,
2129 2186 2222 2241 sed
2253 2188 2411 2242 etiam
2435 2189 2488 2242 in
2530 2204 2658 2259 pace
2681 2199 2735 2244 et
2759 2189 3013 2246 adversus
3038 2192 3389 2248 amicissimos
3414 2194 3562 2249 frau-

1971 2276 2039 2331 de
2065 2280 2140 2332 uti
2169 2277 2431 2334 interdum
2473 2296 2607 2351 opus
2632 2297 2769 2337 esse.
2800 2283 2953 2351 Quod
2972 2294 3147 2340 autem
3176 2300 3238 2340 ea
3267 2302 3372 2343 non
3401 2289 3560 2343 modo

1971 2368 2376 2439 decipientibus,
2406 2373 2498 2428 sed
2530 2374 2687 2428 etiam
2721 2374 2956 2446 deceptis
2986 2377 3126 2431 utilis
3148 2379 3235 2439 sit,
3259 2393 3288 2432 a
3310 2380 3558 2449 quopiam

1972 2463 2297 2517 medicorum
2351 2464 2643 2532 sciscitare,
2698 2482 2928 2535 quonam
2972 2467 3046 2522 illi
3095 2468 3255 2524 modo
3309 2485 3480 2540 regros
3530 2487 3559 2525 a

1973 2560 2162 2613 morbo
2194 2558 2455 2625 liberent;
2484 2561 2772 2629 audicsque
2795 2562 2938 2631 ipsos
2965 2577 3072 2615 non
3092 2572 3205 2617 arte
3233 2572 3435 2617 tantum
3462 2564 3557 2630 uti,

1972 2650 2067 2704 sed
2092 2661 2144 2705 et
2174 2650 2436 2707 fallaciam
2484 2653 2747 2707 interdum
2779 2653 3055 2717 adhibere,
3087 2664 3244 2723 atque
3268 2655 3383 2723 ejus
3407 2657 3560 2709 auxi-

1971 2740 2042 2794 lio
2069 2741 2304 2795 adhibito
2338 2756 2518 2813 aegros
2555 2743 2768 2797 sanitati
2802 2744 3103 2799 restituere.
3151 2746 3377 2812 Quando
3417 2747 3560 2800 enim

1972 2840 2081 2885 tum
2106 2834 2292 2887 morbo
2318 2833 2668 2889 laborantium
2709 2837 3015 2903 morositas,
3049 2846 3158 2891 tum
3192 2838 3362 2891 morbi
3394 2838 3560 2907 ipsius

1970 2922 2257 2979 difﬁcultas
2295 2925 2623 2980 medicorum
2663 2927 2946 2982 consilium
2991 2945 3097 2983 non
3141 2930 3389 2995 admittit,
3436 2938 3561 2985 tunc

1968 3015 2192 3071 fallacia:
2219 3033 2500 3088 personam
2534 3019 2757 3075 induere
2792 3029 3072 3090 coguntur,
3109 3030 3167 3076 ut
3207 3023 3561 3092 quemadmo-

1969 3107 2096 3163 dum
2131 3110 2183 3165 in
2220 3125 2380 3166 scena
2406 3111 2482 3167 rei
2521 3113 2799 3168 veritatem
2839 3114 3091 3184 obtegere
3132 3117 3353 3185 possint.
3387 3118 3560 3186 Atque

1970 3201 2075 3266 bic,
2109 3202 2153 3256 si
2182 3203 2374 3273 placet,
2424 3220 2584 3258 unum
2635 3203 2727 3259 tibi
2756 3221 2819 3261 ex
2846 3206 3027 3260 multis
3053 3206 3233 3261 dolum
3257 3209 3520 3263 enarrabo
3539 3251 3553 3273 ,

1968 3309 2126 3364 quem
2152 3309 2182 3349 a
2208 3295 2426 3350 medicis
2463 3297 2837 3351 concinnatum
2883 3297 3080 3352 audivi.
3127 3297 3316 3353 Incidit
3342 3299 3557 3368 quidam

1969 3387 2022 3441 in
2048 3385 2238 3442 febrim
2277 3387 2549 3443 ardentem
2580 3404 2643 3443 ac
2678 3389 3203 3444 vehementissimam
3234 3405 3249 3444 :
3283 3402 3443 3446 mstus
3474 3392 3557 3445 in.

1965 3492 2096 3548 gens
2125 3486 2260 3545 erat,
2293 3494 2354 3533 ac
2384 3489 2569 3533 cuneta
2596 3494 2679 3540 ea,
2703 3495 2821 3548 quze
2845 3480 3017 3549 ignem
3038 3482 3375 3553 exstinguere
3402 3492 3555 3551 pote-

1966 3579 2107 3637 rant,
2131 3572 2418 3640 respuebat
2447 3587 2608 3642 a-ger.
2640 3572 2898 3641 Cupiebat
2919 3583 3094 3627 autem
3122 3582 3177 3628 et
3202 3575 3337 3644 apud
3369 3591 3557 3630 omnes

1965 3675 2026 3715 se
2053 3660 2309 3717 adeuntes
2331 3662 2580 3729 instabat,
2604 3664 2701 3716 sibi
2726 3680 2930 3718 merum
2958 3664 3103 3735 large
3128 3667 3478 3736 porrigercnt,
3502 3679 3556 3722 ut

1966 3754 2242 3808 exitiosam
2268 3755 2411 3808 illam
2435 3755 2738 3824 cupidinem
2764 3756 2984 3826 implere
3011 3767 3377 3826 procurarent.
3402 3759 3554 3827 Quod

1965 3858 2095 3899 sane
2124 3859 2230 3899 non
2254 3844 2445 3900 febrim
2475 3846 2634 3900 modo
2666 3847 3067 3913 inilarumaSset,
3098 3849 3191 3903 sed
3221 3851 3473 3905 miserum
3502 3852 3554 3905 in

1964 3935 2201 3991 furorem
2231 3938 2568 4006 conjecisset,
2600 3939 2644 3993 si
2668 3939 2784 4008 quis
2814 3950 2986 4016 tamen
3020 3941 3179 3997 talem
3209 3942 3306 4012 ipsi
3333 3943 3554 4013 gratiam

1964 4027 2309 4084 exhibuisset.
2335 4029 2467 4084 Cum
2509 4030 2596 4085 hic
2625 4045 2712 4085 ars
2741 4031 2873 4086 nihil
2904 4033 3222 4103 proﬁceret,
3248 4035 3554 4105 nullamque

1963 4122 2264 4177 machinam
2286 4123 2587 4191 excogitare
2610 4131 2810 4194 posset,
2831 4126 2938 4180 imo
2954 4139 3170 4194 prorsus
3187 4141 3250 4181 ea
3264 4127 3554 4196 rejicienda

1962 4212 2264 4280 videretur,
2310 4212 2424 4281 ejus
2465 4214 2606 4268 vices
2640 4213 2845 4269 fallacia
2884 4216 3183 4284 suscipiens
3209 4217 3312 4269 vim
3353 4227 3553 4272 tantam

1962 4306 2214 4371 ostendit,
2239 4315 2492 4374 quantum
2523 4321 2646 4360 mox
2684 4306 2887 4360 audies.
2934 4306 3147 4361 Etenim
3185 4307 3427 4364 medicus
3460 4326 3555 4364 vas

1964 4404 2251 4451 testaceum
2279 4412 2466 4453 recens
2483 4414 2513 4452 e
2532 4398 2743 4452 fornace
2759 4397 3004 4453 eductum
3022 4398 3147 4452 vino
3166 4400 3430 4468 permulto
3458 4401 3554 4454 im-

1962 4490 2148 4544 mersit
2169 4506 2180 4541 :
2205 4490 2527 4545 abstractum
2548 4491 2670 4545 hinc
2688 4504 2910 4544 vacuum
2930 4504 3049 4545 cum
3063 4504 3195 4559 aqua
3219 4491 3550 4561 replevisset,

1958 4580 2430 4651 jubetargrotantis
2446 4581 2747 4636 cubiculum
2773 4582 2903 4635 velis
2932 4581 3109 4635 multis
3129 4582 3454 4647 obumbrari,
3486 4600 3554 4638 ne

1961 4673 2051 4726 lux
2076 4672 2251 4725 dolum
2276 4672 2563 4741 proderet;
2598 4680 2652 4726 et
2677 4686 2822 4741 :rgro
2845 4687 2936 4726 vas
2968 4673 3117 4743 quasi
3148 4689 3297 4728 mero
3338 4674 3550 4744 plenum

1962 4766 2211 4836 propinat
2238 4781 2252 4818 :
2282 4780 2386 4835 quo
2422 4765 2505 4820 vix
2549 4765 2793 4820 manibus
2828 4767 3162 4834 apprehenso
3188 4778 3418 4837 :egrotus
3447 4767 3551 4821 vini

1961 4861 2126 4915 odore
2142 4860 2318 4914 statim
2336 4858 2605 4928 deceptus,
2627 4856 2766 4928 quod
2787 4858 3019 4913 oblatum
3037 4857 3206 4914 fuerat
3228 4874 3332 4914 non
3349 4859 3554 4913 curavit

1963 4951 2397 5017 examinandum,
2421 4951 2512 5006 sed
2541 4950 2707 5005 odore
2729 4950 2936 5004 illectus
2963 4965 3027 5003 ac
3053 4950 3287 5004 tenebris
3312 4950 3548 5013 delusus,

1961 5052 2185 5110 urgente
2200 5043 2359 5097 etiam
2373 5041 2641 5112 cupidine,
2659 5040 2821 5094 multa
2839 5055 2959 5095 cum
2985 5039 3238 5093 aviditate
3260 5038 3433 5093 hausit
3455 5054 3468 5102 ;
3489 5053 3550 5092 ac

1962 5135 2183 5188 satiatus
2211 5132 2616 5188 suffocationem
2648 5132 2824 5195 statim
2850 5132 2865 5162 ¹
2891 5131 3143 5194 excussit,
3185 5140 3240 5184 et
3265 5129 3551 5184 imminens

1961 5225 2250 5293 periculum
2299 5222 2500 5292 effugit.
2536 5221 2719 5276 Viden'
2759 5221 2981 5281 fallacia:
3020 5219 3259 5275 lucrum?
3301 5218 3453 5286 Quod
3504 5220 3549 5274 si

1960 5315 2079 5386 quis
2118 5329 2307 5369 omnes
2350 5314 2677 5369 medicorum
2706 5311 2858 5366 dolos
2887 5326 3170 5367 recensere
3199 5312 3343 5376 velit,
3376 5312 3547 5366 oratio

1961 5421 2090 5461 sane
2117 5405 2343 5476 longior,
2376 5419 2533 5481 quam
2559 5419 2653 5475 par
2680 5404 2769 5469 sit,
2797 5402 3006 5458 evadet.
3033 5401 3143 5457 Nec
3172 5401 3346 5456 solum
3374 5401 3430 5467 ii,
3455 5403 3549 5471 qui

1959 5506 2184 5560 Corpora
2213 5498 2436 5554 curant,
2464 5488 2557 5542 sed
2583 5489 2742 5542 etiam
2774 5488 2809 5541 ii
2829 5529 2843 5547 ,
2874 5487 2961 5557 qui
2992 5485 3187 5541 animae
3219 5485 3419 5539 morbis
3453 5499 3550 5540 cu-

1960 5585 2141 5640 randis
2170 5594 2388 5647 vacant,
2426 5582 2525 5637 hoc
2558 5580 2861 5651 frequenter
2910 5579 3153 5635 remedio
3205 5577 3283 5634 uti
3327 5592 3550 5646 campo.

2022 5713 2039 5744 ί
2067 5717 2115 5760 tn
2132 5709 2295 5761 Morel.
2319 5709 2485 5765 deest,
2506 5706 2693 5763 staﬁm;
2710 5707 2798 5757 sed
2821 5706 3028 5757 habetur
3045 5705 3094 5754 in
3117 5703 3255 5754 savil.
3276 5703 3385 5754 etin
3404 5700 3563 5750 enini--

1960 5773 2053 5822 bus
2082 5786 2209 5835 pene
2228 5773 2485 5822 culicibus.
