3942 6380
337 343 431 395 δτι

337 482 561 534 riuntur.
606 478 695 535 Sic
720 480 909 535 beatus
934 479 1125 537 Paulus
1150 479 1300 547 (Act.
1329 477 1419 531 2i.
1441 475 1545 546 26)
1575 475 1767 529 multas
1803 470 1923 527 illas

338 570 640 626 Juda'orum
681 571 949 643 myriadas
977 569 1347 641 attraxit(ld.
1394 568 1480 624 16.
1505 567 1576 638 '5)
1606 587 1620 623 :
1645 567 1745 621 hoc
1793 570 1916 621 item

339 663 563 718 rnttsilio
589 662 930 717 Timotheum
953 660 1283 717 circumcidit
1308 660 1412 721 ille,
1432 660 1521 731 qui
1551 658 1751 715 Galatis
1778 655 1919 729 (Gal.

340 755 392 807 5.
424 752 481 825 2)
511 753 807 809 scribebat'
828 753 956 808 nihil
986 754 1314 822 profuturum
1342 750 1609 806 Christum
1629 751 1691 806 iis
1710 751 1799 820 qui
1821 750 1926 805 cir-

340 846 729 900 cumciduntur.
768 844 892 900 Ideo
924 844 1027 912 legi
1074 860 1133 898 se
1163 842 1393 898 subdidit
1438 843 1505 910 is,
1553 848 1640 915 qui
1664 844 1923 915 justitiam

340 950 407 989 ex
433 935 548 1005 lege
586 945 704 1005 pust
735 936 888 989 fidem
921 936 972 989 in
1003 926 1277 989 Christum»
1300 935 1678 991 detrimentum
1711 935 1927 1007 putabat

344 1026 602 1098 (Philipp.
650 1028 706 1082 5.
739 1028 816 1098 7).
849 1027 1071 1082 Fraudis
1099 1028 1296 1097 quippe
1321 1043 1511 1099 magna
1543 1029 1619 1083 vis
1643 1069 1658 1092 ,
1690 1028 1816 1083 dum
1858 1044 1927 1083 ne

340 1117 525 1174 doloso
553 1120 777 1174 consilio
800 1110 1077 1174 ofleratur.
1108 1119 1218 1174 lmo
1243 1134 1375 1174 vero
1400 1120 1515 1175 haec
1539 1121 1757 1175 minime
1782 1120 1927 1175 fraus

340 1208 654 1276 appellanda
683 1218 786 1273 est,
828 1208 921 1263 sed
951 1210 1273 1276 reconomia,
1301 1209 1562 1279 sapientia
1580 1220 1639 1265 et
1666 1225 1753 1265 ars
1783 1227 1927 1281 qua:-

340 1298 493 1363 dam,
525 1302 644 1369 quas
675 1301 842 1369 possit
870 1301 1067 1354 multos
1097 1301 1272 1354 exitus
1298 1301 1349 1354 ih
1379 1301 1538 1357 rebus
1558 1301 1739 1357 arduis
1767 1317 1925 1372 repe-

341 1390 465 1456 rire,
507 1391 808 1461 animmque
838 1391 1029 1446 delicta
1050 1392 1358 1448 emendare.
1404 1394 1585 1464 Neque
1614 1395 1755 1449 enim
1798 1393 1928 1449 Phi-

342 1498 495 1538 neem
535 1483 855 1538 homicidam
897 1484 1122 1539 dixerim
1155 1484 1344 1555 (Nunt.
1374 1487 1464 1543 25.
1495 1488 1574 1559 7),
1602 1488 1743 1557 quod
1776 1488 1927 1559 plaga

342 1590 445 1629 una
498 1574 633 1629 duos
688 1575 984 1631 occiderit:
1016 1576 1459 1646 quemadmodum
1514 1593 1685 1647 neque
1723 1578 1929 1634 Heliam

343 1668 417 1736 (4.
456 1666 581 1739 Reg.
604 1669 650 1722 1.
667 1666 820 1740 9ο1ἳ)
837 1667 905 1724 ob
930 1667 1050 1723 illos
1065 1677 1275 1724 centum
1293 1668 1487 1724 milites
1511 1685 1804 1742 eorumque
1831 1673 1927 1728 du-

342 1774 452 1825 res,
480 1774 543 1812 ac
570 1775 814 1829 magnum
856 1762 999 1817 illum
1029 1762 1302 1832 sanguinis
1332 1769 1643 1828 torrentem,
1675 1779 1832 1835 quem
1860 1781 1926 1822 ex

341 1865 526 1905 eorum
551 1851 638 1920 qui
664 1851 965 1908 daemonum
1003 1855 1283 1911 sacrificuli
1328 1867 1480 1912 erant
1518 1860 1666 1914 caede
1710 1876 1928 1919 manare

406 1963 420 1992 ι
448 1963 520 2011 sic
551 1963 691 2014 savii.
719 1972 771 2015 et
793 1963 977 2030 aliquot
996 1974 1106 2018 Mss.
1131 1976 1180 2018 tn
1205 1976 1252 2019 Β.
1273 1971 1607 2025 cmuntinatur.

1061 338 1119 392 S.
1159 336 1438 392 JOANNIS
1476 333 1949 389 CllltYSOSTOMI
1992 333 2312 391 ARClllEP.
2352 334 2892 392 CONSTANTINOP.

3515 346 3620 399 εδει

2028 467 2154 524 fecit
2180 470 2200 540 (
2224 471 2277 525 3.
2311 468 2440 544 Reg.
2470 472 2556 528 18.
2589 473 2658 530 34
2684 474 2721 541 ).
2748 473 2878 529 Nam
2908 472 2951 528 si
2982 472 3084 529 hoc
3111 476 3550 543 concederemus,
3567 492 3623 534 et

2026 562 2069 612 si
2101 575 2187 615 res
2218 560 2359 629 ipsas
2399 562 2589 628 nudas,
2621 578 2726 617 non
2767 578 3004 635 expenso
3046 574 3322 621 auctorum
3352 569 3580 624 consilio
3600 611 3617 635 ,

2030 651 2332 720 expendere
2354 653 2475 722 quis
2496 654 2744 719 voluerit,
2775 654 3043 711 Alraham
3070 657 3233 712 occisi
3255 662 3364 714 nati
3389 659 3615 718 damna-

2031 757 2089 795 re
2127 743 2302 812 quivis
2356 744 2600 814 poterit(
2635 744 2763 799 Gen.
2821 746 2912 800 22.
2969 747 3037 813 3;
3067 747 3157 802 27.
3192 749 3330 819 19);
3373 762 3620 823 nepotem

2018 812 2154 887 item
2185 842 2240 887 et
2279 812 2598 903 abnepotem
2651 836 2766 906 ejus
2810 812 3056 894 maleficii
3107 848 3162 894 et
3206 840 3317 896 doli
3362 812 3620 902 accusare

2032 922 2226 997 (Exod.
2255 926 2339 980 11.
2366 925 2425 997 2)
2474 942 2488 980 :
2541 928 2621 983 sic
2666 929 2810 984 enim
2842 931 2931 985 ille
2958 931 3430 1003 primogenituram
3474 939 3620 995 obti-

2030 1019 2183 1083 nuit;
2217 1017 2304 1073 hic
2350 1035 2479 1076 vero
2527 1020 2902 1093 Egyptiorum
2935 1024 3146 1081 divitias
3176 1027 3228 1082 in
3257 1028 3618 1090 lsraelitarum

2031 1110 2301 1165 exercitus
2332 1112 2623 1167 transtulit.
2668 1115 2735 1168 At
2765 1129 2869 1168 non
2898 1115 2969 1170 ita
2998 1130 3059 1171 se
3084 1132 3171 1173 res
3198 1118 3379 1188 habet,
3409 1136 3513 1178 non
3545 1125 3618 1180 ita

2031 1213 2162 1255 sane
2194 1218 2209 1254 :
2240 1214 2406 1271 apage
2442 1211 2640 1258 tantam
2679 1204 2973 1260 audaciam.
3000 1205 3116 1263 Non
3144 1209 3303 1265 modo
3328 1213 3471 1268 enim
3498 1215 3621 1271 illos

2024 1291 2185 1365 culpa
2206 1307 2397 1348 vacare
2421 1293 2671 1361 dicimus,
2693 1296 2786 1351 sed
2814 1299 2972 1353 etiam
2994 1314 3059 1353 eo
3084 1302 3298 1358 nomine
3324 1307 3617 1375 miramur;

2035 1382 2467 1454 quandoquidem
2494 1385 2609 1455 ipse
2636 1387 2776 1442 Deus
2811 1389 2930 1444 illos
2955 1390 3075 1445 ideo
3101 1392 3352 1449 laudavit.
3378 1396 3621 1468 Namque

2032 1472 2304 1528 illeﬁdlax
2338 1474 2459 1545 jure
2482 1475 2715 1545 dicatur,
2745 1479 2837 1549 qui
2866 1479 2919 1535 id
2944 1481 3122 1552 inique
3155 1486 3478 1555 aggreditur,
3508 1504 3614 1544 non

2032 1572 2211 1619 autem
2240 1565 2329 1635 qui
2361 1581 2492 1623 sano
2519 1567 2572 1623 id
2599 1571 2823 1624 consilio
2851 1570 2978 1628 facit
3004 1574 3044 1626 ³.
3077 1572 3335 1647 Saepeque
3362 1580 3623 1651 contingit

2030 1663 2092 1709 ut
2134 1653 2317 1712 fallere
2368 1657 2436 1712 sit
2481 1673 2640 1729 opus,
2672 1667 2733 1715 ut
2774 1676 2872 1731 per
2901 1661 3202 1733 hujusmodi
3235 1677 3404 1723 artem
3429 1685 3620 1742 magna

2033 1745 2231 1801 utilitas
2272 1748 2606 1818 importetur.
2639 1750 2739 1819 Qui
2783 1762 2960 1808 autem
3003 1764 3149 1811 recta
3193 1758 3275 1812 via
3305 1758 3535 1830 incedit,
3568 1763 3620 1817 ei

2030 1850 2189 1904 quem
2213 1835 2396 1893 fallere
2423 1840 2592 1895 noluit
2620 1856 2810 1912 magna
2836 1857 2978 1913 stepe
3006 1846 3142 1899 mala
3174 1847 3370 1904 intulit.

2098 1926 2114 2000 ξ
2149 1933 2395 2000 μῶρε-ποθι
2415 1935 2574 2000 autem
2596 1928 2829 2000 quisque
2863 1933 2917 1983 id
2953 1935 3152 2000 consilio
3187 1938 3322 2000 facit,
3353 1939 3533 1992 desunt
3570 1944 3620 1995 in

2033 1987 2243 2038 maxima
2264 1995 2370 2038 Mss.
2396 1997 2554 2053 parte,
2578 1987 2668 2041 sed
2692 1994 2931 2045 habentur
2954 1999 3004 2046 in
3026 1987 3166 2048 Satil.
3187 1987 3252 2049 'et.
3270 1987 3428 2052 Morel.

337 2063 3548 2119 ————_———___.____________________

1326 2152 1797 2261 LIBER
1892 2161 2732 2278 SECUNDUS.

762 2430 866 2465 nam
898 2431 1068 2467 lNSL'N'l'
1101 2432 1238 2470 LIBRO
1271 2434 1499 2473 SECUNDO:

338 2523 373 2567 ι.
400 2518 731 2628 sacerdotium
752 2518 937 2581 grande
962 2533 1073 2572 esse
1095 2522 1287 2585 signum
1324 2522 1569 2578 chartulis
1627 2541 1746 2594 erga
1796 2532 1930 2583 Chri-

483 2592 546 2627 m.

483 2592 546 2627 m.

338 2646 392 2688 ll.
429 2647 525 2689 Hoc
538 2641 863 2692 ministerium
885 2642 993 2692 aliis
1014 2645 1336 2698 antecellere.

338 2708 406 2749 Ill.
441 2707 658 2765 Magnum
681 2703 1313 2773 et‘admirattthtmauimum
1336 2712 1611 2773 requirere.

334 2769 404 2833 tv.
424 2762 554 2833 item
578 2777 692 2814 esse
710 2762 900 2833 plenam
920 2766 1248 2833 difﬁcultatum
1268 2783 1325 2820 ac
1343 2762 1684 2833 periculorum.

336 2832 386 2902 Vt:
423 2831 515 2902 tios
536 2834 737 2902 progiter
749 2829 1015 2902 .carit_atem
1038 2831 1088 2879 in
1101 2829 1359 2902 __(:hr_i_stuni
1382 2847 1504 2902 rem_
1529 2837 1667 2887 istam
1698 2836 1923 2902 (fugisse.

338 2891 405 2935 VI.
441 2888 794 2965 Dentoustratio
852 2890 1042 2941 virtutis
1101 2892 1273 2956 Basilii,
1322 2909 1379 2946 ac
1426 2896 1738 2950 vehementis
1766 2888 1921 2965 “ejus
1954 2921 1967 2933 κ

334 2955 707 3088 νιιῒᾛιῗοῌῗιῖοη
732 3012 782 3060 in
809 3013 1154 3088 contumeliam
1188 3029 1375 3080 eorum,
1401 3021 1484 3084 qui
1508 3033 1599 3071 nos
1644 3022 1921 3088 elegerant,

396 3071 751 3136 ordinationem
776 3072 1095 3136 eﬂ'ugeritnus
1107 3113 1119 3124 .

333 3137 441 3181 vut.
474 3132 602 3191 Quod
629 3135 775 3184 etiam
805 3132 1036 3199 fugiendo
1057 3150 1086 3188 a
1108 3140 1465 3204 vituperatione
1498 3143 1609 3197 illos
1630 3149 1921 3200 emet-intus.

403 3342 552 3409 Quod
577 3345 734 3415 igitur
760 3363 824 3402 ex
854 3364 1006 3420 απιυο
1033 3361 1087 3406 et
1132 3352 1274 3408 bono
1299 3354 1501 3412 fraudis
1531 3359 1580 3414 vi
1628 3361 1701 3416 uti
1734 3361 1915 3434 liccat,

333 3434 441 3489 imo
458 3437 635 3506 potius
672 3439 812 3509 quod
839 3454 956 3496 eam
983 3458 1088 3498 non
1121 3444 1357 3501 fraudem
1385 3487 1400 3513 ,
1425 3450 1519 3506 sed
1552 3452 1917 3515 admirandam

332 3530 683 3584 meouomiam
738 3532 1005 3600 appellare
1053 3548 1342 3609 oporteat,
1372 3538 1642 3614 'plurihus
1708 3559 1918 3619 poterat

330 3617 684 3685 comprobari.
725 3619 858 3688 Quia
901 3637 1030 3679 vero
1087 3642 1205 3696 qua:
1234 3633 1477 3700 superius
1505 3635 1646 3692 dicta
1676 3617 1801 3695 sunt
1849 3642 1914 3697 ad

332 3707 383 3761 id
433 3707 903 3768 demonstrandum
963 3717 1266 3785 sufficiunt,
1315 3738 1478 3793 grave
1526 3729 1917 3804 molestumque

329 3800 557 3868 putarim
588 3817 1032 3873 supervacaneam
1091 3812 1460 3886 prolixamque
1499 3834 1559 3874 ea
1590 3819 1656 3876 de
1685 3838 1742 3879 re
1788 3800 1914 3881 ora-

330 3891 527 3947 tionem
562 3901 761 3950 texere.
795 3894 968 3952 Tuum
991 3899 1058 3956 de
1086 3903 1289 3975 reliquo
1313 3906 1414 3962 erit
1441 3911 1753 3980 ostendere,
1786 3932 1913 3973 num

327 3996 392 4035 ex
433 3983 717 4041 commodo
748 3994 840 4041 tuo
866 3986 1011 4044 fraus
1050 4006 1112 4047 ea
1142 4008 1170 4047 a
1218 3996 1371 4052 nobis
1396 3998 1632 4058 adhibita
1659 4005 1746 4061 sit.
1772 4007 1909 4064 Tum

329 4074 632 4134 BASILIUS
659 4096 672 4132 :
703 4079 777 4134 Ec
827 4082 968 4151 quod
993 4125 1008 4151 ,
1042 4084 1252 4156 inquit,
1303 4090 1456 4147 nobis
1484 4093 1688 4152 lucrum
1732 4114 1797 4154 ex
1822 4103 1911 4157 tali

324 4166 408 4221 vel
458 4171 755 4225 oeconomia
785 4172 868 4227 vel
918 4176 1172 4245 sapientia
1203 4220 1218 4243 ,
1259 4189 1312 4235 et
1352 4185 1620 4252 quomodo
1663 4204 1779 4244 eam
1812 4207 1910 4262 ap-

327 4258 526 4327 pellare
575 4260 772 4328 libeat,
822 4274 878 4318 ut
905 4279 1215 4335 persuasum
1266 4272 1420 4329 nobis
1458 4275 1527 4331 sit
1551 4291 1772 4336 nosate
1802 4258 1908 4339 nim

219 4367 225 4371 ν
322 4350 486 4406 fuisse
505 4352 787 4425 deceptos?

401 4442 452 4495 1.
482 4442 836 4500 Sacerdotium
882 4450 1075 4519 grande
1119 4469 1226 4508 esse
1269 4457 1466 4528 signum
1514 4463 1738 4518 caritatis
1786 4483 1912 4538 erga

324 4532 600 4588 Christum.
620 4535 1010 4596 —JOANNES
1035 4542 1074 4597 '.
1106 4542 1333 4614 Ecquid,
1370 4548 1606 4619 inquam,
1637 4552 1737 4610 hoc
1760 4532 1909 4613 lucro

322 4624 497 4693 majus
533 4626 730 4694 fuerit,
763 4644 920 4700 quam
952 4633 995 4687 si
1037 4635 1150 4690 haec
1174 4652 1393 4707 agamus
1413 4682 1428 4707 ,
1458 4659 1576 4712 quae
1606 4645 1907 4705 dilectionis

321 4728 448 4783 erga
495 4713 763 4771 Christum
802 4733 1110 4790 argumenta
1149 4741 1269 4782 esse
1311 4729 1444 4785 dixit
1473 4734 1586 4804 ipse
1620 4736 1859 4796 Christus
1888 4782 1904 4809 ,

318 4806 408 4875 qui
436 4808 799 4876 apostolorum
839 4815 1178 4886 coryphaeum
1228 4821 1307 4875 sic
1347 4822 1677 4896 alloquitur,
1708 4806 1903 4901 Petra,

316 4900 532 4970 inquit,
573 4919 718 4958 amas
769 4922 849 4960 me
877 4907 1052 4976 (Joan.
1079 4910 1170 4966 2|.
1201 4912 1331 4984 15)?
1355 4915 1409 4971 id
1449 4919 1540 4974 illo
1580 4900 1900 4993 confitente,

316 4992 557 5065 adjungit
586 5013 600 5050 :
631 4996 693 5051 Si
736 5015 881 5053 amas
917 5017 1012 5065 me,
1047 5018 1198 5073 pasce
1248 5021 1362 5061 oves
1407 5024 1567 5065 meas.
1609 5012 1905 5089 lntcrrogat

316 5083 635 5155 discipulum
657 5086 909 5160 Magister
939 5133 955 5158 ,
989 5108 1114 5147 num
1161 5093 1412 5166 diligatur
1440 5099 1508 5155 ab
1539 5115 1605 5156 eo
1625 5142 1643 5167 ,
1682 5120 1787 5160 non
1819 5083 1903 5163 ἰιι

320 5173 557 5232 ediscat:
590 5180 857 5246 quomodo
887 5181 1027 5237 enim
1056 5184 1258 5241 ediscat
1301 5203 1423 5243 cum
1451 5191 1690 5249 omnium
1740 5199 1901 5256 corda

318 5269 457 5324 norit
483 5268 510 5325 τ
540 5270 633 5325 sed
665 5280 721 5325 ut
769 5288 867 5328 nos
896 5275 1141 5345 doceret,
1176 5290 1431 5350 quantum
1458 5283 1604 5340 cordi
1630 5286 1732 5343 sibi
1758 5300 1902 5347 esset

320 5359 619 5431 hujusmodi
643 5366 817 5435 gregis
844 5369 1173 5435 prmfectura.
1211 5370 1264 5425 Id
1286 5387 1406 5428 cum
1442 5377 1617 5445 palam
1646 5379 1736 5446 sit,
1768 5382 1898 5440 illud

319 5452 444 5505 item
474 5453 815 5511 manifestum
842 5459 964 5525 erit,
994 5475 1238 5532 magnam
1269 5462 1385 5519 fore
1413 5469 1715 5527 mercedem
1746 5473 1897 5533 labo-

316 5543 453 5596 ranti
502 5544 557 5599 iu
599 5546 666 5601 iis
691 5588 705 5611 ,
756 5565 875 5619 qum
903 5567 1094 5624 magno
1136 5557 1275 5627 apud
1331 5556 1598 5619 Christtim
1629 5565 1681 5621 in
1725 5570 1897 5639 pretio

2037 2439 2183 2486 sunt.
2223 2431 2356 2487 Nam
2395 2433 2475 2500 si,
2535 2448 2656 2491 cum
2706 2437 2964 2506 quosdam
3016 2440 3259 2499 videmus
3302 2444 3618 2507 famulorum

2035 2523 2118 2578 vel
2184 2539 2433 2594 pecorum
2490 2526 2506 2558 ³
2535 2537 2836 2583 nostrorum
2893 2544 3075 2587 curam
3142 2534 3339 2593 habere
3362 2580 3377 2607 ,
3421 2541 3619 2597 sollici-

2035 2614 2272 2670 tudinem
2324 2615 2468 2671 illam
2536 2633 2633 2689 pro
2692 2631 3006 2691 argumento
3060 2628 3262 2683 amoris
3319 2646 3445 2701 erga
3514 2649 3618 2690 nos

2037 2704 2295 2762 habemus
2317 2747 2332 2772 ,
2363 2707 2573 2764 etiamsi
2620 2710 2710 2765 illa
2745 2713 2923 2768 omnia
2968 2717 3208 2784 pecuniae
3236 2725 3407 2789 pretio
3432 2738 3617 2782 eman-

2034 2805 2119 2851 tur
2148 2816 2162 2853 :
2190 2799 2278 2869 qui
2308 2813 2414 2854 non
2471 2803 2695 2872 pecunia
2740 2813 2833 2859 aut
2872 2806 2978 2860 alio
3004 2811 3254 2880 qu0piam
3307 2814 3489 2883 simili,
3522 2818 3619 2878 sed

2032 2890 2249 2962 propria
2277 2899 2449 2948 morte
2480 2892 2620 2949 hunc
2640 2908 2853 2967 gregem
2888 2899 3047 2965 emit,
3088 2910 3142 2957 et
3172 2919 3269 2972 pro
3307 2907 3466 2963 ovilis
3493 2925 3618 2979 pre-

2030 2983 2105 3038 tio
2152 2987 2464 3055 sanguinem
2491 2986 2637 3042 dedit
2666 3027 2682 3055 ,
2715 3000 2914 3059 quanto
2956 2997 3175 3062 prazmio
3210 3007 3451 3067 pastores
3500 3004 3618 3073 ejus

2027 3078 2424 3133 remunerabit?
2447 3079 2805 3146 Quamobrem
2844 3097 2965 3138 cum
3010 3084 3236 3144 dixisset
3279 3089 3570 3163 discipulus
3600 3138 3615 3160 ,

2026 3164 2105 3220 Tu
2129 3168 2248 3236 scis,
2280 3166 2498 3223 Domine
2518 3212 2533 3237 ,
2564 3171 2683 3241 quia
2725 3188 2840 3227 omo
2876 3185 2943 3240 te,
2979 3184 3032 3229 et
3074 3176 3324 3234 dilectum
3353 3182 3522 3250 ipsum
3563 3186 3615 3240 in

2022 3258 2322 3316 dilectionis
2343 3270 2533 3318 testem
2584 3275 2825 3320 vocasset
2860 3283 2891 3319 :-
2927 3284 3032 3322 non
3061 3268 3147 3325 hic
3169 3273 3317 3327 stetit
3341 3273 3613 3346 Servator,

2021 3350 2116 3406 sed
2132 3350 2432 3409 dilectionis
2446 3364 2816 3425 argumentum
2831 3357 3044 3429 adjecit.
3067 3360 3179 3417 Non
3196 3364 3337 3420 enim
3355 3379 3613 3436 quantum

2022 3443 2212 3499 Petrus
2226 3460 2283 3500 se
2299 3445 2541 3516 diligeret
2556 3448 2838 3513 ostendere
2856 3458 2981 3506 tunc
2996 3452 3207 3509 volebat
3223 3474 3237 3509 :
3257 3473 3378 3513 nam
3391 3458 3442 3514 id
3458 3460 3615 3518 nobis

2019 3549 2085 3589 ex
2115 3536 2293 3592 multis
2318 3540 2648 3608 argumentis
2690 3541 2801 3611 jam
2830 3543 2999 3611 palam
3051 3558 3201 3614 erat;
3233 3549 3329 3606 sed
3357 3562 3614 3622 quantum

2022 3624 2135 3696 ipse
2184 3625 2478 3683 Ecelesiam
2531 3629 2776 3700 diligeret
2816 3648 3007 3703 suam,
3047 3645 3102 3692 et
3153 3639 3367 3697 Pettum
3408 3653 3463 3699 et
3513 3661 3616 3702 nos

2018 3714 2206 3772 omnes
2236 3718 2446 3774 edoceri
2485 3721 2687 3789 voluit,
2718 3732 2776 3777 ut
2804 3740 3045 3797 magnam
3076 3739 3130 3784 et
3166 3747 3264 3787 nos
3309 3732 3408 3790 hac
3452 3737 3505 3791 in
3549 3753 3614 3793 re
3638 3722 3651 3738 “

2018 3807 2426 3865 sollicitudinem
2475 3812 2853 3871 exhiberemus
2879 3816 3053 3888 (Rom.
3079 3821 3136 3877 8.
3168 3823 3283 3892 52).
3310 3825 3419 3882 Cur
3465 3830 3612 3887 enim

2020 3898 2159 3954 Deus
2189 3899 2326 3955 Filio
2353 3917 2448 3956 suo
2473 3903 2742 3973 unigenito
2768 3922 2872 3962 non
2901 3914 3168 3979 pepercit,
3198 3915 3291 3971 sed
3319 3933 3476 3987 quem
3499 3921 3612 3977 uni-

2014 4004 2136 4044 cum
2188 3989 2419 4047 habebat
2447 3995 2665 4050 tradidit
2707 3995 2887 4065 (Joan.
2914 4000 2971 4055 ὃ.
3006 4002 3133 4072 16)⁹
3159 4003 3228 4060 Ut
3251 4022 3347 4062 eos
3382 4010 3475 4079 qui
3500 4011 3612 4067 ini-

2017 4080 2156 4134 mico
2190 4097 2314 4151 erga
2367 4098 2428 4137 se
2491 4085 2672 4141 animo
2719 4098 2903 4144 essent
2952 4092 3051 4147 sibi
3104 4097 3508 4169 reconciliaret,
3553 4112 3611 4159 et

2015 4171 2337 4240 peculiarem
2388 4173 2489 4229 sibi
2551 4178 2804 4246 populum
2859 4178 3077 4239 faceret.
3130 4183 3242 4240 Cur
3294 4191 3607 4261 sanguinem

2012 4260 2234 4316 eii‘udit?
2267 4262 2337 4318 Ut
2362 4263 2458 4320 has
2488 4276 2694 4323 emeret
2723 4284 2873 4338 oves,
2904 4287 3037 4342 quas
3063 4274 3223 4331 Petro
3251 4286 3305 4333 et
3329 4260 3607 4339 successo-

2011 4353 2161 4409 ribus
2212 4355 2329 4424 ejus
2367 4358 2584 4415 tradidit
2617 4359 2748 4431 (Tit.
2792 4361 2849 4417 2.
2882 4364 3136 4437 14).Jure
3178 4372 3199 4402 ²
3243 4386 3370 4443 ergo
3398 4373 3601 4432 dicebat

2011 4446 2277 4515 Christus,
2314 4449 2561 4517 Quisnam
2588 4464 2662 4508 est
2693 4456 2862 4522 ﬁdelis
2905 4475 3075 4513 servus
3095 4471 3143 4515 et
3169 4465 3390 4532 prudens
3411 4507 3425 4532 ,
3455 4485 3605 4538 quem

2014 4538 2277 4593 constituet
2300 4539 2534 4597 dominus
2561 4546 2671 4616 ejus
2694 4562 2849 4617 super
2874 4550 3075 4604 domum
3094 4569 3240 4607 suam
3258 4554 3477 4626 (Matth.
3504 4559 3597 4615 2‘.

2010 4628 2142 4699 ιδῃ
2170 4628 2402 4687 Rursum
2439 4634 2597 4690 verba
2628 4635 2918 4695 dubitantis
2962 4651 3123 4708 sunt,
3149 4646 3248 4699 etsi
3277 4648 3367 4717 qui
3424 4648 3599 4721 loqui-

2013 4730 2098 4776 tur
2138 4722 2269 4777 nihil
2322 4723 2573 4781 dubitans
2620 4743 2684 4784 ea
2715 4729 2949 4800 proferat
2979 4751 2992 4786 :
3021 4736 3115 4792 sed
3153 4739 3598 4807 quemadmodum

2009 4826 2130 4867 cum
2160 4813 2375 4870 Petrum
2407 4817 2756 4890 interrogaret
2780 4839 2905 4879 num
2935 4840 2995 4881 se
3031 4826 3306 4899 diligeret,
3340 4848 3444 4887 non
3475 4834 3599 4891 ideo

2008 4905 2378 4961 sciscitabatur
2405 4910 2545 4978 quod
2574 4913 2734 4968 vellet
2758 4913 3002 4984 discipuli
3031 4934 3266 4975 amorem
3290 4925 3593 4995 explorare,

2008 4993 2101 5049 sed
2135 5005 2191 5050 ut
2216 4999 2417 5067 proprii
2445 5002 2643 5056 amoris
2669 5006 3082 5075 magnitudinem
3112 4993 3426 5081 declararet;
3448 5017 3514 5071 ita
3539 4993 3597 5074 et

2008 5098 2150 5140 nunc
2178 5100 2298 5141 cum
2326 5087 2484 5155 dicit,
2513 5089 2758 5157 Quisnam
2788 5104 2862 5149 est
2881 5096 3046 5165 ﬁdelis
3072 5116 3242 5156 servus
3268 5115 3315 5156 et
3339 5107 3599 5174 prudens!

2007 5186 2112 5227 non
2141 5174 2246 5231 hoc
2298 5178 2374 5231 ait
2396 5218 2410 5239 ,
2441 5180 2581 5248 quod
2613 5182 2661 5236 ei
2713 5184 2923 5254 ignotus
2951 5187 3020 5242 sit
3051 5190 3219 5246 tidelis
3269 5208 3331 5249 ac
3358 5199 3593 5265 prudens

2007 5278 2214 5332 servus,
2247 5266 2342 5321 sed
2367 5268 2507 5338 quod
2534 5273 2820 5330 ostendere
2847 5276 3007 5343 velit,
3036 5294 3195 5350 quam
3226 5285 3330 5338 rari
3350 5287 3458 5339 siut
3487 5286 3591 5342 hu-

2000 5352 2231 5422 jusmodi
2261 5358 2435 5424 servi,
2465 5370 2521 5414 et
2558 5372 2759 5430 quanta
2801 5366 2872 5421 sit
2899 5367 3040 5424 illius
3092 5355 3429 5441 magistratus
3466 5394 3587 5434 am-

2005 5444 2230 5512 plitudo.
2262 5446 2392 5503 Vide
2435 5450 2614 5523 itaque
2652 5466 2905 5525 quantum
2934 5459 3004 5515 sit
3047 5467 3321 5532 praemium
3365 5486 3377 5521 :
3420 5468 3590 5542 Super

2003 5537 2193 5605 omnia,
2243 5538 2448 5611 inquit,
2478 5543 2609 5599 bona
2635 5563 2729 5602 sua
2749 5551 3012 5607 constituet
3052 5570 3185 5610 eum.

2064 5669 2800 5760 lecﬁLplurimi_§§.
2841 5691 2889 5734 tu
2914 5687 3077 5738 Morel.
3118 5698 3169 5742 et
3210 5692 3332 5757 aliis,
3377 5698 3589 5760 [manto-

380 5695 395 5724 ί
538 5696 547 5705 .
779 5700 788 5710 .
980 5703 990 5713 .
1044 5704 1054 5713 .
1177 5708 1186 5718 ,
2065 5692 2082 5701 -
2117 5692 2191 5721 alt;
2209 5692 2349 5724 iam.
2393 5692 2444 5725 et
2479 5692 2668 5738 plurimi
2692 5692 2800 5733 MSS.

419 5699 464 5740 In
489 5692 671 5756 aliquot
687 5698 1020 5751 codicibuslnc
1043 5717 1286 5779 insuatur,
1300 5715 1522 5772 Joannes,
1536 5715 1728 5788 supple,
1745 5718 1897 5781 (hm-
1997 5742 2105 5779 rum
2124 5739 2170 5779 et
2192 5734 2582 5799 propinquorum,
2608 5739 2805 5804 legitur.

380 5763 559 5804 stamus.
583 5770 692 5804 utne
716 5767 791 5804 est
809 5758 959 5804 altera
984 5763 1204 5804 mllmnu
1232 5784 1435 5804 nni-can
1481 5779 1528 5804 In
1555 5776 1657 5804 .t...
1680 5791 1821 5804 ...υ-η.
2064 5793 2085 5804 -
2474 5799 2484 5804 .

316 5763 559 5816 aestumas,
583 5770 692 5819 quae
716 5767 791 5809 est
809 5758 959 5812 altera
984 5763 1204 5830 colloquii
1229 5758 1837 5835 ρόΐςοὴίίίῇἷιῖἰξέᾶέάὲ.

2064 5793 2085 5823 ³
2116 5791 2302 5859 Αιίᾲιιοὶ
2319 5791 2580 5861 ΜέεηῙιινέ
2594 5791 2813 5859 αεῖἳιιιςιε.
