3942 6358
234 390 335 447 635

307 506 372 577 β’.
398 504 517 558 Ἔτι
550 495 643 557 οῦν
681 499 1119 573 ἀμφισϐητήσεις
1148 500 1280 570 ἡμῖν
1311 496 1405 550 τοῦ
1443 495 1517 567 μὴ
1552 492 1732 558 καλῶς
1760 494 1911 563 ⁴ἡπα-

231 593 448 665 τῆσθαι,
482 593 616 644 πᾶσι
652 588 860 661 μέλλων
892 587 1283 658 ἐπιστήσεσθαι
1307 584 1401 638 τοῦ
1432 581 1568 635 Θεοῦ
1588 584 1700 645 τοῖς
1730 580 1912 652 ὑπάρ-

234 698 409 753 χουσι,
445 680 542 734 καὶ
573 676 745 733 ταῦτα
776 677 1052 749 πράττων,
1082 673 1118 729 ἃ.
1157 675 1252 727 καὶ
1283 673 1372 726 τὸν
1414 671 1619 742 Πέτρον
1652 668 1912 722 ποιοῦντα

235 769 405 840 ἔφησε
449 765 773 840 δυνήσεσθαι
818 765 912 818 καὶ
951 763 1060 817 τῶν
1117 761 1428 816 ἀποστόλων
1485 757 1910 830 ὑπερακοντξσαι

231 858 360 922 τοὺς
378 855 621 919 λοιπούς.
653 853 837 923 Πέτρε
864 851 991 923 γάρ,
1024 852 1177 923 φησὶ,
1200 850 1396 920 φιλεῖς
1417 865 1495 918 με
1528 846 1740 901 πλεῖον
1773 846 1910 900 τού-

232 960 391 1010 twr;
417 944 699 1012 Ποίμαινε
722 941 795 995 τὰ
823 938 1085 1009 πρόϐατά
1108 957 1249 1009 μου.
1280 938 1473 991 Καίτοι
1504 938 1555 1006 γ’
1585 936 1714 1006 ἐνῆν
1737 936 1912 988 εἰπεῖν

234 1033 372 1103 πρὸς
398 1031 579 1096 αὐτὸν,
614 1032 663 1083 εί
697 1028 871 1099 φιλεῖς
916 1045 1003 1098 με,
1052 1027 1311 1099 νηστείαν
1354 1026 1534 1091 άσκει,
1584 1023 1910 1095 χαμευνίαν,

233 1120 539 1193 ἀγρυπνίας
563 1118 865 1180 συντόνους,
892 1117 1191 1188 προΐστασο
1208 1114 1317 1168 τῶν
1338 1113 1732 1184 ἀδικουμένων,
1761 1110 1911 1181 γίνου

233 1211 487 1282 ὀρφανοῖς
516 1208 592 1273 ὡς
629 1207 832 1276 πατὴρ,
873 1205 969 1259 καὶ
1005 1205 1124 1258 ἀντὶ
1166 1202 1359 1275 ἀνδρὸς
1398 1205 1464 1273 τῇ
1503 1202 1672 1273 μητρὶ
1710 1199 1910 1255 αὐτῶν.

234 1298 350 1351 Νῦν
380 1298 437 1351 δέ
465 1297 642 1351 πάντα
667 1294 841 1349 ταῦτα
866 1294 1045 1364 ἀφεὶς,
1081 1292 1133 1346 τί
1167 1308 1334 1360 φησι;
1363 1291 1644 1359 Ποίμαινε
1664 1289 1737 1343 τὰ
1768 1289 1914 1357 πρό-

236 1386 383 1441 ϐατά
406 1403 547 1457 μου.
591 1385 805 1438 Ἐκεῖνα
827 1382 924 1454 μὲν
950 1381 1079 1453 7&9,
1113 1379 1150 1433 ἀ
1176 1382 1456 1450 προεῖπον,
1488 1379 1584 1432 καὶ
1616 1377 1725 1431 τῶν
1750 1378 1915 1449 ἀρχο-

238 1475 415 1548 μένων
452 1473 639 1528 πολλοὶ
672 1470 904 1525 δύναιντ’
940 1469 1007 1523 ἀν
1039 1466 1304 1522 ἐπιτελεῖν
1336 1466 1551 1538 ῥᾳδίως,
1588 1466 1689 1519 ούκ
1720 1464 1914 1535 ἄνδρες

240 1563 420 1634 μόνον,
445 1560 581 1615 ἀλλά
610 1560 705 1613 καί
724 1560 998 1628 γυναῖκες·
1026 1556 1153 1609 ὅταν
1173 1554 1228 1607 δὲ
1260 1553 1586 1624 Ἐκκλησίας
1611 1551 1913 1624 προστῆναι

234 1650 352 1723 δέῃ,
382 1650 475 1702 καὶ
498 1645 686 1717 ψυχῶν
715 1643 1030 1714 ἐπιμέλειαν
1057 1639 1413 1710 πιστευθῆναι
1440 1637 1732 1702 τοσούτων,
1762 1639 1911 1691 πᾶσα

240 1736 339 1808 μέν
386 1738 419 1808 ὴ
461 1732 751 1803 γυναικεία
784 1730 947 1801 φύσις
988 1727 1387 1801 παραχωρείτω
1431 1727 1511 1798 τῷ
1546 1725 1769 1798 μεγέθει
1816 1724 1913 1780 τοῦ

237 1824 582 1897 πράγματος,
618 1820 713 1874 καὶ
746 1819 956 1890 ἀνδρῶν
990 1817 1048 1870 δὲ
1079 1816 1140 1869 τὸ
1171 1816 1353 1868 πλέον·
1392 1814 1715 1885 ἀγέσθωσαν
1746 1815 1805 1870 δὲ
1834 1816 1915 1878 εἰς

240 1912 404 1984 μέσον
432 1911 480 1964 οί
507 1906 687 1978 πολλῷ
709 1907 789 1979 τῷ
818 1905 1004 1977 μέτρῳ
1032 1902 1483 1966 πλεονεκτοῦντες
1506 1902 1784 1969 ἁπάντων,
1819 1903 1915 1957 καὶ

235 1999 487 2053 τοσοῦτον
519 1995 840 2067 ὑψηλότεροι
869 1992 977 2047 τῶν
1005 1991 1180 2046 ἄλλων
1206 1990 1349 2045 κατά
1378 1990 1477 2062 τὴν
1502 1990 1601 2060 τῆς
1623 1990 1800 2062 ψυχῆς
1828 1988 1914 2044 δν-

236 2107 326 2153 τες
366 2087 588 2159 ἀρετὴν,
623 2085 747 2138 ὅσον
788 2080 883 2136 τοῦ
914 2078 1114 2144 παντὸς
1152 2079 1339 2143 ἔθνους
1374 2079 1642 2151 Ἐϐραίων
1679 2078 1822 2133 κατά
1852 2079 1913 2132 τὸ

235 2178 329 2233 τοῦ
361 2176 611 2247 σώματος
639 2171 865 2245 μέγεθος
893 2172 922 2224 ό
947 2169 1140 2234 Σαοὺλ,
1169 2167 1368 2239 μᾶλλον
1393 2167 1451 2221 δὲ
1479 2167 1573 2220 καὶ
1599 2166 1753 2240 [575]
1788 2167 1916 2220 πολ-

235 2267 313 2338 λῶ
345 2265 525 2318 πλέον.
555 2263 647 2333 Μὴ
668 2260 777 2332 γάρ
807 2275 897 2330 μοι
924 2258 1083 2329 μόνον
1110 2256 1430 2327 ὑπερωμίας
1459 2256 1695 2310 ἐνταῦθα
1726 2255 1913 2326 ζητεί-

239 2355 352 2409 σθω
381 2353 594 2424 μέτρον·
633 2348 746 2403 ἀλλ’
773 2348 870 2418 ὅση
921 2345 1058 2416 πρὸς
1098 2344 1169 2399 τὰ
1210 2344 1380 2413 ἀλογα
1413 2343 1521 2399 τῶν
1563 2343 1795 2413 λογικῶν
1820 2345 1914 2399 ἀν-

237 2443 472 2517 θρώπων
491 2444 525 2513 ή
559 2438 810 2510 διαφορὰ,
832 2436 1088 2490 τοσοῦτον
1120 2433 1212 2488 τοῦ
1243 2432 1502 2504 ποιμένος
1527 2435 1621 2487 καὶ
1649 2432 1760 2488 τῶν
1796 2451 1915 2487 ποι-

240 2528 582 2605 μαινομένων
616 2525 760 2579 έστω
788 2523 850 2576 τὸ
887 2523 1073 2594 μέσον,
1103 2522 1192 2575 ῖνα
1231 2521 1306 2592 μὴ
1345 2520 1435 2575 καὶ
1478 2520 1638 2575 πλέον
1671 2538 1723 2574 τι
1752 2521 1911 2575 εἴπω·

235 2618 331 2673 καὶ
361 2616 470 2687 7&9
496 2614 623 2685 περὶ
654 2610 833 2680 πολλῷ
870 2609 1134 2682 μειζόνων
1174 2609 1203 2661 ὁ
1233 2607 1495 2671 κίνδυνος.
1541 2607 1599 2660 Ὀ
1645 2608 1743 2679 μὲν
1780 2609 1916 2681 πρό-

236 2707 376 2759 ϐατα
404 2701 662 2765 ἀπολλυς,
692 2700 726 2772 ἢ
752 2699 930 2752 λύκων
955 2696 1342 2769 ἁρπασάντων,
1366 2695 1399 2765 ἢ
1420 2693 1633 2767 λῃστῶν
1654 2696 1916 2749 ἐπιστάν-

234 2813 365 2859 των,
403 2793 436 2865 ῆ
474 2788 663 2863 λοιμοῦ
705 2787 928 2859 τινος,ἢ
962 2786 1055 2840 καὶ
1096 2784 1255 2840 άλλου
1284 2783 1691 2855 συμπτώματος
1716 2786 1913 2840 ἐπιπε-

237 2884 442 2947 σόντος,
475 2879 628 2951 τύχοι
671 2878 770 2949 μὲν
804 2877 870 2932 ἀν
906 2891 1052 2939 τινος
1100 2875 1197 2928 καὶ
1241 2871 1573 2944 συγγνώμης
1624 2872 1776 2942 παρά
1818 2874 1912 2928 τοῦ

236 2971 426 3043 κυρίου
466 2969 563 3040 τῆς
606 2967 859 3038 ποίμνης·
896 2966 944 3017 εἰ
993 2963 1049 3016 δὲ
1092 2963 1184 3015 καὶ
1216 2961 1372 3032 δίκην
1408 2962 1712 3026 ἀπαιτοῖτο,
1752 2961 1913 3035 μέχρι

234 3060 342 3115 τῶν
362 3057 662 3131 χρημάτων
689 3057 724 3126 ή
758 3054 824 3124 ζη
835 3053 953 3123 μία·
979 3052 1009 3105 ό
1035 3051 1092 3105 δὲ
1118 3049 1440 3122 ἀνθρώπους
1483 3051 1815 3117 πιστευθεὶς,
1852 3053 1913 3106 τὸ

232 3148 450 3218 λογικὸν
474 3144 565 3198 τοῦ
593 3141 832 3214 Χριστοῦ
860 3140 1130 3211 ποίμνιον,
1153 3138 1370 3210 πρῶτον
1401 3138 1499 3208 μὲν
1536 3137 1637 3191 οὐκ
1663 3139 1742 3200 είς
1775 3140 1915 3212 χρη-

237 3253 400 3307 ματα,
432 3233 544 3288 ἀλλ’
572 3234 651 3295 είς
674 3230 773 3301 τὴν
811 3226 1008 3283 ἐαυτόῦ
1044 3225 1222 3297 ψυχὴν
1255 3224 1353 3297 τὴν
1388 3225 1591 3297 ζημίαν
1618 3225 1912 3294 ὑφίσταται

232 3324 370 3394 ὑπὲρ
398 3323 495 3391 τῆς
522 3320 630 3373 τῶν
657 3317 945 3390 προϐάτων
979 3314 1276 3378 ἀπωλείας·
1312 3313 1504 3367 ἔπειτα
1526 3313 1622 3366 καὶ
1644 3313 1735 3367 τὸν
1765 3314 1911 3384 ἀγῶ-

232 3430 299 3465 να
330 3409 507 3478 πολλῷ
548 3406 766 3478 μείζονα
804 3405 897 3459 καὶ
930 3401 1313 3474 χαλεπώτερον
1337 3399 1473 3471 ἔχει.
1506 3402 1580 3453 Οὐ
1619 3399 1729 3473 γὰρ
1762 3402 1912 3475 αὐτῷ

233 3499 372 3570 πρὸς
401 3497 598 3558 λύκους
641 3496 676 3564 ἡ
713 3492 882 3564 μάχη,
910 3490 1032 3544 οὐδὲ
1071 3489 1213 3561 ὑπὲρ
1247 3487 1458 3560 λῃστῶν
1483 3488 1742 3555 δέδοικεν,
1789 3492 1912 3545 οὐδὲ

233 3589 323 3643 ῐνα
364 3584 551 3656 λοιμὸν
580 3581 828 3653 ἀπελάσῃ
864 3580 965 3651 τῆς
998 3578 1235 3649 ποίμνης
1266 3575 1573 3649 φροντίζει·
1603 3578 1742 3632 ἀλλά
1774 3581 1912 3652 πρὸς

232 3676 387 3738 τίνας
429 3675 458 3726 ὁ
488 3671 743 3741 πόλεμος,
780 3669 876 3723 καὶ
920 3666 1060 3739 μετά
1092 3665 1307 3736 τίνωνή
1364 3665 1548 3736 πάλη;
1585 3667 1785 3721 Ἄκουε
1813 3670 1909 3723 τοῦ

239 3762 506 3836 μακαρίου
540 3758 753 3813 Παύλου
785 3756 1055 3824 λέγοντος·
1098 3755 1219 3807 Οὐκ
1267 3752 1439 3807 ἔστιν
1481 3752 1625 3823 ἡμῖν
1655 3754 1694 3823 ἡ
1741 3754 1909 3827 πάλη

235 3850 387 3921 πρὸς
433 3844 577 3918 αἷμα
620 3845 718 3899 καὶ
763 3843 980 3913 σάρκα,
1012 3842 1175 3897 ἀλλὰ
1214 3840 1365 3910 πρὸς
1391 3841 1498 3908 τὰς
1527 3840 1736 3911 ἀρχὰς,
1762 3845 1912 3912 πρὸς

232 3939 340 4005 τὰς
370 3936 679 4002 ἐξουσίας,
721 3932 868 4002 πρὸς
912 3930 1052 3997 τοὺς
1094 3927 1585 3999 κοσμοκράτορας
1627 3929 1733 3983 τοῦ
1768 3932 1912 3985 σκό-

232 4044 376 4093 τους
411 4024 518 4095 τοῦ
571 4019 789 4087 αἰῶνος
817 4019 1054 4085 τούτου,
1096 4016 1248 4085 πρὸς
1283 4017 1356 4070 τὰ
1393 4019 1766 4087 πνευματικά
1801 4018 1912 4089 τῆς

232 4113 524 4183 πονηρίας
550 4111 620 4166 ἐν
642 4109 767 4177 τοῖς
790 4109 1193 4175 ἐπουρανίοις.
1224 4101 1376 4170 Εἶδες
1404 4106 1679 4178 πολεμίων
1708 4107 1909 4181 πλῆθος

230 4200 423 4266 δεινόν,
456 4201 546 4255 καί
579 4199 861 4270 φάλαγγας
890 4194 1109 4267 ἀγρίας,
1148 4194 1210 4247 οὐ
1248 4192 1455 4266 σιδήρῳ
1483 4196 1907 4268 πεφραγμένας,

231 4291 346 4345 ἀλλ’
377 4290 495 4343 ἀντὶ
520 4289 697 4357 πάσης
739 4283 1040 4346 πανοπλίας
1064 4282 1411 4354 ἀρκουμένας
1446 4284 1512 4355 τῇ
1553 4283 1747 4353 φύσει;
1777 4285 1912 4340 Βού-

229 4378 310 4431 λει
342 4376 436 4430 καὶ
458 4376 643 4446 ἓτερον
674 4369 1034 4445 στρατόπεδον
1062 4368 1187 4422 ἰδεῖν
1211 4368 1419 4440 ἀπηνὲς
1441 4370 1533 4424 καὶ
1555 4370 1709 4441 ώμὺν
1732 4371 1909 4447 ταύτῃ

229 4462 593 4537 προσεδρεῦον
624 4463 690 4531 τῇ
724 4459 965 4531 ποίμνῃ;
1012 4456 1109 4509 καὶ
1151 4456 1306 4510 τοῦτο
1331 4456 1438 4508 ἀπὸ
1459 4455 1559 4526 τῆς
1585 4458 1754 4530 αὐτῆς
1787 4459 1907 4530 ὅψει

230 4550 536 4623 περιωπῆς,
572 4549 631 4601 '0
663 4547 771 4618 γὰρ
812 4545 939 4615 περ)⁵
969 4544 1193 4597 ἐκείνων
1218 4545 1351 4616 ἡμῖν
1388 4543 1711 4614 διαλεχθεὶς,
1751 4538 1906 4612 οὗτος

226 4641 324 4693 καὶ
368 4637 588 4698 τούτους
633 4636 765 4704 ἡμῖν
799 4632 1145 4686 ὑποδείκνυσι
1183 4632 1309 4696 τοὺς
1346 4630 1596 4702 ἐχθροὺς,
1639 4625 1743 4687 ὧδέ
1787 4652 1904 4700 πως

226 4727 420 4797 λέγων·
452 4720 686 4790 Φανερὰ
711 4720 843 4774 ἐστι
870 4721 944 4773 τὰ
967 4718 1111 4788 ἔργα
1133 4716 1244 4786 τῆς
1272 4717 1518 4785 σαρκὸς,
1554 4716 1726 4773 ἅτινά
1750 4720 1902 4787 ἐστι,

225 4812 495 4885 πορνεία,
534 4809 796 4882 μοιχεία,
836 4806 1194 4875 ἀκαθαρσία,
1238 4806 1549 4875 ἀσέλγεια,
1582 4805 1905 4862 εἰδωλολα-

223 4904 407 4972 τρεία,
457 4899 816 4973 φαρμακεία,
847 4896 1077 4966 ἔχθραι,
1113 4897 1288 4962 ἕρεις,
1323 4894 1510 4964 ζῆλοι,
1550 4896 1748 4966 θυμοί,
1790 4897 1906 4966 ἐρι-

225 4992 394 5056 θεῖαι,
437 4987 819 5053 καταλαλιαί,
866 4986 1240 5056 ψιθυρισμοί,
1286 4983 1635 5054 φυσιώσεις,
1686 4987 1905 5043 ἀκατα.

224 5078 493 5142 στασὶαι,
517 5077 612 5131 καὶ
642 5077 807 5147 ἕτερα
834 5074 1038 5129 τούτων
1064 5072 1305 5127 πλείονα·
1336 5073 1398 5127 ού
1426 5073 1534 5144 7&9
1562 5074 1740 5128 πάντα
1771 5093 1903 5131 κατ-

226 5166 427 5230 έλεξεν.
458 5165 573 5219 ἀλλ’
592 5166 658 5219 ἐκ
679 5164 886 5218 τούτων
910 5162 1122 5233 ἀφῆκεν
1149 5160 1343 5214 εἰδέναι
1371 5160 1466 5214 καὶ
1491 5160 1561 5215 τὰ
1588 5160 1769 5217 λοιπά.
1793 5165 1901 5218 Καὶ

227 5254 320 5305 ἐπὶ
363 5253 459 5324 μὲν
488 5251 585 5306 τοῦ
624 5251 882 5324 ποιμένος
917 5250 1026 5304 τῶν
1077 5249 1288 5318 ἀλόγων
1327 5249 1378 5302 οί
1430 5248 1744 5320 βουλόμενοι
1787 5251 1902 5306 δια-

224 5339 441 5411 φθεῖραι
478 5341 576 5412 τὴν
606 5340 861 5411 ποίμνην,
894 5340 1023 5396 ὅταν
1049 5338 1200 5392 ἴδωσι
1225 5338 1317 5391 τὸν
1354 5338 1637 5406 ἐφεστῶτα
1675 5340 1902 5409 φεύγον-

222 5439 312 5491 τα,
341 5428 441 5499 τῆν
469 5428 604 5500 πρὸς
629 5429 837 5482 ἐκεῖνον
866 5428 1046 5499 μάχην
1073 5426 1324 5497 ἀφέντες,
1368 5426 1664 5497 ἀρκοῦνται
1698 5432 1762 5500 τῇ
1790 5429 1898 5483 τῶν

225 5513 558 5584 θρεμμάτων
583 5516 826 5587 ἁρπαγῇ·
850 5514 1083 5568 ἐνταῦθα
1108 5513 1186 5577 δὲ,
1213 5512 1315 5567 κᾶν
1336 5511 1551 5567 ἃπασαν
1570 5512 1780 5568 λάϐωσι
1802 5515 1901 5586 τὴν

223 5602 483 5674 ποίμνην,
508 5603 616 5657 οὐδ’
637 5604 780 5660 οὕτω
805 5604 900 5659 τοῦ
930 5604 1185 5675 ποιμένος
1220 5602 1565 5673 ἀφίστανται,
1598 5603 1735 5657 ἀλλά
1766 5605 1903 5676 μᾶλ-

224 5689 317 5744 λον
345 5692 696 5762 ἐφεστήκασι,
725 5694 822 5747 καὶ
841 5693 1000 5747 πλέον
1024 5693 1403 5765 θρασύνονται·
1432 5693 1529 5749 καὶ
1553 5693 1615 5747 ού
1637 5694 1901 5766 πρότερον

227 5775 509 5843 παύονται,
543 5778 651 5841 ’ἐως
679 5780 745 5834 ἂν
783 5782 815 5850 ἦ
848 5781 1225 5836 καταϐάλωσιν
1262 5784 1489 5846 ἐκεῖνον,
1524 5782 1557 5853 ἦ
1592 5781 1888 5854 νικηθῶσιν

227 5861 400 5917 αὐτοί.
433 5867 574 5937 Πρὸς
613 5865 667 5919 δὲ
696 5868 901 5933 τούτοις
933 5868 1001 5921 τὰ
1033 5870 1126 5940 μὲν
1165 5870 1273 5924 τῶν
1298 5869 1586 5942 προϐάτων
1612 5871 1900 5941 νοσήματα

977 381 1339 442 8..10.“ιΝΝ25
1376 376 1867 435 CHRYSOSTOMI
1902 412 1911 429 ε

2076 377 2225 434 IIEP.
2265 380 2816 441 CONSTAN'I'INOP.

3594 394 3701 452 εει

2025 494 2327 581 καθέστηκε
2362 499 2592 571 φανερὰ,
2620 500 2724 555 κᾶν
2752 499 2909 572 λιμὸς
2934 497 2991 573 ᾖ,
3028 502 3129 557 κᾶν
3162 503 3366 576 λοιμὸς,
3397 507 3502 560 κᾶν
3533 509 3702 581 τραῦο

2022 595 2117 673 μα,
2276 581 2629 677 ὁτιδηποτοῦν
2654 584 2841 677 ἕτερον
2922 586 2985 639 τὸ
3009 585 3236 677 λυποῦν·
3266 589 3328 641 ού
3362 580 3603 663 μικρὸν·
3644 595 3701 647 δὲ

2017 663 2175 750 τοῦτο
2199 663 2406 750 δύναιτ’
2438 667 2505 721 ἂν
2529 667 2666 740 πρὸς
2691 663 2791 740 τῆν
2819 670 2929 723 τῶν
2950 671 3313 742 ἐνοχλούντων
3350 677 3699 750 ἀπαλλαγήν.

2023 748 2180 801 Ἔστι
2209 748 2266 802 δέ
2295 767 2347 802 τι
2378 751 2470 804 καὶ
2496 750 2683 823 ἓτερον
2713 751 2905 807 τούτου
2939 754 3143 825 μεῖζον,
3169 757 3232 810 τὸ
3266 758 3453 814 ποιοῦν
3476 748 3702 833 ταχεῖαν

2020 831 2120 901 τῆς
2169 833 2480 904 ἀρρωστίας
2523 836 2741 907 ἐκείνης
2780 838 2880 909 τὴν
2920 836 3094 894 λύσιν.
3135 842 3201 893 Τί
3237 841 3296 896 δὲ
3342 844 3499 897 τοῦτό
3539 831 3702 914 ἐστις

2021 914 2169 967 Μετὰ
2194 915 2391 986 πολλῆς
2422 918 2519 988 τῆς
2552 917 2799 984 ἐξουσίας
2826 922 3304 990 καταναγκάζουσι
3348 925 3420 980 τά
3450 928 3704 998 πρόϐατα

2020 1002 2068 1053 οἱ
2094 1003 2349 1072 ποιμένες
2374 1003 2624 1073 δέχεσθαι
2645 1004 2742 1075 τὴν
2772 1006 3034 1078 ἰατρείαν,
3067 1008 3197 1062 ὅταν
3225 1008 3422 1063 ἑκόντα
3462 1012 3537 1083 μὴ
3562 1013 3703 1066 ὐπο-

2024 1084 2180 1158 μένῃ.
2208 1087 2316 1139 Καὶ
2343 1086 2452 1157 γάρ
2483 1086 2643 1158 δῆσαι
2669 1087 2908 1153 εὔκολον,
2941 1091 3069 1143 ὅταν
3104 1091 3305 1145 καῦσαι
3343 1093 3462 1166 δέῃ,
3491 1096 3587 1148 καί⁵
3618 1097 3707 1148 τέ-

2024 1173 2145 1239 μεῖν
2172 1171 2264 1224 καὶ
2289 1170 2522 1240 φυλάξαι
2551 1171 2695 1225 ἔνδον
2716 1173 2809 1225 ἐπὶ
2834 1175 3027 1244 χρόνον
3058 1176 3246 1241 πολὺν,
3274 1179 3438 1248 ήνίκα
3460 1179 3525 1233 ἂν
3545 1181 3707 1234 τοῦτο

2023 1255 2296 1328 συμφέρῃ,
2328 1255 2418 1309 καὶ
2453 1256 2649 1327 ἑτέραν
2690 1257 2747 1310 δὲ
2792 1258 2906 1311 ἀνθ’
2935 1259 3130 1331 ἐτέρας
3172 1267 3542 1333 προσαγαγεῖν
3577 1283 3709 1337 τρο-

2022 1340 2148 1410 φὴν,
2186 1341 2282 1394 καὶ
2310 1340 2663 1394 ἀποκωλῦσαι
2697 1343 2974 1413 ναμάτων,
3007 1345 3104 1397 καὶ
3135 1344 3205 1398 τὰ
3238 1346 3375 1401 ἀλλα
3407 1348 3462 1401 δέ
3499 1349 3705 1414 πάντα,

2020 1426 2230 1495 ὅσαπερ
2258 1422 2323 1478 ἂν
2340 1420 2677 1494 δοκιμάσωσι
2698 1425 2835 1498 πρὸς
2860 1427 2959 1498 τὴν
2979 1428 3205 1482 ἐκείνων
3229 1430 3441 1500 ὑγίειαν
3468 1432 3709 1504 συμϐάλ-

2020 1507 2206 1562 λεσθαι
2242 1508 2292 1573 ι’,
2331 1508 2467 1579 μετὰ
2497 1508 2699 1581 πολλῆς
2730 1511 2923 1577 ἄγουσι
2949 1514 3051 1583 τῆς
3076 1512 3345 1578 εὐκολίας.

2096 1591 2246 1665 [374]
2286 1600 2353 1663 γ’.
2398 1592 2509 1657 Τὰς
2540 1592 2597 1646 δέ
2626 1593 2737 1647 τῶν
2778 1594 3084 1667 ἀνθρώπων
3124 1597 3440 1669 ἀρρωστίας
3484 1599 3710 1671 πρῶτον

2028 1676 2125 1747 μὲν
2177 1677 2278 1730 οὐκ
2327 1676 2473 1731 ἐστιν
2499 1677 2773 1749 ἀνθρώπῳ
2805 1679 2985 1749 ῥᾴδιον
3034 1680 3181 1734 ίδεῖν·
3213 1680 3427 1747 οὐδεὶς
3471 1685 3580 1753 γὰρ
3620 1681 3710 1741 οῖ-

2023 1760 2130 1814 δεν
2153 1759 2480 1828 ἀνθρώπων
2518 1760 2591 1815 τὰ
2627 1761 2736 1815 τοῦ
2780 1761 3117 1830 ἀνθρώπου,
3146 1765 3202 1817 εί
3234 1763 3324 1834 μὴ
3369 1763 3439 1819 τό
3465 1767 3711 1836 πνεῦμα

2021 1843 2129 1897 τοῦ
2173 1842 2487 1911 ἀνθρώπου
2524 1845 2589 1897 τό
2625 1844 2697 1897 ἐν
2726 1842 2907 1910 αὐτῷ.
2957 1845 3082 1910 Πῶς
3117 1842 3212 1901 οῦν
3241 1865 3327 1911 τις
3358 1851 3709 1920 προσαγάγοι

2020 1928 2119 1999 τῆς
2145 1927 2303 1981 νόσου
2323 1927 2383 1980 τὸ
2414 1926 2725 1999 φάρμακον,
2758 1922 2827 1999 ἦς
2856 1929 2946 1983 τὸν
2974 1930 3177 2000 τρόπον
3210 1931 3314 1985 οὐκ
3340 1925 3470 1998 οἶδε,
3502 1934 3710 1989 πολλά·

2022 2028 2107 2073 κις
2132 2011 2189 2063 δὲ
2214 2011 2348 2082 μηδὲ
2366 2012 2413 2064 εί
2437 2012 2692 2082 τυγχάνοι
2715 2012 2886 2068 νοσῶν
2909 2012 3208 2086 δυνάμενος
3231 2017 3494 2085 συνιδεῖνς
3529 2020 3711 2073 Ἐπει-

2021 2094 2117 2149 δάν
2144 2095 2199 2148 δὲ
2226 2096 2321 2149 καὶ
2343 2096 2662 2168 καταφανὴς
2685 2096 2933 2168 γένηται,
2957 2099 3080 2152 τότε
3114 2100 3338 2155 πλείονα
3375 2101 3524 2173 αύτῷ
3558 2121 3711 2174 παρ-

2022 2178 2133 2250 έχει
2161 2179 2257 2250 τὴν
2294 2178 2575 2234 δυσκολίαν
2601 2191 2647 2235 ο.
2682 2180 2757 2233 Οὐ
2797 2181 2903 2253 γάρ
2937 2182 3054 2235 ἐστι
3090 2182 3231 2254 μετά
3257 2185 3525 2257 τοσαύτης
3557 2186 3710 2252 ἐξου-

2024 2264 2143 2326 σίας
2178 2263 2424 2328 ἅπαντας
2452 2263 2775 2336 θεραπεύειν
2801 2263 3145 2335 ἀνθρώπους,
3181 2267 3300 2338 μεθ’
3327 2268 3460 2340 ὅσης
3483 2270 3544 2321 τὸ
3574 2271 3711 2340 πρό-

2021 2345 2183 2400 ϐατον
2211 2348 2240 2400 ό
2273 2348 2498 2418 ποιμήν.
2528 2348 2684 2401 Ἔστι
2724 2347 2824 2417 μὲν
2859 2348 2968 2421 7&9
2999 2350 3093 2402 καὶ
3125 2350 3364 2404 ἐνταῦθα
3392 2352 3487 2405 καὶ
3512 2352 3705 2421 δῆσαι,

2021 2430 2115 2483 καὶ
2139 2430 2346 2501 τροφῆς
2377 2431 2652 2503 ἀπεῖρξαι,
2676 2432 2778 2485 καὶ
2803 2428 3024 2497 καῦσαι,
3051 2433 3147 2485 καὶ
3176 2436 3386 2503 τεμεῖν·
3417 2433 3532 2490 ἀλλ’
3553 2436 3589 2507 ἡ
3613 2435 3712 2499 ἐξ·

2020 2512 2177 2566 ουσία
2213 2512 2307 2566 τοῦ
2335 2513 2589 2578 δέξασθαι
2629 2513 2728 2585 τὴν
2753 2514 2996 2586 ἰατρείαν
3027 2516 3127 2568 οὑκ
3176 2517 3235 2568 ἐν
3259 2516 3338 2587 τῷ
3368 2516 3710 2587 προσάγοντι

2018 2596 2080 2649 τὸ
2113 2596 2425 2668 φάρμακον,
2459 2597 2575 2650 ἀλλ’
2609 2598 2667 2649 ἐν
2698 2596 2774 2668 τῷ
2803 2597 2829 2637 ἀ
2859 2597 3120 2668 κάμνοντι
3152 2602 3352 2654 κεῖται.
3388 2599 3561 2654 Τοῦτο
3589 2601 3708 2672 γὰρ

2022 2682 2116 2735 καὶ
2149 2684 2177 2735 ό
2197 2680 2499 2751 θαυμάσιος
2543 2683 2751 2745 ἐκεῖνος
2781 2680 2923 2753 ἀνὴρ
2958 2681 3205 2747 συνιδὼν,
3240 2684 3554 2754 Κορινθίοις
3589 2684 3711 2737 ἔλε-

2021 2781 2135 2832 γεν·
2174 2767 2256 2819 Οὐ
2282 2764 2391 2834 γὰρ
2424 2764 2774 2833 κυριεύομεν
2805 2774 2828 2803 ο
2872 2763 3041 2833 ὑμῶν
3086 2764 3198 2834 τῆς
3230 2767 3514 2833 πίστεως,
3537 2768 3711 2836 ἀλλὰ

2020 2848 2306 2917 συνεργοί
2344 2848 2534 2918 ἐσμεν
2567 2844 2679 2914 τῆς
2724 2844 2914 2915 χαρᾶς
2951 2845 3140 2914 ὑμῶν.
3177 2847 3428 2901 Μάλιστα
3460 2848 3559 2919 μὲν
3591 2849 3711 2922 γάρ

2021 2935 2275 2990 ἁπάντων
2298 2935 2648 3005 Χριστιανοῖς
2680 2934 2779 2986 οῦκ
2809 2935 3020 3002 ἐφεῖται
3056 2933 3193 3003 πρὸς
3216 2932 3337 3003 βίαν
3362 2934 3711 3006 ἐπανορθοῦν

2016 3017 2086 3071 τά
2117 3017 2225 3071 τῶν
2260 3016 2677 3088 ἁμαρτανόντων
2709 3016 3048 3087 πταίσματα.
3090 3017 3229 3070 Ἀλλ’
3255 3018 3306 3070 οί
3356 3018 3454 3088 μὲν
3499 3018 3712 3083 ἔξωθεν

2017 3102 2268 3156 δικασταὶ
2292 3104 2416 3165 τοὺς
2439 3100 2781 3173 κακούργους
2821 3102 2948 3154 ὅταν
2978 3101 3083 3155 ὑπό
3115 3104 3229 3166 τοῖς
3256 3101 3444 3171 νόμοις
3464 3101 3706 3169 λάϐωσι,

2018 3187 2219 3257 πολλὴν
2270 3184 2670 3238 ἐπιδείκνυνται
2717 3184 2818 3256 τὴν
2867 3183 3137 3250 ἐξουσίαν,
3181 3186 3277 3239 καὶ
3321 3187 3559 3252 ἄκοντας
3587 3192 3712 3254 τοῖς

2017 3268 2240 3340 τρόποις
2287 3266 2559 3320 κωλύουσι
2603 3267 2840 3337 χρῆσθαι
2883 3269 2998 3329 τοῖς
3027 3267 3226 3320 αὐτῶν·
3265 3268 3502 3323 ἐνταῦθα
3544 3269 3605 3323 δὲ
3640 3272 3708 3325 οὐ

2021 3351 2358 3424 βιαζόμενον,
2384 3351 2518 3406 ἀλλά
2548 3352 2806 3419 πείθοντα
2839 3351 2921 3405 δεῖ
2945 3352 3118 3405 ποιεῖν
3152 3351 3366 3421 ἀμείνω
3405 3353 3496 3406 τὸν
3522 3351 3707 3406 10106-

2016 3454 2128 3492 10v.
2162 3436 2299 3491 Οῦτε
2343 3436 2449 3507 7&9
2490 3438 2625 3507 ἡμῖν
2656 3434 2875 3501 ἐξουσία
2913 3435 3152 3504 τοσαύτη
3190 3434 3344 3506 παρὰ
3377 3435 3488 3489 τῶν
3517 3436 3709 3507 νόμων

2016 3518 2224 3575 δέδοται
2272 3519 2407 3590 πρὸς
2446 3518 2507 3572 τὸ
2548 3517 2778 3572 κωλύειν
2812 3517 2942 3581 τοὺς
2982 3516 3421 3589 ἁμαρτάνοντας,
3464 3517 3612 3585 οὔτε,
3652 3523 3708 3574 εῖ

2017 3605 2110 3658 καὶ
2140 3604 2369 3667 ἔδωκαν,
2402 3603 2623 3674 εἴχομεν
2663 3604 2796 3654 ὅπου
2834 3600 3150 3672 χρησόμεθα
3186 3599 3207 3640 ἲ
3233 3603 3301 3672 τῇ
3342 3601 3593 3672 δυνάμει,
3638 3605 3706 3657 ού

2017 3690 2144 3751 τοὺς
2175 3687 2390 3759 ἀνάγκῃ
2424 3688 2521 3756 τῆς
2560 3685 2780 3751 κακίας,
2813 3684 2947 3738 ἀλλά
2984 3684 3111 3748 τοὺς
3143 3684 3468 3756 προαιρέσει
3496 3685 3709 3758 ταύτης

2017 3772 2388 3843 ἀπεχομένους
2420 3772 2444 3811 ε
2464 3768 2852 3839 στεφανοῦντος
2874 3768 2968 3822 τοῦ
2998 3766 3157 3822 Θεοῦ.
3189 3769 3287 3822 Διά
3309 3769 3468 3824 τοῦτο
3497 3769 3707 3842 πολλῆς

2016 3856 2176 3926 χρεία
2212 3855 2312 3925 τῆς
2351 3856 2620 3926 μηχανῆς,
2674 3853 2762 3906 ἵνα
2804 3850 3101 3905 πεισθῶσιν
3143 3852 3171 3893 h
3208 3852 3428 3916 ἑκόντες
3469 3853 3706 3920 ἑαυτοὺς

2017 3938 2240 4009 ὑπέχειν
2270 3939 2395 4000 ταῖς
2420 3936 2574 4008 παρὰ
2598 3935 2708 3989 τῶν
2733 3934 2925 4007 ἱερέων
2953 3932 3273 4007 θεραπείαις
3297 3936 3348 3987 οί
3370 3936 3702 4007 κάμνοντες,

2016 4023 2111 4076 καὶ
2141 4023 2202 4076 ού
2229 4021 2389 4075 τοῦτο
2425 4021 2606 4093 μόνον,
2642 4019 2755 4073 ἀλλ’
2787 4019 2877 4072 ἵνα
2921 4017 3017 4072 καὶ
3053 4017 3216 4089 χάριν
3255 4017 3439 4071 εἰδῶσι
3474 4019 3574 4090 τῆς
3613 4022 3701 4073 ἱα-

2015 4109 2202 4180 τρείας
2228 4108 2433 4169 αὐτοῖς.
2464 4108 2563 4160 Ἀν
2587 4121 2647 4158 τε
2679 4104 2789 4176 γάρ
2816 4120 2947 4157 ποτε
2980 4104 3253 4177 σκιρτήσῃ
3276 4103 3454 4167 δεθεὶς
3484 4103 3705 4175 (κύριος

2015 4194 2124 4265 γάρ
2168 4195 2283 4246 ἐστι
2330 4191 2568 4258 τούτου),
2614 4191 2797 4261 χεῖρον
2844 4188 3142 4259 εἰργάσατο
3186 4188 3248 4241 τὸ
3293 4187 3488 4242 δεινόν·
3524 4190 3591 4243 ἄν
3637 4207 3703 4244 τε

2014 4278 2139 4340 τοὺς
2197 4275 2416 4347 σιδήρου
2454 4274 2610 4344 δίκην
2652 4273 2950 4344 τέμνοντας
2987 4270 3181 4339 λόγους
3234 4275 3696 4346 παραπέμψηται,

2014 4358 2322 4430 προσέθηκε
2349 4357 2440 4412 διὰ
2468 4357 2570 4428 τῆς
2598 4355 3062 4426 καταφρονήσεως
3099 4353 3322 4426 τραῦμα
3350 4355 3558 4428 ἕτερον,
3598 4362 3701 4414 καὶ

2013 4442 2236 4510 γέγονεν
2276 4443 2310 4513 ἡ
2342 4441 2445 4512 τῆς
2479 4438 2774 4512 θεραπείας
2807 4438 3080 4508 πρόφασις
3110 4439 3268 4495 νόσου
3308 4440 3700 4514 χαλεπωτέρας

2016 4524 2292 4588 ὑπόθεσις.
2329 4524 2387 4577 ’0
2405 4522 2514 4594 7&9
2541 4518 2974 4591 καταναγκάζων
3005 4519 3099 4573 καὶ
3121 4520 3324 4575 ἄκοντα
3358 4522 3699 4595 θεραπεῦσαι

2014 4609 2314 4680 δυνάμενος
2345 4608 2447 4662 οὐκ
2470 4606 2608 4660 ἐστι.

2082 4690 2146 4745 δ’.
2176 4691 2242 4745 Τί
2281 4686 2375 4743 οὖν
2417 4687 2483 4743 ἄν
2525 4705 2607 4752 τις
2647 4687 2923 4759 ποιήσειε;
2961 4687 3072 4743 Καὶ
3104 4689 3246 4761 γὰρ,
3278 4688 3345 4743 ἂν
3391 4689 3698 4765 πραότερον

2013 4773 2400 4846 προσενεχθῇς,
2426 4771 2505 4843 τῷ
2531 4771 2732 4844 πολλῆς
2755 4771 3058 4842 ἀποτομίας
3082 4772 3341 4844 δεομένῳ,
3366 4776 3461 4828 καὶ
3490 4776 3563 4848 μὴ
3584 4778 3698 4848 δῷς

2013 4858 2232 4929 βαθεῖαν
2265 4858 2363 4929 τὴν
2386 4856 2601 4928 πληγὴν
2629 4857 2645 4896 ί
2677 4853 2757 4926 τῷ
2778 4853 3034 4925 τοιαύτης
3056 4855 3245 4927 χρείαν
3268 4857 3467 4927 ἔχοντι,
3499 4859 3559 4913 τὸ
3590 4862 3698 4930 μὲν

2011 4938 2363 5010 περιέκοψας,
2392 4938 2453 4991 τὸ
2487 4937 2545 4991 δέ
2579 4936 2797 5008 ἀφῆκας
2828 4934 2923 4989 τοῦ
2951 4935 3289 5008 τραύματος·
3319 4938 3423 4993 κᾶν
3453 4940 3697 5010 ἀφειδῶς

2070 5134 2086 5157 ⁸
2117 5136 2252 5186 Unus
2283 5136 2393 5185 cod.
2414 5135 2486 5184 ὅτι
2507 5135 2683 5192 δήποτε
2697 5131 2752 5181 τὸ
2772 5129 2967 5182 λυποῦν·
2994 5131 3153 5197 ἕτερον
3175 5132 3230 5181 ού
3254 5134 3421 5196 μικρόν

2069 5197 2096 5238 1'
2124 5200 2219 5246 Alii
2242 5198 2583 5260 συμϐαλέσθαι.

2070 5264 2091 5291 ε
2116 5260 2265 5310 Savil.
2281 5258 2571 5323 δυσχέρειαν.

2071 5321 2098 5362 d
2120 5323 2203 5371 Sic
2225 5321 2377 5371 Savil.
2420 5328 2474 5368 et
2494 5331 2667 5368 omnes
2690 5317 2794 5367 fere
2815 5332 2929 5368 mss.
2963 5315 3093 5379 Edit.
3130 5316 3305 5367 Morel.
3337 5319 3442 5368 ἀλλ’
3462 5322 3493 5379 ἢ
3514 5321 3564 5369 ἐν
3594 5325 3660 5379 τῷ

2071 5342 2098 5362 u
2120 5342 2203 5371 διῧ
2225 5342 2377 5371 δὶινιι.
2420 5342 2474 5368 CI.
2494 5342 2667 5368 ("unus
2692 5342 2794 5367 ICIVC
2815 5342 2929 5368 ωδε.
2964 5342 3093 5367 ὓυιι.
3131 5342 3305 5367 ωυινιτι.
3337 5342 3439 5368 ιιιυι-
3462 5342 3493 5379 η
3514 5342 3564 5369 ιν
3594 5342 3690 5372 τω.

2067 5385 2087 5407 ⁸
2107 5383 2190 5453 §ic
2212 5381 2374 5453 Savil._
2404 5386 2457 5430 et
2480 5394 2655 5430 omnes
2696 5378 3174 5453 m§s.‘Morel_.uvql-0
3202 5380 3292 5443 οὐχ
3327 5381 3400 5430 ὅτι
3422 5398 3527 5446 κυρ.
3556 5373 3693 5436 ιοΐὲα

2007 5445 2225 5514 εαξη-..εί
2246 5445 2457 5514 ῳεχὶωξ
2474 5456 2589 5505 pars
2608 5455 2726 5514 (uss:
2745 5442 2941 5514 ἐφεῖται,
2966 5442 3078 5490 aliis
3098 5442 3295 5514 ἐφίεται.

2076 5507 2098 5586 ι
2120 5503 2900 5586 ᾼΡίέίδειιικείᾷιηςεέιιξεεδξιῃεέἰί.
2912 5503 3689 5586 ξειῖλίξέιξξίεξξεαὶίέεεξι·

2076 5520 2088 5546 ι
2120 5520 2221 5556 Αιιι
2241 5520 2351 5555 οποι
2375 5520 2458 5553 και
2475 5520 2782 5616 χρησώμεθα,
2806 5520 2890 5552 am
2915 5520 3035 5551 οπου
3054 5520 3135 5552 και
3151 5520 3227 5569 χρ.
3246 5520 3689 5557 ιηοιιιεκαιαεεδῑ.

2072 5570 2098 5609 ε
2127 5568 2489 5639 ςΛπεχομένους
2513 5575 2684 5639 .lerpm
2706 5565 2969 5639 legepas‘ur
2986 5578 3133 5628 supra
3152 5572 3265 5628 post
3283 5568 3453 5623 κακίας
3465 5603 3480 5628 ,
3499 5568 3696 5618 sedre-

2008 5627 2391 5686 dundanléi','ut
2411 5627 2553 5677 nobis
2577 5629 2731 5677 visum
2762 5633 2855 5676 est.
2883 5627 3022 5676 E011.
3051 5627 3062 5628 ⁷⁷
3161 5627 3168 5628 “
3468 5627 3471 5628 ⁷

2068 5690 2099 5730 ιι
2123 5689 2337 5763 Quidam
2365 5690 2757 5763 ιιιεεηπείσιιζσιν.
2805 5690 2959 5763 Paulo
2997 5694 3110 5763 pogt
3151 5688 3326 5763 φρίττει.
3430 5704 3485 5738 τι
3614 5707 3693 5750 τις

2007 5755 2244 5818 σκιρτήσῃ
2263 5753 2424 5811 δεθεὶς,
2453 5752 2613 5816 κύριος
2644 5752 2696 5799 δέ
2722 5751 2824 5799 ἐστι
2845 5751 3035 5801 τούτου,
3065 5752 3215 5799 SaVil.
3241 5760 3297 5800 ει
3337 5751 3524 5815 aliquo!
3564 5751 3686 5804 inss.

2008 5817 2065 5862 ἄν
2084 5832 2135 5862 τε
2165 5815 2255 5862 γάρ
2271 5830 2389 5862 ποτε
2409 5815 2643 5862 σκιοτῆσῃ
2666 5814 2828 5862 δεθείς.
2845 5813 3005 5862 κύριος
3021 5816 3111 5862 γάο
3133 5813 3254 5862 ἐστι.

2008 5829 2146 5889 ἀντὶ
2165 5830 2255 5877 γαρ
2271 5830 2389 5889 ποτε
2409 5829 2643 5889 σκιρτησῃ
2666 5829 2828 5889 οευεις,
2845 5829 3111 5889 κυριοςιγαρ
3133 5829 3254 5889 εστι.

2074 5876 2089 5917 ἰ
2117 5873 2240 5927 εει·
2265 5882 2318 5927 el.
2343 5873 2539 5938 quidam
2563 5873 2679 5925 mas.
2704 5876 2790 5933 τήν
2807 5873 2976 5938 τομήν.
2996 5873 3095 5926 A‘Iii
3113 5889 3223 5924 cum
3249 5873 3459 5934 Μοιχτήν
3482 5874 3685 5935 πληγήν.
