3942 6384
302 391 400 444 633

379 500 436 555 τὶ.
471 497 582 553 Hoc
600 496 942 552 ministerium
956 494 1070 550 alits
1095 488 1728 548 anteanam—«Etiamne
1747 486 1905 556 igitur

320 605 454 647 nunc
500 588 787 643 nobiseum
814 583 1101 641 contendes
1121 581 1272 653 quasi
1317 590 1368 637 te
1407 578 1546 635 male
1584 578 1636 631 in
1665 577 1903 631 fraudem

322 680 699 752 injecerimus,
750 693 871 731 cum
919 676 1165 730 omnibus
1193 673 1287 729 Dei
1338 671 1490 727 bonis
1538 668 1904 739 praeﬁciendus

322 788 427 835 Sis,
460 771 546 825 illa
572 784 759 840 agens,
805 782 924 836 quae
951 766 1126 836 agenti
1171 765 1325 819 Petro
1366 765 1651 832 potentiam
1691 759 1901 823 indidit,

326 864 638 931 (ueterisque
682 858 939 928 apostolis
982 857 1136 927 longe
1179 853 1499 923 anteposuit.
1547 851 1698 916 Nam,
1728 849 1901 916 Petre,

323 956 520 1025 inquit,
556 970 699 1007 amas
738 968 814 1007 me
852 950 967 1021 plus
1015 948 1133 1004 his?
1171 946 1330 1000 Pasce
1373 960 1485 998 ores
1536 959 1693 997 meas.
1745 939 1904 1009 At.,ui

324 1055 532 1118 poterat
555 1047 632 1101 sic
658 1056 783 1101 eum
810 1043 1007 1112 alloqui
1034 1042 1123 1097 :Si
1145 1055 1292 1094 amas
1322 1054 1437 1103 me,
1464 1037 1661 1106 jejuuia
1689 1048 1901 1101 exerce,

318 1140 459 1195 lmmi
487 1139 647 1204 cuba,
678 1137 885 1208 vigilias
919 1135 1063 1197 cole,
1096 1132 1289 1201 injuria
1321 1129 1524 1185 aﬂ’ectis
1546 1127 1900 1199 patrocinare,

314 1240 431 1287 esto
456 1230 666 1301 pupillis
687 1227 834 1298 quasi
864 1234 1030 1296 pater,
1050 1233 1105 1278 et
1120 1222 1272 1277 matri
1288 1236 1471 1276 eorum
1491 1218 1639 1288 qttasi
1663 1217 1899 1271 maritus.

313 1322 466 1379 Nunc
486 1337 610 1376 vero
637 1320 719 1389 his
740 1316 1112 1389 praetermissis
1149 1314 1417 1378 otnnibus,
1460 1311 1585 1382 quid
1612 1311 1721 1364 ait?
1747 1309 1906 1363 Pasce

320 1431 433 1469 om
460 1430 617 1467 meas.
657 1412 746 1466 Illa
768 1411 912 1466 enim
943 1424 1062 1478 qua!
1090 1422 1247 1477 supra
1277 1406 1385 1460 dixi
1409 1421 1472 1460 cx
1496 1403 1719 1458 subditis
1747 1401 1900 1456 tuulti

320 1505 473 1559 facile
514 1512 767 1574 prmstare
790 1501 1031 1572 possint,
1064 1515 1169 1555 non
1202 1499 1297 1552 viri
1341 1498 1552 1563 solum,
1598 1495 1693 1551 sed
1743 1496 1902 1551 etiam

321 1597 572 1652 mulieres
601 1615 614 1650 :
647 1604 701 1650 at
728 1611 848 1650 cum
878 1593 947 1649 de
971 1593 1222 1648 Ecclesiae
1248 1592 1559 1661 prmfectura
1580 1589 1750 1661 deque
1775 1605 1906 1644 con-

318 1687 587 1744 credenda
613 1696 687 1740 tot
705 1685 1003 1740 animarum
1027 1698 1154 1738 cura
1178 1683 1350 1753 agitur
1367 1723 1382 1749 ,
1413 1681 1626 1737 recedat
1644 1696 1675 1735 a
1699 1681 1904 1750 magni-

324 1783 507 1839 tudine
538 1782 666 1835 tanti
690 1779 886 1850 negotii
918 1787 1060 1832 totus
1086 1776 1368 1831 femininus
1392 1789 1582 1838 sexus,
1617 1773 1725 1827 imo
1745 1773 1903 1827 etiam

326 1877 561 1930 virorum
632 1887 757 1943 pars
827 1871 1097 1935 maxima;
1169 1878 1391 1938 agantur
1432 1867 1484 1921 in
1536 1867 1770 1920 medium
1815 1866 1907 1936 qui

319 1982 510 2038 magno
560 1964 845 2020 intervallo
889 1966 1097 2018 cancris
1141 1960 1391 2015 omnibus
1427 1957 1799 2022 antecellunt,
1850 1949 1908 2012 et

314 2060 403 2128 qui
435 2055 724 2113 secundum
752 2054 914 2108 animi
942 2053 1188 2108 virtutem
1216 2050 1425 2106 caeteris
1450 2058 1597 2104 tanto
1627 2049 1902 2103 sublimio-

320 2167 406 2206 res
445 2157 597 2215 sunt,
640 2156 840 2217 quanto
892 2145 1141 2200 universa
1193 2144 1538 2198 llebrmorum
1592 2150 1749 2212 gente
1776 2140 1907 2196 ΒΑΜ

320 2241 613 2298 secundum
661 2239 905 2310 corporis
942 2236 1312 2309 proceritatem
1367 2236 1446 2306 (l.
1483 2235 1610 2305 Reg.
1640 2234 1730 2290 10.
1769 2233 1903 2304 23);

322 2338 430 2392 imo
480 2344 536 2391 et
572 2336 729 2406 longe
756 2332 961 2405 majori
1012 2330 1205 2401 spatio.
1231 2329 1309 2385 Ne
1334 2328 1463 2383 mihi
1505 2329 1650 2383 enim
1681 2327 1770 2381 hic
1807 2327 1906 2380 lm-

319 2443 589 2483 merorum
618 2424 953 2497 proceritatis
978 2435 1229 2479 mensura
1257 2430 1531 2491 quazratur
1556 2436 1570 2473 :
1600 2418 1694 2475 sed
1713 2428 1909 2489 quanta

318 2522 563 2576 estinter
606 2519 760 2573 bruta
799 2525 853 2572 et
894 2514 1236 2570 rationabiles
1272 2512 1518 2567 homines
1566 2511 1865 2567 differentia
1891 2551 1906 2577 ,

319 2620 522 2666 tantum
548 2610 685 2665 inter
700 2620 965 2678 pastorem
985 2615 1040 2663 et
1054 2622 1148 2663 eos
1173 2606 1260 2677 qui
1276 2614 1564 2675 pascuntur
1585 2606 1651 2658 sit
1664 2604 1912 2658 interval-

319 2705 453 2771 lum,
477 2703 685 2773 nequid
711 2702 938 2771 amplius
954 2700 1129 2755 dicam
1157 2717 1171 2755 :
1193 2713 1315 2753 nam
1331 2698 1397 2753 de
1421 2698 1592 2752 multo
1620 2697 1910 2767 majoribus

319 2794 616 2866 perieulum
640 2802 738 2849 est.
757 2790 1030 2862 Siquidem
1057 2789 1147 2860 qui
1167 2802 1294 2845 oves
1316 2788 1562 2858 perdidit,
1577 2789 1816 2857 autlupis
1836 2801 1913 2841 ra-

325 2887 596 2957 pientibus
615 2928 630 2953 ,
657 2894 747 2940 aut
777 2885 976 2938 furibus
999 2883 1335 2948 instantibus,
1367 2889 1457 2936 aut
1476 2890 1623 2951 peste
1648 2881 1872 2951 quadam
1894 2923 1908 2947 ,

320 2988 412 3033 aut
452 2978 558 3032 alio
585 2976 928 3046 contingente
956 2989 1110 3036 casu,
1146 2975 1377 3044 aliquam
1405 2973 1630 3029 fortasse
1659 2974 1914 3029 veniama

325 3071 546 3126 domino
598 3069 775 3140 gregis
805 3066 1201 3139 impetraverit;
1245 3066 1327 3119 sin
1360 3079 1545 3134 poenas
1574 3063 1662 3119 ille
1702 3064 1912 3133 exigat,

322 3159 547 3230 pecunia
597 3167 798 3212 tantum
838 3156 1220 3211 mulctabitur:
1250 3163 1304 3208 at
1356 3154 1445 3208 ille
1494 3153 1576 3208 cui
1627 3153 1912 3217 homines,

323 3250 656 3306 rationabilis
706 3248 905 3304 Christi
970 3262 1136 3316 grex,
1197 3244 1488 3300 concrediti
1536 3252 1697 3310 sunt,
1746 3245 1917 3314 primo

322 3341 539 3411 quidem
590 3354 686 3409 pro
733 3338 913 3393 ovium
953 3337 1189 3406 pernicie
1226 3350 1331 3390 non
1377 3334 1724 3405 pecuniarum
1754 3373 1772 3400 ,
1823 3334 1917 3389 sed

323 3433 516 3486 animae
545 3446 657 3486 suae
684 3431 945 3499 jacturam
978 3427 1106 3482 facit
1136 3443 1149 3479 :
1180 3425 1373 3481 deinde
1410 3426 1582 3481 multo
1607 3425 1777 3495 majus
1799 3440 1921 3496 gra-

326 3523 550 3592 viusque
575 3530 843 3576 certamen
876 3518 1055 3573 habet.
1099 3517 1215 3571 Non
1265 3530 1386 3570 cum
1427 3516 1567 3585 lupis
1617 3516 1715 3584 ipsi
1748 3529 1919 3584 pugna

326 3623 427 3678 est,
459 3627 559 3667 nec
596 3611 665 3666 de
690 3609 896 3664 furibus
940 3609 1127 3663 metuit
1155 3648 1170 3673 ,
1221 3621 1394 3676 neque
1417 3616 1476 3660 ut
1503 3614 1707 3675 pestem
1738 3606 1919 3674 abigat

328 3721 358 3758 a
394 3717 556 3774 grege
607 3701 868 3756 sollicitus
907 3708 1031 3762 est;
1064 3697 1159 3752 sed
1205 3696 1521 3766 quibuscum
1562 3695 1758 3749 bellum
1805 3695 1918 3761 sit,

332 3804 386 3847 et
427 3792 709 3847 adversum
744 3803 881 3860 quos
917 3788 1057 3842 lucta
1103 3786 1355 3849 ineunda,
1392 3784 1516 3839 audi
1541 3783 1753 3839 beatum
1792 3783 1925 3837 Pan.

340 3886 449 3938 lum
517 3881 785 3938 dicentem
817 3897 831 3933 :
864 3877 987 3933 Non
1033 3886 1106 3930 est
1158 3876 1302 3929 nobis
1363 3874 1499 3928 facta
1533 3873 1773 3927 adversus
1801 3888 1927 3925 sun-

341 3977 544 4048 guinem
571 3982 617 4029 et
666 3988 869 4027 carnem
893 4011 907 4037 ,
957 3970 1045 4025 sed
1084 3969 1325 4022 adversus
1354 3966 1667 4037 principatus
1687 4006 1704 4031 ,
1750 3964 1928 4018 adver-

339 4086 423 4124 sus
474 4075 740 4136 potestates
767 4105 785 4128 ,
843 4063 1083 4117 adversus
1129 4058 1306 4113 mundi
1348 4067 1567 4110 rectores
1613 4056 1929 4110 tenebrarum

339 4159 512 4214 seculi
541 4157 693 4222 huius
721 4195 737 4220 ,
786 4154 1026 4206 adversus
1064 4148 1353 4219 spiritualia
1378 4147 1615 4217 nequitia!
1663 4148 1718 4199 in
1777 4143 1928 4199 σανιδ-

336 4252 492 4306 stibus
519 4246 734 4318 (Ep/tes.
765 4244 819 4299 6.
855 4242 967 4313 l2).
998 4233 1246 4296 Vidistin'
1268 4237 1601 4292 inimicorum
1637 4234 1931 4290 multitudi-

339 4355 463 4396 nem
491 4340 783 4409 ingentem,
814 4333 1103 4405 phalanges
1132 4329 1339 4385 feroces
1368 4345 1472 4383 non
1505 4327 1645 4381 ferro
1676 4327 1929 4391 munitas,

338 4431 434 4488 sed
480 4430 673 4501 quibus
721 4425 916 4481 sufficit
962 4424 1028 4477 ad
1063 4422 1399 4491 omnigenam
1447 4426 1769 4472 armaturam
1819 4417 1930 4486 ipsa

342 4521 577 4580 natura?
638 4519 730 4573 Vis
753 4529 806 4574 et
852 4517 1014 4571 alium
1065 4514 1359 4570 exercitum
1404 4510 1589 4565 videre
1634 4517 1837 4563 trucem
1881 4515 1936 4562 et

343 4618 631 4671 immanem
647 4641 669 4674 ,ι
690 4610 815 4665 huic
849 4608 997 4679 gregi
1026 4605 1365 4661 insidiantem
1389 4602 1413 4656 ?
1442 4603 1614 4673 ipsum
1639 4614 1850 4671 quoque
1869 4614 1935 4653 ex

342 4708 531 4764 eadem
577 4702 791 4774 Specula
818 4699 1134 4768 conspicies.
1165 4695 1294 4751 Nam
1324 4695 1416 4765 qui
1470 4694 1539 4748 de
1581 4707 1740 4762 supra
1780 4691 1937 4746 dictis

347 4799 508 4856 verba
538 4796 700 4861 fecit,
752 4793 799 4848 is
840 4793 953 4862 ipse
987 4799 1042 4845 et
1086 4790 1187 4844 hos
1212 4787 1368 4842 nobis
1407 4786 1591 4841 hostes
1631 4783 1830 4838 indicat
1856 4782 1937 4836 his

351 4892 528 4949 verbis
556 4908 571 4944 :
595 4887 871 4959 Manifesta
906 4894 1023 4938 sunt
1046 4897 1198 4951 opera
1219 4880 1386 4933 carnis
1419 4876 1611 4950 (Colat.
1644 4876 1697 4930 5.
1727 4874 1813 4929 l9.
1843 4874 1934 4928 20.

350 4984 445 5051 21)
476 4999 491 5035 :
520 4994 634 5051 qua:
668 4988 783 5033 sunt
826 4975 1090 5047 fornicatio
1117 5012 1131 5037 ,
1190 4970 1493 5024 adulterium
1519 5007 1538 5034 ,
1570 4966 1891 5021 immunditia
1919 5006 1935 5031 ,

355 5062 677 5148 impudicitia
700 5113 715 5137 ,
772 5068 1028 5124 idolorum
1073 5066 1285 5120 servitus
1307 5104 1321 5129 ,
1353 5061 1648 5130 ueneﬁcium
1677 5101 1692 5126 ,
1719 5058 1938 5112 inimici--

356 5170 439 5220 tite
455 5208 469 5233 ,
495 5164 836 5219 contentiones
858 5202 873 5225 ,
902 5157 1249 5214 aemulationes
1272 5195 1286 5218 ,
1318 5156 1409 5208 ine
1431 5195 1446 5219 ,
1475 5153 1604 5206 rixae
1623 5194 1636 5215 ,
1666 5151 1936 5204 detractio-

352 5275 440 5312 nes
463 5299 479 5324 ,
510 5255 703 5311 susurri
728 5294 742 5318 ,
769 5251 926 5306 animi
953 5259 1172 5303 tumores
1197 5285 1212 5311 ,
1244 5245 1576 5300 dissensiones
1598 5242 1675 5311 (εἰ.
1704 5241 1823 5296 Cor.
1849 5239 1937 5294 l2.

353 5349 448 5415 9.0)
472 5391 486 5415 ,
516 5355 570 5402 et
611 5346 713 5398 alia
745 5343 827 5397 bis
855 5341 1003 5411 plura
1034 5356 1048 5392 :
1080 5352 1249 5407 neque
1286 5335 1427 5391 enim
1450 5335 1624 5388 omnia
1654 5347 1939 5388 enumera-

351 5442 464 5506 vit,
495 5438 589 5495 sed
620 5452 684 5492 ex
737 5435 822 5490 his
872 5432 1027 5487 nobis
1070 5439 1265 5485 caetera
1320 5426 1532 5495 reliquit
1581 5422 1937 5493 intelligenda.

357 5536 524 5588 Porro
575 5528 717 5601 quod
765 5525 833 5581 ad
884 5524 1162 5580 brutorum
1216 5528 1484 5590 pastorem
1526 5517 1796 5585 pertinet,
1848 5514 1939 5584 qui

354 5640 570 5698 gregem
616 5620 841 5692 perdere
871 5617 1089 5680 volunt,
1132 5614 1221 5668 ubi
1273 5611 1455 5666 vident
1500 5609 1803 5678 prmfectum
1854 5606 1936 5660 fu-

355 5697 587 5789 gientem
619 5755 634 5777 ,
679 5726 786 5764 non
841 5708 989 5762 illum
1032 5710 1384 5775 oppugnant,
1416 5699 1510 5755 sed
1561 5698 1690 5754 satis
1743 5697 1941 5752 habent

367 5807 414 5864 si
449 5818 648 5877 pecora
709 5801 917 5872 rapiant
961 5796 1091 5854 :hie
1127 5810 1296 5853 vero.
1344 5793 1444 5849 etsi
1492 5799 1655 5846 totum
1723 5803 1938 5860 gregem

1516 379 1603 434 DE
1642 377 2092 435 SACERDOTIO.
2134 376 2259 432 LIB.
2296 375 2358 430 ll.

3490 380 3594 437 63’:

2012 487 2343 556 abripuerint
2370 528 2386 556 ,
2444 502 2511 542 ne
2561 487 2639 543 sic
2685 485 2896 558 quidem
2953 504 2989 544 α
3032 497 3245 560 pastore
3274 472 3598 559 abstinent,

2009 578 2106 634 sed
2150 578 2317 649 magis
2361 579 2562 634 instant
2625 580 2896 649 magisque
2945 579 3248 647 ferociunt,
3297 597 3397 637 nec
3455 583 3598 651 prius

2011 666 2169 722 finem
2205 668 2405 723 faciunt
2438 685 2594 738 quam
2641 670 2725 723 vel
2761 671 2904 724 illum
2934 672 3316 739 prostravcrint
3342 713 3357 737 ,
3384 673 3468 726 vel
3501 673 3597 741 ipsi

2012 757 2270 829 proﬂigati
2293 759 2505 814 fuerint.
2525 760 2605 813 Ad
2628 759 2741 814 haec
2761 770 2936 816 autem
2966 761 3224 831 pecudum
3247 762 3416 818 morbi
3432 762 3602 816 mani-

2013 848 2126 901 festi
2157 857 2297 911 sunt,
2330 848 2441 903 sive
2470 848 2637 904 fames
2659 849 2748 915 sit,
2775 850 2887 904 sive
2918 852 3100 919 pestis,
3120 852 3232 906 sive
3251 852 3464 916 vulnus,
3488 852 3600 906 sive

2010 938 2152 993 aliud
2174 938 2441 1009 quidpiam
2471 939 2714 995 dolorem
2751 942 2963 1010 pariens
2996 960 3010 996 :
3051 943 3100 995 id
3133 952 3309 997 autem
3338 959 3442 998 non
3475 958 3592 996 mo-

2012 1028 2132 1083 dico
2173 1030 2478 1100 adjumeuto
2529 1041 2610 1085 est
2652 1034 2719 1087 ad
2763 1034 3090 1103 {Pgt'lltltllnl‘i
3126 1037 3477 1091 curationem.
3507 1037 3603 1092 Est

2011 1127 2062 1173 et
2112 1120 2254 1174 aliud
2304 1120 2405 1176 hoc
2434 1122 2766 1176 Commodius
2800 1123 2867 1177 ad
2920 1125 3161 1194 quemvis
3201 1127 3445 1182 morbum
3492 1135 3599 1184 cito

2011 1210 2351 1281 abigendum.
2400 1213 2539 1282 Quid
2569 1214 2730 1270 illud?
2773 1216 2955 1286 Magna
3008 1233 3128 1272 cum
3176 1228 3435 1288 potestate
3504 1238 3599 1290 pa-

2011 1311 2185 1357 stores
2214 1303 2442 1372 pecudes
2469 1319 2594 1360 suas
2619 1316 2917 1376 porrectam
2947 1308 3260 1363 medicinam
3294 1326 3485 1380 capere
3506 1328 3601 1366 co-

2011 1400 2138 1462 gunt
2164 1432 2182 1458 ,
2225 1393 2432 1449 etiamsi
2461 1395 2743 1450 obsistant.
2772 1396 2902 1451 Nam
2940 1397 3090 1453 facile
3142 1399 3304 1469 ligare
3346 1413 3596 1470 possunt,

2010 1483 2055 1538 si
2101 1482 2414 1551 adustione,
2459 1486 2503 1541 si
2552 1488 2789 1541 sectione
2841 1502 2975 1558 opus
3016 1489 3128 1556 sit,
3158 1491 3201 1544 si
3232 1492 3319 1545 diu
3374 1494 3603 1548 inclusas

2011 1588 2228 1632 servare
2255 1587 2502 1648 Oportcat
2522 1621 2537 1646 ,
2567 1587 2622 1634 et
2647 1580 2792 1634 aliud
2823 1596 2918 1650 pro
2961 1582 3068 1637 alio
3096 1585 3342 1652 pabulum
3370 1587 3561 1641 offerre
3584 1628 3599 1652 ,

2011 1668 2055 1723 si
2084 1668 2297 1739 abigere
2333 1684 2364 1722 a
2392 1670 2520 1724 rivis
2547 1685 2801 1741 aquarum
2833 1690 2846 1726 :
2875 1682 3176 1742 cazteraqne
3205 1677 3382 1729 omnia
3418 1718 3433 1742 ,
3479 1696 3598 1747 qua:

2012 1761 2323 1817 censuerint
2348 1762 2415 1817 ad
2458 1762 2669 1818 illarum
2696 1765 3114 1821 incolumitatem
3159 1767 3424 1835 Conferre,
3459 1772 3602 1824 tudio

2013 1852 2226 1921 negotio
2253 1853 2556 1908 admovent.

2084 1946 2136 2001 ὅ.
2166 1944 2410 2016 Magnum
2435 1956 2483 2000 et
2510 1946 2868 2002 admirandum
2895 1950 3121 2002 animum
3146 1952 3412 2018 requirere.
3442 1983 3513 1992 —
3535 1956 3603 2007 At

2013 2035 2287 2093 hominum
2341 2037 2677 2092 infirmitates
2731 2039 2867 2095 haud
2912 2039 3066 2095 facile
3121 2042 3279 2096 homo
3326 2047 3530 2099 noverit
3588 2063 3601 2099 :

2016 2127 2209 2184 Nullus
2254 2129 2386 2183 enim
2440 2130 2697 2183 hominum
2728 2131 2860 2184 nouit
2905 2147 3017 2200 qua:
3045 2143 3159 2185 sunt
3206 2134 3421 2187 hominis
3450 2177 3464 2199 ,
3506 2138 3604 2189 nisi

2012 2221 2221 2291 spiritus
2251 2219 2469 2274 hominis
2495 2260 2509 2285 ,
2540 2221 2628 2291 qui
2681 2231 2755 2276 est
2797 2222 2849 2274 in
2878 2220 2967 2275 illo
2999 2221 3079 2292 (Ι.
3108 2222 3227 2277 Cor.
3256 2224 3310 2277 2.
3345 2206 3456 2295 ίί).
3503 2226 3604 2291 Qui

2014 2311 2177 2382 igitur
2204 2312 2373 2382 possit
2396 2313 2656 2383 quiSpiam
2704 2313 2997 2368 remedium
3045 2314 3329 2371 admovere
3374 2319 3560 2373 morbo
3586 2361 3602 2386 ,

2023 2403 2175 2471 cujus
2218 2403 2434 2458 modum
2484 2420 2591 2458 non
2621 2405 2802 2471 novit,
2856 2419 2979 2459 cum
3024 2405 3185 2460 etiam
3213 2421 3452 2476 persaepe
3481 2424 3606 2463 ues-

2016 2496 2127 2551 eire
2146 2496 2322 2565 possit
2341 2512 2408 2551 an
2436 2505 2659 2567 aegrotet
2688 2497 2899 2551 necne?
2929 2498 3063 2551 Cum
3092 2512 3251 2566 porro
3282 2509 3439 2553 notus
3467 2516 3609 2554 mor-

2016 2588 2117 2644 bus
2144 2598 2226 2643 est
2250 2630 2265 2655 ,
2303 2598 2427 2644 tunc
2456 2589 2626 2660 majus
2659 2590 2923 2660 negotium
2965 2592 3197 2646 facessit.
3248 2592 3431 2662 Neque
3460 2595 3607 2649 enim

2016 2690 2241 2751 possunt
2286 2682 2509 2752 quilibet
2548 2682 2792 2738 homines
2842 2683 2954 2752 pari
3008 2683 3260 2739 facilitate
3305 2688 3515 2752 curari,
3545 2703 3609 2743 ac

2020 2781 2199 2841 pastor
2221 2784 2372 2827 curat
2395 2787 2570 2829 ovem.
2606 2774 2701 2829 llic
2725 2773 2867 2827 enim
2895 2788 3028 2843 opus
3055 2775 3277 2845 perinde
3310 2785 3393 2831 est
3421 2778 3602 2846 ligare,

2017 2861 2087 2919 ab
2109 2864 2362 2919 alimento
2386 2865 2619 2934 abigere,
2651 2879 2807 2919 urere
2824 2905 2840 2931 ,
2868 2879 3085 2931 secare;
3110 2866 3202 2920 sed
3230 2875 3462 2936 potestas
3491 2884 3607 2924 me-

2019 2956 2210 3012 dicinae
2226 2957 2550 3028 accipiendae
2583 2973 2684 3010 non
2730 2973 2896 3025 penes
2924 2958 3065 3010 illum
3085 2967 3169 3013 est
3192 2959 3279 3028 qui
3310 2960 3603 3014 remedium

2020 3048 2312 3114 admovet,
2358 3049 2450 3103 sed
2480 3064 2644 3118 penes
2681 3049 2829 3102 illum
2862 3050 2951 3118 qui
2999 3051 3185 3103 morbo
3232 3049 3454 3104 laborat.
3499 3050 3609 3105 lloc

2020 3140 2164 3195 enim
2211 3154 2332 3193 eum
2387 3148 2570 3193 nosset
2623 3138 2969 3192 admirandus
3030 3139 3119 3194 ille
3169 3140 3283 3204 vir,
3324 3140 3610 3196 Corinthiis

2021 3230 2268 3285 dicebat:
2295 3228 2413 3284 Non
2434 3231 2568 3284 enim
2596 3230 2918 3283 dominamur
2942 3229 3062 3297 ﬁdei
3090 3238 3264 3284 ucstra:
3288 3272 3302 3296 ,
3334 3230 3423 3283 sed
3449 3232 3605 3301 adju-

2026 3330 2158 3374 tores
2192 3337 2367 3373 snmus
2418 3321 2595 3390 gaudii
2630 3321 2781 3374 vestri
2826 3318 2905 3391 (2.
2934 3319 3051 3374 Cor.
3083 3321 3135 3374 1.
3160 3318 3274 3390 2'5).
3300 3318 3612 3376 Christianis

2025 3409 2169 3464 enim
2223 3409 2442 3463 minime
2478 3409 2715 3463 omnium
2770 3409 2891 3464 licet
2942 3408 3135 3464 delicta
3193 3411 3520 3479 peccantium
3563 3414 3613 3466 vi

1992 3501 2336 3557 ’emendare.
2369 3501 2553 3556 Exteri
2591 3502 2806 3572 quidem
2832 3500 3040 3571 judices
3074 3501 3404 3556 facinorosos
3446 3503 3616 3557 horni-

2028 3610 2163 3661 nes,
2205 3596 2295 3665 qui
2335 3594 2629 3649 secundum
2683 3594 2827 3665 leges
2860 3595 2998 3663 capti
3030 3603 3154 3648 sunt
3188 3635 3202 3661 ,
3252 3609 3440 3664 magna
3493 3609 3612 3649 cum

2028 3687 2345 3741 auctoritate
2417 3685 2700 3751 cohibent,
2744 3699 2806 3740 ac
2832 3685 2914 3739 vel
2941 3685 3133 3738 invitos
3172 3700 3203 3739 a
3243 3685 3480 3739 moribus
3507 3687 3616 3755 pri-

2030 3780 2182 3833 stinis
2208 3786 2431 3832 arcent:
2466 3778 2553 3832 hic
2588 3786 2765 3832 autem
2805 3792 2912 3831 non
2951 3778 3001 3832 vi
3042 3777 3293 3831 adactum
3319 3818 3333 3841 ,
3363 3777 3460 3831 sed
3491 3790 3615 3845 per-

2031 3886 2249 3927 suasum
2291 3870 2589 3941 hujusmodi
2640 3869 2910 3925 hominem
2965 3878 3177 3939 oportet
3221 3869 3288 3924 ad
3337 3869 3615 3924 meliorem

2034 3962 2238 4033 frugem
2291 3977 2569 4018 revocare.
2600 3961 2716 4017 Non
2747 3962 2890 4016 enim
2936 3970 3079 4015 tanta
3120 3961 3273 4015 nobis
3325 3959 3546 4015 facultas
3589 3975 3620 4014 a

2035 4054 2244 4124 legibus
2293 4053 2453 4107 datur
2512 4052 2578 4106 ad
2651 4052 3019 4121 delinquentes
3093 4051 3465 4114 coercendos;
3514 4051 3621 4103 imo

2034 4143 2243 4199 etiamsi
2297 4143 2612 4206 dedissent,
2642 4157 2747 4196 uon
2778 4154 3061 4210 possemus
3101 4141 3186 4194 illa
3230 4141 3303 4193 uti
3328 4179 3345 4206 ,
3385 4139 3623 4208 quando-

2036 4236 2249 4305 quidem
2282 4236 2421 4288 Deus
2445 4248 2550 4287 non
2580 4248 2675 4286 eos
2702 4241 2942 4296 coronat,
2962 4231 3048 4300 qui
3074 4232 3123 4284 vi
3147 4230 3315 4284 abacti
3338 4246 3366 4283 a
3389 4230 3622 4299 nequitia

2037 4326 2345 4390 abstinent,
2389 4324 2483 4379 sed
2508 4339 2602 4378 eos
2631 4363 2647 4387 ,
2683 4324 2771 4393 qui
2832 4339 2896 4377 ex
2930 4323 3097 4377 libero
3143 4324 3415 4392 proposito
3452 4323 3519 4377 ab
3560 4338 3623 4378 ea

2040 4417 2327 4472 declinant.
2355 4415 2710 4482 Quamobrem
2751 4414 2914 4468 multa
2941 4413 3152 4484 quidem
3180 4423 3296 4469 arte
3323 4428 3455 4484 Opus
3502 4423 3581 4469 est
3607 4455 3620 4479 ,

2041 4516 2099 4563 ut
2142 4506 2267 4577 aegri
2298 4505 2628 4561 sacerdotum
2663 4505 2915 4560 remediis
2960 4503 3194 4559 libenter
3251 4518 3310 4557 se
3362 4504 3626 4573 subjicere

2042 4596 2365 4652 suadeantur
2393 4614 2406 4648 :
2438 4610 2610 4665 neque
2639 4594 2688 4648 id
2719 4598 2888 4649 solum
2908 4635 2926 4661 ,
2953 4593 3045 4648 sed
3092 4605 3149 4648 ut
3174 4596 3331 4648 etiam
3383 4594 3484 4648 illis
3514 4608 3624 4647 me-

2044 4688 2178 4743 delac
2201 4689 2429 4758 gratiam
2474 4686 2723 4741 habeant.
2774 4684 2905 4738 Nam
2933 4685 2978 4739 si
3008 4685 3127 4754 quis
3177 4684 3386 4739 vinctus
3430 4684 3631 4740 resiliat

2045 4780 2121 4850 (id
2161 4779 2302 4834 enim
2335 4793 2497 4848 penes
2526 4779 2696 4847 ipsum
2724 4777 2851 4846 est),
2895 4776 3113 4846 gravius
3163 4776 3264 4830 sibi
3302 4775 3499 4830 malum
3548 4774 3630 4828 ef-

2046 4872 2197 4937 ficit;
2239 4871 2286 4926 si
2325 4870 2597 4925 monentis
2625 4866 2817 4930 verba,
2853 4866 2980 4923 ferri
3034 4883 3183 4920 more
3212 4867 3441 4921 secantia
3470 4906 3484 4929 ,
3541 4881 3629 4920 re-

2045 4961 2250 5031 spuerit
2276 5001 2290 5025 ,
2321 4969 2626 5028 eontemptu
2682 4973 2781 5012 suo
2813 4957 2956 5011 aliud
2987 4957 3089 5012 sibi
3115 4958 3304 5010 vulnus
3334 4956 3533 5025 adjicit,
3568 4972 3632 5011 ac

2046 5052 2268 5106 medela:
2305 5050 2585 5106 occasione
2627 5048 3039 5104 vehementioris
3067 5048 3236 5101 morbi
3263 5062 3419 5100 causa
3461 5048 3633 5098 nasci-

2049 5154 2134 5196 tur
2163 5160 2175 5195 :
2206 5156 2378 5211 neque
2407 5136 2548 5195 enim
2585 5149 2670 5193 est
2696 5139 2785 5209 qui
2815 5139 2921 5192 vim
2947 5136 3134 5212 aderat
3162 5177 3175 5202 ,
3209 5150 3309 5191 nec
3330 5135 3418 5206 qui
3444 5148 3632 5189 curare

2048 5237 2272 5291 invitum
2322 5233 2510 5303 possit.

2118 5326 2172 5381 4.
2206 5326 2335 5380 Rem
2381 5339 2484 5377 esse
2534 5317 2739 5392 plenam
2789 5318 3132 5390 difﬁcultatum
3176 5333 3238 5370 ac
3276 5315 3636 5383 periculorum.

2046 5446 2119 5456 —
2136 5414 2271 5483 Quid
2301 5414 2458 5485 igitur
2477 5412 2737 5483 agendum
2759 5411 2782 5464 ?
2802 5409 3013 5465 Etenim
3063 5408 3108 5469 si
3139 5406 3320 5461 mitius
3363 5418 3489 5474 agas
3515 5418 3638 5459 cum

2046 5524 2133 5573 eo,
2159 5507 2249 5578 qui
2266 5519 2453 5575 magna
2479 5503 2717 5559 sectione
2760 5517 2893 5570 Opus
2924 5500 3103 5566 habet,
3133 5512 3305 5567 neque
3325 5495 3637 5567 profundam

2047 5615 2182 5671 epos
2212 5596 2422 5651 habenti
2453 5595 2660 5665 plagam
2688 5593 2912 5663 infligas,
2939 5600 3143 5658 partem
3192 5587 3431 5643 vulneris
3457 5586 3640 5639 abstn—

2049 5693 2172 5756 listi,
2190 5698 2395 5760 partem
2426 5685 2715 5756 reliquisti;
2746 5686 2827 5738 sin
2856 5683 3160 5751 requisitam
3179 5681 3466 5737 sectionem
3494 5692 3642 5749 pror-

2049 5797 2141 5839 sus
2161 5781 2491 5850 adhibueris,
2510 5794 2661 5853 serpe
2694 5778 2781 5834 ille
2807 5776 3007 5833 doloris
3057 5773 3382 5847 impatientia
3409 5771 3642 5827 animum
