3942 6390
357 365 460 425 635

355 472 719 545 despondeas,
742 475 989 531 omnibus
1034 474 1314 531 confertim
1352 475 1584 544 rejectis,
1609 484 1725 529 tum
1769 473 1939 529 medi-

353 567 495 634 cina,
529 576 640 623 tum
696 567 965 639 ligamine,
999 568 1231 637 seipsum
1270 567 1590 638 prmcipitem
1628 566 1793 634 dabit,
1819 581 1950 622 cou-

356 660 483 717 trito
502 659 630 731 jugo
649 674 715 715 ac
752 659 1022 717 confracto
1070 659 1300 714 vinculo.
1346 658 1604 729 Equidem
1635 659 1829 713 multos
1854 674 1944 714 re-

354 764 577 806 censere
599 765 812 821 possem
852 751 904 805 in
948 759 1185 805 extrema
1223 749 1359 804 mala
1407 749 1682 816 deductos,
1708 749 1851 820 quod
1879 751 1948 807 ab

356 846 435 899 eis
460 858 615 913 pruna
662 843 892 914 peccatis
920 857 1017 913 par
1048 849 1441 912 exposceretur.
1492 841 1674 912 Neque
1697 842 1836 897 enim
1863 851 1944 896 te~

354 951 502 993 mere
529 935 596 991 ad
627 945 958 1006 peccatorum
981 934 1192 988 modum
1219 942 1429 1002 Oportet
1469 943 1523 988 et
1550 948 1759 1003 pteuam
1788 933 1944 987 adhi-

355 1027 526 1096 bere;
575 1027 670 1082 sed
702 1026 1026 1097 peccantium
1052 1026 1377 1096 propositum
1427 1024 1809 1107 explorandum
1837 1034 1940 1092 est,

358 1137 447 1190 ne,
468 1122 592 1177 dum
619 1121 760 1192 quod
789 1122 1012 1176 scissum
1056 1129 1138 1175 est
1178 1135 1439 1175 censuere
1482 1121 1582 1185 vis,
1624 1121 1940 1175 deteriorem

355 1213 638 1268 scissuram
667 1209 852 1277 facias,
877 1225 1002 1276 neu,
1032 1209 1157 1264 dum
1176 1209 1383 1279 lapsum
1423 1210 1709 1264 emendare
1734 1207 1937 1274 studes,

354 1305 609 1373 majorem
637 1304 846 1358 ruinam
869 1317 1040 1372 pares.
1060 1301 1192 1357 Nam
1209 1303 1295 1373 qui
1316 1302 1509 1356 infirmi
1531 1311 1652 1356 sunt
1667 1315 1729 1355 ac
1750 1301 1940 1355 remis-

353 1393 420 1459 si,
446 1394 718 1465 magisque
741 1393 921 1449 mundi
947 1393 1153 1447 deliciis
1178 1392 1391 1457 irretiti,
1434 1393 1633 1463 quique
1653 1409 1713 1447 ex
1745 1407 1939 1462 genere

352 1495 409 1543 et
435 1487 669 1558 potentia
708 1487 872 1542 altum
894 1501 1083 1556 sapere
1110 1495 1348 1555 possunt,
1381 1485 1414 1540 ii
1438 1486 1632 1541 sensim
1664 1486 1939 1555 paulatim-

357 1592 462 1648 que
489 1592 518 1630 a
549 1576 803 1647 peccandi
832 1576 1215 1632 consuetudine
1244 1576 1463 1641 retrahi,
1483 1592 1546 1631 ac
1574 1577 1617 1630 si
1646 1591 1751 1631 non
1782 1576 1935 1646 peni-

355 1679 461 1736 tus,
496 1670 688 1739 partim
711 1670 897 1725 saltem
924 1671 992 1724 ab
1037 1670 1123 1736 iis,
1179 1669 1370 1740 quibus
1412 1668 1736 1737 detinentur,
1782 1669 1936 1724 malis

353 1759 565 1816 liberari
596 1761 800 1829 possint
824 1776 840 1815 :
865 1760 1055 1830 quibus
1080 1761 1125 1814 si
1153 1760 1328 1815 statim
1349 1761 1741 1829 correptionem
1773 1761 1929 1815 indu-

352 1868 466 1919 cas,
508 1853 666 1907 etiam
699 1854 905 1908 minore
955 1854 1039 1908 illa
1073 1853 1442 1908 emendatione
1468 1853 1713 1922 privabis.
1745 1853 1932 1907 Anima

349 1945 547 2015 quippe
567 1945 845 2000 confestim
889 1946 942 2000 in
970 1946 1216 2000 ruborem
1244 1954 1356 1999 acta
1391 1946 1444 1999 in
1488 1945 1827 2000 indolentiam
1858 1946 1934 2000 la-

352 2035 514 2102 bitur,
547 2051 717 2106 neque
745 2035 954 2090 blandis
981 2045 1161 2105 postea
1208 2036 1387 2090 verbis
1426 2045 1593 2105 paret,
1628 2051 1798 2106 neque
1829 2036 1931 2089 nti-

354 2126 437 2181 nis
460 2126 705 2193 flectitur,
734 2141 833 2180 nec
851 2127 1121 2181 beneﬁciis
1151 2137 1428 2191 movetur;
1461 2126 1555 2180 sed
1595 2127 1759 2181 multo
1780 2126 1930 2181 dcte-

354 2215 464 2270 rior
489 2214 720 2269 efﬁcitur
762 2216 850 2269 illa
877 2216 1086 2271 civitate
1108 2257 1124 2282 ,
1160 2231 1315 2286 quam
1343 2215 1597 2286 propheta
1626 2216 1932 2287 vituperans

351 2307 564 2361 dicebat
595 2324 607 2360 :
651 2306 815 2361 Facta
847 2316 921 2362 est
946 2308 1031 2361 tibi
1075 2312 1216 2379 fraus
1245 2309 1540 2375 meretricis,
1568 2311 1709 2378 apud
1759 2324 1930 2362 omnes

350 2399 681 2454 inverecunde
699 2401 844 2471 egisti
889 2400 1033 2470 (Jer.
1082 2401 1136 2456 ‘5.
1164 2402 1199 2456 5
1230 2400 1266 2471 ).
1293 2400 1553 2468 Quocirca
1593 2401 1756 2456 multa
1796 2416 1930 2473 opus

352 2498 435 2543 est
463 2490 658 2559 pastori
687 2489 964 2560 prudentia
1002 2505 1064 2546 ac
1083 2491 1346 2545 sexcentis
1389 2491 1573 2553 oculis,
1605 2500 1662 2545 ut
1698 2490 1931 2561 undique

351 2580 542 2635 anima:
570 2591 766 2636 statuat
814 2582 1222 2652 circumspiciat.
1274 2583 1734 2651 Quemadmodum
1782 2583 1925 2637 enim

352 2671 504 2726 multi
537 2672 586 2725 in
633 2674 986 2742 arrogantiam
1042 2675 1367 2729 extolluntur
1391 2685 1443 2729 et
1486 2676 1537 2728 in
1585 2675 1771 2729 salutis
1818 2691 1929 2729 sua:

351 2764 775 2833 desperationem
795 2764 1051 2832 incidunt,
1084 2764 1226 2835 quod
1255 2766 1530 2820 acerbiora
1562 2766 1793 2821 remedia
1820 2766 1927 2836 pati

350 2865 615 2927 nequeant
645 2875 657 2910 :
682 2857 750 2910 ita
781 2866 904 2911 sunt
933 2867 986 2912 et
1014 2857 1104 2911 alii
1148 2857 1259 2928 qui,
1289 2858 1428 2926 quod
1485 2873 1641 2927 pares
1695 2858 1929 2928 peccatis

347 2944 459 3000 suis
485 2960 669 3015 poenas
687 2947 831 3001 luere
861 2945 1053 3013 nolint,
1103 2946 1157 3001 in
1206 2947 1504 3017 neglectum
1549 2956 1844 3014 vertuntur,
1874 2957 1927 3002 et

347 3036 512 3091 multo
534 3036 827 3093 deteriores
860 3037 1111 3104 evadunt,
1161 3042 1523 3108 tnajorcmque
1579 3039 1830 3108 peccandi
1855 3039 1919 3092 li-

344 3128 573 3182 centiam
606 3137 877 3197 usurpant.
908 3127 1048 3182 Nihil
1076 3128 1251 3199 itaque
1268 3128 1459 3185 horum
1508 3130 1626 3184 sine
1672 3129 1924 3185 examine

345 3218 746 3288 relinquendum
788 3229 890 3284 est,
944 3221 1037 3274 sed
1087 3222 1337 3276 omnibus
1365 3220 1467 3276 rite
1491 3221 1776 3290 exploratis
1808 3223 1925 3290 cpi—

344 3321 539 3377 sc0pus
565 3320 940 3377 congruenter,
968 3325 1088 3379 qua:
1136 3308 1204 3365 ad
1253 3325 1313 3365 se
1361 3310 1643 3379 pertinent,
1692 3310 1928 3380 proferat

342 3405 659 3479 oportet,\ne
686 3413 875 3452 vanam
905 3397 1312 3455 sollicitudinem
1325 3398 1594 3454 adhibeat.
1619 3399 1800 3471 Neque
1825 3401 1927 3457 hac

342 3488 399 3544 in
428 3504 488 3545 re
514 3497 739 3557 tantum,
756 3490 850 3545 sed
861 3489 1098 3547 etiamin
1109 3490 1370 3549 abscissis
1381 3490 1632 3547 Ecclesiae
1661 3493 1918 3548 membris

342 3579 726 3650 conjungendis
754 3579 936 3635 multis
956 3580 1103 3635 illum
1157 3580 1385 3650 negotiis
1445 3580 1676 3636 distendi
1716 3582 1917 3638 videas.

343 3669 475 3725 Nam
500 3671 675 3726 ovium
696 3671 909 3742 quidem
938 3680 1116 3743 pastor
1149 3686 1365 3743 gregem
1416 3671 1575 3727 habet
1610 3682 1920 3743 sequentem

340 3774 680 3831 quocumque
703 3760 914 3817 duxerit
945 3779 958 3815 :
987 3761 1130 3832 quod
1178 3762 1223 3816 si
1264 3776 1381 3831 qua:
1418 3776 1547 3817 oves
1572 3761 1642 3817 de
1665 3772 1808 3818 recta
1839 3766 1922 3818 via

342 3852 646 3920 deflectant,
706 3852 1012 3924 salubrique
1063 3854 1251 3909 relicto
1297 3854 1490 3924 pabulo
1535 3855 1736 3910 sterilia
1764 3863 1923 3926 atque

341 3939 566 4012 abrupta
587 3941 699 3996 loca
719 3941 1027 4013 depascant,
1060 3944 1188 3999 satis
1213 3953 1315 4010 est,
1337 3944 1384 3999 si
1407 3944 1565 4000 altius
1611 3945 1825 4012 clamet,
1858 3954 1915 4000 ut

340 4045 434 4087 eas
457 4040 662 4102 repetat
687 4040 741 4087 et
766 4032 833 4088 ad
853 4048 1066 4105 gregem
1115 4034 1354 4091 reducat.
1404 4037 1472 4091 At
1497 4037 1540 4090 si
1578 4037 1698 4107 quis
1723 4053 1753 4091 a
1777 4047 1919 4092 recta

342 4120 447 4177 ﬁde
466 4122 812 4189 aberraverit,
847 4140 1093 4195 magnum
1118 4126 1312 4194 pastori
1334 4140 1467 4195 opus
1492 4125 1768 4194 incumbit,
1798 4142 1911 4182 ma-

339 4226 441 4283 gna
477 4222 595 4283 eget
641 4215 1030 4284 perseverantia
1060 4224 1221 4286 atque
1246 4216 1518 4286 patientia.
1565 4216 1748 4288 Neque
1774 4217 1918 4272 enim

339 4316 514 4381 potest
539 4309 622 4363 vel
636 4309 687 4364 vi
703 4308 995 4377 retrahere,
1039 4309 1128 4365 vel
1165 4319 1306 4366 metu
1332 4324 1566 4381 cogere;
1600 4310 1921 4367 sedsuasio-

344 4414 408 4455 ae
431 4408 643 4470 oportet
664 4400 731 4454 ad
747 4401 1021 4456 veritatem
1050 4400 1324 4465 reducere,
1354 4401 1496 4456 unde
1522 4401 1674 4457 initio
1695 4401 1914 4457 excidit.

337 4487 612 4545 illeneroso
658 4489 832 4560 itaque
864 4490 1065 4561 indiget
1102 4491 1300 4555 animo,
1344 4506 1412 4547 ne
1442 4491 1642 4546 viribus
1680 4490 1912 4558 deﬁciat,

339 4595 443 4636 neu
459 4581 527 4637 de
555 4580 845 4635 errantium
863 4581 1035 4638 salute
1064 4581 1335 4651 desperet,
1363 4590 1421 4637 ut
1470 4582 1776 4653 frequenter
1800 4582 1916 4638 haec

337 4670 535 4741 cogitet
572 4680 628 4725 et
652 4670 916 4741 loquatur,
943 4670 1230 4742 Neqmmdo
1268 4670 1408 4727 Deus
1432 4671 1514 4727 det
1539 4673 1642 4728 illis
1663 4674 1914 4744 peniten-

338 4762 461 4816 tiam
480 4766 550 4816 ad
602 4762 998 4833 cognoscendam
1032 4765 1308 4832 veritatem,
1338 4773 1384 4819 et
1404 4766 1704 4836 resipiscam
1733 4783 1765 4820 a
1794 4766 1914 4820 dia-

337 4852 438 4907 boli
456 4852 634 4922 laqueo
664 4851 682 4923 (
705 4852 760 4908 2.
787 4851 918 4906 Tim.
944 4853 1000 4908 2.
1022 4853 1112 4909 25.
1136 4853 1207 4909 26
1239 4856 1279 4925 ).
1327 4855 1614 4926 Propterea
1652 4857 1908 4912 Dominus

336 4944 622 5013 discipulos
670 4944 746 4999 sic
783 4945 1149 5015 alloquebatur
1180 4964 1194 5000 :
1224 4946 1471 5011 Quisnam
1526 4949 1694 5015 ﬁdelis
1739 4966 1913 5005 servus

331 5036 381 5080 ct
401 5027 620 5098 prudens
646 5027 667 5097 (
688 5026 873 5082 Matth.
900 5027 990 5084 24.
1017 5031 1087 5085 45
1122 5029 1185 5101 )?
1211 5030 1351 5085 Nam.
1384 5031 1473 5103 qui
1494 5033 1729 5101 seipsum
1754 5048 1913 5088 exer-

333 5125 438 5183 cet,
472 5117 523 5170 iu
548 5131 608 5172 se
628 5118 798 5173 solum
828 5119 1109 5176 utilitatem
1162 5121 1552 5177 circumscribit
1580 5141 1593 5175 :
1627 5124 1908 5193 pastoralis

333 5215 509 5261 autem
535 5206 698 5263 ofﬁcii
748 5210 950 5265 lucrum
976 5210 1043 5265 ad
1074 5212 1377 5267 universum
1409 5212 1663 5282 populum
1706 5222 1908 5269 manat.

332 5297 474 5354 Sane
497 5300 587 5370 qui
637 5302 890 5370 pecunias
920 5303 1101 5373 egenis
1144 5302 1437 5368 distribuit,
1487 5312 1578 5359 aut
1602 5303 1732 5358 alias
1767 5304 1910 5359 laesis

331 5391 708 5458 patrocinatur,
741 5394 795 5447 in
820 5393 996 5464 aliquo
1013 5395 1272 5465 proximis
1292 5393 1527 5463 prodest,
1560 5403 1708 5449 tanto
1734 5394 1908 5448 minus

332 5490 507 5535 tamen
540 5497 696 5548 quam
714 5484 984 5552 sacerdos,
1006 5495 1203 5554 quanto
1225 5484 1500 5541 intervallo
1528 5485 1700 5540 anima
1718 5499 1907 5554 corpo-

331 5570 375 5625 ri
396 5580 631 5639 prmstat.
656 5571 783 5628 Jure
799 5575 974 5643 itaque
1027 5574 1282 5629 Dominus
1303 5590 1483 5629 curam
1508 5576 1682 5647 gregis
1710 5574 1908 5629 amoris

332 5675 457 5730 erga
482 5674 542 5714 se
567 5672 931 5730 argumentum
961 5678 1078 5718 esse
1093 5664 1241 5719 dixit.

395 5748 611 5807 BASIL.
664 5749 742 5804 Tu
787 5766 948 5819 vero,
1001 5754 1203 5823 inquit,
1253 5753 1524 5810 Christum
1572 5772 1679 5812 non
1715 5752 1904 5805 amas?

1100 364 1158 423 S.
1197 363 1474 421 JOANNIS
1509 361 1983 419 CllllYSUbTOlll
2021 362 2336 418 AllClllEP.
2378 362 2921 422 CONSTANTINOP.

3536 368 3642 425 638

2060 472 2433 530 CHRYSOST.
2488 475 2553 529 Et
2595 491 2751 543 amo,
2801 486 2853 531 et
2894 476 3106 531 amandi
3147 477 3302 533 ﬁnem
3352 494 3639 551 umnquam

2054 564 2244 621 faciam
2265 575 2346 621 :at
2373 583 2561 621 vereor
2578 584 2664 633 ne,
2687 584 2843 638 quem
2862 584 3004 629 amo,
3025 584 3148 624 eum
3170 570 3394 625 irritem.
3415 571 3635 628 B.—\Sl[..

2054 660 2270 730 Ecquod
2297 660 2544 731 aenigma,
2580 661 2783 731 inquit,
2811 661 3089 717 obscurius
3116 661 3292 729 fuerit,
3321 664 3365 717 si
3390 663 3640 723 Christus

2053 751 2223 817 illum,
2250 752 2339 823 qui
2372 768 2431 808 se
2454 763 2616 818 amet,
2644 768 2772 807 oves
2801 768 2924 808 suas
2951 769 3169 822 pascere
3192 754 3405 826 jubeat:
3428 766 3482 811 tu
3509 774 3641 813 vero

2052 843 2197 898 dicas
2242 844 2361 898 ideo
2410 843 2554 898 nolle
2605 859 2864 912 pascere,
2910 844 3031 915 quia
3082 844 3186 900 hoc
3241 847 3637 916 pmipietttettt

2051 934 2236 989 amas?
2260 935 2819 993 CllRYSUS'l‘OllUS.
2848 937 2965 993 Non
2992 947 3092 1002 est,
3123 938 3357 1009 inquam,
3382 942 3635 1012 :enigma,

2052 1028 2159 1083 imo
2189 1043 2274 1084 res
2302 1028 2587 1084 admodum
2617 1030 2758 1084 clara
2788 1038 2841 1085 et
2868 1031 3111 1101 simplex.
3156 1031 3290 1087 Nam
3326 1033 3371 1087 si
3410 1033 3636 1089 idoneus

2050 1136 2223 1176 essem
2254 1121 2674 1178 administrando
2714 1123 2920 1178 muneri
2945 1123 3092 1191 juxta
3121 1123 3314 1180 Christi
3342 1126 3591 1196 placitum
3616 1169 3632 1191 ,

2049 1225 2102 1269 et
2124 1223 2297 1270 tamen
2317 1215 2624 1285 eﬂ'ugerem,
2650 1224 2832 1285 argute
2854 1231 3037 1286 posses
3055 1216 3194 1271 dicta
3216 1232 3332 1272 mea
3353 1219 3632 1276 refellere:

2047 1303 2171 1375 quia
2202 1320 2329 1360 vero
2357 1307 2520 1360 animi
2551 1305 2885 1360 imbecillitas
2916 1306 3037 1362 huic
3066 1322 3152 1362 me
3181 1307 3359 1363 ofﬁcio
3389 1309 3630 1365 inutilem

2046 1397 2337 1463 constituit,
2384 1411 2479 1452 cur
2522 1397 2821 1468 objectioue
2859 1413 2992 1467 Opus
3030 1400 3169 1453 erit?
3204 1400 3414 1457 Etenim
3440 1418 3638 1459 vereor

2045 1502 2113 1542 ne
2142 1487 2187 1541 si
2211 1503 2425 1559 gregem
2449 1488 2642 1543 Christi
2673 1490 2810 1545 bene
2832 1490 3091 1546 valentem
3121 1505 3186 1546 ac
3209 1500 3452 1563 vegetum
3481 1495 3631 1549 acci-

2045 1578 2183 1647 piam
2203 1618 2219 1644 ,
2264 1578 2563 1649 deindeque
2593 1580 2763 1650 ipsum
2809 1581 3010 1635 incuria
3050 1582 3265 1651 perdam
3285 1622 3300 1649 ,
3333 1583 3500 1639 Deum
3527 1585 3630 1639 ad-

2044 1682 2256 1723 versum
2286 1684 2371 1723 me
2402 1669 2601 1724 irritem
2622 1709 2637 1735 ,
2667 1670 2756 1740 qui
2784 1669 2855 1724 ita
2900 1670 3071 1739 ipsum
3103 1681 3241 1725 amat
3268 1712 3285 1738 ,
3328 1681 3383 1726 ut
3412 1672 3477 1728 ad
3506 1675 3629 1744 ejus

2042 1760 2266 1814 salutem
2297 1759 2349 1813 in
2381 1761 2606 1830 pretium
2647 1775 2766 1816 sese
2804 1761 3097 1816 tradiderit.
3138 1762 3463 1820 BASILIUS.
3509 1764 3626 1821 Lu-

2040 1850 2194 1917 dens,
2224 1852 2411 1922 inquit,
2437 1851 2551 1906 haec
2571 1851 2741 1907 dicis:
2767 1867 2887 1907 nam
2913 1853 2955 1908 si
2979 1853 3141 1917 serio,
3175 1869 3280 1909 non
3307 1855 3460 1911 video
3483 1872 3626 1927 quo-

2040 1942 2198 1996 modo
2227 1942 2418 1997 melius
2468 1941 2832 1998 demonstrare
2871 1942 3102 1998 volueris
3131 1959 3228 1998 nos
3251 1945 3368 2015 jure
3398 1946 3582 2004 dolere
3604 1989 3625 2015 ,

2039 2047 2196 2102 quam
2228 2031 2377 2087 hisce
2407 2033 2580 2086 verbis
2611 2033 2715 2088 tuis
2738 2074 2753 2097 ,
2797 2032 2989 2103 quibus
3028 2048 3313 2090 maerorem
3353 2036 3626 2107 depellere

2037 2121 2283 2177 cttt'abas.
2319 2123 2427 2193 Ego
2453 2123 2594 2177 enim
2620 2123 2740 2178 licet
2766 2123 2912 2192 prius
2936 2124 3173 2179 noverim
3201 2140 3286 2180 me
3324 2140 3418 2196 per
3445 2136 3495 2182 te
3519 2127 3621 2185 de-

2038 2222 2251 2283 ceptum
2278 2227 2341 2267 ac
2366 2213 2631 2282 proditum
2660 2211 2824 2268 fuisse
2846 2254 2861 2280 ,
2896 2229 3038 2268 nunc
3062 2228 3191 2270 sane
3217 2215 3384 2271 multo
3411 2218 3582 2287 magis
3601 2259 3618 2285 ,

2037 2302 2249 2375 quando
2287 2303 2491 2375 objecta
2538 2304 2629 2359 tibi
2672 2304 2894 2359 crimina
2936 2304 3141 2361 diluere
3183 2316 3403 2362 conatus
3427 2323 3515 2374 es,
3565 2309 3621 2364 id

2037 2394 2218 2450 edisco
2242 2401 2297 2449 et
2325 2392 2489 2463 probe
2528 2393 2767 2464 intelligo
2790 2434 2805 2460 ,
2853 2409 2959 2464 quo
3002 2410 3089 2451 me
3118 2395 3330 2450 tandem
3357 2396 3619 2458 malorum

2037 2484 2330 2540 induxeris.
2360 2484 2491 2540 Nam
2514 2485 2557 2540 si
2577 2494 2626 2540 te
2648 2484 2768 2540 ideo
2782 2485 2849 2540 ab
2868 2485 2969 2540 hoc
2985 2487 3279 2542 miniaterio
3293 2488 3615 2557 subduxisti,

2036 2578 2155 2645 quia
2182 2576 2416 2631 animum
2446 2586 2591 2632 tuum
2620 2586 2779 2632 tantae
2813 2576 2968 2632 molis
3006 2578 3082 2632 rei
3127 2593 3310 2650 parem
3351 2596 3456 2636 non
3492 2597 3620 2640 esse

2036 2667 2278 2734 sciebas,
2327 2684 2412 2722 me
2455 2669 2601 2738 prius
2646 2678 2885 2739 ereptum
2933 2672 3203 2738 oportuit,
3256 2672 3417 2727 etiam
3462 2674 3508 2728 si
3561 2675 3615 2730 id

2036 2773 2246 2812 summo
2271 2756 2450 2813 studio
2479 2758 2816 2813 ambivissem
2841 2776 2855 2812 :
2879 2774 2947 2814 ne
2988 2758 3162 2815 dicam
3191 2776 3278 2818 me
3304 2762 3396 2818 tibi
3424 2764 3614 2818 horum

2038 2848 2318 2904 consilium
2360 2849 2569 2918 penitus
2600 2848 2949 2904 commisisse.
2974 2848 3125 2904 Nunc
3147 2865 3277 2906 vero
3302 2867 3414 2907 rem
3441 2854 3615 2909 solum

2035 2950 2180 2996 tuam
2221 2940 2291 2996 ob
2315 2942 2500 2996 oculos
2541 2941 2742 2997 habens
2771 2955 2941 2995 meam
2981 2940 3277 3012 neglexisti.
3301 2946 3474 3015 Atque
3502 2946 3615 3001 uti-

2036 3048 2158 3087 nam
2190 3032 2544 3102 neglexisses!
2574 3031 2624 3087 id
2648 3046 2777 3087 sane
2802 3031 3092 3102 Optandum
3113 3043 3255 3089 esset
3280 3053 3293 3090 :
3318 3050 3502 3092 verum
3532 3048 3613 3104 tu,

2033 3132 2091 3178 ut
2119 3123 2323 3178 facilius
2345 3139 2374 3178 a
2404 3123 2765 3194 quarrcntibus
2800 3138 3059 3193 caperer,
3106 3124 3325 3180 insidias
3348 3129 3613 3183 struxisti.

2032 3214 2213 3285 Neque
2239 3215 2380 3269 enim
2403 3213 2529 3269 illud
2553 3213 2728 3285 effugii
2759 3213 2852 3269 tibi
2886 3214 3219 3285 relinquitur,
3247 3216 3387 3286 quod
3416 3217 3612 3273 videli-

2031 3315 2117 3361 cet
2138 3306 2279 3375 vulgi
2304 3306 2485 3375 opinio
2514 3315 2563 3361 te
2583 3305 2882 3374 deceperit,
2905 3314 3060 3374 teque
3086 3304 3153 3360 ad
3181 3321 3365 3377 magna
3391 3308 3614 3363 mirahi-

2033 3395 2208 3466 liaque
2235 3395 2303 3452 de
2332 3410 2417 3451 me
2447 3395 2795 3451 existimanda
2820 3394 3122 3449 deduxerit.
3151 3394 3266 3450 Non
3293 3399 3433 3452 enim
3471 3398 3617 3454 inter

2031 3488 2372 3543 admirandos
2397 3496 2452 3543 et
2476 3488 2793 3557 conspicuos
2817 3503 3099 3543 censemur
3123 3508 3138 3545 :
3166 3505 3356 3560 neque,
3400 3493 3612 3550 etiamsi

2032 3596 2119 3636 res
2160 3581 2228 3635 ita
2258 3595 2319 3635 se
2361 3580 2671 3645 habuisset,
2700 3579 2985 3634 multorum
3019 3579 3198 3649 Opinio
3220 3581 3428 3637 veritati
3452 3593 3611 3640 ante-

2032 3672 2275 3742 ponenda
2306 3671 2511 3727 fuisset.
2540 3670 2671 3725 Nam
2697 3670 2744 3727 si
2772 3670 2865 3725 tibi
2892 3685 3178 3741 numquam
3203 3685 3301 3741 per
3325 3687 3425 3727 nos
3450 3683 3611 3729 antea

2030 3763 2286 3828 licuisset,
2319 3769 2377 3816 ut
2402 3760 2797 3817 consuetudinis
2829 3770 3024 3815 nostra:
3052 3760 3341 3831 periculum
3372 3762 3610 3831 faceres,

2028 3857 2175 3912 color
2201 3855 2391 3926 aliquis
2415 3854 2605 3910 adesse
2625 3853 2720 3909 tibi
2745 3852 3032 3919 videretur,
3054 3867 3176 3908 cum
3203 3869 3274 3910 ex
3298 3854 3439 3926 vulgi
3463 3855 3610 3911 fama

2029 3949 2346 4003 sententiam
2377 3946 2581 4014 ferres;
2610 3946 2691 4000 sin
2717 3957 2894 4001 autem
2920 3945 3096 4000 nullus
3121 3945 3340 4016 perinde
3364 3955 3523 4019 atque
3550 3957 3613 4003 tu

2029 4048 2207 4093 nostra
2238 4038 2410 4104 novit,
2438 4038 2545 4092 imo
2569 4044 2808 4092 nostrum
2838 4037 3072 4091 animum
3104 4037 3294 4092 melius
3317 4052 3474 4107 quam
3503 4038 3613 4108 ipsi

2029 4141 2275 4201 parentes
2312 4138 2367 4185 et
2407 4127 2690 4184 eductores
2731 4135 3068 4197 perspectum
3107 4125 3306 4194 habes,
3346 4142 3450 4198 qua
3495 4137 3610 4184 tam

2029 4222 2285 4293 probabili
2315 4221 2556 4276 oratione
2582 4219 2751 4275 utaris
2770 4260 2786 4285 ,
2827 4225 2887 4273 ut
2924 4217 3096 4288 possis
3128 4217 3458 4274 auditoribus
3484 4235 3608 4288 per-

2024 4312 2247 4368 suadere
2265 4352 2281 4376 ,
2334 4320 2384 4366 te
2420 4326 2519 4365 nos
2556 4310 2610 4365 in
2639 4318 2842 4363 tantum
2874 4308 3094 4378 periculi
3124 4323 3228 4364 non
3257 4308 3397 4363 ultro
3425 4312 3589 4378 conje

2024 4402 2201 4459 cisse?
2246 4402 2440 4457 Verum
2480 4402 2595 4456 haec
2622 4413 2763 4455 nunc
2790 4399 2951 4453 missa
2993 4397 3414 4454 faciamusznon
3456 4402 3603 4457 enim

2029 4502 2080 4549 te
2110 4493 2350 4565 cogimus
2378 4491 2462 4547 his
2487 4490 2554 4546 de
2582 4489 2758 4546 causis
2797 4490 2884 4559 jus
2925 4489 3135 4544 dicere:
3157 4505 3260 4559 qua
3290 4489 3606 4549 defensioue

2026 4593 2210 4639 contra
2237 4591 2573 4638 accusatores
2601 4580 2844 4636 utemur?
2868 4579 2954 4635 dic
2977 4580 3153 4636 sodes.
3181 4580 3424 4638 CHRYS.
3442 4583 3605 4639 Certe

2024 4692 2130 4731 non
2160 4677 2325 4746 prius,
2354 4675 2588 4744 inquam,
2614 4673 2681 4729 ad
2708 4673 2795 4728 illa
2831 4688 2917 4729 me
2944 4682 3147 4729 vertam
3171 4715 3188 4740 ,
3220 4688 3377 4744 quam
3416 4689 3478 4730 ea
3515 4677 3601 4730 di-

2024 4766 2198 4833 luero,
2228 4780 2347 4835 quae
2372 4764 2439 4820 ad
2469 4773 2520 4819 te
2546 4771 2807 4835 spectant,
2858 4763 3067 4818 etiamsi
3094 4765 3396 4820 sexcenties
3431 4767 3599 4821 instes

2021 4866 2078 4911 ut
2137 4856 2355 4911 crimina
2437 4853 2720 4923 depellam.
2796 4853 3143 4922 lgnorantiam
3205 4854 3345 4908 enim
3420 4855 3599 4912 dixisti

2021 4947 2232 5002 veniam
2257 4945 2411 5000 nobts
2430 4944 2639 5007 afferre,
2663 4953 2718 4998 et
2737 4944 2884 4998 omni
2904 4958 3001 4999 nos
3016 4944 3382 5000 criminatione
3402 4946 3597 5003 liberos

2020 5035 2157 5102 fore,
2188 5036 2234 5091 si
2256 5050 2431 5090 rerum
2461 5043 2665 5088 tuarum
2692 5034 2879 5104 ignari,
2909 5042 2961 5089 te
2986 5034 3038 5088 in
3060 5043 3376 5103 praesentem
3401 5047 3592 5094 statum

2022 5125 2441 5191 deduxerimus;
2486 5126 2608 5195 quia
2638 5139 2765 5179 vero
2792 5132 2844 5177 te
2886 5139 2989 5177 non
3035 5124 3337 5193 ignorantes
3362 5127 3594 5194 prodidi-

2020 5232 2159 5279 mus,
2190 5231 2277 5271 res
2306 5224 2421 5270 tuas
2445 5215 2685 5284 apprime
2723 5213 3015 5278 callentes,
3054 5213 3177 5269 ideo
3199 5229 3410 5270 omnem
3442 5216 3597 5273 nobis

2019 5306 2216 5361 auferri
2246 5304 2604 5360 excusationis
2641 5310 2696 5360 et
2734 5304 3074 5373 congruentis
3101 5304 3357 5373 apologis:
3384 5320 3596 5366 ansam.

2018 5399 2089 5451 At
2111 5411 2210 5466 ego
2232 5403 2411 5450 contra
2433 5394 2783 5450 censeozhacc
2801 5395 2942 5450 enim
2965 5394 3132 5448 multo
3154 5405 3312 5464 egent
3330 5399 3595 5453 examine.

2016 5485 2154 5540 Sane
2201 5499 2323 5538 eum
2377 5483 2467 5553 qui
2516 5482 2584 5538 ad
2630 5482 2984 5538 sacerdotium
3031 5485 3332 5554 quempiam
3381 5485 3597 5544 tradere

2015 5574 2175 5641 velit,
2231 5589 2337 5628 non
2383 5582 2593 5642 oportet
2636 5574 2747 5630 sola
2791 5573 2932 5644 vulgi
2980 5573 3230 5643 opinione
3280 5585 3592 5633 contentum

2013 5677 2153 5729 esse,
2182 5663 2276 5718 sed
2302 5673 2359 5717 ut
2384 5677 2505 5717 cum
2546 5663 2635 5717 illa
2682 5677 2832 5717 suam
2862 5679 2971 5733 pra:
2997 5663 3241 5718 erunibus
3270 5664 3430 5720 addat
3454 5682 3593 5736 opus

2015 5761 2126 5814 est.
2172 5763 2334 5824 utque
2361 5754 2413 5808 in
2442 5753 2626 5824 primis
2654 5753 2793 5827 illius
2818 5744 3409 5824 'facultates‘exploret.
3454 5755 3588 5812 Nam
