3942 6404
181 401 269 457 657
1326 402 1413 459 DE
1450 399 1900 459 SACERDOTIO.
1944 401 2072 457 LIB.
2113 404 2177 459 ll.
3072 460 3083 465 -
3344 416 3449 471 653

177 529 345 585 beatus
377 522 463 580 ille
494 523 698 579 Paulus
724 536 844 577 cum
875 519 1041 575 dixit:
1070 516 1280 586 Oportet
1310 525 1478 569 autem
1509 516 1654 570 illum
1693 523 1741 568 et

179 618 492 672 testimonium
518 616 705 669 habere
729 613 909 667 bonum
938 613 997 664 ab
1019 611 1079 664 iis
1099 610 1183 680 qui
1209 608 1333 678 {oris
1359 616 1475 662 sunt
1498 607 1576 678 (1.
1603 604 1745 661 Tlm.

179 712 222 764 5.
252 708 320 776 7).
352 721 692 777 nequaquam
721 705 850 759 tollit
875 711 1178 756 accuratum
1210 699 1595 768 probatumque
1621 712 1748 753 cxao

181 819 306 865 men,
325 815 496 870 neque
521 807 581 852 ut
601 797 915 868 pra‘cipuum
960 794 1074 865 ejus
1105 793 1432 865 probationis
1458 794 1663 862 signum
1696 790 1749 846 id

181 902 424 964 proponit.
455 892 673 946 Etenim
702 888 879 943 multis
906 895 1058 942 antea
1082 886 1372 957 prmmissis
1403 885 1616 940 tandem
1646 883 1749 938 hoc

182 982 400 1049 addidit,
438 990 504 1036 ut
533 980 874 1045 ostenderet,
920 993 1025 1033 non
1071 992 1223 1032 suum
1257 985 1457 1030 tantum
1486 974 1747 1029 calculum

176 1074 401 1130 sufficere
425 1070 494 1126 ad
526 1072 661 1126 tales
697 1070 983 1125 electiones
1002 1110 1017 1133 ,
1048 1067 1140 1121 sed
1166 1082 1286 1121 cum
1322 1066 1440 1120 aliis
1467 1074 1640 1120 tamen
1667 1064 1753 1120 rei

176 1165 313 1236 quiri.
356 1162 516 1232 Saepe
547 1177 775 1232 namque
800 1159 975 1216 evenit
1002 1168 1059 1214 ut
1086 1159 1225 1229 vulgi
1265 1157 1444 1227 opinio
1481 1156 1611 1211 falsa
1638 1156 1706 1211 sit
1731 1174 1745 1210 :

178 1264 427 1324 praeeunte
461 1262 647 1308 autem
675 1260 924 1306 accurato
952 1250 1196 1304 examine
1227 1248 1358 1302 nihil
1395 1258 1578 1318 postea
1609 1247 1751 1317 peri-

176 1345 264 1400 culi
290 1361 350 1399 ex
381 1359 442 1398 ea
475 1344 738 1414 susPicari
761 1343 885 1397 licet
909 1359 922 1396 :
942 1341 1167 1410 ideoque
1189 1340 1424 1409 postalia
1443 1349 1747 1394 exterarum

151 1420 154 1431 ’
177 1438 314 1492 etiam
346 1436 714 1492 teStimonium
740 1434 984 1505 requirit.
1009 1432 1195 1504 Neque
1222 1433 1363 1488 enim
1394 1433 1564 1487 solum
1591 1433 1741 1498 dixit,

180 1528 364 1598 Oportet
403 1537 582 1582 autem
608 1526 754 1581 illum
794 1534 842 1581 et
883 1525 1219 1580 testimonium
1248 1524 1428 1579 habere
1457 1525 1638 1579 bonum
1670 1526 1744 1596 (Ι.

176 1620 286 1675 Tim.
309 1620 361 1676 5.
388 1618 481 1691 7);
509 1618 610 1674 sed
628 1617 849 1685 addidit,
877 1617 952 1671 Ab
975 1617 1039 1671 iis
1063 1617 1148 1687 qui
1171 1616 1296 1687 foris
1324 1625 1464 1682 sunt,
1494 1625 1551 1671 ut
1577 1616 1746 1685 palam

176 1712 384 1779 faceret,
432 1722 747 1767 exterorum
776 1709 1014 1780 opinioni
1056 1716 1109 1763 et
1143 1706 1297 1764 fama:
1327 1709 1517 1777 praeire
1552 1708 1747 1763 debere

174 1812 457 1859 accuratum
494 1817 748 1858 examen.
788 1801 1050 1868 Quoniam
1089 1800 1247 1870 igitur
1274 1815 1372 1870 ego
1396 1815 1515 1870 quae
1542 1808 1593 1854 te
1620 1815 1746 1870 spc—

177 1893 367 1954 ctabant
404 1892 528 1963 plus
566 1908 726 1964 quam
762 1901 1013 1964 parentes
1056 1891 1167 1958 tui,
1198 1900 1255 1945 ut
1280 1894 1393 1960 ipse
1421 1891 1623 1958 fateris,
1652 1907 1750 1945 no-

176 1999 333 2040 veram
357 2024 371 2048 ,
413 1984 540 2041 ideo
570 1983 761 2055 dignus
794 1998 912 2039 sum
943 1982 1033 2053 qui
1081 1981 1148 2037 ab
1173 1981 1318 2036 omni
1356 1981 1580 2037 crimine
1613 1981 1749 2037 liber

178 2074 408 2131 dimittar.

232 2169 551 2226 BASlLlUS.
576 2168 693 2224 Non
723 2168 842 2224 ideo
868 2167 1116 2239 effugeris
1140 2210 1155 2234 ,
1201 2167 1404 2238 inquit,
1437 2166 1482 2222 si
1513 2175 1564 2224 te
1603 2167 1751 2237 quis-

177 2259 294 2329 piam
336 2274 597 2315 accusare
642 2260 790 2314 velit.
840 2262 1030 2314 Annon
1080 2259 1367 2314 meministi
1418 2267 1470 2314 te
1514 2274 1546 2313 a
1594 2258 1749 2314 nobis

175 2365 294 2420 stepe
320 2351 558 2416 audisse,
588 2361 747 2421 atque
765 2351 832 2406 ab
859 2350 985 2420 ipsis
1006 2350 1257 2420 operibus
1282 2348 1563 2406 edidicisse
1589 2365 1747 2420 quam

175 2457 332 2512 parum
352 2444 611 2514 generosi
634 2443 733 2499 sim
753 2444 957 2498 animi?
986 2444 1178 2497 Annon
1200 2442 1331 2496 mihi
1356 2458 1498 2513 saepe
1521 2443 1746 2500 ridendo

174 2538 646 2606 pusillanimitatem
688 2535 1050 2606 exprobrabas
1076 2575 1092 2602 ,
1141 2535 1283 2606 quod
1335 2535 1420 2590 vel
1467 2535 1749 2592 leviSsimis

174 2628 292 2683 caris
310 2627 463 2684 facile
489 2627 794 2699 dejicerer‘l

227 2717 275 2775 5.
301 2719 409 2774 Nos
442 2727 657 2791 prapter
682 2718 940 2772 caritatem
968 2717 1020 2771 in
1055 2714 1311 2771 Christum
1344 2733 1450 2772 rem
1483 2716 1631 2771 istam
1656 2716 1744 2788 fu-

172 2810 295 2881 gisse.
321 2840 394 2850 —
421 2807 808 2865 CHRYSOST.
836 2808 1051 2863 Memini
1082 2823 1212 2863 sane
1241 2823 1329 2863 me
1355 2823 1501 2878 saepe
1524 2807 1626 2863 hoc
1649 2808 1746 2863 abs

174 2911 215 2957 te
236 2903 427 2971 audire,
454 2917 642 2973 neque
680 2901 887 2957 inficias
912 2917 999 2956 eo.
1029 2901 1142 2972 Ego
1171 2916 1299 2956 vero
1339 2900 1382 2954 si
1418 2900 1631 2971 quando
1659 2917 1747 2956 ca-

172 2992 382 3060 villabar,
417 2993 578 3064 joco,
610 3007 718 3048 non
774 2992 937 3058 serio,
980 2992 1031 3047 id
1072 2991 1316 3062 agebam.
1347 2991 1600 3046 Attamen
1638 3006 1745 3045 non

173 3100 223 3140 ea
258 3086 319 3142 de
353 3102 412 3142 re
447 3101 604 3142 nunc
629 3085 983 3150 contendam;
1027 3098 1159 3154 rogo
1194 3093 1243 3139 te
1282 3092 1463 3138 autem
1498 3082 1743 3138 eamdem

174 3177 278 3232 mihi
294 3188 513 3248 praestes
538 3177 949 3248 ingenuitatem,
974 3174 1062 3229 ubi
1085 3175 1343 3229 virtutum
1362 3182 1569 3228 tuarum
1595 3189 1745 3228 men-

176 3269 343 3324 tionem
373 3269 594 3324 faciam.
633 3266 847 3322 Etenim
882 3266 928 3321 si
966 3265 1180 3321 coneris
1219 3279 1322 3319 nos
1361 3263 1624 3319 mendacii
1652 3278 1742 3318 ar-

176 3376 335 3431 guere,
378 3363 470 3417 tibi
514 3378 629 3415 non
670 3373 973 3430 parcamus,
1009 3356 1103 3413 scd
1139 3356 1485 3412 ostendemus
1528 3364 1581 3411 te
1622 3370 1743 3409 mo-

174 3452 328 3507 destiae
352 3453 559 3524 potius,
581 3466 739 3523 quam
762 3449 1002 3505 veritatis
1019 3463 1178 3504 causa
1198 3447 1317 3503 haec
1340 3447 1500 3502 verba
1522 3445 1739 3513 fecisse,

174 3557 258 3597 non
284 3543 395 3600 aliis
429 3559 599 3614 quam
626 3541 805 3597 verbis
833 3550 887 3596 et
922 3540 1076 3596 factis
1101 3539 1208 3596 tuis
1241 3539 1515 3609 usurpatis
1538 3538 1604 3594 ad
1628 3554 1753 3595 rem

175 3635 568 3691 conﬁrmandam
599 3635 843 3690 testibus.
888 3635 1066 3704 Atque
1097 3632 1326 3703 primum
1367 3632 1464 3688 abs
1504 3641 1555 3688 te
1590 3649 1741 3703 qua:-

176 3740 275 3781 rere
301 3728 417 3782 volo
451 3745 466 3782 :
493 3725 728 3793 Nostin’,
759 3731 952 3795 quanta
993 3724 1066 3779 sit
1101 3723 1184 3780 vis
1215 3723 1498 3778 caritatis?
1528 3722 1740 3779 Etenim

175 3816 409 3888 Christus,
436 3818 628 3874 missis
658 3816 914 3888 prodigiis
944 3815 1213 3881 omnibus,
1245 3830 1365 3886 qute
1392 3815 1460 3871 ab
1484 3815 1741 3884 apostolis

176 3910 351 3967 edenda
398 3920 581 3979 erant,
632 3909 700 3966 In
744 3911 868 3976 hoc,
914 3909 1105 3980 inquit,
1152 3917 1451 3980 cognoscent
1491 3909 1739 3975 homines,

175 4003 271 4071 quia
292 4006 527 4076 discipuli
558 4005 655 4060 mei
680 4003 818 4071 estis,
843 4004 886 4058 si
911 4001 1234 4057 dilectionem
1260 4001 1537 4057 habueritis
1557 4002 1626 4057 ad
1654 4002 1739 4056 in—

175 4094 303 4148 vicem
346 4096 526 4166 (Joan.
572 4096 664 4152 15.
718 4094 834 4166 55).
881 4093 1080 4149 Paulus
1125 4076 1253 4148 verti
1306 4092 1381 4148 ait
1424 4092 1570 4147 illam
1619 4107 1740 4149 esse

175 4183 284 4256 legis
308 4190 323 4221 ³
348 4188 737 4258 plenitudinem
756 4229 772 4251 ,
811 4187 927 4243 sine
964 4202 1066 4258 qua
1094 4186 1415 4242 charismata
1455 4185 1584 4241 nihil
1615 4201 1743 4257 pro-

174 4288 276 4331 sunt
298 4278 466 4345 (Rom.
492 4281 588 4336 15.
614 4278 726 4350 10).
752 4277 890 4334 lllud
912 4293 1043 4333 sane
1063 4279 1317 4334 eximium
1339 4278 1561 4344 bonum,
1583 4276 1737 4331 disci-

176 4368 390 4437 pulorum
436 4370 642 4427 Christi
687 4371 921 4440 signum,
964 4368 1107 4439 quod
1151 4369 1280 4438 ipsis
1323 4366 1738 4423 charismatibus

175 4461 389 4528 superius
412 4470 519 4529 est,
552 4460 658 4516 vidi
685 4461 737 4516 in
767 4460 949 4516 animo
975 4470 1065 4516 tuo
1093 4475 1355 4531 generose
1381 4460 1618 4526 insitum,
1646 4475 1739 4515 co-

174 4548 458 4623 piosumque
484 4553 718 4608 fructum
756 4552 1028 4608 emittere.
1056 4552 1191 4606 Tum
1219 4547 1528 4608 BASILIUS
1564 4570 1579 4607 :
1610 4552 1737 4608 Mihi

174 4637 289 4698 hanc
323 4660 431 4701 rem
468 4659 817 4715 summopere
854 4660 997 4700 certe
1025 4659 1169 4710 esse,
1215 4646 1608 4716 maximamque
1646 4661 1737 4703 me

177 4731 563 4791 sollicitudinem
593 4735 646 4789 in
676 4734 781 4790 hoc
807 4733 1082 4806 implendo
1112 4743 1384 4805 praecepto
1411 4750 1615 4806 ponere
1653 4735 1737 4792 fa-

178 4830 273 4878 teor
299 4844 312 4882 :
339 4828 478 4897 quod
522 4836 703 4882 autem
742 4841 811 4883 ne
848 4827 1128 4882 dimidium
1168 4827 1384 4897 quidem
1428 4828 1546 4899 ejus
1584 4844 1737 4886 asse-

177 4927 341 4982 quutus
364 4918 463 4973 sim
485 4961 501 4984 ,
522 4926 578 4973 tu
598 4917 728 4972 mihi
756 4918 906 4974 testis
929 4918 1060 4983 eris,
1083 4917 1128 4972 si
1155 4932 1262 4973 non
1285 4917 1350 4973 ad
1369 4919 1616 4987 gratiam,
1639 4919 1735 4976 sed

179 5009 437 5065 secundum
463 5010 546 5066 rei
572 5010 854 5064 veritatem
891 5009 1036 5080 loqui
1067 5008 1321 5064 volueris.
1349 5009 1732 5067 CHRYSOST.

180 5094 316 5167 Igitur
339 5102 403 5157 ad
429 5111 743 5174 argumenta
768 5084 1107 5168 mevertam,
1130 5111 1185 5156 et
1202 5101 1351 5173 quod
1376 5104 1736 5162 comminatus

177 5201 274 5245 sum
294 5209 426 5249 nunc
447 5194 730 5265 praestabo,
764 5203 822 5248 ut
844 5192 1120 5248 ostendam
1149 5202 1199 5248 te
1231 5192 1545 5249 modestiam
1572 5211 1733 5266 quam

178 5283 423 5341 veritatem
453 5286 621 5358 magis
648 5301 859 5342 curare.
890 5286 1131 5357 Remque
1159 5287 1389 5342 narrabo
1430 5302 1599 5358 nuper
1635 5303 1732 5359 ge-

176 5382 315 5446 stam,
346 5394 412 5434 ne
442 5379 585 5449 quis,
623 5379 670 5434 si
713 5388 891 5434 vetera
935 5393 1269 5447 recenseam,
1309 5380 1611 5450 suspicetur
1644 5396 1734 5438 me

180 5470 401 5536 temporis
440 5470 788 5526 diuturnitate
825 5470 1103 5526 veritatem
1152 5470 1446 5540 obtegere:
1487 5486 1611 5526 cum
1639 5486 1734 5527 ve-

183 5554 290 5612 ritas
326 5558 434 5629 ipsa
473 5577 577 5617 non
620 5560 893 5631 permittat
919 5575 1018 5616 nos
1044 5559 1335 5633 quidquam
1358 5560 1619 5635 effingere
1645 5564 1733 5621 vel

180 5644 249 5712 iis,
272 5663 381 5719 quae
404 5652 470 5709 ad
489 5652 718 5726 gratiam
741 5652 1014 5709 dicuntur.

230 5816 246 5848 ¹
278 5820 434 5888 Aliqui,
458 5823 573 5893 legis
595 5832 642 5879 et
663 5825 1023 5891 prophetarum.

1935 513 1987 568 6.
2029 513 2403 571 Demonstratio
2438 516 2634 574 virtutis
2672 518 2881 587 Basilii,
2920 531 2969 577 et
3003 522 3302 580 vehementis
3340 530 3451 597 ejus

1858 607 2102 661 caritatis.
2121 637 2188 648 --
2211 607 2342 664 Cum
2368 609 2513 664 enim
2542 610 2755 680 quidam
2780 628 2847 669 ex
2873 612 3222 671 familiaribus
3253 622 3451 674 nostris

1857 701 2194 756 contumeliae
2229 711 2284 756 et
2308 705 2625 774 arrogantia:
2654 720 2751 775 per
2783 705 3106 763 calumniam
3146 723 3447 777 accusatus,

1858 789 1910 844 in
1942 800 2183 847 extremo
2213 794 2449 862 periculo
2475 804 2618 851 esset
2640 815 2653 852 :
2677 806 2804 852 tunc
2834 799 3046 854 nemine
3072 810 3122 855 te
3148 801 3449 869 incusante,

1857 895 1956 934 nec
1972 884 2297 950 roganteillo
2315 884 2402 955 qui
2424 886 2839 955 periclitabatur,
2874 889 2925 942 in
2956 890 3190 945 medium
3227 903 3276 947 te
3305 899 3449 962 peri-

1848 972 2034 1024 .culum
2050 973 2344 1042 conjecisti.
2370 976 2479 1030 Iloc
2505 984 2558 1030 tu
2576 977 2772 1031 factum
2791 978 3022 1034 edidisti.
3037 980 3106 1037 Ut
3123 993 3298 1037 autem
3324 993 3450 1038 teex

1855 1061 2030 1116 verbis
2050 1063 2154 1117 tuis
2175 1080 2479 1135 arguamus,
2502 1068 2699 1137 tibique
2722 1069 2835 1139 ipsa
2852 1071 3014 1125 verba
3032 1080 3118 1126 tua
3137 1073 3187 1127 in
3214 1084 3448 1130 mentem

1855 1169 2169 1210 revocemns
2194 1158 2210 1189 ¹
2242 1174 2400 1213 :cnm
2448 1158 2585 1214 hanc
2616 1161 2778 1216 animi
2817 1164 2889 1217 tui
2928 1167 3337 1233 generositatem
3360 1168 3447 1221 alii

1856 1263 1960 1301 non
1992 1249 2372 1318 approbarent,
2406 1251 2494 1305 alii
2526 1252 2802 1307 laudarent
2826 1270 2887 1309 ac
2914 1257 3254 1321 mirarentur,
3285 1274 3448 1314 accu-

1854 1342 2119 1396 satoribus
2161 1343 2266 1397 tuis
2304 1342 2482 1397 dixisti
2531 1361 2544 1397 :
2590 1345 2795 1413 Ecquid
2836 1348 3028 1415 agam?
3073 1349 3229 1403 aliter
3267 1365 3449 1404 amare

1856 1447 1961 1485 non
1987 1431 2168 1499 didici,
2198 1433 2298 1489 nisi
2337 1443 2393 1489 ut
2430 1435 2593 1489 vitam
2620 1451 2794 1490 meam
2834 1452 3118 1508 exponam,
3147 1454 3268 1493 cum
3301 1441 3449 1509 peri-

1854 1523 2126 1579 clitantem
2174 1525 2403 1580 amicum
2454 1540 2670 1582 servare
2714 1542 2850 1598 opus
2893 1537 2976 1584 cst
3016 1549 3029 1584 :
3072 1532 3191 1586 aliis
3235 1533 3447 1602 quidem

1854 1614 2051 1683 verbis,
2084 1614 2177 1670 sed
2205 1615 2394 1670 eodem
2423 1631 2606 1681 sensu,
2637 1616 2833 1673 Christi
2865 1619 3005 1674 dicta
3033 1621 3306 1690 loquutus,
3330 1625 3449 1694 qui-

1853 1704 1952 1760 bus
1975 1706 2063 1760 ille
2089 1705 2365 1776 discipulis
2393 1706 2647 1778 perfecta!
2671 1710 2909 1764 caritatis
2938 1712 3197 1767 terminos
3228 1715 3403 1782 posuit
3430 1731 3444 1770 :

1854 1812 1979 1852 nam
2004 1796 2257 1869 Majorem
2279 1798 2394 1864 hac,
2431 1800 2622 1870 inquit,
2645 1801 2905 1857 caritatem
2927 1819 3072 1856 nemo
3102 1804 3264 1870 habet,
3298 1822 3449 1876 quant

1854 1897 1911 1941 ut
1936 1888 2159 1943 animam
2184 1907 2330 1944 suam
2361 1891 2474 1958 quis
2503 1903 2660 1962 ponat
2688 1909 2779 1962 pro
2804 1894 2981 1948 amicis
3008 1896 3113 1950 suis
3142 1895 3323 1964 (Joan.
3359 1898 3446 1954 15.

1856 1981 1966 2051 15).
1992 1981 2155 2052 Igitur
2182 1981 2228 2036 si
2253 1982 2423 2053 major
2451 1982 2550 2038 hac
2579 1983 2804 2039 inveniri
2832 2000 2936 2039 non
2962 1994 3161 2056 potest,
3189 1987 3256 2042 ad
3287 1990 3446 2058 finem

1854 2072 1971 2143 ejus
1994 2074 2307 2143 pervenisti,
2334 2090 2398 2129 ac
2422 2075 2586 2145 gestis
2618 2075 2877 2147 dictisque
2906 2078 3009 2133 tuis
3046 2079 3210 2148 ipsius
3235 2082 3446 2138 culmen

1853 2164 2092 2235 attigisti.
2132 2163 2257 2220 Ideo
2288 2174 2340 2220 te
2377 2166 2731 2237 prodidimus,
2768 2168 2891 2224 ideo
2920 2168 3102 2225 dolum
3146 2172 3447 2242 hujusmodi

1853 2256 2309 2312 concinnavimus.
2334 2256 2471 2312 Num
2501 2258 2595 2314 tibi
2624 2260 3085 2329 persuadebimus,
3112 2279 3209 2318 nos
3238 2281 3344 2319 non
3383 2282 3448 2322 ex

1853 2346 2225 2402 malevolentia
2246 2387 2261 2413 ,
2290 2362 2395 2402 non
2435 2357 2493 2403 ut
2524 2358 2574 2404 te
2616 2349 2668 2403 in
2710 2350 3002 2419 periculum
3036 2353 3445 2422 conjiceretnus,

1854 2437 1950 2494 sed
1989 2438 2133 2509 quod
2177 2439 2231 2494 id
2272 2439 2399 2495 utile
2437 2438 2554 2497 fore
2592 2443 2872 2509 sciremus,
2906 2451 2958 2498 te
2992 2445 3043 2499 in
3076 2445 3178 2502 hoc
3216 2448 3447 2504 stadium

1855 2532 2218 2601 pertraxisse?
2245 2532 2573 2591 BASlLlUS.
2604 2537 2684 2589 An
2708 2534 2775 2589 ad
2805 2537 3165 2606 proximorum
3194 2542 3448 2596 emcnda-

1854 2622 2056 2678 tionem
2085 2624 2191 2678 vim
2232 2624 2469 2680 caritatis
2503 2626 2633 2681 satis
2673 2642 2793 2683 esse
2834 2631 3027 2698 putas?
3063 2631 3444 2690 CllRYSOS‘I‘.

1853 2711 2084 2770 Maxime
2112 2714 2325 2784 quidem
2352 2724 2407 2771 et
2435 2732 2627 2788 magna
2654 2732 2719 2773 ex
2746 2729 2896 2789 parte
2917 2720 2983 2775 ad
3014 2720 3067 2776 id
3092 2724 3339 2781 conferre
3361 2741 3447 2782 ca-

1851 2803 1982 2859 ritas
2011 2806 2201 2875 possit.
2233 2806 2385 2876 Quod
2421 2808 2468 2863 si
2507 2809 2637 2863 velis
2665 2818 2722 2864 ut
2757 2811 3051 2881 prudentize
3092 2829 3305 2885 quoque
3344 2826 3447 2871 tua:

1851 2897 2141 2966 specimina
2181 2899 2546 2969 proferamus,
2577 2901 2642 2955 ad
2682 2901 2735 2956 id
2772 2918 2985 2974 quoque
3020 2920 3108 2962 me
3145 2907 3440 2977 conferam,

1852 2991 2240 3062 ostendamque
2271 3001 2322 3048 te
2350 2994 2520 3062 magis
2547 2995 2822 3063 prudentia
2853 2997 3049 3051 valere.

1923 3080 2006 3136 Ad
2042 3081 2156 3137 haec
2192 3083 2283 3137 ille
2324 3083 2528 3153 pudore
2566 3084 2869 3155 roboreque
2904 3086 3125 3142 atl‘ectus
3153 3087 3443 3163 (BASIL),

1849 3173 1979 3241 Quae
2035 3190 2141 3239 me,
2197 3176 2384 3246 inquit,
2439 3186 2682 3247 spectant
2727 3194 2872 3234 nunc
2917 3181 3079 3237 missa
3129 3181 3386 3239 faciamus
3426 3200 3442 3239 :

1850 3281 2027 3337 neque
2055 3266 2196 3320 enim
2236 3267 2304 3322 ab
2340 3267 2492 3321 initio
2528 3269 2720 3325 horum
2751 3270 2846 3326 abs
2877 3278 2929 3326 te
2971 3273 3229 3329 rationem
3263 3276 3444 3347 exige-

1850 3358 1994 3412 bam.
2020 3358 2075 3414 Si
2117 3358 2243 3429 quid
2284 3375 2444 3429 porro
2475 3360 2641 3416 habes
2681 3362 2822 3432 quod
2859 3363 3058 3419 exteris
3090 3378 3443 3435 congruenter

1850 3462 2122 3520 opponere
2148 3449 2342 3519 possis,
2367 3450 2419 3505 id
2446 3465 2577 3506 vero
2602 3452 2830 3508 libenter
2848 3453 3081 3509 audiam.
3110 3455 3444 3527 Quapropter

1848 3541 2013 3597 missa
2046 3542 2147 3597 hac
2185 3542 2460 3599 umbratili
2488 3559 2659 3615 pugna
2681 3587 2698 3612 ,
2726 3544 2813 3600 dic
2854 3561 3014 3616 quam
3045 3550 3444 3606 excusationem

1848 3633 2061 3689 cteteris
2085 3633 2392 3701 atl'eremus,
2422 3636 2629 3691 scilicet
2661 3637 2727 3693 iis
2762 3639 2851 3707 qui
2886 3654 2985 3694 nos
3018 3638 3224 3695 honore
3247 3640 3445 3696 affece-

1848 3734 1994 3793 runt,
2042 3741 2248 3782 necnon
2291 3727 2410 3783 aliis
2447 3729 2537 3798 qui
2578 3728 2789 3785 illorum
2829 3738 3097 3801 tamquam
3133 3732 3327 3803 injuria
3359 3733 3443 3790 af-

1847 3816 2109 3872 fectorum
2140 3819 2313 3873 vicem
2341 3818 2550 3874 dolent.
3178 3886 3184 3892 _

1920 3909 1972 3965 7.
2015 3909 2165 3976 Quod
2201 3926 2303 3964 non
2337 3910 2390 3963 in
2423 3910 2780 3966 contumeliam
2815 3927 3005 3980 eorum,
3035 3913 3123 3983 qui
3157 3931 3251 3969 nos
3282 3915 3444 3987 elege-

1847 4008 1984 4065 rant,
2007 3999 2377 4055 ordinationem
2406 4000 2754 4072 e/fugerimus.
2772 4034 2847 4043 —
2870 4003 3248 4061 CllRYSOST.
3280 4009 3444 4078 Equi-

1847 4089 1970 4145 dem
2016 4089 2081 4144 ad
2125 4091 2200 4158 id,
2240 4091 2483 4161 inquam,
2530 4091 2641 4161 jam
2691 4107 2955 4161 propero;
3005 4097 3439 4167 quandoquidem

1847 4184 1991 4237 enim
2022 4182 2246 4237 rationis
2273 4182 2414 4252 apud
2453 4192 2502 4237 te
2531 4183 2819 4238 reddendae
2859 4184 3016 4238 linem
3055 4188 3176 4253 feci,
3209 4188 3275 4241 ad
3305 4190 3442 4245 hanc

1846 4273 2105 4344 apologiaa
2140 4282 2347 4342 partem
2393 4273 2547 4328 facile
2589 4288 2676 4328 me
2713 4284 2940 4328 vertam.
2978 4276 3232 4342 Qumnam
3282 4279 3441 4346 igitur

1847 4364 2037 4418 horum
2062 4362 2350 4430 accusatio,
2372 4379 2490 4434 quae
2509 4363 2734 4419 crimina
2752 4365 2776 4418 ?
2796 4365 2866 4421 Se
2886 4366 3203 4422 contumelia
3220 4367 3439 4423 affectos

1846 4462 1901 4509 et
1933 4454 2115 4524 gratria
2154 4466 2341 4523 passos
2367 4462 2681 4524 queruntur,
2719 4456 2840 4525 quia
2883 4456 3163 4525 honorem,
3203 4474 3309 4529 quo
3342 4476 3439 4515 nos

1844 4560 2041 4601 ornare
2066 4544 2337 4611 volebant,
2382 4559 2490 4600 non
2530 4545 2853 4617 accepimus.
2886 4548 3001 4619 Ego
3041 4563 3169 4604 vero
3207 4551 3437 4619 primum

1845 4637 2042 4705 dicam,
2070 4652 2170 4693 nos
2199 4637 2266 4694 de
2290 4638 2631 4696 contumeliis
2659 4639 2963 4697 hominibus
2993 4642 3152 4698 illatis
3178 4644 3310 4698 nihil
3340 4661 3437 4700 cu~

1845 4747 1967 4787 rare
1986 4731 2207 4801 debere,
2234 4748 2355 4789 cum
2382 4748 2481 4803 per
2506 4734 2585 4790 eis
2614 4735 2818 4789 illatum
2847 4736 3104 4791 honorem
3132 4737 3185 4792 in
3226 4737 3321 4791 Dei
3361 4738 3438 4793 of-

1846 4823 2143 4880 fensionem
2184 4826 2463 4880 incurrere
2490 4825 2753 4905 cogimur.
2783 4825 2967 4897 Neque
3005 4830 3148 4883 enim
3186 4822 3316 4898 puto
3345 4843 3438 4884 eos

1846 4916 1993 4988 ipsos
2023 4917 2115 4987 qui
2142 4916 2506 4988 indignantur,
2539 4931 2661 4972 cum
2696 4932 2814 4973 eam
2850 4933 2962 4973 rem
2986 4919 3212 4974 moleste
3238 4918 3432 4985 ferunt,

1846 5007 2089 5078 periculo
2112 5022 2323 5076 vacare,
2352 5008 2464 5063 imo
2495 5023 2745 5079 magnum
2781 5010 3023 5079 accipere
3056 5009 3434 5066 detrimentum

1846 5100 2096 5156 dixerim.
2127 5101 2252 5157 Illos
2270 5100 2488 5172 quippe,
2514 5101 2603 5171 qui
2636 5101 2744 5155 Deo
2773 5101 2969 5158 addicti
2994 5111 3136 5168 sunt,
3170 5111 3225 5159 et
3258 5103 3324 5158 ad
3351 5104 3437 5173 ip-

1845 5206 1963 5245 sum
2003 5191 2174 5247 solum
2219 5192 2532 5260 reSpiciunt,
2573 5191 2645 5246 ita
2686 5191 2772 5263 pie
2813 5193 3033 5249 allectos
3076 5210 3196 5250 esse
3240 5194 3435 5251 debere

1839 5298 2061 5350 censeo,
2093 5293 2153 5338 ut
2195 5284 2247 5339 id
2279 5299 2386 5340 non
2428 5300 2528 5356 pro
2561 5286 2894 5341 contumelia
2935 5287 3185 5353 habeant,
3224 5289 3434 5344 etiamsi

1844 5376 2149 5432 sexcenties
2175 5379 2253 5432 sic
2278 5376 2688 5433 inhonorcntur.
2721 5377 2874 5445 Quod
2903 5393 3032 5434 vero
3060 5380 3249 5435 similis
3274 5395 3435 5437 ausus

1844 5482 1914 5523 ne
1951 5467 2007 5523 in
2060 5477 2293 5524 mentem
2331 5468 2543 5539 quidem
2587 5469 2716 5524 mihi
2760 5485 3007 5541 umquam
3039 5473 3266 5538 venerit,
3313 5471 3436 5528 hinc

1842 5558 2101 5629 liquidum
2129 5560 2249 5614 erit.
2278 5559 2412 5615 Nam
2434 5560 2480 5615 si
2507 5560 2643 5616 fastu
2671 5561 2754 5617 vel
2776 5577 2926 5616 vanm
2950 5562 3135 5634 gloria:
3162 5563 3429 5634 cupidine,

1845 5660 1906 5708 ut
1931 5667 2076 5723 saepe
2112 5651 2293 5707 dixisti
2321 5653 2606 5708 nonnullos
2625 5654 2964 5722 calumniari,
2992 5656 3057 5712 ad
3097 5656 3150 5713 id
3176 5656 3435 5713 deductus

1906 5767 1922 5799 ί
1956 5775 2084 5824 ηερε,
2129 5765 2306 5834 rituque
2344 5765 2452 5830 ipsa
2488 5766 2634 5819 verba
2685 5766 2763 5820 in‘
2788 5774 2995 5823 mentem
3041 5784 3315 5825 remeamus
3332 5805 3349 5834 ,
3384 5773 3433 5826 in

1842 5827 2023 5896 aliquot
2046 5838 2151 5881 Mss.
2171 5830 2365 5880 desunt.
