3942 6362
567 387 668 443 639
1286 398 1345 455 s.
1385 401 1663 464 JOANNIS
1696 402 2171 465 CHRYSOSTOMI
2211 411 2529 475 ARClllEP.
2568 382 3100 484 consrstvrmor.

567 519 708 567 Mlul,
742 515 800 559 ut
826 510 1225 577 accusatoribus
1254 511 1566 584 adstipuler,
1597 518 1884 575 maximam
1913 536 2042 577 sane
2072 522 2153 576 in-

559 590 756 661 juriam
779 596 1071 667 intulerim,
1101 602 1191 671 qui
1212 602 1554 661 admirandos
1584 618 1634 662 et
1662 612 1982 680 conspicuos
2013 614 2147 678 illos,

563 684 830 755 etiamque
871 688 1000 744 mihi
1052 690 1318 748 beneﬁcos
1360 700 1793 767 contempserim.
1848 703 2056 757 Etenim
2109 704 2156 759 si

565 774 695 829 nihil
738 777 993 837 lzedentes
1023 781 1215 852 injuria
1254 785 1469 843 afliccre
1494 791 1754 861 supplicio
1792 793 2007 864 dignum
2050 806 2148 863 est,

560 874 765 932 quanto
809 867 863 922 in
906 869 1113 927 honore
1154 883 1280 928 sunt
1331 876 1561 934 habendi
1617 881 1714 948 illi,
1752 885 1843 954 qui
1895 885 2151 942 honorem

560 954 715 1009 nobis
754 956 894 1013 ultro
939 961 1181 1018 conferre
1217 964 1482 1023 volunt“!
1535 968 1720 1041 Neque
1775 974 1915 1028 enim
1972 976 2152 1034 dicere

559 1047 678 1115 quis
707 1050 894 1118 possit,
926 1051 1068 1120 ipsos
1094 1055 1178 1111 vel
1223 1072 1385 1126 parvo
1410 1061 1497 1115 vel
1539 1077 1730 1134 magno
1767 1065 2027 1122 beneficio
2065 1068 2149 1124 af-

518 1191 528 1201 _
565 1136 734 1193 fectos
761 1141 931 1197 vicem
962 1146 1256 1215 rependere
1288 1149 1543 1207 voluisse.
1577 1153 1787 1221 Quanto
1827 1155 1985 1227 igitur
2025 1175 2153 1231 snp—

3723 453 3815 507 δ’εο

2264 528 2415 585 vanis
2441 540 2744 590 exterornm
2772 537 3064 609 disciplinis
3085 545 3424 618 conniverat,
3450 564 3621 612 statim
3642 561 3689 616 in
3710 574 3811 620 tau-

2264 625 2375 673 tum
2407 620 2662 678 honorem
2688 632 3037 694 pertraxere?
3058 633 3181 689 limc
3200 647 3255 692 et
3278 640 3465 700 similia
3494 646 3663 706 dicere
3689 669 3814 723 pote-

2261 722 2401 778 rant,
2422 714 2463 767 si
2487 713 2623 770 hanc
2643 718 2952 788 dignitatem
2975 727 3319 792 accepissem.
3340 731 3487 790 Nunc
3506 754 3626 794 vero
3648 758 3807 811 secus;

2259 803 2435 858 omnis
2465 806 2606 861 enim
2634 807 2736 863 illis
2762 811 3111 871 maledicendi
3141 822 3352 877 occasio
3380 838 3577 883 resecta
3606 842 3699 895 est.
3731 855 3812 893 nec

2259 892 2390 947 mihi
2427 895 2811 968 adulationem,
2855 919 2953 959 nec
2995 905 3100 961 illis
3140 922 3357 981 accepta
3400 932 3611 976 munera
3639 941 3811 996 expro-

2258 979 2416 1038 brare
2444 997 2687 1055 possunt,
2732 992 2835 1047 nisi
2879 993 3108 1054 fortasse
3140 1000 3267 1068 sint,
3300 1006 3390 1075 qui
3430 1010 3565 1066 ultro
3605 1014 3812 1077 insanire

2255 1073 2439 1129 velint.
2463 1076 2580 1146 Quo
2608 1092 2762 1150 pacto
2798 1085 2941 1140 enim
2971 1087 3274 1147 adulatione
3309 1073 3364 1151 et
3401 1096 3671 1172 largitione
3700 1125 3810 1167 usus

2252 1166 2513 1236 quispiam
2540 1170 2611 1225 ad
2645 1170 2906 1231 honorem
2936 1178 3358 1253 adipiscendum,
3393 1166 3518 1246 moi:
3548 1195 3807 1267 adepturus

555 1229 714 1296 plicio
737 1230 929 1302 dignus
950 1247 1096 1292 esset
1121 1238 1212 1309 qui
1235 1240 1455 1298 adversa
1477 1247 1836 1315 rependeret?
1859 1250 1949 1305 Sin
1970 1229 2146 1309 autem

554 1318 607 1374 id
634 1336 702 1374 ne
727 1324 1078 1394 cogitavimus
1105 1331 1340 1400 quidem,
1371 1335 1464 1391 sed
1491 1338 1599 1393 alio
1634 1340 1791 1411 longe
1824 1345 2048 1400 consilio
2076 1347 2145 1403 ab

551 1427 715 1468 onere
740 1414 1127 1476 declinavimus
1154 1440 1165 1475 :
1195 1440 1448 1493 quorsum
1472 1428 1611 1496 illos,
1635 1432 1829 1502 quibus
1852 1434 1897 1488 si
1922 1451 2027 1490 non
2049 1453 2145 1507 ap-

551 1505 943 1575 probationem,
977 1512 1167 1568 saltem
1197 1515 1407 1573 veniam
1435 1519 1563 1576 dare
1590 1521 1918 1593 debuissent,
1951 1529 2138 1584 crimi-

554 1604 770 1665 nantur,
802 1600 942 1670 quod
973 1604 1164 1660 anima:
1203 1612 1601 1678 pepercerimus
1643 1620 1881 1673 nostrai?
1908 1619 2140 1679 Tantum

547 1685 689 1741 enim
711 1689 861 1746 abest
881 1701 936 1747 ut
961 1693 1088 1764 ipsis
1109 1702 1483 1757 contumeliam
1512 1705 1879 1778 irrogaverim,
1897 1723 1954 1770 ut
1977 1717 2138 1773 etiam

547 1782 844 1838 recusando
888 1784 1032 1856 ipsos
1072 1788 1275 1848 honore
1307 1794 1549 1854 ali‘ecisse
1589 1816 1676 1857 me
1714 1813 1914 1873 putem.
1954 1807 2139 1880 Neque

544 1883 673 1924 vero
710 1874 1036 1943 paradoxum
1082 1896 1167 1935 me
1204 1882 1404 1941 dixisse
1436 1891 1739 1959 putaveris;
1770 1897 1966 1953 etenim
2011 1916 2135 1957 mox

544 1961 704 2033 hujus
729 1960 1138 2037 eiplicationem
1169 1979 1459 2045 proferam.

614 2056 669 2110 8.
700 2056 851 2124 Quod
878 2062 1031 2116 etiam
1065 2066 1308 2136 fugiendo
1333 2070 1452 2127 illo:
1479 2088 1512 2126 a
1536 2074 1904 2146 vituperatione
1936 2087 2131 2140 emeri-

539 2162 666 2201 mus.
695 2178 767 2189 -
792 2149 940 2207 Tune
975 2155 1141 2222 enim,
1186 2159 1231 2214 si
1263 2162 1439 2219 minus
1475 2180 1686 2236 omnes,
1714 2172 1901 2228 saltem
1943 2176 1999 2242 ii,
2039 2179 2130 2249 qui

540 2237 835 2296 maledictis
875 2241 1225 2315 delectantur,
1264 2252 1428 2308 multa
1466 2270 1589 2312 cum
1629 2258 1697 2315 de
1731 2277 1820 2318 me
1857 2237 2123 2337 ordinato,

539 2335 649 2382 tum
691 2329 760 2386 de
796 2332 864 2387 iis
904 2336 994 2405 qui
1034 2352 1120 2393 me
1159 2340 1453 2412 elegerant,
1494 2349 1753 2420 suspicari
1794 2329 2126 2425 potuissent;

536 2420 682 2475 verbi
708 2424 896 2493 gratia,
927 2428 1067 2497 quod
1093 2430 1160 2485 ad
1185 2431 1399 2493 divitias
1421 2440 1773 2510 respicerent,
1794 2420 1942 2517 quod
1964 2420 2130 2520 gene;

536 2511 612 2568 ris
656 2514 994 2591 splendorem
1044 2522 1383 2595 mirarentur,
1426 2532 1567 2601 quod
1604 2511 1909 2595 adulatione
1944 2511 2125 2598 nvostra

536 2602 663 2656 moti
701 2604 768 2658 ad
804 2605 856 2661 id
893 2622 993 2663 nos
1026 2615 1359 2684 cooptarint;
1400 2620 1529 2690 quin
1558 2623 1719 2680 etiam
1763 2629 1987 2697 pecunia
2027 2632 2123 2687 ad-

530 2692 720 2749 ductos
749 2694 801 2751 id
827 2699 1004 2769 egisse
1043 2704 1225 2761 nescio
1263 2721 1330 2763 an
1356 2708 1531 2767 dicam
1560 2692 1794 2786 aliquem
1823 2723 2122 2791 suspicatu-

530 2797 648 2839 rum
689 2784 872 2844 fuisse.
914 2788 1157 2849 Christus
1193 2797 1432 2867 quidem,
1475 2784 1757 2874 dixissent,
1804 2784 2117 2881 piscatores,

531 2875 990 2936 tabernaculorum
1020 2885 1241 2954 opiﬁces
1278 2898 1334 2944 et
1372 2892 1682 2962 publicanos
1721 2875 2120 2973 adhujusmodi

524 2968 890 3039 magistratum
923 2980 1131 3034 vocavit
1159 2980 1373 3050 (Matth.
1411 2988 1461 3044 4.
1499 2989 1589 3063 l9)
1620 3008 1635 3047 :
1666 2991 1721 3048 hi
1748 3010 1866 3064 eos,
1886 2968 1985 3069 ‘qui
2015 3002 2117 3058 sibi

521 3062 829 3130 quotidiano
868 3082 1029 3138 opere
1067 3073 1262 3129 victum
1301 3091 1506 3149 parant,
1545 3062 1806 3157 respuunt
1845 3062 1980 3163 (Act.
2015 3095 2103 3151 l8.

521 3151 608 3223 5);
639 3154 685 3209 si
710 3156 829 3226 quis
854 3168 1030 3216 autem
1059 3173 1366 3224 exter-orum
1392 3170 1564 3230 literis
1589 3151 1807 3247 operam
1834 3151 1944 3250 det,
1971 3186 2110 3241 otio-

517 3260 683 3316 seque
719 3248 881 3316 vivat,
925 3252 1066 3310 hunc
1092 3259 1389 3329 approbant
1415 3272 1470 3319 et
1508 3265 1841 3325 admirantur
1876 3248 2026 3345 (Luc.
2058 3278 2113 3333 5.

516 3338 630 3406 27).
660 3340 791 3397 Nam
831 3359 929 3399 cur
970 3349 1182 3404 tandem
1211 3367 1326 3422 eos,
1359 3356 1448 3425 qui
1494 3358 1548 3412 in
1587 3361 1843 3418 Ecclesiae
1883 3338 2111 3437 negotiis

516 3429 661 3486 mille
699 3433 923 3491 sudores
966 3440 1324 3510 pertulerant,
1356 3456 1822 3521 contempserunt,
1856 3471 2107 3529 eumque,

966 3502 980 3507 _
1311 3502 1323 3510 -
1572 3502 1683 3521 Ϊῗ““
1704 3502 1791 3507 π---ν
1809 3502 1822 3520 ι
1859 3502 2106 3529 ’Νη-’νων

486 3502 489 3509 ’
515 3522 605 3592 qni
637 3523 738 3580 hos
764 3540 1053 3599 numquam
1085 3520 1340 3604 expertus
1370 3539 1579 3597 labores
1611 3552 1773 3600 totam
1804 3558 2016 3606 aetatem
2055 3553 2106 3607 in

574 3720 970 3800 L'.‘?i°.zfll’9?4°
990 3723 1364 3800 ίηιιοηονςρτιτιι
1380 3733 1606 3800 habendi.
1626 3738 1806 3794 desunt
1830 3743 1877 3793 in
1903 3749 2111 3800 maxima

512 3784 947 3845 manuscriptorum
958 3796 1113 3852 parte,
1133 3792 1223 3841 sed
1246 3792 1488 3845 habentur
1510 3784 1819 3855 ﬁniat-31721

2252 1271 2397 1337 eum,
2424 1260 2541 1317 aliis
2576 1263 2878 1336 relinquat?
2930 1269 3156 1329 perinde
3193 1277 3337 1333 enim
3365 1280 3491 1337 illud
3534 1260 3668 1342 esset
3692 1304 3749 1345 ac
3770 1292 3809 1348 si

2251 1351 2371 1418 quis
2391 1361 2508 1421 post
2528 1353 2764 1412 inﬁnitos
2783 1359 2835 1413 in
2853 1361 3143 1419 excolenda
3166 1374 3305 1423 terra
3323 1369 3551 1441 labores,
3571 1386 3626 1432 ut
3641 1380 3807 1437 uberes

2250 1437 2452 1496 fructus
2496 1456 2811 1518 segetesque
2847 1450 3139 1523 colligeret,
3171 1465 3227 1512 et
3263 1459 3388 1516 vino
3427 1469 3692 1524 toreularia
3728 1489 3804 1528 re-

2249 1529 2569 1603 dundarent,
2599 1547 2719 1606 post
2744 1541 2886 1598 mille
2908 1545 3131 1602 sudores
3157 1557 3213 1605 et
3237 1552 3458 1610 multam
3486 1562 3803 1627 pecuniarum

2248 1635 2556 1692 expensam,
2600 1644 2721 1684 cum
2770 1634 2961 1690 messis
3010 1647 3065 1693 et
3102 1639 3385 1699 vindemiae
3425 1655 3627 1719 tempus
3668 1653 3807 1712 adve-

2247 1714 2406 1784 niret,
2456 1717 2574 1774 aliis
2627 1719 2896 1781 fructuum
2947 1741 3267 1799 proventum
3321 1714 3573 1795 traderet.
3621 1744 3801 1812 \'iden',

2244 1805 2454 1863 etiamsi
2479 1824 2597 1880 quae
2623 1821 2751 1871 tunc
2769 1816 3106 1887 iactabantur
3133 1828 3363 1895 procula
3388 1833 3606 1890 veritate
3624 1848 3801 1901 essent,

2243 1912 2488 1968 magnam
2538 1903 2896 1966 calumniandi
2950 1927 3134 1969 ansam
3177 1914 3452 1977 habituros
3499 1925 3804 1985 adversarius

2240 1988 2425 2061 fuisse,
2465 1996 2608 2066 quod
2646 2000 2851 2059 scilicet
2894 2021 3001 2061 non
3042 2020 3191 2065 recto
3223 2011 3427 2082 judicio
3467 2018 3653 2074 electio
3681 2021 3800 2076 facta

2239 2080 2447 2140 fuisset.
2479 2085 2631 2144 Nunc
2658 2104 2835 2148 autem
2864 2111 2930 2151 ne
2962 2096 3170 2156 hiscere
3196 2103 3408 2173 quidem
3439 2109 3518 2163 vel
3540 2124 3598 2164 os
3617 2114 3802 2181 aperire

2238 2189 2357 2230 mea
2397 2190 2561 2247 Opera
2608 2194 2850 2252 possunt.
2898 2187 2964 2242 Et
3002 2190 3117 2246 lucc
3157 2195 3370 2263 quidem
3422 2202 3686 2271 multoque
3732 2206 3802 2259 his

2238 2265 2385 2335 plura
2428 2268 2578 2327 initio
2610 2272 2889 2333 dixissent.
2928 2279 3216 2353 Postquam
3258 2299 3435 2345 autem
3477 2265 3799 2352 ministerium

2233 2358 2615 2429 attigissemus,
2646 2382 2933 2439 numquam
2971 2375 3331 2441 potuissemus
3367 2384 3694 2451 quotidianas
3719 2403 3797 2441 ac-

2230 2462 2533 2508 cusatorum
2563 2457 2860 2517 calumnias
2879 2462 3145 2535 refellere,
3176 2471 3381 2528 etiamsi
3412 2475 3673 2549 ἱηουΙρ-ιιθ
3695 2492 3795 2535 om-

2230 2540 2315 2595 nia
2338 2544 2634 2614 egissemus
2659 2566 2673 2602 :
2698 2566 2766 2605 ne
2786 2551 2956 2608 dicam
2987 2571 3084 2612 nos
3107 2558 3206 2615 hac
3232 2571 3390 2620 :etate
3411 2582 3688 2640 rerumque
3709 2571 3795 2625 im-

2230 2635 2418 2702 peritia
2467 2636 2520 2692 in
2562 2640 2742 2697 multis
2787 2648 3097 2704 necessario
3137 2652 3483 2715 aberraturos
3530 2635 3701 2717 fuisse.
3738 2667 3795 2718 At

2228 2740 2369 2780 nunc
2399 2726 2501 2782 illis
2524 2729 2910 2791 criminationis
2932 2737 3236 2809 huiusmodi
3257 2752 3594 2807 occasionem
3622 2764 3784 2808 sustu-

2226 2814 2416 2871 limus:
2445 2826 2570 2876 tunc
2609 2834 2788 2879 autem
2837 2829 3046 2897 probris
3071 2848 3166 2890 eos
3215 2836 3513 2897 innumeris
3555 2844 3793 2901 obnoxios

2225 2906 2655 2968 reddidissemus.
2675 2914 2806 2982 Quis
2816 2919 2957 2974 enim
2972 2936 3077 2978 non
3099 2923 3338 2984 dicturus
3349 2941 3470 2987 erat
3490 2952 3505 2988 :
3524 2934 3625 2989 Res
3641 2945 3794 2992 tantas

2226 3007 2440 3072 tantque
2491 3004 2832 3065 admirandas
2885 3015 3066 3082 pueris
3111 3016 3484 3089 insipientibus
3528 3028 3789 3081 commise-

2223 3104 2366 3159 runt,
2397 3093 2491 3150 Dei
2510 3112 2724 3170 gregem
2752 3105 3252 3179 pessumdederunt,
3277 3128 3364 3169 res
3386 3115 3788 3174 Christianorum

2218 3183 2329 3255 jam
2370 3186 2501 3244 risui
2538 3204 2602 3246 ac
2642 3190 2869 3251 ludibrio
2910 3202 3168 3268 expositae
3204 3205 3368 3260 sunt?
3398 3207 3473 3263 At
3518 3224 3640 3265 vero
3666 3226 3790 3266 nunc

2224 3275 2667 3352 Omnisiniquitas
2691 3286 2938 3357 oppilabit
2962 3306 3018 3344 os
3045 3308 3193 3347 suum
3224 3292 3393 3363 (Ptol.
3436 3299 3563 3355 106.
3594 3301 3703 3370 ιῖ).
3741 3302 3790 3357 Si

2221 3369 2365 3425 enim
2395 3371 2467 3427 tui
2496 3387 2657 3430 causa
2683 3376 2781 3432 ista
2805 3381 3142 3450 protulerint,
3174 3389 3353 3443 statim
3380 3390 3502 3447 illos
3527 3408 3590 3449 ex
3617 3369 3718 3464 ipsa
3740 3410 3790 3449 re

2220 3460 2455 3531 docebis,
2481 3480 2587 3520 non
2608 3478 2858 3538 oportere
2879 3474 3394 3542 prndentiam,aetate
3411 3485 3610 3550 metiri,
3635 3460 3788 3554 neque

2219 3568 2403 3610 senem
2432 3571 2500 3612 ex
2520 3560 2716 3616 canitie
2746 3564 3026 3633 probatum
3060 3567 3275 3636 habere,
3302 3588 3479 3643 neque
3503 3577 3741 3646 juvenem
3761 3593 3787 3629 a

2220 3645 2308 3700 tali
2341 3648 2637 3707 ministerio
2669 3669 2885 3722 prorsus
2920 3673 3126 3727 arcere,
3160 3662 3253 3717 5rd
3285 3668 3633 3738 neuphytum.
3674 3668 3790 3723 Mul-

2219 3743 2328 3791 tum
2350 3748 2431 3794 est
2458 3749 2635 3796 autem
2663 3743 2803 3800 inter
2828 3757 3108 3821 utrumque
3133 3753 3440 3813 discrimen.

1495 4042 1982 4156 LIBER
2070 4055 2789 4174 TERTIUS.

932 4381 1037 4415 Βᾶἶί.
1069 4381 1239 4417 ωδυκτ
1273 4383 1409 4420 uano
1441 4388 1641 4424 TERTIO.

499 4488 530 4532 Ι.
563 4485 650 4562 Qui
670 4487 892 4560 suspicati
916 4495 1149 4562 suntﬁnes
1193 4504 1283 4562 per
1316 4498 1593 4562 superbtam
1636 4512 1908 4562 recusasse,
1953 4516 2089 4555 suam

562 4547 771 4606 ipsorum
794 4547 1206 4600 existimationem
1226 4547 1427 4605 Itesiss'e.

584 4613 675 4657 Nos
692 4622 788 4687 non
810 4616 1008 4687 propter
1033 4623 1200 4661 vanam
1222 4613 1423 4687 gloriam
1446 4615 1652 4687 fugisse.

498 4671 568 4714 tu.
587 4669 727 4738 .Quod
741 4672 784 4744 si
806 4668 1007 4732 gloriam
1039 4668 1633 4744 concupisceremugUtale
1676 4685 1835 4744 potius
1878 4687 2091 4739 ministe-

558 4727 683 4777 rium
707 4727 895 4793 eligére
916 4727 1202 4793 Oportucrit.

499 4793 572 4836 Iv.
604 4793 1060 4869 'r‘remﬂendumquid
1084 4808 1197 4846 esse
1218 4799 1559 4861 sacerdotium,
1589 4815 1867 4869 novumque
1905 4808 2089 4861 cultum

560 4854 714 4901 veteri
735 4852 1155 4905 formidabiliorem
1172 4871 1300 4909 esse.

501 4920 551 4960 ν.
584 4919 795 4987 Magnam
813 4928 933 4988 esse
955 4918 1214 4969 sacerdotii
1238 4928 1528 4988 potestatem
1549 4931 1600 4974 et
1621 4923 1926 4988 dignitatem.

498 4980 568 5023 γι.
601 4977 855 5027 ministeria
895 4990 926 5026 e
965 4992 1171 5029 numero
1226 4977 1341 5032 esse
1404 4977 1722 5037 maximorum
1781 4977 2085 5045 Dei/dono-

556 5049 682 5086 rum.

496 5103 583 5146 ΠΙ.
616 5104 775 5171 ipsum
815 5102 960 5152 etiam
1013 5101 1210 5153 Paulum
1245 5103 1530 5157 formidasse
1574 5108 1632 5158 ad
1686 5121 1938 5176 aspectum
1967 5122 2086 5170 tanti

588 5172 862 5210 nncmatus.

494 5169 1166 5301 t‘lt‘iflgggglgdopeccan‘dum
1189 5227 1540 5301 indueihqttiin
1555 5232 1768 5283 medium
1797 5240 2083 5301 progredia-

551 5290 648 5340 tur,
675 5286 766 5333 nisi
781 5298 1027 5348 _perquam
1044 5288 1181 5338 fortis
1201 5286 1530 5342 animi'fu'crit.

490 5348 563 5390 Iit.
599 5350 723 5413 Vana
745 5345 1128 5413 gloria'ejusque
1149 5350 1288 5413 malis
1308 5352 1460 5413 ipsum
1480 5356 1682 5405 irretiri.

489 5409 547 5450 x.
578 5411 675 5486 κρυ
698 5407 729 5466 it
746 5419 853 5455 sum
872 5407 1192 5480 sacerdotium
1230 5407 1402 5462 horum
1435 5414 1668 5466 malorum
1705 5432 1895 5470 causam
1940 5436 2072 5486 esse,

547 5464 635 5513 sed
657 5464 865 5532 nostram
887 5470 1140 5532 ignaviam.

477 5518 578 5596 ΣΙ..
604 5529 841 5596 Αρὼὶῑιιηι
884 5518 1178 5594 ρῖὶιιυὶρρίίιε
1222 5532 1564 5586 eliminandum
1604 5541 1667 5589 ab
1708 5544 1868 5594 animo
1915 5558 2082 5596 sacer-

547 5588 697 5635 dotis.

474 5647 580 5696 XII.
617 5646 690 5709 (a)
716 5650 1124 5711 Sapientissimum
1136 5663 1370 5718 oportere
1384 5671 1497 5711 esse
1513 5662 1831 5714 sacerdotem.

548 5770 622 5830 (α)
654 5777 763 5819 Haec
783 5783 811 5852 Ia
830 5786 1031 5852 attulere
1051 5783 1122 5824 xu
1136 5790 1239 5852 non
1251 5788 1449 5852 exstant
1468 5785 1514 5833 in
1533 5786 1724 5848 Graecis,
1747 5789 1834 5839 sed
1869 5802 1894 5840 a
1934 5792 2078 5852 priori

486 5834 758 5895 tnterprcte
783 5832 905 5883 lecta
927 5834 1076 5887 misse
1099 5838 1340 5891 videntur.

2197 4395 2306 4438 xm.
2341 4399 2522 4467 Praeter
2543 4396 2799 4467 maximam
2816 4398 3155 4450 abstinentiam
3197 4402 3289 4453 alia
3309 4417 3509 4467 quoque
3544 4406 3590 4455 in
3630 4406 3780 4454 animo

2257 4455 2858 4538 §P°E§92‘l§£e‘_l‘_‘_i£‘.-_.-,-_
2897 4529 2935 4538 _.
3192 4537 3198 4538 ,
3249 4526 3279 4538 ..

2198 4519 2309 4584 le.
2343 4516 2467 4590 nihil
2487 4527 2582 4590 tam
2606 4516 2864 4590 puritatem
2888 4529 2940 4573 et
2958 4523 3113 4573 aciem
3129 4526 3308 4576 mentis
3320 4526 3631 4587 obtundere,
3649 4538 3781 4590 quam

2257 4574 2548 4630 iracundiam
2568 4574 2899 4634 inordinatam.

2197 4641 2291 4685 xv.
2315 4637 2472 4753 {illam
2493 4644 2713 4705 speciem
2736 4643 2834 4695 litis
2855 4645 3049 4708 plenam
3072 4647 3397 4710 periculorum
3418 4651 3773 4714 chrysostomus

2257 4711 2314 4748 os
2336 4712 2399 4749 en
2434 4718 2447 4750 I
2476 4740 2486 4752 .

2257 4711 2486 4752 05ten0it.

2197 4766 2308 4811 XVI.
2341 4769 2575 4836 Quantum
2613 4778 2727 4836 esse
2763 4776 2985 4831 oporteat
3002 4782 3132 4832 eum,
3148 4772 3231 4836 qui
3258 4773 3401 4822 tantis
3423 4771 3782 4836 tempestatum:

2258 4827 2575 4885 opponendus
2596 4828 2675 4876 sit.
2794 4827 2810 4831 “
2968 4858 2971 4861 -

2196 4890 2325 4935 xvn.
2359 4893 2572 4946 Quantus
2589 4890 2653 4940 sit
2674 4890 2725 4939 in
2745 4892 3105 4953 gubernatione
3125 4894 3367 4958 virginum
3391 4896 3551 4947 timor.

2965 5027 3019 5040 ν.-

2268 5109 2320 5164 Ι.
2356 5107 2455 5175 Qut
2481 5110 2722 5179 suspicati
2757 5121 2878 5166 sunt
2919 5128 3010 5166 nos
3048 5129 3138 5184 per
3170 5115 3458 5185 superbiant
3501 5129 3771 5176 recusasse,

2193 5215 2339 5253 suam
2386 5200 2804 5255 existimationem
2854 5203 3059 5257 ιωεῑδεε.
3098 5234 3171 5245 —-
3211 5205 3366 5273 Quod
3412 5216 3621 5274 spectat
3661 5219 3772 5259 eam

2194 5291 2570 5345 contumeliam
2599 5306 2697 5347 nos
2720 5291 3106 5349 honorantibus
3135 5294 3369 5360 illatam,
3394 5296 3642 5367 quodque
3668 5309 3793 5349 non.

2193 5397 2288 5438 eos
2314 5382 2699 5439 dehonestandi
2739 5385 2921 5439 animo
2965 5384 3151 5441 honori
3197 5402 3295 5442 nos
3346 5386 3770 5447 snbdnxcrimns,

2191 5487 2256 5528 ex
2276 5473 2385 5543 jam
2405 5472 2563 5529 dictis
2586 5483 2669 5529 sat
2691 5475 3025 5546 comprobari
3051 5488 3231 5547 posset
3257 5495 3273 5532 :
3304 5479 3443 5550 quod
3473 5494 3606 5533 vero
3631 5477 3766 5531 nulla

2193 5567 2356 5621 inﬂati
2383 5567 2630 5638 superbia
2673 5568 2727 5624 id
2767 5569 3033 5641 egerimus
3053 5612 3068 5637 ,
3114 5570 3221 5640 jam
3259 5586 3355 5641 pro
3379 5571 3582 5626 viribus
3606 5570 3767 5639 palam

2192 5658 2366 5716 facere
2398 5662 2652 5717 conabor.
2703 5662 2835 5717 Nam
2877 5663 2922 5717 si
2969 5663 3052 5717 vel
3092 5664 3335 5720 militaris
3382 5665 3661 5734 legationis
3688 5661 3765 5713 vel

2190 5752 2397 5823 imperii
2425 5753 2581 5809 nobis
2622 5754 2769 5824 Optio
2815 5764 3204 5825 proponeretur
3231 5797 3247 5823 ,
3293 5758 3447 5826 eique
3492 5754 3759 5856 proposito

2191 5842 2490 5900 insisterem
2511 5882 2529 5915 ,
2552 5844 2672 5917 jure
2702 5856 2886 5917 posset
2910 5845 3171 5917 quispiam
3203 5846 3252 5901 id
3284 5848 3348 5904 de
3374 5863 3457 5902 mc
3480 5844 3761 5916 suSpicari;
