3942 6358
465 294 563 349 Ml

466 409 855 483 προκειμένης,
893 410 928 483 ἢ
966 406 1219 464 τοσοῦτον
1275 408 1533 480 ἀνωτέρω
1570 406 1847 477 βασιλείας
1879 407 2136 475 ἔστηκεν,

465 501 590 553 ὅσον
612 499 922 571 πνεύματος
945 500 1038 553 καὶ
1067 498 1267 569 σαρκὸς
1287 496 1350 551 τὸ
1378 499 1561 567 μέσον,
1586 496 1849 566 τολμήσει
1876 513 1960 559 τις
1988 498 2139 566 ἡμᾶς

464 588 768 659 ὑπεροψίας
794 586 1134 659 γράφεσθαι;
1187 587 1297 639 Καὶ
1340 585 1456 648 πῶς
1488 586 1589 637 ούκ
1635 585 1836 638 ἄτοπον
1876 585 2005 647 τοὺς
2038 583 2139 653 μὲν

463 675 533 729 τά
566 675 739 746 μικρά
769 674 1125 736 διαπτύοντας
1148 673 1221 736 ῶς
1242 673 1654 743 παραπαίοντας
1682 671 1982 734 αἰτιᾶσθαι,
2013 674 2140 735 τοὺς

463 762 524 816 δέ
552 763 645 816 ἐπὶ
673 762 779 816 τῶν
805 761 943 829 ἀγαν
975 761 1347 832 ὑπερεχόντων
1381 759 1537 811 τοῦτο
1581 758 1868 823 ποιοῦντας
1899 759 2006 811 τῶν
2041 760 2138 828 μὲν

466 852 566 921 τῆς
623 842 1006 923 παραπληξίας
1057 848 1416 919 ἐγκλημάτων
1476 846 1737 917 ἐξαιρεῖν,
1786 850 1909 911 ταῖς
1949 846 2007 900 δέ
2037 846 2139 916 τῆς

468 937 844 1008 ὑπερηφανίας
875 935 1195 989 ὑποϐάλλειν
1245 933 1479 998 αἰτίαις;
1504 933 1717 1005 Ὥσπερ
1761 933 1830 988 ἂν
1863 935 1915 987 et
1938 950 2022 997 τις
2046 933 2138 986 τὸν

466 1025 668 1094 ἀγέλης
700 1025 838 1095 βοῶν
884 1022 1352 1094 καταφρονοῦντα,
1388 1023 1481 1075 καὶ
1523 1021 1596 1093 μὴ
1638 1022 1959 1092 βουλόμενον
1997 1018 2140 1076 εἶναι

471 1111 745 1181 βουκόλον,
780 1113 860 1175 είς
885 1111 1261 1183 ὑπερηφανίαν
1290 1109 1389 1180 μὲν
1416 1110 1691 1180 οὑδαμῶς,
1728 1111 1807 1174 εἰς
1840 1110 1897 1163 δὲ
1927 1110 2140 1181 φρενῶν

456 1198 724 1253 ἔκστασιν
763 1197 1107 1269 αἰτιώμενος,
1143 1199 1236 1252 τὸν
1267 1198 1483 1269 ἀπάσης
1528 1198 1627 1268 τῆς
1680 1198 2007 1268 οἰκουμένης
2040 1197 2140 1269 τὴν

466 1286 743 1357 βασιλείαν
784 1288 880 1341 καὶ
904 1287 967 1340 τὸ
985 1286 1237 1354 γενέσθαι
1264 1286 1453 1357 κύριον
1483 1287 1591 1339 τῶν
1621 1285 1936 1355 ἁπανταχοῦ
1970 1302 2140 1356 στραο

455 1375 704 1428 ’τοπέδων
739 1376 814 1447 μὴ
835 1375 1121 1445 δεχόμενον
1153 1386 1179 1415 ι
1205 1374 1328 1427 ἀντὶ
1359 1373 1452 1429 τοῦ
1480 1374 1767 1444 μαίνεσθαι
1787 1373 2137 1441 τετυφῶσθαι

465 1461 619 1532 φαίη.
669 1462 807 1515 Ἀλλ’
842 1463 943 1515 οὑκ
974 1461 1091 1515 ἐστι
1110 1461 1306 1525 ταῦτα,
1335 1461 1437 1514 οὐκ
1479 1460 1645 1523 ἐστιν,
1676 1462 1797 1514 οὑδέ
1821 1462 1969 1532 ἡμᾶς
1999 1460 2137 1531 μάλ-

460 1548 555 1601 λον
588 1550 621 1620 ἢ
654 1551 880 1614 ἐαυτοὺς
908 1552 955 1603 οἰ
995 1550 1167 1603 ταῦτα
1208 1549 1459 1618 λέγοντες
1506 1548 1874 1604 διαϐάλλουσι.
1920 1549 1994 1603 Τὸ
2032 1549 2141 1622 γὰρ

466 1636 716 1705 ἐννοῆσαι
749 1637 929 1707 μόνον,
956 1638 1038 1690 ὅτι
1066 1636 1291 1692 δυνατὸν
1316 1635 1636 1708 ἀνθρωπεία
1669 1636 1960 1708 φύσει¹τῆς
1982 1637 2143 1705 άξίας

457 1723 873 1795 ὑπερφρονῆσαι
903 1725 1140 1796 ἐκείνης,
1164 1726 1360 1796 δεῖγμα
1394 1727 1515 1779 κατ’
1539 1724 1719 1779 αὐτῶν
1748 1724 1856 1779 τῶν
1878 1726 2141 1798 ἐκφερόν-

463 1827 572 1863 των
600 1812 747 1864 ὲστὶν
771 1806 838 1883 ἦς
871 1810 1053 1881 ἔχουσι
1089 1813 1217 1884 περὶ
1249 1810 1342 1865 τοῦ
1367 1812 1695 1883 πράγματος
1725 1811 1903 1884 δόξης.
1939 1814 2002 1867 Εἰ
2032 1814 2141 1885 γὰρ

466 1899 543 1971 μὴ
565 1898 673 1952 τῶν
707 1899 979 1970 τυχόντων
1008 1900 1162 1964 αὐτὸ,
1190 1901 1286 1954 καὶ
1309 1895 1385 1954 ὧν
1422 1901 1484 1953 οὑ
1509 1900 1678 1963 πολὺς
1702 1902 1729 1954 ό
1754 1900 1932 1970 λόγος,
1959 1901 2143 1973 ἐνόμι-

463 1986 556 2050 ζον
580 1983 741 2050 εἶναι,
774 1988 883 2041 οὐδ’
906 1987 973 2041 ἂν
1005 1987 1346 2042 ὑποπτεῦσαι
1366 1988 1525 2041 τοῦτο
1555 1988 1788 2060 ἐπῆλθεν
1815 1990 2017 2053 αὑτοῖς.
2044 1990 2142 2045 Διά

456 2073 516 2127 τί
546 2075 655 2144 γὰρ
697 2075 826 2147 περὶ
855 2075 956 2144 τῆς
983 2076 1091 2128 τῶν
1121 2075 1371 2144 ἀγγέλων
1401 2075 1559 2142 ἀξίας
1583 2075 1757 2139 οὐδεὶς
1785 2075 2055 2147 ἐτόλμησέ
2082 2094 2139 2130 τι

460 2160 704 2215 τοιοῦτον
739 2163 1075 2217 ὑποπτεῦσαι
1129 2181 1282 2230 ποτε,
1310 2165 1405 2217 καὶ
1434 2165 1608 2217 εἰπεῖν
1629 2165 1711 2217 ὃτι
1734 2163 1890 2218 ἐστιν
1920 2164 2138 2237 ἀνθρω-

464 2247 594 2318 πίνη
638 2249 784 2321 ψυχὴ
832 2251 899 2304 δι’
934 2250 1194 2305 ἀπόνοιαν
1233 2251 1333 2304 οὑκ
1363 2249 1429 2304 ἂν
1478 2249 1708 2321 ἑλομένη
1743 2251 1771 2291 ι)
1813 2252 1907 2304 ἐπὶ
1937 2252 1999 2305 τὸ
2038 2252 2141 2322 τῆς

462 2337 683 2405 φύσεως
719 2338 933 2409 ἐκείνης
961 2338 1179 2408 ἀξίωμα
1224 2337 1431 2404 ἐλθεῖν;
1460 2338 1688 2407 Μεγάλα
1722 2339 1834 2411 γάρ
1852 2357 1973 2393 τινα
2003 2356 2142 2409 φαν-

464 2424 740 2494 ταζόμεθα
770 2425 898 2496 περί
922 2424 1031 2478 τῶν
1064 2424 1347 2496 δυνάμεων
1397 2425 1642 2492 ἐκείνων,
1674 2426 1771 2479 καὶ
1802 2425 1963 2480 τοῦτο
1992 2429 2144 2499 ἡμᾶς

464 2510 564 2563 οὐκ
588 2511 783 2582 ἀφίησι
808 2512 1094 2566 πιστεῦσαι
1118 2523 1141 2551 ε
1173 2513 1256 2566 ὅτι
1284 2512 1504 2567 δύναται
1533 2512 1820 2584 ἄνθρωπος
1846 2515 1946 2584 τῆς
1975 2516 2142 2586 τιμῆς

465 2599 733 2669 φρονῆσαί
775 2616 829 2653 τι
892 2602 1074 2671 μεῖζον
1122 2601 1358 2672 ἐκείνης.
1385 2600 1550 2653 ’Ὥστε
1606 2601 1807 2664 αὐτοὺς
1843 2601 2043 2672 μᾶλλον
2064 2602 2143 2655 δι·

466 2686 637 2750 καίως
664 2686 733 2741 ἄν
752 2705 837 2751 τις
863 2689 1135 2759 γράψαιτο
1153 2689 1411 2753 ἀπονοίας
1439 2689 1565 2752 τοὺς
1594 2688 1751 2759 ήμῶν
1793 2688 1955 2743 τοῦτο
2002 2708 2105 2745 κατ
2122 2721 2140 2731 -

463 2774 822 2845 ηγοροῦντας.
860 2777 935 2829 Οὑ
969 2777 1078 2847 γάρ
1104 2777 1170 2831 ἀν
1196 2794 1327 2830 ποτε
1360 2780 1489 2848 περὶ
1511 2777 1712 2849 ἐτέρων
1751 2777 1909 2831 τοῦτο
1935 2779 2144 2833 ὑπέλα-

464 2864 581 2927 ϐον,
606 2866 655 2917 εί
688 2863 764 2934 μὴ
794 2864 1062 2936 πρότερον
1094 2865 1250 2918 αὐτοὶ
1301 2865 1398 2919 τοῦ
1429 2865 1778 2936 πράγματος,
1823 2866 1899 2930 ὡς
1931 2867 2146 2931 οὐδενὸς

461 2948 640 3015 ὕντος,
670 2951 1044 3021 κατέγνωσαν.
1079 2954 1144 3007 Εἰ
1175 2952 1233 3006 δὲ
1282 2953 1419 3026 πρὸς
1451 2953 1611 3020 δόξαν
1645 2953 1859 3025 ὁρῶντά
1890 2972 1957 3024 με
1987 2955 2147 3009 τοῦτο

468 3036 825 3108 πεποιηκέναι
860 3039 1026 3108 φασὶν
1071 3039 1123 3107 ά,
1165 3041 1587 3113 περιπίπτοντες
1625 3043 1838 3105 ἑαυτοῖς
1888 3042 2147 3115 ἐλεγχθήο

468 3141 651 3179 σονται
680 3129 773 3181 καὶ
802 3128 1097 3199 μαχόμενοι
1134 3127 1403 3202 φανερῶς
1432 3129 1554 3183 οὑδέ
1584 3129 1695 3202 γὰρ
1715 3126 1832 3184 οῖδα
1864 3130 2051 3194 ποίους
2079 3130 2146 3185 ἂν

467 3212 690 3285 ἐτέρους
712 3214 819 3286 πρὸ
850 3215 1055 3270 τούτων
1079 3215 1351 3288 ἐζήτησαν
1377 3216 1592 3287 λόγους,
1621 3221 1670 3272 εἰ
1708 3218 1817 3272 τῶν
1856 3219 1955 3292 τῆς
1991 3236 2147 3273 κενο-

465 3299 651 3365 δοξίας
673 3303 820 3371 ἡμᾶς
848 3302 1121 3372 ἠθέλησαν
1167 3303 1475 3369 ἀπαλλάξαι
1519 3305 1901 3376 ἐγκλημάτων.

543 3387 609 3458 β’.
634 3389 698 3442 Εἰ
726 3390 834 3461 γὰρ
855 3383 1011 3453 οὗτός
1038 3391 1105 3461 μέ
1130 3408 1261 3445 ποτε
1288 3403 1312 3431 θ
1340 3392 1587 3463 εἰσῆλθεν
1606 3395 1635 3447 ό
1656 3393 1817 3465 ἔρως,
1850 3393 2150 3461 καταδέξα-

473 3475 596 3529 σθαι
633 3476 832 3547 μᾶλλον
859 3478 1048 3549 ἐχρῆν,
1087 3479 1120 3549 ἢ
1157 3482 1371 3549 φυγεῖν.
1398 3480 1498 3534 Διά
1519 3480 1608 3548 τί;
1639 3482 1763 3535 Ὀτι
1791 3481 1990 3553 πολλὴν
2016 3484 2148 3555 ἡμῖν

469 3562 630 3619 τοῦτο
656 3565 758 3635 τὴν
780 3564 935 3631 δόξαν
967 3568 1199 3638 ἤνεγκεν
1231 3568 1317 3623 ἄν.
1353 3568 1429 3621 Τὸ
1467 3569 1577 3642 γάρ
1608 3570 1666 3623 ἐν
1693 3569 1867 3642 τούτῳ
1899 3573 2000 3641 τῆς
2031 3572 2149 3643 ἡλι-

472 3650 599 3715 κίας
636 3651 784 3717 ὅντα,
823 3654 918 3706 καὶ
958 3654 1063 3726 πρὸ
1099 3654 1330 3726 βραχέος
1375 3656 1692 3710 ἀποστάντα
1726 3657 1836 3712 τῶν
1880 3657 2149 3729 βιωτικῶν

472 3741 792 3811 φροντίδων,
819 3740 1079 3814 ἐξαίφνης
1110 3743 1252 3797 οῦτω
1282 3743 1430 3812 δόξαι
1460 3746 1613 3817 παρά
1640 3747 1805 3800 πᾶσιν
1847 3742 1986 3801 εἶναι
2015 3747 2150 3801 θαυ-

473 3826 702 3897 μαστὸν,
727 3825 869 3880 ὥστε
898 3827 1009 3881 τῶν
1048 3828 1138 3881 τὸν
1172 3828 1389 3884 ἅπαντα
1427 3832 1620 3903 χρόνον
1658 3835 1716 3886 ἐν
1744 3836 1858 3896 τοῖς
1885 3833 2149 3897 τοιούτοις

473 3914 923 3980 ἐξαναλωθέντων
958 3916 1143 3981 πόνοις
1178 3920 1603 3990 προτιμηθῆναι,
1636 3920 1728 3976 καὶ
1766 3921 2015 3985 πλείονας
2044 3922 2151 3993 ψή-

477 4020 612 4071 φους
640 4003 856 4057 πάντων
883 4004 1103 4058 ἐκείνων
1119 4006 1324 4070 λαϐεῖν,
1347 4006 1636 4078 θαυμαστά
1660 4026 1783 4062 τινα
1814 4010 1909 4063 καὶ
1939 4011 2149 4081 μεγάλα

472 4093 605 4164 περὶ
629 4090 784 4163 ἡμῶν
822 4094 1031 4157 πάντας
1070 4093 1134 4147 ἂν
1175 4097 1504 4150 ὑποπτεύειν
1535 4097 1751 4165 ἔπεισε,
1793 4099 1886 4151 καὶ
1917 4101 2150 4169 σεμνοὺς

476 4179 541 4234 ἂν
564 4183 714 4252 ἡμᾶς
743 4182 836 4235 καὶ
860 4182 1253 4255 περιϐλέπτους
1288 4184 1608 4256 κατέστησε.
1636 4186 1750 4241 Νῦν
1769 4186 1847 4253 δέ,
1877 4187 2016 4259 πλὴν
2041 4187 2151 4241 ὀλί-

473 4286 618 4338 γων,
655 4270 718 4323 τὸ
746 4272 910 4325 πλέον
948 4274 1047 4345 τῆς
1090 4272 1417 4345 Ἐκκλησίας
1446 4275 1610 4345 μέρος
1642 4276 1750 4329 οὐδ’
1791 4277 1850 4341 ἐξ
1889 4277 2150 4348 ὀνόματος

470 4360 624 4428 ἡμᾶς
650 4360 850 4413 ῖσασιψ
880 4360 1020 4414 ὥστε
1053 4362 1174 4415 οὐδὲ
1211 4364 1293 4415 ὅτι
1334 4364 1697 4436 παρῃτήμεθα
1731 4366 1895 4418 πᾶσιν
1929 4365 2084 4420 ἔσται
2125 4366 2145 4406 ί

475 4446 730 4517 φανερὸν,
773 4447 887 4500 ἀλλ’
916 4448 1119 4517 ὀλίγοις
1163 4451 1330 4512 τισὶν,
1376 4450 1470 4514 οὒς
1513 4453 1621 4504 οὐδ’
1663 4454 1859 4518 αὑτοὺς
1901 4450 2053 4525 οἶμαι
2089 4455 2150 4509 τὸ

479 4533 647 4601 σαφὲς
676 4533 873 4587 εἰδέναι
909 4534 1135 4598 πάντας.
1160 4535 1318 4600 Εἰκὸς
1344 4537 1401 4589 δὲ
1428 4540 1518 4591 καὶ
1534 4538 1681 4610 [582]
1697 4539 1902 4594 τούτων
1923 4541 2150 4604 πολλοὺς

477 4620 511 4690 ἢ
541 4621 662 4690 μηδ’
693 4621 828 4686 ὅλως
866 4622 1014 4693 ἡμᾶς
1046 4623 1283 4695 ᾑρῆσθαι
1316 4627 1553 4696 νομίσαι,
1584 4628 1618 4699 ἢ
1655 4627 1970 4700 παρεῶσθαι
2014 4630 2150 4700 μετά

475 4710 576 4780 τὴν
602 4708 834 4781 αἵρεσιν,
871 4709 1276 4783 ἀνεπιτηδείους
1322 4706 1461 4768 εἶναι
1490 4714 1769 4783 δόξαντας,
1795 4718 1895 4788 ούχ
1924 4717 2151 4783 ἐκόντας

478 4799 688 4866 φυγεῖν.
1951 4848 1959 4857 ,

549 4892 618 4954 γ’.
665 4884 887 4942 ΒΑΣΙΛ.
944 4888 1087 4942 Ἀλλ’
1138 4888 1189 4942 οἱ
1241 4888 1470 4962 τάληθὲς
1513 4890 1713 4954 εἰδότες
1758 4892 2148 4963 θαυμάσονται.

476 4973 815 5029 ΧΡΥΣΟΣΤ.
860 4976 970 5029 Καὶ
1008 4975 1113 5047 μὴν
1152 4976 1374 5040 τούτους
1412 4978 1547 5047 ἔφης
1589 4979 1665 5044 ὡς
1710 4980 2021 5047 κενοδόξους
2059 4985 2153 5038 καὶ

479 5062 864 5135 ὑπερηφάνους
880 5064 1186 5118 διαϐάλλειν
1204 5067 1369 5137 ἡμᾶς.
1393 5067 1562 5119 Πόθεν
1573 5063 1664 5121 οῦν
1677 5068 1822 5124 ἐστιν
1835 5069 2050 5124 ἐλπίσαι
2064 5073 2152 5126 τὸν

1375 5153 1513 5175 ῒιῖὶῖ

478 5149 730 5216 ἐπαινον;
771 5152 903 5206 Ἀπὸ
932 5152 1040 5206 τῶν
1085 5152 1331 5223 πολλῶν;
1375 5153 1513 5208 Ἀλλ’
1546 5156 1647 5209 οὑκ
1689 5155 1833 5209 ῐσασι
1866 5156 1929 5209 τὸ
1960 5158 2150 5229 σαφές.

540 5315 568 5381 ξ
598 5315 747 5381 ξενί-Ι.
771 5321 822 5364 et
846 5315 1029 5381 aliqua!
1058 5330 1174 5364 mqs.
1198 5318 1260 5381 μὴ
1293 5318 1688 5381 καταδεχόμενον.

540 5370 566 5410 ¹ι
591 5377 739 5426 Savll.
767 5383 820 5448 fl.
838 5370 1025 5448 aliqluol
1045 5392 1167 5448 :nss.
1311 5370 1591 5443 ἀνιχοιῌνη.
1641 5399 1660 5428 ι
1686 5380 1949 5432 Nonnullis
1987 5384 2159 5448 conje-

480 5447 615 5502 clum
640 5449 720 5502 est
743 5438 829 5488 οὐκ
855 5440 1180 5502 ἀνελομένη.)
1218 5440 1348 5489 Enn.

543 5503 567 5531 °
595 5500 792 5559 Aliquot
814 5513 923 5547 mss.
947 5499 1263 5550 ὑποπτεῦσαι.
1289 5502 1387 5552 Alli
1417 5508 1470 5551 el.
1489 5502 1612 5553 editi
1633 5503 1902 5557 πιστεῦσαι.

544 5560 573 5624 f1
598 5562 747 5624 εμνιι.
763 5566 817 5609 et
839 5562 986 5621 aliqui
1010 5563 1234 5624 φήσουσι.

541 5623 569 5685 ‘_
590 5621 797 5685 Aliquot
819 5621 1130 5685 manusci'jpli
1149 5624 1228 5685 μοί
1243 5641 1376 5673 ποτε.

550 5681 569 5718 ῐ
602 5682 694 5754 A'lii
718 5682 861 5753 πᾶσίν
900 5683 1018 5754 ἐστι.
1041 5681 1168 5754 Ιὶιζζὰ
1206 5685 1294 5754 _a_lii
1326 5686 1519 5742 πάνταςο
1548 5688 1652 5754 ἀλλ’
1684 5690 1825 5747 εἰκός.
1849 5689 2157 5754 Paulqpost

480 5741 1058 5865 ἒᾛιεὲὸθὲμρεώσασθαι,
1104 5745 1255 5795 Savli.
1310 5741 1661 5813 παρεωρδωθαι,
1706 5741 1821 5803 ωεέ.
1871 5741 2152 5814 ςοητριὺτεσ

1245 292 1302 348 S.
1343 289 1630 348 JOANNlS
1666 286 2167 347 CHRYSOSTOMI
2206 288 2530 348 ARCIIIEP.
2571 288 3122 347 CONSTANTINOP.
3778 295 3865 352 ϐω

2255 408 2393 462 Ἀλλ’
2426 409 2491 461 ἐκ
2519 407 2629 460 τῶν
2657 408 2882 476 ὀλίγων;
2931 404 3093 459 Ἀλλά
3113 403 3390 459 κάνταῦθα
3420 403 3547 476 ἡμῖν
3583 406 3657 469 εἰς
3682 406 3867 464 τούναν-

2241 495 2353 548 τίον
2384 495 2446 548 τὸ
2471 499 2705 567 πρᾶγμα
2734 494 3163 566 περιτέτραπται
3206 494 3256 545 ⁸.
3301 492 3433 545 Οὐδὲ
3473 494 3581 564 γὰρ
3612 496 3781 567 ἐτέρου
3803 515 3864 552 τι-

2243 585 2333 648 νὸς
2369 584 2554 637 ἕνεκεν
2580 582 2768 637 ἐνθάδε
2797 582 3043 652 εἰσῆλθες
3070 581 3186 647 νῦν,
3222 580 3337 634 ἀλλ’
3360 580 3445 634 ῖνα
3469 581 3659 653 μάθῃς,
3685 585 3731 637 τί
3758 588 3865 658 πρὸς

2245 671 2487 735 ἐκείνους
2532 669 2978 741 ἀπολογήσασθαι
3027 670 3161 724 δέοι.
3218 669 3330 723 Καὶ
3385 670 3437 722 τί
3486 670 3685 725 τούτων
3713 675 3867 729 ἐνεκεν

2241 759 2707 831 ἀκριϐολογοῦμαι
2738 758 2869 825 νῦν;
2906 759 3031 812 Ὀτι
3069 759 3198 829 γὰρ,
3223 758 3271 810 εί
3294 756 3388 811 καὶ
3434 759 3629 823 πάντες
3658 760 3684 800 h
3705 761 3865 831 ᾔδεσαν

2240 848 2493 919 τάληθὲς,
2540 847 2661 901 οὐδὲ
2696 847 2866 911 οὕτως
2909 847 3057 916 ἡμᾶς
3113 846 3433 917 ἀπονοίαςῆ
3478 847 3762 913 φιλοδοξίας
3784 851 3864 906 ἔδει

2242 936 2470 1007 κρίνειν,
2497 936 2691 1006 μικρὸν
2738 936 3048 1005 ἀνάμεινον,
3081 934 3177 988 καὶ
3203 932 3361 987 τοῦτο
3392 936 3509 1006 εἴσῃ
3558 937 3751 1005 σαφῶς.
3780 940 3867 994 Καὶ

2244 1024 2379 1095 πρὸς
2404 1022 2576 1091 τούτῳ
2614 1022 2776 1077 πάλιν
2810 1025 3004 1076 ἐκεῖνο·
3034 1023 3117 1076 ὅτι
3162 1024 3223 1076 ού
3278 1025 3391 1086 τοῖς
3431 1023 3630 1093 ταύτην
3665 1025 3867 1095 τολμῶσι

2242 1113 2340 1183 τὴν
2360 1112 2563 1184 τόλμαν
2596 1113 2775 1182 μόνον,
2809 1111 2969 1182 εῖπερ
3010 1111 3097 1174 τίς
3145 1112 3293 1164 ἐστιν
3344 1108 3641 1181 ἀνθρώπων
3680 1112 3754 1182 (οὑ
3780 1115 3869 1187 γάρ

2243 1200 2419 1269 ἔγωγε
2443 1200 2747 1270 πείθομαι),
2777 1198 2914 1254 ἀλλά
2963 1198 3057 1252 καὶ
3083 1200 3197 1261 τοῖς
3220 1198 3352 1268 περὶ
3401 1199 3603 1271 ἐτέρων
3640 1201 3870 1255 ὑποπτεύ-

2243 1288 2640 1352 ουσι,κίνδυνος
2669 1287 3006 1341 ἐπικείσεται
3033 1287 3131 1340 ίού
3162 1288 3380 1359 μικρός.

2313 1376 2377 1429 δ’.
2414 1377 2480 1428 Ἦ
2509 1376 2619 1447 γὰρ
2649 1369 2916 1447 ἱερωσύνη
2954 1375 3187 1429 τελεῖται
3213 1374 3312 1445 μὲν
3341 1374 3432 1428 ἐπὶ
3464 1376 3561 1446 τῆς
3603 1375 3722 1446 γῆς,
3747 1377 3871 1441 τάξιν

2243 1464 2301 1518 δέ
2334 1465 2677 1535 ἐπουρανίων
2704 1464 2817 1534 ἔχει
2839 1466 3156 1535 ταγμάτων
3191 1465 3285 1519 καὶ
3308 1464 3453 1535 μάλα
3490 1482 3551 1533 γε
3576 1465 3868 1529 εἰκότως.ού

2243 1551 2356 1624 γὰρ
2380 1551 2686 1624 ἄνθρωπος,
2712 1553 2812 1605 οὑκ
2833 1551 3083 1620 ἄγγελος,
3118 1551 3218 1604 οὑκ
3250 1551 3609 1622 ἀρχάγγελος,
3639 1553 3729 1606 ούκ
3762 1553 3867 1625 άλλη

2244 1657 2329 1703 τις
2366 1641 2559 1710 κτιστὴ
2593 1639 2845 1710 δύναμις,
2883 1640 2998 1693 ἀλλ’
3033 1640 3195 1704 αὐτὸς
3239 1643 3268 1693 ό
3308 1640 3661 1711 Παράκλητος
3704 1639 3870 1711 ταύτην

2243 1727 2526 1792 διετάξατο
2542 1728 2642 1798 τὴν
2670 1727 3011 1791 ἀκολουθίαν,
3030 1729 3126 1781 καὶ
3155 1727 3236 1781 ἐτι
3268 1728 3525 1798 μένοντας
3549 1729 3604 1781 ἐν
3632 1730 3777 1799 σαρκὶ
3793 1732 3870 1801 τὴν

2242 1815 2353 1869 τῶν
2379 1815 2625 1885 ἀγγέλων
2647 1815 2829 1868 ἔπεισε
2859 1815 3221 1885 φαντάζεσθαι
3249 1814 3544 1869 διακονίαν.
3570 1815 3656 1869 Διὸ
3684 1816 3774 1888 χρὴ
3800 1818 3870 1870 τὸν

2247 1903 2543 1974 ἱερωμένον
2570 1903 2760 1975 ῶσπερ
2788 1904 2848 1955 ἐν
2872 1903 3055 1967 αὐτοῖς
3085 1904 3294 1957 ἐστῶτα
3311 1907 3422 1967 τοῖς
3440 1904 3682 1975 οὐρανοῖς
3709 1904 3869 1973 μεταξὺ

2243 1991 2353 2045 τῶν
2396 1991 2680 2062 δυνάμεων
2723 1990 2947 2045 ἐκείνων
2986 1990 3160 2055 οὕτως
3210 1987 3349 2044 εἶναι
3402 1992 3655 2063 καθαρόν.
3699 1992 3871 2060 Φοϐερὰ

2249 2079 2349 2151 μὲν
2374 2080 2484 2151 γὰρ
2510 2081 2604 2135 καὶ
2633 2079 3046 2152 φρικωδέστατα
3069 2082 3164 2134 καὶ
3188 2080 3256 2133 τά
3284 2080 3392 2151 πρὸ
3419 2080 3520 2151 τῆς
3541 2081 3761 2151 χάριτος,
3786 2076 3871 2132 οἷον

2244 2170 2292 2222 οἰ
2318 2167 2584 2232 κώδωνες,
2602 2170 2651 2222 οἰ
2686 2170 2914 2242 ῥοῖσκοι,
2932 2170 2982 2222 οἱ
3006 2168 3144 2222 λίθοι
3173 2170 3222 2223 οἰ
3246 2168 3339 2222 ἐπὶ
3358 2167 3451 2223 τοῦ
3480 2168 3717 2239 στήθους,
3738 2165 3873 2234 citi};

2245 2256 2539 2327 ἐπωμίδος,
2566 2258 2599 2328 ἡ
2627 2256 2813 2327 μίτρα,
2843 2260 2877 2328 η
2920 2256 3153 2327 κίδαρις,
3176 2259 3206 2312 ό
3233 2256 3498 2327 ποδήρης,
3523 2256 3585 2308 τὸ
3606 2254 3807 2308 πέταλον
3824 2253 3870 2305 τὸ

2244 2343 2501 2415 χρυσοῦν,
2549 2345 2619 2398 τά
2664 2347 2797 2415 διγια
2824 2345 2932 2400 τῶν
2966 2346 3167 2414 ἁγίων,
3198 2346 3232 2416 ἡ
3270 2344 3440 2415 πολλὴ
3476 2342 3583 2397 τῶν
3614 2342 3747 2397 ἔνδον
3770 2342 3872 2411 ἡρε-

2250 2432 2368 2502 μία·
2411 2431 2550 2485 Ἀλλ’
2578 2433 2633 2486 ετ
2656 2450 2742 2496 τις
2763 2433 2834 2486 τὰ
2872 2435 2972 2504 τῆς
3000 2434 3224 2504 χάριτος
3248 2431 3548 2499 ἐξετάσειε,
3584 2428 3741 2501 μικρὰ
3769 2428 3871 2481 ὂντα

2248 2516 2471 2587 εὑρήσει
2518 2516 2586 2569 τά
2621 2516 2830 2587 φοϐερά
2873 2518 2969 2571 καὶ¹
3016 2516 3435 2588 φρικωδέστατα
3467 2516 3666 2578 ἐκεῖνα,
3716 2512 3797 2565 καὶ
3824 2510 3873 2562 τὸ

2248 2607 2497 2681 περὶτοῦ
2549 2609 2717 2679 νόμου
2763 2609 2953 2679 λεχθὲν
3009 2608 3288 2663 κάνταῦθα
3325 2606 3528 2678 ἀληθὲς
3564 2604 3641 2670 δν,
3667 2605 3781 2657 Ὀτι
3815 2602 3873 2654 οὑ

2248 2698 2608 2764 δεδόξασται
2651 2700 2719 2753 τὸ
2762 2699 3211 2770 δεδοξασμένον
3260 2699 3332 2751 ἐν
3384 2700 3576 2763 τούτῳ
3619 2696 3693 2762 τῷ
3740 2693 3873 2765 μέρει

2247 2791 2457 2845 ἕνεκεν
2484 2791 2596 2860 τῆς
2645 2792 3150 2861 ὑπερϐαλλούσης
3202 2790 3406 2859 δόξης.
3445 2790 3615 2842 Ὅταν
3660 2786 3755 2856 γὰρ
3782 2785 3874 2854 ἴδῃς

2246 2881 2338 2934 τὸν
2370 2881 2574 2951 Κύριον
2621 2880 2915 2951 τεθυμένον
2972 2882 3067 2935 καὶ
3112 2880 3385 2951 κείμενον,
3432 2877 3647 2931 καὶτὸν
3695 2870 3861 2945 ἱερέαὶ

2249 2970 2532 3040 ἐφεστῶτα
2575 2969 2655 3040 τῷ
2706 2969 2929 3042 θύματι,
2973 2971 3069 3024 καὶ
3118 2969 3509 3040 ἐπευχόμενον,
3561 2965 3652 3020 καὶ
3703 2964 3873 3023 πάντας

2251 3058 2446 3131 ἐκείνῳ
2477 3060 2556 3131 τῷ
2576 3060 2746 3131 τιμίῳ
2780 3060 3223 3132 φοινισσομένους
3278 3060 3498 3130 αἵματι.
3533 3053 3639 3129 ἆρα
3671 3053 3740 3108 έτι
3764 3049 3873 3123 μετὰ

2249 3146 2557 3220 ἀνθρώπων
2595 3143 2733 3201 εἶναι
2760 3148 3025 3218 νομίζεις,
3057 3148 3153 3202 καὶ
3173 3149 3266 3200 ἐπὶ
3286 3148 3381 3218 τῆς
3403 3147 3512 3217 γῆς
3540 3145 3763 3206 ἐστὰναι,
3784 3139 3874 3193 ἀλλ’

2251 3236 2351 3289 οὐκ
2380 3235 2580 3299 εὐθέως
2612 3236 2705 3289 ἐπὶ
2725 3237 2852 3300 τοὺς
2889 3236 3151 3307 οὐρανοὺς
3181 3235 3596 3305 μετανίστασαι,
3622 3234 3707 3286 καὶ
3729 3230 3873 3283 πᾶσαν

2252 3324 2520 3397 σαρκικὴν
2548 3324 2787 3378 διάνοιαν
2814 3324 2914 3395 τῆς
2947 3323 3127 3394 ψυχῆς
3165 3320 3433 3387 ἐκϐαλὼν,
3471 3323 3649 3393 γυμνῇ
3671 3314 3872 3408 τῇῗψυχῇ

2252 3412 2345 3467 καὶ
2370 3410 2449 3483 τῷ
2475 3410 2550 3482 νῷ
2588 3411 2814 3483 καθαρῷ
2839 3411 3191 3483 περιϐλέπεις
3226 3411 3295 3464 τά
3317 3412 3375 3464 ἐν
3405 3411 3684 3483 οὐρανοῖςς
3715 3407 3770 3458 Ὦ
3801 3407 3873 3453 τοῦ

2252 3497 2556 3570 θαύματοςί
2582 3497 2628 3552 ῶ
2659 3501 2757 3571 τῆς
2788 3498 2881 3552 τοῦ
2907 3498 3043 3551 Θεοῦ
3076 3497 3494 3569 φιλανθρωπίας
3520 3499 3533 3552 !
3574 3497 3631 3550 Ὀ
3663 3491 3783 3566 μετὰ
3802 3487 3873 3541 τοῦ

2251 3587 2465 3659 Πατρδς
2517 3586 2630 3641 ἀνω
2659 3586 2987 3658 καθήμενος,
3040 3586 3183 3641 κατὰ
3214 3587 3313 3657 τὴν
3360 3585 3516 3657 ὥραν
3551 3585 3750 3654 ἐκείνην
3784 3579 3875 3638 ταῖς

2252 3675 2506 3729 ἀπάντων
2532 3674 2822 3745 κατέχεται
2856 3674 3034 3745 χερσὶ,
3088 3673 3185 3727 καὶ
3216 3673 3430 3727 δίδωσιν
3458 3673 3621 3728 αὑτὸν
3658 3673 3757 3733 τοῖς
3779 3667 3874 3737 βου·-

2251 3761 2497 3833 λομένοις
2518 3760 2953 3833 περιπτύξασθαι
2972 3761 3068 3815 καὶ
3097 3760 3427 3831 περιλαϐεῖν.
3453 3760 3669 3813 Ποιοῦσι
3687 3758 3738 3811 δὲ
3755 3752 3874 3807 τοῦτο

2252 3851 2453 3915 πάντες
2478 3850 2565 3904 διὰ
2612 3850 2721 3904 τῶν
2753 3849 3047 3921 ὀφθαλμῶν
3098 3851 3197 3920 τῆς
3229 3848 3487 3911 πίστεως.
3526 3843 3665 3919 *Δρά
3704 3861 3774 3897 σοι
3804 3836 3874 3892 τοῦ

2253 3940 2714 4011 καταφρονεῖσθαι
2778 3938 2949 3992 ταῦτα
2989 3934 3114 4003 ἀξια
3163 3937 3578 4005 καταφαίνεται,
3615 3936 3646 4005 ἢ
3693 3929 3875 3986 τοιαῦτα

2254 4026 2493 4102 εἶναιῶς
2521 4027 2817 4098 δυνηθῆναί
2874 4044 2999 4081 τινα
3047 4026 3140 4079 καὶ
3194 4025 3508 4097 ἐπαρθῆναι
3558 4024 3670 4077 κατ’
3706 4017 3875 4077 αὐτῶνς

2252 4117 2442 4171 Βούλει
2465 4117 2557 4169 καὶ
2589 4115 2649 4180 ἐξ
2677 4115 2864 4187 ἐτέρου
2896 4114 3173 4184 θαύματος
3211 4113 3311 4182 τῆς
3370 4113 3684 4181 ἀγιαστείας
3712 4106 3878 4170 ταύτης

2258 4206 2385 4260 ἰδεῖν
2413 4206 2511 4276 τὴν
2555 4203 2896 4276 ὑπερϐολήν;
2953 4201 3269 4272 ὑπόγραψόν
3319 4218 3409 4271 μοι
3450 4202 3543 4254 τὸν
3578 4199 3750 4253 Ἠλίαν
3792 4194 3878 4250 τοῖς

2251 4291 2571 4363 ὀφθαλμοῖς,
2597 4293 2692 4345 καὶ
2721 4292 2811 4344 τὸν
2851 4291 3079 4362 άπειρον
3129 4290 3283 4359 δχλον
3311 4288 3672 4360 περιεστῶτα,
3698 4283 3777 4338 καὶ
3802 4279 3878 4348 τὴν

2254 4380 2443 4433 θυσίαν
2466 4380 2558 4433 ἐπὶ
2583 4380 2691 4432 τῶν
2710 4378 2874 4431 λίθων
2901 4377 3182 4448 κειμένην,
3205 4378 3300 4430 καὶ
3328 4376 3536 4440 πάντας
3575 4375 3669 4446 μὲν
3698 4375 3748 4425 ἐν
3772 4372 3877 4439 ἠσυ-

2253 4470 2346 4540 χίᾳ
2371 4468 2498 4531 τοὺς
2527 4467 2746 4522 λοιποὺς
2781 4466 2874 4519 καὶ
2904 4466 3072 4537 πολλῇ
3105 4469 3169 4538 τῇ
3204 4468 3351 4536 σιγῇ,
3402 4465 3564 4535 μόνον
3594 4463 3650 4517 δέ
3671 4462 3751 4515 τὸν
3775 4471 3880 4527 προ-

2255 4559 2432 4629 φήτην
2462 4556 2776 4625 εὐχόμενον·
2811 4548 2931 4605 εἶτα
2978 4553 3237 4625 ἐξαίφνης
3273 4554 3372 4624 τὴν
3409 4552 3584 4623 φλόγα
3615 4552 3675 4603 ἐκ
3695 4547 3788 4601 τῶν
3814 4543 3881 4596 οὐ·

2257 4643 2433 4718 ρανῶν
2459 4643 2608 4715 [585]
2668 4643 2764 4696 ἐπὶ
2823 4642 2883 4694 τὸ
2938 4643 3133 4713 ἱερεῖον
3192 4640 3596 4714 ῥιπτουμένη-ιο
3637 4629 3881 4706 θαυμαστὲ

2253 4732 2428 4787 ταῦτα
2456 4733 2551 4785 καὶ
2581 4733 2762 4803 πάσης
2792 4729 3108 4801 ἐκπλήξεως
3134 4730 3394 4801 γέμοντα.
3433 4723 3711 4797 Μετάϐηθι
3740 4721 3882 4775 τοίνυν

2254 4820 2464 4874 ἐκεῖθεν
2495 4820 2588 4872 ἐπὶ
2617 4819 2687 4872 τά
2711 4818 2804 4872 νῦν
2846 4819 3176 4886 τελούμενα,
3229 4819 3324 4871 καὶ
3378 4819 3438 4871 ού
3476 4812 3754 4887 θαυμαστά
3789 4808 3880 4875 ὄξει

2259 4908 2437 4979 μόνον,
2459 4906 2595 4961 ἀλλά
2620 4906 2714 4961 καὶ
2743 4907 2925 4959 πᾶσαν
2950 4905 3212 4978 ἔκπληξιν
3243 4905 3658 4977 ὑπερϐαίνοντα.
3679 4900 3878 4963 Ἐστηκε

2254 4994 2417 5065 γάρὸ
2451 4994 2652 5065 ἱερεὺς.
2685 4993 2748 5046 οὐ
2779 4992 2889 5065 πῦρ
2940 4993 3291 5064 καταφέρων,
3318 4994 3453 5047 ἀλλὰ
3502 4994 3561 5047 τὸ
3615 4988 3815 5058 Πνεῦμα
3837 4979 3881 5033 τὸ

2255 5082 2430 5151 ἀγιον·
2460 5083 2557 5136 καὶ
2581 5082 2680 5152 τὴν
2706 5083 2987 5154 ἱκετηρίαν
3022 5082 3113 5136 ἐπὶ
3138 5082 3273 5135 πολὺ
3310 5085 3560 5147 ποιεῖται,
3592 5082 3686 5149 οὑχ
3717 5078 3791 5129 ἵνα
3818 5084 3881 5128 τις

2254 5170 2477 5242 λαμπὰς
2498 5171 2704 5225 ἄνωθεν
2757 5172 3021 5241 ἀφεθεῖσα
3068 5170 3424 5244 καταναλώσῃ
3469 5171 3538 5225 τά
3567 5165 3882 5259 προκείμενα,

2254 5258 2369 5313 ἀλλ’
2400 5259 2485 5312 ἵνα
2515 5261 2547 5328 ὴ
2576 5259 2736 5332 χάρις
2786 5258 3125 5313 ἐπιπεσοῦσα
3168 5262 3234 5331 τῇ
3293 5258 3455 5329 θυσία
3482 5259 3550 5313 δι’
3579 5257 3778 5322 ἐκείνης
3805 5257 3883 5306 τας

2255 5347 2510 5402 ἁπάντων
2537 5349 2720 5421 ἀνάψῃ
2744 5350 2942 5420 ψυχάς,
2970 5349 3066 5404 καὶ
3090 5349 3355 5420 ἀργυρίου
3380 5346 3752 5420 λαμπροτέρας
3778 5341 3886 5393 ἀπο·

2254 5434 2404 5507 δείξῃ
2432 5438 2852 5508 πεπυρωμένου.
2914 5436 3130 5509 Ταύτης
3179 5432 3274 5491 οὖν
3330 5436 3432 5507 τῆς
3481 5427 3885 5505 φρικωδεστάτης

2255 5523 2479 5594 τελετῆς
2522 5525 2607 5588 τίς
2661 5525 2737 5596 μὴ
2782 5523 2990 5598 σφόδρα
3040 5524 3386 5597 μαινόμενος,
3424 5522 3558 5595 μηδὲ
3588 5512 3881 5587 ἐξεστηκὺςι

2321 5630 2346 5704 Ξ
2369 5628 2571 5704 9.va
2589 5630 2904 5704 ῖούνεντέονέ
2926 5631 3313 5704 λάγοςηπειιτέτρ-

2322 5688 2351 5754 ξι
2374 5690 2545 5754 Morel.
2582 5693 2721 5741 εἶκαὶ
2745 5695 2808 5754 μή
2826 5687 3014 5751 πάντες,
3049 5687 3198 5743 Savil.
3224 5687 3283 5743 ei
3298 5706 3415 5742 mss.
3439 5692 3478 5754 εἰ
3496 5691 3578 5754 καὶ
3595 5687 3766 5754 πάντες.

2328 5752 2349 5819 ί»
2367 5753 2518 5819 89le
2542 5761 2598 5803 el.
2616 5750 2801 5819 aliqubl
2826 5768 2940 5819 mss.
2965 5750 3287 5819 ἀποκείσεται,
3314 5752 3497 5815 Iorel.‘
3512 5750 3792 5801 ἐπιπίπτει.

2337 5816 2352 5865 l
2381 5814 2580 5876 Aliquot
2602 5814 2718 5863 mss;
2744 5815 2825 5862 τὸν
2849 5816 3089 5882 ἀρχιερέα.
