  <div class='ocr_page' id='page_1' title='image "/cluster/home/n/w/nwhite01/storage/ocr_20150623/48:no.1:pt.2/coo.31924054869478/122.png"; bbox 0 0 3942 6360; ppageno 0'>
   <div class='ocr_carea' id='block_1_1' title="bbox 164 330 2108 400">
    <p class='ocr_par' dir='ltr' id='par_1_1' title="bbox 164 330 2108 400">
     <span class='ocr_line' id='line_1_1' title="bbox 164 330 2108 400; baseline -0.006 -1"><span class='ocrx_word' id='word_1_1' title='bbox 164 345 243 400; x_wconf 65' lang='grc' dir='ltr'><strong>οη</strong></span> <span class='ocrx_word' id='word_1_2' title='bbox 1257 332 1346 389; x_wconf 84' lang='lat' dir='ltr'><strong>DE</strong></span> <span class='ocrx_word' id='word_1_3' title='bbox 1384 330 1827 389; x_wconf 82' lang='lat' dir='ltr'><strong>SACERDOTIO.</strong></span> <span class='ocrx_word' id='word_1_4' title='bbox 1868 330 1997 391; x_wconf 86' lang='lat' dir='ltr'><strong>LIB.</strong></span> <span class='ocrx_word' id='word_1_5' title='bbox 2022 330 2108 388; x_wconf 78' lang='lat' dir='ltr'><strong>III.</strong></span> 
     </span>
    </p>
   </div>
   <div class='ocr_carea' id='block_1_2' title="bbox 168 448 1705 525">
    <p class='ocr_par' dir='ltr' id='par_1_2' title="bbox 168 448 1705 525">
     <span class='ocr_line' id='line_1_2' title="bbox 168 448 1705 525; baseline -0.007 -11"><span class='ocrx_word' id='word_1_6' title='bbox 168 466 254 515; x_wconf 85' lang='lat' dir='ltr'><strong>imo</strong></span> <span class='ocrx_word' id='word_1_7' title='bbox 275 470 370 511; x_wconf 89' lang='lat' dir='ltr'><strong>non</strong></span> <span class='ocrx_word' id='word_1_8' title='bbox 406 452 514 525; x_wconf 91' lang='lat' dir='ltr'><strong>jam</strong></span> <span class='ocrx_word' id='word_1_9' title='bbox 555 450 847 522; x_wconf 68' lang='lat' dir='ltr'><strong>superbiae,</strong></span> <span class='ocrx_word' id='word_1_10' title='bbox 885 449 978 506; x_wconf 89' lang='lat' dir='ltr'><strong>sed</strong></span> <span class='ocrx_word' id='word_1_11' title='bbox 1008 450 1252 506; x_wconf 65' lang='lat' dir='ltr'><strong>amentiae</strong></span> <span class='ocrx_word' id='word_1_12' title='bbox 1274 464 1358 506; x_wconf 90' lang='lat' dir='ltr'><strong>me</strong></span> <span class='ocrx_word' id='word_1_13' title='bbox 1387 462 1574 504; x_wconf 91' lang='lat' dir='ltr'><strong>omnes</strong></span> <span class='ocrx_word' id='word_1_14' title='bbox 1606 448 1705 504; x_wconf 82' lang='lat' dir='ltr'><strong>da-</strong></span> 
     </span>
    </p>
   </div>
   <div class='ocr_carea' id='block_1_3' title="bbox 168 540 1700 613">
    <p class='ocr_par' dir='ltr' id='par_1_3' title="bbox 168 540 1700 613">
     <span class='ocr_line' id='line_1_3' title="bbox 168 540 1700 613; baseline -0.005 -8"><span class='ocrx_word' id='word_1_15' title='bbox 168 553 381 605; x_wconf 80' lang='lat' dir='ltr'><strong>mnarent</strong></span> <span class='ocrx_word' id='word_1_16' title='bbox 426 560 441 598; x_wconf 89' lang='lat'><strong>:</strong></span> <span class='ocrx_word' id='word_1_17' title='bbox 491 551 547 598; x_wconf 89' lang='lat' dir='ltr'><strong>at</strong></span> <span class='ocrx_word' id='word_1_18' title='bbox 592 542 888 598; x_wconf 90' lang='lat' dir='ltr'><strong>sacerdotio</strong></span> <span class='ocrx_word' id='word_1_19' title='bbox 937 540 1241 613; x_wconf 88' lang='lat' dir='ltr'><strong>proposito,</strong></span> <span class='ocrx_word' id='word_1_20' title='bbox 1308 541 1448 612; x_wconf 89' lang='lat' dir='ltr'><strong>quod</strong></span> <span class='ocrx_word' id='word_1_21' title='bbox 1496 551 1700 597; x_wconf 89' lang='lat' dir='ltr'><strong>tantum</strong></span> 
     </span>
    </p>
   </div>
   <div class='ocr_carea' id='block_1_4' title="bbox 166 636 1708 710">
    <p class='ocr_par' dir='ltr' id='par_1_4' title="bbox 166 636 1708 710">
     <span class='ocr_line' id='line_1_4' title="bbox 166 636 1708 710; baseline -0.002 -15"><span class='ocrx_word' id='word_1_22' title='bbox 166 640 357 710; x_wconf 89' lang='lat' dir='ltr'><strong>imperio</strong></span> <span class='ocrx_word' id='word_1_23' title='bbox 401 636 679 691; x_wconf 82' lang='lat' dir='ltr'><strong>sublimius</strong></span> <span class='ocrx_word' id='word_1_24' title='bbox 722 643 842 703; x_wconf 89' lang='lat' dir='ltr'><strong>est,</strong></span> <span class='ocrx_word' id='word_1_25' title='bbox 888 644 1140 707; x_wconf 91' lang='lat' dir='ltr'><strong>quantum</strong></span> <span class='ocrx_word' id='word_1_26' title='bbox 1186 639 1325 691; x_wconf 88' lang='lat' dir='ltr'><strong>inter</strong></span> <span class='ocrx_word' id='word_1_27' title='bbox 1369 638 1609 707; x_wconf 72' lang='lat' dir='ltr'><strong>spiritum</strong></span> <span class='ocrx_word' id='word_1_28' title='bbox 1652 645 1708 692; x_wconf 89' lang='lat' dir='ltr'><strong>et</strong></span> 
     </span>
    </p>
   </div>
   <div class='ocr_carea' id='block_1_5' title="bbox 167 726 1708 798">
    <p class='ocr_par' dir='ltr' id='par_1_5' title="bbox 167 726 1708 798">
     <span class='ocr_line' id='line_1_5' title="bbox 167 726 1708 798; baseline -0.003 -13"><span class='ocrx_word' id='word_1_29' title='bbox 167 745 351 787; x_wconf 77' lang='lat' dir='ltr'><strong>ramem</strong></span> <span class='ocrx_word' id='word_1_30' title='bbox 377 738 458 784; x_wconf 88' lang='lat' dir='ltr'><strong>est</strong></span> <span class='ocrx_word' id='word_1_31' title='bbox 493 728 857 791; x_wconf 90' lang='lat' dir='ltr'><strong>intervallum,</strong></span> <span class='ocrx_word' id='word_1_32' title='bbox 898 726 1182 783; x_wconf 86' lang='lat' dir='ltr'><strong>audebitne</strong></span> <span class='ocrx_word' id='word_1_33' title='bbox 1210 728 1470 798; x_wconf 85' lang='lat' dir='ltr'><strong>quispiam</strong></span> <span class='ocrx_word' id='word_1_34' title='bbox 1497 743 1583 783; x_wconf 90' lang='lat' dir='ltr'><strong>me</strong></span> <span class='ocrx_word' id='word_1_35' title='bbox 1612 744 1708 782; x_wconf 86' lang='lat' dir='ltr'><strong>su—</strong></span> 
     </span>
    </p>
   </div>
   <div class='ocr_carea' id='block_1_6' title="bbox 166 818 1702 893">
    <p class='ocr_par' dir='ltr' id='par_1_6' title="bbox 166 818 1702 893">
     <span class='ocr_line' id='line_1_6' title="bbox 166 818 1702 893; baseline -0.001 -18"><span class='ocrx_word' id='word_1_36' title='bbox 166 821 329 893; x_wconf 74' lang='lat' dir='ltr'><strong>perbia:</strong></span> <span class='ocrx_word' id='word_1_37' title='bbox 354 818 646 874; x_wconf 80' lang='lat' dir='ltr'><strong>accusare?</strong></span> <span class='ocrx_word' id='word_1_38' title='bbox 697 818 797 887; x_wconf 85' lang='lat' dir='ltr'><strong>Qui</strong></span> <span class='ocrx_word' id='word_1_39' title='bbox 837 829 997 887; x_wconf 88' lang='lat' dir='ltr'><strong>porro</strong></span> <span class='ocrx_word' id='word_1_40' title='bbox 1042 834 1147 872; x_wconf 92' lang='lat' dir='ltr'><strong>non</strong></span> <span class='ocrx_word' id='word_1_41' title='bbox 1195 819 1481 873; x_wconf 90' lang='lat' dir='ltr'><strong>absurdum</strong></span> <span class='ocrx_word' id='word_1_42' title='bbox 1527 818 1702 885; x_wconf 88' lang='lat' dir='ltr'><strong>fuerit,</strong></span> 
     </span>
    </p>
   </div>
   <div class='ocr_carea' id='block_1_7' title="bbox 162 910 1705 982">
    <p class='ocr_par' dir='ltr' id='par_1_7' title="bbox 162 910 1705 982">
     <span class='ocr_line' id='line_1_7' title="bbox 162 910 1705 982; baseline -0.001 -16"><span class='ocrx_word' id='word_1_43' title='bbox 162 929 237 971; x_wconf 64' lang='lat' dir='ltr'><strong>eos</strong></span> <span class='ocrx_word' id='word_1_44' title='bbox 260 912 340 982; x_wconf 87' lang='lat' dir='ltr'><strong>qui</strong></span> <span class='ocrx_word' id='word_1_45' title='bbox 360 926 563 966; x_wconf 81' lang='lat' dir='ltr'><strong>mmora</strong></span> <span class='ocrx_word' id='word_1_46' title='bbox 593 920 845 980; x_wconf 90' lang='lat' dir='ltr'><strong>respuunt</strong></span> <span class='ocrx_word' id='word_1_47' title='bbox 861 910 1080 965; x_wconf 70' lang='lat' dir='ltr'><strong>insania:</strong></span> <span class='ocrx_word' id='word_1_48' title='bbox 1106 925 1379 978; x_wconf 82' lang='lat' dir='ltr'><strong>accusare,</strong></span> <span class='ocrx_word' id='word_1_49' title='bbox 1398 926 1489 966; x_wconf 88' lang='lat' dir='ltr'><strong>eos</strong></span> <span class='ocrx_word' id='word_1_50' title='bbox 1507 919 1705 977; x_wconf 89' lang='lat' dir='ltr'><strong>autem,</strong></span> 
     </span>
    </p>
   </div>
   <div class='ocr_carea' id='block_1_8' title="bbox 164 1000 1706 1073">
    <p class='ocr_par' dir='ltr' id='par_1_8' title="bbox 164 1000 1706 1073">
     <span class='ocr_line' id='line_1_8' title="bbox 164 1000 1706 1073; baseline -0.001 -18"><span class='ocrx_word' id='word_1_51' title='bbox 164 1005 232 1073; x_wconf 80' lang='lat' dir='ltr'><strong>qui</strong></span> <span class='ocrx_word' id='word_1_52' title='bbox 257 1004 302 1055; x_wconf 90' lang='lat' dir='ltr'><strong>in</strong></span> <span class='ocrx_word' id='word_1_53' title='bbox 328 1003 480 1072; x_wconf 85' lang='lat' dir='ltr'><strong>longe</strong></span> <span class='ocrx_word' id='word_1_54' title='bbox 506 1000 901 1057; x_wconf 87' lang='lat' dir='ltr'><strong>sublimioribus</strong></span> <span class='ocrx_word' id='word_1_55' title='bbox 938 1001 1169 1071; x_wconf 89' lang='lat' dir='ltr'><strong>idipsum</strong></span> <span class='ocrx_word' id='word_1_56' title='bbox 1197 1000 1434 1066; x_wconf 87' lang='lat' dir='ltr'><strong>faciunt,</strong></span> <span class='ocrx_word' id='word_1_57' title='bbox 1464 1017 1569 1058; x_wconf 90' lang='lat' dir='ltr'><strong>non</strong></span> <span class='ocrx_word' id='word_1_58' title='bbox 1598 1003 1706 1069; x_wconf 89' lang='lat' dir='ltr'><strong>jam</strong></span> 
     </span>
    </p>
   </div>
   <div class='ocr_carea' id='block_1_9' title="bbox 164 1092 1711 1163">
    <p class='ocr_par' dir='ltr' id='par_1_9' title="bbox 164 1092 1711 1163">
     <span class='ocr_line' id='line_1_9' title="bbox 164 1092 1711 1163; baseline -0.001 -15"><span class='ocrx_word' id='word_1_59' title='bbox 164 1095 204 1149; x_wconf 92' lang='lat' dir='ltr'><strong>in</strong></span> <span class='ocrx_word' id='word_1_60' title='bbox 228 1093 454 1148; x_wconf 69' lang='lat' dir='ltr'><strong>amentia:</strong></span> <span class='ocrx_word' id='word_1_61' title='bbox 481 1134 496 1158; x_wconf 96' lang='lat'><strong>,</strong></span> <span class='ocrx_word' id='word_1_62' title='bbox 541 1093 631 1147; x_wconf 90' lang='lat' dir='ltr'><strong>sed</strong></span> <span class='ocrx_word' id='word_1_63' title='bbox 672 1093 724 1146; x_wconf 92' lang='lat' dir='ltr'><strong>in</strong></span> <span class='ocrx_word' id='word_1_64' title='bbox 754 1092 1018 1163; x_wconf 78' lang='lat' dir='ltr'><strong>superbia:</strong></span> <span class='ocrx_word' id='word_1_65' title='bbox 1057 1094 1260 1148; x_wconf 89' lang='lat' dir='ltr'><strong>crimen</strong></span> <span class='ocrx_word' id='word_1_66' title='bbox 1286 1093 1515 1148; x_wconf 85' lang='lat' dir='ltr'><strong>vocare?</strong></span> <span class='ocrx_word' id='word_1_67' title='bbox 1559 1092 1711 1147; x_wconf 80' lang='lat' dir='ltr'><strong>llaud</strong></span> 
     </span>
    </p>
   </div>
   <div class='ocr_carea' id='block_1_10' title="bbox 162 1183 1707 1253">
    <p class='ocr_par' dir='ltr' id='par_1_10' title="bbox 162 1183 1707 1253">
     <span class='ocr_line' id='line_1_10' title="bbox 162 1183 1707 1253; baseline 0.003 -18"><span class='ocrx_word' id='word_1_68' title='bbox 162 1197 290 1238; x_wconf 83' lang='lat' dir='ltr'><strong>secus</strong></span> <span class='ocrx_word' id='word_1_69' title='bbox 310 1197 370 1237; x_wconf 86' lang='lat' dir='ltr'><strong>ac</strong></span> <span class='ocrx_word' id='word_1_70' title='bbox 392 1183 436 1237; x_wconf 88' lang='lat' dir='ltr'><strong>si</strong></span> <span class='ocrx_word' id='word_1_71' title='bbox 465 1184 585 1253; x_wconf 87' lang='lat' dir='ltr'><strong>quis</strong></span> <span class='ocrx_word' id='word_1_72' title='bbox 609 1198 729 1238; x_wconf 90' lang='lat' dir='ltr'><strong>eum</strong></span> <span class='ocrx_word' id='word_1_73' title='bbox 755 1224 770 1249; x_wconf 91' lang='lat'><strong>,</strong></span> <span class='ocrx_word' id='word_1_74' title='bbox 799 1183 888 1253; x_wconf 92' lang='lat' dir='ltr'><strong>qui</strong></span> <span class='ocrx_word' id='word_1_75' title='bbox 939 1183 1103 1238; x_wconf 92' lang='lat' dir='ltr'><strong>boum</strong></span> <span class='ocrx_word' id='word_1_76' title='bbox 1133 1192 1432 1239; x_wconf 75' lang='lat' dir='ltr'><strong>armentum</strong></span> <span class='ocrx_word' id='word_1_77' title='bbox 1462 1183 1707 1253; x_wconf 81' lang='lat' dir='ltr'><strong>chpice-</strong></span> 
     </span>
    </p>
   </div>
   <div class='ocr_carea' id='block_1_11' title="bbox 164 1274 1709 1344">
    <p class='ocr_par' dir='ltr' id='par_1_11' title="bbox 164 1274 1709 1344">
     <span class='ocr_line' id='line_1_11' title="bbox 164 1274 1709 1344; baseline 0.001 -17"><span class='ocrx_word' id='word_1_78' title='bbox 164 1283 244 1337; x_wconf 83' lang='lat' dir='ltr'><strong>ret,</strong></span> <span class='ocrx_word' id='word_1_79' title='bbox 267 1288 324 1328; x_wconf 87' lang='lat' dir='ltr'><strong>ac</strong></span> <span class='ocrx_word' id='word_1_80' title='bbox 349 1274 605 1328; x_wconf 87' lang='lat' dir='ltr'><strong>bubulcus</strong></span> <span class='ocrx_word' id='word_1_81' title='bbox 630 1289 750 1329; x_wconf 90' lang='lat' dir='ltr'><strong>esse</strong></span> <span class='ocrx_word' id='word_1_82' title='bbox 770 1274 953 1340; x_wconf 86' lang='lat' dir='ltr'><strong>nollet,</strong></span> <span class='ocrx_word' id='word_1_83' title='bbox 984 1290 1088 1329; x_wconf 90' lang='lat' dir='ltr'><strong>non</strong></span> <span class='ocrx_word' id='word_1_84' title='bbox 1111 1275 1393 1344; x_wconf 67' lang='lat' dir='ltr'><strong>superbiae,</strong></span> <span class='ocrx_word' id='word_1_85' title='bbox 1410 1274 1503 1329; x_wconf 90' lang='lat' dir='ltr'><strong>sed</strong></span> <span class='ocrx_word' id='word_1_86' title='bbox 1524 1289 1709 1328; x_wconf 87' lang='lat' dir='ltr'><strong>amen-</strong></span> 
     </span>
    </p>
   </div>
   <div class='ocr_carea' id='block_1_12' title="bbox 154 1364 1712 1435">
    <p class='ocr_par' dir='ltr' id='par_1_12' title="bbox 154 1364 1712 1435">
     <span class='ocr_line' id='line_1_12' title="bbox 154 1364 1712 1435; baseline 0.003 -20"><span class='ocrx_word' id='word_1_87' title='bbox 154 1364 234 1416; x_wconf 66' lang='lat' dir='ltr'><strong>tia:</strong></span> <span class='ocrx_word' id='word_1_88' title='bbox 276 1378 562 1428; x_wconf 83' lang='lat' dir='ltr'><strong>accusans,</strong></span> <span class='ocrx_word' id='word_1_89' title='bbox 616 1379 737 1418; x_wconf 90' lang='lat' dir='ltr'><strong>eum</strong></span> <span class='ocrx_word' id='word_1_90' title='bbox 793 1365 880 1434; x_wconf 87' lang='lat' dir='ltr'><strong>qui</strong></span> <span class='ocrx_word' id='word_1_91' title='bbox 928 1364 1091 1419; x_wconf 87' lang='lat' dir='ltr'><strong>totius</strong></span> <span class='ocrx_word' id='word_1_92' title='bbox 1131 1365 1275 1419; x_wconf 86' lang='lat' dir='ltr'><strong>orbis</strong></span> <span class='ocrx_word' id='word_1_93' title='bbox 1325 1365 1604 1435; x_wconf 89' lang='lat' dir='ltr'><strong>imperium</strong></span> <span class='ocrx_word' id='word_1_94' title='bbox 1657 1372 1712 1419; x_wconf 90' lang='lat' dir='ltr'><strong>et</strong></span> 
     </span>
    </p>
   </div>
   <div class='ocr_carea' id='block_1_13' title="bbox 165 1453 1708 1522">
    <p class='ocr_par' dir='ltr' id='par_1_13' title="bbox 165 1453 1708 1522">
     <span class='ocr_line' id='line_1_13' title="bbox 165 1453 1708 1522; baseline 0.003 -17"><span class='ocrx_word' id='word_1_95' title='bbox 165 1453 366 1506; x_wconf 88' lang='lat' dir='ltr'><strong>omnium</strong></span> <span class='ocrx_word' id='word_1_96' title='bbox 390 1453 583 1522; x_wconf 86' lang='lat' dir='ltr'><strong>ubique</strong></span> <span class='ocrx_word' id='word_1_97' title='bbox 613 1463 871 1508; x_wconf 89' lang='lat' dir='ltr'><strong>terrarum</strong></span> <span class='ocrx_word' id='word_1_98' title='bbox 898 1454 1225 1509; x_wconf 82' lang='lat' dir='ltr'><strong>exercituum</strong></span> <span class='ocrx_word' id='word_1_99' title='bbox 1243 1455 1573 1510; x_wconf 83' lang='lat' dir='ltr'><strong>dominatum</strong></span> <span class='ocrx_word' id='word_1_100' title='bbox 1604 1471 1708 1510; x_wconf 91' lang='lat' dir='ltr'><strong>non</strong></span> 
     </span>
    </p>
   </div>
   <div class='ocr_carea' id='block_1_14' title="bbox 164 1544 1708 1617">
    <p class='ocr_par' dir='ltr' id='par_1_14' title="bbox 164 1544 1708 1617">
     <span class='ocr_line' id='line_1_14' title="bbox 164 1544 1708 1617; baseline 0.002 -18"><span class='ocrx_word' id='word_1_101' title='bbox 164 1544 426 1613; x_wconf 79' lang='lat' dir='ltr'><strong>acciperet,</strong></span> <span class='ocrx_word' id='word_1_102' title='bbox 456 1559 565 1599; x_wconf 92' lang='lat' dir='ltr'><strong>non</strong></span> <span class='ocrx_word' id='word_1_103' title='bbox 595 1546 829 1600; x_wconf 87' lang='lat' dir='ltr'><strong>insanire</strong></span> <span class='ocrx_word' id='word_1_104' title='bbox 855 1546 1089 1611; x_wconf 90' lang='lat' dir='ltr'><strong>diceret,</strong></span> <span class='ocrx_word' id='word_1_105' title='bbox 1122 1547 1216 1601; x_wconf 90' lang='lat' dir='ltr'><strong>sed</strong></span> <span class='ocrx_word' id='word_1_106' title='bbox 1244 1547 1487 1617; x_wconf 88' lang='lat' dir='ltr'><strong>superbia</strong></span> <span class='ocrx_word' id='word_1_107' title='bbox 1515 1546 1708 1602; x_wconf 82' lang='lat' dir='ltr'><strong>inﬂari.</strong></span> 
     </span>
    </p>
   </div>
   <div class='ocr_carea' id='block_1_15' title="bbox 164 1634 1711 1709">
    <p class='ocr_par' dir='ltr' id='par_1_15' title="bbox 164 1634 1711 1709">
     <span class='ocr_line' id='line_1_15' title="bbox 164 1634 1711 1709; baseline 0.003 -21"><span class='ocrx_word' id='word_1_108' title='bbox 164 1634 247 1688; x_wconf 86' lang='lat' dir='ltr'><strong>Sed</strong></span> <span class='ocrx_word' id='word_1_109' title='bbox 268 1650 366 1689; x_wconf 85' lang='lat' dir='ltr'><strong>non</strong></span> <span class='ocrx_word' id='word_1_110' title='bbox 391 1635 459 1688; x_wconf 87' lang='lat' dir='ltr'><strong>ita</strong></span> <span class='ocrx_word' id='word_1_111' title='bbox 485 1644 589 1700; x_wconf 87' lang='lat' dir='ltr'><strong>est,</strong></span> <span class='ocrx_word' id='word_1_112' title='bbox 623 1650 727 1689; x_wconf 91' lang='lat' dir='ltr'><strong>non</strong></span> <span class='ocrx_word' id='word_1_113' title='bbox 765 1636 832 1689; x_wconf 85' lang='lat' dir='ltr'><strong>ita</strong></span> <span class='ocrx_word' id='word_1_114' title='bbox 859 1650 1008 1703; x_wconf 87' lang='lat' dir='ltr'><strong>sane,</strong></span> <span class='ocrx_word' id='word_1_115' title='bbox 1042 1652 1212 1707; x_wconf 88' lang='lat' dir='ltr'><strong>neque</strong></span> <span class='ocrx_word' id='word_1_116' title='bbox 1227 1652 1324 1691; x_wconf 91' lang='lat' dir='ltr'><strong>nos</strong></span> <span class='ocrx_word' id='word_1_117' title='bbox 1339 1638 1526 1708; x_wconf 87' lang='lat' dir='ltr'><strong>magis,</strong></span> <span class='ocrx_word' id='word_1_118' title='bbox 1552 1654 1711 1709; x_wconf 90' lang='lat' dir='ltr'><strong>quam</strong></span> 
     </span>
    </p>
   </div>
   <div class='ocr_carea' id='block_1_16' title="bbox 165 1725 1711 1797">
    <p class='ocr_par' dir='ltr' id='par_1_16' title="bbox 165 1725 1711 1797">
     <span class='ocr_line' id='line_1_16' title="bbox 165 1725 1711 1797; baseline 0.003 -18"><span class='ocrx_word' id='word_1_119' title='bbox 165 1725 367 1793; x_wconf 82' lang='lat' dir='ltr'><strong>seipsos,</strong></span> <span class='ocrx_word' id='word_1_120' title='bbox 394 1726 748 1780; x_wconf 90' lang='lat' dir='ltr'><strong>criminantur</strong></span> <span class='ocrx_word' id='word_1_121' title='bbox 772 1727 860 1797; x_wconf 91' lang='lat' dir='ltr'><strong>qui</strong></span> <span class='ocrx_word' id='word_1_122' title='bbox 892 1727 1005 1781; x_wconf 79' lang='lat' dir='ltr'><strong>haec</strong></span> <span class='ocrx_word' id='word_1_123' title='bbox 1025 1727 1289 1796; x_wconf 89' lang='lat' dir='ltr'><strong>jactitant.</strong></span> <span class='ocrx_word' id='word_1_124' title='bbox 1335 1728 1468 1783; x_wconf 88' lang='lat' dir='ltr'><strong>Nam</strong></span> <span class='ocrx_word' id='word_1_125' title='bbox 1504 1730 1587 1783; x_wconf 87' lang='lat' dir='ltr'><strong>vel</strong></span> <span class='ocrx_word' id='word_1_126' title='bbox 1615 1746 1711 1785; x_wconf 90' lang='lat' dir='ltr'><strong>co-</strong></span> 
     </span>
    </p>
   </div>
   <div class='ocr_carea' id='block_1_17' title="bbox 164 1813 1711 1886">
    <p class='ocr_par' dir='ltr' id='par_1_17' title="bbox 164 1813 1711 1886">
     <span class='ocr_line' id='line_1_17' title="bbox 164 1813 1711 1886; baseline 0.005 -19"><span class='ocrx_word' id='word_1_127' title='bbox 164 1813 327 1883; x_wconf 69' lang='lat' dir='ltr'><strong>gitasse</strong></span> <span class='ocrx_word' id='word_1_128' title='bbox 365 1825 608 1882; x_wconf 89' lang='lat' dir='ltr'><strong>tantum,</strong></span> <span class='ocrx_word' id='word_1_129' title='bbox 656 1820 796 1886; x_wconf 86' lang='lat' dir='ltr'><strong>quod</strong></span> <span class='ocrx_word' id='word_1_130' title='bbox 831 1818 998 1886; x_wconf 88' lang='lat' dir='ltr'><strong>possit</strong></span> <span class='ocrx_word' id='word_1_131' title='bbox 1028 1817 1254 1873; x_wconf 82' lang='lat' dir='ltr'><strong>humana</strong></span> <span class='ocrx_word' id='word_1_132' title='bbox 1296 1831 1483 1875; x_wconf 89' lang='lat' dir='ltr'><strong>natura</strong></span> <span class='ocrx_word' id='word_1_133' title='bbox 1513 1829 1711 1875; x_wconf 89' lang='lat' dir='ltr'><strong>tantam</strong></span> 
     </span>
    </p>
   </div>
   <div class='ocr_carea' id='block_1_18' title="bbox 164 1904 1713 1979">
    <p class='ocr_par' dir='ltr' id='par_1_18' title="bbox 164 1904 1713 1979">
     <span class='ocr_line' id='line_1_18' title="bbox 164 1904 1713 1979; baseline 0.005 -21"><span class='ocrx_word' id='word_1_134' title='bbox 164 1904 400 1974; x_wconf 78' lang='lat' dir='ltr'><strong>despicere</strong></span> <span class='ocrx_word' id='word_1_135' title='bbox 412 1904 747 1976; x_wconf 88' lang='lat' dir='ltr'><strong>dignitatem,</strong></span> <span class='ocrx_word' id='word_1_136' title='bbox 775 1908 904 1961; x_wconf 88' lang='lat' dir='ltr'><strong>satis</strong></span> <span class='ocrx_word' id='word_1_137' title='bbox 930 1908 1266 1979; x_wconf 89' lang='lat' dir='ltr'><strong>indicatquid</strong></span> <span class='ocrx_word' id='word_1_138' title='bbox 1288 1910 1555 1979; x_wconf 87' lang='lat' dir='ltr'><strong>opinionis</strong></span> <span class='ocrx_word' id='word_1_139' title='bbox 1574 1911 1713 1966; x_wconf 85' lang='lat' dir='ltr'><strong>circa</strong></span> 
     </span>
    </p>
   </div>
   <div class='ocr_carea' id='block_1_19' title="bbox 165 1995 1716 2070">
    <p class='ocr_par' dir='ltr' id='par_1_19' title="bbox 165 1995 1716 2070">
     <span class='ocr_line' id='line_1_19' title="bbox 165 1995 1716 2070; baseline 0.005 -22"><span class='ocrx_word' id='word_1_140' title='bbox 165 1995 282 2049; x_wconf 78' lang='lat' dir='ltr'><strong>illam</strong></span> <span class='ocrx_word' id='word_1_141' title='bbox 305 1996 529 2052; x_wconf 88' lang='lat' dir='ltr'><strong>habeant</strong></span> <span class='ocrx_word' id='word_1_142' title='bbox 560 1996 651 2067; x_wconf 87' lang='lat' dir='ltr'><strong>qui</strong></span> <span class='ocrx_word' id='word_1_143' title='bbox 681 1997 732 2051; x_wconf 90' lang='lat' dir='ltr'><strong>id</strong></span> <span class='ocrx_word' id='word_1_144' title='bbox 764 1999 1093 2068; x_wconf 86' lang='lat' dir='ltr'><strong>protulerunt</strong></span> <span class='ocrx_word' id='word_1_145' title='bbox 1125 2017 1139 2054; x_wconf 88' lang='lat'><strong>:</strong></span> <span class='ocrx_word' id='word_1_146' title='bbox 1171 2000 1272 2055; x_wconf 91' lang='lat' dir='ltr'><strong>nisi</strong></span> <span class='ocrx_word' id='word_1_147' title='bbox 1300 2001 1441 2055; x_wconf 86' lang='lat' dir='ltr'><strong>enim</strong></span> <span class='ocrx_word' id='word_1_148' title='bbox 1473 2010 1716 2070; x_wconf 84' lang='lat' dir='ltr'><strong>putarent</strong></span> 
     </span>
    </p>
   </div>
   <div class='ocr_carea' id='block_1_20' title="bbox 166 2088 1715 2162">
    <p class='ocr_par' dir='ltr' id='par_1_20' title="bbox 166 2088 1715 2162">
     <span class='ocr_line' id='line_1_20' title="bbox 166 2088 1715 2162; baseline 0.005 -21"><span class='ocrx_word' id='word_1_149' title='bbox 166 2101 260 2141; x_wconf 80' lang='lat' dir='ltr'><strong>esse</strong></span> <span class='ocrx_word' id='word_1_150' title='bbox 284 2102 386 2143; x_wconf 88' lang='lat' dir='ltr'><strong>rem</strong></span> <span class='ocrx_word' id='word_1_151' title='bbox 418 2088 594 2143; x_wconf 85' lang='lat' dir='ltr'><strong>levem</strong></span> <span class='ocrx_word' id='word_1_152' title='bbox 624 2104 689 2146; x_wconf 88' lang='lat' dir='ltr'><strong>ac</strong></span> <span class='ocrx_word' id='word_1_153' title='bbox 713 2091 860 2161; x_wconf 88' lang='lat' dir='ltr'><strong>parvi</strong></span> <span class='ocrx_word' id='word_1_154' title='bbox 887 2090 1040 2160; x_wconf 93' lang='lat' dir='ltr'><strong>pretii</strong></span> <span class='ocrx_word' id='word_1_155' title='bbox 1067 2132 1083 2157; x_wconf 93' lang='lat'><strong>,</strong></span> <span class='ocrx_word' id='word_1_156' title='bbox 1118 2106 1403 2161; x_wconf 89' lang='lat' dir='ltr'><strong>numquam</strong></span> <span class='ocrx_word' id='word_1_157' title='bbox 1435 2092 1565 2162; x_wconf 91' lang='lat' dir='ltr'><strong>ipsis</strong></span> <span class='ocrx_word' id='word_1_158' title='bbox 1594 2094 1715 2149; x_wconf 86' lang='lat' dir='ltr'><strong>talis</strong></span> 
     </span>
    </p>
   </div>
   <div class='ocr_carea' id='block_1_21' title="bbox 168 2179 1713 2254">
    <p class='ocr_par' dir='ltr' id='par_1_21' title="bbox 168 2179 1713 2254">
     <span class='ocr_line' id='line_1_21' title="bbox 168 2179 1713 2254; baseline 0.005 -23"><span class='ocrx_word' id='word_1_159' title='bbox 168 2179 363 2247; x_wconf 80' lang='lat' dir='ltr'><strong>suspicio</strong></span> <span class='ocrx_word' id='word_1_160' title='bbox 388 2179 441 2233; x_wconf 91' lang='lat' dir='ltr'><strong>in</strong></span> <span class='ocrx_word' id='word_1_161' title='bbox 484 2190 724 2235; x_wconf 88' lang='lat' dir='ltr'><strong>mentem</strong></span> <span class='ocrx_word' id='word_1_162' title='bbox 748 2181 1001 2235; x_wconf 86' lang='lat' dir='ltr'><strong>venisset.</strong></span> <span class='ocrx_word' id='word_1_163' title='bbox 1055 2180 1165 2235; x_wconf 91' lang='lat' dir='ltr'><strong>Cur</strong></span> <span class='ocrx_word' id='word_1_164' title='bbox 1188 2183 1328 2237; x_wconf 86' lang='lat' dir='ltr'><strong>enim</strong></span> <span class='ocrx_word' id='word_1_165' title='bbox 1365 2183 1432 2237; x_wconf 92' lang='lat' dir='ltr'><strong>de</strong></span> <span class='ocrx_word' id='word_1_166' title='bbox 1475 2185 1713 2254; x_wconf 88' lang='lat' dir='ltr'><strong>angelica</strong></span> 
     </span>
    </p>
   </div>
   <div class='ocr_carea' id='block_1_22' title="bbox 164 2267 1715 2343">
    <p class='ocr_par' dir='ltr' id='par_1_22' title="bbox 164 2267 1715 2343">
     <span class='ocr_line' id='line_1_22' title="bbox 164 2267 1715 2343; baseline 0.006 -21"><span class='ocrx_word' id='word_1_167' title='bbox 164 2267 382 2337; x_wconf 74' lang='lat' dir='ltr'><strong>dignitate</strong></span> <span class='ocrx_word' id='word_1_168' title='bbox 422 2270 607 2324; x_wconf 89' lang='lat' dir='ltr'><strong>nullus</strong></span> <span class='ocrx_word' id='word_1_169' title='bbox 643 2285 891 2340; x_wconf 87' lang='lat' dir='ltr'><strong>umquam</strong></span> <span class='ocrx_word' id='word_1_170' title='bbox 939 2271 1064 2341; x_wconf 87' lang='lat' dir='ltr'><strong>quid</strong></span> <span class='ocrx_word' id='word_1_171' title='bbox 1108 2273 1283 2328; x_wconf 86' lang='lat' dir='ltr'><strong>simile</strong></span> <span class='ocrx_word' id='word_1_172' title='bbox 1329 2275 1584 2343; x_wconf 87' lang='lat' dir='ltr'><strong>suspicari</strong></span> <span class='ocrx_word' id='word_1_173' title='bbox 1631 2277 1715 2331; x_wconf 84' lang='lat' dir='ltr'><strong>vel</strong></span> 
     </span>
    </p>
   </div>
   <div class='ocr_carea' id='block_1_23' title="bbox 165 2358 1715 2437">
    <p class='ocr_par' dir='ltr' id='par_1_23' title="bbox 165 2358 1715 2437">
     <span class='ocr_line' id='line_1_23' title="bbox 165 2358 1715 2437; baseline 0.006 -26"><span class='ocrx_word' id='word_1_174' title='bbox 165 2358 309 2414; x_wconf 79' lang='lat' dir='ltr'><strong>dicere</strong></span> <span class='ocrx_word' id='word_1_175' title='bbox 334 2373 494 2415; x_wconf 87' lang='lat' dir='ltr'><strong>ausus</strong></span> <span class='ocrx_word' id='word_1_176' title='bbox 519 2369 626 2425; x_wconf 83' lang='lat' dir='ltr'><strong>est,</strong></span> <span class='ocrx_word' id='word_1_177' title='bbox 655 2377 846 2431; x_wconf 84' lang='lat' dir='ltr'><strong>nempe</strong></span> <span class='ocrx_word' id='word_1_178' title='bbox 879 2363 1164 2416; x_wconf 87' lang='lat' dir='ltr'><strong>humanum</strong></span> <span class='ocrx_word' id='word_1_179' title='bbox 1194 2378 1315 2419; x_wconf 90' lang='lat' dir='ltr'><strong>esse</strong></span> <span class='ocrx_word' id='word_1_180' title='bbox 1338 2366 1595 2433; x_wconf 88' lang='lat' dir='ltr'><strong>animum,</strong></span> <span class='ocrx_word' id='word_1_181' title='bbox 1625 2366 1715 2437; x_wconf 92' lang='lat' dir='ltr'><strong>qui</strong></span> 
     </span>
    </p>
   </div>
   <div class='ocr_carea' id='block_1_24' title="bbox 164 2451 1714 2527">
    <p class='ocr_par' dir='ltr' id='par_1_24' title="bbox 164 2451 1714 2527">
     <span class='ocr_line' id='line_1_24' title="bbox 164 2451 1714 2527; baseline 0.006 -25"><span class='ocrx_word' id='word_1_182' title='bbox 164 2462 251 2518; x_wconf 73' lang='lat' dir='ltr'><strong>pne</strong></span> <span class='ocrx_word' id='word_1_183' title='bbox 288 2452 531 2520; x_wconf 84' lang='lat' dir='ltr'><strong>superbia</strong></span> <span class='ocrx_word' id='word_1_184' title='bbox 578 2451 710 2507; x_wconf 89' lang='lat' dir='ltr'><strong>nolit</strong></span> <span class='ocrx_word' id='word_1_185' title='bbox 747 2452 813 2506; x_wconf 89' lang='lat' dir='ltr'><strong>ad</strong></span> <span class='ocrx_word' id='word_1_186' title='bbox 857 2452 997 2507; x_wconf 92' lang='lat' dir='ltr'><strong>illius</strong></span> <span class='ocrx_word' id='word_1_187' title='bbox 1028 2463 1227 2509; x_wconf 79' lang='lat' dir='ltr'><strong>natura:</strong></span> <span class='ocrx_word' id='word_1_188' title='bbox 1256 2455 1563 2526; x_wconf 82' lang='lat' dir='ltr'><strong>dignitatem</strong></span> <span class='ocrx_word' id='word_1_189' title='bbox 1592 2473 1714 2527; x_wconf 88' lang='lat' dir='ltr'><strong>per-</strong></span> 
     </span>
    </p>
   </div>
   <div class='ocr_carea' id='block_1_25' title="bbox 166 2540 1715 2612">
    <p class='ocr_par' dir='ltr' id='par_1_25' title="bbox 166 2540 1715 2612">
     <span class='ocr_line' id='line_1_25' title="bbox 166 2540 1715 2612; baseline 0.007 -21"><span class='ocrx_word' id='word_1_190' title='bbox 166 2540 352 2594; x_wconf 76' lang='lat' dir='ltr'><strong>venire?</strong></span> <span class='ocrx_word' id='word_1_191' title='bbox 399 2541 593 2612; x_wconf 79' lang='lat' dir='ltr'><strong>Magna</strong></span> <span class='ocrx_word' id='word_1_192' title='bbox 639 2542 832 2612; x_wconf 89' lang='lat' dir='ltr'><strong>quippe</strong></span> <span class='ocrx_word' id='word_1_193' title='bbox 873 2544 1201 2612; x_wconf 87' lang='lat' dir='ltr'><strong>concipimus</strong></span> <span class='ocrx_word' id='word_1_194' title='bbox 1247 2545 1314 2598; x_wconf 89' lang='lat' dir='ltr'><strong>de</strong></span> <span class='ocrx_word' id='word_1_195' title='bbox 1359 2546 1715 2602; x_wconf 75' lang='lat' dir='ltr'><strong>Patr-statibus</strong></span> 
     </span>
    </p>
   </div>
   <div class='ocr_carea' id='block_1_26' title="bbox 164 2629 1716 2707">
    <p class='ocr_par' dir='ltr' id='par_1_26' title="bbox 164 2629 1716 2707">
     <span class='ocr_line' id='line_1_26' title="bbox 164 2629 1716 2707; baseline 0.006 -24"><span class='ocrx_word' id='word_1_196' title='bbox 164 2629 245 2685; x_wconf 89' lang='lat' dir='ltr'><strong>illis</strong></span> <span class='ocrx_word' id='word_1_197' title='bbox 263 2668 279 2697; x_wconf 91' lang='lat'><strong>,</strong></span> <span class='ocrx_word' id='word_1_198' title='bbox 321 2632 479 2702; x_wconf 90' lang='lat' dir='ltr'><strong>idque</strong></span> <span class='ocrx_word' id='word_1_199' title='bbox 523 2633 748 2702; x_wconf 88' lang='lat' dir='ltr'><strong>impedit</strong></span> <span class='ocrx_word' id='word_1_200' title='bbox 772 2634 1057 2703; x_wconf 88' lang='lat' dir='ltr'><strong>quominus</strong></span> <span class='ocrx_word' id='word_1_201' title='bbox 1086 2634 1368 2689; x_wconf 88' lang='lat' dir='ltr'><strong>credamus</strong></span> <span class='ocrx_word' id='word_1_202' title='bbox 1388 2677 1402 2700; x_wconf 93' lang='lat'><strong>,</strong></span> <span class='ocrx_word' id='word_1_203' title='bbox 1430 2653 1588 2707; x_wconf 84' lang='lat' dir='ltr'><strong>posse</strong></span> <span class='ocrx_word' id='word_1_204' title='bbox 1616 2640 1716 2692; x_wconf 89' lang='lat' dir='ltr'><strong>ho-</strong></span> 
     </span>
    </p>
   </div>
   <div class='ocr_carea' id='block_1_27' title="bbox 162 2726 1718 2799">
    <p class='ocr_par' dir='ltr' id='par_1_27' title="bbox 162 2726 1718 2799">
     <span class='ocr_line' id='line_1_27' title="bbox 162 2726 1718 2799; baseline 0.006 -23"><span class='ocrx_word' id='word_1_205' title='bbox 162 2726 327 2778; x_wconf 80' lang='lat' dir='ltr'><strong>minem</strong></span> <span class='ocrx_word' id='word_1_206' title='bbox 367 2726 646 2796; x_wconf 81' lang='lat' dir='ltr'><strong>quidpiam</strong></span> <span class='ocrx_word' id='word_1_207' title='bbox 677 2727 846 2796; x_wconf 81' lang='lat' dir='ltr'><strong>majus</strong></span> <span class='ocrx_word' id='word_1_208' title='bbox 878 2727 1082 2783; x_wconf 88' lang='lat' dir='ltr'><strong>honore</strong></span> <span class='ocrx_word' id='word_1_209' title='bbox 1124 2728 1214 2783; x_wconf 93' lang='lat' dir='ltr'><strong>illo</strong></span> <span class='ocrx_word' id='word_1_210' title='bbox 1257 2744 1466 2799; x_wconf 90' lang='lat' dir='ltr'><strong>sapere.</strong></span> <span class='ocrx_word' id='word_1_211' title='bbox 1512 2730 1631 2799; x_wconf 92' lang='lat' dir='ltr'><strong>Quo</strong></span> <span class='ocrx_word' id='word_1_212' title='bbox 1660 2731 1718 2786; x_wconf 84' lang='lat' dir='ltr'><strong>fit</strong></span> 
     </span>
    </p>
   </div>
   <div class='ocr_carea' id='block_1_28' title="bbox 164 2816 1720 2894">
    <p class='ocr_par' dir='ltr' id='par_1_28' title="bbox 164 2816 1720 2894">
     <span class='ocr_line' id='line_1_28' title="bbox 164 2816 1720 2894; baseline 0.008 -27"><span class='ocrx_word' id='word_1_213' title='bbox 164 2823 207 2868; x_wconf 88' lang='lat' dir='ltr'><strong>ut</strong></span> <span class='ocrx_word' id='word_1_214' title='bbox 224 2816 328 2885; x_wconf 88' lang='lat' dir='ltr'><strong>jure</strong></span> <span class='ocrx_word' id='word_1_215' title='bbox 347 2818 464 2887; x_wconf 88' lang='lat' dir='ltr'><strong>quis</strong></span> <span class='ocrx_word' id='word_1_216' title='bbox 495 2818 624 2871; x_wconf 90' lang='lat' dir='ltr'><strong>illos</strong></span> <span class='ocrx_word' id='word_1_217' title='bbox 650 2819 826 2887; x_wconf 88' lang='lat' dir='ltr'><strong>potius</strong></span> <span class='ocrx_word' id='word_1_218' title='bbox 852 2820 1116 2888; x_wconf 69' lang='lat' dir='ltr'><strong>superbiae</strong></span> <span class='ocrx_word' id='word_1_219' title='bbox 1145 2832 1377 2888; x_wconf 81' lang='lat' dir='ltr'><strong>accuset,</strong></span> <span class='ocrx_word' id='word_1_220' title='bbox 1407 2825 1496 2894; x_wconf 91' lang='lat' dir='ltr'><strong>qui</strong></span> <span class='ocrx_word' id='word_1_221' title='bbox 1528 2825 1626 2879; x_wconf 85' lang='lat' dir='ltr'><strong>hac</strong></span> <span class='ocrx_word' id='word_1_222' title='bbox 1651 2825 1720 2880; x_wconf 91' lang='lat' dir='ltr'><strong>de</strong></span> 
     </span>
    </p>
   </div>
   <div class='ocr_carea' id='block_1_29' title="bbox 165 2911 1717 2987">
    <p class='ocr_par' dir='ltr' id='par_1_29' title="bbox 165 2911 1717 2987">
     <span class='ocr_line' id='line_1_29' title="bbox 165 2911 1717 2987; baseline 0.007 -26"><span class='ocrx_word' id='word_1_223' title='bbox 165 2922 209 2960; x_wconf 86' lang='lat' dir='ltr'><strong>re</strong></span> <span class='ocrx_word' id='word_1_224' title='bbox 236 2924 323 2963; x_wconf 80' lang='lat' dir='ltr'><strong>nos</strong></span> <span class='ocrx_word' id='word_1_225' title='bbox 346 2911 725 2965; x_wconf 87' lang='lat' dir='ltr'><strong>criminantur.</strong></span> <span class='ocrx_word' id='word_1_226' title='bbox 773 2911 957 2982; x_wconf 88' lang='lat' dir='ltr'><strong>Neque</strong></span> <span class='ocrx_word' id='word_1_227' title='bbox 984 2913 1124 2968; x_wconf 90' lang='lat' dir='ltr'><strong>enim</strong></span> <span class='ocrx_word' id='word_1_228' title='bbox 1154 2914 1203 2968; x_wconf 93' lang='lat' dir='ltr'><strong>id</strong></span> <span class='ocrx_word' id='word_1_229' title='bbox 1228 2915 1295 2969; x_wconf 91' lang='lat' dir='ltr'><strong>de</strong></span> <span class='ocrx_word' id='word_1_230' title='bbox 1324 2917 1441 2970; x_wconf 88' lang='lat' dir='ltr'><strong>aliis</strong></span> <span class='ocrx_word' id='word_1_231' title='bbox 1467 2918 1717 2987; x_wconf 86' lang='lat' dir='ltr'><strong>suspicati</strong></span> 
     </span>
    </p>
   </div>
   <div class='ocr_carea' id='block_1_30' title="bbox 165 2994 1719 3077">
    <p class='ocr_par' dir='ltr' id='par_1_30' title="bbox 165 2994 1719 3077">
     <span class='ocr_line' id='line_1_30' title="bbox 165 2994 1719 3077; baseline 0.009 -28"><span class='ocrx_word' id='word_1_232' title='bbox 165 2994 355 3053; x_wconf 76' lang='lat' dir='ltr'><strong>fuissent</strong></span> <span class='ocrx_word' id='word_1_233' title='bbox 381 3041 395 3063; x_wconf 93' lang='lat'><strong>,</strong></span> <span class='ocrx_word' id='word_1_234' title='bbox 428 3001 535 3055; x_wconf 87' lang='lat' dir='ltr'><strong>nisi</strong></span> <span class='ocrx_word' id='word_1_235' title='bbox 588 3001 733 3069; x_wconf 85' lang='lat' dir='ltr'><strong>prius</strong></span> <span class='ocrx_word' id='word_1_236' title='bbox 773 3018 886 3057; x_wconf 91' lang='lat' dir='ltr'><strong>rem</strong></span> <span class='ocrx_word' id='word_1_237' title='bbox 928 3003 1096 3073; x_wconf 89' lang='lat' dir='ltr'><strong>ipsam</strong></span> <span class='ocrx_word' id='word_1_238' title='bbox 1128 3006 1278 3074; x_wconf 88' lang='lat' dir='ltr'><strong>quasi</strong></span> <span class='ocrx_word' id='word_1_239' title='bbox 1326 3008 1519 3060; x_wconf 91' lang='lat' dir='ltr'><strong>nullius</strong></span> <span class='ocrx_word' id='word_1_240' title='bbox 1564 3010 1719 3077; x_wconf 88' lang='lat' dir='ltr'><strong>pretii</strong></span> 
     </span>
    </p>
   </div>
   <div class='ocr_carea' id='block_1_31' title="bbox 164 3093 1720 3168">
    <p class='ocr_par' dir='ltr' id='par_1_31' title="bbox 164 3093 1720 3168">
     <span class='ocr_line' id='line_1_31' title="bbox 164 3093 1720 3168; baseline 0.008 -25"><span class='ocrx_word' id='word_1_241' title='bbox 164 3093 507 3149; x_wconf 83' lang='lat' dir='ltr'><strong>:estimassent.</strong></span> <span class='ocrx_word' id='word_1_242' title='bbox 561 3095 727 3151; x_wconf 88' lang='lat' dir='ltr'><strong>Porro</strong></span> <span class='ocrx_word' id='word_1_243' title='bbox 755 3096 798 3150; x_wconf 91' lang='lat' dir='ltr'><strong>si</strong></span> <span class='ocrx_word' id='word_1_244' title='bbox 837 3097 889 3151; x_wconf 90' lang='lat' dir='ltr'><strong>id</strong></span> <span class='ocrx_word' id='word_1_245' title='bbox 918 3113 1003 3153; x_wconf 91' lang='lat' dir='ltr'><strong>me</strong></span> <span class='ocrx_word' id='word_1_246' title='bbox 1031 3098 1211 3168; x_wconf 72' lang='lat' dir='ltr'><strong>glorize</strong></span> <span class='ocrx_word' id='word_1_247' title='bbox 1238 3114 1396 3153; x_wconf 90' lang='lat' dir='ltr'><strong>causa</strong></span> <span class='ocrx_word' id='word_1_248' title='bbox 1423 3100 1610 3154; x_wconf 84' lang='lat' dir='ltr'><strong>fecisse</strong></span> <span class='ocrx_word' id='word_1_249' title='bbox 1636 3099 1720 3155; x_wconf 80' lang='lat' dir='ltr'><strong>di-</strong></span> 
     </span>
    </p>
   </div>
   <div class='ocr_carea' id='block_1_32' title="bbox 164 3185 1721 3261">
    <p class='ocr_par' dir='ltr' id='par_1_32' title="bbox 164 3185 1721 3261">
     <span class='ocr_line' id='line_1_32' title="bbox 164 3185 1721 3261; baseline 0.006 -26"><span class='ocrx_word' id='word_1_250' title='bbox 164 3193 293 3246; x_wconf 78' lang='lat' dir='ltr'><strong>cant,</strong></span> <span class='ocrx_word' id='word_1_251' title='bbox 332 3200 514 3239; x_wconf 81' lang='lat' dir='ltr'><strong>secum</strong></span> <span class='ocrx_word' id='word_1_252' title='bbox 552 3185 833 3241; x_wconf 82' lang='lat' dir='ltr'><strong>dissentire</strong></span> <span class='ocrx_word' id='word_1_253' title='bbox 862 3203 924 3243; x_wconf 89' lang='lat' dir='ltr'><strong>ac</strong></span> <span class='ocrx_word' id='word_1_254' title='bbox 951 3204 1185 3258; x_wconf 79' lang='lat' dir='ltr'><strong>pugnare</strong></span> <span class='ocrx_word' id='word_1_255' title='bbox 1213 3192 1387 3261; x_wconf 89' lang='lat' dir='ltr'><strong>palam</strong></span> <span class='ocrx_word' id='word_1_256' title='bbox 1417 3189 1721 3261; x_wconf 83' lang='lat' dir='ltr'><strong>deprehen-</strong></span> 
     </span>
    </p>
   </div>
   <div class='ocr_carea' id='block_1_33' title="bbox 165 3271 1721 3353">
    <p class='ocr_par' dir='ltr' id='par_1_33' title="bbox 165 3271 1721 3353">
     <span class='ocr_line' id='line_1_33' title="bbox 165 3271 1721 3353; baseline 0.008 -30"><span class='ocrx_word' id='word_1_257' title='bbox 165 3271 364 3329; x_wconf 87' lang='lat' dir='ltr'><strong>dentur:</strong></span> <span class='ocrx_word' id='word_1_258' title='bbox 397 3279 589 3332; x_wconf 83' lang='lat' dir='ltr'><strong>nescio</strong></span> <span class='ocrx_word' id='word_1_259' title='bbox 627 3279 767 3332; x_wconf 87' lang='lat' dir='ltr'><strong>enim</strong></span> <span class='ocrx_word' id='word_1_260' title='bbox 819 3294 976 3349; x_wconf 89' lang='lat' dir='ltr'><strong>quam</strong></span> <span class='ocrx_word' id='word_1_261' title='bbox 1024 3280 1181 3334; x_wconf 89' lang='lat' dir='ltr'><strong>aliam</strong></span> <span class='ocrx_word' id='word_1_262' title='bbox 1226 3281 1521 3337; x_wconf 88' lang='lat' dir='ltr'><strong>orationem</strong></span> <span class='ocrx_word' id='word_1_263' title='bbox 1571 3298 1721 3353; x_wconf 80' lang='lat' dir='ltr'><strong>qna:-</strong></span> 
     </span>
    </p>
   </div>
   <div class='ocr_carea' id='block_1_34' title="bbox 165 3363 1722 3441">
    <p class='ocr_par' dir='ltr' id='par_1_34' title="bbox 165 3363 1722 3441">
     <span class='ocr_line' id='line_1_34' title="bbox 165 3363 1722 3441; baseline 0.009 -26"><span class='ocrx_word' id='word_1_264' title='bbox 165 3363 417 3432; x_wconf 80' lang='lat' dir='ltr'><strong>sivissent,</strong></span> <span class='ocrx_word' id='word_1_265' title='bbox 464 3367 513 3421; x_wconf 92' lang='lat' dir='ltr'><strong>si</strong></span> <span class='ocrx_word' id='word_1_266' title='bbox 566 3382 664 3423; x_wconf 88' lang='lat' dir='ltr'><strong>nos</strong></span> <span class='ocrx_word' id='word_1_267' title='bbox 701 3368 768 3423; x_wconf 90' lang='lat' dir='ltr'><strong>ab</strong></span> <span class='ocrx_word' id='word_1_268' title='bbox 812 3368 983 3423; x_wconf 77' lang='lat' dir='ltr'><strong>inanis</strong></span> <span class='ocrx_word' id='word_1_269' title='bbox 1010 3371 1194 3441; x_wconf 62' lang='lat' dir='ltr'><strong>gloria:</strong></span> <span class='ocrx_word' id='word_1_270' title='bbox 1231 3372 1456 3428; x_wconf 90' lang='lat' dir='ltr'><strong>crimine</strong></span> <span class='ocrx_word' id='word_1_271' title='bbox 1494 3372 1722 3429; x_wconf 88' lang='lat' dir='ltr'><strong>liberare</strong></span> 
     </span>
    </p>
   </div>
   <div class='ocr_carea' id='block_1_35' title="bbox 164 3457 441 3513">
    <p class='ocr_par' dir='ltr' id='par_1_35' title="bbox 164 3457 441 3513">
     <span class='ocr_line' id='line_1_35' title="bbox 164 3457 441 3513; baseline 0.018 -7"><span class='ocrx_word' id='word_1_272' title='bbox 164 3457 441 3513; x_wconf 84' lang='lat' dir='ltr'><strong>voluissent.</strong></span> 
     </span>
    </p>
   </div>
   <div class='ocr_carea' id='block_1_36' title="bbox 218 3545 1721 3625">
    <p class='ocr_par' dir='ltr' id='par_1_36' title="bbox 218 3545 1721 3625">
     <span class='ocr_line' id='line_1_36' title="bbox 218 3545 1721 3625; baseline 0.009 -28"><span class='ocrx_word' id='word_1_273' title='bbox 218 3545 266 3598; x_wconf 78' lang='lat'><strong>2.</strong></span> <span class='ocrx_word' id='word_1_274' title='bbox 304 3546 411 3603; x_wconf 78' lang='lat' dir='ltr'><strong>Nos</strong></span> <span class='ocrx_word' id='word_1_275' title='bbox 436 3566 549 3603; x_wconf 82' lang='lat' dir='ltr'><strong>non</strong></span> <span class='ocrx_word' id='word_1_276' title='bbox 582 3559 786 3621; x_wconf 82' lang='lat' dir='ltr'><strong>propter</strong></span> <span class='ocrx_word' id='word_1_277' title='bbox 812 3567 992 3605; x_wconf 82' lang='lat' dir='ltr'><strong>vanam</strong></span> <span class='ocrx_word' id='word_1_278' title='bbox 1011 3552 1225 3622; x_wconf 82' lang='lat' dir='ltr'><strong>gloriam</strong></span> <span class='ocrx_word' id='word_1_279' title='bbox 1256 3553 1467 3625; x_wconf 74' lang='lat' dir='ltr'><strong>fugisse.</strong></span> <span class='ocrx_word' id='word_1_280' title='bbox 1493 3584 1567 3596; x_wconf 92' lang='lat'><strong>—</strong></span> <span class='ocrx_word' id='word_1_281' title='bbox 1587 3555 1721 3610; x_wconf 81' lang='lat' dir='ltr'><strong>Nam</strong></span> 
     </span>
    </p>
   </div>
   <div class='ocr_carea' id='block_1_37' title="bbox 165 3634 1724 3718">
    <p class='ocr_par' dir='ltr' id='par_1_37' title="bbox 165 3634 1724 3718">
     <span class='ocr_line' id='line_1_37' title="bbox 165 3634 1724 3718; baseline 0.012 -31"><span class='ocrx_word' id='word_1_282' title='bbox 165 3634 199 3688; x_wconf 85' lang='lat' dir='ltr'><strong>si</strong></span> <span class='ocrx_word' id='word_1_283' title='bbox 222 3637 508 3707; x_wconf 78' lang='lat' dir='ltr'><strong>hujusmodi</strong></span> <span class='ocrx_word' id='word_1_284' title='bbox 544 3656 632 3695; x_wconf 91' lang='lat' dir='ltr'><strong>me</strong></span> <span class='ocrx_word' id='word_1_285' title='bbox 660 3656 908 3712; x_wconf 88' lang='lat' dir='ltr'><strong>umquam</strong></span> <span class='ocrx_word' id='word_1_286' title='bbox 938 3657 1088 3697; x_wconf 91' lang='lat' dir='ltr'><strong>amor</strong></span> <span class='ocrx_word' id='word_1_287' title='bbox 1116 3644 1327 3711; x_wconf 87' lang='lat' dir='ltr'><strong>invasit,</strong></span> <span class='ocrx_word' id='word_1_288' title='bbox 1359 3647 1599 3717; x_wconf 89' lang='lat' dir='ltr'><strong>accipere</strong></span> <span class='ocrx_word' id='word_1_289' title='bbox 1626 3664 1724 3718; x_wconf 87' lang='lat' dir='ltr'><strong>po-</strong></span> 
     </span>
    </p>
   </div>
   <div class='ocr_carea' id='block_1_38' title="bbox 168 3726 1723 3810">
    <p class='ocr_par' dir='ltr' id='par_1_38' title="bbox 168 3726 1723 3810">
     <span class='ocr_line' id='line_1_38' title="bbox 168 3726 1723 3810; baseline 0.012 -32"><span class='ocrx_word' id='word_1_290' title='bbox 168 3726 275 3793; x_wconf 84' lang='lat' dir='ltr'><strong>tius,</strong></span> <span class='ocrx_word' id='word_1_291' title='bbox 302 3745 456 3799; x_wconf 88' lang='lat' dir='ltr'><strong>quam</strong></span> <span class='ocrx_word' id='word_1_292' title='bbox 485 3732 671 3801; x_wconf 78' lang='lat' dir='ltr'><strong>fugere</strong></span> <span class='ocrx_word' id='word_1_293' title='bbox 700 3735 949 3802; x_wconf 83' lang='lat' dir='ltr'><strong>Oportuit.</strong></span> <span class='ocrx_word' id='word_1_294' title='bbox 982 3736 1192 3803; x_wconf 82' lang='lat' dir='ltr'><strong>Quare?</strong></span> <span class='ocrx_word' id='word_1_295' title='bbox 1235 3737 1367 3806; x_wconf 84' lang='lat' dir='ltr'><strong>Quia</strong></span> <span class='ocrx_word' id='word_1_296' title='bbox 1398 3755 1641 3810; x_wconf 89' lang='lat' dir='ltr'><strong>magnam</strong></span> <span class='ocrx_word' id='word_1_297' title='bbox 1671 3742 1723 3797; x_wconf 90' lang='lat' dir='ltr'><strong>id</strong></span> 
     </span>
    </p>
   </div>
   <div class='ocr_carea' id='block_1_39' title="bbox 166 3818 1721 3901">
    <p class='ocr_par' dir='ltr' id='par_1_39' title="bbox 166 3818 1721 3901">
     <span class='ocr_line' id='line_1_39' title="bbox 166 3818 1721 3901; baseline 0.012 -31"><span class='ocrx_word' id='word_1_298' title='bbox 166 3818 294 3874; x_wconf 86' lang='lat' dir='ltr'><strong>nobis</strong></span> <span class='ocrx_word' id='word_1_299' title='bbox 318 3822 547 3891; x_wconf 79' lang='lat' dir='ltr'><strong>gloriam</strong></span> <span class='ocrx_word' id='word_1_300' title='bbox 576 3823 858 3880; x_wconf 88' lang='lat' dir='ltr'><strong>attulisset.</strong></span> <span class='ocrx_word' id='word_1_301' title='bbox 906 3826 1177 3898; x_wconf 83' lang='lat' dir='ltr'><strong>Siquidem</strong></span> <span class='ocrx_word' id='word_1_302' title='bbox 1209 3830 1378 3885; x_wconf 87' lang='lat' dir='ltr'><strong>virum</strong></span> <span class='ocrx_word' id='word_1_303' title='bbox 1415 3832 1513 3888; x_wconf 90' lang='lat' dir='ltr'><strong>hac</strong></span> <span class='ocrx_word' id='word_1_304' title='bbox 1541 3843 1721 3901; x_wconf 69' lang='lat' dir='ltr'><strong>aetate,</strong></span> 
     </span>
    </p>
   </div>
   <div class='ocr_carea' id='block_1_40' title="bbox 167 3911 1728 3995">
    <p class='ocr_par' dir='ltr' id='par_1_40' title="bbox 167 3911 1728 3995">
     <span class='ocr_line' id='line_1_40' title="bbox 167 3911 1728 3995; baseline 0.012 -33"><span class='ocrx_word' id='word_1_305' title='bbox 167 3911 238 3977; x_wconf 86' lang='lat' dir='ltr'><strong>qui</strong></span> <span class='ocrx_word' id='word_1_306' title='bbox 263 3928 427 3982; x_wconf 87' lang='lat' dir='ltr'><strong>nuper</strong></span> <span class='ocrx_word' id='word_1_307' title='bbox 454 3930 485 3968; x_wconf 91' lang='lat' dir='ltr'><strong>a</strong></span> <span class='ocrx_word' id='word_1_308' title='bbox 519 3917 866 3972; x_wconf 77' lang='lat' dir='ltr'><strong>saecularibus</strong></span> <span class='ocrx_word' id='word_1_309' title='bbox 894 3920 1035 3974; x_wconf 91' lang='lat' dir='ltr'><strong>curis</strong></span> <span class='ocrx_word' id='word_1_310' title='bbox 1072 3935 1131 3975; x_wconf 90' lang='lat' dir='ltr'><strong>se</strong></span> <span class='ocrx_word' id='word_1_311' title='bbox 1157 3921 1479 3978; x_wconf 74' lang='lat' dir='ltr'><strong>abdit-ararit</strong></span> <span class='ocrx_word' id='word_1_312' title='bbox 1501 3966 1515 3988; x_wconf 95' lang='lat'><strong>,</strong></span> <span class='ocrx_word' id='word_1_313' title='bbox 1559 3941 1728 3995; x_wconf 90' lang='lat' dir='ltr'><strong>usque</strong></span> 
     </span>
    </p>
   </div>
   <div class='ocr_carea' id='block_1_41' title="bbox 166 4000 1730 4083">
    <p class='ocr_par' dir='ltr' id='par_1_41' title="bbox 166 4000 1730 4083">
     <span class='ocr_line' id='line_1_41' title="bbox 166 4000 1730 4083; baseline 0.012 -31"><span class='ocrx_word' id='word_1_314' title='bbox 166 4000 279 4054; x_wconf 80' lang='lat' dir='ltr'><strong>adeo</strong></span> <span class='ocrx_word' id='word_1_315' title='bbox 303 4004 682 4062; x_wconf 87' lang='lat' dir='ltr'><strong>admirandum</strong></span> <span class='ocrx_word' id='word_1_316' title='bbox 724 4008 864 4079; x_wconf 86' lang='lat' dir='ltr'><strong>apud</strong></span> <span class='ocrx_word' id='word_1_317' title='bbox 894 4025 1080 4065; x_wconf 90' lang='lat' dir='ltr'><strong>omnes</strong></span> <span class='ocrx_word' id='word_1_318' title='bbox 1119 4011 1408 4082; x_wconf 87' lang='lat' dir='ltr'><strong>derepente</strong></span> <span class='ocrx_word' id='word_1_319' title='bbox 1436 4016 1640 4083; x_wconf 85' lang='lat' dir='ltr'><strong>videri,</strong></span> <span class='ocrx_word' id='word_1_320' title='bbox 1670 4024 1730 4071; x_wconf 90' lang='lat' dir='ltr'><strong>ut</strong></span> 
     </span>
    </p>
   </div>
   <div class='ocr_carea' id='block_1_42' title="bbox 168 4091 1726 4171">
    <p class='ocr_par' dir='ltr' id='par_1_42' title="bbox 168 4091 1726 4171">
     <span class='ocr_line' id='line_1_42' title="bbox 168 4091 1726 4171; baseline 0.012 -28"><span class='ocrx_word' id='word_1_321' title='bbox 168 4091 220 4145; x_wconf 93' lang='lat' dir='ltr'><strong>iis</strong></span> <span class='ocrx_word' id='word_1_322' title='bbox 239 4097 386 4149; x_wconf 91' lang='lat' dir='ltr'><strong>etiam</strong></span> <span class='ocrx_word' id='word_1_323' title='bbox 412 4140 427 4164; x_wconf 90' lang='lat'><strong>,</strong></span> <span class='ocrx_word' id='word_1_324' title='bbox 454 4099 554 4169; x_wconf 87' lang='lat' dir='ltr'><strong>qui</strong></span> <span class='ocrx_word' id='word_1_325' title='bbox 584 4099 636 4153; x_wconf 92' lang='lat' dir='ltr'><strong>in</strong></span> <span class='ocrx_word' id='word_1_326' title='bbox 668 4098 970 4171; x_wconf 86' lang='lat' dir='ltr'><strong>hujusmodi</strong></span> <span class='ocrx_word' id='word_1_327' title='bbox 1015 4103 1285 4159; x_wconf 85' lang='lat' dir='ltr'><strong>laboribus</strong></span> <span class='ocrx_word' id='word_1_328' title='bbox 1313 4115 1474 4160; x_wconf 84' lang='lat' dir='ltr'><strong>t0tam</strong></span> <span class='ocrx_word' id='word_1_329' title='bbox 1514 4117 1726 4162; x_wconf 66' lang='lat' dir='ltr'><strong>aetatem</strong></span> 
     </span>
    </p>
   </div>
   <div class='ocr_carea' id='block_1_43' title="bbox 165 4186 1729 4264">
    <p class='ocr_par' dir='ltr' id='par_1_43' title="bbox 165 4186 1729 4264">
     <span class='ocr_line' id='line_1_43' title="bbox 165 4186 1729 4264; baseline 0.01 -27"><span class='ocrx_word' id='word_1_330' title='bbox 165 4186 520 4245; x_wconf 84' lang='lat' dir='ltr'><strong>contrivissent</strong></span> <span class='ocrx_word' id='word_1_331' title='bbox 550 4190 904 4247; x_wconf 79' lang='lat' dir='ltr'><strong>anteferretur</strong></span> <span class='ocrx_word' id='word_1_332' title='bbox 926 4234 941 4258; x_wconf 90' lang='lat'><strong>,</strong></span> <span class='ocrx_word' id='word_1_333' title='bbox 977 4204 1031 4248; x_wconf 90' lang='lat' dir='ltr'><strong>et</strong></span> <span class='ocrx_word' id='word_1_334' title='bbox 1059 4194 1207 4264; x_wconf 90' lang='lat' dir='ltr'><strong>plura</strong></span> <span class='ocrx_word' id='word_1_335' title='bbox 1238 4194 1322 4250; x_wconf 91' lang='lat' dir='ltr'><strong>his</strong></span> <span class='ocrx_word' id='word_1_336' title='bbox 1350 4197 1596 4252; x_wconf 86' lang='lat' dir='ltr'><strong>omnibus</strong></span> <span class='ocrx_word' id='word_1_337' title='bbox 1617 4196 1729 4252; x_wconf 90' lang='lat' dir='ltr'><strong>suf-</strong></span> 
     </span>
    </p>
   </div>
   <div class='ocr_carea' id='block_1_44' title="bbox 165 4272 1731 4356">
    <p class='ocr_par' dir='ltr' id='par_1_44' title="bbox 165 4272 1731 4356">
     <span class='ocr_line' id='line_1_44' title="bbox 165 4272 1731 4356; baseline 0.01 -28"><span class='ocrx_word' id='word_1_338' title='bbox 165 4272 310 4347; x_wconf 84' lang='lat' dir='ltr'><strong>fragia</strong></span> <span class='ocrx_word' id='word_1_339' title='bbox 334 4282 642 4352; x_wconf 88' lang='lat' dir='ltr'><strong>acciperet;</strong></span> <span class='ocrx_word' id='word_1_340' title='bbox 675 4282 728 4337; x_wconf 94' lang='lat' dir='ltr'><strong>id</strong></span> <span class='ocrx_word' id='word_1_341' title='bbox 751 4294 898 4339; x_wconf 91' lang='lat' dir='ltr'><strong>certe</strong></span> <span class='ocrx_word' id='word_1_342' title='bbox 924 4300 1167 4356; x_wconf 89' lang='lat' dir='ltr'><strong>magnam</strong></span> <span class='ocrx_word' id='word_1_343' title='bbox 1194 4294 1248 4342; x_wconf 91' lang='lat' dir='ltr'><strong>et</strong></span> <span class='ocrx_word' id='word_1_344' title='bbox 1271 4287 1637 4343; x_wconf 88' lang='lat' dir='ltr'><strong>admirabilem</strong></span> <span class='ocrx_word' id='word_1_345' title='bbox 1661 4289 1731 4344; x_wconf 92' lang='lat' dir='ltr'><strong>de</strong></span> 
     </span>
    </p>
   </div>
   <div class='ocr_carea' id='block_1_45' title="bbox 166 4371 1731 4452">
    <p class='ocr_par' dir='ltr' id='par_1_45' title="bbox 166 4371 1731 4452">
     <span class='ocr_line' id='line_1_45' title="bbox 166 4371 1731 4452; baseline 0.008 -30"><span class='ocrx_word' id='word_1_346' title='bbox 166 4371 298 4425; x_wconf 85' lang='lat' dir='ltr'><strong>nobis</strong></span> <span class='ocrx_word' id='word_1_347' title='bbox 321 4375 634 4443; x_wconf 84' lang='lat' dir='ltr'><strong>opinionem</strong></span> <span class='ocrx_word' id='word_1_348' title='bbox 668 4378 913 4433; x_wconf 89' lang='lat' dir='ltr'><strong>omnibus</strong></span> <span class='ocrx_word' id='word_1_349' title='bbox 941 4379 1219 4435; x_wconf 87' lang='lat' dir='ltr'><strong>indidisset</strong></span> <span class='ocrx_word' id='word_1_350' title='bbox 1243 4422 1257 4446; x_wconf 91' lang='lat'><strong>,</strong></span> <span class='ocrx_word' id='word_1_351' title='bbox 1285 4396 1489 4452; x_wconf 87' lang='lat' dir='ltr'><strong>nosque</strong></span> <span class='ocrx_word' id='word_1_352' title='bbox 1516 4383 1731 4452; x_wconf 90' lang='lat' dir='ltr'><strong>conspi-</strong></span> 
     </span>
    </p>
   </div>
   <div class='ocr_carea' id='block_1_46' title="bbox 165 4466 1729 4541">
    <p class='ocr_par' dir='ltr' id='par_1_46' title="bbox 165 4466 1729 4541">
     <span class='ocr_line' id='line_1_46' title="bbox 165 4466 1729 4541; baseline 0.008 -27"><span class='ocrx_word' id='word_1_353' title='bbox 165 4474 278 4517; x_wconf 86' lang='lat' dir='ltr'><strong>cuos</strong></span> <span class='ocrx_word' id='word_1_354' title='bbox 298 4475 349 4518; x_wconf 87' lang='lat' dir='ltr'><strong>et</strong></span> <span class='ocrx_word' id='word_1_355' title='bbox 377 4466 616 4521; x_wconf 89' lang='lat' dir='ltr'><strong>illustres</strong></span> <span class='ocrx_word' id='word_1_356' title='bbox 642 4468 985 4524; x_wconf 84' lang='lat' dir='ltr'><strong>exhibuisset.</strong></span> <span class='ocrx_word' id='word_1_357' title='bbox 1034 4469 1187 4526; x_wconf 89' lang='lat' dir='ltr'><strong>Nunc</strong></span> <span class='ocrx_word' id='word_1_358' title='bbox 1229 4487 1357 4527; x_wconf 88' lang='lat' dir='ltr'><strong>vero</strong></span> <span class='ocrx_word' id='word_1_359' title='bbox 1380 4513 1396 4539; x_wconf 93' lang='lat'><strong>,</strong></span> <span class='ocrx_word' id='word_1_360' title='bbox 1426 4474 1604 4541; x_wconf 85' lang='lat' dir='ltr'><strong>paucis</strong></span> <span class='ocrx_word' id='word_1_361' title='bbox 1633 4490 1729 4527; x_wconf 86' lang='lat' dir='ltr'><strong>ex-</strong></span> 
     </span>
    </p>
   </div>
   <div class='ocr_carea' id='block_1_47' title="bbox 165 4553 1730 4632">
    <p class='ocr_par' dir='ltr' id='par_1_47' title="bbox 165 4553 1730 4632">
     <span class='ocr_line' id='line_1_47' title="bbox 165 4553 1730 4632; baseline 0.007 -26"><span class='ocrx_word' id='word_1_362' title='bbox 165 4553 332 4620; x_wconf 82' lang='lat' dir='ltr'><strong>ceptis,</strong></span> <span class='ocrx_word' id='word_1_363' title='bbox 363 4556 598 4610; x_wconf 72' lang='lat' dir='ltr'><strong>maxima</strong></span> <span class='ocrx_word' id='word_1_364' title='bbox 628 4572 751 4628; x_wconf 89' lang='lat' dir='ltr'><strong>pars</strong></span> <span class='ocrx_word' id='word_1_365' title='bbox 781 4558 1035 4615; x_wconf 76' lang='lat' dir='ltr'><strong>Ecclesia:</strong></span> <span class='ocrx_word' id='word_1_366' title='bbox 1063 4575 1163 4614; x_wconf 86' lang='lat' dir='ltr'><strong>nos</strong></span> <span class='ocrx_word' id='word_1_367' title='bbox 1187 4576 1252 4615; x_wconf 91' lang='lat' dir='ltr'><strong>ne</strong></span> <span class='ocrx_word' id='word_1_368' title='bbox 1278 4564 1491 4617; x_wconf 90' lang='lat' dir='ltr'><strong>nomine</strong></span> <span class='ocrx_word' id='word_1_369' title='bbox 1517 4562 1730 4632; x_wconf 91' lang='lat' dir='ltr'><strong>quidem</strong></span> 
     </span>
    </p>
   </div>
   <div class='ocr_carea' id='block_1_48' title="bbox 167 4646 1729 4725">
    <p class='ocr_par' dir='ltr' id='par_1_48' title="bbox 167 4646 1729 4725">
     <span class='ocr_line' id='line_1_48' title="bbox 167 4646 1729 4725; baseline 0.008 -28"><span class='ocrx_word' id='word_1_370' title='bbox 167 4654 341 4699; x_wconf 88' lang='lat' dir='ltr'><strong>norunt</strong></span> <span class='ocrx_word' id='word_1_371' title='bbox 371 4663 384 4699; x_wconf 89' lang='lat'><strong>:</strong></span> <span class='ocrx_word' id='word_1_372' title='bbox 417 4646 560 4702; x_wconf 89' lang='lat' dir='ltr'><strong>adeo</strong></span> <span class='ocrx_word' id='word_1_373' title='bbox 587 4658 642 4701; x_wconf 93' lang='lat' dir='ltr'><strong>ut</strong></span> <span class='ocrx_word' id='word_1_374' title='bbox 669 4664 735 4703; x_wconf 90' lang='lat' dir='ltr'><strong>ne</strong></span> <span class='ocrx_word' id='word_1_375' title='bbox 759 4650 1008 4705; x_wconf 88' lang='lat' dir='ltr'><strong>omnibus</strong></span> <span class='ocrx_word' id='word_1_376' title='bbox 1029 4652 1242 4721; x_wconf 91' lang='lat' dir='ltr'><strong>quidem</strong></span> <span class='ocrx_word' id='word_1_377' title='bbox 1284 4662 1466 4708; x_wconf 91' lang='lat' dir='ltr'><strong>notum</strong></span> <span class='ocrx_word' id='word_1_378' title='bbox 1494 4656 1563 4710; x_wconf 93' lang='lat' dir='ltr'><strong>sit</strong></span> <span class='ocrx_word' id='word_1_379' title='bbox 1587 4655 1729 4725; x_wconf 89' lang='lat' dir='ltr'><strong>quod</strong></span> 
     </span>
    </p>
   </div>
   <div class='ocr_carea' id='block_1_49' title="bbox 167 4732 1731 4814">
    <p class='ocr_par' dir='ltr' id='par_1_49' title="bbox 167 4732 1731 4814">
     <span class='ocr_line' id='line_1_49' title="bbox 167 4732 1731 4814; baseline 0.01 -29"><span class='ocrx_word' id='word_1_380' title='bbox 167 4732 490 4793; x_wconf 81' lang='lat' dir='ltr'><strong>abnuerimus</strong></span> <span class='ocrx_word' id='word_1_381' title='bbox 510 4780 527 4805; x_wconf 90' lang='lat'><strong>,</strong></span> <span class='ocrx_word' id='word_1_382' title='bbox 567 4738 661 4794; x_wconf 91' lang='lat' dir='ltr'><strong>sed</strong></span> <span class='ocrx_word' id='word_1_383' title='bbox 692 4743 871 4810; x_wconf 87' lang='lat' dir='ltr'><strong>paucis</strong></span> <span class='ocrx_word' id='word_1_384' title='bbox 901 4750 1102 4796; x_wconf 88' lang='lat' dir='ltr'><strong>tantum</strong></span> <span class='ocrx_word' id='word_1_385' title='bbox 1122 4783 1137 4808; x_wconf 93' lang='lat'><strong>,</strong></span> <span class='ocrx_word' id='word_1_386' title='bbox 1174 4757 1309 4814; x_wconf 91' lang='lat' dir='ltr'><strong>quos</strong></span> <span class='ocrx_word' id='word_1_387' title='bbox 1337 4754 1511 4799; x_wconf 88' lang='lat' dir='ltr'><strong>tamen</strong></span> <span class='ocrx_word' id='word_1_388' title='bbox 1542 4761 1731 4801; x_wconf 85' lang='lat' dir='ltr'><strong>omnes</strong></span> 
     </span>
    </p>
   </div>
   <div class='ocr_carea' id='block_1_50' title="bbox 169 4833 1730 4905">
    <p class='ocr_par' dir='ltr' id='par_1_50' title="bbox 169 4833 1730 4905">
     <span class='ocr_line' id='line_1_50' title="bbox 169 4833 1730 4905; baseline 0.012 -27"><span class='ocrx_word' id='word_1_389' title='bbox 169 4839 259 4880; x_wconf 88' lang='lat' dir='ltr'><strong>non</strong></span> <span class='ocrx_word' id='word_1_390' title='bbox 297 4839 425 4899; x_wconf 91' lang='lat' dir='ltr'><strong>puto</strong></span> <span class='ocrx_word' id='word_1_391' title='bbox 469 4833 640 4901; x_wconf 87' lang='lat' dir='ltr'><strong>probe</strong></span> <span class='ocrx_word' id='word_1_392' title='bbox 675 4847 832 4888; x_wconf 90' lang='lat' dir='ltr'><strong>nosse</strong></span> <span class='ocrx_word' id='word_1_393' title='bbox 876 4834 999 4904; x_wconf 92' lang='lat' dir='ltr'><strong>quid</strong></span> <span class='ocrx_word' id='word_1_394' title='bbox 1041 4847 1249 4905; x_wconf 88' lang='lat' dir='ltr'><strong>gestum</strong></span> <span class='ocrx_word' id='word_1_395' title='bbox 1290 4838 1359 4893; x_wconf 89' lang='lat' dir='ltr'><strong>sit</strong></span> <span class='ocrx_word' id='word_1_396' title='bbox 1393 4840 1730 4897; x_wconf 89' lang='lat' dir='ltr'><strong>:verisimile</strong></span> 
     </span>
    </p>
   </div>
   <div class='ocr_carea' id='block_1_51' title="bbox 168 4925 1729 4987">
    <p class='ocr_par' dir='ltr' id='par_1_51' title="bbox 168 4925 1729 4987">
     <span class='ocr_line' id='line_1_51' title="bbox 168 4925 1729 4987; baseline 0.012 -19"><span class='ocrx_word' id='word_1_397' title='bbox 168 4928 323 4973; x_wconf 78' lang='lat' dir='ltr'><strong>autem</strong></span> <span class='ocrx_word' id='word_1_398' title='bbox 361 4932 443 4976; x_wconf 90' lang='lat' dir='ltr'><strong>est</strong></span> <span class='ocrx_word' id='word_1_399' title='bbox 482 4937 668 4977; x_wconf 90' lang='lat' dir='ltr'><strong>eorum</strong></span> <span class='ocrx_word' id='word_1_400' title='bbox 714 4925 909 4980; x_wconf 88' lang='lat' dir='ltr'><strong>multos</strong></span> <span class='ocrx_word' id='word_1_401' title='bbox 943 4938 1034 4980; x_wconf 84' lang='lat' dir='ltr'><strong>aut</strong></span> <span class='ocrx_word' id='word_1_402' title='bbox 1065 4927 1366 4983; x_wconf 90' lang='lat' dir='ltr'><strong>nullatenus</strong></span> <span class='ocrx_word' id='word_1_403' title='bbox 1393 4944 1493 4986; x_wconf 90' lang='lat' dir='ltr'><strong>nos</strong></span> <span class='ocrx_word' id='word_1_404' title='bbox 1527 4932 1729 4987; x_wconf 89' lang='lat' dir='ltr'><strong>electos</strong></span> 
     </span>
    </p>
   </div>
   <div class='ocr_carea' id='block_1_52' title="bbox 171 5003 1729 5092">
    <p class='ocr_par' dir='ltr' id='par_1_52' title="bbox 171 5003 1729 5092">
     <span class='ocr_line' id='line_1_52' title="bbox 171 5003 1729 5092; baseline 0.013 -31"><span class='ocrx_word' id='word_1_405' title='bbox 171 5003 316 5065; x_wconf 77' lang='lat' dir='ltr'><strong>fuisse</strong></span> <span class='ocrx_word' id='word_1_406' title='bbox 343 5028 567 5069; x_wconf 85' lang='lat' dir='ltr'><strong>censere</strong></span> <span class='ocrx_word' id='word_1_407' title='bbox 590 5057 606 5081; x_wconf 95' lang='lat'><strong>,</strong></span> <span class='ocrx_word' id='word_1_408' title='bbox 656 5025 715 5070; x_wconf 91' lang='lat' dir='ltr'><strong>ut</strong></span> <span class='ocrx_word' id='word_1_409' title='bbox 757 5027 875 5085; x_wconf 89' lang='lat' dir='ltr'><strong>post</strong></span> <span class='ocrx_word' id='word_1_410' title='bbox 912 5018 1225 5074; x_wconf 83' lang='lat' dir='ltr'><strong>electionem</strong></span> <span class='ocrx_word' id='word_1_411' title='bbox 1253 5021 1503 5092; x_wconf 85' lang='lat' dir='ltr'><strong>depulsus</strong></span> <span class='ocrx_word' id='word_1_412' title='bbox 1544 5022 1729 5091; x_wconf 88' lang='lat' dir='ltr'><strong>fuisse,</strong></span> 
     </span>
    </p>
   </div>
   <div class='ocr_carea' id='block_1_53' title="bbox 171 5105 1621 5184">
    <p class='ocr_par' dir='ltr' id='par_1_53' title="bbox 171 5105 1621 5184">
     <span class='ocr_line' id='line_1_53' title="bbox 171 5105 1621 5184; baseline 0.012 -36"><span class='ocrx_word' id='word_1_413' title='bbox 171 5106 215 5150; x_wconf 87' lang='lat' dir='ltr'><strong>ut</strong></span> <span class='ocrx_word' id='word_1_414' title='bbox 242 5115 338 5155; x_wconf 85' lang='lat' dir='ltr'><strong>non</strong></span> <span class='ocrx_word' id='word_1_415' title='bbox 367 5113 453 5157; x_wconf 85' lang='lat' dir='ltr'><strong>sat</strong></span> <span class='ocrx_word' id='word_1_416' title='bbox 479 5105 702 5160; x_wconf 88' lang='lat' dir='ltr'><strong>idoneos</strong></span> <span class='ocrx_word' id='word_1_417' title='bbox 725 5108 889 5173; x_wconf 92' lang='lat' dir='ltr'><strong>visos,</strong></span> <span class='ocrx_word' id='word_1_418' title='bbox 920 5124 1091 5179; x_wconf 89' lang='lat' dir='ltr'><strong>neque</strong></span> <span class='ocrx_word' id='word_1_419' title='bbox 1120 5120 1309 5179; x_wconf 79' lang='lat' dir='ltr'><strong>Sponte</strong></span> <span class='ocrx_word' id='word_1_420' title='bbox 1335 5112 1621 5184; x_wconf 79' lang='lat' dir='ltr'><strong>aufugisse.</strong></span> 
     </span>
    </p>
   </div>
   <div class='ocr_carea' id='block_1_54' title="bbox 227 5191 1731 5268">
    <p class='ocr_par' dir='ltr' id='par_1_54' title="bbox 227 5191 1731 5268">
     <span class='ocr_line' id='line_1_54' title="bbox 227 5191 1731 5268; baseline 0.009 -24"><span class='ocrx_word' id='word_1_421' title='bbox 227 5191 279 5245; x_wconf 79' lang='grc'><strong>5.</strong></span> <span class='ocrx_word' id='word_1_422' title='bbox 322 5193 385 5248; x_wconf 83' lang='lat' dir='ltr'><strong>Si</strong></span> <span class='ocrx_word' id='word_1_423' title='bbox 429 5196 648 5265; x_wconf 79' lang='lat' dir='ltr'><strong>gloriam</strong></span> <span class='ocrx_word' id='word_1_424' title='bbox 695 5200 1191 5268; x_wconf 80' lang='lat' dir='ltr'><strong>concupisceremus,</strong></span> <span class='ocrx_word' id='word_1_425' title='bbox 1242 5203 1344 5257; x_wconf 89' lang='lat' dir='ltr'><strong>tale</strong></span> <span class='ocrx_word' id='word_1_426' title='bbox 1397 5204 1731 5259; x_wconf 74' lang='lat' dir='ltr'><strong>ministerium</strong></span> 
     </span>
    </p>
   </div>
   <div class='ocr_carea' id='block_1_55' title="bbox 168 5282 1729 5362">
    <p class='ocr_par' dir='ltr' id='par_1_55' title="bbox 168 5282 1729 5362">
     <span class='ocr_line' id='line_1_55' title="bbox 168 5282 1729 5362; baseline 0.012 -31"><span class='ocrx_word' id='word_1_427' title='bbox 168 5282 332 5351; x_wconf 79' lang='lat' dir='ltr'><strong>digere</strong></span> <span class='ocrx_word' id='word_1_428' title='bbox 364 5287 610 5356; x_wconf 81' lang='lat' dir='ltr'><strong>oportuit.</strong></span> <span class='ocrx_word' id='word_1_429' title='bbox 636 5287 945 5344; x_wconf 80' lang='lat' dir='ltr'><strong>—BAS|L.</strong></span> <span class='ocrx_word' id='word_1_430' title='bbox 975 5292 1045 5344; x_wconf 78' lang='lat' dir='ltr'><strong>At</strong></span> <span class='ocrx_word' id='word_1_431' title='bbox 1081 5294 1169 5362; x_wconf 92' lang='lat' dir='ltr'><strong>qui</strong></span> <span class='ocrx_word' id='word_1_432' title='bbox 1210 5309 1322 5347; x_wconf 87' lang='lat' dir='ltr'><strong>rem</strong></span> <span class='ocrx_word' id='word_1_433' title='bbox 1364 5310 1491 5349; x_wconf 86' lang='lat' dir='ltr'><strong>vere</strong></span> <span class='ocrx_word' id='word_1_434' title='bbox 1532 5295 1729 5358; x_wconf 90' lang='lat' dir='ltr'><strong>sciunt,</strong></span> 
     </span>
    </p>
   </div>
   <div class='ocr_carea' id='block_1_56' title="bbox 169 5373 1732 5453">
    <p class='ocr_par' dir='ltr' id='par_1_56' title="bbox 169 5373 1732 5453">
     <span class='ocr_line' id='line_1_56' title="bbox 169 5373 1732 5453; baseline 0.012 -33"><span class='ocrx_word' id='word_1_435' title='bbox 169 5373 506 5431; x_wconf 86' lang='lat' dir='ltr'><strong>mirabuntur.</strong></span> <span class='ocrx_word' id='word_1_436' title='bbox 535 5376 911 5435; x_wconf 81' lang='lat' dir='ltr'><strong>CHRYSOST.</strong></span> <span class='ocrx_word' id='word_1_437' title='bbox 946 5384 1098 5451; x_wconf 83' lang='lat' dir='ltr'><strong>Atqui</strong></span> <span class='ocrx_word' id='word_1_438' title='bbox 1133 5383 1230 5438; x_wconf 77' lang='lat' dir='ltr'><strong>ltus</strong></span> <span class='ocrx_word' id='word_1_439' title='bbox 1257 5384 1402 5453; x_wconf 84' lang='lat' dir='ltr'><strong>ipsos</strong></span> <span class='ocrx_word' id='word_1_440' title='bbox 1425 5385 1602 5440; x_wconf 79' lang='lat' dir='ltr'><strong>dixisti</strong></span> <span class='ocrx_word' id='word_1_441' title='bbox 1632 5400 1732 5439; x_wconf 89' lang='lat' dir='ltr'><strong>uo-</strong></span> 
     </span>
    </p>
   </div>
   <div class='ocr_carea' id='block_1_57' title="bbox 170 5463 1730 5544">
    <p class='ocr_par' dir='ltr' id='par_1_57' title="bbox 170 5463 1730 5544">
     <span class='ocr_line' id='line_1_57' title="bbox 170 5463 1730 5544; baseline 0.012 -28"><span class='ocrx_word' id='word_1_442' title='bbox 170 5463 240 5518; x_wconf 82' lang='lat' dir='ltr'><strong>bis</strong></span> <span class='ocrx_word' id='word_1_443' title='bbox 265 5482 412 5523; x_wconf 65' lang='lat' dir='ltr'><strong>vana:</strong></span> <span class='ocrx_word' id='word_1_444' title='bbox 441 5472 628 5539; x_wconf 72' lang='lat' dir='ltr'><strong>gloria:</strong></span> <span class='ocrx_word' id='word_1_445' title='bbox 654 5488 717 5528; x_wconf 89' lang='lat' dir='ltr'><strong>ac</strong></span> <span class='ocrx_word' id='word_1_446' title='bbox 743 5475 1007 5544; x_wconf 69' lang='lat' dir='ltr'><strong>superbire</strong></span> <span class='ocrx_word' id='word_1_447' title='bbox 1044 5478 1247 5530; x_wconf 77' lang='lat' dir='ltr'><strong>crimen</strong></span> <span class='ocrx_word' id='word_1_448' title='bbox 1287 5477 1503 5533; x_wconf 75' lang='lat' dir='ltr'><strong>offerre.</strong></span> <span class='ocrx_word' id='word_1_449' title='bbox 1550 5480 1730 5535; x_wconf 81' lang='lat' dir='ltr'><strong>Unde~</strong></span> 
     </span>
    </p>
   </div>
   <div class='ocr_carea' id='block_1_58' title="bbox 172 5561 1729 5638">
    <p class='ocr_par' dir='ltr' id='par_1_58' title="bbox 172 5561 1729 5638">
     <span class='ocr_line' id='line_1_58' title="bbox 172 5561 1729 5638; baseline 0.01 -28"><span class='ocrx_word' id='word_1_450' title='bbox 172 5572 278 5611; x_wconf 84' lang='lat' dir='ltr'><strong>nam</strong></span> <span class='ocrx_word' id='word_1_451' title='bbox 300 5561 456 5630; x_wconf 88' lang='lat' dir='ltr'><strong>igitur</strong></span> <span class='ocrx_word' id='word_1_452' title='bbox 480 5562 595 5617; x_wconf 87' lang='lat' dir='ltr'><strong>laus</strong></span> <span class='ocrx_word' id='word_1_453' title='bbox 614 5565 871 5638; x_wconf 80' lang='lat' dir='ltr'><strong>speranda</strong></span> <span class='ocrx_word' id='word_1_454' title='bbox 888 5566 1012 5621; x_wconf 89' lang='lat' dir='ltr'><strong>est?</strong></span> <span class='ocrx_word' id='word_1_455' title='bbox 1038 5567 1082 5621; x_wconf 81' lang='grc' dir='ltr'><strong>Α</strong></span> <span class='ocrx_word' id='word_1_456' title='bbox 1110 5568 1486 5624; x_wconf 84' lang='lat' dir='ltr'><strong>multitudine?</strong></span> <span class='ocrx_word' id='word_1_457' title='bbox 1510 5571 1578 5623; x_wconf 84' lang='lat' dir='ltr'><strong>At</strong></span> <span class='ocrx_word' id='word_1_458' title='bbox 1594 5584 1729 5635; x_wconf 91' lang='lat' dir='ltr'><strong>rem,</strong></span> 
     </span>
    </p>
   </div>
   <div class='ocr_carea' id='block_1_59' title="bbox 172 5658 1734 5734">
    <p class='ocr_par' dir='ltr' id='par_1_59' title="bbox 172 5658 1734 5734">
     <span class='ocr_line' id='line_1_59' title="bbox 172 5658 1734 5734; baseline 0.012 -34"><span class='ocrx_word' id='word_1_459' title='bbox 172 5658 221 5701; x_wconf 93' lang='lat' dir='ltr'><strong>ut</strong></span> <span class='ocrx_word' id='word_1_460' title='bbox 253 5665 458 5719; x_wconf 85' lang='lat' dir='ltr'><strong>peracta</strong></span> <span class='ocrx_word' id='word_1_461' title='bbox 487 5666 601 5722; x_wconf 87' lang='lat' dir='ltr'><strong>est,</strong></span> <span class='ocrx_word' id='word_1_462' title='bbox 643 5658 902 5713; x_wconf 88' lang='lat' dir='ltr'><strong>nesciunt.</strong></span> <span class='ocrx_word' id='word_1_463' title='bbox 946 5662 985 5713; x_wconf 83' lang='lat' dir='ltr'><strong>A</strong></span> <span class='ocrx_word' id='word_1_464' title='bbox 1026 5660 1244 5729; x_wconf 84' lang='lat' dir='ltr'><strong>paucis?</strong></span> <span class='ocrx_word' id='word_1_465' title='bbox 1278 5661 1382 5717; x_wconf 86' lang='lat' dir='ltr'><strong>Sed</strong></span> <span class='ocrx_word' id='word_1_466' title='bbox 1410 5661 1496 5717; x_wconf 89' lang='lat' dir='ltr'><strong>hic</strong></span> <span class='ocrx_word' id='word_1_467' title='bbox 1524 5678 1734 5734; x_wconf 87' lang='lat' dir='ltr'><strong>quoque</strong></span> 
     </span>
    </p>
   </div>
   <div class='ocr_carea' id='block_1_60' title="bbox 175 5741 1731 5823">
    <p class='ocr_par' dir='ltr' id='par_1_60' title="bbox 175 5741 1731 5823">
     <span class='ocr_line' id='line_1_60' title="bbox 175 5741 1731 5823; baseline 0.012 -32"><span class='ocrx_word' id='word_1_468' title='bbox 175 5741 313 5797; x_wconf 77' lang='lat' dir='ltr'><strong>nobis</strong></span> <span class='ocrx_word' id='word_1_469' title='bbox 338 5760 426 5802; x_wconf 87' lang='lat' dir='ltr'><strong>res</strong></span> <span class='ocrx_word' id='word_1_470' title='bbox 461 5745 513 5801; x_wconf 89' lang='lat' dir='ltr'><strong>in</strong></span> <span class='ocrx_word' id='word_1_471' title='bbox 552 5750 873 5805; x_wconf 86' lang='lat' dir='ltr'><strong>contrarium</strong></span> <span class='ocrx_word' id='word_1_472' title='bbox 912 5751 1122 5806; x_wconf 86' lang='lat' dir='ltr'><strong>cecidit.</strong></span> <span class='ocrx_word' id='word_1_473' title='bbox 1175 5750 1357 5823; x_wconf 84' lang='lat' dir='ltr'><strong>Neque</strong></span> <span class='ocrx_word' id='word_1_474' title='bbox 1384 5752 1487 5807; x_wconf 90' lang='lat' dir='ltr'><strong>alio</strong></span> <span class='ocrx_word' id='word_1_475' title='bbox 1515 5755 1731 5811; x_wconf 89' lang='lat' dir='ltr'><strong>nomine</strong></span> 
     </span>
    </p>
   </div>
   <div class='ocr_carea' id='block_1_61' title="bbox 3287 336 3396 393">
    <p class='ocr_par' dir='ltr' id='par_1_61' title="bbox 3287 336 3396 393">
     <span class='ocr_line' id='line_1_61' title="bbox 3287 336 3396 393; baseline -0.018 0"><span class='ocrx_word' id='word_1_476' title='bbox 3287 336 3396 393; x_wconf 69' lang='lat' dir='ltr'><strong>6H</strong></span> 
     </span>
    </p>
   </div>
   <div class='ocr_carea' id='block_1_62' title="bbox 1816 445 3395 519">
    <p class='ocr_par' dir='ltr' id='par_1_62' title="bbox 1816 445 3395 519">
     <span class='ocr_line' id='line_1_62' title="bbox 1816 445 3395 519; baseline 0.003 -18"><span class='ocrx_word' id='word_1_477' title='bbox 1816 445 1919 502; x_wconf 89' lang='lat' dir='ltr'><strong>huc</strong></span> <span class='ocrx_word' id='word_1_478' title='bbox 1953 448 2222 518; x_wconf 86' lang='lat' dir='ltr'><strong>ingressus</strong></span> <span class='ocrx_word' id='word_1_479' title='bbox 2248 463 2306 503; x_wconf 92' lang='lat' dir='ltr'><strong>es</strong></span> <span class='ocrx_word' id='word_1_480' title='bbox 2325 491 2340 514; x_wconf 91' lang='lat'><strong>,</strong></span> <span class='ocrx_word' id='word_1_481' title='bbox 2381 463 2538 518; x_wconf 87' lang='lat' dir='ltr'><strong>quam</strong></span> <span class='ocrx_word' id='word_1_482' title='bbox 2568 456 2627 503; x_wconf 92' lang='lat' dir='ltr'><strong>ut</strong></span> <span class='ocrx_word' id='word_1_483' title='bbox 2650 448 2915 503; x_wconf 88' lang='lat' dir='ltr'><strong>edisceres</strong></span> <span class='ocrx_word' id='word_1_484' title='bbox 2938 492 2952 517; x_wconf 89' lang='lat'><strong>,</strong></span> <span class='ocrx_word' id='word_1_485' title='bbox 2999 464 3116 519; x_wconf 79' lang='lat' dir='ltr'><strong>qua:</strong></span> <span class='ocrx_word' id='word_1_486' title='bbox 3140 449 3395 506; x_wconf 86' lang='lat' dir='ltr'><strong>adversus</strong></span> 
     </span>
    </p>
   </div>
   <div class='ocr_carea' id='block_1_63' title="bbox 1812 537 3392 609">
    <p class='ocr_par' dir='ltr' id='par_1_63' title="bbox 1812 537 3392 609">
     <span class='ocr_line' id='line_1_63' title="bbox 1812 537 3392 609; baseline 0.001 -16"><span class='ocrx_word' id='word_1_487' title='bbox 1812 551 1904 593; x_wconf 88' lang='lat' dir='ltr'><strong>eos</strong></span> <span class='ocrx_word' id='word_1_488' title='bbox 1930 537 2169 593; x_wconf 86' lang='lat' dir='ltr'><strong>defensio</strong></span> <span class='ocrx_word' id='word_1_489' title='bbox 2209 539 2440 609; x_wconf 85' lang='lat' dir='ltr'><strong>paranda</strong></span> <span class='ocrx_word' id='word_1_490' title='bbox 2480 539 2568 593; x_wconf 90' lang='lat' dir='ltr'><strong>sit.</strong></span> <span class='ocrx_word' id='word_1_491' title='bbox 2613 538 2749 605; x_wconf 92' lang='lat' dir='ltr'><strong>Quid</strong></span> <span class='ocrx_word' id='word_1_492' title='bbox 2779 554 2904 593; x_wconf 90' lang='lat' dir='ltr'><strong>vero</strong></span> <span class='ocrx_word' id='word_1_493' title='bbox 2932 538 3032 593; x_wconf 90' lang='lat' dir='ltr'><strong>hac</strong></span> <span class='ocrx_word' id='word_1_494' title='bbox 3059 538 3126 594; x_wconf 90' lang='lat' dir='ltr'><strong>de</strong></span> <span class='ocrx_word' id='word_1_495' title='bbox 3154 554 3213 595; x_wconf 90' lang='lat' dir='ltr'><strong>re</strong></span> <span class='ocrx_word' id='word_1_496' title='bbox 3233 553 3392 595; x_wconf 89' lang='lat' dir='ltr'><strong>accu-</strong></span> 
     </span>
    </p>
   </div>
   <div class='ocr_carea' id='block_1_64' title="bbox 1812 629 3397 699">
    <p class='ocr_par' dir='ltr' id='par_1_64' title="bbox 1812 629 3397 699">
     <span class='ocr_line' id='line_1_64' title="bbox 1812 629 3397 699; baseline 0.003 -17"><span class='ocrx_word' id='word_1_497' title='bbox 1812 639 1926 683; x_wconf 90' lang='lat' dir='ltr'><strong>rate</strong></span> <span class='ocrx_word' id='word_1_498' title='bbox 1968 643 2110 684; x_wconf 89' lang='lat' dir='ltr'><strong>nunc</strong></span> <span class='ocrx_word' id='word_1_499' title='bbox 2150 629 2455 699; x_wconf 88' lang='lat' dir='ltr'><strong>proferam?</strong></span> <span class='ocrx_word' id='word_1_500' title='bbox 2506 629 2657 697; x_wconf 88' lang='lat' dir='ltr'><strong>Quod</strong></span> <span class='ocrx_word' id='word_1_501' title='bbox 2709 631 2852 685; x_wconf 91' lang='lat' dir='ltr'><strong>enim</strong></span> <span class='ocrx_word' id='word_1_502' title='bbox 2897 631 3104 683; x_wconf 87' lang='lat' dir='ltr'><strong>etiamsi</strong></span> <span class='ocrx_word' id='word_1_503' title='bbox 3148 632 3397 686; x_wconf 89' lang='lat' dir='ltr'><strong>omnibus</strong></span> 
     </span>
    </p>
   </div>
   <div class='ocr_carea' id='block_1_65' title="bbox 1813 720 3397 792">
    <p class='ocr_par' dir='ltr' id='par_1_65' title="bbox 1813 720 3397 792">
     <span class='ocr_line' id='line_1_65' title="bbox 1813 720 3397 792; baseline 0.002 -18"><span class='ocrx_word' id='word_1_504' title='bbox 1813 722 1889 775; x_wconf 91' lang='lat' dir='ltr'><strong>rei</strong></span> <span class='ocrx_word' id='word_1_505' title='bbox 1918 722 2112 776; x_wconf 86' lang='lat' dir='ltr'><strong>veritas</strong></span> <span class='ocrx_word' id='word_1_506' title='bbox 2154 728 2278 776; x_wconf 84' lang='lat' dir='ltr'><strong>nota</strong></span> <span class='ocrx_word' id='word_1_507' title='bbox 2323 731 2466 775; x_wconf 83' lang='lat' dir='ltr'><strong>esset</strong></span> <span class='ocrx_word' id='word_1_508' title='bbox 2489 763 2505 788; x_wconf 92' lang='lat'><strong>,</strong></span> <span class='ocrx_word' id='word_1_509' title='bbox 2556 737 2622 775; x_wconf 91' lang='lat' dir='ltr'><strong>ne</strong></span> <span class='ocrx_word' id='word_1_510' title='bbox 2664 721 2740 777; x_wconf 90' lang='lat' dir='ltr'><strong>sic</strong></span> <span class='ocrx_word' id='word_1_511' title='bbox 2768 720 2983 792; x_wconf 89' lang='lat' dir='ltr'><strong>quidem</strong></span> <span class='ocrx_word' id='word_1_512' title='bbox 3014 722 3277 790; x_wconf 77' lang='lat' dir='ltr'><strong>superbia:</strong></span> <span class='ocrx_word' id='word_1_513' title='bbox 3305 732 3397 777; x_wconf 86' lang='lat' dir='ltr'><strong>aut</strong></span> 
     </span>
    </p>
   </div>
   <div class='ocr_carea' id='block_1_66' title="bbox 1813 811 3395 880">
    <p class='ocr_par' dir='ltr' id='par_1_66' title="bbox 1813 811 3395 880">
     <span class='ocr_line' id='line_1_66' title="bbox 1813 811 3395 880; baseline 0.001 -16"><span class='ocrx_word' id='word_1_514' title='bbox 1813 826 1964 864; x_wconf 76' lang='lat' dir='ltr'><strong>vanae</strong></span> <span class='ocrx_word' id='word_1_515' title='bbox 2009 811 2189 880; x_wconf 68' lang='lat' dir='ltr'><strong>gloria:</strong></span> <span class='ocrx_word' id='word_1_516' title='bbox 2227 826 2476 866; x_wconf 84' lang='lat' dir='ltr'><strong>accusare</strong></span> <span class='ocrx_word' id='word_1_517' title='bbox 2524 821 2829 880; x_wconf 90' lang='lat' dir='ltr'><strong>oporteret,</strong></span> <span class='ocrx_word' id='word_1_518' title='bbox 2875 811 2918 864; x_wconf 88' lang='lat' dir='ltr'><strong>si</strong></span> <span class='ocrx_word' id='word_1_519' title='bbox 2956 812 3169 880; x_wconf 78' lang='lat' dir='ltr'><strong>paulum</strong></span> <span class='ocrx_word' id='word_1_520' title='bbox 3202 825 3395 880; x_wconf 84' lang='lat' dir='ltr'><strong>exspe-</strong></span> 
     </span>
    </p>
   </div>
   <div class='ocr_carea' id='block_1_67' title="bbox 1812 901 3396 973">
    <p class='ocr_par' dir='ltr' id='par_1_67' title="bbox 1812 901 3396 973">
     <span class='ocr_line' id='line_1_67' title="bbox 1812 901 3396 973; baseline -0.001 -17"><span class='ocrx_word' id='word_1_521' title='bbox 1812 910 1947 967; x_wconf 88' lang='lat' dir='ltr'><strong>ctes,</strong></span> <span class='ocrx_word' id='word_1_522' title='bbox 1977 901 2027 956; x_wconf 94' lang='lat' dir='ltr'><strong>id</strong></span> <span class='ocrx_word' id='word_1_523' title='bbox 2059 902 2273 973; x_wconf 86' lang='lat' dir='ltr'><strong>planum</strong></span> <span class='ocrx_word' id='word_1_524' title='bbox 2307 903 2396 956; x_wconf 85' lang='lat' dir='ltr'><strong>tibi</strong></span> <span class='ocrx_word' id='word_1_525' title='bbox 2428 903 2550 968; x_wconf 91' lang='lat' dir='ltr'><strong>erit,</strong></span> <span class='ocrx_word' id='word_1_526' title='bbox 2582 911 2741 972; x_wconf 91' lang='lat' dir='ltr'><strong>atque</strong></span> <span class='ocrx_word' id='word_1_527' title='bbox 2769 901 2987 972; x_wconf 89' lang='lat' dir='ltr'><strong>insuper</strong></span> <span class='ocrx_word' id='word_1_528' title='bbox 3018 902 3168 969; x_wconf 90' lang='lat' dir='ltr'><strong>illud,</strong></span> <span class='ocrx_word' id='word_1_529' title='bbox 3204 918 3396 972; x_wconf 85' lang='lat' dir='ltr'><strong>nempe</strong></span> 
     </span>
    </p>
   </div>
   <div class='ocr_carea' id='block_1_68' title="bbox 1814 992 3397 1063">
    <p class='ocr_par' dir='ltr' id='par_1_68' title="bbox 1814 992 3397 1063">
     <span class='ocr_line' id='line_1_68' title="bbox 1814 992 3397 1063; baseline 0.001 -16"><span class='ocrx_word' id='word_1_530' title='bbox 1814 1009 1918 1048; x_wconf 93' lang='lat' dir='ltr'><strong>non</strong></span> <span class='ocrx_word' id='word_1_531' title='bbox 1952 995 2015 1047; x_wconf 89' lang='lat' dir='ltr'><strong>iis</strong></span> <span class='ocrx_word' id='word_1_532' title='bbox 2045 993 2204 1048; x_wconf 71' lang='lat' dir='ltr'><strong>ttiodo</strong></span> <span class='ocrx_word' id='word_1_533' title='bbox 2244 994 2332 1063; x_wconf 92' lang='lat' dir='ltr'><strong>qui</strong></span> <span class='ocrx_word' id='word_1_534' title='bbox 2362 993 2414 1047; x_wconf 92' lang='lat' dir='ltr'><strong>id</strong></span> <span class='ocrx_word' id='word_1_535' title='bbox 2440 994 2555 1049; x_wconf 86' lang='lat' dir='ltr'><strong>ausi</strong></span> <span class='ocrx_word' id='word_1_536' title='bbox 2600 994 2833 1059; x_wconf 86' lang='lat' dir='ltr'><strong>fuerint,</strong></span> <span class='ocrx_word' id='word_1_537' title='bbox 2880 995 2923 1049; x_wconf 88' lang='lat' dir='ltr'><strong>si</strong></span> <span class='ocrx_word' id='word_1_538' title='bbox 2956 1004 3130 1049; x_wconf 91' lang='lat' dir='ltr'><strong>tamen</strong></span> <span class='ocrx_word' id='word_1_539' title='bbox 3160 992 3279 1063; x_wconf 86' lang='lat' dir='ltr'><strong>quis</strong></span> <span class='ocrx_word' id='word_1_540' title='bbox 3309 1009 3397 1049; x_wconf 89' lang='lat' dir='ltr'><strong>re-</strong></span> 
     </span>
    </p>
   </div>
   <div class='ocr_carea' id='block_1_69' title="bbox 1815 1087 3393 1157">
    <p class='ocr_par' dir='ltr' id='par_1_69' title="bbox 1815 1087 3393 1157">
     <span class='ocr_line' id='line_1_69' title="bbox 1815 1087 3393 1157; baseline 0 -16"><span class='ocrx_word' id='word_1_541' title='bbox 1815 1088 2049 1157; x_wconf 90' lang='lat' dir='ltr'><strong>periatur</strong></span> <span class='ocrx_word' id='word_1_542' title='bbox 2076 1089 2093 1155; x_wconf 93' lang='lat'><strong>(</strong></span> <span class='ocrx_word' id='word_1_543' title='bbox 2123 1104 2226 1142; x_wconf 92' lang='lat' dir='ltr'><strong>non</strong></span> <span class='ocrx_word' id='word_1_544' title='bbox 2252 1089 2392 1143; x_wconf 89' lang='lat' dir='ltr'><strong>enim</strong></span> <span class='ocrx_word' id='word_1_545' title='bbox 2440 1088 2593 1143; x_wconf 88' lang='lat' dir='ltr'><strong>facile</strong></span> <span class='ocrx_word' id='word_1_546' title='bbox 2632 1088 2932 1156; x_wconf 89' lang='lat' dir='ltr'><strong>credam),</strong></span> <span class='ocrx_word' id='word_1_547' title='bbox 2980 1087 3078 1142; x_wconf 90' lang='lat' dir='ltr'><strong>sed</strong></span> <span class='ocrx_word' id='word_1_548' title='bbox 3105 1087 3265 1141; x_wconf 89' lang='lat' dir='ltr'><strong>etiam</strong></span> <span class='ocrx_word' id='word_1_549' title='bbox 3306 1087 3393 1153; x_wconf 89' lang='lat' dir='ltr'><strong>iis,</strong></span> 
     </span>
    </p>
   </div>
   <div class='ocr_carea' id='block_1_70' title="bbox 1814 1178 3395 1250">
    <p class='ocr_par' dir='ltr' id='par_1_70' title="bbox 1814 1178 3395 1250">
     <span class='ocr_line' id='line_1_70' title="bbox 1814 1178 3395 1250; baseline 0.003 -21"><span class='ocrx_word' id='word_1_550' title='bbox 1814 1179 1903 1248; x_wconf 88' lang='lat' dir='ltr'><strong>qui</strong></span> <span class='ocrx_word' id='word_1_551' title='bbox 1944 1178 2011 1234; x_wconf 91' lang='lat' dir='ltr'><strong>de</strong></span> <span class='ocrx_word' id='word_1_552' title='bbox 2054 1179 2171 1233; x_wconf 90' lang='lat' dir='ltr'><strong>aliis</strong></span> <span class='ocrx_word' id='word_1_553' title='bbox 2219 1180 2591 1250; x_wconf 87' lang='lat' dir='ltr'><strong>suspicantur,</strong></span> <span class='ocrx_word' id='word_1_554' title='bbox 2642 1180 2934 1250; x_wconf 89' lang='lat' dir='ltr'><strong>periculum</strong></span> <span class='ocrx_word' id='word_1_555' title='bbox 2976 1194 3081 1233; x_wconf 93' lang='lat' dir='ltr'><strong>non</strong></span> <span class='ocrx_word' id='word_1_556' title='bbox 3127 1178 3395 1234; x_wconf 88' lang='lat' dir='ltr'><strong>modicqu</strong></span> 
     </span>
    </p>
   </div>
   <div class='ocr_carea' id='block_1_71' title="bbox 1814 1272 2114 1327">
    <p class='ocr_par' dir='ltr' id='par_1_71' title="bbox 1814 1272 2114 1327">
     <span class='ocr_line' id='line_1_71' title="bbox 1814 1272 2114 1327; baseline -0.003 -1"><span class='ocrx_word' id='word_1_557' title='bbox 1814 1272 2114 1327; x_wconf 88' lang='lat' dir='ltr'><strong>imminere.</strong></span> 
     </span>
    </p>
   </div>
   <div class='ocr_carea' id='block_1_72' title="bbox 1885 1360 3392 1431">
    <p class='ocr_par' dir='ltr' id='par_1_72' title="bbox 1885 1360 3392 1431">
     <span class='ocr_line' id='line_1_72' title="bbox 1885 1360 3392 1431; baseline -0.004 -13"><span class='ocrx_word' id='word_1_558' title='bbox 1885 1365 1939 1418; x_wconf 75' lang='grc'><strong>4.</strong></span> <span class='ocrx_word' id='word_1_559' title='bbox 1970 1362 2308 1417; x_wconf 79' lang='lat' dir='ltr'><strong>Tremendum</strong></span> <span class='ocrx_word' id='word_1_560' title='bbox 2348 1380 2454 1418; x_wconf 80' lang='lat' dir='ltr'><strong>esse</strong></span> <span class='ocrx_word' id='word_1_561' title='bbox 2489 1378 2625 1416; x_wconf 81' lang='lat' dir='ltr'><strong>nunc</strong></span> <span class='ocrx_word' id='word_1_562' title='bbox 2665 1360 3004 1416; x_wconf 80' lang='lat' dir='ltr'><strong>sacerdotium</strong></span> <span class='ocrx_word' id='word_1_563' title='bbox 3042 1360 3201 1431; x_wconf 74' lang='lat' dir='ltr'><strong>magis</strong></span> <span class='ocrx_word' id='word_1_564' title='bbox 3239 1375 3392 1429; x_wconf 83' lang='lat' dir='ltr'><strong>quam</strong></span> 
     </span>
    </p>
   </div>
   <div class='ocr_carea' id='block_1_73' title="bbox 1815 1450 3398 1526">
    <p class='ocr_par' dir='ltr' id='par_1_73' title="bbox 1815 1450 3398 1526">
     <span class='ocr_line' id='line_1_73' title="bbox 1815 1450 3398 1526; baseline -0.004 -17"><span class='ocrx_word' id='word_1_565' title='bbox 1815 1456 1867 1510; x_wconf 87' lang='lat' dir='ltr'><strong>in</strong></span> <span class='ocrx_word' id='word_1_566' title='bbox 1889 1456 2041 1511; x_wconf 75' lang='lat' dir='ltr'><strong>veteri</strong></span> <span class='ocrx_word' id='word_1_567' title='bbox 2065 1454 2213 1526; x_wconf 85' lang='lat' dir='ltr'><strong>Lege.</strong></span> <span class='ocrx_word' id='word_1_568' title='bbox 2246 1485 2319 1495; x_wconf 91' lang='lat'><strong><em>—</em></strong></span> <span class='ocrx_word' id='word_1_569' title='bbox 2344 1454 2713 1510; x_wconf 87' lang='lat' dir='ltr'><strong>Sacerdotium</strong></span> <span class='ocrx_word' id='word_1_570' title='bbox 2753 1452 2897 1507; x_wconf 91' lang='lat' dir='ltr'><strong>enim</strong></span> <span class='ocrx_word' id='word_1_571' title='bbox 2939 1452 2990 1505; x_wconf 90' lang='lat' dir='ltr'><strong>in</strong></span> <span class='ocrx_word' id='word_1_572' title='bbox 3021 1462 3159 1505; x_wconf 88' lang='lat' dir='ltr'><strong>terra</strong></span> <span class='ocrx_word' id='word_1_573' title='bbox 3192 1450 3398 1520; x_wconf 84' lang='lat' dir='ltr'><strong>peragi-</strong></span> 
     </span>
    </p>
   </div>
   <div class='ocr_carea' id='block_1_74' title="bbox 1817 1539 3419 1613">
    <p class='ocr_par' dir='ltr' id='par_1_74' title="bbox 1817 1539 3419 1613">
     <span class='ocr_line' id='line_1_74' title="bbox 1817 1539 3419 1613; baseline -0.005 -11"><span class='ocrx_word' id='word_1_574' title='bbox 1817 1558 1902 1603; x_wconf 92' lang='lat' dir='ltr'><strong>tur</strong></span> <span class='ocrx_word' id='word_1_575' title='bbox 1923 1590 1937 1613; x_wconf 94' lang='lat'><strong>,</strong></span> <span class='ocrx_word' id='word_1_576' title='bbox 1967 1546 2062 1602; x_wconf 91' lang='lat' dir='ltr'><strong>sed</strong></span> <span class='ocrx_word' id='word_1_577' title='bbox 2081 1547 2371 1601; x_wconf 69' lang='lat' dir='ltr'><strong>caelestium</strong></span> <span class='ocrx_word' id='word_1_578' title='bbox 2402 1545 2648 1599; x_wconf 92' lang='lat' dir='ltr'><strong>ordinum</strong></span> <span class='ocrx_word' id='word_1_579' title='bbox 2676 1544 2903 1599; x_wconf 78' lang='lat' dir='ltr'><strong>classem</strong></span> <span class='ocrx_word' id='word_1_580' title='bbox 2931 1542 3133 1596; x_wconf 87' lang='lat' dir='ltr'><strong>obtinet</strong></span> <span class='ocrx_word' id='word_1_581' title='bbox 3163 1558 3175 1595; x_wconf 90' lang='lat'><strong>:</strong></span> <span class='ocrx_word' id='word_1_582' title='bbox 3203 1550 3255 1595; x_wconf 90' lang='lat' dir='ltr'><strong>et</strong></span> <span class='ocrx_word' id='word_1_583' title='bbox 3276 1539 3419 1610; x_wconf 87' lang='lat' dir='ltr'><strong>jure-</strong></span> 
     </span>
    </p>
   </div>
   <div class='ocr_carea' id='block_1_75' title="bbox 1816 1634 3403 1711">
    <p class='ocr_par' dir='ltr' id='par_1_75' title="bbox 1816 1634 3403 1711">
     <span class='ocr_line' id='line_1_75' title="bbox 1816 1634 3403 1711; baseline -0.005 -18"><span class='ocrx_word' id='word_1_584' title='bbox 1816 1640 2028 1711; x_wconf 88' lang='lat' dir='ltr'><strong>quidem</strong></span> <span class='ocrx_word' id='word_1_585' title='bbox 2059 1639 2268 1693; x_wconf 90' lang='lat' dir='ltr'><strong>merito.</strong></span> <span class='ocrx_word' id='word_1_586' title='bbox 2317 1637 2432 1693; x_wconf 87' lang='lat' dir='ltr'><strong>Non</strong></span> <span class='ocrx_word' id='word_1_587' title='bbox 2461 1638 2603 1691; x_wconf 88' lang='lat' dir='ltr'><strong>enim</strong></span> <span class='ocrx_word' id='word_1_588' title='bbox 2644 1635 2806 1690; x_wconf 85' lang='lat' dir='ltr'><strong>homo</strong></span> <span class='ocrx_word' id='word_1_589' title='bbox 2831 1676 2844 1699; x_wconf 94' lang='lat'><strong>,</strong></span> <span class='ocrx_word' id='word_1_590' title='bbox 2874 1650 2979 1688; x_wconf 90' lang='lat' dir='ltr'><strong>non</strong></span> <span class='ocrx_word' id='word_1_591' title='bbox 3004 1634 3259 1703; x_wconf 83' lang='lat' dir='ltr'><strong>angelus,</strong></span> <span class='ocrx_word' id='word_1_592' title='bbox 3294 1647 3403 1686; x_wconf 89' lang='lat' dir='ltr'><strong>non</strong></span> 
     </span>
    </p>
   </div>
   <div class='ocr_carea' id='block_1_76' title="bbox 1815 1723 3402 1803">
    <p class='ocr_par' dir='ltr' id='par_1_76' title="bbox 1815 1723 3402 1803">
     <span class='ocr_line' id='line_1_76' title="bbox 1815 1723 3402 1803; baseline -0.006 -16"><span class='ocrx_word' id='word_1_593' title='bbox 1815 1732 2167 1803; x_wconf 78' lang='lat' dir='ltr'><strong>arcliangelus</strong></span> <span class='ocrx_word' id='word_1_594' title='bbox 2191 1771 2205 1796; x_wconf 91' lang='lat'><strong>,</strong></span> <span class='ocrx_word' id='word_1_595' title='bbox 2250 1747 2357 1784; x_wconf 91' lang='lat' dir='ltr'><strong>non</strong></span> <span class='ocrx_word' id='word_1_596' title='bbox 2386 1730 2485 1783; x_wconf 87' lang='lat' dir='ltr'><strong>alia</strong></span> <span class='ocrx_word' id='word_1_597' title='bbox 2517 1728 2776 1799; x_wconf 66' lang='lat' dir='ltr'><strong>quaepiam</strong></span> <span class='ocrx_word' id='word_1_598' title='bbox 2804 1735 2983 1781; x_wconf 89' lang='lat' dir='ltr'><strong>creata</strong></span> <span class='ocrx_word' id='word_1_599' title='bbox 3017 1735 3272 1794; x_wconf 87' lang='lat' dir='ltr'><strong>potestas,</strong></span> <span class='ocrx_word' id='word_1_600' title='bbox 3305 1723 3402 1778; x_wconf 88' lang='lat' dir='ltr'><strong>sed</strong></span> 
     </span>
    </p>
   </div>
   <div class='ocr_carea' id='block_1_77' title="bbox 1819 1815 3401 1895">
    <p class='ocr_par' dir='ltr' id='par_1_77' title="bbox 1819 1815 3401 1895">
     <span class='ocr_line' id='line_1_77' title="bbox 1819 1815 3401 1895; baseline -0.008 -16"><span class='ocrx_word' id='word_1_601' title='bbox 1819 1826 1928 1895; x_wconf 89' lang='lat' dir='ltr'><strong>ipse</strong></span> <span class='ocrx_word' id='word_1_602' title='bbox 1951 1823 2257 1877; x_wconf 84' lang='lat' dir='ltr'><strong>Paraclctus</strong></span> <span class='ocrx_word' id='word_1_603' title='bbox 2286 1821 2385 1875; x_wconf 86' lang='lat' dir='ltr'><strong>hoc</strong></span> <span class='ocrx_word' id='word_1_604' title='bbox 2408 1819 2643 1875; x_wconf 84' lang='lat' dir='ltr'><strong>ofﬁcium</strong></span> <span class='ocrx_word' id='word_1_605' title='bbox 2675 1816 2974 1883; x_wconf 89' lang='lat' dir='ltr'><strong>ordinavit,</strong></span> <span class='ocrx_word' id='word_1_606' title='bbox 3021 1816 3110 1885; x_wconf 89' lang='lat' dir='ltr'><strong>qui</strong></span> <span class='ocrx_word' id='word_1_607' title='bbox 3143 1815 3401 1868; x_wconf 89' lang='lat' dir='ltr'><strong>manenti-</strong></span> 
     </span>
    </p>
   </div>
   <div class='ocr_carea' id='block_1_78' title="bbox 1817 1903 3401 1977">
    <p class='ocr_par' dir='ltr' id='par_1_78' title="bbox 1817 1903 3401 1977">
     <span class='ocr_line' id='line_1_78' title="bbox 1817 1903 3401 1977; baseline -0.008 -9"><span class='ocrx_word' id='word_1_608' title='bbox 1817 1914 1915 1968; x_wconf 86' lang='lat' dir='ltr'><strong>bus</strong></span> <span class='ocrx_word' id='word_1_609' title='bbox 1944 1914 1994 1966; x_wconf 91' lang='lat' dir='ltr'><strong>in</strong></span> <span class='ocrx_word' id='word_1_610' title='bbox 2032 1927 2193 1967; x_wconf 89' lang='lat' dir='ltr'><strong>carne</strong></span> <span class='ocrx_word' id='word_1_611' title='bbox 2230 1920 2415 1965; x_wconf 86' lang='lat' dir='ltr'><strong>auctor</strong></span> <span class='ocrx_word' id='word_1_612' title='bbox 2455 1910 2552 1963; x_wconf 90' lang='lat' dir='ltr'><strong>fuit</strong></span> <span class='ocrx_word' id='word_1_613' title='bbox 2588 1917 2646 1963; x_wconf 90' lang='lat' dir='ltr'><strong>ut</strong></span> <span class='ocrx_word' id='word_1_614' title='bbox 2690 1907 3000 1977; x_wconf 81' lang='lat' dir='ltr'><strong>angelorum</strong></span> <span class='ocrx_word' id='word_1_615' title='bbox 3047 1903 3401 1958; x_wconf 89' lang='lat' dir='ltr'><strong>ministerium</strong></span> 
     </span>
    </p>
   </div>
   <div class='ocr_carea' id='block_1_79' title="bbox 1817 1997 3395 2074">
    <p class='ocr_par' dir='ltr' id='par_1_79' title="bbox 1817 1997 3395 2074">
     <span class='ocr_line' id='line_1_79' title="bbox 1817 1997 3395 2074; baseline -0.01 -11"><span class='ocrx_word' id='word_1_616' title='bbox 1817 2008 1997 2063; x_wconf 91' lang='lat' dir='ltr'><strong>animo</strong></span> <span class='ocrx_word' id='word_1_617' title='bbox 2039 2006 2399 2074; x_wconf 87' lang='lat' dir='ltr'><strong>conciperent.</strong></span> <span class='ocrx_word' id='word_1_618' title='bbox 2449 2002 2651 2058; x_wconf 90' lang='lat' dir='ltr'><strong>Idcirco</strong></span> <span class='ocrx_word' id='word_1_619' title='bbox 2704 1998 3062 2055; x_wconf 89' lang='lat' dir='ltr'><strong>sacerdotium</strong></span> <span class='ocrx_word' id='word_1_620' title='bbox 3109 1997 3395 2051; x_wconf 89' lang='lat' dir='ltr'><strong>obeuntem</strong></span> 
     </span>
    </p>
   </div>
   <div class='ocr_carea' id='block_1_80' title="bbox 1819 2091 3404 2168">
    <p class='ocr_par' dir='ltr' id='par_1_80' title="bbox 1819 2091 3404 2168">
     <span class='ocr_line' id='line_1_80' title="bbox 1819 2091 3404 2168; baseline -0.007 -14"><span class='ocrx_word' id='word_1_621' title='bbox 1819 2100 1889 2154; x_wconf 89' lang='lat' dir='ltr'><strong>ita</strong></span> <span class='ocrx_word' id='word_1_622' title='bbox 1921 2113 2108 2168; x_wconf 91' lang='lat' dir='ltr'><strong>purum</strong></span> <span class='ocrx_word' id='word_1_623' title='bbox 2135 2112 2254 2151; x_wconf 90' lang='lat' dir='ltr'><strong>esse</strong></span> <span class='ocrx_word' id='word_1_624' title='bbox 2278 2096 2466 2161; x_wconf 88' lang='lat' dir='ltr'><strong>decet,</strong></span> <span class='ocrx_word' id='word_1_625' title='bbox 2512 2109 2575 2148; x_wconf 91' lang='lat' dir='ltr'><strong>ac</strong></span> <span class='ocrx_word' id='word_1_626' title='bbox 2602 2094 2645 2148; x_wconf 90' lang='lat' dir='ltr'><strong>si</strong></span> <span class='ocrx_word' id='word_1_627' title='bbox 2687 2093 2739 2146; x_wconf 91' lang='lat' dir='ltr'><strong>in</strong></span> <span class='ocrx_word' id='word_1_628' title='bbox 2764 2092 2910 2147; x_wconf 64' lang='lat' dir='ltr'><strong>caelis</strong></span> <span class='ocrx_word' id='word_1_629' title='bbox 2944 2091 3084 2145; x_wconf 88' lang='lat' dir='ltr'><strong>inter</strong></span> <span class='ocrx_word' id='word_1_630' title='bbox 3113 2098 3404 2159; x_wconf 82' lang='lat' dir='ltr'><strong>potestates</strong></span> 
     </span>
    </p>
   </div>
   <div class='ocr_carea' id='block_1_81' title="bbox 1819 2182 3403 2249">
    <p class='ocr_par' dir='ltr' id='par_1_81' title="bbox 1819 2182 3403 2249">
     <span class='ocr_line' id='line_1_81' title="bbox 1819 2182 3403 2249; baseline -0.008 -5"><span class='ocrx_word' id='word_1_631' title='bbox 1819 2190 1940 2245; x_wconf 89' lang='lat' dir='ltr'><strong>illas</strong></span> <span class='ocrx_word' id='word_1_632' title='bbox 1959 2190 2253 2244; x_wconf 82' lang='lat' dir='ltr'><strong>collocatus</strong></span> <span class='ocrx_word' id='word_1_633' title='bbox 2297 2194 2461 2241; x_wconf 89' lang='lat' dir='ltr'><strong>esset.</strong></span> <span class='ocrx_word' id='word_1_634' title='bbox 2513 2182 2798 2239; x_wconf 90' lang='lat' dir='ltr'><strong>Terribilia</strong></span> <span class='ocrx_word' id='word_1_635' title='bbox 2846 2195 3075 2249; x_wconf 90' lang='lat' dir='ltr'><strong>namque</strong></span> <span class='ocrx_word' id='word_1_636' title='bbox 3105 2188 3255 2234; x_wconf 89' lang='lat' dir='ltr'><strong>erant</strong></span> <span class='ocrx_word' id='word_1_637' title='bbox 3284 2192 3403 2247; x_wconf 82' lang='lat' dir='ltr'><strong>quae</strong></span> 
     </span>
    </p>
   </div>
   <div class='ocr_carea' id='block_1_82' title="bbox 1817 2271 3406 2351">
    <p class='ocr_par' dir='ltr' id='par_1_82' title="bbox 1817 2271 3406 2351">
     <span class='ocr_line' id='line_1_82' title="bbox 1817 2271 3406 2351; baseline -0.006 -18"><span class='ocrx_word' id='word_1_638' title='bbox 1817 2281 2038 2351; x_wconf 76' lang='lat' dir='ltr'><strong>gratiam</strong></span> <span class='ocrx_word' id='word_1_639' title='bbox 2071 2287 2455 2348; x_wconf 69' lang='lat' dir='ltr'><strong>praecesserunt</strong></span> <span class='ocrx_word' id='word_1_640' title='bbox 2485 2274 2678 2348; x_wconf 73' lang='lat' dir='ltr'><strong>(Exod.</strong></span> <span class='ocrx_word' id='word_1_641' title='bbox 2724 2273 2817 2343; x_wconf 75' lang='lat'><strong>28)</strong></span> <span class='ocrx_word' id='word_1_642' title='bbox 2846 2290 2860 2325; x_wconf 89' lang='lat'>:</span> <span class='ocrx_word' id='word_1_643' title='bbox 2888 2271 3063 2341; x_wconf 89' lang='lat' dir='ltr'><strong>qualia</strong></span> <span class='ocrx_word' id='word_1_644' title='bbox 3105 2278 3259 2326; x_wconf 89' lang='lat' dir='ltr'><strong>erant</strong></span> <span class='ocrx_word' id='word_1_645' title='bbox 3303 2271 3406 2324; x_wconf 90' lang='lat' dir='ltr'><strong>tin-</strong></span> 
     </span>
    </p>
   </div>
   <div class='ocr_carea' id='block_1_83' title="bbox 1821 2361 3402 2437">
    <p class='ocr_par' dir='ltr' id='par_1_83' title="bbox 1821 2361 3402 2437">
     <span class='ocr_line' id='line_1_83' title="bbox 1821 2361 3402 2437; baseline -0.005 -13"><span class='ocrx_word' id='word_1_646' title='bbox 1821 2370 2090 2425; x_wconf 88' lang='lat' dir='ltr'><strong>tinnabula</strong></span> <span class='ocrx_word' id='word_1_647' title='bbox 2118 2409 2133 2434; x_wconf 95' lang='lat'><strong>,</strong></span> <span class='ocrx_word' id='word_1_648' title='bbox 2166 2369 2301 2421; x_wconf 88' lang='lat' dir='ltr'><strong>mala</strong></span> <span class='ocrx_word' id='word_1_649' title='bbox 2329 2368 2515 2437; x_wconf 90' lang='lat' dir='ltr'><strong>punica</strong></span> <span class='ocrx_word' id='word_1_650' title='bbox 2539 2407 2553 2431; x_wconf 87' lang='lat'><strong>,</strong></span> <span class='ocrx_word' id='word_1_651' title='bbox 2585 2365 2787 2435; x_wconf 85' lang='lat' dir='ltr'><strong>lapides</strong></span> <span class='ocrx_word' id='word_1_652' title='bbox 2819 2364 2868 2418; x_wconf 88' lang='lat' dir='ltr'><strong>in</strong></span> <span class='ocrx_word' id='word_1_653' title='bbox 2902 2370 3118 2433; x_wconf 83' lang='lat' dir='ltr'><strong>pectore</strong></span> <span class='ocrx_word' id='word_1_654' title='bbox 3148 2361 3323 2431; x_wconf 89' lang='lat' dir='ltr'><strong>positi,</strong></span> <span class='ocrx_word' id='word_1_655' title='bbox 3351 2370 3402 2416; x_wconf 89' lang='lat' dir='ltr'><strong>et</strong></span> 
     </span>
    </p>
   </div>
   <div class='ocr_carea' id='block_1_84' title="bbox 1819 2453 3404 2529">
    <p class='ocr_par' dir='ltr' id='par_1_84' title="bbox 1819 2453 3404 2529">
     <span class='ocr_line' id='line_1_84' title="bbox 1819 2453 3404 2529; baseline -0.007 -13"><span class='ocrx_word' id='word_1_656' title='bbox 1819 2461 1907 2516; x_wconf 89' lang='lat' dir='ltr'><strong>alii</strong></span> <span class='ocrx_word' id='word_1_657' title='bbox 1936 2462 1987 2515; x_wconf 91' lang='lat' dir='ltr'><strong>in</strong></span> <span class='ocrx_word' id='word_1_658' title='bbox 2033 2458 2452 2529; x_wconf 88' lang='lat' dir='ltr'><strong>supcrhumerali</strong></span> <span class='ocrx_word' id='word_1_659' title='bbox 2478 2498 2492 2522; x_wconf 90' lang='lat'><strong>,</strong></span> <span class='ocrx_word' id='word_1_660' title='bbox 2536 2458 2691 2511; x_wconf 90' lang='lat' dir='ltr'><strong>mitra</strong></span> <span class='ocrx_word' id='word_1_661' title='bbox 2714 2496 2730 2523; x_wconf 90' lang='lat'><strong>,</strong></span> <span class='ocrx_word' id='word_1_662' title='bbox 2761 2455 2953 2511; x_wconf 89' lang='lat' dir='ltr'><strong>cidaris</strong></span> <span class='ocrx_word' id='word_1_663' title='bbox 2973 2496 2987 2520; x_wconf 92' lang='lat'><strong>,</strong></span> <span class='ocrx_word' id='word_1_664' title='bbox 3020 2454 3277 2523; x_wconf 81' lang='lat' dir='ltr'><strong>pederes,</strong></span> <span class='ocrx_word' id='word_1_665' title='bbox 3324 2453 3404 2506; x_wconf 85' lang='lat' dir='ltr'><strong>la-</strong></span> 
     </span>
    </p>
   </div>
   <div class='ocr_carea' id='block_1_85' title="bbox 1820 2544 3402 2617">
    <p class='ocr_par' dir='ltr' id='par_1_85' title="bbox 1820 2544 3402 2617">
     <span class='ocr_line' id='line_1_85' title="bbox 1820 2544 3402 2617; baseline -0.007 -10"><span class='ocrx_word' id='word_1_666' title='bbox 1820 2551 1963 2607; x_wconf 88' lang='lat' dir='ltr'><strong>mina</strong></span> <span class='ocrx_word' id='word_1_667' title='bbox 2003 2566 2162 2605; x_wconf 87' lang='lat' dir='ltr'><strong>aurea</strong></span> <span class='ocrx_word' id='word_1_668' title='bbox 2183 2591 2198 2616; x_wconf 95' lang='lat'><strong>,</strong></span> <span class='ocrx_word' id='word_1_669' title='bbox 2248 2559 2429 2603; x_wconf 88' lang='lat' dir='ltr'><strong>sancta</strong></span> <span class='ocrx_word' id='word_1_670' title='bbox 2459 2559 2795 2612; x_wconf 87' lang='lat' dir='ltr'><strong>sanctorum,</strong></span> <span class='ocrx_word' id='word_1_671' title='bbox 2843 2548 3029 2617; x_wconf 88' lang='lat' dir='ltr'><strong>ingens</strong></span> <span class='ocrx_word' id='word_1_672' title='bbox 3057 2546 3199 2600; x_wconf 89' lang='lat' dir='ltr'><strong>intus</strong></span> <span class='ocrx_word' id='word_1_673' title='bbox 3227 2544 3402 2614; x_wconf 93' lang='lat' dir='ltr'><strong>quies.</strong></span> 
     </span>
    </p>
   </div>
   <div class='ocr_carea' id='block_1_86' title="bbox 1821 2638 3401 2715">
    <p class='ocr_par' dir='ltr' id='par_1_86' title="bbox 1821 2638 3401 2715">
     <span class='ocr_line' id='line_1_86' title="bbox 1821 2638 3401 2715; baseline -0.008 -14"><span class='ocrx_word' id='word_1_674' title='bbox 1821 2648 1890 2701; x_wconf 86' lang='lat' dir='ltr'><strong>At</strong></span> <span class='ocrx_word' id='word_1_675' title='bbox 1915 2647 1958 2699; x_wconf 90' lang='lat' dir='ltr'><strong>si</strong></span> <span class='ocrx_word' id='word_1_676' title='bbox 1988 2646 2105 2715; x_wconf 91' lang='lat' dir='ltr'><strong>quis</strong></span> <span class='ocrx_word' id='word_1_677' title='bbox 2136 2659 2198 2699; x_wconf 91' lang='lat' dir='ltr'><strong>ea</strong></span> <span class='ocrx_word' id='word_1_678' title='bbox 2219 2687 2231 2709; x_wconf 91' lang='lat'><strong>,</strong></span> <span class='ocrx_word' id='word_1_679' title='bbox 2275 2660 2393 2713; x_wconf 79' lang='lat' dir='ltr'><strong>qua:</strong></span> <span class='ocrx_word' id='word_1_680' title='bbox 2420 2643 2484 2695; x_wconf 89' lang='lat' dir='ltr'><strong>ad</strong></span> <span class='ocrx_word' id='word_1_681' title='bbox 2512 2643 2735 2712; x_wconf 74' lang='lat' dir='ltr'><strong>gratiam</strong></span> <span class='ocrx_word' id='word_1_682' title='bbox 2766 2649 3007 2711; x_wconf 87' lang='lat' dir='ltr'><strong>spectant</strong></span> <span class='ocrx_word' id='word_1_683' title='bbox 3032 2681 3046 2704; x_wconf 95' lang='lat'><strong>,</strong></span> <span class='ocrx_word' id='word_1_684' title='bbox 3074 2638 3401 2701; x_wconf 74' lang='lat' dir='ltr'><strong>consideret,</strong></span> 
     </span>
    </p>
   </div>
   <div class='ocr_carea' id='block_1_87' title="bbox 1824 2729 3403 2805">
    <p class='ocr_par' dir='ltr' id='par_1_87' title="bbox 1824 2729 3403 2805">
     <span class='ocr_line' id='line_1_87' title="bbox 1824 2729 3403 2805; baseline -0.008 -11"><span class='ocrx_word' id='word_1_685' title='bbox 1824 2738 2074 2794; x_wconf 85' lang='lat' dir='ltr'><strong>terribilia</strong></span> <span class='ocrx_word' id='word_1_686' title='bbox 2105 2738 2190 2791; x_wconf 90' lang='lat' dir='ltr'><strong>illa</strong></span> <span class='ocrx_word' id='word_1_687' title='bbox 2217 2746 2375 2805; x_wconf 89' lang='lat' dir='ltr'><strong>atque</strong></span> <span class='ocrx_word' id='word_1_688' title='bbox 2406 2734 2655 2787; x_wconf 82' lang='lat' dir='ltr'><strong>horrifica</strong></span> <span class='ocrx_word' id='word_1_689' title='bbox 2679 2774 2694 2800; x_wconf 90' lang='lat'><strong>,</strong></span> <span class='ocrx_word' id='word_1_690' title='bbox 2734 2748 2895 2802; x_wconf 81' lang='lat' dir='ltr'><strong>parva</strong></span> <span class='ocrx_word' id='word_1_691' title='bbox 2925 2746 3044 2785; x_wconf 88' lang='lat' dir='ltr'><strong>esse</strong></span> <span class='ocrx_word' id='word_1_692' title='bbox 3075 2729 3403 2799; x_wconf 86' lang='lat' dir='ltr'><strong>comperiet:</strong></span> 
     </span>
    </p>
   </div>
   <div class='ocr_carea' id='block_1_88' title="bbox 1820 2820 3405 2898">
    <p class='ocr_par' dir='ltr' id='par_1_88' title="bbox 1820 2820 3405 2898">
     <span class='ocr_line' id='line_1_88' title="bbox 1820 2820 3405 2898; baseline -0.006 -15"><span class='ocrx_word' id='word_1_693' title='bbox 1820 2843 1882 2883; x_wconf 86' lang='lat' dir='ltr'><strong>ac</strong></span> <span class='ocrx_word' id='word_1_694' title='bbox 1909 2829 2046 2898; x_wconf 82' lang='lat' dir='ltr'><strong>quod</strong></span> <span class='ocrx_word' id='word_1_695' title='bbox 2081 2828 2144 2881; x_wconf 87' lang='lat' dir='ltr'><strong>de</strong></span> <span class='ocrx_word' id='word_1_696' title='bbox 2175 2828 2291 2897; x_wconf 84' lang='lat' dir='ltr'><strong>lege</strong></span> <span class='ocrx_word' id='word_1_697' title='bbox 2335 2826 2533 2880; x_wconf 72' lang='lat' dir='ltr'><strong>dictum</strong></span> <span class='ocrx_word' id='word_1_698' title='bbox 2566 2834 2681 2890; x_wconf 89' lang='lat' dir='ltr'><strong>est,</strong></span> <span class='ocrx_word' id='word_1_699' title='bbox 2732 2825 2817 2879; x_wconf 86' lang='lat' dir='ltr'><strong>hic</strong></span> <span class='ocrx_word' id='word_1_700' title='bbox 2858 2837 3069 2892; x_wconf 70' lang='lat' dir='ltr'><strong>qumque</strong></span> <span class='ocrx_word' id='word_1_701' title='bbox 3099 2836 3279 2875; x_wconf 82' lang='lat' dir='ltr'><strong>verum</strong></span> <span class='ocrx_word' id='word_1_702' title='bbox 3308 2820 3405 2874; x_wconf 89' lang='lat' dir='ltr'><strong>de-</strong></span> 
     </span>
    </p>
   </div>
   <div class='ocr_carea' id='block_1_89' title="bbox 1824 2911 3406 2989">
    <p class='ocr_par' dir='ltr' id='par_1_89' title="bbox 1824 2911 3406 2989">
     <span class='ocr_line' id='line_1_89' title="bbox 1824 2911 3406 2989; baseline -0.006 -18"><span class='ocrx_word' id='word_1_703' title='bbox 1824 2918 2213 2989; x_wconf 84' lang='lat' dir='ltr'><strong>prcltenderet;</strong></span> <span class='ocrx_word' id='word_1_704' title='bbox 2244 2931 2435 2987; x_wconf 90' lang='lat' dir='ltr'><strong>nempe</strong></span> <span class='ocrx_word' id='word_1_705' title='bbox 2459 2960 2473 2981; x_wconf 90' lang='lat'><strong>,</strong></span> <span class='ocrx_word' id='word_1_706' title='bbox 2510 2914 2631 2969; x_wconf 88' lang='lat' dir='ltr'><strong>Non</strong></span> <span class='ocrx_word' id='word_1_707' title='bbox 2658 2914 2999 2984; x_wconf 74' lang='lat' dir='ltr'><strong>gloriﬁcatur»</strong></span> <span class='ocrx_word' id='word_1_708' title='bbox 3023 2920 3099 2966; x_wconf 79' lang='lat' dir='ltr'><strong>est</strong></span> <span class='ocrx_word' id='word_1_709' title='bbox 3137 2912 3271 2982; x_wconf 85' lang='lat' dir='ltr'><strong>quod</strong></span> <span class='ocrx_word' id='word_1_710' title='bbox 3301 2911 3406 2963; x_wconf 57' lang='lat' dir='ltr'><strong>cla.</strong></span> 
     </span>
    </p>
   </div>
   <div class='ocr_carea' id='block_1_90' title="bbox 1820 3001 3403 3078">
    <p class='ocr_par' dir='ltr' id='par_1_90' title="bbox 1820 3001 3403 3078">
     <span class='ocr_line' id='line_1_90' title="bbox 1820 3001 3403 3078; baseline -0.005 -16"><span class='ocrx_word' id='word_1_711' title='bbox 1820 3010 1921 3062; x_wconf 81' lang='lat' dir='ltr'><strong>ruit</strong></span> <span class='ocrx_word' id='word_1_712' title='bbox 1963 3009 2015 3062; x_wconf 87' lang='lat' dir='ltr'><strong>in</strong></span> <span class='ocrx_word' id='word_1_713' title='bbox 2059 3009 2154 3061; x_wconf 80' lang='lat' dir='ltr'><strong>hac</strong></span> <span class='ocrx_word' id='word_1_714' title='bbox 2188 3019 2333 3078; x_wconf 81' lang='lat' dir='ltr'><strong>parte</strong></span> <span class='ocrx_word' id='word_1_715' title='bbox 2364 3016 2570 3077; x_wconf 85' lang='lat' dir='ltr'><strong>propter</strong></span> <span class='ocrx_word' id='word_1_716' title='bbox 2591 3005 2910 3060; x_wconf 79' lang='lat' dir='ltr'><strong>excellentem</strong></span> <span class='ocrx_word' id='word_1_717' title='bbox 2938 3004 3152 3075; x_wconf 88' lang='lat' dir='ltr'><strong>gloriam</strong></span> <span class='ocrx_word' id='word_1_718' title='bbox 3178 3002 3255 3073; x_wconf 74' lang='lat'><strong>(2.</strong></span> <span class='ocrx_word' id='word_1_719' title='bbox 3284 3001 3403 3056; x_wconf 86' lang='lat' dir='ltr'><strong>Cor.</strong></span> 
     </span>
    </p>
   </div>
   <div class='ocr_carea' id='block_1_91' title="bbox 1824 3093 3408 3171">
    <p class='ocr_par' dir='ltr' id='par_1_91' title="bbox 1824 3093 3408 3171">
     <span class='ocr_line' id='line_1_91' title="bbox 1824 3093 3408 3171; baseline -0.006 -16"><span class='ocrx_word' id='word_1_720' title='bbox 1824 3102 1876 3155; x_wconf 85' lang='grc'><strong>’5.</strong></span> <span class='ocrx_word' id='word_1_721' title='bbox 1912 3101 2024 3171; x_wconf 77' lang='grc'><strong>10).</strong></span> <span class='ocrx_word' id='word_1_722' title='bbox 2056 3100 2189 3154; x_wconf 87' lang='lat' dir='ltr'><strong>Cum</strong></span> <span class='ocrx_word' id='word_1_723' title='bbox 2230 3099 2371 3153; x_wconf 88' lang='lat' dir='ltr'><strong>enim</strong></span> <span class='ocrx_word' id='word_1_724' title='bbox 2413 3097 2611 3152; x_wconf 75' lang='lat' dir='ltr'><strong>videris</strong></span> <span class='ocrx_word' id='word_1_725' title='bbox 2659 3096 2937 3150; x_wconf 87' lang='lat' dir='ltr'><strong>Dominum</strong></span> <span class='ocrx_word' id='word_1_726' title='bbox 2983 3093 3313 3147; x_wconf 88' lang='lat' dir='ltr'><strong>immol..tum</strong></span> <span class='ocrx_word' id='word_1_727' title='bbox 3354 3101 3408 3146; x_wconf 87' lang='lat' dir='ltr'><strong>et</strong></span> 
     </span>
    </p>
   </div>
   <div class='ocr_carea' id='block_1_92' title="bbox 1820 3186 3406 3262">
    <p class='ocr_par' dir='ltr' id='par_1_92' title="bbox 1820 3186 3406 3262">
     <span class='ocr_line' id='line_1_92' title="bbox 1820 3186 3406 3262; baseline -0.004 -17"><span class='ocrx_word' id='word_1_728' title='bbox 1820 3196 2082 3262; x_wconf 85' lang='lat' dir='ltr'><strong>jaccntem</strong></span> <span class='ocrx_word' id='word_1_729' title='bbox 2106 3233 2121 3256; x_wconf 93' lang='lat'><strong>,</strong></span> <span class='ocrx_word' id='word_1_730' title='bbox 2159 3199 2214 3245; x_wconf 90' lang='lat' dir='ltr'><strong>et</strong></span> <span class='ocrx_word' id='word_1_731' title='bbox 2279 3190 2609 3243; x_wconf 78' lang='lat' dir='ltr'><strong>sacerdotem</strong></span> <span class='ocrx_word' id='word_1_732' title='bbox 2641 3189 2658 3219; x_wconf 76' lang='grc' dir='ltr'>ί</span> <span class='ocrx_word' id='word_1_733' title='bbox 2702 3187 2965 3241; x_wconf 86' lang='lat' dir='ltr'><strong>sacriﬁcio</strong></span> <span class='ocrx_word' id='word_1_734' title='bbox 3009 3186 3406 3240; x_wconf 86' lang='lat' dir='ltr'><strong>incumbentem</strong></span> 
     </span>
    </p>
   </div>
   <div class='ocr_carea' id='block_1_93' title="bbox 1824 3277 3406 3352">
    <p class='ocr_par' dir='ltr' id='par_1_93' title="bbox 1824 3277 3406 3352">
     <span class='ocr_line' id='line_1_93' title="bbox 1824 3277 3406 3352; baseline -0.004 -16"><span class='ocrx_word' id='word_1_735' title='bbox 1824 3299 1886 3337; x_wconf 84' lang='lat' dir='ltr'><strong>ac</strong></span> <span class='ocrx_word' id='word_1_736' title='bbox 1929 3292 2265 3352; x_wconf 88' lang='lat' dir='ltr'><strong>precantem,</strong></span> <span class='ocrx_word' id='word_1_737' title='bbox 2311 3295 2605 3348; x_wconf 86' lang='lat' dir='ltr'><strong>onmcsque</strong></span> <span class='ocrx_word' id='word_1_738' title='bbox 2649 3281 2882 3347; x_wconf 86' lang='lat' dir='ltr'><strong>pretioso</strong></span> <span class='ocrx_word' id='word_1_739' title='bbox 2911 3277 3003 3331; x_wconf 89' lang='lat' dir='ltr'><strong>illo</strong></span> <span class='ocrx_word' id='word_1_740' title='bbox 3028 3277 3283 3346; x_wconf 90' lang='lat' dir='ltr'><strong>sanguine</strong></span> <span class='ocrx_word' id='word_1_741' title='bbox 3315 3292 3406 3329; x_wconf 88' lang='lat' dir='ltr'><strong>ru-</strong></span> 
     </span>
    </p>
   </div>
   <div class='ocr_carea' id='block_1_94' title="bbox 1825 3370 3409 3443">
    <p class='ocr_par' dir='ltr' id='par_1_94' title="bbox 1825 3370 3409 3443">
     <span class='ocr_line' id='line_1_94' title="bbox 1825 3370 3409 3443; baseline -0.005 -12"><span class='ocrx_word' id='word_1_742' title='bbox 1825 3377 2032 3440; x_wconf 87' lang='lat' dir='ltr'><strong>bentes,</strong></span> <span class='ocrx_word' id='word_1_743' title='bbox 2065 3388 2143 3427; x_wconf 79' lang='lat' dir='ltr'><strong>an‘</strong></span> <span class='ocrx_word' id='word_1_744' title='bbox 2165 3382 2317 3443; x_wconf 87' lang='lat' dir='ltr'><strong>putas</strong></span> <span class='ocrx_word' id='word_1_745' title='bbox 2343 3382 2395 3427; x_wconf 88' lang='lat' dir='ltr'><strong>te</strong></span> <span class='ocrx_word' id='word_1_746' title='bbox 2429 3372 2601 3426; x_wconf 83' lang='lat' dir='ltr'><strong>adhuc</strong></span> <span class='ocrx_word' id='word_1_747' title='bbox 2627 3386 2746 3425; x_wconf 92' lang='lat' dir='ltr'><strong>cum</strong></span> <span class='ocrx_word' id='word_1_748' title='bbox 2774 3370 3075 3424; x_wconf 84' lang='lat' dir='ltr'><strong>hominibus</strong></span> <span class='ocrx_word' id='word_1_749' title='bbox 3105 3376 3161 3424; x_wconf 88' lang='lat' dir='ltr'><strong>et</strong></span> <span class='ocrx_word' id='word_1_750' title='bbox 3187 3370 3239 3422; x_wconf 91' lang='lat' dir='ltr'><strong>in</strong></span> <span class='ocrx_word' id='word_1_751' title='bbox 3270 3378 3409 3423; x_wconf 84' lang='lat' dir='ltr'><strong>terra</strong></span> 
     </span>
    </p>
   </div>
   <div class='ocr_carea' id='block_1_95' title="bbox 1826 3462 3411 3533">
    <p class='ocr_par' dir='ltr' id='par_1_95' title="bbox 1826 3462 3411 3533">
     <span class='ocr_line' id='line_1_95' title="bbox 1826 3462 3411 3533; baseline -0.003 -12"><span class='ocrx_word' id='word_1_752' title='bbox 1826 3466 1985 3521; x_wconf 74' lang='lat' dir='ltr'><strong>esse?</strong></span> <span class='ocrx_word' id='word_1_753' title='bbox 2040 3481 2214 3518; x_wconf 88' lang='lat' dir='ltr'><strong>annon</strong></span> <span class='ocrx_word' id='word_1_754' title='bbox 2258 3464 2431 3533; x_wconf 90' lang='lat' dir='ltr'><strong>potius</strong></span> <span class='ocrx_word' id='word_1_755' title='bbox 2475 3464 2526 3516; x_wconf 93' lang='lat' dir='ltr'><strong>in</strong></span> <span class='ocrx_word' id='word_1_756' title='bbox 2577 3463 2738 3517; x_wconf 60' lang='lat' dir='ltr'><strong>caelos</strong></span> <span class='ocrx_word' id='word_1_757' title='bbox 2783 3462 3105 3529; x_wconf 86' lang='lat' dir='ltr'><strong>translatus,</strong></span> <span class='ocrx_word' id='word_1_758' title='bbox 3159 3462 3411 3531; x_wconf 86' lang='lat' dir='ltr'><strong>omnique</strong></span> 
     </span>
    </p>
   </div>
   <div class='ocr_carea' id='block_1_96' title="bbox 1830 3553 3413 3627">
    <p class='ocr_par' dir='ltr' id='par_1_96' title="bbox 1830 3553 3413 3627">
     <span class='ocr_line' id='line_1_96' title="bbox 1830 3553 3413 3627; baseline -0.004 -14"><span class='ocrx_word' id='word_1_759' title='bbox 1830 3558 2030 3613; x_wconf 89' lang='lat' dir='ltr'><strong>carnali</strong></span> <span class='ocrx_word' id='word_1_760' title='bbox 2063 3558 2384 3627; x_wconf 72' lang='lat' dir='ltr'><strong>cogitatLone</strong></span> <span class='ocrx_word' id='word_1_761' title='bbox 2409 3555 2676 3610; x_wconf 87' lang='lat' dir='ltr'><strong>eliminata</strong></span> <span class='ocrx_word' id='word_1_762' title='bbox 2701 3596 2715 3620; x_wconf 93' lang='lat'><strong>,</strong></span> <span class='ocrx_word' id='word_1_763' title='bbox 2750 3553 2895 3608; x_wconf 90' lang='lat' dir='ltr'><strong>nudo</strong></span> <span class='ocrx_word' id='word_1_764' title='bbox 2922 3554 3100 3608; x_wconf 91' lang='lat' dir='ltr'><strong>animo</strong></span> <span class='ocrx_word' id='word_1_765' title='bbox 3127 3564 3413 3623; x_wconf 90' lang='lat' dir='ltr'><strong>menteque</strong></span> 
     </span>
    </p>
   </div>
   <div class='ocr_carea' id='block_1_97' title="bbox 1829 3643 3407 3718">
    <p class='ocr_par' dir='ltr' id='par_1_97' title="bbox 1829 3643 3407 3718">
     <span class='ocr_line' id='line_1_97' title="bbox 1829 3643 3407 3718; baseline -0.003 -16"><span class='ocrx_word' id='word_1_766' title='bbox 1829 3663 1960 3718; x_wconf 88' lang='lat' dir='ltr'><strong>pura</strong></span> <span class='ocrx_word' id='word_1_767' title='bbox 1991 3664 2109 3717; x_wconf 78' lang='lat' dir='ltr'><strong>qua:</strong></span> <span class='ocrx_word' id='word_1_768' title='bbox 2149 3647 2200 3700; x_wconf 91' lang='lat' dir='ltr'><strong>in</strong></span> <span class='ocrx_word' id='word_1_769' title='bbox 2228 3646 2376 3701; x_wconf 72' lang='lat' dir='ltr'><strong>cmlis</strong></span> <span class='ocrx_word' id='word_1_770' title='bbox 2401 3652 2526 3699; x_wconf 90' lang='lat' dir='ltr'><strong>sunt</strong></span> <span class='ocrx_word' id='word_1_771' title='bbox 2549 3643 2948 3712; x_wconf 86' lang='lat' dir='ltr'><strong>circumspicis?</strong></span> <span class='ocrx_word' id='word_1_772' title='bbox 2987 3643 3031 3697; x_wconf 89' lang='grc'>0</span> <span class='ocrx_word' id='word_1_773' title='bbox 3057 3643 3407 3698; x_wconf 83' lang='lat' dir='ltr'><strong>miraculum!</strong></span> 
     </span>
    </p>
   </div>
   <div class='ocr_carea' id='block_1_98' title="bbox 1828 3734 3409 3809">
    <p class='ocr_par' dir='ltr' id='par_1_98' title="bbox 1828 3734 3409 3809">
     <span class='ocr_line' id='line_1_98' title="bbox 1828 3734 3409 3809; baseline -0.004 -14"><span class='ocrx_word' id='word_1_774' title='bbox 1828 3755 1862 3795; x_wconf 94' lang='lat' dir='ltr'><strong>o</strong></span> <span class='ocrx_word' id='word_1_775' title='bbox 1894 3740 1985 3795; x_wconf 91' lang='lat' dir='ltr'><strong>Dei</strong></span> <span class='ocrx_word' id='word_1_776' title='bbox 2012 3738 2417 3809; x_wconf 84' lang='lat' dir='ltr'><strong>benignitatem!</strong></span> <span class='ocrx_word' id='word_1_777' title='bbox 2473 3736 2575 3804; x_wconf 86' lang='lat' dir='ltr'><strong>Qui</strong></span> <span class='ocrx_word' id='word_1_778' title='bbox 2616 3751 2738 3791; x_wconf 92' lang='lat' dir='ltr'><strong>cum</strong></span> <span class='ocrx_word' id='word_1_779' title='bbox 2780 3735 2935 3789; x_wconf 84' lang='lat' dir='ltr'><strong>Patre</strong></span> <span class='ocrx_word' id='word_1_780' title='bbox 2983 3750 3192 3789; x_wconf 81' lang='lat' dir='ltr'><strong>sursum</strong></span> <span class='ocrx_word' id='word_1_781' title='bbox 3238 3734 3409 3801; x_wconf 88' lang='lat' dir='ltr'><strong>sedet,</strong></span> 
     </span>
    </p>
   </div>
   <div class='ocr_carea' id='block_1_99' title="bbox 1830 3826 3413 3896">
    <p class='ocr_par' dir='ltr' id='par_1_99' title="bbox 1830 3826 3413 3896">
     <span class='ocr_line' id='line_1_99' title="bbox 1830 3826 3413 3896; baseline -0.004 -11"><span class='ocrx_word' id='word_1_782' title='bbox 1830 3831 1916 3885; x_wconf 81' lang='lat' dir='ltr'><strong>illa</strong></span> <span class='ocrx_word' id='word_1_783' title='bbox 1946 3830 2073 3884; x_wconf 87' lang='lat' dir='ltr'><strong>hora</strong></span> <span class='ocrx_word' id='word_1_784' title='bbox 2104 3831 2340 3884; x_wconf 90' lang='lat' dir='ltr'><strong>omnium</strong></span> <span class='ocrx_word' id='word_1_785' title='bbox 2369 3829 2612 3883; x_wconf 87' lang='lat' dir='ltr'><strong>manibus</strong></span> <span class='ocrx_word' id='word_1_786' title='bbox 2639 3835 2850 3882; x_wconf 90' lang='lat' dir='ltr'><strong>tenetur</strong></span> <span class='ocrx_word' id='word_1_787' title='bbox 2872 3867 2888 3893; x_wconf 92' lang='lat'><strong>,</strong></span> <span class='ocrx_word' id='word_1_788' title='bbox 2933 3841 3157 3896; x_wconf 89' lang='lat' dir='ltr'><strong>seseque</strong></span> <span class='ocrx_word' id='word_1_789' title='bbox 3187 3826 3413 3879; x_wconf 57' lang='lat' dir='ltr'><strong>volenti.</strong></span> 
     </span>
    </p>
   </div>
   <div class='ocr_carea' id='block_1_100' title="bbox 1833 3918 3414 3995">
    <p class='ocr_par' dir='ltr' id='par_1_100' title="bbox 1833 3918 3414 3995">
     <span class='ocr_line' id='line_1_100' title="bbox 1833 3918 3414 3995; baseline -0.005 -15"><span class='ocrx_word' id='word_1_790' title='bbox 1833 3924 1932 3980; x_wconf 89' lang='lat' dir='ltr'><strong>bus</strong></span> <span class='ocrx_word' id='word_1_791' title='bbox 1953 3925 2046 3979; x_wconf 91' lang='lat' dir='ltr'><strong>dat</strong></span> <span class='ocrx_word' id='word_1_792' title='bbox 2071 3922 2530 3995; x_wconf 88' lang='lat' dir='ltr'><strong>complcctendum</strong></span> <span class='ocrx_word' id='word_1_793' title='bbox 2557 3930 2612 3977; x_wconf 89' lang='lat' dir='ltr'><strong>et</strong></span> <span class='ocrx_word' id='word_1_794' title='bbox 2648 3920 3035 3991; x_wconf 88' lang='lat' dir='ltr'><strong>accipiendum.</strong></span> <span class='ocrx_word' id='word_1_795' title='bbox 3070 3918 3204 3974; x_wconf 89' lang='lat' dir='ltr'><strong>Illud</strong></span> <span class='ocrx_word' id='word_1_796' title='bbox 3236 3929 3414 3973; x_wconf 90' lang='lat' dir='ltr'><strong>autem</strong></span> 
     </span>
    </p>
   </div>
   <div class='ocr_carea' id='block_1_101' title="bbox 1830 4013 3414 4078">
    <p class='ocr_par' dir='ltr' id='par_1_101' title="bbox 1830 4013 3414 4078">
     <span class='ocr_line' id='line_1_101' title="bbox 1830 4013 3414 4078; baseline -0.008 -4"><span class='ocrx_word' id='word_1_797' title='bbox 1830 4031 2022 4074; x_wconf 89' lang='lat' dir='ltr'><strong>omnes</strong></span> <span class='ocrx_word' id='word_1_798' title='bbox 2052 4014 2249 4069; x_wconf 84' lang='lat' dir='ltr'><strong>faciunt</strong></span> <span class='ocrx_word' id='word_1_799' title='bbox 2274 4015 2444 4071; x_wconf 88' lang='lat' dir='ltr'><strong>oculis</strong></span> <span class='ocrx_word' id='word_1_800' title='bbox 2473 4014 2616 4069; x_wconf 85' lang='lat' dir='ltr'><strong>ﬁdei.</strong></span> <span class='ocrx_word' id='word_1_801' title='bbox 2664 4013 2801 4068; x_wconf 87' lang='lat' dir='ltr'><strong>Num</strong></span> <span class='ocrx_word' id='word_1_802' title='bbox 2829 4013 2923 4068; x_wconf 91' lang='lat' dir='ltr'><strong>tibi</strong></span> <span class='ocrx_word' id='word_1_803' title='bbox 2954 4013 3067 4065; x_wconf 77' lang='lat' dir='ltr'><strong>lucc</strong></span> <span class='ocrx_word' id='word_1_804' title='bbox 3104 4018 3414 4078; x_wconf 89' lang='lat' dir='ltr'><strong>contemptu</strong></span> 
     </span>
    </p>
   </div>
   <div class='ocr_carea' id='block_1_102' title="bbox 1832 4101 3415 4181">
    <p class='ocr_par' dir='ltr' id='par_1_102' title="bbox 1832 4101 3415 4181">
     <span class='ocr_line' id='line_1_102' title="bbox 1832 4101 3415 4181; baseline -0.006 -17"><span class='ocrx_word' id='word_1_805' title='bbox 1832 4111 1993 4181; x_wconf 90' lang='lat' dir='ltr'><strong>digna</strong></span> <span class='ocrx_word' id='word_1_806' title='bbox 2018 4108 2297 4163; x_wconf 86' lang='lat' dir='ltr'><strong>videntur?</strong></span> <span class='ocrx_word' id='word_1_807' title='bbox 2345 4122 2413 4161; x_wconf 86' lang='lat' dir='ltr'><strong>an</strong></span> <span class='ocrx_word' id='word_1_808' title='bbox 2456 4105 2760 4175; x_wconf 90' lang='lat' dir='ltr'><strong>hujusmodi</strong></span> <span class='ocrx_word' id='word_1_809' title='bbox 2799 4118 2952 4169; x_wconf 88' lang='lat' dir='ltr'><strong>esse,</strong></span> <span class='ocrx_word' id='word_1_810' title='bbox 2986 4109 3044 4156; x_wconf 92' lang='lat' dir='ltr'><strong>ut</strong></span> <span class='ocrx_word' id='word_1_811' title='bbox 3073 4103 3242 4171; x_wconf 90' lang='lat' dir='ltr'><strong>possit</strong></span> <span class='ocrx_word' id='word_1_812' title='bbox 3265 4101 3415 4171; x_wconf 90' lang='lat' dir='ltr'><strong>quis-</strong></span> 
     </span>
    </p>
   </div>
   <div class='ocr_carea' id='block_1_103' title="bbox 1832 4194 3414 4273">
    <p class='ocr_par' dir='ltr' id='par_1_103' title="bbox 1832 4194 3414 4273">
     <span class='ocr_line' id='line_1_103' title="bbox 1832 4194 3414 4273; baseline -0.006 -18"><span class='ocrx_word' id='word_1_813' title='bbox 1832 4202 1973 4273; x_wconf 88' lang='lat' dir='ltr'><strong>piam</strong></span> <span class='ocrx_word' id='word_1_814' title='bbox 2026 4200 2285 4254; x_wconf 86' lang='lat' dir='ltr'><strong>adversus</strong></span> <span class='ocrx_word' id='word_1_815' title='bbox 2330 4212 2394 4253; x_wconf 89' lang='lat' dir='ltr'><strong>ea</strong></span> <span class='ocrx_word' id='word_1_816' title='bbox 2446 4196 2675 4252; x_wconf 81' lang='lat' dir='ltr'><strong>extolli?</strong></span> <span class='ocrx_word' id='word_1_817' title='bbox 2730 4195 2894 4250; x_wconf 85' lang='lat' dir='ltr'><strong>Visne</strong></span> <span class='ocrx_word' id='word_1_818' title='bbox 2944 4205 2998 4250; x_wconf 89' lang='lat' dir='ltr'><strong>et</strong></span> <span class='ocrx_word' id='word_1_819' title='bbox 3048 4194 3414 4247; x_wconf 79' lang='lat' dir='ltr'><strong>sanctimonia:</strong></span> 
     </span>
    </p>
   </div>
   <div class='ocr_carea' id='block_1_104' title="bbox 1833 4282 3417 4354">
    <p class='ocr_par' dir='ltr' id='par_1_104' title="bbox 1833 4282 3417 4354">
     <span class='ocr_line' id='line_1_104' title="bbox 1833 4282 3417 4354; baseline -0.008 -6"><span class='ocrx_word' id='word_1_820' title='bbox 1833 4293 1974 4348; x_wconf 89' lang='lat' dir='ltr'><strong>illius</strong></span> <span class='ocrx_word' id='word_1_821' title='bbox 2012 4291 2381 4346; x_wconf 81' lang='lat' dir='ltr'><strong>excellentiam</strong></span> <span class='ocrx_word' id='word_1_822' title='bbox 2407 4304 2471 4343; x_wconf 86' lang='lat' dir='ltr'><strong>ex</strong></span> <span class='ocrx_word' id='word_1_823' title='bbox 2502 4288 2607 4342; x_wconf 91' lang='lat' dir='ltr'><strong>alio</strong></span> <span class='ocrx_word' id='word_1_824' title='bbox 2636 4285 2895 4341; x_wconf 85' lang='lat' dir='ltr'><strong>miraculo</strong></span> <span class='ocrx_word' id='word_1_825' title='bbox 2931 4283 3269 4354; x_wconf 87' lang='lat' dir='ltr'><strong>perspicere?</strong></span> <span class='ocrx_word' id='word_1_826' title='bbox 3314 4282 3417 4336; x_wconf 80' lang='lat' dir='ltr'><strong>He-</strong></span> 
     </span>
    </p>
   </div>
   <div class='ocr_carea' id='block_1_105' title="bbox 1835 4376 3417 4449">
    <p class='ocr_par' dir='ltr' id='par_1_105' title="bbox 1835 4376 3417 4449">
     <span class='ocr_line' id='line_1_105' title="bbox 1835 4376 3417 4449; baseline -0.007 -12"><span class='ocrx_word' id='word_1_827' title='bbox 1835 4384 1956 4439; x_wconf 92' lang='lat' dir='ltr'><strong>liam</strong></span> <span class='ocrx_word' id='word_1_828' title='bbox 1986 4382 2114 4436; x_wconf 91' lang='lat' dir='ltr'><strong>mihi</strong></span> <span class='ocrx_word' id='word_1_829' title='bbox 2145 4382 2214 4437; x_wconf 89' lang='lat' dir='ltr'><strong>ob</strong></span> <span class='ocrx_word' id='word_1_830' title='bbox 2243 4381 2424 4436; x_wconf 91' lang='lat' dir='ltr'><strong>oculos</strong></span> <span class='ocrx_word' id='word_1_831' title='bbox 2446 4379 2671 4449; x_wconf 87' lang='lat' dir='ltr'><strong>depinge</strong></span> <span class='ocrx_word' id='word_1_832' title='bbox 2691 4422 2704 4441; x_wconf 91' lang='lat'><strong>,</strong></span> <span class='ocrx_word' id='word_1_833' title='bbox 2738 4380 3158 4446; x_wconf 88' lang='lat' dir='ltr'><strong>immensamque</strong></span> <span class='ocrx_word' id='word_1_834' title='bbox 3183 4376 3417 4431; x_wconf 88' lang='lat' dir='ltr'><strong>circum-</strong></span> 
     </span>
    </p>
   </div>
   <div class='ocr_carea' id='block_1_106' title="bbox 1833 4466 3417 4541">
    <p class='ocr_par' dir='ltr' id='par_1_106' title="bbox 1833 4466 3417 4541">
     <span class='ocr_line' id='line_1_106' title="bbox 1833 4466 3417 4541; baseline -0.007 -9"><span class='ocrx_word' id='word_1_835' title='bbox 1833 4477 2006 4532; x_wconf 85' lang='lat' dir='ltr'><strong>fusam</strong></span> <span class='ocrx_word' id='word_1_836' title='bbox 2046 4475 2249 4530; x_wconf 87' lang='lat' dir='ltr'><strong>turbam</strong></span> <span class='ocrx_word' id='word_1_837' title='bbox 2272 4516 2287 4541; x_wconf 94' lang='lat'><strong>,</strong></span> <span class='ocrx_word' id='word_1_838' title='bbox 2316 4484 2370 4529; x_wconf 92' lang='lat' dir='ltr'><strong>et</strong></span> <span class='ocrx_word' id='word_1_839' title='bbox 2419 4472 2647 4527; x_wconf 78' lang='lat' dir='ltr'><strong>hostium</strong></span> <span class='ocrx_word' id='word_1_840' title='bbox 2695 4471 2953 4541; x_wconf 88' lang='lat' dir='ltr'><strong>lapidibus</strong></span> <span class='ocrx_word' id='word_1_841' title='bbox 2991 4469 3291 4539; x_wconf 88' lang='lat' dir='ltr'><strong>impositam</strong></span> <span class='ocrx_word' id='word_1_842' title='bbox 3323 4466 3417 4541; x_wconf 77' lang='lat'><strong>(5.</strong></span> 
     </span>
    </p>
   </div>
   <div class='ocr_carea' id='block_1_107' title="bbox 1836 4560 3420 4638">
    <p class='ocr_par' dir='ltr' id='par_1_107' title="bbox 1836 4560 3420 4638">
     <span class='ocr_line' id='line_1_107' title="bbox 1836 4560 3420 4638; baseline -0.004 -17"><span class='ocrx_word' id='word_1_843' title='bbox 1836 4567 1963 4638; x_wconf 84' lang='lat' dir='ltr'><strong>Reg.</strong></span> <span class='ocrx_word' id='word_1_844' title='bbox 1998 4567 2099 4638; x_wconf 77' lang='grc'><strong>18)</strong></span> <span class='ocrx_word' id='word_1_845' title='bbox 2133 4585 2146 4621; x_wconf 88' lang='lat'><strong>:</strong></span> <span class='ocrx_word' id='word_1_846' title='bbox 2178 4577 2337 4637; x_wconf 91' lang='lat' dir='ltr'><strong>atque</strong></span> <span class='ocrx_word' id='word_1_847' title='bbox 2362 4578 2548 4621; x_wconf 90' lang='lat' dir='ltr'><strong>omnes</strong></span> <span class='ocrx_word' id='word_1_848' title='bbox 2571 4564 2704 4618; x_wconf 85' lang='lat' dir='ltr'><strong>alios</strong></span> <span class='ocrx_word' id='word_1_849' title='bbox 2735 4565 2784 4617; x_wconf 94' lang='lat' dir='ltr'><strong>in</strong></span> <span class='ocrx_word' id='word_1_850' title='bbox 2811 4565 2987 4635; x_wconf 89' lang='lat' dir='ltr'><strong>quiete</strong></span> <span class='ocrx_word' id='word_1_851' title='bbox 3022 4571 3075 4617; x_wconf 92' lang='lat' dir='ltr'><strong>et</strong></span> <span class='ocrx_word' id='word_1_852' title='bbox 3113 4576 3306 4632; x_wconf 89' lang='lat' dir='ltr'><strong>magno</strong></span> <span class='ocrx_word' id='word_1_853' title='bbox 3336 4560 3420 4616; x_wconf 64' lang='grc' dir='ltr'><strong>εἰς</strong></span> 
     </span>
    </p>
   </div>
   <div class='ocr_carea' id='block_1_108' title="bbox 1835 4654 3416 4726">
    <p class='ocr_par' dir='ltr' id='par_1_108' title="bbox 1835 4654 3416 4726">
     <span class='ocr_line' id='line_1_108' title="bbox 1835 4654 3416 4726; baseline -0.006 -11"><span class='ocrx_word' id='word_1_854' title='bbox 1835 4660 2001 4715; x_wconf 91' lang='lat' dir='ltr'><strong>lentio</strong></span> <span class='ocrx_word' id='word_1_855' title='bbox 2040 4667 2242 4714; x_wconf 88' lang='lat' dir='ltr'><strong>stantes</strong></span> <span class='ocrx_word' id='word_1_856' title='bbox 2267 4698 2282 4723; x_wconf 94' lang='lat'><strong>,</strong></span> <span class='ocrx_word' id='word_1_857' title='bbox 2325 4658 2496 4712; x_wconf 91' lang='lat' dir='ltr'><strong>solum</strong></span> <span class='ocrx_word' id='word_1_858' title='bbox 2534 4672 2662 4710; x_wconf 85' lang='lat' dir='ltr'><strong>vero</strong></span> <span class='ocrx_word' id='word_1_859' title='bbox 2705 4654 3019 4726; x_wconf 86' lang='lat' dir='ltr'><strong>prophetam</strong></span> <span class='ocrx_word' id='word_1_860' title='bbox 3064 4662 3416 4725; x_wconf 86' lang='lat' dir='ltr'><strong>precantem:</strong></span> 
     </span>
    </p>
   </div>
   <div class='ocr_carea' id='block_1_109' title="bbox 1839 4744 3418 4820">
    <p class='ocr_par' dir='ltr' id='par_1_109' title="bbox 1839 4744 3418 4820">
     <span class='ocr_line' id='line_1_109' title="bbox 1839 4744 3418 4820; baseline -0.004 -14"><span class='ocrx_word' id='word_1_861' title='bbox 1839 4762 1949 4806; x_wconf 91' lang='lat' dir='ltr'><strong>tum</strong></span> <span class='ocrx_word' id='word_1_862' title='bbox 1976 4761 2195 4820; x_wconf 86' lang='lat' dir='ltr'><strong>repente</strong></span> <span class='ocrx_word' id='word_1_863' title='bbox 2233 4748 2501 4803; x_wconf 83' lang='lat' dir='ltr'><strong>flammam</strong></span> <span class='ocrx_word' id='word_1_864' title='bbox 2530 4763 2598 4802; x_wconf 80' lang='lat' dir='ltr'><strong>ex</strong></span> <span class='ocrx_word' id='word_1_865' title='bbox 2638 4747 2783 4803; x_wconf 84' lang='lat' dir='ltr'><strong>caelis</strong></span> <span class='ocrx_word' id='word_1_866' title='bbox 2821 4747 2873 4801; x_wconf 92' lang='lat' dir='ltr'><strong>in</strong></span> <span class='ocrx_word' id='word_1_867' title='bbox 2915 4745 3233 4801; x_wconf 83' lang='lat' dir='ltr'><strong>sacrificium</strong></span> <span class='ocrx_word' id='word_1_868' title='bbox 3279 4744 3418 4815; x_wconf 81' lang='lat' dir='ltr'><strong>inje-</strong></span> 
     </span>
    </p>
   </div>
   <div class='ocr_carea' id='block_1_110' title="bbox 1835 4838 3415 4909">
    <p class='ocr_par' dir='ltr' id='par_1_110' title="bbox 1835 4838 3415 4909">
     <span class='ocr_line' id='line_1_110' title="bbox 1835 4838 3415 4909; baseline -0.005 -12"><span class='ocrx_word' id='word_1_869' title='bbox 1835 4850 1997 4898; x_wconf 86' lang='lat' dir='ltr'><strong>ctam.</strong></span> <span class='ocrx_word' id='word_1_870' title='bbox 2025 4841 2348 4896; x_wconf 75' lang='lat' dir='ltr'><strong>Admiranda</strong></span> <span class='ocrx_word' id='word_1_871' title='bbox 2374 4848 2500 4896; x_wconf 89' lang='lat' dir='ltr'><strong>sunt</strong></span> <span class='ocrx_word' id='word_1_872' title='bbox 2527 4840 2643 4895; x_wconf 57' lang='lat' dir='ltr'><strong>haec</strong></span> <span class='ocrx_word' id='word_1_873' title='bbox 2664 4880 2680 4905; x_wconf 92' lang='lat'><strong>,</strong></span> <span class='ocrx_word' id='word_1_874' title='bbox 2714 4839 2966 4909; x_wconf 91' lang='lat' dir='ltr'><strong>omnique</strong></span> <span class='ocrx_word' id='word_1_875' title='bbox 2991 4848 3209 4908; x_wconf 90' lang='lat' dir='ltr'><strong>stupore</strong></span> <span class='ocrx_word' id='word_1_876' title='bbox 3234 4838 3415 4907; x_wconf 86' lang='lat' dir='ltr'><strong>plena.</strong></span> 
     </span>
    </p>
   </div>
   <div class='ocr_carea' id='block_1_111' title="bbox 1836 4934 3416 5003">
    <p class='ocr_par' dir='ltr' id='par_1_111' title="bbox 1836 4934 3416 5003">
     <span class='ocr_line' id='line_1_111' title="bbox 1836 4934 3416 5003; baseline -0.006 -12"><span class='ocrx_word' id='word_1_877' title='bbox 1836 4936 1986 4991; x_wconf 87' lang='lat' dir='ltr'><strong>Illinc</strong></span> <span class='ocrx_word' id='word_1_878' title='bbox 2010 4945 2060 4989; x_wconf 89' lang='lat' dir='ltr'><strong>te</strong></span> <span class='ocrx_word' id='word_1_879' title='bbox 2088 4937 2309 4990; x_wconf 81' lang='lat' dir='ltr'><strong>transfer</strong></span> <span class='ocrx_word' id='word_1_880' title='bbox 2338 4934 2402 4988; x_wconf 90' lang='lat' dir='ltr'><strong>ad</strong></span> <span class='ocrx_word' id='word_1_881' title='bbox 2428 4950 2488 4988; x_wconf 90' lang='lat' dir='ltr'><strong>ea</strong></span> <span class='ocrx_word' id='word_1_882' title='bbox 2519 4948 2639 5003; x_wconf 73' lang='lat' dir='ltr'><strong>qua:</strong></span> <span class='ocrx_word' id='word_1_883' title='bbox 2669 4948 2810 4988; x_wconf 90' lang='lat' dir='ltr'><strong>nunc</strong></span> <span class='ocrx_word' id='word_1_884' title='bbox 2836 4941 3185 5002; x_wconf 89' lang='lat' dir='ltr'><strong>peraguntur,</strong></span> <span class='ocrx_word' id='word_1_885' title='bbox 3218 4945 3282 4985; x_wconf 87' lang='lat' dir='ltr'><strong>ac</strong></span> <span class='ocrx_word' id='word_1_886' title='bbox 3312 4946 3416 4983; x_wconf 91' lang='lat' dir='ltr'><strong>non</strong></span> 
     </span>
    </p>
   </div>
   <div class='ocr_carea' id='block_1_112' title="bbox 1836 5024 3416 5093">
    <p class='ocr_par' dir='ltr' id='par_1_112' title="bbox 1836 5024 3416 5093">
     <span class='ocr_line' id='line_1_112' title="bbox 1836 5024 3416 5093; baseline -0.008 -8"><span class='ocrx_word' id='word_1_887' title='bbox 1836 5030 1968 5085; x_wconf 90' lang='lat' dir='ltr'><strong>mira</strong></span> <span class='ocrx_word' id='word_1_888' title='bbox 1999 5038 2202 5081; x_wconf 78' lang='lat' dir='ltr'><strong>tantum</strong></span> <span class='ocrx_word' id='word_1_889' title='bbox 2230 5026 2462 5089; x_wconf 82' lang='lat' dir='ltr'><strong>videbis,</strong></span> <span class='ocrx_word' id='word_1_890' title='bbox 2492 5024 2585 5079; x_wconf 92' lang='lat' dir='ltr'><strong>sed</strong></span> <span class='ocrx_word' id='word_1_891' title='bbox 2607 5038 2821 5079; x_wconf 89' lang='lat' dir='ltr'><strong>onmem</strong></span> <span class='ocrx_word' id='word_1_892' title='bbox 2850 5036 3123 5093; x_wconf 89' lang='lat' dir='ltr'><strong>stuporem</strong></span> <span class='ocrx_word' id='word_1_893' title='bbox 3152 5036 3416 5090; x_wconf 85' lang='lat' dir='ltr'><strong>superan-</strong></span> 
     </span>
    </p>
   </div>
   <div class='ocr_carea' id='block_1_113' title="bbox 1840 5111 3421 5185">
    <p class='ocr_par' dir='ltr' id='par_1_113' title="bbox 1840 5111 3421 5185">
     <span class='ocr_line' id='line_1_113' title="bbox 1840 5111 3421 5185; baseline -0.006 -11"><span class='ocrx_word' id='word_1_894' title='bbox 1840 5121 1930 5175; x_wconf 90' lang='lat' dir='ltr'><strong>tia.</strong></span> <span class='ocrx_word' id='word_1_895' title='bbox 1953 5119 2065 5174; x_wconf 86' lang='lat' dir='ltr'><strong>Stat</strong></span> <span class='ocrx_word' id='word_1_896' title='bbox 2095 5121 2237 5174; x_wconf 92' lang='lat' dir='ltr'><strong>enim</strong></span> <span class='ocrx_word' id='word_1_897' title='bbox 2267 5115 2535 5180; x_wconf 87' lang='lat' dir='ltr'><strong>sacerdos,</strong></span> <span class='ocrx_word' id='word_1_898' title='bbox 2570 5130 2675 5169; x_wconf 91' lang='lat' dir='ltr'><strong>non</strong></span> <span class='ocrx_word' id='word_1_899' title='bbox 2708 5115 2881 5185; x_wconf 90' lang='lat' dir='ltr'><strong>ignem</strong></span> <span class='ocrx_word' id='word_1_900' title='bbox 2909 5122 3141 5184; x_wconf 87' lang='lat' dir='ltr'><strong>gestans,</strong></span> <span class='ocrx_word' id='word_1_901' title='bbox 3172 5111 3266 5166; x_wconf 91' lang='lat' dir='ltr'><strong>sed</strong></span> <span class='ocrx_word' id='word_1_902' title='bbox 3299 5111 3421 5180; x_wconf 81' lang='lat' dir='ltr'><strong>Spi—</strong></span> 
     </span>
    </p>
   </div>
   <div class='ocr_carea' id='block_1_114' title="bbox 1836 5201 3420 5279">
    <p class='ocr_par' dir='ltr' id='par_1_114' title="bbox 1836 5201 3420 5279">
     <span class='ocr_line' id='line_1_114' title="bbox 1836 5201 3420 5279; baseline -0.007 -14"><span class='ocrx_word' id='word_1_903' title='bbox 1836 5212 1997 5266; x_wconf 89' lang='lat' dir='ltr'><strong>ritum</strong></span> <span class='ocrx_word' id='word_1_904' title='bbox 2027 5219 2304 5274; x_wconf 89' lang='lat' dir='ltr'><strong>sanctum;</strong></span> <span class='ocrx_word' id='word_1_905' title='bbox 2354 5222 2540 5279; x_wconf 87' lang='lat' dir='ltr'><strong>preces</strong></span> <span class='ocrx_word' id='word_1_906' title='bbox 2589 5207 2755 5259; x_wconf 89' lang='lat' dir='ltr'><strong>multo</strong></span> <span class='ocrx_word' id='word_1_907' title='bbox 2796 5214 3033 5274; x_wconf 87' lang='lat' dir='ltr'><strong>tempore</strong></span> <span class='ocrx_word' id='word_1_908' title='bbox 3072 5201 3282 5266; x_wconf 82' lang='lat' dir='ltr'><strong>fundit,</strong></span> <span class='ocrx_word' id='word_1_909' title='bbox 3313 5217 3420 5255; x_wconf 83' lang='lat' dir='ltr'><strong>non</strong></span> 
     </span>
    </p>
   </div>
   <div class='ocr_carea' id='block_1_115' title="bbox 1836 5294 3421 5366">
    <p class='ocr_par' dir='ltr' id='par_1_115' title="bbox 1836 5294 3421 5366">
     <span class='ocr_line' id='line_1_115' title="bbox 1836 5294 3421 5366; baseline -0.008 -9"><span class='ocrx_word' id='word_1_910' title='bbox 1836 5313 1895 5357; x_wconf 89' lang='lat' dir='ltr'><strong>ut</strong></span> <span class='ocrx_word' id='word_1_911' title='bbox 1925 5304 2008 5356; x_wconf 86' lang='lat' dir='ltr'><strong>fax</strong></span> <span class='ocrx_word' id='word_1_912' title='bbox 2030 5301 2256 5357; x_wconf 84' lang='lat' dir='ltr'><strong>demissa</strong></span> <span class='ocrx_word' id='word_1_913' title='bbox 2285 5300 2489 5354; x_wconf 65' lang='lat' dir='ltr'><strong>molitus</strong></span> <span class='ocrx_word' id='word_1_914' title='bbox 2512 5297 2749 5366; x_wconf 87' lang='lat' dir='ltr'><strong>apposita</strong></span> <span class='ocrx_word' id='word_1_915' title='bbox 2770 5307 3067 5361; x_wconf 87' lang='lat' dir='ltr'><strong>consumat,</strong></span> <span class='ocrx_word' id='word_1_916' title='bbox 3097 5294 3190 5349; x_wconf 91' lang='lat' dir='ltr'><strong>sed</strong></span> <span class='ocrx_word' id='word_1_917' title='bbox 3218 5305 3273 5347; x_wconf 91' lang='lat' dir='ltr'><strong>ut</strong></span> <span class='ocrx_word' id='word_1_918' title='bbox 3299 5309 3421 5360; x_wconf 77' lang='lat' dir='ltr'><strong>gra-</strong></span> 
     </span>
    </p>
   </div>
   <div class='ocr_carea' id='block_1_116' title="bbox 1838 5383 3422 5457">
    <p class='ocr_par' dir='ltr' id='par_1_116' title="bbox 1838 5383 3422 5457">
     <span class='ocr_line' id='line_1_116' title="bbox 1838 5383 3422 5457; baseline -0.008 -9"><span class='ocrx_word' id='word_1_919' title='bbox 1838 5396 1909 5448; x_wconf 90' lang='lat' dir='ltr'><strong>tia</strong></span> <span class='ocrx_word' id='word_1_920' title='bbox 1954 5397 2006 5447; x_wconf 91' lang='lat' dir='ltr'><strong>in</strong></span> <span class='ocrx_word' id='word_1_921' title='bbox 2052 5391 2372 5447; x_wconf 83' lang='lat' dir='ltr'><strong>sacriﬁcium</strong></span> <span class='ocrx_word' id='word_1_922' title='bbox 2410 5388 2626 5457; x_wconf 87' lang='lat' dir='ltr'><strong>delapsa</strong></span> <span class='ocrx_word' id='word_1_923' title='bbox 2665 5402 2763 5457; x_wconf 89' lang='lat' dir='ltr'><strong>per</strong></span> <span class='ocrx_word' id='word_1_924' title='bbox 2787 5385 2915 5441; x_wconf 90' lang='lat' dir='ltr'><strong>illud</strong></span> <span class='ocrx_word' id='word_1_925' title='bbox 2941 5385 3178 5439; x_wconf 89' lang='lat' dir='ltr'><strong>omnium</strong></span> <span class='ocrx_word' id='word_1_926' title='bbox 3211 5383 3422 5437; x_wconf 82' lang='lat' dir='ltr'><strong>animos</strong></span> 
     </span>
    </p>
   </div>
   <div class='ocr_carea' id='block_1_117' title="bbox 1840 5475 3421 5559">
    <p class='ocr_par' dir='ltr' id='par_1_117' title="bbox 1840 5475 3421 5559">
     <span class='ocr_line' id='line_1_117' title="bbox 1840 5475 3421 5559; baseline -0.008 -16"><span class='ocrx_word' id='word_1_927' title='bbox 1840 5488 2167 5553; x_wconf 84' lang='lat' dir='ltr'><strong>inflammet,</strong></span> <span class='ocrx_word' id='word_1_928' title='bbox 2217 5493 2272 5540; x_wconf 91' lang='lat' dir='ltr'><strong>et</strong></span> <span class='ocrx_word' id='word_1_929' title='bbox 2319 5492 2537 5554; x_wconf 88' lang='lat' dir='ltr'><strong>argento</strong></span> <span class='ocrx_word' id='word_1_930' title='bbox 2585 5483 2715 5559; x_wconf 35' lang='lat' dir='ltr'><strong>igne]</strong></span> <span class='ocrx_word' id='word_1_931' title='bbox 2760 5487 2984 5551; x_wconf 89' lang='lat' dir='ltr'><strong>purgato</strong></span> <span class='ocrx_word' id='word_1_932' title='bbox 3030 5475 3421 5548; x_wconf 84' lang='lat' dir='ltr'><strong>splendidiores</strong></span> 
     </span>
    </p>
   </div>
   <div class='ocr_carea' id='block_1_118' title="bbox 1837 5569 3426 5648">
    <p class='ocr_par' dir='ltr' id='par_1_118' title="bbox 1837 5569 3426 5648">
     <span class='ocr_line' id='line_1_118' title="bbox 1837 5569 3426 5648; baseline -0.007 -9"><span class='ocrx_word' id='word_1_933' title='bbox 1837 5582 2103 5639; x_wconf 79' lang='lat' dir='ltr'><strong>exhibeat.</strong></span> <span class='ocrx_word' id='word_1_934' title='bbox 2135 5578 2246 5633; x_wconf 89' lang='lat' dir='ltr'><strong>IIuc</strong></span> <span class='ocrx_word' id='word_1_935' title='bbox 2265 5576 2441 5648; x_wconf 86' lang='lat' dir='ltr'><strong>itaque</strong></span> <span class='ocrx_word' id='word_1_936' title='bbox 2472 5573 2916 5631; x_wconf 87' lang='lat' dir='ltr'><strong>terribilissimum</strong></span> <span class='ocrx_word' id='word_1_937' title='bbox 2947 5569 3281 5643; x_wconf 81' lang='lat' dir='ltr'><strong>mysterium,</strong></span> <span class='ocrx_word' id='word_1_938' title='bbox 3304 5572 3426 5641; x_wconf 85' lang='lat' dir='ltr'><strong>quis</strong></span> 
     </span>
    </p>
   </div>
   <div class='ocr_carea' id='block_1_119' title="bbox 1900 5749 2598 5839">
    <p class='ocr_par' dir='ltr' id='par_1_119' title="bbox 1900 5749 2598 5839">
     <span class='ocr_line' id='line_1_119' title="bbox 1900 5749 2598 5839; baseline -0.009 -32"><span class='ocrx_word' id='word_1_939' title='bbox 1900 5761 1920 5793; x_wconf 70' lang='grc' dir='ltr'>δ</span> <span class='ocrx_word' id='word_1_940' title='bbox 1956 5753 2142 5819; x_wconf 77' lang='lat' dir='ltr'><strong>Aliquot</strong></span> <span class='ocrx_word' id='word_1_941' title='bbox 2162 5761 2287 5817; x_wconf 73' lang='lat' dir='ltr'><strong>Mss,</strong></span> <span class='ocrx_word' id='word_1_942' title='bbox 2312 5749 2598 5839; x_wconf 42' lang='lat' dir='ltr'><strong>ponti/imm.</strong></span> 
     </span>
    </p>
   </div>
  </div>
