3942 6400
482 338 587 393 1)-13

479 452 738 515 tandem,
788 449 887 502 nisi
928 444 1210 502 admodum
1260 444 1523 507 insaniat,
1558 444 1638 497 vel
1668 452 1845 498 mente
1870 452 2059 511 captus

479 544 578 609 sit,
611 540 885 610 despicere
910 537 1109 607 queat?
1158 537 1238 591 An
1268 535 1482 606 ignoras
1513 535 1798 589 humanam
1829 536 2059 589 animam

481 637 656 702 ignem
678 631 921 685 sacrificii
946 627 1240 699 hujusmodi
1263 643 1548 695 numquam
1568 636 1777 696 gestare
1802 627 2060 695 potuisse,

482 725 576 778 sed
604 739 791 777 omnes
836 722 1069 776 funditus
1114 722 1375 790 perituros
1415 720 1618 785 fuisse,
1672 722 1769 774 nisi
1814 734 2059 789 magnum

478 832 505 870 a
518 814 693 868 desset
712 812 894 883 gratia:
921 812 1010 867 Dei
1032 828 1132 864 aux
1144 811 1325 864 ilium?

555 904 609 958 5.
634 902 874 973 Magnam
894 918 996 954 esse
1014 900 1278 954 sacerdotii
1289 908 1580 968 potestatem
1605 910 1649 952 et
1662 900 1972 966 dignitatem.
1992 928 2060 939 —

479 995 533 1048 Si
566 993 682 1062 quis
712 992 852 1046 enim
879 1006 1056 1045 secum
1084 999 1292 1059 reputet
1314 999 1571 1059 quantum
1603 990 1727 1043 illud
1756 992 1840 1054 sit,
1873 1005 2063 1058 nempe

482 1089 753 1141 hominem
783 1099 942 1139 carne
967 1095 1019 1138 et
1059 1084 1315 1154 sanguine
1356 1084 1644 1137 involutum
1667 1124 1683 1149 ,
1729 1099 1892 1152 prope
1928 1082 2060 1137 bea-

484 1187 589 1232 tam
637 1178 779 1231 illam
823 1184 877 1230 et
923 1176 1273 1229 immortalem
1321 1183 1562 1228 naturam
1607 1174 1892 1232 con~titui,
1940 1182 2063 1227 tunc

485 1268 650 1334 probe
681 1266 932 1335 intelliget
963 1274 1159 1334 quanto
1193 1265 1396 1319 honore
1430 1264 1656 1333 Spiritus
1683 1265 1849 1334 gratia
1878 1279 2061 1319 sacer-

485 1358 634 1411 dotes
662 1356 954 1411 ornaverit.
1005 1354 1134 1410 Nam
1162 1370 1257 1426 per
1282 1370 1376 1411 eos
1414 1356 1528 1409 haec
1573 1364 1893 1425 peraguntur
1927 1356 2060 1409 alia-

483 1462 587 1515 que
609 1447 702 1506 .his
730 1447 897 1501 nihilo
925 1444 1172 1499 inferiora
1198 1487 1213 1511 ,
1241 1461 1359 1514 qua-
1384 1445 1448 1499 ad
1474 1444 1746 1515 dignitatis
1769 1445 2061 1519 salutiSque

490 1545 681 1591 nostrae
711 1535 971 1591 rationem
1001 1543 1259 1605 spectant.
1313 1536 1519 1589 Etenim
1561 1535 1649 1604 qui
1697 1545 1888 1589 terram
1918 1536 2064 1589 inco-

485 1626 603 1679 lunt
627 1626 676 1679 in
704 1639 874 1694 eaque
899 1633 1314 1689 commorantur,
1347 1625 1411 1677 ad
1442 1641 1504 1678 ea
1535 1640 1654 1694 quae
1684 1626 1735 1678 in
1763 1626 1906 1679 c:elis
1931 1636 2058 1679 sunt

485 1714 838 1783 dispensanda
875 1714 1144 1768 commissi
1183 1722 1342 1778 sunt,
1391 1723 1809 1783 potestatemque
1838 1729 2062 1783 accepe-

484 1816 643 1867 runt,
674 1819 832 1874 quam
863 1819 1035 1873 neque
1082 1805 1284 1874 angelis
1324 1820 1497 1874 neque
1539 1807 1870 1875 arcbangelis
1917 1807 2065 1861 dedit

486 1894 643 1950 Deus.
714 1893 898 1963 Neque
943 1895 1086 1948 enim
1143 1895 1244 1949 illis
1290 1894 1488 1949 dictum
1542 1908 1625 1949 est
1669 1914 1682 1950 :
1728 1896 2066 1967 Qutrcnmque

483 1986 754 2057 ligaveritis
773 1988 824 2040 in
851 1997 1004 2052 terra,
1032 1999 1178 2042 erunt
1202 1988 1362 2058 ligata
1385 1998 1431 2041 et
1465 1989 1517 2041 in
1547 1988 1707 2053 cwlo;
1739 1999 1783 2042 et
1807 2006 2063 2060 qna'cum-

483 2094 578 2146 que
601 2077 844 2132 solveritis
871 2079 922 2131 in
956 2090 1087 2133 terra
1106 2121 1120 2145 ,
1164 2090 1307 2134 erunt
1344 2081 1510 2135 soluta
1547 2089 1592 2134 et
1619 2082 1668 2136 in
1696 2082 1820 2135 creto
1851 2083 2061 2152 (.llauli.

485 2167 573 2221 18.
610 2166 717 2239 18).
768 2168 974 2224 [labent
1013 2170 1226 2239 quidem
1272 2170 1345 2239 ii,
1390 2173 1476 2240 qtti
1512 2173 1563 2225 in
1594 2182 1733 2226 terra
1779 2172 2060 2242 imperant,

485 2267 796 2324 potestatem
836 2258 1060 2329 ligandi,
1099 2275 1281 2316 verum
1324 2276 1548 2331 corpora
1587 2263 1759 2317 solum
1794 2280 1807 2318 :
1842 2263 1941 2318 hoc
1970 2279 2065 2319 an-

484 2355 588 2402 tem
618 2349 886 2405 viuculum
908 2350 1074 2420 ipsam
1105 2352 1314 2422 attingit
1340 2353 1594 2421 animam,
1624 2355 1888 2424 crclosque
1916 2365 2061 2410 tran-

482 2437 691 2493 scendit
721 2458 735 2492 :
764 2455 827 2496 ac
866 2456 1216 2512 quzecumque
1256 2442 1462 2498 inferne
1505 2444 1810 2499 sacerdotes
1837 2443 2056 2512 faciunt,

482 2526 669 2584 eadem
701 2531 839 2587 Deus
881 2547 1111 2601 superne
1155 2534 1471 2601 conﬁrmat;
1520 2551 1900 2606 servorumque
1943 2553 2064 2590 sen-

482 2620 700 2675 tentiam
746 2621 860 2691 ipse
889 2623 1143 2678 Dominus
1170 2632 1339 2679 ratam
1379 2624 1520 2679 facit.
1564 2626 1700 2694 Quid
1739 2629 1879 2682 enim
1920 2627 2062 2683 aliud

482 2710 586 2766 illis
611 2710 776 2779 dedit,
807 2729 965 2784 quam
990 2730 1202 2769 omnem
1231 2718 1520 2771 caelestium
1553 2734 1586 2787 p
1608 2728 1865 2774 otestatem
1889 2723 1913 2773 ’1
1940 2738 2060 2776 nam

485 2802 745 2870 Quorum,
789 2804 990 2875 inquit,
1029 2806 1319 2861 remiseritis
1359 2818 1563 2876 peccata
1587 2850 1601 2872 ,
1631 2810 1986 2879 remt'.'tttn(ur;
2014 2824 2059 2867 et

478 2907 691 2961 quorum
718 2894 1018 2948 minueritis
1040 2935 1055 2959 ,
1085 2905 1274 2950 retenta
1300 2906 1417 2951 sunt
1454 2896 1630 2969 (Joan.
1662 2899 1751 2954 ΞΟ.
1786 2900 1900 2970 9.5).
1930 2902 2060 2969 Quae

479 2981 650 3051 major
676 2982 776 3038 hac
801 2995 1037 3054 potestas
1064 2985 1261 3040 fuerit?
1294 2988 1454 3043 Omne
1466 2989 1715 3059 judicium
1744 2990 1879 3045 dedit
1905 2993 2059 3047 Pater

482 3075 617 3130 Filio
642 3075 815 3149 (Joan.
846 3079 900 3133 5.
927 3078 1019 3150 22)
1056 3097 1070 3134 :
1103 3080 1360 3151 videoque
1390 3082 1559 3152 ipsum
1588 3098 1746 3139 omne
1789 3084 1919 3153 ipsis
1947 3093 2059 3139 tra-

474 3168 641 3223 ditum
672 3186 700 3223 a
729 3170 865 3226 Filio
893 3187 1033 3227 esse.
1065 3173 1143 3228 Ae
1171 3174 1215 3227 si
1245 3174 1385 3228 enim
1405 3173 1515 3243 jam
1548 3175 1599 3229 in
1629 3176 1792 3231 c:elos
1818 3177 2058 3232 translati

474 3272 691 3327 esstent,
732 3270 894 3330 atque
925 3262 1209 3317 humanam
1256 3274 1496 3318 naturam
1546 3278 1988 3336 exsuperassent,
2027 3282 2057 3321 a

476 3352 672 3404 nostris
714 3352 989 3407 affectibus
1029 3353 1274 3420 liberati,
1324 3355 1393 3409 ita
1441 3357 1493 3411 in
1537 3366 1739 3425 tantum
1773 3358 2054 3428 imperium

474 3445 644 3499 evecti
675 3453 818 3498 sunt.
862 3445 943 3500 Ad
981 3445 1098 3499 haec
1120 3486 1134 3510 ,
1178 3447 1221 3500 si
1264 3447 1554 3515 Imperator
1588 3450 1917 3505 subditorum
1943 3451 2058 3504 cui-

476 3535 617 3603 piam
667 3534 809 3589 hunc
863 3534 1120 3591 honorem
1177 3539 1499 3606 contulerit,
1551 3550 1609 3594 ut
1653 3556 1788 3610 quos
1842 3542 2056 3596 libuerit

474 3626 643 3692 possit
697 3626 747 3678 in
792 3640 1061 3680 carcerem
1108 3628 1375 3696 conjicere
1422 3629 1649 3700 indeque
1691 3646 1918 3695 eruere,
1964 3632 2056 3688 ille

472 3714 814 3770 admirandus
851 3725 906 3770 et
944 3718 1264 3786 conspicuus
1301 3718 1441 3788 apud
1479 3734 1665 3775 omnes
1712 3719 1962 3784 habetur;
2002 3730 2057 3775 at

472 3808 517 3858 is
538 3805 626 3874 qui
648 3821 678 3858 a
705 3806 812 3860 Deo
830 3815 978 3862 tanto
999 3807 1254 3877 majorem
1279 3808 1592 3879 potestatem
1611 3812 1833 3881 accepit,
1856 3822 2055 3882 quanto

471 3895 661 3948 ea-lum
710 3904 846 3950 terra
880 3898 1163 3966 pretiosius
1189 3908 1273 3953 est
1292 3939 1306 3962 .
1335 3908 1391 3955 et
1413 3912 1612 3971 quanto
1635 3903 1829 3958 anima:
1858 3917 2053 3972 corpo-

471 3981 619 4037 ribus
637 4024 653 4050 ,
696 3985 766 4038 ita
801 3987 1053 4057 exiguum
1090 3991 1357 4044 nonnullis
1382 3992 1591 4047 videtur
1616 3992 1872 4049 honorem
1894 4008 2055 4049 acce-

474 4073 635 4142 pisse,
683 4085 739 4131 ut
763 4078 982 4150 cogitari
1014 4081 1197 4149 possit,
1242 4084 1542 4155 quempiam
1569 4085 1673 4140 hoc
1700 4086 1800 4141 sibi
1830 4102 2055 4143 concre.

470 4163 640 4220 ditum
683 4167 880 4223 donum
921 4170 1219 4242 despicere.
1271 4176 1452 4245 Apage
1494 4177 1753 4233 insaniam
1788 4196 1802 4234 :
1847 4180 2051 4235 insania

418 4282 431 4305 ι
470 4263 699 4320 namque
724 4252 1002 4309 manifesta
1031 4264 1131 4319 est,
1154 4266 1360 4325 tantum
1380 4261 1730 4330 principatum
1749 4262 2049 4333 despicere,

470 4341 587 4396 sine
615 4357 720 4411 quo
746 4358 916 4414 neque
943 4345 1164 4402 salutem
1200 4363 1371 4419 neque
1404 4353 1662 4421 promissa
1690 4353 1828 4408 bona
1851 4369 2049 4410 conse-

469 4431 557 4500 qui
605 4446 905 4500 possumus.
954 4435 1085 4490 Nam
1133 4438 1175 4491 si
1224 4455 1329 4494 non
1376 4450 1554 4510 potest
1602 4444 1720 4512 quis
1768 4443 1967 4499 intrare
1995 4446 2048 4499 in

470 4538 692 4593 regnum
721 4526 989 4592 caelorum,
1023 4530 1121 4583 nisi
1150 4547 1244 4599 per
1267 4548 1456 4602 aquam
1484 4543 1537 4590 et
1557 4536 1799 4605 spiritum
1832 4554 2052 4610 regene-

467 4623 613 4669 ratus
649 4615 804 4671 fuerit
831 4616 1007 4688 (Joan.
1043 4623 1096 4676 5.
1123 4624 1218 4691 5);
1265 4635 1316 4679 et
1345 4627 1437 4694 qui
1466 4643 1571 4682 non
1616 4630 1898 4685 manducat
1926 4648 2046 4687 car-

475 4719 594 4759 nem
639 4706 882 4776 Domini,
928 4727 1028 4767 nec
1055 4714 1185 4789 bibit
1213 4716 1327 4786 ejus
1353 4721 1684 4789 sanguinem,
1717 4733 1913 4778 teterna
1941 4729 2045 4780 vita

471 4795 707 4864 privatur
732 4797 909 4869 (Joan.
941 4801 994 4856 6.
1021 4803 1112 4874 51)
1136 4788 1159 4858 ἐ
1187 4805 1303 4862 haec
1326 4788 1504 4865 autem
1535 4812 1710 4867 omnia
1739 4829 1842 4868 non
1869 4815 2042 4884 aliter,

468 4902 628 4953 quam
657 4903 753 4957 per
777 4899 989 4948 sanctas
1031 4896 1145 4950 illas
1186 4913 1410 4965 manus,
1453 4904 1789 4959 sacerdotum
1830 4922 2043 4978 nempe,

468 4979 855 5048 perficiuntur:
888 4983 1006 5052 quis
1052 4986 1167 5040 siue
1210 4988 1413 5044 illarum
1458 5008 1618 5061 opera
1659 5003 1749 5049 aut.
1790 4995 2048 5067 gehenna:

471 5068 645 5140 ignem
664 5070 916 5142 ellngere,
939 5084 1030 5130 aut
1055 5080 1312 5144 repositas
1330 5083 1541 5152 assequi
1568 5099 1792 5141 coronas
1820 5088 2051 5156 poterit?

540 5162 592 5216 6.
625 5163 869 5234 Magnum
898 5184 1003 5221 esse
1030 5171 1346 5225 sacerdotum
1376 5191 1575 5229 munus.
1605 5206 1677 5216 --
1718 5178 1778 5232 lli
1819 5195 2047 5250 namque

466 5265 626 5322 sunt,
662 5255 712 5308 hi
741 5268 884 5324 sunt,
913 5260 1102 5329 quibus
1123 5265 1409 5319 coner-editi
1437 5276 1560 5321 sunt
1588 5270 1888 5338 spirituales
1919 5288 2043 5342 par—

470 5354 553 5397 ttts
582 5355 630 5398 et
669 5350 941 5411 generatio
986 5367 1076 5418 per
1119 5353 1437 5422 buptismum
1471 5376 1483 5412 :
1520 5375 1612 5426 per
1647 5361 1745 5415 hos
1771 5362 2041 5418 Christum

468 5434 753 5495 induimus.
779 5451 829 5493 et
856 5456 974 5495 cum
1009 5443 1140 5497 Filio
1170 5445 1257 5499 Dei
1289 5450 1576 5515 sepeliatur
1598 5492 1613 5516 ,
1640 5454 1874 5507 membra
1902 5454 2043 5510 beati

469 5523 607 5579 imus
635 5532 820 5599 capitis
859 5531 1137 5588 efﬁcimur.
1188 5535 1259 5592 lta
1292 5555 1392 5592 non
1436 5541 1593 5595 modo
1636 5544 1958 5614 principibus
1984 5562 2046 5604 ac

464 5615 679 5683 regibus
723 5622 1160 5680 formidabiliores
1186 5669 1200 5692 ,
1245 5629 1337 5684 sed
1368 5633 1600 5701 patribus
1626 5636 1783 5689 etiam
1816 5651 2043 5692 venera-

467 5702 681 5762 biiiores
715 5712 865 5768 nobis
885 5714 1005 5784 jure
1036 5720 1244 5776 iuerint.
1294 5722 1369 5778 llli
1414 5725 1553 5780 enim
1590 5742 1653 5780 ex
1698 5730 2041 5799 sanguinibus

1190 332 1247 385 S.
1284 329 1562 387 JOANNIS
1600 325 2074 384 CHRYSOSTOMI
2116 322 2431 382 ARClllEP.
2477 323 3013 381 COND'TANTINOP.

3653 322 3756 379 ϐτί-1

2167 454 2341 510 exque
2370 438 2638 495 voluntate
2661 439 2840 494 carnis
2875 454 2974 495 nos
3011 447 3339 509 genuerunt;
3373 436 3425 492 hi
3456 452 3591 494 vero
3617 437 3761 494 iilius

2167 547 2288 601 quae
2328 547 2394 585 ex
2429 531 2540 586 Deo
2579 539 2660 585 est
2703 531 3063 601 generationis
3115 529 3266 584 nobis
3309 537 3561 587 auctores
3607 538 3755 593 sunt,

2169 622 2338 677 beata:
2363 637 2554 692 nempe
2598 623 2738 677 illius
2782 622 3236 693 regenerationis.
3284 636 3422 676 vera:
3467 620 3756 683 libertatis,

2167 724 2222 767 ct
2251 713 2390 767 illius
2426 730 2545 783 qua:
2584 713 2874 768 secundum
2899 714 3122 782 gratiam
3151 722 3233 767 est
3261 711 3588 781 adoptionis.
3620 708 3755 765 Cur-

2170 804 2313 873 poris
2336 804 2532 872 lepram
2563 818 2807 873 purgare,
2836 804 2942 857 imo
2971 804 3145 872 potius
3170 800 3468 855 nullatenus
3500 816 3757 870 purgare,

2167 894 2261 947 sed
2293 904 2540 964 purgatos
2580 895 2805 963 probare
2846 904 3049 947 tantum
3075 933 3090 958 ,
3124 893 3427 948 Iudaeorum
3456 892 3758 947 sacerdoti-

2170 984 2268 1038 lms
2312 985 2503 1039 licebat
2543 984 2726 1054 (Leuit.
2754 984 2840 1056 11)
2872 1002 2884 1038 :
2915 993 2970 1039 et
3011 994 3187 1039 tamen
3234 984 3370 1038 nosti
3398 992 3598 1054 quanta
3633 994 3759 1039 tunc

2168 1083 2310 1127 esset
2341 1089 2435 1143 pro
2476 1074 2788 1129 sacerdotali
2829 1075 3086 1145 dignitate
3123 1076 3468 1129 concertatio.
3515 1075 3581 1129 ili
3625 1091 3758 1129 vero

2169 1183 2273 1222 non
2304 1168 2502 1236 lepram
2530 1167 2770 1236 corporis
2790 1210 2804 1233 ,
2835 1167 2930 1223 sed
2958 1166 3344 1222 immunditiam
3375 1168 3574 1222 anima:
3601 1208 3617 1232 ,
3650 1182 3756 1222 non

2170 1271 2440 1330 purgatam
2470 1260 2745 1329 probandi,
2778 1262 2869 1315 sed
2904 1276 3119 1331 prorsus
3141 1260 3396 1331 purgandi
3428 1264 3756 1330 potestatem

2167 1363 2518 1421 accc-perunt;
2554 1355 2622 1406 ita
2649 1363 2706 1408 ut
2730 1354 2817 1423 qui
2850 1354 2993 1422 ipsos
3021 1361 3371 1411 contemnunt
3397 1392 3412 1416 ,
3445 1352 3606 1421 longe
3635 1368 3757 1409 sce-

2168 1444 2443 1498 leratiores
2486 1453 2542 1497 et
2588 1446 2830 1513 graviore
2870 1443 3133 1512 supplicio
3172 1442 3446 1512 digniores
3488 1444 3601 1499 sint
3644 1443 3756 1507 ipso

2169 1534 2372 1588 Datban
2398 1542 2452 1588 et
2476 1534 2635 1589 sociis
2659 1535 2775 1603 ejus
2800 1533 2983 1605 (Num.
3020 1536 3127 1603 16).
3162 1535 3237 1589 11ιί
3268 1535 3438 1602 enim,
3470 1536 3579 1589 etsi
3615 1536 3756 1605 prin-

2167 1625 2395 1693 cipatum
2418 1625 2484 1678 ad
2511 1639 2569 1679 se
2590 1641 2692 1679 non
2724 1634 3051 1693 Specmntem
3081 1625 3179 1680 sibi
3207 1625 3577 1693 vindicarent,
3618 1636 3754 1680 atta-

2168 1729 2290 1769 men
2334 1716 2522 1769 miram
2562 1716 2846 1784 quamdam
2873 1716 2940 1770 de
2983 1716 3072 1769 illo
3114 1716 3418 1786 opinionem
3464 1716 3751 1783 habebant,

2168 1815 2225 1860 ut
2247 1821 2316 1860 ex
2337 1822 2528 1877 magno
2555 1808 2693 1862 illius
2714 1807 2978 1863 desiderio
3000 1808 3173 1877 palam
3199 1806 3465 1862 faciebant
3489 1824 3503 1861 :
3533 1808 3590 1862 hi
3607 1822 3751 1873 vero,

2169 1907 2446 1967 postquam
2488 1896 2845 1952 sacerdotium
2885 1906 3161 1964 tantopere
3199 1905 3446 1951 ornatum
3475 1907 3592 1958 est,
3644 1907 3755 1950 tau-

2170 1996 2388 2057 tumque
2424 1988 2627 2057 accepit
2661 1988 3045 2043 incrementum
3070 2030 3085 2054 ,
3119 1997 3302 2043 contra
3329 2003 3488 2057 quam
3521 1988 3632 2055 illi,
3661 1988 3751 2043 sed

2170 2088 2344 2135 tamen
2373 2080 2529 2150 longe
2555 2081 2797 2150 graviora
2834 2081 2946 2135 ausi
2977 2090 3121 2135 sunt.
3168 2080 3351 2150 Neque
3375 2080 3522 2136 enim
3551 2096 3649 2151 par
3673 2090 3754 2136 est

2166 2180 2527 2239 contemptus,
2555 2186 2659 2226 non
2691 2182 3077 2242 competentem
3098 2173 3205 2231 sibi
3243 2172 3502 2244 honorem
3528 2172 3747 2239 ambire,

2166 2270 2223 2315 et
2251 2269 2392 2315 tanta
2420 2261 2557 2314 bona
2601 2260 2908 2329 despicere;
2959 2260 3052 2316 sed
3096 2270 3241 2315 tanto
3277 2262 3497 2332 gravius
3527 2262 3629 2316 hoc
3659 2261 3744 2315 illo

2167 2361 2288 2413 est,
2332 2361 2586 2420 quantum
2629 2360 2711 2405 est
2761 2351 2898 2404 inter
2941 2351 3209 2407 lastidium
3246 2361 3301 2407 et
3342 2351 3745 2407 admirationem

2168 2441 2519 2496 intervallum.
2564 2439 2692 2509 Quis
2718 2440 2791 2495 ita
2818 2441 2983 2496 miser
3005 2442 3180 2503 itterit,
3217 2449 3273 2495 ut
3302 2449 3380 2495 tot
3403 2442 3543 2496 bona
3573 2441 3749 2510 deSpi-

2166 2531 2311 2585 ciat?
2360 2530 2640 2587 Neminem
2668 2530 2892 2584 dixerim
2916 2571 2933 2596 ,
2968 2532 3065 2584 nisi
3093 2531 3214 2599 quis
3241 2531 3509 2586 diabolico
3537 2530 3747 2586 stimulo

2166 2622 2480 2676 concitetur.
2534 2620 2731 2676 Verum
2778 2635 2845 2679 eo
2882 2620 2992 2691 jam
3038 2621 3255 2688 redibo,
3306 2620 3446 2676 unde
3483 2621 3746 2691 digressus

2166 2729 2283 2769 sum
2313 2732 2326 2766 :
2355 2729 2524 2785 neque
2551 2715 2693 2770 enim
2737 2715 2788 2769 in
2821 2714 3087 2783 puniendo
3112 2715 3284 2769 solum
3310 2757 3327 2782 ,
3367 2715 3461 2770 sed
3504 2717 3664 2770 etiam
3693 2714 3740 2768 in

2168 2804 2545 2860 benefaciendo
2573 2806 2826 2874 majorem
2855 2805 3219 2860 sacerdotibus
3245 2821 3401 2876 quam
3432 2807 3739 2874 parentibus

2167 2903 2480 2963 potestatem
2507 2895 2652 2950 dedit
2686 2895 2824 2948 Deus
2852 2910 2867 2948 :
2901 2904 3152 2965 tantaque
3187 2904 3269 2951 est
3306 2895 3448 2951 inter
3493 2905 3740 2967 utrosque

2164 2984 2480 3052 dlﬂ‘erentia,
2511 2998 2704 3054 quanta
2728 2985 2866 3040 inter
2892 2995 3204 3055 prmsentem
3228 2995 3283 3041 et
3302 2984 3537 3040 futuram
3566 2987 3737 3042 vitam.

2163 3075 2295 3130 Nam
2318 3077 2387 3129 illi
2419 3076 2632 3146 quidem
2655 3076 2705 3129 in
2729 3075 2765 3129 h
2783 3092 2866 3131 mc
2881 3078 3064 3143 vitam,
3087 3077 3138 3132 hi
3165 3077 3217 3131 in
3239 3076 3468 3132 futuram
3487 3079 3736 3149 gignunt:

2164 3177 2320 3238 atque
2351 3166 2424 3221 illi
2460 3182 2526 3221 ne
2564 3167 2895 3237 corporalem
2935 3168 3148 3238 quidem
3191 3169 3465 3224 interitum
3494 3188 3523 3222 a
3567 3168 3738 3223 liberis

2161 3263 2368 3318 amoliri
2418 3271 2679 3331 possunt,
2731 3277 2837 3316 non
2884 3262 3216 3332 ingruentem
3265 3262 3515 3317 morbum
3570 3261 3741 3331 depel-

2162 3353 2304 3417 lere;
2360 3352 2412 3406 hi
2460 3367 2588 3407 vero
2627 3367 2822 3422 trgram
2865 3361 2919 3408 et
2966 3369 3091 3408 mox
3137 3352 3472 3408 interituram
3512 3354 3733 3408 animam

2161 3458 2303 3514 smpe
2331 3452 2629 3506 servarunt,
2663 3442 2781 3496 aliis
2808 3443 3167 3497 remissiorem
3196 3458 3406 3512 pmnam
3434 3442 3732 3502 reddentes.

2159 3536 2293 3590 alios
2319 3549 2535 3605 prorsus
2573 3534 2675 3589 labi
2705 3548 2810 3588 non
2853 3534 3124 3599 sitientes;
3169 3534 3326 3605 idque
3355 3549 3459 3589 non
3489 3534 3734 3589 doctrina:

2163 3638 2364 3682 tantum
2391 3637 2551 3698 atque
2576 3627 2944 3694 monitionum,
2972 3625 3064 3681 sed
3087 3626 3248 3681 etiam
3269 3626 3570 3681 orationum
3597 3623 3739 3679 auxi-

2162 3718 2252 3773 lio.
2302 3717 2484 3788 Neque
2530 3717 2671 3771 enim
2720 3725 2925 3771 tantum
2962 3731 3082 3771 cum
3126 3732 3224 3772 nos
3267 3725 3621 3787 regenerant,
3648 3712 3733 3769 sed

2160 3810 2319 3865 etiam
2342 3817 2461 3878 post
2480 3807 2937 3878 regenerationem
2952 3806 3181 3861 admissa
3205 3819 3419 3876 peccata
3435 3805 3732 3861 condonare

2163 3908 2403 3970 possunt.
2430 3897 2562 3953 Nam
2594 3895 2927 3967 Inﬁrmatur,
2961 3897 3162 3968 inquit,
3201 3897 3313 3967 quis
3342 3898 3395 3951 in
3424 3896 3604 3951 vobis?
3640 3893 3730 3947 ad-

2157 4000 2293 4043 vocet
2322 3987 2634 4060 presbyteros
2661 3986 2901 4041 Ecclesia:
2920 4031 2934 4055 ,
2963 3996 3009 4042 et
3035 3996 3177 4042 orent
3205 4004 3358 4058 super
3385 4003 3475 4051 eo,
3502 3994 3730 4057 tingentes

2157 4096 2272 4134 eum
2312 4080 2419 4134 oleo
2456 4080 2510 4133 in
2544 4079 2744 4133 nomine
2774 4077 2997 4132 Domini.
3052 4078 3118 4132 Et
3161 4080 3321 4133 oratio
3366 4078 3489 4148 ﬁdei
3533 4075 3733 4131 salvabit

2156 4177 2414 4245 inﬁrmum
2442 4192 2461 4232 :
2487 4186 2535 4230 et
2559 4176 2791 4231 excitabit
2824 4191 2937 4228 eum
2965 4173 3217 4228 Dominus
3244 4189 3263 4228 :
3287 4183 3334 4226 et
3360 4175 3402 4228 si
3438 4181 3639 4243 peccata
3663 4171 3734 4240 fe-

2156 4268 2615 4331 cerit,remiuentur
2634 4268 2680 4320 ei
2706 4264 2843 4338 (Jac.
2874 4266 2929 4322 5.
2961 4268 3045 4321 M.
3077 4268 3189 4336 13).
3221 4267 3441 4335 Insuper
3466 4262 3728 4320 naturales

2159 4369 2444 4429 parentes,
2497 4359 2541 4412 si
2590 4359 2734 4412 viros
2784 4357 3042 4428 quosdam
3093 4358 3356 4428 principes
3399 4364 3456 4411 et
3497 4360 3731 4427 patentes

2155 4463 2341 4504 eorum
2386 4449 2536 4503 liberi
2576 4448 2894 4504 oll'enderint
2915 4487 2931 4512 ,
2980 4462 3137 4517 opem
3170 4448 3298 4516 ipsis
3323 4446 3522 4501 nullam
3546 4444 3731 4500 ali'erre

2157 4550 2398 4611 possunt.
2424 4526 2739 4595 Sacerdotes
2779 4554 2910 4593 vero
2948 4552 3055 4593 non
3085 4539 3348 4608 principes
3371 4578 3387 4603 ,
3420 4552 3526 4591 non
3562 4545 3726 4604 reges.

2155 4631 2254 4687 sed
2300 4633 2471 4703 ipsum
2517 4632 2686 4687 Deum
2736 4631 2928 4686 iratum
2969 4630 3078 4686 illis
3118 4645 3261 4700 serpe
3304 4627 3727 4685 reconciliatum.

2156 4724 2238 4778 An
2278 4734 2459 4794 postea
2511 4723 2772 4794 quispiam
2816 4724 2957 4777 ausit
2999 4737 3099 4777 nos
3137 4721 3404 4791 superbiae
3441 4713 3729 4774 accusare!

2156 4813 2270 4884 Ego
2296 4814 2437 4868 enim
2465 4830 2531 4869 ex
2555 4813 2664 4884 jam
2693 4813 2849 4868 dictis
2892 4823 3093 4867 tantam
3137 4822 3264 4882 puto
3304 4812 3609 4881 religionem
3634 4820 3723 4859 an-

2154 4904 2387 4960 ditorum
2413 4906 2618 4961 animos
2638 4919 2930 4975 occupasse
2949 4945 2966 4968 ,
2999 4914 3055 4958 ut
3086 4920 3191 4958 non
3221 4905 3355 4958 ultra
3376 4917 3500 4971 eos,
3527 4900 3614 4970 qui
3644 4895 3726 4950 fu-

2152 4998 2340 5069 giunt,
2373 4997 2464 5051 sed
2496 5012 2590 5053 eos
2610 4997 2700 5067 qui
2741 5004 2929 5064 suopte
2959 5005 3105 5050 motu
3132 4994 3422 5065 accedunt,
3453 5005 3507 5049 et
3531 5000 3721 5045 tantum

2153 5090 2252 5146 sibi
2296 5090 2535 5144 ambiunt
2583 5089 2872 5149 honorem,
2918 5086 3233 5157 arrogantia:
3275 5096 3329 5140 et
3365 5083 3598 5138 audacia;
3632 5078 3723 5132 da-

2152 5190 2355 5237 mnent.
2400 5181 2529 5236 Nam
2560 5181 2605 5235 si
2636 5181 2668 5234 ii
2707 5180 2900 5250 quibus
2931 5178 3204 5233 civitatum
3234 5176 3573 5247 magistratus
3596 5185 3718 5225 eon—

2152 5274 2340 5329 crediti
2382 5282 2541 5339 sunt,
2586 5273 2684 5326 nisi
2727 5272 3012 5326 admodum
3055 5270 3342 5339 prudentes
3367 5284 3431 5324 ac
3457 5267 3719 5337 vigilantes

2152 5364 2347 5420 fuerint
2367 5405 2382 5429 ,
2422 5378 2565 5433 sa'pe
2592 5362 2972 5432 rempublicam
3000 5363 3312 5431 seipsosqne
3339 5361 3495 5416 simul
3521 5359 3571 5412 in
3602 5368 3718 5424 per-

2153 5456 2345 5511 niciem
2395 5454 2695 5521 dederunt,
2746 5456 2833 5525 qui
2883 5454 3080 5509 Christi
3136 5468 3388 5524 sponsam
3437 5447 3711 5508 ornandam

2153 5548 2405 5617 suscipit,
2432 5558 2626 5619 quanta
2660 5547 2751 5603 tibi
2780 5546 2986 5602 videtur
3015 5555 3276 5617 potestate
3304 5546 3536 5617 indigere
3557 5583 3574 5609 ,
3612 5549 3711 5594 tum

2152 5653 2269 5705 sua,
2300 5649 2409 5693 tum
2439 5653 2667 5708 superne
2694 5638 2814 5692 data
2843 5648 2902 5693 ut
2927 5655 3032 5693 non
3061 5648 3247 5709 peccet
3263 5638 3289 5693 1

2226 5733 2278 5786 7.
2314 5730 2492 5800 Ipsum
2519 5732 2669 5785 etiam
2702 5730 2919 5784 Paulum
2949 5731 3248 5802 formidasse
3279 5732 3621 5789 sacerdotium-
3650 5748 3711 5764 ε’·-
