3942 6390
211 423 293 484 645

209 537 348 591 Nemo
365 531 620 588 Christum
645 531 809 602 magis
830 546 986 601 quam
1006 531 1200 590 Paulus
1221 531 1426 601 dilexit,
1448 547 1604 588 nemo
1627 547 1740 591 ma-

203 635 273 699 jus
293 640 431 696 quam
470 625 557 679 ille
594 623 821 678 studium
851 623 1120 689 exhibuit,
1153 639 1311 679 nemo
1350 625 1550 694 majore
1577 626 1746 694 gratia

207 718 413 785 dignatus
456 723 554 770 est.
595 715 838 772 Attamen
892 723 970 769 tot
1014 714 1179 770 fultus
1222 715 1492 786 prteclaris
1533 715 1745 770 dotibus

207 810 352 865 adhuc
395 805 608 862 timebat
652 807 1034 878 tremebatque,
1069 818 1178 862 tum
1209 808 1538 878 principatus
1564 805 1748 875 hujus-

210 901 347 964 tnodi,
375 909 476 954 lum
504 898 830 954 subditorum
857 915 1014 954 causa
1039 917 1052 953 :
1083 899 1253 954 Timeo
1279 900 1446 962 enim,
1474 898 1662 968 inquit,
1689 913 1750 951 ne

205 993 309 1048 sicut
332 1007 526 1059 serpens
547 989 705 1046 Evam
725 990 922 1044 seduxit
943 992 1132 1046 astutia
1161 1007 1253 1046 sua
1272 1031 1285 1054 ,
1320 991 1390 1044 ita
1414 1006 1749 1058 corrumpan-

207 1092 272 1139 tur
301 1098 462 1136 tensus
502 1082 649 1136 vestri
693 1098 724 1134 a
759 1083 1116 1152 simplicitate,
1167 1098 1280 1153 qua:
1329 1090 1401 1138 est
1451 1081 1504 1138 in
1553 1079 1752 1136 Christo

208 1171 288 1242 (2.
313 1170 420 1226 Cor.
454 1173 536 1226 11.
567 1171 642 1244 5)
667 1153 690 1233 ἰ
721 1188 781 1226 ac
823 1187 1076 1227 rursutn‘:
1112 1171 1177 1225 In
1221 1173 1398 1227 timore
1446 1180 1496 1226 et
1542 1180 1754 1227 tremore

205 1264 340 1318 multo
366 1267 524 1334 factus
543 1282 655 1319 sunt
682 1265 750 1318 ad
758 1263 856 1319 duos
887 1262 971 1337 (1.
1003 1260 1120 1319 σον.
1148 1263 1203 1318 2.
1236 1259 1306 1334 5)
1333 1283 1346 1316 :
1376 1263 1536 1320 homo
1564 1263 1614 1316 in
1643 1271 1753 1316 ter-

211 1351 324 1408 tium
345 1351 524 1405 caelum
549 1359 737 1420 raptus
773 1358 937 1422 atque
962 1354 1183 1408 arcanis
1207 1351 1304 1409 Dei
1337 1353 1752 1408 communicans

209 1439 406 1510 (ἶσον.
435 1442 519 1496 1'2.
546 1441 599 1509 2)
621 1481 636 1509 ,
676 1451 859 1511 totque
887 1459 1183 1514 perpessus
1214 1453 1444 1510 mortes,
1476 1451 1609 1514 quot
1632 1445 1750 1496 dies

209 1541 313 1603 post
344 1540 644 1600 susceptam
682 1531 838 1592 ﬁdum
876 1534 1086 1592 vixerat
1117 1549 1131 1587 :
1170 1533 1334 1590 homo
1368 1533 1462 1604 qui
1492 1533 1617 1587 data
1658 1547 1754 1602 per

205 1626 439 1686 Christum
490 1633 753 1698 potestate
792 1627 865 1681 uti
911 1627 1111 1692 noluit,
1159 1642 1227 1681 ne
1269 1627 1388 1694 quis
1426 1626 1756 1679 credentium

209 1718 648 1776 scandalizaretur.
675 1717 729 1773 Si
753 1719 911 1788 igitur
933 1718 1040 1783 ille,
1066 1719 1153 1787 qui
1181 1718 1404 1787 majora,
1436 1733 1592 1787 quam
1617 1733 1756 1786 pra:-

207 1820 332 1878 cepta
362 1811 447 1865 Dei
471 1813 487 1843 ι
518 1811 736 1874 ferrent,
766 1821 1062 1883 praestaret,
1108 1822 1160 1866 et
1208 1827 1465 1882 nusquam
1511 1821 1629 1880 quae
1663 1826 1755 1865 sua

206 1912 330 1956 erant
352 1913 610 1972 qua-reret
631 1944 646 1968 ,
677 1903 781 1958 sed'
804 1919 920 1972 qua:
946 1903 1274 1957 subditorum
1297 1944 1311 1968 ,
1343 1903 1412 1954 ita
1453 1900 1761 1960 formidolo-

207 2010 278 2053 sus
302 2003 437 2056 erat,
463 2011 586 2049 eum
617 1995 690 2050 ad
714 1995 1038 2066 principatus
1070 1993 1488 2065 magnitudinem
1521 1994 1758 2063 respice-

208 2095 300 2153 ret,
321 2085 435 2154 quid
467 2085 730 2141 faciemus
761 2103 858 2141 nos
883 2131 896 2151 ,
926 2087 1015 2157 qui
1053 2101 1196 2156 saepe
1221 2095 1403 2142 nostra
1434 2085 1721 2155 quaerimus
1742 2123 1758 2148 ,

208 2178 276 2246 qui
302 2177 484 2231 Christi
516 2177 767 2236 mandata
796 2195 898 2230 non
940 2178 1111 2230 solum
1144 2193 1248 2230 non
1282 2189 1634 2246 superamus,
1669 2173 1761 2227 sed

207 2268 359 2335 majori
386 2284 448 2324 ex
480 2277 633 2337 parte
663 2266 1116 2337 transgretlimur?
1152 2266 1277 2331 Quis
1322 2266 1632 2334 inﬁrmatur,
1683 2263 1764 2317 itt-

206 2359 325 2426 quit',
355 2369 395 2412 et
434 2377 524 2430 ego
554 2375 657 2413 non
687 2359 918 2427 inﬁrmor
935 2359 974 2412 γ’
1003 2359 1115 2428 quis
1157 2357 1553 2420 scandalizatur,
1583 2365 1628 2410 et
1672 2370 1762 2425 ego

206 2465 284 2504 non
303 2466 413 2504 uror
442 2450 516 2521 (2.
555 2449 672 2504 Cor.
703 2451 758 2509 il
776 2491 787 2502 .
814 2451 910 2520 29)
929 2449 1154 2511 ?'Talem
1186 2465 1306 2505 esse
1335 2455 1544 2518 oportet
1570 2462 1756 2504 sacer-

205 2540 355 2595 dotem
375 2583 390 2608 ,
421 2542 528 2596 imo
559 2557 664 2595 non
693 2541 849 2596 talem
883 2540 1218 2595 solummodo
1244 2557 1258 2594 :
1288 2553 1451 2613 parva
1476 2537 1618 2596 enim
1649 2535 1764 2599 haec

209 2641 326 2697 Sunt,
352 2633 461 2687 imo
480 2632 618 2687 nihil
641 2631 724 2689 his
747 2640 1072 2701 comparata,
1096 2646 1212 2708 quin
1232 2631 1341 2702 jam
1368 2625 1606 2688 dicturus
1623 2641 1761 2681 sum.

207 2721 428 2790 Qua-nam
460 2724 620 2780 hac?
649 2723 920 2794 Optabam,
953 2723 1046 2787 ait,
1076 2725 1344 2782 anathema
1370 2737 1475 2778 esse
1506 2737 1537 2773 a
1565 2718 1764 2778 Christo

210 2827 284 2887 pro
309 2814 718 2882 fratribus‘meis‘,
749 2815 832 2884 qui
857 2823 972 2867 sunt
1000 2813 1202 2882 cognati
1235 2813 1330 2866 mei
1354 2812 1626 2866 secundum
1655 2823 1768 2865 car-

207 2919 299 2957 nem
319 2904 484 2978 (Rom.
513 2905 573 2963 9.
597 2907 677 2974 5).
709 2903 763 2960 Si
791 2905 910 2974 quis
936 2904 1104 2974 possit
1130 2905 1265 2957 hanc
1291 2905 1535 2957 emittere
1557 2915 1762 2966 vocem,

210 2994 246 3057 si
269 2996 374 3064 quis
399 3011 457 3050 ea
488 2995 749 3067 prmditus
775 2997 843 3049 sit
872 2996 1068 3060 anima,
1100 3009 1218 3064 qua:
1246 2993 1313 3048 ad
1340 2991 1642 3063 hujusmodi
1668 3005 1766 3046 vo-

212 3071 301 3141 tum
327 3085 586 3140 accedere
614 3087 810 3155 possit,
842 3083 886 3139 is
907 3085 1028 3156 jure
1053 3083 1217 3153 possit
1244 3083 1390 3152 argui
1421 3082 1462 3136 si
1492 3081 1672 3150 fugiat.
1699 3084 1768 3138 At

209 3174 375 3246 siquis
403 3187 614 3233 tantum
639 3177 706 3232 ab
732 3176 831 3236 hac
859 3178 1054 3234 virtute
1093 3188 1328 3234 remotus
1370 3176 1473 3242 sit,
1511 3183 1766 3245 quantum

209 3282 289 3326 nos
311 3283 521 3338 sumus,
561 3285 665 3325 non
692 3285 812 3324 cum
841 3269 1065 3338 fugerit,
1094 3268 1187 3323 sed
1215 3281 1334 3321 cum
1370 3280 1563 3327 munus
1589 3279 1771 3320 suscet-

209 3362 352 3431 perit,
385 3363 506 3418 odio
540 3362 734 3432 dignus
763 3370 862 3417 est.
891 3359 1074 3435 Neque
1110 3360 1252 3420 enim
1294 3360 1338 3413 si
1382 3375 1481 3427 qna
1528 3357 1772 3413 militaris

209 3451 450 3523 dignitatis
476 3455 676 3510 electio
719 3463 1127 3525 preponeretur,
1159 3461 1212 3506 et
1239 3451 1270 3504 ii
1298 3452 1491 3527 quibus
1520 3449 1624 3511 tale
1651 3464 1772 3511 mu-

209 3559 293 3599 nus
317 3546 592 3604 deferendi
624 3555 860 3616 potestas
887 3545 1240 3609 incumberet,
1268 3543 1476 3602 fabrum
1501 3543 1768 3612 mrarium,

210 3639 610 3702 autcoriarium,
642 3647 736 3696 aut
762 3637 992 3696 similem
1017 3635 1286 3698 artiﬁcem
1305 3633 1616 3697 inmedium
1653 3647 1777 3705 per-

210 3737 406 3788 tractum
436 3729 702 3786 exercitui
728 3730 1104 3801 prmtlce'rent',
1144 3728 1307 3781 miser
1337 3725 1422 3780 ille
1446 3726 1772 3790 laudaretur,

209 3821 244 3878 si
269 3837 364 3876 non
394 3822 626 3892 fugeret,
655 3837 753 3876 nec
782 3821 970 3878 omnia
989 3829 1171 3890 ageret
1199 3828 1260 3873 ut‘
1283 3831 1388 3879 non
1415 3833 1474 3872 se
1497 3818 1547 3876 in
1576 3818 1774 3874 malum

211 3911 470 3969 imminens
497 3913 814 3982 coujiceret.
843 3909 976 3968 Nam
1012 3912 1057 3967 si
1089 3913 1222 3966 satis
1259 3920 1342 3965 est
1383 3920 1648 3979 pastorem
1679 3922 1776 3963 vo-

213 4005 337 4071 cari,
363 4015 417 4060 et
447 4019 648 4063 munus
677 3996 970 4075 utcumque
988 4004 1258 4073 accipere,
1289 4003 1599 4072 nullumque
1637 4001 1778 4058 adsit

213 4096 482 4166 periculum
509 4138 528 4165 ,
563 4096 736 4165 quivis
761 4108 857 4166 pro
885 4095 1048 4150 lubito
1080 4110 1176 4150 nos
1208 4093 1584 4164 inanisgloriae
1622 4107 1782 4147 accu-

211 4198 312 4253 set;
339 4190 418 4244 sin
448 4203 646 4260 magna
673 4189 971 4259 prudentia,
1002 4189 1046 4243 si
1074 4197 1206 4242 ante
1229 4187 1566 4258 prudentiam
1588 4202 1776 4257 magna

211 4277 288 4334 Dei
312 4281 476 4351 gratia
501 4323 514 4344 ,
546 4295 756 4343 tuorum
783 4281 1047 4350 probitas,
1093 4279 1213 4334 vita:
1247 4280 1450 4348 puritas
1471 4321 1485 4347 ,
1529 4287 1590 4334 et'
1612 4279 1782 4346 major

211 4367 419 4427 humana
451 4374 624 4430 virtus
650 4374 938 4445 requiritur
962 4373 1014 4428 in
1042 4371 1154 4439 illo,
1194 4381 1245 4427 et
1286 4374 1374 4442 qui
1415 4371 1572 4430 talem
1597 4383 1778 4425 curam

210 4464 452 4532 suscipit:
486 4479 560 4520 ne
587 4479 673 4519 me
703 4465 856 4522 venia
901 4465 1162 4534 privatum
1195 4464 1326 4518 velis
1346 4503 1362 4530 ,
1394 4463 1436 4517 si
1479 4462 1675 4518 frustra
1716 4476 1780 4521 ac

212 4559 396 4611 temere
420 4572 508 4612 me
535 4557 590 4610 in
617 4557 902 4626 perniciem
942 4556 1071 4615 dare
1095 4555 1280 4612 nolim.
1323 4555 1533 4610 Etenim
1575 4554 1619 4610 si
1664 4554 1782 4624 quis

212 4659 383 4702 navem
413 4649 620 4704 ducens
644 4648 936 4708 innumeris
960 4655 1204 4710 onustam
1235 4646 1530 4712 mercibus,
1569 4645 1784 4714 remigi.-

212 4734 406 4807 busque'
425 4741 662 4808 plenam,
688 4752 778 4794 me
801 4739 866 4792 ad
890 4739 1245 4810 gubernacula
1269 4738 1612 4795 constitutum
1629 4736 1785 4804 jube-

213 4840 284 4884 ret
308 4830 551 4901 Egmum
574 4830 978 4904 Tyrrhenumve'
1003 4843 1153 4886 mare
1179 4829 1442 4899 trajicere,
1466 4829 1780 4898 ad‘primum

217 4922 282 4972 rei
308 4925 542 4977 auditum
574 4923 836 4978 resilirem
861 4941 874 4976 :
902 4933 970 4978 ac‘
991 4923 1036 4977 si
1065 4923 1190 4991 quis
1208 4937 1422 4977 causam
1447 4928 1675 4991 rogaret,
1701 4931 1787 4975 me

217 5025 388 5067 navent
415 5016 819 5071 submersurum
847 5013 1248 5082 responderem.
1276 5011 1428 5072 ltane‘
1443 5011 1529 5065 ubi
1552 5011 1787 5080 pecunias

218 5111 404 5157 unitum
433 5106 641 5174 jactura
672 5106 910 5170 timetur,
941 5116 1044 5164 nec
1069 5105 1168 5160 nisi
1196 5113 1468 5173 corporea:
1488 5102 1674 5161 mortis
1697 5115 1789 5172 pe-

217 5194 428 5251 riculum
476 5206 592 5263 est,
644 5210 806 5252 nemo
849 5209 1043 5268 arguet'
1068 5198 1112 5252 sl
1151 5197 1274 5266 quis
1314 5209 1502 5266 magna
1544 5197 1790 5250 cautione

218 5296 414 5353 utatur;
445 5291 547 5343 ubi'
569 5298 746 5344 autem
778 5285 1048 5360 naufragis
1077 5299 1183 5348 non
1213 5290 1263 5342 in
1293 5289 1396 5347 hoc
1425 5288 1641 5358 pelagus
1671 5301 1792 5342 cor—

153 5447 162 5459 .
218 5380 489 5446 ruendum,
509 5381 600 5436 sed
624 5383 676 5435 in
699 5382 1108 5454 aliyssum‘ignis
1123 5381 1418 5436 cadendum
1443 5389 1543 5450 esr,
1565 5393 1620 5436 et
1646 5391 1789 5442 mors

218 5473 562 5538 exspectanda
584 5514 601 5540 ,
648 5489 754 5527 non
798 5489 917 5542 qua:
954 5475 1184 5528 animam
1212 5487 1241 5527 a
1267 5488 1520 5542 corpore,
1549 5473 1642 5527 sed
1671 5487 1790 5542 qua:

224 5558 352 5618 hanc
374 5578 495 5618 cum
527 5566 618 5621 illo
647 5566 698 5620 in
725 5565 1040 5636 supplicium
1081 5573 1339 5620 teter-num
1378 5565 1656 5634 conjiciat,
1679 5564 1791 5634 jam

224 5652 336 5716 quia
378 5668 485 5708 non
528 5663 729 5711 temere
756 5656 809 5710 in
843 5665 1043 5710 tantum
1073 5670 1170 5710 uos
1202 5655 1400 5710 malum
1436 5654 1790 5729 pmcipitaviv

227 5755 358 5809 tuus,
387 5744 683 5801 irascemini
715 5763 916 5818 nosque
937 5745 1062 5804 odio
1084 5745 1382 5804 habebitis?

292 5867 308 5904 ⁶
342 5877 447 5940 Alii,
471 5879 660 5934 Christi.

1323 417 1410 475 DE
1438 419 1888 481 εκοιῑιιῡοίιιο.
1933 422 2057 479 LlB.
2099 420 2187 477 111.

3327 419 3428 477 (ἱιῦ

1931 534 1986 589 8.
2019 532 2172 604 Stepe
2199 532 2508 589 sacerdotem
2530 549 2766 605 peccare,
2795 533 2894 588 nisi
2920 533 3042 604 forti
3071 533 3134 592 sit
3157 539 3348 587 animo.
3370 559 3438 574 ---

1851 625 2006 680 Absit
2024 641 2204 694 quaeso
2221 636 2276 681 et
2291 625 2534 682 obsecro.
2559 623 2690 680 Novi
2707 625 2936 685 animam
2961 640 3151 686 meam,
3173 622 3438 684 inﬁrmam

1853 716 1996 772 illam
2023 726 2082 771 et.
2103 717 2374 787 exiguam,
2403 732 2610 771 necnon
2642 717 2908 786 ingentem
2935 714 3014 769 rei
3041 713 3436 774 difﬁcultatem.

1853 805 2081 876 Majures
2104 822 2232 862 sane
2259 806 2452 867 ﬂuctus
2474 807 2558 870 iis,
2586 821 2720 878 quos
2752 807 2803 861 in
2832 807 2966 868 mari
2996 805 3231 864 excitant
3257 806 3432 875 venti,

1856 899 2152 956 sacerdotis
2173 900 2417 958 animum
2438 900 2770 954 concutiunt.

1926 987 1980 1043 9.
2009 986 2165 1042 Vana:
2191 988 2367 1057 gloria:
2395 987 2986 1060 periculum—Primus
3005 996 3182 1049 autem
3205 987 3442 1051 omnium

1856 1087 1938 1132 est
1969 1077 2274 1135 teter-rimus
2312 1078 2402 1132 ille
2453 1093 2602 1135 vente
2630 1078 2816 1148 gloria:
2845 1078 3092 1146 spiritus,
3122 1077 3277 1146 longe
3306 1077 3445 1135 infc-

1857 1169 1988 1223 stior
2013 1169 2103 1224 illo
2127 1169 2433 1228 Sirenarum
2459 1178 2726 1239 portento,
2746 1169 2888 1239 quod
2917 1178 3086 1237 poetae
3111 1169 3441 1237 contingunt.

1859 1259 1990 1320 Illud
2018 1247 2159 1316 enim
2188 1260 2337 1318 multi
2379 1261 2882 1330 praeternavigantes
2920 1259 3152 1329 ellngere
3195 1260 3313 1319 sine
3347 1258 3445 1320 da-

1861 1369 1985 1408 mno
2018 1361 2291 1422 poterant;
2325 1352 2453 1411 tuihi
2484 1353 2555 1409 ita
2586 1353 2843 1406 molestus
2867 1351 2951 1407 hic
2980 1352 3232 1421 scepulus
3260 1361 3361 1415 est,
3391 1361 3447 1406 ut

1860 1461 1928 1499 ne
1973 1459 2113 1501 nunc
2158 1443 2406 1514 quidem,
2456 1442 2548 1499 ubi
2595 1442 2738 1499 nulla
2785 1458 2872 1496 me
2901 1442 2954 1496 in
2997 1441 3100 1497 hoc
3136 1441 3444 1497 barathrum

1859 1535 2134 1604 compellit
2159 1535 2453 1592 necessitas
2473 1574 2487 1598 ,
2517 1549 2547 1587 a
2579 1533 2718 1587 malo
2745 1531 3048 1603 hujusmodi
3075 1532 3304 1588 evadere
3329 1546 3452 1599 pos-

1861 1629 1983 1682 sim.
2012 1627 2066 1682 Si
2098 1627 2217 1697 quis
2266 1636 2445 1685 autem
2479 1627 2617 1684 hanc
2652 1626 2783 1683 mihi
2829 1626 3197 1695 pra-facturam
3235 1625 3446 1687 tradat,

1864 1718 2086 1790 perinde
2122 1719 2277 1773 faciat
2300 1734 2362 1774 ae
2391 1719 2436 1774 si
2467 1717 2642 1789 ligatis
2680 1734 2710 1772 a
2742 1726 2892 1788 tergo
2932 1717 3178 1771 manibus
3208 1732 3292 1770 me
3321 1714 3452 1770 feris

1864 1813 2022 1882 hujus
2079 1811 2282 1880 scepuli
2331 1811 2518 1865 incolis
2569 1810 2806 1881 quotidie
2853 1809 3198 1868 lacerandum
3251 1808 3444 1870 tradat.

1863 1902 2116 1976 Qurenam
2139 1902 2241 1956 illa:
2264 1901 2419 1956 ferae?
2447 1902 2560 1965 Ira,
2592 1900 2801 1960 tristitia
2824 1942 2838 1966 ,
2881 1900 3075 1958 invidia
3096 1941 3110 1965 ,
3155 1899 3450 1964 contentio,
3521 1907 3531 1913 '

1864 1993 2182 2057 calumnize,
2229 1991 2666 2057 criminationes,
2709 1991 3079 2058 mendacium,
3120 1991 3449 2061 hypocrisis,

1866 2083 2105 2150 insidim,
2148 2084 2280 2138 irat‘
2311 2092 2497 2138 contra
2543 2081 2671 2138 nihil
2706 2082 2994 2148 laedentes,
3041 2081 3340 2149 voluptates
3387 2078 3455 2136 de

1867 2173 2230 2227 ministrorum
2262 2170 2583 2241 turpitudine
2601 2213 2616 2237 ,
2642 2172 2818 2228 luctus
2844 2169 2910 2224 de
2935 2169 3286 2240 prosperitate
3303 2209 3318 2235 ,
3343 2167 3456 2222 lati.-

1867 2262 1993 2316 dum
2019 2262 2242 2332 cupido,
2273 2261 2490 2320 honoris
2515 2261 2837 2315 desiderium
2869 2260 2886 2330 (
2912 2261 3013 2318 hoc
3044 2261 3186 2314 extim
3227 2259 3458 2314 maxime

1857 2356 2104 2415 .omnium
2141 2355 2430 2411 humanum
2473 2356 2685 2428 perimit
2730 2354 3047 2423 ultimum),
3087 2352 3344 2413 doctrina:
3389 2351 3457 2413 atl

1857 2447 2192 2520 ,voluptatem
2217 2490 2231 2514 ,
2261 2448 2544 2503 illiberales
2573 2447 2936 2513 adulationes,
2969 2445 3299 2517 palpationes
3338 2459 3457 2500 sors

1869 2539 2028 2603 didm,
2060 2539 2340 2608 despectus
2372 2555 2699 2610 pauperum,
2727 2540 2903 2594 cultus
2930 2538 3184 2604 divitum,
3228 2537 3460 2596 honores

1875 2629 2099 2683 iudebiti
2134 2639 2187 2683 et
2212 2630 2477 2695 damnosi,
2501 2630 2788 2698 gratiarum
2822 2629 3129 2700 largitiones
3165 2627 3459 2698 periculum

1871 2732 2117 2777 creantes
2159 2732 2262 2777 tam
2301 2723 2645 2794 largientibus
2670 2740 2826 2794 qnam
2855 2721 3269 2792 accipientibus,
3301 2721 3462 2783 timor

1872 2813 2084 2867 servilis
2135 2814 2514 2886 vilissimisque
2555 2825 2758 2870 tantum
2806 2814 3084 2883 mancipiis
3127 2829 3458 2883 congruens,

1873 2906 2082 2967 fiducia:
2108 2907 2425 2974 eliminatio,
2460 2908 2774 2968 humilitatis
2805 2908 3012 2979 species
3039 2906 3251 2976 quidem
3275 2906 3460 2972 multa,

1873 2999 2112 3056 veritatis
2135 3000 2296 3066 nulla,
2317 2999 2572 3068 arguendi
2593 3009 2647 3058 et
2666 2999 2973 3069 increpandi
2994 2998 3212 3054 facultas
3232 2997 3458 3064 sublata;

1875 3093 1984 3148 imo
2015 3093 2190 3162 potius
2216 3103 2399 3146 contra
2428 3093 2612 3162 inopes
2654 3093 2790 3152 ultra
2832 3106 3136 3148 mensuram
3162 3131 3175 3153 ,
3208 3089 3463 3146 adversus

1875 3193 2064 3244 autem
2083 3183 2370 3252 optimates
2401 3199 2468 3239 ne
2498 3184 2706 3238 hiscere
2733 3183 2950 3252 quidem
2982 3183 3258 3252 quisquam
3280 3181 3461 3245 audet,

1879 3277 2003 3332 "me
2033 3278 2226 3347 quippe
2257 3277 2433 3331 omnia
2465 3285 2518 3331 et
2547 3276 2737 3331 borum
2769 3275 2921 3344 plura
2959 3275 3052 3330 alit
3091 3275 3342 3344 scopulus
3377 3269 3465 3330 ille

1879 3367 2107 3424 ferarum
2133 3382 2351 3437 genera,
2381 3369 2574 3438 quibus
2594 3367 2759 3422 semel
2779 3367 2941 3435 capti,
2966 3365 3018 3422 in
3050 3375 3248 3420 tantam
3277 3381 3467 3424 neces-1

1877 3459 2018 3518 sario
2057 3459 2373 3512 servitutem
2402 3457 2737 3528 rediguntur,
2773 3466 2829 3512 ut
2857 3466 2911 3512 et
2939 3459 2990 3517 in
3030 3457 3310 3517 mulierum
3341 3473 3467 3528 grue

1879 3549 2006 3608 tiam
2035 3549 2205 3604 multa.
2226 3566 2367 3619 saepe
2395 3549 2570 3604 facere
2594 3557 2869 3620 cogantur,
2897 3564 3014 3620 quae
3037 3565 3102 3604 ne
3133 3548 3230 3605 fari
3251 3549 3465 3618 quidem

1880 3641 2054 3699 d'ecet.
2079 3640 2212 3698 Nam
2239 3640 2322 3696 lex
2350 3640 2526 3701 divina
2556 3639 2672 3695 illas
2708 3639 2774 3694 ab
2815 3639 2918 3700 hoc
2945 3639 3252 3700 ministerio
3277 3637 3471 3708 repulit

1881 3733 1971 3804 (1.
2002 3733 2121 3792 Cor.
2146 3734 2232 3790 14.
2258 3735 2362 3802 54)
2393 3751 2405 3787 :
2440 3734 2545 3788 illas
2567 3747 2692 3787 vero
2713 3748 2770 3787 se
2793 3733 3149 3791 intromittere
3171 3741 3464 3795 conantur:

1882 3833 1937 3880 et
1961 3825 2083 3898 quia
2115 3823 2244 3880 nihil
2281 3839 2375 3895 per
2403 3840 2462 3880 se
2493 3834 2746 3894 possunt,
2778 3839 2876 3894 per
2903 3823 3035 3878 alios
3059 3822 3235 3883 omnia
3265 3831 3424 3892 agunt
3443 3857 3458 3886 .

1887 3928 2192 3988 tantamque
2235 3917 2479 3972 obtinent
2508 3925 2858 3987 potestatem,
2895 3925 2953 3972 ut
2977 3931 3111 3986 quos
3148 3917 3315 3978 velint
3352 3916 3467 3986 epis

1885 4025 2076 4080 scopos
2124 4011 2208 4066 vel
2253 4017 2537 4080 cooptent,
2579 4009 2665 4070 vel
2711 4009 2956 4079 ejiciant,
3004 4024 3068 4064 ac
3110 4025 3229 4078 qua:
3258 4019 3470 4065 sursum

1886 4102 2136 4158 deorsum
2186 4103 2424 4162 faciant:
2455 4101 2557 4160 hoc
2602 4095 2731 4156 sane
2776 4101 2826 4160 in
2877 4101 3158 4170 proverbio
3203 4101 3466 4168 vulgatum

1889 4194 2018 4262 ipsis
2046 4193 2212 4246 oculis
2240 4193 2425 4247 videre
2456 4193 2618 4246 licet:
2651 4185 2914 4260 Principes
2943 4207 3059 4244 suos
3093 4201 3248 4260 agunt
3287 4190 3471 4250 subditi

1890 4283 1966 4356 (1.
1995 4282 2130 4344 Tim,
2158 4284 2212 4338 2.
2241 4282 2328 4353 i2)
2358 4302 2370 4336 :
2404 4291 2564 4353 atque
2610 4283 2809 4336 utinam
2857 4281 2992 4348 viri,
3021 4296 3127 4342 non
3169 4281 3274 4335 illa:
3311 4282 3472 4337 etiam

1889 4375 2080 4446 quibus
2111 4389 2179 4429 ne
2203 4374 2416 4443 quidem
2445 4374 2638 4427 docere
2677 4372 3018 4442 permittitur.
3047 4368 3181 4440 Quid
3221 4371 3340 4426 dico
3373 4371 3472 4426 do-

1889 4459 2058 4520 cere?
2098 4480 2166 4518 ne
2209 4463 2353 4534 loqui
2403 4463 2614 4533 quidem
2665 4462 2719 4516 in
2767 4461 3007 4520 Beclesia
3049 4462 3237 4517 beatus
3280 4456 3475 4518 Paulus

1891 4556 2154 4610 concessit
2183 4555 2201 4624 (
2228 4557 2278 4616 l,
2304 4554 2424 4610 Cor.
2464 4553 2548 4611 ﬂ.
2582 4550 2650 4612 5i
2671 4550 2711 4626 ).
2741 4549 2931 4612 Audivi
2971 4561 3150 4608 tamen
3191 4551 3474 4622 quemdam

1892 4647 2178 4713 dicentem,
2207 4647 2349 4718 quod
2376 4655 2578 4702 tantum
2610 4646 2740 4717 ipsis
2765 4645 3126 4716 impertiSsent
3155 4645 3476 4708 libertatem,

1893 4739 2134 4794 utetiam
2162 4738 2527 4794 Ecclesiarum
2560 4738 2829 4792 antistites
2853 4736 3226 4807 objurgarent,
3250 4733 3478 4806 illosque

1894 4829 2138 4891 acerbius
2167 4845 2325 4901 quam
2360 4839 2544 4883 servos
2571 4826 2774 4885 domini
2802 4828 3157 4882 incesserent.

1967 4923 2056 4984 10.
2090 4921 2210 4976 Νοη
2237 4938 2341 4977 esse
2363 4922 2528 4992 ipsum
2552 4919 2887 4976 sacerdotium
2910 4919 3158 4972 malorum
3178 4930 3484 4971 causam.—

1895 5008 2161 5076 Caeterum
2203 5029 2272 5072 ne
2311 5013 2572 5083 quispiam
2599 5011 2869 5073 existimet
2900 5024 2985 5065 me
3014 5022 3202 5063 omnes
3224 5004 3383 5061 simul
3414 5005 3484 5060 de

1897 5105 2208 5161 memoratis
2234 5103 2547 5158 criminibus
2593 5118 2715 5158 reos
2756 5116 2935 5172 agere.
2962 5101 3098 5157 Sunt
3121 5097 3294 5163 enim,
3324 5104 3484 5158 sunt,

1897 5199 2132 5266 inquam,
2165 5197 2315 5249 multi
2343 5195 2428 5250 his
2455 5194 2656 5248 retibus
2684 5192 3022 5262 superiores,
3056 5191 3162 5243 imo
3204 5187 3385 5257 plures
3417 5185 3482 5238 iis

1898 5289 1985 5358 qui
2027 5287 2167 5357 capti
2199 5298 2343 5348 sunt.
2387 5286 2570 5355 Neque
2614 5293 2788 5342 tamen
2810 5282 3164 5340 sacerdotium
3210 5289 3477 5349 tamquam

1900 5378 2088 5432 horum
2141 5393 2355 5432 causam
2411 5377 2670 5429 malorum
2725 5372 3094 5443 culpaverim:
3126 5370 3263 5423 absit
3310 5375 3368 5422 ut
3409 5381 3475 5424 eo

1902 5485 2069 5540 usque
2117 5468 2410 5530 insaniam;
2445 5479 2615 5538 neque
2658 5463 2800 5520 enim
2848 5461 3044 5521 ferrum
3085 5457 3338 5524 medium,
3387 5472 3482 5509 nee

1901 5578 2004 5632 que
2059 5562 2237 5621 vinum
2301 5559 2603 5622 ebrietatis,
2655 5571 2828 5628 neque
2885 5552 3239 5611 fortitudinem
3296 5557 3483 5609 contu-

1901 5655 2074 5710 melia:
2093 5695 2109 5719 ,
2137 5668 2308 5722 neque
2351 5653 2514 5706 robur
2556 5649 2961 5706 inconsiderata:
2983 5643 3235 5707 audacuc‘,
3265 5647 3360 5697 sed
3388 5650 3484 5704 eos

1899 5745 1992 5830 qui
2044 5741 2142 5798 Dei
2191 5742 2346 5798 donis
2387 5741 2566 5798 illicite
2617 5747 2856 5810 utuntur,
2879 5749 3066 5796 omnes
3107 5747 3250 5798 sane:
3291 5731 3484 5795 mentis

1970 5880 2002 5918 θ’
2022 5875 2129 5942 Alii.
2152 5882 2274 5932 tota.
