3942 6366
507 432 603 486 627

502 540 748 595 homines
772 552 985 591 causam
1010 549 1131 590 esse
1169 531 1369 589 dicunt,
1395 528 1616 595 illosque
1641 521 1880 591 puniunt.
1908 516 2084 582 Quan-

502 630 788 703 doquidem
831 637 886 684 et
931 626 1283 683 sacerdotium
1320 634 1418 675 nos
1459 618 1580 688 jure
1625 612 1844 681 culpare
1888 605 2084 676 possit,

502 727 545 779 si
608 740 713 779 non
778 733 920 778 recte
982 721 1154 790 ipsum
1219 723 1506 771 tractemus
1547 724 1562 761 :
1601 717 1774 774 neque
1836 699 1977 755 enim
2033 698 2083 748 in

502 833 662 872 causa
711 826 794 871 est
833 829 1056 880 eorum,
1102 825 1220 883 qua:
1270 822 1427 877 supra
1473 801 1733 860 diximus,
1779 792 2085 849 malorum:

503 910 596 963 sed
634 923 734 962 nos
772 910 942 976 ipsum
988 905 1174 967 tantis,
1204 908 1458 971 quantum
1504 890 1724 947 facultas
1773 883 1925 948 tuiit,
1975 879 2090 949 pol-

506 1001 701 1053 luimus
745 974 993 1052 sordibus
1042 1008 1161 1048 cum
1205 987 1526 1061 quibuslibet
1572 983 1745 1051 ipsum
1795 974 2087 1031 tradimus:

502 1091 588 1158 qui
618 1103 741 1144 cum
775 1104 840 1141 ne
867 1086 1030 1139 animi
1057 1082 1270 1154 quidem
1300 1079 1379 1132 sui
1410 1078 1515 1131 vim
1546 1067 1877 1127 edidicerint,
1922 1074 2094 1130 neque

503 1184 576 1237 rei
608 1181 801 1236 molem
827 1177 1197 1238 considerent,
1226 1174 1461 1227 oblatum
1509 1179 1702 1220 munus
1730 1159 1885 1215 avide
1923 1153 2093 1210 susci-

507 1277 653 1344 piunt
679 1291 695 1340 ;
722 1288 846 1328 cum
874 1280 1052 1328 autem
1084 1283 1276 1323 manus
1312 1262 1460 1332 operi
1489 1253 1821 1315 admovenda
1851 1259 1966 1310 est,
1998 1246 2095 1297 im-

509 1367 693 1435 petilia
723 1380 817 1420 sua
848 1359 1178 1419 obtcuebrati
1205 1355 1522 1414 connnissos
1546 1350 1646 1405 sibi
1692 1346 1912 1418 populos
1941 1338 2094 1393 malis

508 1460 717 1529 replent
744 1457 1058 1512 innumeris.
1088 1455 1203 1510 line
1226 1466 1353 1507 sane
1373 1492 1387 1515 ,
1423 1449 1524 1502 hoc
1553 1446 1723 1515 ipsum
1755 1452 1892 1509 pene
1922 1437 1972 1490 in
2004 1447 2097 1485 uo-

508 1528 591 1606 ωε
618 1552 854 1607 futurum
882 1560 1017 1616 erat,
1046 1549 1147 1604 nisi
1179 1562 1276 1602 nos
1305 1547 1443 1599 Deus
1471 1541 1648 1595 subito
1677 1553 1739 1592 ex
1771 1533 1931 1589 tantis
1958 1528 2097 1599 peri-

494 1645 642 1698 culis
688 1644 948 1707 eruisset,
1000 1649 1057 1695 et
1104 1637 1359 1694 Ecclesim
1404 1648 1517 1689 sua:
1563 1639 1617 1684 et
1666 1629 1858 1683 anima:
1902 1631 2097 1677 nostra:

510 1734 812 1789 consulens.
839 1732 1112 1804 Siquidem
1153 1728 1240 1784 dic
1283 1726 1410 1782 mihi
1432 1768 1447 1792 ,
1478 1721 1620 1779 unde
1647 1731 1801 1792 putas
1841 1725 2013 1771 tanto;
2045 1713 2096 1767 in

500 1825 773 1880 'Ecelesiis
800 1823 928 1878 oriri
974 1818 1277 1877 tumultus?
1299 1817 1413 1888 Ego
1449 1829 1577 1870 sane
1612 1826 1719 1866 non
1745 1806 1957 1863 alitmde
1988 1805 2098 1858 exi-

458 1928 463 1933 ‘
508 1917 690 1980 stimo,
721 1930 880 1986 quam
906 1915 1025 1984 quia
1074 1911 1360 1983 pracsulum
1386 1907 1673 1963 electiones
1700 1914 1898 1956 temere
1924 1907 1978 1953 et
2016 1897 2099 1949 itt-

511 2008 758 2063 consulto
801 2005 952 2061 ﬁunt.
1000 2005 1130 2060 Nam
1186 2010 1344 2072 caput
1397 1997 1680 2069 oportebat.
1739 1991 2099 2048 firmissimum

512 2114 636 2154 esse
655 2139 671 2164 ,
702 2107 758 2152 ut
789 2111 979 2168 pravas
1003 2094 1372 2151 exhalationes
1396 2107 1463 2145 ex
1490 2091 1596 2144 imo
1622 2100 1847 2155 corpore
1877 2082 2102 2138 emissas

515 2189 825 2258 dispensare
864 2197 919 2243 et
947 2187 1012 2242 ad
1043 2194 1424 2257 congruentem
1456 2190 1650 2236 stattnn
1683 2177 1938 2231 reducere
1976 2187 2043 2243 po
2072 2199 2102 2214 —

516 2290 620 2335 set.
642 2276 773 2333 Ctim
798 2289 975 2333 autem
1007 2293 1100 2348 per
1124 2292 1181 2331 se
1205 2284 1363 2344 caput
1387 2273 1656 2327 infirmum
1686 2275 1799 2333 est,
1828 2279 1928 2319 nec
1957 2277 2101 2317 mor-

518 2371 679 2425 bustis
722 2369 843 2424 illos
886 2383 1110 2439 vapores
1160 2366 1435 2437 depellere
1488 2369 1698 2434 potest,
1754 2368 1879 2413 tunc
1931 2356 2103 2425 ipsum

514 2464 783 2519 infirmius
814 2464 865 2517 in
895 2463 1010 2517 dies
1037 2461 1302 2526 redditur,
1335 2468 1389 2514 et
1417 2457 1678 2526 reliquum
1708 2465 1901 2521 corpus
1920 2462 2104 2504 secum

518 2558 572 2611 in
594 2557 893 2627 perniciem
924 2555 1101 2610 trahit.
1132 2553 1284 2624 Quod
1316 2567 1384 2608 ne
1412 2565 1552 2605 nunc
1580 2549 1741 2625 etiam
1771 2544 1895 2609 ﬁat,
1927 2541 1979 2599 in
2011 2554 2103 2610 pe-

518 2624 647 2702 dum
676 2648 864 2703 ordine
890 2662 991 2702 nos
1013 2647 1154 2702 Deus
1179 2645 1440 2709 servavit,
1469 2656 1575 2712 quo
1600 2641 1653 2693 in
1683 2624 1822 2694 statu
1852 2634 1919 2689 ab
1957 2632 2107 2686 initio

506 2739 736 2794 fuimus.
762 2739 924 2793 Multa
951 2737 1091 2794 enim
1111 2778 1128 2805 ,
1153 2736 1311 2791 Basili
1332 2778 1348 2801 ,
1378 2735 1540 2790 multa
1570 2746 1699 2786 sane
1727 2736 1884 2791 sunt,
1915 2734 2109 2796 praeter

516 2845 582 2883 ea
613 2845 732 2900 qum
758 2829 1028 2896 diximus,
1056 2825 1322 2884 sacerdoti
1367 2821 1699 2887 necessaria,
1731 2834 1847 2888 qua:
1874 2830 1973 2870 nos
2003 2828 2108 2867 non

494 2919 803 2975 "habemus.
834 2918 965 2974 lllud
990 2933 1120 2972 vero
1149 2932 1259 2988 prae
1282 2915 1531 2971 omnibus
1550 2955 1564 2979 ,
1593 2924 1789 2981 nempe
1819 2907 1960 2964 illius
1988 2920 2109 2960 mu-

522 3009 666 3065 neris
694 3009 1125 3083 concupiscentia
1164 3009 1374 3063 aninms
1401 3005 1519 3078 ejus
1554 3005 1776 3060 omnino
1802 3012 2002 3056 vacuus
2041 2996 2112 3050 sit

520 3112 766 3174 oportet;
805 3117 924 3156 nam
964 3102 1010 3156 si
1041 3101 1109 3155 ad
1146 3115 1270 3155 cum
1311 3098 1666 3169 principatum
1711 3090 1878 3149 nimio
1917 3088 2112 3145 ali'ectu

518 3193 871 3267 propendeat,
902 3208 969 3249 eo
991 3192 1188 3265 adepto
1217 3190 1669 3248 vehementiorem
1695 3184 1940 3242 accendit
1961 3182 2114 3237 flam-

523 3305 664 3343 mam
698 3306 712 3343 :
741 3302 807 3342 ac
834 3287 885 3341 vi
924 3297 1146 3356 captus,
1188 3294 1246 3340 ut
1282 3299 1404 3342 eum
1431 3283 1530 3338 sibi
1562 3281 1851 3336 ﬁrmiorem
1879 3282 2107 3340 statuat,

490 3381 801 3436 'innmnera
846 3379 1073 3435 sustinet
1120 3378 1257 3433 mala
1281 3419 1298 3446 ,
1341 3376 1455 3431 sive
1491 3372 1810 3429 adulandum
1851 3368 1960 3433 sit,
2000 3365 2114 3422 sive

525 3472 797 3543 quidpiam
844 3469 1040 3526 servile
1079 3477 1239 3539 atque
1268 3466 1542 3538 indignum
1569 3460 1968 3527 sustinendum,
2000 3457 2115 3512 sive

508 3564 766 3637 pecuniae
796 3562 977 3617 multm
1022 3558 1386 3617 absumendie.
1429 3556 1564 3613 Nam
1615 3552 1759 3627 quod
1814 3551 1964 3606 multi
1998 3547 2116 3619 ejus

512 3656 798 3726 dignitatis
825 3652 993 3724 gratia
1016 3658 1310 3722 pugnantes
1331 3646 1602 3704 Ecclesiae
1621 3642 1856 3700 caedibus
1875 3641 2115 3712 repleve-

527 3750 655 3814 rint,
685 3747 1033 3815 civitatesque
1061 3743 1488 3809 devastaverint,
1506 3737 1559 3795 id
1579 3737 1691 3809 jam
1710 3735 1931 3792 missum
1959 3732 2113 3798 facio,

499 3840 596 3895 'ne
631 3837 945 3910 quibusdam
985 3833 1313 3891 incredibilia
1360 3845 1579 3887 narrare
1617 3829 1820 3884 videar.
1858 3823 2118 3895 Oportcre

494 3928 706 3987 autem
741 3939 866 3999 puto
907 3936 1050 3983 tanta
1091 3927 1233 3984 circa
1274 3939 1389 3980 rem
1429 3923 1565 3977 hanc
1603 3921 1798 3991 pietate
1825 3915 2030 3980 teneri,
2063 3922 2120 3969 ut

531 4026 671 4079 illius
698 4022 891 4078 molem
918 4034 1162 4091 onusque
1185 4018 1423 4075 declines
1436 4007 1457 4082 ’;
1485 4014 1710 4083 adeptus
1750 4025 1856 4067 non
1883 4008 2112 4063 aliorum

527 4115 724 4189 judicia
752 4123 1050 4184 exspectes,
1080 4112 1124 4166 si
1154 4109 1367 4182 quando
1396 4109 1450 4164 in
1476 4106 1725 4162 delictum
1773 4099 1976 4157 incidas
2024 4098 2119 4152 dc-

530 4210 796 4279 positione
832 4207 1084 4278 dignum,
1134 4203 1229 4260 sed
1271 4209 1614 4259 antevertens
1660 4198 1884 4268 teipsum
1931 4193 1998 4272 ab
2028 4192 2119 4246 illo

528 4316 752 4357 munere
778 4299 1050 4377 exturbes.
1074 4296 1165 4355 Sic
1190 4296 1331 4352 enim
1352 4310 1455 4366 par
1482 4301 1565 4351 est
1594 4300 1653 4348 ut
1680 4290 1914 4346 divinam
1954 4289 2117 4342 mise-

530 4394 814 4451 ricordiam
845 4393 1099 4463 impetres
1127 4406 1141 4443 :
1171 4388 1313 4459 quod
1356 4388 1402 4441 si
1439 4394 1646 4458 prmter
1671 4382 1927 4437 decorum
1969 4377 2118 4433 obsi-

487 4478 491 4483 ’
529 4496 660 4551 stas,
691 4493 743 4539 te
771 4483 1045 4554 indignum
1068 4481 1221 4536 venia
1242 4477 1541 4542 constituis,
1570 4473 1845 4544 magisque
1869 4470 1961 4526 Dei
1984 4469 2117 4523 iram

530 4573 778 4631 accendis
811 4615 828 4640 ,
894 4572 1023 4629 dum
1089 4569 1381 4627 secundum
1454 4566 1608 4622 addis
1690 4561 1929 4619 deterius
1983 4559 2119 4615 faci-

533 4682 654 4723 nus.

603 4760 692 4813 1|.
723 4753 990 4828 Cupiditas
1032 4752 1346 4825 principatus
1385 4747 1684 4821 expellenda
1725 4761 1789 4800 ea:
1827 4744 1998 4798 animo
2034 4758 2122 4796 sa-

528 4842 857 4906 τεηίοιὶεμέ-
879 4846 985 4904 Sed
1033 4859 1192 4900 nemo
1230 4857 1482 4914 umquam
1531 4841 1631 4897 hoc
1676 4837 1907 4894 dedecus
1954 4836 2116 4891 susti-

484 5014 491 5019 ι
526 4951 673 5000 neat.
701 4941 879 4997 Grave
906 4939 1104 5011 quippe
1129 4945 1229 4998 est,
1261 4950 1424 5006 grave
1452 4931 1739 4989 admodum
1779 4926 1919 4984 hunc
1946 4927 2118 4982 hono-

526 5051 644 5092 rem
689 5042 962 5104 appetere.
997 5029 1062 5088 Id
1105 5044 1233 5085 vero
1276 5028 1431 5095 dico,
1478 5041 1582 5081 non
1619 5039 1741 5079 cum
1773 5022 1928 5077 beato
1955 5019 2120 5074 Paulo

519 5128 831 5190 decertans,
860 5124 953 5180 sed
979 5122 1157 5179 verbis
1185 5120 1302 5192 ejus
1323 5121 1556 5176 maxime
1586 5114 1948 5171 consentiens.
1980 5110 2116 5181 Quid

526 5219 674 5273 enim
714 5217 789 5272 ait
832 5214 961 5271 ille?
994 5213 1062 5269 Si
1100 5214 1215 5284 quis
1257 5212 1599 5283 episwpatum
1624 5206 1898 5269 desiderat,
1934 5201 2119 5257 bonum

528 5327 658 5381 opus
686 5309 934 5364 desiderat
962 5307 1036 5380 (l.
1063 5305 1200 5361 Tim.
1229 5304 1280 5360 3.
1306 5301 1387 5376 1).
1419 5302 1531 5373 Ego
1556 5313 1689 5355 vero
1714 5313 1820 5351 non
1842 5310 1998 5366 opus,
2022 5292 2118 5349 sed

528 5402 901 5458 auctoritatem
927 5409 981 5455 et
989 5398 1291 5470 potentiam
1312 5395 1618 5451 desiderare
1632 5406 1804 5463 grave
1828 5389 1951 5446 dico
1975 5403 2115 5469 esse.

532 5495 786 5564 llancqne
825 5491 1309 5561 concupiscentiam
1355 5496 1465 5543 toto
1506 5483 1683 5541 Studio
1711 5482 1779 5538 ab
1807 5482 1988 5539 animo
2024 5479 2118 5535 de-

532 5584 868 5651 turhandam,
887 5598 1061 5654 neque
1082 5581 1163 5635 vel
1176 5580 1329 5635 initio
1349 5575 1682 5635 retinendam
1698 5580 1977 5641 censeo,ut
1996 5585 2119 5627 cum

528 5678 779 5734 libertate
804 5675 981 5731 omnia
1012 5672 1198 5731 facere
1230 5672 1417 5742 possit.
1448 5668 1583 5727 Nam
1609 5667 1698 5739 qui
1728 5680 1832 5722 non
1851 5662 2116 5735 concupi-

530 5768 635 5823 scit
662 5766 716 5821 in
744 5763 841 5821 hac
854 5773 1123 5837 potestate
1150 5761 1455 5832 splendere,
1478 5760 1523 5815 is
1545 5774 1675 5816 sane
1704 5754 1977 5813 deturbari
2010 5770 2117 5810 non

528 5860 782 5920 formidat
808 5875 822 5915 :
853 5858 899 5918 si
927 5871 1034 5914 non
1060 5854 1339 5926 formidet,
1370 5868 1493 5912 eum
1526 5868 1587 5910 ea
1623 5868 1743 5926 quae
1774 5848 2114 5911 Christianos

1209 420 1265 476 S.
1309 411 1585 475 JO.\N.\‘IS
1621 398 2097 464 CHRYSOSTOMI
2139 394 2451 452 ARCIllEP.
2494 394 3034 452 CONSTANTINOP.

3667 397 3764 449 648

2195 529 2349 585 decet
2381 529 2625 585 libertate
2669 529 2845 584 omnia
2876 530 3048 584 facere
3091 530 3298 599 poterit.
3330 528 3506 599 inique
3535 531 3623 600 qui
3653 532 3767 590 inde

2195 620 2460 676 deturbari
2488 631 2729 677 metuunt
2753 635 2815 676 ac
2835 619 3140 685 formidant,
3163 621 3353 675 duram
3382 622 3660 694 multisque
3690 627 3766 680 in-

2194 715 2492 770 commodis
2514 714 2758 771 refertam
2781 715 3047 770 sustinent
3069 714 3400 778 scrvitutcm,
3425 717 3652 783 atquein
3679 716 3767 771 ho-

2198 807 2398 862 minum
2442 807 2712 878 ipsiusque
2764 807 2853 862 Dei
2908 803 3259 860 offensionem
3312 806 3580 862 incurrere
3636 824 3771 876 saepe

2199 907 2481 969 coguntur.
2513 899 2631 954 Non
2678 901 2754 955 sic
2797 909 2976 954 autem
3021 897 3195 953 anima
3226 898 3414 953 all‘ecta
3440 914 3560 955 esse
3588 899 3770 965 debet;

2198 992 2291 1046 sed
2323 991 2770 1060 quemadmodum
2800 991 2854 1045 in
2887 992 3085 1062 prmliis
3126 1003 3374 1045 strenuos
3412 991 3606 1045 milites
3635 992 3772 1046 vidc-

2202 1097 2319 1136 mus
2348 1083 2600 1138 alacriter
2624 1100 2877 1154 pugnare,
2914 1084 3224 1152 fortiterque
3250 1081 3463 1146 cadere,
3499 1082 3567 1136 ita
3590 1092 3642 1139 et
3666 1099 3771 1145 t'os,

2200 1175 2286 1244 qui
2316 1174 2382 1229 ad
2412 1174 2513 1228 hoc
2539 1175 2888 1233 miuiSIerium
2917 1175 3198 1241 accedunt,
3232 1189 3327 1244 par
3351 1183 3434 1229 est
3455 1183 3509 1231 et
3531 1174 3769 1230 sacer-do.

2201 1267 2444 1339 tiofungi
2465 1309 2480 1333 ,
2516 1278 2570 1323 et
2593 1283 2621 1322 a
2651 1269 2945 1339 principatu
2976 1268 3132 1337 dejici
3158 1282 3224 1322 eo
3253 1266 3411 1321 modo
3434 1309 3448 1330 ,
3491 1282 3598 1337 quo
3633 1266 3775 1324 Chri-

2201 1359 2405 1413 stianos
2435 1360 2578 1414 viros
2618 1359 2808 1427 decet,
2839 1375 2962 1414 cum
3000 1359 3171 1414 sciant
3198 1356 3360 1414 talem
3396 1358 3771 1427 depositionem

2203 1467 2306 1505 non
2339 1453 2598 1506 minorem
2620 1494 2634 1519 ,
2666 1467 2823 1523 quam
2853 1450 3025 1523 ipsum
3057 1451 3403 1521 principatum
3425 1491 3441 1517 ,
3471 1451 3666 1506 referre
3687 1466 3772 1509 co—

2203 1561 2406 1600 ronam.
2433 1545 2657 1615 Quando
2681 1546 2824 1600 enim
2853 1544 3003 1615 quis,
3044 1553 3103 1598 ut
3146 1543 3276 1598 nihil
3322 1544 3630 1599 indcearum
3654 1586 3668 1608 ,
3698 1546 3772 1601 vel

2202 1637 2441 1707 dignitati
2489 1653 2592 1692 non
2637 1646 3053 1693 consentaneum
3094 1636 3383 1699 sustineat,
3427 1635 3599 1689 simile
3630 1635 3773 1705 quid-

2206 1728 2342 1798 piam
2379 1727 2593 1796 patltur,
2623 1737 2678 1783 et
2701 1742 2760 1782 se
2788 1727 2984 1798 injuste
3022 1726 3414 1796 deponentibns
3449 1725 3772 1795 supplicium,

2204 1829 2259 1876 et
2286 1820 2544 1891 majorem
2572 1820 2669 1875 sibi
2703 1820 3003 1876 mercedem
3028 1821 3045 1852 ¹
3070 1828 3320 1890 procurat
3347 1837 3362 1874 :
3386 1835 3510 1872 nam
3529 1819 3693 1884 Beati,
3711 1819 3776 1872 iu-

2204 1912 2338 1982 quil,
2372 1910 2508 1976 estis,
2531 1927 2643 1965 cum
2670 1910 3077 1982 exprobraverint
3100 1926 3186 1964 vos
3214 1919 3260 1964 et
3282 1900 3574 1980 persrquuti
3585 1909 3775 1980 fuerint,

2206 2015 2251 2057 et
2282 2004 2504 2057 dixerint
2526 2006 2673 2057 omne
2699 2003 2886 2056 malum
2913 2002 3118 2057 verbum
3143 2001 3411 2056 adversum
3435 2016 3523 2055 vos
3551 2000 3777 2053 mentien-

2207 2102 2279 2148 tes
2300 2134 2317 2161 ,
2364 2104 2570 2165 propter
2598 2110 2678 2148 me
2701 2110 2721 2148 :
2749 2093 2963 2164 gaudete
2988 2103 3035 2147 et
3064 2093 3312 2147 exsatiate
3334 2134 3348 2158 ,
3389 2093 3511 2163 quia
3546 2091 3695 2165 multa
3716 2098 3779 2145 est

2208 2204 2399 2242 merces
2428 2164 2589 2241 vestra
2619 2187 2672 2240 in
2707 2186 2844 2240 cwlis
2880 2185 3090 2257 (Matth.
3117 2185 3171 2240 5.
3201 2185 3290 2239 ll.
3317 2184 3423 2255 12).
3455 2184 3518 2238 Et
3542 2164 3654 2238 iure
3670 2197 3777 2236 cum

2207 2294 2239 2333 a
2265 2279 2666 2344 comministris,
2693 2279 2775 2334 vel
2803 2294 2897 2348 per
2920 2278 3192 2344 invidiam,
3216 2277 3299 2332 vel
3330 2279 3396 2332 ad
3428 2278 3651 2332 aliorum
3669 2291 3779 2346 gra-

2210 2370 2360 2434 tiam,
2392 2370 2477 2426 Vel
2510 2386 2607 2441 per
2633 2369 2984 2437 inimicitiam,
3014 2370 3097 2425 vel
3125 2369 3228 2423 alia
3258 2369 3490 2439 quadam
3527 2385 3628 2424 non
3649 2377 3778 2423 recta

2209 2464 2437 2530 ratione,
2466 2465 2585 2535 quis
2613 2481 2680 2520 ex
2709 2464 2827 2519 loco
2852 2478 2951 2519 suo
2978 2474 3241 2519 movetur.
3264 2464 3394 2519 Cum
3415 2472 3594 2518 autem
3614 2463 3675 2517 ab
3692 2461 3780 2516 ad-

2209 2557 2462 2614 versariis
2492 2557 2541 2612 id
2573 2558 2790 2628 patitur,
2819 2557 2963 2612 nulla
2997 2569 3125 2626 puto
3150 2570 3271 2611 esse
3294 2556 3542 2611 oratione
3574 2570 3700 2626 opus
3720 2553 3779 2609 ad

2212 2647 2417 2704 lucrum
2450 2648 2923 2704 demonstrandum
2948 2690 2964 2716 ,
2996 2648 3136 2717 quod
3166 2649 3365 2703 malitia
3396 2663 3496 2703 sua
3523 2649 3618 2718 ipsi
3644 2647 3782 2704 colli-

2211 2749 2361 2810 gunt.
2387 2740 2440 2795 Id
2467 2755 2595 2810 ergo
2622 2740 2853 2811 undique
2894 2738 3429 2810 circumspiciendum
3473 2750 3526 2795 et
3560 2748 3783 2794 accurate

2212 2832 2595 2901 explorandum
2624 2842 2727 2896 est,
2758 2847 2826 2887 ne
2854 2847 2956 2902 qua
2985 2830 3237 2886 desiderii
3270 2830 3411 2885 illius
3442 2829 3670 2886 scintilla
3697 2844 3777 2884 ar-

2214 2922 2349 2979 dens
2380 2923 2558 2980 lateat.
2581 2922 2882 2993 Optaudum
2912 2926 3110 2996 quippe
3145 2933 3227 2979 est
3253 2936 3381 2987 eos,
3404 2924 3498 2994 qui
3526 2922 3669 2977 initio
3695 2921 3781 2977 hoc

2216 3014 2404 3071 morbo
2431 3016 2582 3071 liberi
2613 3015 2786 3081 fuere,
2817 3015 2905 3070 ubi
2935 3014 3003 3072 ad
3026 3013 3326 3085 hujusmodi
3353 3013 3660 3083 dignitatem
3677 3010 3783 3084 ptr-

2216 3108 2484 3173 venerint,
2505 3107 2651 3163 illum
2674 3107 2909 3178 effugere
2928 3121 3102 3175 posse.
3122 3104 3272 3173 Quod
3295 3104 3340 3159 si
3361 3104 3505 3176 quis,
3522 3114 3781 3175 antequam

2215 3199 2474 3257 honorem
2504 3201 2652 3257 illum
2678 3211 3009 3271 asscquatur,
3033 3199 3171 3255 hanc
3189 3213 3387 3254 saevam
3413 3200 3784 3266 immanemque

2218 3292 2382 3347 feram
2411 3308 2574 3364 penes
2610 3307 2669 3348 se
2699 3292 2934 3359 nutriat,
2964 3290 3070 3345 dici
3099 3290 3281 3360 nequit
3324 3290 3377 3345 in
3419 3297 3662 3361 quantam
3690 3287 3784 3343 for-

2218 3399 2405 3440 nacem
2432 3384 2580 3439 illum
2608 3393 2792 3441 nactus
2816 3397 2875 3439 se
2903 3381 3170 3452 conjiciat.
3193 3381 3302 3436 Nos
3328 3389 3509 3435 autem
3545 3378 3650 3454 (ne
3675 3391 3784 3435 vero

2218 3486 2373 3546 putes
2394 3473 2679 3553 modestiae
2706 3489 2866 3530 causa
2908 3490 2995 3530 me
3030 3473 3296 3528 ullatenus
3334 3471 3479 3543 apud
3518 3481 3569 3527 te
3597 3468 3784 3526 mentiri

2217 3564 2392 3640 velle)
2420 3582 2608 3638 magna
2641 3566 2944 3636 hujusmodi
2986 3564 3233 3635 cupidine
3264 3573 3548 3620 tenemur:
3574 3576 3685 3632 quae
3710 3573 3786 3614 res

2220 3673 2322 3714 una
2346 3672 2466 3714 cum
2494 3657 2612 3712 aliis
2635 3657 2883 3712 omnibus
2909 3670 3015 3711 non
3043 3670 3227 3725 parum
3252 3669 3350 3710 nos
3376 3652 3652 3710 exterruit.
3672 3649 3783 3705 etin

2218 3749 2363 3806 hanc
2401 3747 2577 3819 fugam
2621 3748 2799 3804 vertit.
2839 3745 3298 3815 Quemadmodum
3336 3745 3480 3801 enim
3529 3754 3784 3812 corporum

2221 3851 2486 3898 amatores
2504 3885 2521 3910 ,
2547 3841 2798 3913 quamdiu
2824 3841 2947 3896 licet
2971 3855 3092 3896 cum
3121 3839 3312 3894 amatis
3337 3837 3540 3893 versari
3562 3878 3576 3900 ,
3599 3834 3786 3901 gravioo

2221 3951 2336 3990 rem
2362 3934 2534 3989 morbi
2563 3934 2856 3990 cruciatum
2887 3932 3108 3995 habent,
3138 3946 3258 3986 cum
3285 3939 3465 3985 autem
3497 3928 3673 3999 procul
3697 3925 3786 3980 illis

2223 4026 2576 4090 abducuntur,
2609 4034 2736 4082 tunc
2758 4024 3018 4078 insaniam
3050 4022 3345 4086 excutiunt,
3371 4020 3451 4076 sic
3476 4029 3525 4075 ct
3554 4018 3638 4088 qui
3663 4015 3788 4084 prin-

2222 4121 2431 4188 cipatus
2477 4118 2630 4171 istius
2672 4115 2921 4186 cupidine
2965 4122 3245 4178 tenentur,
3283 4126 3405 4168 cum
3451 4124 3611 4178 penes
3657 4107 3783 4161 illum

2222 4218 2381 4277 sunt,
2430 4208 2571 4263 malo
2615 4206 2834 4263 ferendo
2874 4214 2999 4261 sunt
3043 4205 3306 4274 impares;
3354 4201 3444 4255 ubi
3496 4214 3621 4254 vero
3657 4207 3787 4264 spem

2222 4303 2498 4379 amittunt,
2525 4316 2646 4356 cum
2669 4297 3064 4370 exspectatione
3085 4297 3252 4368 ipsam
3280 4293 3584 4365 cupidinem
3609 4286 3788 4344 exstin-

2221 4402 2409 4467 guunt.

2294 4483 2382 4541 12.
2411 4482 2854 4555 Sapientissimum
2879 4489 3108 4548 oportere
3129 4494 3236 4534 esse
3252 4475 3583 4532 sacerdotem.
3600 4499 3667 4512 —
3681 4466 3787 4522 llmc

2213 4590 2326 4632 una
2352 4589 2512 4630 causa
2547 4583 2631 4629 est
2665 4589 2769 4628 non
2809 4569 3137 4627 mediocris:
3170 4584 3289 4640 quae
3326 4567 3452 4622 licet
3486 4565 3597 4620 sola
3634 4566 3788 4619 esset,

2214 4685 2322 4727 nos
2345 4668 2414 4723 ab
2438 4669 2538 4724 hac
2561 4667 2816 4739 dignitate
2840 4680 3025 4722 arcere
3050 4671 3254 4737 posset.
3285 4661 3484 4718 Verum
3509 4668 3563 4715 et
3588 4656 3683 4710 alia
3711 4649 3790 4706 ad-

2222 4763 2367 4819 ditur
2388 4761 2496 4818 hac
2538 4776 2645 4817 non
2691 4759 2884 4816 minor.
2915 4757 3045 4825 Qum
3085 4757 3210 4812 illa?
3254 4754 3569 4826 Vigilantem
3600 4752 3792 4819 oportet

2180 4912 2185 4929 ί
2221 4857 2528 4925 episcopum
2558 4866 2679 4908 esse
2699 4891 2713 4917 ,
2741 4850 3104 4921 perspicacem
3127 4890 3142 4910 ,
3173 4857 3228 4903 et
3261 4845 3555 4901 innumeris
3582 4838 3792 4906 undique

2221 4948 2502 5018 praeditum
2528 4944 2718 5008 oculis,
2746 4950 2933 5013 utpote
2953 4941 3041 5010 qui
3070 4955 3173 4994 non
3199 4939 3299 4994 sibi
3322 4939 3516 4996 solum.
3538 4933 3626 4989 sed
3653 4937 3792 4985 tanta:

2223 5038 2543 5095 multitudini
2566 5037 2706 5090 vivat
2728 5034 2777 5108 (Ι
2790 5075 2803 5088 .
2826 5033 2957 5088 Tim.
2981 5034 3033 5091 ⁸5.
3053 5031 3133 5103 2).
3152 5030 3259 5085 Nos
3281 5044 3408 5085 vero
3425 5038 3613 5097 segnes
3629 5029 3791 5108 sumus

2223 5140 2278 5186 et
2305 5129 2549 5197 remissi,
2577 5139 2631 5183 et
2670 5105 2866 5181 nostra:
2891 5124 3047 5181 saluti
3085 5123 3171 5176 vix
3213 5120 3558 5177 sufﬁcientes.
3590 5114 3694 5169 [loc
3719 5105 3790 5160 vel

2223 5232 2334 5299 tute
2362 5223 2580 5286 fateare,
2603 5220 2690 5291 qui
2717 5219 2948 5274 maxime
2971 5215 3205 5270 omnium
3232 5211 3479 5268 amicitia:
3498 5220 3648 5264 causa
3670 5200 3789 5257 mala

2218 5296 2405 5371 nostra
2431 5314 2684 5382 obtegere
2706 5309 2942 5367 conaris.
2973 5306 3051 5364 Ne
3088 5305 3217 5359 mihi
3250 5305 3392 5359 enim
3432 5302 3520 5358 hic
3555 5293 3789 5368 jejunium

2222 5407 2438 5477 alleges,
2463 5404 2546 5461 vel
2573 5404 2797 5475 vigilias,
2819 5400 2906 5458 vel
2934 5399 3076 5455 humi
3099 5397 3458 5460 cubationem,
3481 5401 3533 5447 et
3554 5388 3786 5477 reliqttattt

2212 5498 2463 5570 corporis
2493 5473 2907 5550 macerationem
2933 5510 2947 5548 :
2975 5506 3097 5546 nam
3126 5497 3383 5558 quantum
3407 5485 3474 5540 ab
3499 5482 3580 5537 his
3598 5473 3788 5534 virtuti-

2216 5591 2323 5649 bus
2346 5590 2582 5648 absimus
2614 5602 2719 5643 non
2746 5586 2979 5658 ignoras.
3014 5580 3231 5639 Etiamsi
3263 5593 3392 5637 vero
3419 5591 3451 5632 ι
3475 5572 3623 5634 nobis
3642 5578 3785 5625 accu-

2292 5858 2310 5891 ι
2347 5852 2452 5917 Atii,
2472 5850 2699 5903 honorem
2715 5843 2961 5910 pronam.
