3942 6372
255 343 348 399 6ιῆ

263 474 366 511 ta'c
393 456 804 519 escolerentur,
837 455 965 510 nihil
996 456 1110 508 hate
1143 467 1240 508 nos
1268 460 1410 507 tanta
1444 452 1606 506 animi
1637 450 1860 522 segnitie

271 550 516 620 pra-ditus
538 549 609 604 ad
636 551 776 604 hanc
797 547 1161 618 praefecturam
1178 545 1450 615 jnvarent.
1477 543 1684 598 Ilomini
1705 543 1863 614 quip-

251 629 332 714 ipe
360 642 410 697 in
437 643 766 696 domuncula
786 639 1010 710 quatiant
1039 639 1241 693 incluso
1262 646 1319 693 et
1341 652 1436 692 sua
1465 636 1633 691 solum
1659 633 1864 689 curanti

277 738 387 791 lure
413 749 662 804 magnam
691 732 942 787 all‘errent
968 730 1280 792 utilitatem;
1310 728 1404 783 sed
1434 727 1484 781 in
1509 735 1706 781 tantam
1732 723 1869 778 mul-

279 826 551 880 titudinem
580 827 772 889 scisso,
803 833 855 878 et
885 825 1140 892 cujusque
1173 820 1506 874 subditorum
1541 815 1865 886 peculiarem

277 915 685 972 sollicitudinem
714 914 940 985 gerenti,
968 912 1092 983 quid
1121 911 1170 966 id
1195 912 1326 966 lucri
1354 909 1541 964 alferat
1564 908 1630 962 ad
1658 908 1866 962 illorum

283 1007 572 1078 profectum
594 1048 608 1075 ,
638 1007 740 1061 nisi
769 1007 1002 1060 animum
1029 1005 1234 1059 virilem
1261 1018 1324 1058 ac
1354 1002 1699 1057 fortissimum
1727 997 1870 1054 obti-

281 1101 436 1156 neat?

353 1192 440 1245 l5.
474 1188 668 1243 Prwter
694 1189 1042 1242 abstinentiam
1074 1187 1177 1241 alia
1205 1185 1411 1256 requiri.
1441 1213 1514 1224 -—
1547 1182 1732 1252 Neque
1771 1181 1872 1236 nti—

293 1281 428 1336 reris
451 1280 496 1334 si
523 1295 642 1335 cutn
671 1288 811 1333 tanta
841 1277 1115 1332 tolerantia
1140 1279 1155 1308 ¹
1206 1276 1432 1330 alterum
1487 1274 1698 1344 postulo
1725 1271 1874 1326 fortis

283 1371 447 1427 animi
481 1372 923 1440 experimentum.
953 1369 1086 1424 Nam
1119 1369 1403 1423 delicatum
1433 1367 1633 1428 cibum,
1669 1373 1872 1436 potum,

281 1465 478 1519 lectum
505 1463 808 1531 deSpiccre,
825 1462 1005 1516 multis
1027 1460 1181 1515 facile
1202 1473 1322 1514 esse
1344 1458 1585 1513 videmus
1610 1475 1622 1511 :
1648 1457 1878 1512 maxime

287 1570 416 1609 vero
456 1555 521 1608 iis
540 1595 554 1618 ,
584 1555 671 1623 qui
709 1564 896 1607 natura
931 1553 1250 1622 agrestiorcs
1272 1559 1328 1606 et
1356 1568 1386 1602 a
1413 1550 1608 1605 teneris
1638 1550 1716 1603 sic
1744 1549 1878 1604 edu-

287 1645 391 1700 cati
417 1653 569 1710 sunt,
596 1661 657 1698 ac
681 1644 863 1697 multis
890 1645 1013 1697 item
1043 1644 1161 1696 aliis
1185 1642 1428 1711 Corporis
1461 1648 1881 1709 temperamento

289 1750 446 1808 atque
480 1738 866 1792 causuetudine
910 1736 1148 1791 laborum
1196 1733 1498 1804 hujusmodi
1540 1733 1881 1801 asperitatem

291 1828 669 1899 mitigantibus.
687 1828 1161 1890 Ateontumeliam,
1175 1825 1447 1888 damnum,
1465 1823 1744 1877 molestum
1765 1837 1885 1876 ver-

295 1919 440 1986 bum,
466 1921 686 1976 dicti-ria
707 1921 775 1974 ab
804 1920 1140 1974 inferioribus
1168 1929 1275 1972 tum
1307 1929 1529 1982 temere,
1555 1925 1662 1969 tum
1691 1914 1741 1968 iu
1769 1914 1885 1983 ipso

294 2013 490 2082 judicio
519 2013 721 2080 prolata
744 2052 760 2079 ,
793 2010 1154 2081 querimonias
1185 2010 1377 2063 frustra
1406 2017 1459 2062 et
1489 2017 1690 2061 temere
1718 2015 1825 2059 tum
1857 2021 1886 2058 a

296 2103 622 2174 principibus
656 2112 764 2156 tum
801 2117 830 2155 a
872 2101 1096 2156 subditis
1124 2099 1362 2165 oblatas,
1406 2115 1509 2152 non
1552 2097 1702 2151 multi
1749 2096 1890 2151 ferre

300 2204 558 2265 possunt,
598 2195 690 2250 sed
734 2211 869 2249 unus
915 2193 1139 2248 fortasse
1171 2191 1257 2246 vel
1297 2192 1450 2246 alter.
1484 2190 1780 2259 Videreque
1810 2198 1891 2242 est

301 2290 456 2341 etiam
486 2288 628 2341 viros
655 2287 816 2340 fortes
842 2286 907 2340 ad
941 2287 1054 2341 haec
1081 2286 1150 2339 ita
1175 2299 1272 2339 ceu
1307 2283 1567 2352 vertigine
1591 2293 1775 2350 captos
1793 2320 1809 2345 ,
1837 2287 1895 2333 ut

303 2381 386 2434 vel
432 2379 829 2433 immanissimis
873 2378 1061 2432 belluis
1107 2376 1270 2431 ferius
1316 2384 1697 2442 exasperentur
1739 2389 1752 2424 :
1796 2371 1892 2425 ltos

305 2489 430 2526 vero
460 2471 689 2526 maxime
723 2487 749 2522 a
781 2470 1064 2525 sacerdotii
1099 2471 1264 2538 septis
1291 2483 1556 2522 arcemus.
1590 2465 1895 2520 Antistitem

304 2563 498 2632 quippe
537 2577 634 2615 nec
673 2561 845 2614 inedia
874 2559 1144 2624 afﬂictari,
1178 2573 1277 2614 nec
1313 2558 1470 2612 nudis
1500 2555 1722 2626 pedibus
1747 2555 1896 2610 ince-

305 2655 454 2718 dere,
485 2654 534 2707 id
558 2671 683 2708 sane
713 2654 961 2708 Ecclesia:
981 2653 1139 2708 canui
1163 2652 1290 2706 nihil
1311 2650 1496 2706 all'erct
1535 2647 1846 2704 detrimenti
1880 2664 1894 2700 :

308 2748 456 2800 furor
495 2755 670 2800 autem
712 2745 872 2799 animi
917 2754 971 2800 et
1013 2744 1085 2798 illi
1125 2754 1176 2798 et
1217 2744 1459 2813 proximo
1505 2757 1722 2813 magnas
1763 2740 1903 2813 parit

308 2839 656 2892 calamitates.
697 2839 869 2906 Atque
911 2837 976 2890 iis
1017 2837 1263 2903 quidem,
1303 2837 1389 2906 qtti
1431 2850 1588 2904 supra
1617 2835 1755 2889 dicta
1795 2849 1901 2888 non

313 2938 592 2996 pra-stant,
621 2928 758 2981 nulla
784 2944 813 2981 a
842 2927 953 2981 Deo
982 2926 1327 2980 comminatio
1355 2943 1368 2979 :
1396 2933 1451 2977 at
1480 2935 1678 2979 temere
1702 2939 1902 2978 excan-

311 3020 651 3072 descentihus
697 3027 751 3074 et
795 3018 1091 3089 gehennam
1138 3028 1191 3070 et
1236 3017 1493 3086 gehemne
1542 3017 1716 3085 ignem
1765 3016 1904 3069 Deus

313 3115 667 3166 Comminatns
689 3121 768 3165 est
798 3111 1008 3180 (Manli.
1035 3110 1089 3164 5.
1116 3109 1232 3181 2‘2).
1262 3108 1721 3174 Quemadmodum
1749 3107 1906 3176 igitur

316 3219 466 3256 vana:
514 3202 697 3272 εισι-ἰδὲ
741 3201 998 3271 cupidus,
1041 3217 1160 3255 cum
1212 3200 1496 3254 multorum
1538 3199 1905 3269 praefecturam

317 3295 461 3356 adit,
490 3294 744 3362 majorem
781 3293 884 3362 igni
920 3292 1118 3360 prwbet
1146 3291 1419 3344 materiam
1441 3330 1456 3356 ,
1483 3291 1563 3344 sic
1598 3299 1650 3344 et
1685 3290 1774 3359 qtti
1810 3303 1910 3344 nec

320 3388 454 3456 apud
481 3403 557 3443 se.
585 3402 682 3441 nec
705 3387 756 3440 itt
783 3387 1128 3440 familiaribus
1156 3400 1442 3455 paucorum
1471 3385 1747 3454 colloquiis
1777 3385 1909 3437 iram

319 3479 596 3533 Continere
623 3478 844 3545 nequit,
871 3477 964 3532 sed
996 3476 1151 3531 facile
1181 3475 1521 3530 excandescit
1540 3515 1554 3538 ,
1584 3474 1707 3529 huic
1729 3475 1774 3528 si
1813 3490 1911 3544 po-

324 3570 522 3641 pularis
553 3571 888 3640 magistratus
916 3567 1177 3634 tradatur,
1200 3583 1296 3622 ceu
1325 3567 1434 3621 fera
1460 3566 1701 3636 quaedam
1725 3581 1753 3620 a
1779 3566 1916 3620 mul-

326 3665 392 3716 tis
423 3661 652 3731 undique
685 3661 1020 3716 exstimulata
1045 3701 1061 3724 ,
1099 3676 1198 3715 nec
1237 3660 1415 3730 quieto
1451 3675 1696 3729 umquam
1735 3659 1916 3713 animo

325 3770 445 3807 esse
476 3763 677 3822 potest,
709 3753 1028 3822 insuperqtte
1061 3751 1350 3807 commisso
1387 3750 1487 3804 sibi
1527 3751 1722 3821 populo
1759 3751 1916 3804 innu-

329 3862 474 3901 mera
517 3855 762 3915 procurat
801 3845 956 3898 mala.

402 3939 488 3994 Η.
519 3936 667 3990 Nihil
695 3947 794 3990 tam
822 3937 979 3990 aciem
1005 3935 1182 3989 utentis
1206 3933 1500 3999 obtundere,
1531 3949 1682 4002 quant
1709 3934 1919 3986 iracun-

332 4030 487 4082 diam.
520 4058 588 4069 —-
611 4028 751 4083 Nihil
777 4029 918 4082 enim
945 4027 1022 4081 sic
1052 4026 1246 4095 ingenii
1286 4026 1590 4095 puritatem,
1621 4022 1922 4092 mentisque

332 4122 500 4176 aciem
531 4120 780 4175 obturbat
805 4162 820 4186 ,
850 4127 908 4173 ut
941 4120 1017 4172 ira
1059 4118 1354 4172 inordinata
1375 4158 1390 4180 ,
1420 4131 1537 4183 qua)
1565 4115 1732 4168 multo
1759 4112 1924 4168 fertur

336 4216 554 4284 impetu.
597 4212 688 4266 Ira
712 4213 852 4267 enim
877 4253 891 4278 ,
926 4211 1098 4281 inquit
1135 4210 1221 4263 ille
1242 4251 1256 4275 ,
1286 4209 1436 4261 etiam
1466 4205 1733 4276 prudentes
1762 4204 1926 4273 perdit

335 4308 517 4378 (Prov.
548 4309 633 4362 15.
665 4306 739 4378 1).
770 4305 899 4360 Nam
929 4301 1374 4374 quemadmodum
1407 4301 1456 4353 in
1495 4307 1754 4353 nocturno
1786 4311 1924 4365 prte-

336 4404 412 4458 lio
437 4403 813 4456 obtenebratus
843 4400 1036 4454 tncntis
1065 4398 1250 4452 oculus
1279 4396 1480 4450 amicos
1509 4395 1576 4448 ab
1609 4391 1928 4446 adversariis

335 4498 644 4552 discernere
690 4495 898 4565 nequit,
941 4509 1039 4548 nec
1082 4491 1287 4545 nobiles
1331 4491 1400 4543 ab
1441 4487 1790 4558 ignobilibus,
1833 4484 1927 4540 sed

336 4606 458 4643 cum
486 4589 733 4640 omnibus
765 4587 953 4640 eodem
993 4599 1051 4638 se
1088 4583 1227 4653 gerit
1267 4581 1458 4647 modo,
1492 4591 1545 4635 et
1574 4578 1619 4633 si
1649 4577 1772 4647 quid
1804 4576 1928 4630 mali

337 4679 671 4736 sobeundutn
711 4679 778 4732 sit
800 4720 814 4738 ,
843 4677 1020 4730 omnia
1055 4675 1206 4729 facile
1237 4674 1464 4743 patitur,
1499 4682 1554 4724 ιιι
1582 4669 1744 4724 animi
1775 4667 1927 4721 volu-

339 4785 541 4843 ptatem
572 4771 807 4841 impleat.
836 4770 967 4824 Nam
995 4779 1140 4822 certe
1169 4768 1410 4834 voluptas
1437 4761 1678 4832 qtnedam
1709 4769 1794 4815 est
1820 4759 1933 4812 ani-

339 4868 415 4922 mi
445 4862 883 4920 excandesceutia
907 4903 922 4926 ,
954 4870 1010 4915 et
1037 4861 1303 4928 voluptate
1332 4857 1587 4924 majorem
1617 4855 1668 4906 itt
1697 4853 1934 4906 animum

340 4969 558 5014 t-Xcrcet
585 4956 916 5028 tyrannidem
937 4997 952 5021 ,
983 4953 1324 5023 tranquillum
1352 4951 1468 5022 ejus
1498 4959 1694 5005 statum
1725 4964 1816 5001 sus
1845 4947 1936 5001 de-

341 5068 450 5122 que
477 5051 752 5105 revolvens
775 5068 790 5104 :
813 5065 932 5102 natu
966 5048 1016 5101 itt
1046 5045 1402 5115 arrogantiam
1432 5044 1584 5097 facile
1615 5040 1855 5111 impellit,
1884 5046 1939 5094 et

343 5147 644 5198 simultates
671 5141 1088 5211 intempeSIivas,
1116 5151 1170 5194 et
1198 5140 1376 5194 odium
1404 5138 1521 5192 sine
1551 5136 1650 5190 ulla
1681 5151 1860 5200 causa,
1885 5142 1939 5189 et

343 5237 670 5290 offensiones
700 5243 899 5289 temere
939 5242 1090 5286 natas
1127 5231 1430 5301 frequenter
1459 5237 1637 5299 parat,
1671 5227 1940 5295 multaque

350 5332 438 5386 his
463 5329 652 5385 similia
682 5339 735 5382 et
759 5328 936 5382 dicere
961 5334 1018 5381 et
1045 5324 1221 5379 facere
1246 5323 1406 5392 cogit,
1431 5322 1610 5374 animo
1631 5319 1798 5373 multo
1818 5333 1939 5372 cum

347 5425 584 5479 Stridore
621 5421 791 5476 morbi
831 5421 1076 5474 molestia
1111 5419 1250 5471 ultro
1281 5417 1522 5485 citroque
1550 5423 1753 5476 tracto,
1783 5413 1852 5466 ita
1888 5420 1944 5466 ut

350 5515 500 5571 nullo
530 5513 687 5565 modo
717 5523 879 5575 stare,
909 5521 963 5564 ct
991 5520 1136 5564 tanto
1166 5507 1384 5576 impetni
1412 5505 1673 5560 obsistere
1702 5512 1880 5573 queat.

428 5603 750 5662 B.\S'I.IUS.
789 5605 897 5674 ligo
927 5618 1052 5656 vero
1082 5612 1133 5656 te
1166 5601 1244 5654 sic
1279 5595 1701 5652 dissitttulantetn
1730 5610 1834 5649 non
1861 5593 1944 5648 ul-

425 5817 442 5848 ι
475 5813 610 5865 savii.
642 5820 690 5865 et
713 5812 1050 5876 quid.tttt-.\lss.,
1076 5815 1176 5873 νο]
1199 5815 1374 5861 tantum
1400 5803 1716 5858 tolerantiam.

1473 338 1558 394 DE
1597 335 2046 394 SACERDOTIO.
2079 337 2208 392 LIB.
2253 338 2340 394 Ill.

3463 338 3570 395 650

1982 451 2144 506 terius
2170 451 2357 522 patiar.
2390 450 2517 517 Quis
2547 451 2688 504 enim
2732 449 2937 519 ignorat
2967 457 3221 518 quantum
3251 447 3568 505 hoc‘niorbo

1971 542 2046 596 sis
2074 541 2318 595 alienus?
2355 540 2823 596 CIIRYSOSTOM.
2862 539 2998 607 Quid
3029 541 3218 610 igitur,
3249 541 3463 611 inquam
3490 583 3501 604 ,
3532 556 3568 593 o

1975 635 2054 691 vir
2077 634 2251 700 beate,
2280 635 2358 689 vis
2383 650 2468 689 me
2499 633 2621 690 huic
2649 650 2778 705 rogo
2803 635 3120 697 admovere,
3141 649 3205 689 ac
3230 634 3392 688 feram
3418 634 3569 704 quie.

1974 735 2209 781 seentem
2241 726 2491 781 irritare?
2513 726 2594 780 An
2624 725 2836 796 ignoras
2865 726 2915 781 id
2942 727 3098 781 nobis
3127 741 3234 781 non
3265 738 3442 780 noStra
3473 728 3572 780 virs

1976 825 2088 871 tute
2112 815 2459 882 successisse,
2487 815 2581 871 sed
2601 831 2664 871 ex
2687 817 2880 888 quieta:
2907 817 3028 872 vitae
3053 831 3274 880 amore;
3297 831 3417 870 eum
3444 832 3571 870 vero

1976 909 2064 979 qui
2097 909 2174 964 sic
2209 909 2432 964 allectus
2456 918 2567 975 est,
2601 919 2842 964 seorsum
2873 909 3191 979 degentem,
3220 919 3276 964 et
3305 927 3409 963 uno
3435 910 3569 964 alte-

1978 1017 2105 1057 rore
2132 1010 2366 1056 utentem
2396 1000 2571 1055 amico
2595 1044 2611 1067 ,
2649 1001 2953 1068 ltujnsmodi
2997 1002 3296 1056 incendium
3340 1002 3572 1070 elfugete

1981 1107 2168 1161 posse;
2196 1107 2353 1147 secus
2383 1107 2512 1148 vero
2541 1093 2584 1148 si
2613 1093 2665 1147 in
2694 1102 2770 1147 tot
2789 1109 3038 1148 curarum
3061 1094 3312 1164 abyssum
3342 1093 3574 1146 incidat?

1981 1185 2131 1239 Tunc
2169 1186 2310 1240 enim
2345 1201 2452 1241 non
2494 1201 2554 1240 se
2589 1185 2758 1239 solum
2780 1228 2794 1250 ,
2825 1185 2916 1239 sed
2946 1195 2999 1239 et
3027 1185 3160 1240 alios
3190 1181 3482 1254 permultos
3509 1185 3575 1238 ad

1983 1277 2228 1332 interitus
2266 1278 2617 1348 prateipitinm
2655 1293 2836 1332 secum
2879 1277 3071 1343 trahit,
3102 1288 3157 1332 et
3193 1277 3258 1330 ad
3301 1277 3578 1345 probitatis

1982 1385 2163 1425 curant
2193 1371 2468 1438 segniores
2503 1371 2684 1425 efﬁcit.
2721 1371 2868 1426 Solet
2893 1371 3033 1425 enim
3061 1371 3396 1426 subditorum
3427 1371 3578 1424 tutbu

1985 1462 2356 1534 prtefectorum
2382 1463 2484 1517 sibi
2514 1479 2691 1518 mores
2712 1478 2810 1518 ceu
2837 1462 3184 1534 archetypum
3215 1469 3270 1516 et
3295 1461 3576 1532 quamdam

1988 1554 2270 1622 imaginem
2313 1565 2583 1624 spectare,
2614 1569 2778 1624 seque
2817 1554 2882 1608 ad
2925 1554 3136 1607 illorum
3170 1553 3393 1608 fortnam
3425 1553 3580 1606 effin-

1986 1660 2128 1716 gere.
2161 1645 2260 1713 Qui
2292 1660 2419 1716 ergo
2463 1646 2631 1715 possit
2675 1646 2762 1700 ille
2791 1661 2976 1700 eorum
3017 1655 3256 1699 tumores
3281 1643 3470 1699 sedare
3490 1685 3505 1708 ,
3539 1645 3583 1697 si

1991 1737 2102 1807 ipse
2133 1739 2364 1790 tumeat?
2390 1737 2506 1806 quis
2535 1736 2773 1806 plebeius
2805 1736 3111 1791 moderatus
3139 1737 3318 1790 statim
3352 1736 3465 1790 ﬁeri
3493 1753 3586 1789 cn-

1992 1830 2118 1899 piat,
2143 1829 2186 1882 si
2213 1829 2504 1898 principem
2531 1829 2840 1883 iracundum
2869 1829 3078 1882 videat?
3106 1828 3418 1899 Neutiquam
3442 1828 3586 1882 enim

1992 1930 2215 1990 possunt
2235 1921 2575 1976 sacerdotum
2598 1922 2724 1974 vitia
2752 1922 2938 1983 latere,
2969 1921 3064 1976 sed
3088 1921 3248 1976 etiam
3271 1921 3461 1990 exigua
3485 1921 3596 1974 cito

1993 2013 2278 2082 conspicua
2309 2021 2453 2067 sunt.
2482 2013 2754 2083 Siquidem
2786 2013 2986 2066 athleta
3017 2012 3270 2082 quamdiu
3299 2012 3440 2066 domi
3475 2029 3592 2064 tna-

1995 2115 2118 2172 nct,
2148 2113 2201 2161 et
2243 2121 2364 2160 eum
2407 2106 2550 2160 nullo
2593 2105 2969 2176 congreditur,
3015 2106 3135 2160 licet
3179 2104 3440 2158 infirmior
3479 2105 3546 2156 sit
3573 2144 3594 2166 ,_

1997 2200 2266 2254 occultare
2305 2213 2364 2254 se
2405 2207 2613 2270 potest;
2643 2213 2763 2252 cum
2805 2206 2981 2252 autem
3026 2197 3257 2251 nudatus
3297 2197 3347 2248 in
3377 2211 3594 2248 arenam

1998 2289 2300 2355 descendit,
2344 2291 2520 2358 statim
2563 2290 2652 2360 qui
2687 2291 2756 2344 sit
2797 2288 3078 2343 evincitur.
3124 2287 3376 2341 llomines
3420 2287 3598 2354 itaque

1999 2385 2088 2453 qui
2124 2383 2346 2438 seorsim
2378 2393 2431 2436 et
2458 2383 2508 2437 in
2540 2384 2648 2438 otio
2678 2383 2835 2435 vitam
2864 2391 3023 2452 agunt
3045 2421 3058 2444 ,
3087 2380 3334 2434 vitiorum
3377 2393 3602 2431 suorum

2003 2486 2213 2546 tegmen
2244 2475 2440 2530 habent
2464 2473 2837 2537 solitudinem;
2864 2473 2914 2526 itt
2942 2471 3174 2526 medium
3202 2469 3436 2534 addueti,
3463 2472 3601 2522 sicut

2002 2569 2377 2624 vestimentum
2404 2567 2742 2623 solitudinem
2771 2580 2972 2621 exuere
2999 2574 3280 2634 coguntur,
3305 2577 3480 2631 etque
3511 2577 3602 2615 ex-

2006 2661 2170 2715 ternis
2212 2660 2447 2714 motibus
2498 2658 2698 2712 nudum
2747 2655 2992 2711 omnibus
3041 2655 3276 2708 animum
3323 2653 3600 2707 exhibere.

2004 2753 2466 2821 Quemadmodum
2509 2768 2638 2822 ergo
2681 2752 2916 2822 ipsorum
2957 2748 3211 2820 pra'clara
3241 2756 3388 2816 gesta
3426 2745 3606 2800 multis

2005 2855 2231 2916 prosunt
2253 2845 2318 2899 ad
2347 2845 2521 2899 simile
2551 2844 2782 2899 studimn
2810 2841 3109 2908 evocantia,
3134 2841 3212 2894 sic
3238 2849 3288 2894 et
3317 2854 3502 2893 eorum
3530 2839 3606 2893 vi-

2009 2939 2079 2992 tia
2112 2938 2246 2992 alios
2275 2936 2342 2990 ad
2377 2935 2586 2991 virtutis
2615 2935 2926 2990 exercitium
2957 2931 3231 3002 segniores
3257 2929 3491 2984 eflleiuat
3513 2970 3526 2992 ,
3555 2938 3609 2982 et

2010 3030 2076 3085 ad
2103 3030 2364 3085 bonorum
2394 3043 2618 3097 operum
2649 3027 2886 3081 laborem
2919 3035 3132 3094 torpere
3161 3023 3378 3076 faciunt.
3408 3023 3609 3088 Quam-

2011 3124 2196 3178 obrem
2225 3122 2419 3176 anima:
2449 3120 2564 3190 ejus
2592 3116 3041 3187 pulchritudinem
3072 3113 3354 3184 Splendere
3377 3121 3612 3180 oportet,

2013 3225 2072 3271 ut
2113 3222 2469 3284 Spectatornm
2513 3211 2721 3264 animos
2749 3208 3020 3263 oblectare
3058 3205 3215 3260 simul
3254 3213 3306 3259 et
3347 3203 3612 3257 illustrare

2015 3306 2199 3377 possit.
2247 3302 2378 3358 Nam
2423 3300 2719 3370 vulgarium
2760 3298 3034 3352 hominum
3078 3303 3293 3368 peccata
3319 3335 3331 3358 ,
3368 3291 3516 3364 quasi
3560 3292 3613 3345 itt

2019 3397 2250 3453 tenebris
2280 3403 2601 3465 perpetrata,
2631 3398 2916 3466 peccantes
2940 3389 3085 3445 Solos
3113 3387 3337 3458 perdunt
3365 3404 3377 3440 :
3403 3385 3499 3440 viri
3523 3401 3616 3439 au-

2017 3499 2124 3544 tem
2156 3488 2373 3542 illustris
2396 3495 2451 3542 et
2481 3485 2661 3539 multis
2688 3482 2884 3553 cogniti
2915 3480 3109 3546 scelus,
3136 3491 3419 3534 commune
3445 3476 3617 3530 omni-

2019 3583 2118 3636 bus
2141 3580 2293 3634 alfert
2319 3578 2717 3644 detrimentum,
2741 3574 2867 3629 dum
2895 3573 3150 3629 remissos
3176 3569 3240 3625 ad
3269 3569 3494 3624 sudores
3522 3584 3618 3636 pro

2021 3675 2174 3730 nobis
2201 3671 2452 3743 operibus
2477 3668 2836 3740 capessendos
2862 3665 3163 3734 supiniores
3187 3663 3348 3717 efﬁcit
3366 3705 3380 3729 ,
3409 3677 3502 3717 eos
3527 3676 3620 3714 au-

2023 3777 2129 3823 tem
2160 3767 2246 3837 qtti
2274 3765 2372 3820 sibi
2400 3761 2678 3818 attendere
2703 3759 2944 3830 cupiunt,
2977 3757 3042 3812 ad
3069 3754 3372 3825 superbiam
3402 3753 3617 3808 excitat.

2024 3838 2105 3914 Ad
2133 3857 2248 3912 [nec
2277 3871 2402 3911 vero
2428 3896 2442 3919 ,
2477 3852 2769 3923 vulgarium
2799 3850 2992 3906 delicta
3018 3890 3032 3913 ,
3061 3853 3142 3902 vel
3178 3847 3226 3899 itt
3262 3846 3494 3900 medium
3525 3842 3623 3897 ad-

2025 3952 2182 4007 ducta
2205 3992 2218 4015 ,
2253 3947 2454 4003 nemitti
2499 3947 2570 4000 ita
2611 3943 2928 4014 profundam
2967 3939 3209 4010 infligunt
3252 3939 3455 4009 plagam
3489 3953 3502 3989 :
3533 3936 3622 4006 qui

2027 4056 2205 4098 autem
2237 4041 2287 4095 itt
2317 4040 2419 4093 ltoc
2446 4036 2663 4090 honoris
2694 4033 2903 4103 fastigio
2927 4030 3147 4096 sedent,
3179 4029 3350 4098 primo
3378 4027 3626 4081 omnibus

2028 4143 2153 4192 sunt
2176 4132 2481 4202 conspicui;
2505 4127 2716 4191 deinde,
2743 4127 2867 4182 licet
2887 4126 2937 4178 in
2962 4123 3193 4177 minimis
3219 4119 3481 4182 labantur,
3505 4134 3624 4187 quae

2031 4228 2234 4282 tniuora
2258 4233 2380 4277 sunt
2407 4222 2526 4276 aliis
2552 4234 2741 4289 magna
2770 4217 3032 4271 videntur.
3060 4213 3174 4266 Non
3195 4212 3334 4266 enim
3364 4206 3484 4263 facti
3511 4226 3626 4262 ma-

2031 4316 2306 4389 gnitudine
2329 4316 2367 4378 ²,
2408 4313 2502 4368 sed
2559 4309 2828 4382 precantis
2868 4305 3122 4376 dignitate
3146 4311 3416 4372 peccatum
3442 4316 3628 4355 omnes

2034 4409 2341 4463 tnctittntnr.
2372 4404 2512 4459 Sane
2557 4400 2887 4455 sacerdotem
2927 4401 3138 4466 Oportet
3175 4408 3274 4448 cett
3313 4391 3628 4462 quibusdam

2035 4496 2386 4555 adamantinis
2411 4495 2575 4548 armis
2612 4491 2962 4560 uttdcquaque
2992 4485 3206 4550 mttniri,
3235 4483 3450 4537 assiduo
3479 4497 3628 4536 trem-

2036 4607 2103 4662 pe
2131 4587 2305 4643 studio
2327 4629 2339 4649 ,
2370 4596 2425 4642 et
2459 4582 2674 4651 perenni
2705 4582 2844 4635 circa
2875 4581 3039 4633 vitam
3068 4575 3370 4648 vigilantia,
3402 4573 3628 4641 undique

2037 4677 2512 4750 circumspiciendo
2537 4717 2550 4739 ,
2586 4692 2651 4728 ne
2680 4673 2798 4744 quis
2837 4668 2980 4725 nudo
3022 4673 3086 4722 ac
3129 4665 3368 4737 neglecto
3401 4665 3516 4718 loco
3545 4680 3631 4716 rc-

2041 4786 2191 4846 perto
2222 4771 2377 4827 letale
2414 4770 2614 4836 inﬂigat
2652 4765 2860 4819 vulnus.
2890 4761 3090 4816 Omnes
3122 4760 3263 4816 enim
3289 4758 3635 4811 circumstant

2043 4869 2226 4941 parati,
2259 4875 2317 4920 ιιι
2342 4865 2617 4920 vulnerent
2645 4877 2708 4916 ac
2735 4859 3004 4929 dejiciant,
3035 4871 3140 4909 non
3170 4851 3330 4908 modo
3358 4866 3421 4905 ex
3455 4849 3632 4902 inimi—

2041 4965 2118 5019 cis
2147 4960 2315 5024 multi,
2341 4958 2433 5013 sed
2464 4957 2623 5012 etiam
2651 4971 2715 5009 ex
2744 4953 2830 5018 iis,
2857 4951 2946 5022 qui
2978 4947 3261 5004 amicitiam
3287 4942 3560 4996 simulant.

2113 5051 2270 5108 Tales
2315 5049 2474 5119 igitur
2514 5047 2634 5118 eligi
2676 5051 2921 5116 oportet,
2957 5039 3129 5110 qualia
3169 5044 3472 5090 sanctorum
3508 5031 3635 5084 olim

2045 5146 2256 5202 illorum
2287 5156 2508 5211 corpora
2540 5139 2592 5193 in
2621 5135 2940 5209 Babylonica
2979 5132 3191 5186 fornace
3228 5127 3319 5181 Dei
3353 5125 3519 5196 gratia
3548 5141 3640 5177 ex-

2048 5235 2237 5292 hibuit.
2263 5233 2446 5304 Neque
2472 5233 2612 5286 enim
2644 5227 2780 5299 ignis
2810 5225 2963 5294 hujus
2991 5236 3114 5277 esca
3137 5228 3260 5274 sunt
3286 5224 3637 5278 sarmentum,

2050 5330 2136 5401 pix
2164 5337 2220 5383 et
2246 5301 2434 5395 stupa;
2478 5321 2571 5378 sed
2613 5320 2695 5373 his
2730 5315 2894 5372 multo
2919 5311 3189 5384 graviora,
3213 5301 3642 5378 quandoquidem

2049 5396 2157 5476 non
2186 5416 2453 5474 sensibilis
2482 5413 2570 5468 ille
2595 5409 2728 5481 ignis
2757 5406 2994 5476 subjacet
3014 5445 3029 5470 ,
3059 5401 3153 5456 sed
3183 5399 3358 5454 omnia
3382 5396 3643 5450 devorans

2054 5511 2265 5568 invidia:
2293 5506 2505 5562 llamtna
2540 5503 2712 5573 ipsum
2743 5494 3106 5558 circumsistit,
3136 5490 3367 5559 undique
3397 5503 3453 5542 se
3483 5485 3640 5540 attol-

2054 5603 2200 5669 lens,
2229 5599 2329 5671 ipsi
2360 5598 2612 5668 ingruens
2631 5635 2646 5661 ,
2673 5589 3075 5660 accuratiusque
3104 5585 3273 5656 ipsum
3301 5579 3640 5644 examinans,

2127 5803 2143 5833 ι
2184 5798 2287 5863 Alit,
2317 5798 2441 5848 ωιτη
2464 5801 2702 5844 mensura.
