3942 6434
329 508 489 564 quam
520 501 646 548 tunc
674 492 809 563 ignis
835 493 1121 564 puerorum
1149 493 1358 546 illorum
1383 506 1625 560 corpora.
1653 489 1785 544 Cum
1815 489 1914 559 igi-

331 593 418 639 tur
446 584 526 638 vei
557 595 716 639 tenue
741 583 1028 653 quodpiam
1064 583 1271 651 stipulzc
1302 581 1578 650 Vestigium
1618 580 1879 634 invenerit
1898 620 1913 642 ,

332 678 509 731 Stttlitlt
551 676 816 731 intuerens
853 675 1087 729 vitiatam
1130 674 1274 727 illam
1319 681 1519 741 partem
1549 672 1760 734 exurit;
1791 670 1916 723 reli-

333 782 492 834 quam
523 781 652 821 vero
676 775 1017 829 structuram,
1043 763 1251 818 etiamsi
1277 763 1535 817 solaribus
1555 761 1716 816 radiis
1735 759 1918 830 splen-

334 857 508 911 didior
531 856 705 918 fuerit,
731 857 873 909 fumo
896 856 982 910 illo
1001 855 1173 908 adurit
1191 862 1245 907 et
1264 853 1513 908 obscurat
1534 861 1716 907 tutam.
1742 851 1923 905 Donec

336 949 478 1001 enim
505 947 797 1002 sacerdotis
826 949 927 1000 vita
956 946 1117 1016 probe
1144 944 1373 1013 undique
1397 943 1709 998 concinnata
1741 941 1919 1007 fuerit,

338 1039 543 1092 insidiis
583 1039 669 1092 ille
708 1038 867 1091 nullis
898 1039 1107 1103 pervius
1129 1044 1240 1100 est;
1272 1035 1355 1089 sin
1387 1033 1473 1087 vel
1505 1032 1766 1087 tantillum
1797 1031 1921 1099 quid

341 1130 727 1197 pra-terminat;
757 1127 896 1195 quod
924 1142 1051 1180 sane
1081 1125 1236 1181 facile
1261 1125 1570 1194 contingere
1600 1132 1792 1192 potest,
1824 1122 1920 1175 ho-

340 1234 425 1272 mo
452 1232 570 1271 cum
598 1217 668 1271 sit
687 1257 701 1277 ,
732 1226 784 1270 et
814 1216 1084 1270 erroribus
1114 1215 1330 1285 plenum
1368 1214 1487 1268 vita:
1514 1213 1669 1283 hujus
1707 1213 1925 1283 pelagus

338 1311 579 1377 trajiriat,
613 1310 742 1364 nihl
781 1309 981 1378 reliqua
1013 1308 1086 1362 illi
1118 1309 1254 1362 bona
1280 1322 1451 1377 opera
1483 1316 1721 1376 prosunt,
1754 1316 1811 1360 ut
1835 1320 1927 1359 aca-

340 1409 641 1453 t'usntorutu
681 1415 838 1453 ηερε
872 1399 1118 1469 ῡπιιείαιι
1153 1398 1246 1453 sed
1277 1414 1494 1467 parvum
1525 1397 1773 1451 delictum
1803 1397 1926 1451 rell-

338 1498 502 1557 tjttunt
542 1505 701 1544 omne
745 1489 1025 1542 obumbrat
1052 1497 1108 1543 ct
1145 1488 1413 1545 obscurat.
1448 1486 1515 1540 Et
1550 1487 1616 1541 de
1653 1485 1928 1540 seet-ritate

338 1595 527 1634 omnes
551 1598 653 1634 non
676 1581 825 1650 quasi
853 1591 1013 1635 earue
1034 1580 1236 1641 induto.
1260 1590 1313 1635 et
1333 1578 1560 1632 humana
1587 1586 1769 1630 natura
1795 1590 1930 1643 pra--

338 1672 487 1735 ddo,
529 1670 620 1725 sed
660 1671 807 1740 quasi
839 1671 906 1726 de
943 1670 1169 1741 angelo,
1200 1669 1343 1725 οτιιηί
1385 1668 1588 1737 reliqua
1626 1667 1928 1721 infirmitate

337 1764 527 1819 libero.
551 1765 806 1831 judicium
829 1762 966 1818 ferre
989 1763 1186 1817 volunt.
1215 1765 1292 1817 Ac
1313 1762 1452 1816 sicut
1475 1771 1777 1832 tyrannum,
1800 1759 1928 1814 dum

338 1854 568 1921 tmpt'lio
602 1855 821 1924 potitur,
853 1869 1039 1906 otnnes
1081 1852 1428 1908 reformidant
1462 1851 1666 1920 ipsique
1706 1849 1928 1902 adulan-

338 1946 452 2012 tur,
489 1940 629 2013 quod
670 1960 789 1999 eum
834 1943 1131 1999 deturbare
1161 1958 1266 1998 non
1313 1942 1550 2012 possint;
1588 1955 1710 1994 cum
1752 1949 1927 1993 autem

338 2053 450 2090 rem
484 2026 598 2106 ejus
622 2037 925 2091 inclinatam
948 2035 1150 2101 vident,
1174 2034 1475 2090 simulatum
1503 2032 1649 2087 illum
1675 2031 1929 2085 honorem

338 2121 688 2195 objicit-otes,
727 2126 814 2193 qui
858 2118 1012 2195 patilo
1054 2135 1178 2180 ante
1219 2123 1374 2179 amici
1419 2132 1609 2187 erant,
1644 2120 1933 2189 derepente

340 2210 546 2274 lnunici
583 2228 638 2273 et
676 2218 966 2272 adversarii
997 2217 1224 2271 evadunt
1246 2256 1260 2280 ,
1290 2224 1345 2270 et
1372 2214 1564 2270 debilia
1595 2226 1816 2282 quaeque
1843 2226 1935 2265 cx-

345 2328 357 2377 |
381 2309 617 2365 latrantes
645 2308 967 2377 irrumpunt,
996 2308 1382 2376 imperiumque
1413 2305 1551 2359 illius
1576 2303 1787 2358 solvunt
1813 2317 1829 2355 :
1858 2303 1935 2356 sic
1980 2334 1983 2337 -

342 2411 395 2455 ct
426 2400 792 2456 sacerdotibus
829 2398 1117 2469 contingit;
1149 2399 1237 2469 qui
1280 2397 1432 2467 paulo
1461 2405 1618 2462 ante,
1653 2395 1778 2449 dum
1819 2409 1937 2449 mu-

348 2493 476 2547 nere
506 2489 782 2561 potiretur,
815 2491 984 2561 ipsum
1012 2489 1258 2544 colebant
1286 2502 1349 2543 ac
1378 2487 1777 2551 reverebantur,
1806 2499 1934 2553 par-

345 2583 466 2638 vam
494 2582 827 2638 occasionem
858 2582 995 2636 nacti
1023 2582 1177 2637 satim
1204 2596 1264 2636 se
1291 2578 1500 2634 fortiter
1524 2585 1851 2646 comparant,
1880 2584 1938 2630 ut

348 2681 470 2729 eum
515 2691 619 2729 non
661 2673 813 2742 qua~i
856 2683 1137 2745 tyrannum
1167 2671 1374 2735 Solum,
1403 2666 1496 2721 scd
1525 2667 1672 2736 quasi
1713 2675 1938 2736 tyranno

348 2767 668 2821 deteriorem
695 2765 981 2834 deponant.
1008 2764 1083 2818 Ac
1109 2759 1556 2832 quemadmodum
1586 2756 1674 2811 ille
1698 2755 1939 2824 corporis

349 2858 430 2910 sui
475 2845 729 2912 satellites
769 2856 986 2919 metuit,
1020 2852 1091 2908 ita
1127 2864 1181 2907 ct
1220 2846 1305 2906 hic
1349 2850 1619 2920 proximos
1655 2847 1940 2902 commini-

348 2941 592 3017 strosquc
611 2954 738 3000 suos
759 2944 988 2999 maxime
1010 2943 1248 2999 emuitun
1277 2940 1602 2995 reformidat.
1627 2937 1762 2993 Nulli
1788 2937 1941 3009 quip—

351 3042 418 3107 pe
450 3030 538 3092 alii
581 3035 801 3107 perinde
829 3032 944 3107 ejus
968 3035 1276 3106 dignitatem
1303 3032 1568 3094 alfectant.
1599 3029 1941 3099 ejusdemque

351 3129 438 3183 res
468 3129 622 3182 n'otas
651 3127 848 3183 habent
871 3135 1031 3198 atque
1060 3126 1134 3180 illi
1159 3144 1174 3181 :
1200 3123 1479 3196 propinqui
1507 3125 1649 3178 enim
1671 3140 1790 3179 cum
1811 3122 1939 3188 sint,

348 3218 393 3271 si
421 3217 544 3288 quid
573 3206 871 3288 bujusmodi
901 3216 1194 3285 centingat,
1225 3221 1349 3269 ante
1373 3228 1559 3269 omnes
1587 3212 1637 3267 id
1677 3212 1939 3277 sentiunt,

349 3299 608 3382 iacileqtte
628 3295 787 3365 etiam
810 3309 1200 3364 calumniantes
1225 3306 1390 3372 credi,
1414 3314 1468 3360 ct
1492 3304 1617 3377 dum
1649 3319 1807 3376 parva
1833 3319 1945 3358 ma-

349 3408 453 3472 gna
483 3391 681 3457 faciunt
716 3410 839 3456 eum
884 3399 1232 3471 syc‘ophantia
1271 3398 1656 3452 circumvenire
1699 3398 1940 3466 possunt.

350 3477 482 3549 Nam
523 3480 871 3563 apostolicum
903 3478 1030 3546 illud
1057 3476 1256 3545 dictum
1297 3489 1564 3543 inversum
1594 3495 1677 3543 est
1706 3505 1720 3541 :
1753 3487 1819 3541 Et
1843 3489 1946 3541 sive

338 3572 542 3657 patitur
566 3601 723 3638 unum
755 3570 1027 3638 membrum
1045 3623 1060 3648 ,
1092 3581 1466 3652 compatiuntur
1492 3570 1662 3635 omnia
1690 3578 1944 3643 membra;

352 3670 456 3730 sine
495 3660 813 3746 glorificatur
856 3690 1011 3727 unum
1059 3671 1335 3727 membrum
1358 3711 1375 3733 ,
1419 3668 1736 3741 congqudent
1776 3666 1947 3721 omnia

352 3756 574 3821 incmbra
601 3752 679 3833 (it
703 3765 820 3819 Cors
855 3764 938 3820 l2.
966 3761 1058 3836 26)
1085 3781 1098 3817 :
1127 3762 1226 3817 nisi
1253 3752 1388 3816 forte
1416 3768 1558 3814 tanta
1583 3757 1652 3813 sit
1673 3758 1859 3828 pietas,
1886 3764 1946 3811 ut

357 3849 609 3912 adverSus
630 3856 804 3910 omnia
834 3863 981 3909 stare
1004 3855 1189 3924 possit.
1214 3851 1296 3907 Ad
1323 3858 1525 3905 tantum
1550 3849 1724 3918 itaque
1751 3837 1946 3902 bellum

362 3950 461 4000 nos
488 3930 724 4001 etnittis?
749 3948 802 4000 et
826 3933 891 3999 ad
920 3956 1147 4015 pugnam
1176 3951 1283 3996 tam
1308 3940 1507 3995 variam
1534 3948 1748 4008 tamque
1771 3937 1950 4015 multi-

357 4024 578 4091 formem
611 4035 846 4089 animum
884 4014 1120 4088 nostrum
1150 4031 1396 4086 sufﬁcere
1426 4043 1584 4099 posse
1615 4026 1805 4096 putas?
1834 4014 1947 4083 Un-

357 4118 569 4192 denatn,
588 4141 788 4196 quaeso,
812 4133 867 4181 et
890 4140 918 4178 a
949 4139 1055 4196 quo
1084 4123 1134 4177 id
1164 4114 1384 4178 edoctus
1410 4108 1511 4176 es?
1540 4110 1669 4173 Nam
1698 4119 1741 4174 si
1772 4117 1824 4172 id
1854 4117 1947 4171 tibi

357 4202 497 4273 Deus
525 4217 798 4282 indicavit,
831 4215 1024 4271 exhibe
1060 4215 1368 4279 oraculum,
1398 4220 1453 4267 ct
1479 4219 1682 4265 morem
1720 4223 1901 4280 geram
1931 4224 1944 4261 :

357 4304 401 4362 si
427 4320 533 4363 non
562 4318 731 4379 potes,
757 4308 851 4362 sed
873 4322 936 4364 ex
961 4306 1190 4360 humana
1217 4304 1468 4374 Opinione
1492 4301 1752 4358 calculum
1774 4291 1943 4363 ducis,

355 4399 424 4453 'ab
461 4399 564 4453 isto
600 4390 812 4451 tandem
851 4411 1036 4451 errore
1070 4404 1121 4450 te
1161 4395 1347 4449 libera.
1374 4392 1507 4448 Nam
1535 4392 1673 4446 circa
1700 4406 1762 4446 ea
1782 4432 1798 4457 ,
1829 4404 1948 4459 qua:

355 4489 422 4541 Μ
451 4490 547 4542 nos
578 4483 837 4556 spectant,
869 4486 1020 4540 nobis
1048 4484 1213 4555 magis
1242 4482 1565 4539 credendum
1592 4497 1750 4553 quam
1779 4481 1897 4535 aliis
1930 4497 1944 4533 :

357 4572 782 4647 quandoquidem
818 4568 943 4641 Qum
968 4585 1083 4630 sunt
1111 4569 1326 4628 hominis
1351 4589 1495 4627 nemo
1522 4573 1655 4627 novit
1674 4611 1692 4636 ,
1722 4573 1819 4625 nisi
1847 4571 1949 4641 spi-

356 4674 483 4726 ritus
528 4666 777 4733 hominis,
808 4668 892 4738 qui
928 4658 981 4720 in
1020 4657 1130 4737 ipso
1169 4664 1241 4727 est
1278 4662 1368 4736 (Ι.
1400 4663 1518 4718 Cor.
1557 4664 1612 4717 2.
1644 4664 1701 4717 Η
1730 4663 1769 4732 ).
1797 4662 1948 4729 Quod

356 4750 498 4815 enim
531 4770 584 4814 ct
614 4775 709 4812 nos
745 4757 907 4827 ipsos,
935 4769 988 4812 et
1014 4771 1109 4811 eos
1136 4746 1225 4827 qui
1255 4770 1352 4809 nos
1381 4756 1668 4823 elegerant,
1701 4754 1949 4807 ridiculos

354 4845 614 4906 reddituri
638 4865 877 4905 essemus
902 4848 1005 4902 hoc
1029 4857 1275 4916 suscepto
1303 4851 1543 4909 munere,
1570 4842 1815 4914 quodque
1839 4859 1951 4897 ma-

356 4945 463 5015 gno
491 4935 768 5013 diSpcndio
797 4952 979 4996 nostro
1005 4943 1057 4994 in
1087 4944 1209 4995 cum
1230 4975 1246 5005 ,
1276 4940 1327 4992 in
1358 4954 1462 5008 quo
1489 4945 1627 4991 nunc
1653 4946 1946 5004 versamur,

358 5036 479 5089 Vita:
504 5037 708 5088 statum
738 5031 1002 5087 'rcverSuri
1039 5028 1342 5093 fuissemus,
1375 5029 1418 5083 si
1451 5033 1555 5081 ιιοη
1582 5028 1828 5089 antehac.
1864 5027 1949 5081 his

356 5123 546 5181 'sait'em
576 5126 751 5180 verbis
773 5118 865 5178 tibi
897 5128 1223 5195 personasse
1251 5124 1396 5191 putet
1437 5108 1551 5175 Non
1580 5116 1721 5175 enim
1755 5109 1948 5172 invidia

360 5219 531 5272 solum
550 5261 563 5281 ,
593 5210 686 5272 sed
718 5221 834 5288 Qua:
861 5212 1028 5270 multo
1058 5210 1252 5269 invidia
1283 5209 1649 5268 vehementior
1678 5222 1759 5266 est
1791 5203 1949 5279 hujus

360 5308 685 5380 principatus
717 5308 942 5377 cupido,
973 5307 1166 5361 inultos
1207 5307 1344 5359 solet
1371 5304 1556 5359 contra
1594 5303 1763 5373 ipsum
1793 5309 1952 5357 occu-

358 5400 570 5470 pontem
604 5412 833 5456 armare.
880 5403 956 5454 A‘c
993 5391 1437 5469 quemadmodum
1470 5386 1560 5451 iitii
1583 5438 1597 5462 ,
1630 5397 1716 5465 qui
1756 5384 1951 5465 princi-

360 5486 540 5558 ‘pa'tum
567 5493 814 5547 allectaut
835 5492 874 5556 ‘,
904 5493 1111 5561 leagam
1144 5492 1347 5562 patrum
1371 5487 1699 5544 Senectutem
1730 5489 1950 5543 moleste

363 5569 540 5635 ierunt
558 5582 679 5636 {sic
703 5592 754 5637 ct
778 5583 989 5653 quidam
1017 5599 1221 5643 eorum.
1246 5588 1365 5637 eum
1394 5582 1572 5635 vident
1596 5579 1948 5636 sacerdotium

365 5671 416 5725 tu
462 5670 764 5750 diuturnum
813 5673 1028 5740 produci
1072 5684 1318 5743 tempus,
1350 5673 1599 5742 quoniam
1645 5670 1950 5725 interﬁcere

428 5795 444 5827 ‘
493 5797 632 5846 savii.
670 5805 719 5845 et
753 5800 945 5859 plurimi
978 5807 1086 5850 MSS.
1127 5803 1326 5865 habent,
1348 5801 1430 5862 qui
1453 5799 1644 5852 dititirts
1663 5804 1909 5863 appetunt.

1033 379 1116 459 s,
1132 377 1408 434 JOA-NNIS
1443 368 1914 434 cnntsosrout

2052 373 2273 429 ClllEP.
2312 367 2847 430 CONSTANTINOP.

2019 488 2202 554 nefas,
2234 487 2405 557 ipsum
2433 497 2462 540 a
2492 484 2747 555 dignitate
2784 481 3070 538 deturbare
3112 489 3370 549 satagunt
3397 519 3416 543 ,
3453 490 3675 529 ontnes

2020 582 2161 636 illius
2180 580 2425 634 constitui
2454 579 2570 633 loco
2593 576 2888 646 cupientes,
2919 589 2982 630 ac
3009 573 3201 644 singuli
3227 570 3297 628 ad
3335 587 3409 626 se
3446 567 3674 624 deferri

3545 360 3670 415 δῖε

2025 672 2373 744 printipatum
2402 675 2790 740 exspectantes.

2096 764 2186 819 15.
2227 764 2342 817 Alia
2373 763 2474 817 litis
2511 763 2730 833 species,
2763 761 2914 831 plena
2956 756 3315 825 periculorum.
3355 785 3442 797 ——
3482 754 3673 809 Visae

2026 855 2118 910 tibi
2146 856 2301 909 aliam
2331 854 2488 923 hujus
2516 867 2703 923 pugnae
2732 851 2961 920 speciem
2989 843 3291 915 ostendam,
3327 849 3611 902 innuntet
3629 844 3678 895 i’s

2026 954 2234 1027 plenam
2267 951 2549 1022 periculis?
2580 949 2658 1004 lto
2677 948 2785 1019 jam
2810 987 2826 1014 ,
2854 961 2919 1002 ac
2945 946 3149 1016 publica
3192 940 3329 999 festa
3368 948 3674 1027 spectato,

2028 1044 2114 1099 ubi
2135 1024 2366 1099 maxime
2391 1042 2456 1097 ad
2478 1042 2760 1112 dignitates
2781 1038 3169 1096 ecclesiasticas
3188 1034 3520 1089 electiones
3547 1024 3677 1083 fieri

2030 1150 2145 1200 mos
2171 1143 2255 1190 est
2287 1152 2300 1189 :
2332 1150 2395 1188 ac
2434 1143 2538 1187 tam
2570 1131 2751 1186 multis
2790 1129 3120 1185 sacerdotem
3158 1121 3679 1181 criminationibus

2029 1225 2210 1295 impoti
2239 1220 2477 1289 videbis,
2505 1232 2700 1294 quanta
2745 1231 2822 1276 est
2854 1219 3184 1274 subditorum
3215 1216 3408 1270 turba.
3442 1211 3676 1266 Omnes

2030 1317 2168 1371 enim
2186 1322 2352 1386 penes
2368 1329 2501 1384 quos
2520 1323 2602 1368 est
2626 1312 2768 1366 hunc
2791 1311 3044 1364 uenerem
3065 1307 3340 1369 conferre,
3366 1303 3431 1357 in
3452 1300 3680 1356 multas

2032 1415 2157 1460 tunc
2184 1405 2499 1461 scinduntur
2529 1414 2726 1472 partes,
2754 1411 2817 1455 ac
2845 1409 3017 1469 neque
3056 1411 3262 1460 mutuo,
3297 1408 3501 1464 neque
3536 1398 3674 1444 cum

2030 1511 2096 1551 eo
2125 1496 2212 1565 qui
2253 1497 2613 1564 episcopatum
2641 1493 2860 1547 sortitus
2901 1498 3015 1553 est,
3044 1488 3510 1558 presbyterorum
3528 1497 3673 1535 μεω-

2032 1594 2143 1640 tum
2172 1586 2475 1640 censentire
2504 1583 2686 1638 videas
2713 1599 2726 1635 :
2756 1579 2849 1636 sed
2877 1579 3240 1649 unusquisque
3267 1591 3294 1627 a
3326 1574 3460 1628 suis
3493 1573 3672 1641 parti-

2033 1679 2133 1735 bus
2160 1688 2296 1742 stat,
2333 1679 2467 1733 allus
2505 1679 2681 1742 hunc,
2724 1677 2861 1731 alius
2905 1670 3050 1729 illum
3095 1668 3322 1742 eligens.
3365 1667 3558 1737 Cujus
3592 1666 3673 1721 rei

2033 1783 2191 1822 causa
2215 1769 2328 1823 lucc
2348 1778 2451 1831 est,
2473 1766 2613 1837 quod
2641 1782 2744 1820 non
2777 1765 2916 1819 idem
2944 1777 3130 1817 omnes
3152 1761 3484 1831 respiciant,
3512 1758 3671 1828 quod

2035 1861 2301 1933 reSpicerc
2331 1861 2616 1925 debebant,
2650 1866 2839 1929 nempe
2867 1856 3029 1911 animi
3061 1856 3312 1909 virtmem
3339 1870 3354 1918 ;
3393 1852 3503 1906 sed
3540 1848 3672 1904 alite

2035 1964 2160 2009 sunt
2187 1952 2341 2022 hujus
2366 1951 2682 2007 conciliandi
2712 1949 2930 2004 honoris
2954 1955 3129 2003 cauam
3161 1963 3175 1999 :
3208 1945 3485 2000 nimir‘tmt
3520 1939 3670 1995 alius

2035 2045 2198 2108 dicit.
2227 2036 2323 2099 llic
2348 2044 2604 2112 eligatur,
2631 2040 2753 2112 quia
2799 2040 2946 2095 claro
2986 2051 3182 2110 genere
3223 2042 3386 2091 ortus
3420 2052 3436 2087 :
3470 2033 3625 2089 alius
3650 2063 3670 2100 ,

2036 2135 2175 2205 quod
2199 2135 2389 2204 apibus
2409 2133 2663 2199 abundet,
2696 2124 2973 2200 ueccgeat
3000 2128 3265 2184 alimentis
3285 2143 3355 2180 ex
3388 2124 3668 2179 Ecclesia:

2040 2235 2296 2294 proventu
2326 2224 2563 2295 quresitis
2586 2242 2599 2277 :
2626 2224 2783 2285 alios,
2811 2218 2953 2291 quod
2985 2220 3052 2274 ab
3081 2216 3417 2273 adversariis
3450 2216 3523 2270 ad
3559 2228 3666 2270 nos

2040 2316 2379 2385 transfugerit
2407 2326 2422 2369 :
2456 2315 2545 2369 ille
2573 2313 2903 2375 familiarem,
2940 2313 3025 2366 hic
3051 2310 3150 2364 sibi
3187 2322 3394 2380 genere
3429 2306 3664 2377 prOpin-

2038 2422 2225 2477 quum,
2243 2406 2378 2486 aljus
2398 2405 2700 2459 adulantem
2729 2402 2828 2457 sibi
2855 2401 2973 2456 aliis
2996 2402 3105 2454 vult
3125 2397 3420 2468 anteponi;
3455 2397 3511 2449 in
3532 2408 3662 2449 eum

2040 2508 2169 2554 vero
2193 2540 2207 2562 ,
2244 2481 2334 2567 qui
2372 2497 2441 2551 sit
2484 2496 2707 2550 idoneus
2728 2537 2743 2560 ,
2777 2505 2936 2548 nemo
2965 2493 3074 2547 vult
3117 2481 3397 2559 respicere
3425 2528 3443 2552 ,
3480 2496 3665 2553 neque

2039 2590 2204 2644 animi
2233 2589 2385 2642 dotcs
2413 2586 2717 2655 explerare.
2751 2586 2821 2639 At
2849 2591 2949 2654 ego
2972 2625 2987 2649 ,
3021 2590 3224 2637 tantum
3253 2580 3421 2634 abest
3445 2619 3463 2641 ,
3500 2587 3563 2630 ut
3595 2574 3664 2629 ad

2040 2677 2373 2735 sacerdotum
2406 2677 2766 2747 probationem
2793 2687 2980 2730 causas
3021 2671 3322 2742 hujusmodi
3354 2675 3666 2724 consepta-'-

2043 2787 2172 2827 neas
2200 2786 2320 2827 esse
2358 2780 2538 2840 putem
2563 2810 2578 2830 .
2622 2778 2678 2823 ut
2714 2756 2922 2824 etiamsi
2962 2766 3079 2836 quis
3121 2764 3345 2819 multam
3392 2761 3662 2831 pietatem

2042 2861 2316 2925 exhibeat,
2338 2876 2456 2929 qure
2487 2871 2661 2913 tamen
2685 2870 2787 2912 non
2818 2864 3000 2926 parum
3031 2852 3183 2910 nobis
3207 2853 3272 2907 ad
3301 2846 3453 2906 hanc
3481 2848 3664 2919 digni-

2046 2960 2206 3006 tatem
2228 2949 2437 3006 confert
2453 2991 2468 3015 ,
2492 2963 2597 3002 non
2623 2949 2742 3002 ideo
2762 2946 2939 3001 statim
2962 2953 3081 2999 eum
3104 2945 3299 3014 eligere
3320 2942 3530 3003 ausim,
3557 2939 3662 2992 nisi

2046 3054 2167 3097 eum
2190 3043 2388 3112 pietate
2418 3055 2604 3109 magna
2628 3040 2695 3093 sit
2718 3037 2997 3109 prudentia
3029 3035 3302 3106 prtrditns.
3334 3033 3479 3088 Novi
3504 3031 3664 3101 quip-

2045 3144 2114 3203 pe
2139 3132 2333 3186 multos
2358 3171 2374 3197 ,
2409 3130 2497 3201 qui
2532 3138 2785 3199 perpetuo
2814 3143 2934 3183 sese
2971 3124 3292 3181 coercebant
3331 3135 3403 3180 ac
3431 3123 3658 3193 jejuniis

2048 3223 2423 3289 macerabant,
2455 3223 2650 3292 quique
2689 3221 2816 3276 dUm
2859 3220 2958 3275 soli
2995 3219 3189 3288 degere
3218 3228 3272 3272 et
3310 3227 3411 3273 sna
3447 3221 3658 3270 tantum

2047 3323 2236 3370 curare
2260 3323 2525 3385 poterant,
2556 3313 2662 3367 Deo
2688 3312 2888 3380 accepti
2918 3314 3093 3375 erant,
3116 3322 3179 3363 ac
3205 3308 3438 3379 singulis
3464 3306 3659 3361 diebus

2046 3404 2399 3475 philosti‘phize
2434 3418 2545 3457 sua:
2574 3403 2957 3457 incrementum
3003 3416 3109 3454 non
3153 3399 3440 3453 minimmn
3483 3396 3654 3450 adde-

2048 3497 2203 3552 bant:
2223 3496 2375 3551 atubi
2394 3496 2445 3549 in
2460 3495 2665 3571 turbam
2684 3493 2949 3565 prodiere,
2974 3494 3131 3563 atque
3146 3490 3287 3561 vulgi
3317 3489 3650 3559 imperitiam

2047 3588 2337 3646 emendare
2363 3586 2537 3641 coacti
2565 3596 2684 3641 sunt
2706 3625 2721 3649 ,
2754 3580 2841 3639 alii
2870 3600 2936 3639 ne
2966 3583 3229 3653 principio
3256 3582 3477 3651 quidem
3509 3587 3657 3632 tanto

2051 3683 2265 3754 negotio
2293 3690 2448 3749 pares
2477 3680 2655 3744 fuere;
2687 3678 2773 3731 alii
2802 3677 2851 3730 vi
2882 3675 3074 3737 coacti,
3109 3685 3161 3727 ut
3190 3674 3241 3725 in
3274 3684 3504 3726 munere
3536 3684 3655 3738 pcr-

2050 3781 2395 3835 scverarent,
2430 3772 2590 3825 missa
2622 3769 2844 3839 pristina
2882 3765 3152 3836 diligentia
3183 3772 3236 3819 ct
3265 3773 3521 3831 magnam
3554 3759 3652 3828 ipsi

2046 3864 2309 3933 jacturam
2333 3863 2589 3923 fecerunt,
2615 3869 2667 3913 et
2688 3859 2806 3912 aliis
2830 3857 2960 3911 nihil
2985 3854 3315 3926 profuerunt.
3341 3852 3450 3908 Sed
3477 3859 3651 3918 neque
3728 3907 3735 3916 _

2051 3957 2095 4009 si
2123 3954 2245 4025 quis
2272 3963 2438 4008 totum
2465 3953 2586 4006 vitae
2617 3960 2827 4018 tempus
2856 3950 2907 4001 in
2935 3947 3122 4001 ultimo
3150 3936 3430 4000 ministerii
3462 3941 3652 3996 ordine

2053 4048 2406 4118 transegerit,
2435 4045 2500 4100 ad
2531 4054 2933 4111 extremamque
2959 4039 3260 4110 pervenerit
3287 4043 3646 4095 senectutem,

2053 4142 2193 4197 hunc
2234 4141 2411 4194 statim
2441 4146 2661 4209 propter
2688 4135 2860 4191 aetatis
2899 4131 3251 4187 reverentiam
3280 4129 3345 4183 ad
3375 4136 3646 4183 summum

2054 4233 2404 4303 principatum
2449 4229 2760 4284 cvehcmust
2801 4224 2912 4280 Cor
2947 4224 3090 4278 enim
3116 4264 3130 4287 ,
3160 4221 3239 4286 si,
3270 4220 3494 4275 decursa
3537 4216 3645 4285 jam

2053 4333 2231 4389 a-tatc,
2263 4321 2439 4375 minus
2467 4329 2642 4374 tamen
2669 4318 2892 4371 idoneus
2921 4314 3167 4370 maneat?
3210 4312 3321 4366 Non
3348 4324 3457 4381 quo
3489 4309 3644 4362 velint

2052 4414 2299 4471 canitiem
2331 4412 2685 4466 dehonestare
2707 4448 2724 4475 ,
2754 4420 2856 4462 nec
2882 4408 3051 4476 legem
3079 4404 3436 4468 constituere,
3471 4408 3527 4451 ut
3555 4395 3641 4467 qui

2053 4521 2117 4561 ex
2156 4505 2324 4559 choro
2362 4500 2744 4556 mounchormn
2789 4499 3046 4563 veniunt,
3076 4496 3144 4551 ab
3189 4498 3289 4550 bac
3331 4494 3639 4564 praefectura

2054 4597 2273 4651 omnino
2300 4605 2619 4649 arceantur:
2644 4592 2864 4663 c0utigit
2893 4591 3033 4645 enim
3063 4589 3343 4643 multos‘ex
3372 4587 3461 4641 illo
3484 4591 3639 4653 grege

2052 4691 2323 4762 profectos
2350 4689 2403 4743 in
2434 4688 2535 4743 hac
2558 4687 2814 4758 dignitate
2838 4684 3091 4738 claruisse
3122 4698 3136 4736 :
3169 4682 3261 4736 sed
3293 4681 3392 4736 hoc
3418 4679 3637 4748 probare

2054 4782 2339 4848 contendo,
2368 4781 2411 4835 si
2442 4794 2613 4849 neque
2643 4778 2811 4847 pietas
2841 4775 2953 4828 sola
2976 4815 2989 4835 ,
3023 4789 3193 4841 neque
3217 4772 3450 4841 longaeva
3482 4779 3635 4820 seue—

2053 4884 2170 4929 ctus
2195 4874 2323 4926 satis
2348 4880 2490 4936 sunt,
2520 4880 2577 4925 ut
2602 4868 2722 4939 quis
2747 4864 3046 4920 sacerdotio
3071 4862 3230 4932 digne
3259 4861 3521 4930 futtgatnr,
3551 4853 3633 4907 vix

2052 4980 2183 5021 sane
2219 4977 2409 5019 causas
2455 4976 2614 5030 supra
2661 4966 2983 5012 memoratas
3028 4954 3128 5007 hoc
3169 4953 3341 5019 ipsum
3386 4955 3634 5018 praestare

2056 5070 2233 5127 posse.
2264 5055 2363 5109 Alii
2394 5067 2521 5107 vero
2546 5051 2678 5105 alias
2714 5047 2915 5103 addunt
2951 5045 3111 5101 etiam
3149 5041 3487 5097 absurdiorcs
3527 5052 3541 5088 :
3581 5030 3629 5085 bi

2057 5151 2328 5212 nimirum,
2358 5163 2425 5200 ne
2446 5162 2504 5201 se
2532 5146 2583 5199 in
2612 5143 3038 5198 adversariorum
3072 5149 3250 5209 partes
3281 5134 3591 5191 transferant
3614 5166 3628 5189 ι

2056 5243 2109 5296 in
2130 5241 2257 5295 clari
2289 5238 2531 5293 ordinem
2573 5235 2918 5305 adleguntnr;
2949 5233 3058 5296 illi,
3084 5240 3301 5300 propter
3322 5223 3623 5295 nequitiam,

2055 5351 2122 5389 ne
2139 5331 2427 5401 contempti
2448 5343 2633 5398 magna
2667 5326 2897 5383 inferant
2921 5325 3077 5377 mala.
3110 5324 3190 5375 An
3219 5320 3386 5391 possit
3411 5312 3629 5382 iniquius

2054 5425 2323 5497 quidpiam
2348 5420 2661 5489 excogitari,
2685 5417 2825 5488 quod
2853 5418 3097 5469 homines
3123 5413 3369 5480 improbi,
3395 5411 3624 5463 innume-

2055 5518 2128 5570 ris
2159 5514 2346 5583 repleti
2377 5511 2552 5576 malis,
2583 5509 2706 5564 inde
2740 5510 3001 5571 coiantur,
3043 5505 3180 5559 unde
3209 5501 3463 5570 supplicio
3494 5490 3624 5561 digiti

2054 5616 2239 5669 erant,
2273 5612 2328 5659 et
2367 5617 2467 5672 qua
2503 5601 2571 5655 de
2618 5615 2778 5654 causa
2825 5613 2893 5652 ne
2936 5598 3094 5650 limen
3137 5594 3347 5663 quidem
3392 5582 3622 5644 Ecclrsiie

2058 5692 2394 5766 [trtlthI'ngdi
2424 5693 2613 5747 licebat
2655 5690 2760 5744 illis
2780 5732 2793 5749 ,
2833 5687 3019 5742 eadem
3052 5686 3127 5739 illi
3155 5685 3220 5737 ad
3258 5675 3619 5737 sacerdotalem

2056 5788 2348 5844 ascendant
2373 5783 2729 5855 dignitatem?
2757 5781 3019 5845 Etiamne,
3048 5777 3134 5833 dic
3163 5775 3311 5844 mihi,
3342 5775 3619 5845 queremus
