3942 6358
195 366 289 429 οδε
1396 346 1483 408 DE
1519 345 1968 407 SACERDDTIO.
2009 347 2137 404 LIB.
2178 340 2268 405 ill.

196 489 382 546 hinc:
408 487 464 543 in
489 496 595 542 ltus
615 484 711 540 irae
732 493 949 538 causam
969 518 984 545 ,
1000 472 1131 532 dum
1156 485 1243 529 res
1271 479 1379 528 tam
1402 483 1585 525 sacras
1604 508 1617 532 ,
1648 466 1783 521 adeo

196 580 499 639 tremendas
526 576 838 635 hominibus
856 581 971 628 tum
1000 567 1258 639 improbis
1277 606 1294 632 ,
1316 574 1428 619 tum
1450 561 1687 632 indignis
1709 556 1787 613 la-

197 672 542 731 befactandae
577 666 873 725 tradimus?
899 661 1124 731 Quando
1160 658 1304 715 enim
1335 656 1426 712 alii
1463 668 1641 709 rerum
1686 649 1787 706 sibi

199 766 418 821 minime
453 760 883 818 convenientium
906 798 924 822 ,
948 755 1041 809 alii
1084 753 1255 808 multo
1296 748 1556 819 majorum
1580 783 1596 810 ,
1628 758 1788 815 quam

195 857 337 911 vires
364 855 560 918 ferant,
587 851 953 923 prmfectumm
980 845 1270 915 accipiunt,
1300 843 1335 898 ii
1354 849 1506 896 certe
1529 839 1787 904 efficiunt,

199 958 256 1001 It
287 946 524 1002 Ecclesia
554 944 681 998 nihil
708 942 776 997 ab
804 932 1003 1011 Euripo
1026 936 1258 992 ὤσει-Δί.

274 1040 532 1110 Equidem
562 1037 706 1107 prius
732 1044 948 1090 exteros
974 1031 1240 1102 principes
1266 1025 1576 1083 deridebam
1601 1065 1615 1088 ,
1642 1021 1790 1093 quod

202 1131 255 1185 in
296 1124 557 1186 honorum
586 1126 984 1197 dispensatione
1027 1137 1133 1177 non
1177 1119 1340 1175 animi
1378 1117 1666 1178 virtutem,
1696 1112 1791 1168 sed

201 1221 456 1294 pecunias
481 1230 538 1275 et
560 1233 822 1274 annorum
853 1228 1131 1270 numerum
1157 1219 1212 1265 et
1239 1211 1529 1265 humanum
1558 1204 1793 1276 patroci-

204 1314 353 1368 nium
376 1318 706 1381 spectercnt;
736 1309 823 1363 ubi
849 1316 1030 1362 autem
1057 1303 1232 1358 audivi
1256 1303 1393 1355 hanc
1410 1300 1792 1354 absurditalem

202 1406 259 1460 in
290 1412 500 1460 nostras
527 1403 688 1458 etiam
732 1416 820 1456 res
856 1397 1176 1454 debacchari
1202 1439 1218 1464 ,
1262 1396 1465 1449 facinus
1494 1390 1795 1463 hujusmodi

203 1512 313 1551 non
334 1495 558 1565 perinde
577 1510 744 1566 grave
765 1495 935 1547 visum
956 1500 1058 1547 est.
1088 1490 1224 1558 Quid
1244 1488 1386 1545 enim
1413 1488 1603 1541 mirum
1626 1485 1670 1540 si
1692 1499 1796 1538 sa:-

202 1590 418 1643 culares
439 1588 701 1653 homines,
726 1583 1036 1657 popularem
1057 1574 1242 1638 auram
1260 1585 1536 1646 venantes,
1561 1578 1798 1649 pecunia:

204 1694 366 1735 causa
394 1678 522 1735 nihil
554 1693 660 1733 non
686 1686 936 1747 agentes,
976 1675 1029 1728 in
1060 1671 1359 1744 hujusmodi
1390 1670 1514 1724 vitia
1549 1684 1797 1739 prorum-

206 1778 353 1840 pant,
374 1769 590 1840 quando
616 1769 671 1834 ii,
700 1768 789 1838 qui
817 1783 875 1823 se
902 1767 971 1822 ab
998 1765 1336 1820 iisomnibus
1364 1762 1562 1817 liberos
1582 1775 1702 1816 esse
1722 1761 1801 1814 si-

207 1861 416 1917 Inulaut
435 1902 451 1927 ,
484 1860 651 1915 nihilo
690 1859 879 1914 melius
904 1870 1063 1928 quam
1111 1856 1187 1910 illi
1214 1863 1340 1910 sunt
1365 1853 1560 1917 allecti,
1586 1851 1682 1906 sed
1712 1851 1800 1906 ubi

210 1951 282 2006 de
304 1951 609 2007 aelcstibus
626 1960 896 2006 certamen
925 1954 1031 2015 est,
1057 1947 1279 2018 perinde
1307 1957 1466 2014 atque
1489 1947 1533 1998 si
1556 1944 1622 1999 de
1643 1952 1802 1998 terrae

207 2040 483 2112 jugeribus
518 2051 611 2096 aut
644 2040 751 2096 alio
774 2040 1022 2110 quopiam
1051 2038 1209 2094 simili
1238 2036 1647 2098 deliberaretur,
1676 2049 1802 2104 gre-

218 2127 407 2196 garios
456 2122 703 2177 homines
755 2121 962 2177 talibus
1009 2121 1311 2191 praeficiunt
1347 2120 1514 2176 rebus
1559 2136 1790 2191 quarum

216 2231 383 2273 causa
414 2216 727 2284 unigenitus
749 2214 839 2269 Dei
857 2213 1029 2267 Filius
1058 2212 1287 2281 gloriam
1318 2226 1585 2267 evacuare
1612 2227 1791 2280 suam,

216 2307 382 2360 homo
401 2306 538 2371 fieri,
552 2306 694 2361 servi
715 2304 943 2359 formam
957 2304 1207 2373 accipere
1230 2303 1487 2375 (Philipp.
1507 2306 1646 2376 2.7),
1663 2320 1797 2361 ροη-

216 2398 363 2467 spui,
386 2398 630 2467 colaphis
651 2397 783 2451 credi
809 2395 1030 2467 (Manli.
1052 2395 1143 2451 26.
1164 2396 1519 2466 67),mortem
1542 2398 1796 2467 turpissis

214 2504 358 2543 mam
372 2484 527 2543 obire
537 2504 646 2543 non
660 2489 958 2543 recusavit?
970 2487 1153 2557 Neque
1164 2487 1251 2541 hic
1262 2495 1446 2542 tamen
1460 2489 1790 2555 consistunt,

213 2581 310 2636 sed
324 2582 432 2635 alia
457 2581 665 2637 addunt
679 2581 1003 2637 absurdiora
1019 2598 1032 2635 :
1054 2594 1163 2634 non
1180 2580 1325 2635 enim
1344 2580 1598 2650 indignos
1615 2582 1792 2634 solum

212 2670 484 2741 deligunt,
504 2671 599 2726 sed
612 2671 773 2725 etiam
791 2669 1016 2726 idoneos
1030 2669 1315 2739 dejiciunt.
1329 2669 1464 2724 Nam
1479 2671 1639 2740 quasi
1655 2684 1795 2740 opus

213 2767 360 2812 esset
397 2754 653 2813 Ecclesiae
690 2761 1030 2815 securitatem
1060 2761 1329 2831 utrimque
1369 2761 1712 2826 labefactari,
1742 2776 1808 2816 ae

215 2864 376 2904 causa
407 2849 496 2904 illa
522 2851 667 2919 prior
690 2866 797 2905 non
827 2850 1098 2907 sufficeret
1125 2851 1192 2906 ad
1220 2852 1351 2905 iram
1382 2852 1474 2906 Dei
1501 2852 1805 2907 accenden-

213 2937 362 3001 dam,
383 2938 454 2993 ita
469 2939 688 2995 alteram
702 2940 955 2996 addidere
972 2957 1076 2995 non
1088 2941 1264 2997 minus
1280 2941 1656 3010 perniciosam.
1675 2942 1806 2996 Ete-

219 3029 328 3081 nim
347 3029 570 3097 perinde
593 3030 946 3099 perniciosum
964 3046 1082 3087 esse
1094 3040 1225 3102 puto
1243 3032 1398 3088 utiles
1418 3045 1625 3098 arcere,
1648 3042 1810 3103 atque

216 3119 438 3175 inutiles
464 3121 824 3179 introducere.
859 3123 913 3178 Id
938 3133 1117 3179 autem
1157 3123 1278 3180 ideo
1304 3125 1497 3194 agitur,
1530 3134 1587 3180 ut
1610 3123 1806 3181 Christi

217 3213 357 3266 ovile
391 3212 536 3267 nulla
577 3228 641 3269 ex
693 3222 842 3284 parte
878 3215 1298 3271 consolationem
1340 3217 1580 3272 invenire
1606 3225 1699 3271 aut
1722 3232 1810 3273 re-

215 3305 427 3374 spirare
451 3306 639 3361 valeat.
668 3302 794 3363 llaec
822 3321 998 3364 nonne
1025 3308 1258 3365 millibus
1281 3309 1437 3379 digna
1466 3309 1811 3366 fulminibus?

219 3394 336 3450 lucc
357 3410 537 3452 nonne
565 3396 947 3455 vehementiori
973 3401 1132 3455 etiam
1163 3400 1405 3470 gehenm
1427 3441 1443 3467 ,
1467 3417 1622 3472 quam
1645 3417 1812 3459 sacra:

218 3487 390 3542 litera:
415 3490 842 3547 committentur?
881 3496 1128 3549 Attamen
1159 3493 1275 3550 ha-c
1301 3495 1438 3549 mala
1467 3495 1691 3550 sustinet
1721 3510 1814 3566 pu-

220 3579 457 3650 titurque
485 3582 575 3651 qni
600 3597 705 3639 non
732 3584 839 3638 vult
867 3595 1093 3641 mortem
1132 3587 1458 3656 peccatoris,
1486 3588 1579 3642 sed
1607 3598 1663 3643 ut
1687 3604 1817 3644 con-

220 3679 463 3727 vertatur
482 3681 536 3728 et
554 3674 696 3729 vivat
721 3674 948 3747 (Esedt.
980 3677 1070 3734 18.
1094 3677 1187 3733 25.
1219 3688 1265 3732 et
1289 3678 1378 3734 35.
1403 3679 1461 3734 ll
1487 3680 1528 3750 ).
1556 3679 1686 3747 Quis
1708 3695 1814 3735 non

222 3762 342 3833 cjns
370 3762 708 3821 clementiam
738 3766 1069 3823 admiretur?
1093 3768 1214 3838 quis
1238 3782 1342 3822 non
1369 3768 1486 3839 ejus
1509 3770 1812 3825 misericor-

224 3854 369 3910 diam
409 3860 651 3925 stupent?
694 3857 797 3928 ipsi
826 3857 1112 3913 Christiani
1140 3873 1205 3914 ea
1227 3898 1244 3925 ,
1274 3874 1393 3930 qua:
1419 3859 1616 3914 Christi
1654 3871 1814 3927 sunt,

226 3946 347 4016 plus
373 3962 530 4015 quam
559 3947 740 4005 hostes
765 3961 819 4004 et
854 3949 1051 4005 inimici
1082 3950 1428 4020 pessumdaut
1453 3966 1468 4004 :
1497 3960 1552 4006 at
1580 3952 1671 4008 ille
1715 3953 1816 4007 bo-

227 4050 330 4090 nus
359 4035 535 4092 adhuc
565 4037 942 4109 benignitatem
991 4040 1205 4109 praefert
1228 4079 1244 4104 ,
1276 4050 1330 4096 et
1355 4039 1420 4094 ad
1453 4042 1817 4110 pmnitentium

230 4130 407 4188 vocat,
438 4121 621 4177 Gloria
648 4124 760 4185 tibi,
797 4125 1052 4192 Domine,
1079 4126 1246 4197 gloria
1285 4126 1379 4181 tibi
1412 4144 1425 4180 :
1458 4137 1652 4198 quanta
1680 4129 1819 4198 apud

233 4219 288 4267 te
313 4212 613 4269 clementiae
641 4216 896 4288 abyssusl
926 4225 1154 4287 quantus
1181 4218 1474 4274 tolerantiae
1500 4219 1816 4277 thesaurus!

230 4305 335 4376 Qui
366 4323 461 4377 per
490 4324 681 4364 nomen
714 4318 859 4364 tuum
890 4325 955 4367 ex
987 4311 1307 4379 ignobilibus
1344 4322 1398 4366 et
1424 4312 1668 4368 obscuris
1689 4313 1821 4368 clari

232 4407 291 4452 et
331 4399 605 4470 conspicui
647 4401 910 4466 evadunt,
945 4401 1146 4456 honore
1188 4402 1281 4457 illo
1322 4413 1507 4457 contra
1548 4401 1821 4457 honorau-

232 4498 342 4543 tem
368 4504 427 4542 se
455 4500 704 4556 utuntur,
727 4499 781 4545 et
807 4506 912 4545 non
951 4490 1192 4546 audenda
1229 4492 1465 4559 audent,
1497 4500 1679 4555 sancta
1695 4507 1825 4547 con-

236 4582 470 4638 tumeliis
488 4584 746 4652 alliciunt,
776 4584 969 4655 probos
992 4584 1251 4656 repellunt
1274 4593 1330 4638 et
1352 4584 1591 4654 ejiciunt,
1611 4596 1669 4639 ut
1683 4585 1826 4655 quic-

237 4684 295 4729 ιε
321 4682 379 4729 et
403 4692 522 4730 cum
543 4692 751 4731 summa
775 4677 985 4732 licentia
1014 4678 1327 4747 nequissimi
1354 4679 1531 4732 omnia
1564 4692 1660 4748 pro
1677 4679 1825 4735 libito

237 4770 550 4824 subvertere
567 4765 791 4838 possint.
815 4769 977 4839 Cujus
995 4771 1118 4825 mali
1139 4784 1328 4826 causas
1348 4770 1391 4825 si
1413 4770 1653 4826 ediscere
1672 4771 1821 4837 velis,

240 4860 362 4914 illas
390 4861 653 4928 prioribus
679 4860 878 4915 similes
908 4862 1179 4931 reperies:
1203 4860 1436 4921 radicem
1463 4862 1604 4917 enim
1629 4903 1643 4926 ,
1675 4863 1789 4916 sive
1808 4902 1825 4928 ,

242 4956 304 5002 ut
326 4949 396 5001 ita
418 4949 612 5015 dicam,
643 4959 868 5004 matrem
898 4967 1057 5006 ttnam
1087 4951 1305 5018 habent,
1335 4953 1604 5006 invidiam.
1633 4954 1827 5008 Earum

239 5051 420 5095 autem
460 5058 566 5097 non
597 5057 700 5096 una
732 5051 934 5096 tantum
963 5042 1169 5112 species
1191 5052 1275 5097 est
1294 5083 1307 5105 ,
1332 5043 1424 5096 sed
1452 5043 1700 5098 diversae.
1734 5044 1829 5098 lli.

241 5132 412 5197 enim,
434 5132 604 5195 aiunt,
627 5134 752 5199 quia
769 5132 980 5202 juvenis
1000 5142 1104 5198 est,
1128 5133 1398 5201 ejiciatur;
1431 5133 1538 5197 ille,
1566 5134 1686 5201 quia
1709 5134 1831 5188 adn-

243 5219 343 5274 lari
377 5223 575 5286 nescit;
607 5224 745 5277 alius
764 5265 778 5288 ,
820 5224 941 5293 quia
971 5224 1022 5278 in
1052 5224 1346 5293 cujuspiatn
1373 5224 1718 5280 offensionem
1746 5225 1829 5278 ’n-

239 5315 438 5379 currit;
466 5316 624 5379 alius,
649 5331 715 5369 ne
741 5316 827 5370 ille
848 5316 1107 5384 quispiam
1132 5315 1328 5381 doleat,
1357 5316 1399 5369 si
1423 5332 1512 5381 eo,
1541 5332 1696 5386 quem
1722 5316 1834 5384 ipse

241 5405 533 5473 obtulerat,
560 5407 732 5475 ejecto
760 5407 901 5463 hunc
920 5408 1147 5462 electum
1177 5406 1380 5471 videat;
1410 5407 1519 5468 ille,
1544 5408 1832 5475 quiaauitis

245 5508 294 5551 et
328 5496 527 5568 probus
555 5507 669 5562 est;
698 5498 805 5561 ille,
829 5498 950 5569 quia
974 5498 1315 5567 peccantibus
1345 5496 1626 5559 terribilis;
1655 5497 1743 5551 ille
1764 5498 1834 5551 ob

245 5589 405 5643 Iliam
426 5589 655 5645 similem
685 5604 900 5645 oausam
932 5607 944 5642 :
973 5605 1146 5659 neque
1174 5588 1318 5643 enim
1343 5587 1534 5640 desunt
1559 5587 1827 5649 obtentus,

250 5694 385 5749 quos
414 5696 508 5749 pro
539 5679 692 5735 libito
731 5679 989 5744 offerant;
1039 5681 1144 5734 imo
1181 5689 1236 5733 et
1273 5675 1582 5731 facultatum
1620 5677 1829 5744 copiam

249 5772 460 5829 cruuini
502 5774 667 5842 dant,
712 5772 756 5828 si
802 5773 932 5830 nihil
979 5772 1121 5837 aliud
1166 5768 1538 5842 proferendum
1584 5767 1833 5824 habeant.

3385 350 3489 409 σει

1897 466 2201 532 Quinetiam
2229 465 2357 521 illud
2377 508 2393 533 ,
2430 478 2536 521 non
2576 473 2830 536 oportere
2854 466 3033 521 statim
3066 465 3293 522 iu‘bunc
3318 463 3490 524 hono-

1894 573 2009 614 rem
2029 558 2252 623 assumi,
2283 558 2376 614 sed
2408 559 2605 615 sensim
2632 567 2686 614 et
2718 558 2994 630 paulatim,
3023 558 3260 630 aliasque
3285 560 3491 617 similes

1895 662 1994 720 pro
2018 652 2292 706 voluntate
2325 665 2521 707 causas
2558 650 2893 706 comminisci
2943 660 3183 717 possunt.
3222 650 3336 721 Ego
3362 663 3491 706 vero

1896 742 1983 797 hic
2035 741 2205 797 libens
2240 742 2542 798 sciscitarer
2581 761 2596 797 :
2650 742 2787 810 Quid
2832 742 3139 811 episcopum
3177 751 3256 796 tot
3316 745 3490 798 ventis

1897 834 2149 903 agitatum
2191 835 2365 889 facere
2403 848 2539 903 Opus
2577 834 2695 889 est?
2718 834 2990 904 quomodo
3017 833 3272 890 adversus
3312 844 3489 890 tantos

1898 920 2090 978 ﬂuctus
2116 933 2258 978 stare
2289 924 2517 994 poterit?
2543 924 2814 991 quomodo
2854 932 2933 977 tot
2962 924 3190 993 impetus
3228 926 3494 996 repellet?

1898 1013 2031 1069 Nam
2060 1014 2104 1070 si
2132 1024 2276 1069 recta
2305 1016 2515 1075 ratione
2540 1030 2654 1083 rem
2682 1026 2854 1085 gerat,
2880 1014 3074 1070 adsunt
3098 1031 3287 1072 omnes
3313 1025 3369 1073 et
3395 1018 3493 1087 ipsi

1899 1116 1954 1161 et
1973 1106 2158 1160 electis
2176 1106 2373 1160 inimici
2392 1115 2448 1161 et
2473 1105 2680 1172 hostes,
2703 1114 2756 1160 et
2780 1122 2873 1175 per
2894 1107 3291 1163 contentionem
3315 1110 3495 1164 omnia

1898 1212 2020 1254 cum
2040 1195 2128 1252 illo
2141 1206 2322 1268 agunt,
2339 1197 2677 1266 quotidianae
2687 1196 2977 1252 seditiones
2993 1198 3228 1264 moveut,
3245 1207 3495 1254 sexcenta

1901 1287 2028 1342 item
2040 1297 2330 1342 scomruata
2349 1287 2401 1340 in
2410 1287 2613 1341 electos
2627 1284 2951 1356 jaculantur,
2965 1287 3138 1342 donec
3154 1296 3246 1342 aut
3262 1288 3379 1342 illos
3390 1288 3498 1358 eje-

1900 1380 2091 1444 cerint,
2116 1387 2207 1433 aut
2231 1393 2357 1433 suos
2377 1378 2722 1433 intruserint:
2749 1378 2966 1446 terinde
2991 1388 3149 1450 atque
3167 1381 3211 1434 si
3243 1379 3501 1450 guberna-

1902 1480 1985 1526 tor
1997 1471 2049 1525 in
2068 1472 2184 1524 navi
2204 1470 2403 1540 piratas
2415 1486 2595 1526 secum
2613 1471 2920 1540 navigantes
2933 1470 3145 1538 habeat,
3156 1472 3245 1540 qui
3259 1482 3311 1526 et
3329 1472 3429 1540 ipst
3445 1480 3501 1528 et

1904 1563 2079 1616 nautis
2098 1570 2152 1618 et
2162 1562 2464 1617 vectoribus
2490 1562 2703 1618 assidue
2725 1563 2978 1633 horisque
2997 1562 3218 1633 singulis
3239 1562 3498 1618 insidien-

1906 1664 2009 1710 tur.
2023 1655 2173 1721 Quod
2187 1656 2231 1709 si
2246 1655 2457 1710 illorum
2469 1656 2695 1724 gratiam
2714 1654 2869 1709 saluti
2883 1670 2994 1709 sua:
3009 1655 3502 1725 preponat,admis-

1905 1750 1981 1804 sis
2010 1764 2115 1802 non
2143 1747 2509 1812 admittendis,
2538 1746 2752 1801 illorum
2779 1748 2896 1801 loco
2929 1746 3092 1800 Deum
3120 1746 3292 1815 ipsum
3320 1745 3501 1801 inimi-

1906 1856 2026 1896 cum
2063 1837 2279 1893 habebit
2305 1855 2319 1891 :
2347 1852 2453 1907 quo
2481 1836 2606 1907 quid
2635 1836 2871 1891 deterius
2898 1851 3020 1892 esse
3051 1826 3257 1905 possit?
3283 1845 3336 1892 et
3370 1852 3493 1890 cum

1907 1932 2014 1986 illis
2030 1931 2157 2001 ipsis
2177 1930 2443 1999 negotium
2467 1928 2734 1983 difﬁcilius
2749 1943 2907 1998 quam
2927 1937 3081 1982 antea
3100 1929 3225 1996 erit,
3248 1929 3499 1983 omnibus

1907 2022 2064 2078 simul
2083 2019 2542 2076 consentientibus
2564 2059 2579 2083 ,
2611 2033 2673 2074 ac
2698 2018 3013 2079 fortioribus
3039 2034 3135 2089 per
3160 2019 3502 2074 concordiam

1907 2116 2130 2171 effectis.
2162 2111 2627 2180 Quemadmodum
2670 2111 2810 2165 enim
2860 2110 3017 2165 suavis
3060 2124 3122 2164 ex
3152 2110 3379 2165 adverso
3410 2125 3506 2179 pu-

1906 2205 2190 2277 gnantibus
2217 2204 2388 2260 ventis
2408 2245 2423 2264 ,
2453 2218 2603 2258 mare
2647 2210 2803 2257 antea
2850 2201 3185 2271 tranquillum
3216 2200 3506 2268 derepente

1907 2296 2035 2351 furit
2057 2304 2215 2363 atque
2240 2292 2576 2357 intumescit,
2601 2301 2949 2360 vectoresque
2984 2290 3187 2360 perdit;
3217 2291 3294 2345 sic
3319 2297 3371 2344 et
3393 2289 3497 2365 Ec-

1909 2385 2088 2441 cleslze
2118 2384 2472 2453 tranquillitas
2494 2425 2510 2450 ,
2542 2381 2942 2451 corruptoribus
2971 2380 3221 2436 admissis
3243 2421 3259 2447 ,
3283 2388 3492 2452 tempe-

1909 2489 2046 2536 state
2068 2489 2123 2534 et
2149 2476 2437 2546 naufragiis
2466 2474 2750 2531 infestatur
2774 2473 2978 2527 multis.

1979 2570 2070 2627 lli.
2114 2571 2373 2638 Quantum
2398 2575 2627 2635 aporteat
2668 2583 2778 2621 esse
2803 2583 2916 2620 eum
2937 2606 2953 2630 ,
3001 2565 3087 2637 qui
3116 2569 3270 2621 tantis
3299 2575 3488 2637 tempe-

1910 2664 2123 2720 statibus
2165 2662 2458 2733 apponitur.
2490 2658 2768 2729 —Cogita
2828 2672 2959 2728 ergo
3009 2658 3218 2728 qualem
3263 2666 3509 2727 Oporteat

1911 2772 2035 2814 eum
2064 2771 2184 2811 esse
2225 2754 2311 2808 cui
2341 2758 2499 2807 tautae
2538 2748 2841 2819 tempestati
2872 2749 3125 2803 resistere
3151 2763 3374 2804 necesse
3403 2748 3507 2813 sit,

1912 2859 1967 2903 et
1994 2855 2073 2903 tot
2101 2844 2485 2915 impedimenta
2528 2856 2708 2897 rerum
2738 2839 3012 2895 conamini
3053 2839 3263 2893 utilitati
3303 2839 3510 2894 condu-

1911 2938 2143 2994 centium
2171 2935 2337 3005 probe
2365 2943 2684 3003 lemperare.
2712 2929 2844 2985 Nam
2875 2939 2928 2985 et
2955 2944 3172 2999 gravem
3207 2929 3377 2996 illum,
3413 2931 3509 2986 sed

1912 3030 2132 3087 minime
2153 3028 2468 3094 fastuosum,
2495 3033 2550 3081 et
2568 3023 2976 3089 formidabilem,
3005 3022 3099 3079 sed
3124 3022 3440 3094 humanum,
3458 3034 3509 3080 et

1914 3122 2291 3194 imperiosum,
2330 3116 2424 3174 sed
2446 3131 2653 3172 comem
2682 3115 2932 3170 omnibus
2951 3155 2966 3177 ,
2996 3123 3052 3169 et
3086 3130 3367 3185 personam
3398 3130 3507 3169 non

1914 3212 2284 3282 accipientem,
2313 3208 2408 3264 sed
2435 3206 2754 3272 officiosum,
2778 3214 2833 3260 et
2865 3204 3142 3270 humilem,
3174 3203 3266 3259 sed
3290 3205 3511 3261 minime

1915 3302 2190 3367 servilem,
2218 3309 2274 3355 et
2302 3298 2696 3362 vehementem,
2722 3294 2819 3351 sed
2846 3303 3183 3349 mansuetum
3204 3308 3324 3349 esse
3351 3308 3512 3364 Opera

1918 3403 2014 3458 tet,
2045 3403 2101 3448 ut
2123 3399 2310 3447 contra
2338 3390 2429 3444 illa
2455 3389 2634 3444 omnia
2663 3402 2903 3459 pugnare
2930 3386 3086 3441 facile
3120 3387 3317 3456 possit:
3348 3394 3511 3455 atque

1917 3501 2043 3543 eum
2079 3484 2170 3554 qui
2194 3483 2418 3538 idoneus
2436 3481 2524 3547 sit,
2548 3478 2799 3534 omnibus
2820 3479 2943 3533 licet
2963 3478 3361 3540 obsistentibus,
3385 3494 3506 3531 cum

1918 3590 2108 3645 magna
2137 3580 2399 3643 potestate
2447 3583 2798 3641 promovere;
2845 3568 2970 3623 huic
3019 3583 3149 3623 vero
3197 3567 3512 3623 dissimilem

1919 3679 2041 3720 cum
2070 3663 2257 3720 eadem
2295 3663 2642 3724 auctoritate,
2674 3659 2922 3714 omnibus
2962 3658 3125 3712 etiam
3153 3657 3511 3726 conspiranti-

1922 3756 2040 3821 bus,
2070 3770 2178 3810 non
2208 3752 2514 3818 admittere,
2559 3750 2655 3807 sed
2686 3766 2848 3805 unum
2878 3758 3082 3805 tantum
3110 3749 3180 3803 ob
3208 3749 3391 3804 oculos
3421 3748 3514 3801 ha-

1920 3848 2050 3906 bere
2074 3891 2089 3915 ,
2118 3847 2373 3903 Ecclesiae
2418 3860 2611 3916 nempe
2650 3852 2969 3899 structuram
2994 3882 3009 3906 ,
3042 3841 3278 3911 nihilque
3316 3840 3397 3895 vel
3445 3839 3514 3894 ad

1923 3940 2255 3996 inimicitiam
2284 3939 2368 3994 vel
2394 3938 2460 3992 ad
2491 3936 2717 4006 gratiam
2762 3935 2959 3990 facere.
2986 3933 3121 3990 Num
3154 3934 3245 3988 tibi
3271 3932 3517 3987 videmur

1923 4032 2003 4088 rei
2034 4029 2335 4101 hujusmodi
2378 4027 2734 4083 ministerium
2777 4025 2972 4081 merito
3011 4022 3323 4079 recusasse?
3352 4023 3514 4092 Atqui

1926 4121 2161 4177 nondum
2188 4120 2370 4175 multis
2398 4118 2678 4173 recensui:
2712 4123 2999 4185 suppetunt
3027 4122 3081 4168 et
3118 4115 3222 4167 alia
3265 4112 3511 4167 dicenda.

1928 4212 2123 4267 Verum
2152 4226 2218 4266 ne
2244 4207 2550 4278 defatigeris
2573 4206 2697 4261 dum
2725 4205 2882 4259 amici
2905 4218 2970 4257 ac
2998 4219 3126 4257 vere
3149 4202 3387 4273 germani
3412 4202 3516 4256 viri

1924 4317 2046 4359 sese
2075 4300 2216 4370 apud
2244 4308 2294 4354 te
2314 4297 2616 4354 excusantis
2636 4294 2932 4349 orationem
2956 4293 3172 4347 toleras.
3202 4292 3325 4345 llam
3356 4306 3519 4360 porro

1932 4413 2040 4453 non
2069 4394 2136 4449 ad
2181 4391 2480 4463 apologiam
2525 4388 2687 4444 modo
2727 4397 2963 4442 nostram
3008 4384 3100 4439 tibi
3128 4392 3286 4439 erunt
3326 4383 3471 4437 utilia
3496 4423 3513 4450 ,

1927 4487 2024 4542 sed
2049 4484 2117 4539 ad
2143 4484 2310 4553 ipsam
2342 4481 2568 4535 fortasse
2594 4477 2831 4532 muneris
2856 4475 2924 4530 de
2943 4489 3050 4545 quo
3074 4475 3246 4544 agitur
3276 4472 3513 4527 functio-

1928 4594 2051 4637 nem
2075 4591 2180 4631 non
2213 4588 2397 4643 parum
2421 4570 2646 4626 afferent
2668 4568 2821 4624 lucri.
2846 4568 2978 4622 Eum
3006 4579 3257 4634 namque,
3285 4564 3373 4633 qui
3398 4565 3521 4619 vita:

1931 4666 2233 4740 hujusmodi
2255 4664 2499 4721 semitam
2528 4662 2864 4731 ingressurus
2885 4667 2988 4722 est,
3016 4658 3194 4712 omnia
3223 4656 3369 4726 prius
3395 4671 3520 4725 per-

1934 4770 2250 4823 scrutatum,
2298 4757 2376 4812 sic
2402 4754 2701 4810 ministerio
2728 4766 2944 4807 manum
2973 4750 3258 4804 admovere
3286 4758 3515 4819 oportet.

1932 4849 2149 4918 Quare?
2178 4849 2309 4916 Quia
2341 4845 2439 4900 etsi
2469 4844 2615 4899 nulla
2641 4843 2743 4899 alia
2779 4841 3023 4896 subesset
3045 4837 3245 4901 causa,
3274 4839 3517 4892 omnium

1936 4943 2101 5014 probe
2141 4954 2307 5011 gnaro
2349 4937 2399 4991 id
2429 4936 2561 4991 lucri
2599 4933 2855 4997 accedet,
2887 4941 2946 4985 ut
2993 4947 3097 4985 non
3129 4929 3204 4983 rei
3236 4927 3519 4983 insolentia

1941 5038 2212 5098 turbetur,
2259 5049 2381 5087 cum
2408 5033 2524 5086 haec
2559 5029 2889 5098 contingent.
2935 5025 3028 5080 Vis
3071 5022 3231 5092 igitur
3276 5029 3335 5075 ut
3377 5021 3523 5088 prius

1938 5129 2003 5183 ad
2034 5126 2305 5181 viduarum
2338 5120 2688 5192 patrocinium
2719 5117 3026 5175 veniamus,
3068 5128 3135 5166 an
3167 5110 3232 5165 ad
3260 5110 3522 5179 virginum

1937 5233 2142 5280 curam,
2182 5230 2251 5269 an
2277 5214 2344 5267 ad
2366 5210 2631 5283 judicialis
2668 5207 2833 5278 partis
2860 5200 3273 5258 difficultatem?
3310 5214 3433 5253 nam
3466 5199 3520 5251 in

1937 5309 2129 5365 horum
2158 5304 2379 5375 singulis
2402 5303 2544 5356 varia
2571 5308 2655 5355 est
2696 5294 3027 5359 sollicitudo,
3073 5302 3130 5346 et
3164 5288 3525 5346 sollicitudine

1937 5401 2110 5470 major
2133 5408 2324 5452 metus.
2354 5397 2430 5450 Ac
2453 5393 2701 5469 primum,
2733 5398 2791 5443 ut
2813 5388 2880 5441 ab
2900 5402 2983 5450 eo,
3016 5383 3155 5454 quod
3178 5382 3295 5437 aliis
3320 5380 3523 5470 facilms

1938 5468 2058 5545 esse
2086 5490 2314 5549 videtur,
2345 5468 2639 5545 ordiamur,
2668 5479 2942 5534 viduarum
2974 5489 3123 5536 cura,
3156 5473 3323 5540 ipsam
3353 5468 3525 5524 susei-

1941 5582 2205 5652 pieutibus
2224 5578 2392 5632 solam
2414 5582 2715 5644 sumptuum
2738 5567 3146 5625 sollicitudinem
3169 5563 3361 5616 aﬂ‘erre

1941 5648 2064 5743 tur(
2098 5677 2144 5729 ι.
2176 5672 2312 5728 Tim.
2341 5670 2394 5724 5.
2425 5667 2492 5723 l6
2513 5668 2529 5736 )
2554 5682 2568 5719 :
2596 5673 2650 5718 at
2673 5677 2779 5717 non
2810 5661 2879 5714 ita
2902 5672 2967 5713 se
2988 5671 3072 5711 res
3102 5655 3294 5721 habet,
3440 5648 3528 5705 his

1944 5781 2153 5837 quoque
2201 5762 2365 5819 multo
2404 5772 2540 5829 opus
2580 5762 2660 5812 est
2686 5749 2934 5809 examine
2957 5789 2972 5816 ,
3019 5745 3107 5802 ubi
3137 5746 3254 5801 illas
3291 5742 3525 5812 deligere
