3942 6436
413 387 521 444 655

415 509 626 570 oportet
658 518 671 554 :
705 494 1132 570 quandoquidem
1156 508 1277 548 eum
1303 502 1503 546 temere
1532 498 1583 544 et
1609 496 1667 543 ut
1696 502 1852 543 casus
1883 484 2002 552 thit

419 595 471 649 in
498 593 678 647 album
715 591 895 644 relatae
924 595 1083 654 sunt,
1116 586 1166 639 id
1198 586 1471 641 innumera
1501 580 1703 651 peperit
1734 580 1891 635 mala.
1915 578 2005 631 Et-

417 684 558 738 enim
593 681 815 736 familias
840 676 1338 749 pessumdederunt,
1368 672 1607 741 eoujugia
1638 671 2000 732 diremerunt,

418 784 473 830 et
515 775 565 829 in
593 773 781 839 furtis,
812 772 1069 843 cauponis
1112 770 1341 839 aliisque
1383 766 1646 833 similibus
1677 763 1904 832 turpiter
1947 776 2005 816 se

419 873 640 934 agentes
672 878 817 932 saepe
857 860 1209 931 deprehensa:
1251 868 1396 914 sunt.
1436 857 1605 912 Porro
1646 856 1777 908 tales
1818 854 2004 907 viduas

416 956 713 1027 sumptibus
733 952 983 1012 Ecclesia:
1008 954 1103 1022 ali,
1122 953 1172 1007 id
1195 960 1249 1006 et
1275 967 1303 1003 a
1327 950 1434 1007 Deo
1452 946 1766 1019 supplicium
1788 954 1841 999 et
1865 944 2005 1014 apud

423 1050 669 1105 homines
711 1047 978 1103 infamiam
1009 1059 1380 1114 summamque
1419 1041 1814 1098 damnationem
1846 1038 2002 1108 parit,

422 1140 888 1209 beneficorumquc.
912 1138 1146 1192 animum
1177 1136 1477 1206 segniorem
1506 1133 1687 1188 efticit.
1726 1132 1855 1186 Nam
1884 1131 2005 1200 quis

425 1248 675 1303 umquam
704 1231 836 1286 velit
862 1230 1133 1299 pecunias,
1154 1242 1286 1298 quas
1309 1226 1522 1281 Christo
1542 1225 1670 1279 dare
1692 1226 1873 1293 jussus
1900 1232 2002 1285 est,

425 1324 488 1378 iis
511 1323 722 1393 largiri.
764 1322 853 1392 qui
895 1321 1095 1376 Christi
1137 1318 1338 1373 nomini
1387 1317 1707 1373 cabuuniam
1759 1315 2004 1384 pariunt?

422 1413 652 1484 Ideoque
678 1414 847 1467 multo
872 1422 924 1468 ct
953 1419 1202 1467 accurato
1228 1409 1486 1464 scrutinio
1515 1417 1597 1463 est
1625 1420 1781 1476 opus,
1808 1415 1866 1458 ut
1911 1420 2004 1460 ne-

420 1521 525 1574 que
555 1506 687 1569 illae,
716 1517 887 1573 neque
912 1502 1028 1555 alite
1048 1543 1064 1568 ,
1091 1501 1284 1571 quibus
1326 1516 1413 1555 res
1445 1496 1718 1552 familiaris
1757 1496 2004 1551 sufﬁcere

420 1582 591 1666 potest
616 1635 632 1660 ,
678 1595 975 1649 tenuiorum
1023 1606 1261 1648 mensam
1290 1592 1592 1645 abSuusant.
1621 1588 1768 1643 lianc
1795 1586 2003 1655 perqui-

422 1689 670 1743 sitionem
696 1686 798 1741 alia
826 1702 928 1740 non
952 1700 1110 1755 parva
1135 1699 1259 1738 cura
1285 1682 1499 1751 excipit,
1525 1690 1580 1735 nt
1602 1680 1730 1750 ipsis
1749 1678 2001 1732 alimenta

420 1778 700 1832 confertim
732 1776 880 1845 quasi
911 1791 975 1830 ex
1005 1773 1495 1835 fontibus-afﬂuant,
1515 1787 1614 1826 nec
1634 1784 1880 1840 umquam
1906 1768 2003 1823 de-

421 1870 559 1923 sint:
588 1866 848 1938 siquidem
874 1865 1171 1920 insatiabile
1192 1864 1384 1919 nmium
1407 1872 1489 1916 est
1510 1861 1672 1916 invita
1697 1870 2000 1929 paupertas,

427 1960 671 2030 querelas
720 1960 1091 2028 ingratumque
1129 1958 1366 2010 animum
1399 1970 1506 2021 pra:
1531 1970 1589 2007 se
1616 1952 1811 2007 fcrens.
1843 1952 2002 2005 Multa

423 2051 700 2120 prudentia
723 2049 1099 2119 diligentiaque
1125 2055 1208 2102 est
1223 2061 1357 2114 opus
1378 2055 1432 2100 ut
1456 2058 1638 2099 eorum
1661 2042 2005 2097 obstruantur

421 2158 514 2197 ora
535 2183 552 2208 ,
581 2158 699 2210 qua:
727 2140 1019 2209 quamlibet
1042 2136 1428 2193 criminationis
1454 2134 1788 2189 occasionem
1816 2132 2004 2199 arripi-

422 2244 537 2288 unt.
581 2233 720 2289 Sane
758 2232 868 2286 mul
896 2233 910 2285 i
937 2231 1024 2286 ubi
1062 2227 1364 2301 quempiam
1409 2227 1590 2281 vident
1619 2223 1854 2294 pecuniis
1897 2238 2002 2277 non

422 2325 660 2381 deditum
683 2366 699 2391 ,
739 2324 916 2379 statim
947 2323 1117 2393 ipsmn
1145 2322 1210 2376 ad
1240 2322 1375 2375 hanc
1401 2318 1722 2374 functionem
1754 2317 2002 2370 idonequ

424 2398 790 2488 pronuntiant.
833 2419 942 2486 Ego
974 2432 1100 2470 vero
1139 2430 1242 2470 non
1270 2413 1518 2468 existimo
1559 2411 1697 2465 hanc
1728 2409 1800 2463 illi
1839 2407 2000 2461 animi

425 2508 838 2577 magnitudinem
874 2507 1003 2560 satis
1027 2522 1177 2571 esse,
1222 2506 1315 2560 sed
1360 2514 1609 2574 Oportere
1654 2513 1829 2558 tamen
1860 2502 2004 2555 illam

425 2602 636 2656 ca-tcris
677 2601 909 2668 prarire:
958 2615 1078 2653 nam
1126 2599 1265 2653 illius
1310 2611 1504 2665 expers
1550 2604 1787 2649 vastator
1830 2594 2005 2662 potius

424 2706 582 2760 quam
616 2702 867 2759 patronus
891 2732 905 2752 ,
934 2698 988 2743 et
1014 2704 1111 2758 pro
1148 2698 1359 2757 paStore
1388 2688 1543 2755 lupus
1587 2686 1782 2740 fuerit:
1821 2696 2004 2738 vermn

424 2797 543 2837 eum
571 2782 656 2835 illa
699 2781 855 2835 aliam
888 2781 939 2834 in
970 2796 1035 2835 eo
1065 2781 1334 2848 requirere
1360 2786 1585 2849 oportet.
1620 2778 1690 2830 Ea
1716 2786 1893 2829 autem
1924 2783 2008 2830 est

427 2873 688 2928 honorum
728 2872 964 2925 omnium
1015 2872 1318 2925 hominibus
1356 2870 1685 2925 Conciliatrix
1715 2869 1963 2938 patientia
1988 2908 2004 2934 ,

424 2981 545 3035 qua:
571 2965 723 3034 quasi
749 2965 799 3018 in
830 2964 1173 3031 tranquillum
1213 2962 1496 3032 quemdam
1522 2972 1733 3031 portum
1775 2960 2005 3014 animam

425 3057 659 3113 deducit.
687 3056 818 3110 Nam
861 3056 1136 3110 viduarum
1163 3068 1329 3125 genus
1360 3063 1469 3108 tum
1504 3052 1866 3124 paupertatis,
1898 3061 2006 3105 tum

428 3148 602 3202 :rtatis
624 3188 638 3208 ,
668 3159 777 3219 tum
805 3162 966 3201 sexus
1002 3146 1250 3210 nomine,
1294 3145 1642 3200 immoderata
1670 3144 1894 3214 quadam
1931 3143 2011 3197 lo-

425 3239 620 3309 quendi
651 3239 897 3293 libertate
923 3239 1123 3292 utitur:
1151 3237 1229 3291 sic
1257 3237 1399 3293 enim
1424 3236 1803 3306 congruentius
1827 3235 2010 3302 loque-

426 3346 575 3386 mur:
607 3332 906 3401 importune
934 3331 1183 3393 clamant,
1214 3330 1308 3384 abs
1329 3345 1391 3384 re
1414 3338 1708 3399 queruntur
1728 3336 1783 3381 et
1804 3327 2009 3381 lamen-

428 3432 629 3487 tantur,
660 3424 746 3477 ubi
779 3423 962 3491 gratia:
1000 3431 1154 3476 erant
1180 3421 1473 3485 habcudm;
1506 3422 1750 3475 incusant
1788 3420 1876 3474 ubi
1903 3421 2015 3473 latt-

428 3513 663 3568 dandum
692 3520 845 3567 erat:
896 3513 1312 3581 prmfectumque
1351 3522 1557 3581 oportet
1596 3512 1770 3565 omnia
1810 3511 2015 3565 fortiter

430 3605 589 3669 ferre,
620 3620 791 3675 neque
815 3603 886 3658 ob
913 3604 1242 3671 importunus
1270 3604 1412 3658 rixas
1442 3602 1526 3675 vel
1549 3602 1805 3656 absurdus
1830 3615 2016 3671 quere-

431 3693 512 3748 las
562 3695 639 3748 ira
679 3696 1022 3748 commoveri.
1058 3695 1268 3748 Illarum
1311 3695 1452 3748 cnim
1489 3673 1772 3749 iu'elicitas
1809 3691 2017 3745 miseri-

430 3785 664 3841 cordiam
693 3785 884 3855 potius,
913 3802 1070 3856 quam
1096 3786 1466 3841 contumeliam
1490 3796 1753 3842 meretur:
1781 3786 2014 3854 ipsarum

431 3885 609 3929 autem
664 3877 916 3930 mrumnis
986 3877 1236 3929 insultare
1270 3917 1287 3939 ,
1350 3888 1401 3930 et
1464 3878 1791 3946 paupertatis
1843 3874 2015 3929 dolori

428 3968 803 4020 contumeliam
848 3966 1083 4028 addere,
1121 3978 1396 4030 ,extremze
1455 3968 1782 4023 crudelitatis
1837 3966 2014 4019 fuerit.

433 4057 793 4123 Quamobrem
846 4059 927 4112 vir
969 4059 1182 4129 quidam
1239 4062 1698 4128 sapientissimus,
1740 4061 2015 4115 avaritiam

431 4150 846 4218 superbiamque
899 4152 1143 4205 lmmanm
1178 4132 1383 4207 natitra:
1408 4153 1757 4207 considerans
1778 4195 1792 4218 ,
1820 4168 2017 4222 gnarus

432 4249 802 4309 paupertatem
833 4240 1131 4310 hujusmodi
1158 4257 1297 4304 esse,
1329 4251 1385 4295 nt
1414 4244 1585 4311 possit
1612 4243 1691 4297 vel
1714 4244 2016 4312 generosis-

431 4333 624 4386 simum
652 4333 886 4386 animum
911 4332 1161 4401 dejicere.
1193 4349 1363 4402 eoque
1384 4334 1646 4389 deducere
1674 4342 1734 4387 ut
1753 4333 1938 4388 iisdem
1965 4336 2017 4387 iu

438 4423 599 4476 rebus
623 4424 817 4490 smpius
839 4424 1174 4492 impudenter
1195 4433 1335 4493 agat,
1365 4439 1433 4477 ne
1455 4426 1572 4493 quis
1594 4424 1897 4492 petentibus
1919 4425 2029 4480 illis

434 4513 695 4566 irascatur
714 4553 728 4572 ,
759 4528 897 4577 neu,
929 4514 1292 4580 frequentibus
1317 4529 1498 4567 eorum
1529 4516 1772 4583 precibus
1799 4531 2023 4584 exaspe-

434 4610 603 4666 mtus,
632 4600 858 4656 infestus
899 4602 1087 4655 evadat
1118 4603 1236 4666 ille,
1269 4604 1357 4669 qui
1388 4619 1542 4670 opem
1575 4602 1715 4657 ferre
1737 4604 1933 4669 debet,
1964 4613 2020 4658 ut

434 4706 554 4745 sese
601 4690 780 4745 mitem
811 4700 866 4744 et
910 4692 1053 4745 aditu
1095 4694 1295 4746 facilem
1346 4694 1597 4748 exhibeat
1651 4695 1892 4748 hortatur
1938 4695 2019 4749 his

434 4782 650 4836 verbis:
702 4779 902 4835 Inc/ina
935 4786 1143 4854 pauperi
1178 4786 1287 4838 sine
1324 4785 1523 4838 tristitia
1550 4802 1719 4837 nui-em
1749 4797 1883 4837 tuam
1907 4827 1922 4851 ,
1971 4798 2020 4841 et

432 4872 681 4941 responde
699 4871 774 4926 illi
799 4876 850 4926 in
872 4876 1255 4927 mansuetudine
1278 4877 1491 4945 paci/ira
1514 4875 1532 4947 (
1561 4876 1716 4929 Errli.
1743 4876 1793 4931 4.
1826 4877 1858 4931 8
1880 4876 1897 4945 )
1923 4897 1934 4930 :
1958 4894 2021 4932 ac

435 4962 656 5017 missum
681 4964 874 5017 faciens
902 4979 1022 5017 eum
1054 4965 1142 5032 qui
1165 4975 1446 5033 exasperat
1474 4965 1635 5034 (quid
1664 4967 1803 5020 enim
1821 4966 2019 5035 jacenti

433 5052 711 5121 dixeris?)
742 5070 861 5107 eutn
883 5055 1169 5123 alloquitur
1204 5057 1292 5123 qui
1340 5056 1454 5122 ejus
1493 5057 1852 5112 inﬁrmitatem
1885 5059 2020 5114 ferre

439 5142 623 5207 possit,
653 5157 894 5203 monens.
928 5153 985 5197 ut
1010 5143 1187 5197 vultus
1207 5145 1457 5199 blanditie
1477 5162 1538 5199 ac
1565 5148 1843 5201 verborum
1866 5165 2017 5204 mau-

435 5230 718 5283 suetudiue
757 5232 914 5285 etiam
953 5243 1074 5286 ante
1102 5233 1335 5286 oblatum
1380 5234 1575 5288 doumn
1615 5236 1785 5304 ipsam
1829 5239 2016 5308 erigat.

438 5316 589 5382 Quod
618 5317 662 5371 si
693 5321 810 5386 quis
850 5322 1055 5374 illarmn
1096 5324 1311 5391 quidem
1346 5324 1482 5377 bona
1525 5342 1627 5379 non
1659 5338 1896 5396 usurpet,
1926 5330 2017 5383 sed

441 5407 739 5464 innumeris
785 5412 924 5479 ipsas
968 5415 1222 5469 conviciis
1265 5426 1314 5469 et
1345 5420 1680 5473 contumeliis
1717 5431 1935 5481 oneret,
1965 5431 2020 5474 et

441 5497 696 5553 adversus
719 5504 1105 5569 easirritctur,
1147 5521 1250 5560 non
1284 5508 1439 5560 modo
1469 5520 1828 5578 paupertatem
1858 5511 2016 5579 largi-

446 5588 588 5643 tione
620 5605 724 5643 non
752 5594 1016 5657 sublevat,
1046 5596 1141 5651 sed
1169 5597 1530 5652 calamitatem
1560 5600 1726 5669 ipsam
1766 5588 2020 5656 conviciis

443 5688 612 5743 auget.
640 5680 854 5736 Etiamsi
876 5685 1014 5739 enim
1037 5687 1105 5741 ob
1126 5689 1322 5744 ventris
1344 5693 1710 5747 necessitatem
1733 5694 2017 5748 admodum

450 5767 782 5838 impudentes
826 5790 941 5831 esse
982 5790 1274 5849 cogantur,
1326 5792 1557 5839 attamen
1606 5786 1673 5840 de
1718 5786 2018 5856 hujusmodi

1122 375 1180 433 s.
1220 373 1500 433 JOANNIS
1535 338 2012 426 cunrsosrout
2053 364 2372 420 ARClll-EP.
2413 363 2957 425 cossranrmor.

3594 375 3696 434 656

2118 478 2366 534 violentia
2408 480 2610 534 dolent.
2640 481 2772 536 Cum
2815 484 2991 554 itaque
3021 483 3175 542 famis
3214 488 3512 557 ingruentis
3556 504 3701 548 metu

2111 570 2413 625 mendicare
2436 581 2717 641 coguntur.
2741 582 2794 628 et
2820 575 3172 632 mendicando
3193 579 3534 648 impudentes
3559 599 3696 647 esse,

2108 677 2170 716 ac
2196 679 2405 718 rursum
2436 662 2759 735 impudentia
2800 666 2886 720 illa
2924 672 3297 727 contumeliam
3326 675 3433 742 pati
3459 716 3476 738 ,
3524 680 3701 729 mutti-

2108 750 2293 807 formis
2311 756 2577 824 quredam,
2604 766 2660 811 et
2687 767 2920 814 mentem
2942 761 3167 830 caligine
3187 762 3473 819 oﬂ‘uudeus
3498 766 3702 823 doloris

2109 844 2188 896 vis
2218 858 2403 898 earum
2443 848 2652 903 animos
2677 860 2925 919 occupat.
2951 850 3175 921 Oportet
3223 869 3347 909 vero
3390 865 3698 911 curatorem

2107 949 2292 988 earum
2334 946 2479 991 tanta
2508 953 2631 994 esse
2658 942 3091 1011 :rquanimitate,
3121 954 3180 999 ut
3225 961 3330 999 non
3360 946 3529 1001 modo
3569 950 3700 1002 indi-

2107 1028 2358 1096 gnatione
2388 1044 2481 1083 sua
2508 1031 2754 1088 dolorem
2781 1052 2887 1088 non
2916 1046 3108 1108 augeat
3131 1077 3146 1100 ,
3179 1038 3272 1093 scd
3298 1039 3464 1094 etiam
3507 1042 3699 1095 cohor-

2110 1119 2310 1175 tatioue
2343 1136 2437 1175 sua
2476 1139 2764 1180 mret-orem
2797 1128 3021 1199 mitiget.
3068 1129 3199 1184 Nam
3242 1134 3696 1202 quemadmodum

2109 1212 2204 1281 qtti
2246 1216 2564 1270 Contumelia
2596 1217 2861 1285 afﬁcitur,
2901 1229 2957 1275 et
2990 1222 3036 1276 si
3066 1224 3404 1279 facultatibus
3432 1226 3687 1291 abundet,

2108 1304 2450 1371 pecuniarum
2479 1308 2820 1363 commodum
2850 1327 2958 1366 non
2987 1314 3153 1368 sentit
3180 1316 3249 1369 ob
3281 1316 3544 1371 inllictam
3572 1335 3698 1370 con-

2109 1394 2339 1448 tumelize
2365 1395 2568 1466 plagam
2588 1416 2602 1461 ;
2629 1397 2699 1452 ita
2719 1401 2808 1469 qui
2830 1401 3021 1459 blande
3039 1416 3094 1459 et
3117 1406 3308 1461 leniter
3324 1408 3695 1476 compellatur.

2106 1494 2304 1539 etcum
2333 1489 2699 1546 consolatione
2737 1491 2936 1548 dontun
2976 1497 3200 1566 accipit,
3240 1498 3438 1567 gaudet
3467 1511 3518 1554 et
3553 1500 3697 1554 laetae

2111 1588 2214 1643 tur,
2237 1578 2539 1652 duplexque
2560 1601 2751 1640 munus
2778 1601 2842 1641 ex
2868 1587 3119 1658 largiendi
3151 1590 3311 1644 modo
3326 1593 3693 1661 consequitur.

2109 1667 2235 1723 ll.ec
2261 1686 2419 1739 porro
2445 1690 2549 1726 non
2575 1690 2605 1728 a
2635 1678 2840 1746 meipso
2863 1719 2876 1740 ,
2907 1678 3000 1732 sed
3031 1679 3099 1733 ab
3126 1681 3236 1745 illo,
3265 1683 3354 1751 qui
3383 1683 3550 1752 paulo
3578 1694 3696 1738 ante

2110 1756 2440 1829 hortabatur,
2474 1764 2679 1834 loquor.
2708 1767 2841 1823 Nam
2872 1768 2993 1832 Fili,
3026 1771 3195 1842 inquit
3221 1813 3237 1838 ,
3265 1775 3316 1827 in
3345 1775 3492 1829 bonis
3532 1792 3595 1829 ne
3616 1778 3698 1830 des

2108 1852 2429 1917 vituperium,
2459 1865 2504 1907 et
2531 1857 2582 1909 in
2612 1860 2749 1912 omni
2775 1860 2908 1914 dono
2946 1862 3171 1918 dolorem
3200 1866 3484 1919 verborum.
3521 1867 3701 1921 Nonne

2107 1953 2283 1997 (catum
2313 1962 2395 1999 ros
2437 1947 2665 2002 sedabit?
2705 1948 2790 2003 Ila
2831 1952 3008 2006 melius
3034 1964 3107 2007 est
3132 1957 3334 2009 verbum
3377 1956 3537 2012 dono.
3573 1958 3701 2012 Ecce

2108 2036 2240 2088 enim
2277 2037 2478 2090 verbum
2504 2040 2688 2093 bonum
2715 2052 2786 2094 cst
2811 2043 2925 2111 plus
2948 2060 3097 2112 quam
3114 2045 3303 2099 donum
3319 2090 3332 2107 ,
3363 2059 3410 2102 et
3442 2061 3703 2121 utrumque

2107 2134 2179 2178 est
2202 2126 2344 2194 apud
2372 2129 2529 2181 virum
2572 2132 2848 2200 gratiosum
2879 2132 3076 2203 (Ecrli.
3108 2138 3193 2191 18.
3240 2138 3462 2209 iii-l7).
3494 2140 3698 2194 ll’arnm

2109 2217 2235 2273 item
2266 2220 2572 2288 praefectum
2604 2239 2707 2276 non
2737 2226 2918 2280 mitem
2945 2238 3146 2281 tantum
3176 2239 3229 2284 et
3263 2234 3577 2299 patientem,
3608 2236 3695 2288 Sed

2111 2311 2331 2379 perinde
2356 2315 2746 2369 (econonticum
2775 2332 2894 2372 esse
2922 2330 3166 2386 oportet:
3208 2322 3257 2375 id
3285 2337 3416 2377 vero
3444 2325 3488 2377 si
3520 2324 3697 2378 abfue-

2109 2401 2197 2465 rit,
2223 2416 2436 2455 rursum
2468 2419 2757 2473 pauperum
2792 2406 3070 2464 facultates
3093 2410 3144 2464 in
3174 2412 3313 2466 idem
3335 2413 3593 2468 damnum
3621 2432 3699 2467 re-

2109 2493 2313 2547 cidunt.
2356 2493 2537 2565 Nuper
2566 2496 2708 2550 enim
2754 2500 2875 2568 quis
2918 2499 3042 2554 huic
3086 2502 3388 2558 ministerio
3434 2504 3697 2570 adscitus,

2112 2584 2273 2638 multa
2290 2585 2405 2639 auri
2426 2587 2472 2639 vi
2491 2587 2733 2653 collecta,
2760 2590 2871 2660 ipso
2897 2607 2962 2646 ne
2980 2593 3327 2663 consumpsit,
3353 2612 3529 2666 neque
3549 2612 3701 2667 egeo.

2114 2679 2254 2733 tibus
2278 2722 2292 2745 ,
2340 2682 2521 2749 paucis
2561 2683 2836 2752 exceptis,
2876 2682 3188 2750 distribuit;
3234 2688 3522 2741 maximam
3584 2704 3701 2743 vero

2113 2782 2315 2841 partem
2363 2782 2503 2827 terra
2544 2774 2756 2838 obruit,
2784 2774 2954 2830 donec
2999 2778 3410 2846 superveniente
3458 2780 3702 2834 tumultus

2116 2873 2357 2932 tempore
2398 2864 2629 2918 hostium
2673 2867 2918 2922 manibus
2961 2868 3105 2923 illam
3133 2868 3366 2923 tradidit.
3400 2868 3586 2940 Magna
3616 2873 3702 2923 ita.

2117 2969 2223 3023 que
2250 2955 2579 3023 providentia
2605 2965 2688 3011 est
2731 2972 2866 3026 opus
2886 2999 2901 3024 ,
2933 2969 2989 3013 ut
3014 2960 3265 3015 Ecclesia:
3309 2960 3585 3016 facultates
3613 2977 3703 3017 nec

2114 3046 2451 3111 redundent,
2481 3064 2580 3103 nec
2604 3049 2882 3106 deficiant:
2930 3053 3025 3107 sed
3056 3071 3173 3122 qua:
3204 3067 3496 3127 emgantur
3536 3057 3701 3112 omnia

2115 3138 2292 3192 statim
2319 3149 2442 3192 sunt
2468 3142 2649 3209 egenis
2677 3141 3044 3199 distribuenda
3062 3186 3077 3210 ,
3109 3155 3269 3216 atque
3297 3149 3348 3203 in
3374 3150 3700 3203 subditorum

2115 3230 2204 3297 pio
2229 3231 2504 3301 proposito
2551 3230 2804 3286 Ecclesia:
2851 3233 3085 3288 thesauri
3133 3238 3419 3306 colligendi
3466 3250 3605 3293 sunt.
3650 3238 3701 3291 In

2117 3322 2417 3392 hospitibus
2445 3334 2624 3379 autem
2651 3326 2994 3394 excipiendis,
3031 3337 3086 3382 et
3109 3328 3159 3381 iu
3189 3330 3447 3384 curandis
3474 3333 3696 3401 aigrotis,

2117 3423 2316 3484 quanto
2345 3424 2498 3483 putas
2523 3431 2657 3484 npus
2678 3432 2801 3472 esse
2843 3419 3183 3487 pecuniarum
3211 3433 3428 3491 sumptu
3457 3466 3472 3490 ,
3520 3432 3700 3493 quanta

2118 3508 2487 3576 praefectorum
2517 3507 2784 3578 diligentia
2825 3510 3249 3580 prudentiaque?
3277 3513 3427 3567 llanc
3454 3515 3592 3570 enim
3619 3529 3700 3566 cx-

2123 3614 2345 3669 pensatu
2377 3599 2462 3653 illa
2496 3616 2600 3654 non
2649 3601 2908 3655 minorem
2935 3644 2948 3666 ,
2979 3603 3087 3656 imo
3113 3617 3256 3673 smpe
3284 3604 3545 3673 majorem
3590 3618 3699 3657 οδω

2128 3704 2351 3743 necesse
2381 3699 2481 3743 est.
2514 3686 2937 3761 Prmfectumquc
2968 3694 3137 3763 ipsum
3170 3696 3220 3748 in
3254 3696 3535 3765 largitione
3561 3696 3700 3750 decet

2120 3783 2473 3836 reverentiam
2504 3792 2559 3836 et
2581 3784 2911 3851 prudentiam
2950 3785 3239 3850 adhibere;
3269 3802 3375 3855 quo
3406 3790 3494 3852 iis,
3537 3785 3619 3858 qui
3650 3776 3711 3838 re"

2121 3871 2365 3926 familiari
2390 3873 2697 3939 abundant,
2728 3875 2947 3930 suadeat
2970 3918 2983 3937 .
3013 3888 3069 3931 ut
3094 3881 3335 3932 certatim
3382 3889 3437 3935 et
3480 3881 3701 3935 hilariter

2121 3977 2215 4018 sua
2239 3964 2375 4017 dona
2397 3974 2635 4033 erogent,
2670 3982 2738 4021 ne
2765 3967 2888 4021 dum
2920 3969 3249 4023 infirmorum
3276 3971 3562 4024 connnodo
3583 3984 3699 4039 pro-

2121 4054 2297 4122 spicit,
2331 4055 2687 4110 benelicorum
2713 4060 2922 4112 animos
2949 4070 3248 4128 eanperet.
3286 4061 3382 4115 llic
3410 4077 3572 4129 porro
3592 4073 3698 4113 ma-

2118 4145 2291 4215 jorem
2328 4147 2655 4202 alacritatem
2683 4158 2738 4202 et
2770 4149 3094 4219 diligentiam
3123 4149 3373 4207 ekhibere
3411 4152 3654 4207 convenit
3681 4164 3694 4202 :

2123 4248 2246 4294 sunt
2290 4242 2431 4295 enim
2475 4244 2598 4310 a-gri
2632 4245 2825 4299 morosi
2856 4256 2909 4299 et
2934 4261 3156 4315 segnes:
3203 4262 3266 4300 ac
3295 4247 3394 4301 nisi
3442 4259 3698 4301 summam

2125 4331 2355 4400 undique
2382 4332 2708 4401 diligentiam
2739 4351 3030 4404 curamque
3060 4336 3316 4391 adhibeas
3342 4379 3358 4401 ,
3391 4339 3477 4393 vel
3507 4334 3695 4390 tantilla

2123 4421 2340 4490 quidem
2373 4425 2688 4493 negligentia
2722 4436 2894 4494 potest
2934 4443 3122 4497 magna
3150 4431 3427 4498 :egrotanti
3451 4429 3582 4483 mala
3609 4427 3694 4479 itu-

2124 4523 2355 4579 portare.

2197 4607 2281 4660 17.
2327 4608 2558 4674 Quantus
2582 4609 2646 4661 sit
2674 4610 2725 4662 in
2772 4608 3129 4679 gubernatione
3170 4610 3418 4681 virginum
3446 4614 3608 4664 timor.
3633 4635 3681 4645 -—

2123 4696 2275 4761 Quod
2310 4697 2374 4750 ad
2417 4699 2676 4766 virginum
2717 4716 2898 4753 curam
2930 4702 3137 4766 attinet,
3188 4711 3334 4755 tanto
3366 4705 3535 4773 major
3558 4701 3695 4752 adest

2125 4796 2316 4851 metus,
2365 4798 2564 4858 quanto
2590 4790 2887 4859 depositum
2922 4793 3220 4860 pretiosius,
3266 4803 3320 4847 et
3349 4805 3543 4866 quanto
3583 4802 3693 4856 rege

2123 4879 2331 4949 diguim-
2360 4880 2440 4932 hic
2458 4895 2585 4949 grex
2611 4894 2709 4945 est,
2741 4898 2897 4951 quam
2916 4884 3023 4937 alii.
3052 4883 3229 4954 Nuper
3254 4887 3394 4938 enim
3421 4889 3690 4939 innumero:

2124 4967 2175 5023 in
2207 4981 2507 5023 sanctarum
2547 4971 2847 5040 lmjusmodi
2875 4974 3098 5027 chorum
3134 4977 3419 5042 ingressm,
3465 4976 3691 5038 vitiisque

2125 5060 2303 5112 multis
2334 5060 2563 5124 referta',
2593 5061 2930 5115 debacchatm
2956 5074 3096 5116 sunt.
3133 5064 3226 5118 Hic
3249 5081 3374 5119 vero
3400 5067 3565 5117 luctus
3586 5075 3690 5111 Ina-

2120 5151 2207 5217 jor
2236 5149 2332 5202 fuit
2362 5165 2374 5200 :
2404 5166 2466 5203 ac
2491 5152 2934 5219 quemadmodum
2967 5172 3070 5207 non
3098 5157 3315 5223 perinde
3352 5168 3430 5209 est
3467 5152 3691 5225 pucllnne

2129 5241 2315 5304 libera,
2338 5256 2403 5293 an
2433 5242 2547 5310 ejus
2576 5245 2764 5296 ancilla
2795 5257 2975 5313 peccet
3006 5263 3021 5299 :
3066 5247 3132 5299 ita
3166 5265 3268 5300 non
3299 5249 3520 5317 idipsun:
3552 5254 3624 5298 est
3651 5238 3689 5292 si

2124 5332 2272 5400 virgo
2301 5349 2365 5384 an
2398 5333 2573 5386 vidua.
2609 5335 2699 5388 llis
2725 5337 2865 5389 enim
2892 5347 2947 5391 et
2977 5338 3181 5405 nugari,
3216 5348 3269 5392 et
3301 5342 3494 5393 tnutuis
3519 5332 3686 5389 convi-

2123 5422 2220 5475 ciis
2247 5423 2555 5490 litigare,vet
2582 5425 2784 5479 adulari
2811 5437 2863 5479 et
2900 5428 3236 5495 impudenter
3266 5444 3442 5497 agere,
3491 5436 3542 5480 et
3575 5439 3686 5477 nn~~

2124 5532 2279 5583 quam
2313 5532 2414 5570 non
2444 5534 2698 5586 apparere
2725 5531 2778 5573 et
2810 5521 2857 5573 in
2889 5520 3003 5573 foro
3033 5536 3173 5590 Stt‘pe
3198 5523 3489 5587 ambulare,
3522 5521 3570 5572 in
3602 5527 3686 5567 US"

2124 5606 2383 5674 frequenti
2423 5617 2523 5662 est.
2566 5609 2724 5678 Virgo
2754 5622 2928 5666 autem
2960 5613 3130 5679 majus
3160 5625 3427 5666 certamen
3458 5610 3596 5669 adiit,
3641 5609 3687 5656 et

2125 5715 2425 5769 supremam
2474 5701 2859 5771 philosophiam
2916 5712 3167 5770 sectatur,
3227 5706 3594 5774 proliteturqne
3635 5708 3685 5745 se

2134 5790 2424 5861 argolicum
2460 5794 2616 5846 vitam
2651 5792 2701 5845 in
2735 5800 2873 5849 terra
2910 5794 3127 5860 ducere,
3176 5810 3236 5849 ac
3263 5810 3384 5849 cum
3427 5796 3519 5847 hac
3542 5795 3682 5842 carne
