3942 6380
173 428 260 484 εετ
1341 408 1429 463 DE
1467 406 1916 463 SACERDOTIO.
1955 406 2082 462 UB.
2127 406 2211 463 Ill.

168 551 262 607 qua:
297 535 714 601 incorporearum
757 533 876 581 sunt
915 529 1231 593 potestatum
1266 519 1366 573 sibi
1407 518 1702 588 praestanda

167 619 399 699 proponit.
434 620 546 677 Nec
584 622 702 675 licet
740 618 787 672 ei
831 615 1135 686 frequenter
1182 622 1234 667 et
1267 612 1521 665 inutiliter
1566 610 1707 664 foras

166 715 397 791 progredi,
426 727 528 768 nec
558 713 713 767 verba
753 707 924 764 iutilia
951 721 1188 775 vanaque
1218 702 1456 774 proferre
1481 720 1494 753 :
1526 702 1710 756 convi-

164 809 218 865 cii
256 816 304 862 et
346 802 661 861 adulationis
702 815 767 857 ne
818 813 1010 852 nomen
1046 796 1259 866 quidem
1300 793 1442 848 norit
1477 799 1706 860 Oportet.

161 902 456 968 Quapropter
471 893 770 948 firmissima
788 889 1095 944 custodiaet
1108 885 1292 955 majori
1308 882 1551 954 praesidio
1578 895 1712 951 opus

165 991 333 1045 habet:
381 1001 503 1040 nam
548 980 837 1043 sanctitatis
872 978 1040 1032 hostis
1084 977 1225 1046 ipsas
1255 973 1421 1043 magis
1461 972 1710 1025 observat

164 1079 435 1146 insidiisque
461 1074 691 1145 appetit,
732 1071 801 1129 ad
831 1067 1189 1124 devorandum
1237 1072 1449 1136 paratus
1479 1063 1522 1116 si
1551 1076 1708 1131 quam

160 1172 387 1226 labentem
415 1166 800 1234 cadentemque
827 1161 1001 1214 videat
1031 1176 1046 1215 :
1088 1157 1361 1210 hominum
1391 1155 1515 1210 item
1556 1152 1709 1206 multi

159 1259 265 1327 ipsis
288 1256 617 1317 insidiantur,
639 1268 758 1308 cum
782 1253 950 1321 iisque
973 1248 1217 1326 omnibus
1244 1255 1445 1301 natura:
1471 1243 1710 1314 petulan-

159 1323 233 1402 tia.
260 1348 308 1401 ln
328 1360 533 1403 summa
560 1344 755 1412 duplex
788 1341 985 1398 bellum
1012 1339 1079 1391 ab
1103 1323 1174 1393 ea.
1192 1337 1412 1407 geritur,
1439 1334 1581 1391 aliud
1609 1349 1706 1389 ex-

161 1441 386 1498 trinsecus
436 1437 784 1495 incumbens.
848 1432 989 1492 aliud
1034 1430 1350 1485 intrinsecus
1396 1426 1706 1483 obturbans.

160 1532 259 1588 Ideo
281 1545 492 1602 magnus
521 1530 685 1584 instat
709 1525 939 1583 curatori
973 1523 1148 1586 timor,
1186 1519 1355 1591 majus
1392 1517 1707 1588 periculum,

163 1623 287 1679 dolor
309 1624 509 1693 ingens,
559 1620 602 1672 si
633 1616 757 1688 quid
786 1624 974 1673 contra
999 1612 1161 1667 animi
1188 1611 1529 1671 sententiam,
1569 1607 1709 1677 quod

162 1715 288 1776 absit,
330 1710 556 1771 accidat.
609 1709 741 1763 Nam
772 1707 818 1761 si
865 1704 997 1775 patri
1030 1704 1140 1773 ﬁlia
1175 1700 1404 1759 occulta‘
1453 1698 1712 1771 vigilantia

163 1804 317 1874 (Eccli.
340 1803 426 1859 42.
448 1802 505 1874 9)
532 1810 638 1865 est,
685 1808 740 1854 et
775 1795 1080 1853 sollicitudo
1117 1794 1231 1863 ejus
1268 1805 1513 1847 somnum
1552 1788 1618 1842 ab
1645 1802 1712 1843 eo

165 1895 364 1964 depellit,
386 1894 607 1951 timente
632 1905 700 1945 ne
724 1898 813 1943 aut
832 1887 1039 1945 sterilis,
1054 1886 1145 1951 sit,
1176 1885 1257 1939 vel
1284 1883 1515 1939 nubilem
1535 1892 1711 1934 trans-

167 1985 394 2054 grediatur
410 1992 650 2049 letalem,
678 1981 762 2036 vel
794 1994 980 2049 perosa
1007 1977 1075 2031 sit
1098 1975 1310 2047 conjugi
1341 1989 1357 2030 :
1397 1972 1520 2043 quid
1546 1972 1715 2043 patie-

169 2081 308 2146 turis,
331 2078 416 2151 qui
449 2076 643 2130 horum
674 2074 888 2144 quidem
912 2069 1061 2136 nihil,
1084 2067 1176 2125 sed
1199 2067 1299 2122 alia
1324 2066 1390 2120 iis
1417 2065 1573 2134 longe
1592 2078 1711 2133 gra-

166 2172 281 2224 viora
301 2165 521 2223 metuit?
547 2164 731 2236 Neque
756 2162 842 2217 hic
862 2162 941 2217 vir
958 2159 1227 2216 contemni
1249 2165 1447 2228 potest,
1472 2155 1568 2210 sed
1596 2155 1710 2224 ipse

165 2258 366 2315 Christus
394 2275 407 2310 :
438 2270 615 2325 neque
639 2253 889 2309 sterilitas
918 2252 970 2305 in
992 2249 1331 2320 ignominiam
1361 2254 1585 2313 tantum,
1617 2244 1711 2300 scd

165 2351 322 2405 malum
344 2350 393 2402 in
416 2346 709 2419 perniciem
733 2346 925 2407 anima:
943 2342 1158 2398 desinit.
1178 2339 1312 2395 Nam
1337 2337 1514 2394 Omnis
1537 2339 1707 2404 arbor,

152 2440 235 2505 ait,
258 2456 359 2509 qua:
382 2455 485 2492 non
506 2438 635 2509 facit
652 2436 875 2506 fructum
905 2435 1110 2500 bonum,
1137 2431 1395 2489 excidatur
1414 2438 1457 2485 et
1476 2431 1529 2485 in
1544 2430 1711 2505 ignem

164 2533 347 2585 mittetur
376 2530 594 2602 (Matth.
622 2530 675 2584 3.
701 2527 810 2599 10).
857 2527 918 2581 Εἰ
947 2541 1074 2581 vero
1095 2541 1213 2595 qua:
1244 2525 1298 2579 in
1322 2523 1503 2592 sponsi
1530 2522 1709 2576 odium

163 2621 365 2688 incurrit,
394 2636 498 2674 non
540 2620 673 2674 satis
700 2627 781 2673 est
809 2624 1027 2686 accepto
1062 2613 1271 2684 repudii
1310 2613 1492 2669 libello
1523 2611 1707 2676 abire;

162 2712 241 2766 ted
254 2713 349 2767 odii
369 2712 506 2766 illius
537 2723 730 2780 poenas
758 2708 875 2771 luit,
907 2705 1224 2776 supplicium
1245 2713 1522 2759 aeternum.
1554 2701 1711 2757 Certe

164 2810 285 2870 pater
309 2801 535 2856 carnalis
570 2798 734 2852 multa
759 2796 941 2862 habet,
963 2810 1083 2866 quae
1114 2794 1321 2851 mellea:
1349 2793 1449 2864 ipsi
1477 2792 1714 2851 Μίθρης

163 2893 349 2948 stodiam
374 2893 639 2957 reddant;
677 2905 798 2945 nam
832 2899 888 2945 et
914 2899 1084 2942 mater
1110 2897 1164 2942 et
1191 2886 1371 2941 nutrix
1399 2894 1454 2940 et
1486 2884 1712 2940 famula-

164 2999 255 3037 nnn
279 2985 421 3038 turba
458 2994 515 3039 et
547 2982 737 3038 domus
774 2979 998 3035 firmitas
1037 2987 1313 3048 parentem
1353 2977 1420 3031 ad
1456 2976 1711 3045 virginem

163 3075 435 3137 servandam
452 3075 666 3146 juvant.
687 3070 871 3141 Netu
893 3067 1300 3131 enimginforum
1320 3082 1449 3129 eam
1462 3066 1712 3136 frequen-

166 3168 442 3238 tcrprodire
477 3167 646 3232 sinit;
692 3178 871 3233 neque
909 3164 961 3219 sit
983 3162 1237 3232 prodeat,
1256 3160 1483 3229 cuipiam
1519 3173 1712 3217 occur-

166 3259 353 3314 rentium
390 3271 668 3329 apparere
696 3254 921 3327 cogitur,
962 3269 1095 3313 cum:
1124 3250 1445 3321 vespentiuae
1479 3249 1715 3307 tenebras

164 3350 360 3421 conspici
415 3348 625 3405 nolenti
674 3362 780 3402 non
842 3347 1103 3409 minorem
1137 3343 1351 3403 obicem
1395 3339 1713 3408 obtendant,

164 3459 289 3511 quam
358 3443 603 3514 parietes
667 3439 878 3498 domus.
944 3438 1152 3497 Prteten
1203 3434 1321 3491 hmo
1381 3449 1509 3490 vero
1571 3434 1716 3491 nulla

164 3532 313 3587 subest
329 3547 504 3597 musa,
542 3545 662 3602 qua
690 3529 833 3585 illam
854 3542 1102 3598 umquam
1125 3524 1194 3581 ad
1220 3525 1456 3580 virorum
1482 3538 1713 3592 conspe-

164 3631 277 3677 ctum
301 3624 470 3695 adigat
499 3641 517 3677 :
551 3635 724 3691 neque
747 3619 888 3675 enim
916 3633 1101 3672 rerum.
1119 3614 1712 3679 necessarias-umentia,

168 3726 303 3780 neque
338 3712 651 3769 hrdentium
686 3709 967 3774 molestiae,
1009 3721 1184 3776 neque
1227 3705 1403 3761 simile
1447 3703 1713 3773 quidpiam

167 3798 276 3856 illam
303 3803 352 3857 in
380 3804 499 3858 talis
542 3813 860 3872 congressus
895 3797 1265 3853 necessitatem
1296 3794 1559 3864 impellit:
1592 3808 1714 3849 cum

167 3890 224 3945 illi
249 3902 379 3960 pater
403 3896 521 3949 vice
544 3891 782 3948 omnium
810 3889 899 3957 sit,
932 3888 1046 3959 ipsa
1075 3901 1200 3943 vero
1225 3901 1383 3941 unam
1406 3885 1602 3941 habeat
1619 3899 1715 3939 cn-

166 3995 274 4050 ram,
312 3994 365 4039 ut
399 3985 539 4039 nihil
563 3983 649 4037 vel
674 3990 795 4051 agat
829 3982 915 4035 vel
944 3980 1190 4048 loquatur
1214 3977 1356 4047 quod
1379 3976 1714 4033 honestatem

165 4071 399 4131 dedeceat.
427 4077 497 4130 At
532 4073 623 4128 hic
646 4072 810 4129 multa
837 4079 962 4127 sunt
987 4085 1108 4140 qua:
1130 4068 1428 4123 custodiam
1458 4067 1591 4136 patri
1613 4066 1717 4121 dif-

165 4162 343 4229 ficilem,
387 4167 496 4226 imo
548 4172 665 4221 arte
708 4163 1036 4232 superiorem
1076 4159 1321 4217 reddant.
1365 4158 1548 4228 Neque
1573 4158 1716 4213 enim

165 4264 307 4321 potest
327 4271 440 4313 eam
463 4256 612 4310 intus
633 4268 814 4309 secum
842 4250 1038 4306 habere
1083 4267 1098 4304 :
1143 4249 1248 4304 hoc
1286 4249 1483 4319 quippe
1521 4257 1714 4303 contu.

166 4344 374 4404 bernium
410 4362 514 4404 nec
550 4345 832 4403 honestum
861 4350 1023 4409 esset,
1071 4355 1171 4397 nec
1209 4340 1447 4411 periculo
1481 4348 1715 4395 vacaret.

166 4433 287 4491 Licet
308 4439 441 4495 enim
472 4437 603 4496 hinc
640 4435 745 4489 illis
768 4433 898 4488 nihil
928 4431 1108 4488 damni
1134 4430 1366 4496 adesset,
1409 4428 1504 4485 sed
1534 4444 1713 4485 veram

165 4529 459 4585 sanctitatem
522 4540 739 4582 servare
784 4530 1099 4595 pergerent,
1144 4535 1252 4577 non
1289 4521 1551 4576 minorem
1589 4518 1715 4574 red-

166 4617 296 4675 dituri
321 4630 498 4681 essent
535 4620 804 4679 rationem
838 4630 937 4686 pro
976 4615 1042 4671 iis
1088 4612 1385 4677 animabus,
1412 4612 1603 4683 quibus
1629 4609 1715 4667 of-

165 4708 396 4770 fendiculo
435 4714 686 4775 fuissent,
728 4724 887 4789 quam
921 4709 965 4766 si
1007 4707 1527 4779 ambopeccassent.
1581 4705 1715 4763 Cum

168 4811 314 4858 autem
339 4805 387 4860 id
417 4804 536 4863 ﬁeri
564 4811 812 4873 nequeat,
841 4816 948 4857 non
974 4798 1127 4854 facile
1157 4799 1255 4868 ipsi
1281 4807 1366 4857 est
1384 4799 1576 4853 anima:
1602 4812 1717 4852 mo-

167 4899 236 4946 tus
256 4895 503 4961 ediscere,
534 4903 590 4949 et
613 4908 708 4950 eos
732 4893 820 4963 qui
851 4890 1135 4949 inordinati
1171 4900 1295 4944 sunt
1325 4905 1589 4955 resecare,
1625 4888 1716 4959 qui

168 4994 270 5035 vero
292 4984 462 5040 debito
487 4983 675 5043 ordine
702 4990 756 5038 et
784 4980 942 5036 modo
972 4979 1266 5050 procedunt
1284 4980 1554 5048 excolere,
1582 4988 1636 5035 et
1661 4979 1715 5035 in

171 5072 327 5129 melius
346 5074 609 5131 deducere
636 5090 650 5128 :
696 5086 868 5143 neque
896 5071 1070 5127 exitus
1099 5071 1154 5127 in
1195 5070 1463 5141 publicum
1506 5071 1717 5126 curiose

170 5160 386 5233 indagare
424 5167 476 5221 in
518 5173 762 5235 promptu
791 5172 911 5229 est;
945 5178 1066 5223 nam
1091 5152 1232 5233 quod
1262 5161 1352 5219 illa
1387 5162 1540 5233 ineps
1568 5161 1639 5217 sit
1663 5170 1718 5218 et

169 5258 426 5319 patrocinio
464 5257 734 5322 destituta,
782 5271 891 5313 non
934 5263 1112 5326 potest
1151 5254 1264 5324 ipse
1299 5263 1716 5313 tamaccuratus

166 5341 316 5401 decori
352 5357 405 5404 et
426 5348 634 5407 honesti
670 5347 973 5417 explorator
1009 5360 1151 5402 esse.
1189 5344 1396 5403 Etenim
1440 5359 1560 5398 cum
1601 5345 1712 5414 ipsa

167 5435 249 5490 sibi
292 5441 462 5496 omnia
520 5440 895 5499 administrare
955 5446 1198 5507 cogatur,
1262 5436 1307 5503 si
1357 5444 1716 5505 temperanter

168 5523 322 5585 vivere
344 5532 489 5595 nolit,
529 5529 769 5587 exeundi
795 5527 1105 5587 occasiones
1149 5525 1481 5583 comminisci
1521 5535 1713 5596 potest.

220 5637 493 5706 ‘Sicvocem
511 5642 791 5695 hebraicam
1016 5640 1365 5702 interpretatur
1397 5639 1561 5702 Aquila
1593 5645 1715 5690 Gen.

341 5720 449 5778 .qua
469 5722 599 5778 voce
630 5695 1089 5778 signiﬁcaturivugo
1112 5695 1224 5771 quas
1245 5707 1403 5778 clausa
1427 5695 1497 5778 et
1510 5709 1718 5778 virorum

173 5768 354 5833 pecuni
377 5768 655 5833 abscondita
680 5768 872 5824 'manet.
893 5774 975 5823 uie
998 5768 1145 5822 locus
1166 5769 1291 5833 apud
1322 5771 1580 5822 siracidem
1604 5768 1719 5821 loco

176 5818 359 5879 ln'textu
374 5818 513 5884 citato
528 5818 741 5896 tegitur.

3287 412 3391 468 658

1815 520 2140 589 Oportetqne
2166 519 2397 590 aliquem
2419 519 2694 590 jubenlem
2713 520 2854 575 domi
2876 536 3111 588 manere,
3143 525 3232 593 qui
3259 525 3392 579 tales

1809 610 2118 665 occasiones
2145 611 2414 680 prazcidat.
2432 627 2494 664 ac
2516 612 2814 667 necessaria
2840 614 3161 684 suppeditet,
3183 632 3389 671 necnon

1810 700 2060 755 feminam
2092 718 2204 756 rem
2227 702 2365 755 illius
2393 712 2667 758 curantem
2697 720 2712 757 :
2740 705 2969 759 arcenda
2996 705 3121 759 item
3148 716 3230 761 est
3251 722 3280 761 a
3304 706 3389 762 fu-

1812 794 2032 847 neribus
2058 808 2121 849 ac
2147 795 2452 865 pervigiliis.
2483 793 2641 850 Novit
2658 796 2823 860 enim,
2856 797 3001 852 novit
3019 798 3393 854 callidissimus

1811 881 1900 936 ille
1948 899 2168 953 serpens
2226 900 2319 954 per
2367 885 2502 940 bona
2553 887 2713 944 etiam
2759 903 2921 959 opera
2957 888 3104 944 virus
3142 905 3393 961 spargere

1809 987 1967 1029 suum
1995 988 2011 1025 :
2051 989 2290 1045 opusque
2319 984 2400 1029 est
2425 977 2678 1047 virginem
2707 980 3055 1050 undeqnaque
3084 982 3297 1045 muniri,
3339 992 3396 1038 et

1811 1077 1936 1123 raro
1959 1078 2053 1132 per
2080 1080 2276 1127 annum
2307 1065 2466 1120 domo
2491 1066 2694 1136 egredi,
2733 1083 2925 1137 nempe
2947 1083 3067 1122 cum
3098 1069 3395 1127 indeclina-o

1814 1151 1946 1207 biles
1971 1168 2033 1208 ac
2057 1156 2373 1211 necessaria:
2394 1167 2586 1227 urgent
2610 1174 2802 1214 causm.
2830 1159 2886 1216 Si
2924 1160 3042 1231 quis
3070 1176 3199 1217 vero
3226 1161 3391 1230 dicat,

1816 1258 1921 1296 non
1945 1260 2077 1313 opus
2093 1261 2211 1302 esse
2229 1256 2284 1301 ut
2303 1262 2389 1301 res
2418 1247 2717 1317 hujusmodi
2734 1250 2984 1321 episcopo
3005 1252 3391 1319 committatur,
3456 1302 3471 1309 -

1811 1337 2017 1389 noverit
2048 1337 2109 1401 is,
2142 1337 2473 1409 singularum
2510 1354 2686 1395 rerum
2715 1350 2980 1411 gestarum
3007 1343 3315 1399 occasiones
3338 1353 3397 1399 et

1809 1439 2001 1480 causas
2024 1425 2090 1480 ad
2116 1427 2287 1496 ipsum
2311 1427 2619 1484 referendas
2644 1444 2796 1497 esse;
2826 1431 2897 1484 ita
2919 1439 2975 1485 ut
2996 1433 3162 1488 multo
3188 1434 3391 1500 utilius,

1811 1517 1855 1571 si
1884 1517 2068 1577 omnia.
2092 1518 2205 1588 ipse
2233 1519 2631 1588 administrans,
2664 1522 2728 1577 iis
2752 1522 3062 1580 criminibus
3091 1524 3225 1580 liber
3251 1524 3397 1579 futu-

1811 1622 1902 1662 rus
1933 1608 2023 1674 sit,
2071 1622 2190 1677 qua:
2219 1620 2437 1679 preptcr
2464 1611 2688 1665 aliorum
2730 1619 2946 1681 peccata
2989 1615 3171 1670 subire
3214 1613 3395 1681 debet,

1810 1714 1969 1769 quam
2022 1700 2100 1767 si,
2150 1700 2370 1757 dimissa
2422 1703 2723 1770 huiusmodi
2772 1704 3251 1772 administratione,
3300 1720 3400 1776 pro

1811 1791 2037 1846 aliorum
2064 1793 2226 1861 gestis
2260 1794 2328 1848 de
2361 1795 2569 1849 ratione
2606 1795 2877 1852 reddenda
2902 1805 3132 1853 tremere
3154 1807 3394 1869 cogatur.

1810 1884 1892 1938 Ad
1922 1884 2057 1951 haec,
2089 1889 2177 1956 qui
2204 1901 2300 1953 per
2330 1901 2390 1941 se
2416 1886 2476 1941 id
2507 1887 2648 1956 agit,
2689 1886 2976 1942 admodum
3019 1887 3173 1944 facile
3217 1892 3398 1946 omnia

1814 1976 2074 2045 percurrit
2104 1993 2118 2030 :
2149 1977 2239 2045 qui
2263 1992 2392 2031 vero
2412 1978 2657 2033 omnibus
2685 1977 2804 2031 aliis
2822 1977 2888 2032 ad
2910 1992 3058 2032 suam
3078 1979 3397 2034 sententiam

1811 2067 2091 2135 pertractis
2130 2066 2180 2121 id
2222 2081 2382 2138 agere
2408 2068 2634 2137 cogitur,
2675 2082 2781 2121 non
2810 2076 3008 2122 tantam
3056 2068 3216 2125 habet
3254 2068 3401 2124 labo-

1810 2158 1885 2212 ris
1910 2157 2277 2214 remissionem
2318 2174 2385 2214 ex
2427 2175 2493 2214 eo
2517 2159 2659 2230 quod
2700 2175 2804 2215 non
2848 2159 2929 2215 sui
2970 2160 3140 2215 solius
3178 2159 3401 2216 arbitrio

1809 2259 1952 2322 agat,
1999 2261 2193 2322 quanta
2230 2253 2438 2322 negotia
2465 2261 2520 2306 et
2549 2252 2805 2309 tumultus
2830 2268 2927 2321 per
2958 2267 3053 2308 eos
3093 2253 3183 2323 qui
3206 2252 3400 2308 adver-

1811 2353 1996 2401 santur
2024 2334 2078 2399 et
2109 2359 2202 2413 pro
2229 2360 2325 2399 suo
2343 2352 2580 2415 pugnant
2602 2344 2827 2414 judicio.
2859 2344 3053 2399 Verum
3078 2360 3184 2399 non
3213 2359 3402 2399 omnes

1810 2434 1878 2489 de
1915 2434 2210 2505 virginibus
2243 2435 2630 2490 sollicitudines
2658 2434 2969 2489 recensendi
3015 2433 3241 2489 facultas
3266 2442 3353 2489 est
3382 2450 3398 2490 :

1813 2528 2013 2581 etenim
2040 2541 2159 2581 cum
2204 2525 2257 2579 in
2303 2526 2482 2581 album
2528 2524 2820 2583 referendae
2860 2533 3020 2592 sunt,
3064 2539 3168 2578 non
3214 2538 3402 2595 parum

1811 2619 2010 2688 negotii
2040 2617 2310 2674 facessunt
2350 2619 2433 2686 ei,
2477 2619 2563 2674 cui
2611 2619 2725 2673 hate
2760 2616 3151 2673 administratio
3177 2630 3403 2673 concre-

1812 2708 1920 2765 dita
1957 2717 2058 2764 est.

1881 2797 2206 2855 Judiciorum
2239 2799 2456 2871 alliciam
2480 2816 2633 2872 quam
2658 2799 2942 2854 molestum.
2977 2828 3051 2841 —-
3074 2798 3405 2858 Judiciorum

1812 2888 2046 2945 officium
2061 2888 2370 2946 innumeras
2388 2891 2528 2961 parit
2546 2890 2840 2955 molestias,
2853 2889 3073 2944 multum
3087 2891 3304 2961 negotii,
3328 2898 3405 2946 tot

1812 2980 2175 3049 difficultates,
2191 2992 2319 3052 quot
2335 2998 2403 3037 ne
2420 2981 2661 3038 forenses
2681 2981 2895 3052 quidem
2912 2981 3119 3051 iudices
3139 2982 3367 3038 subeunt
3386 2995 3405 3036 :

1812 3073 2072 3142 siquidem
2106 3072 2195 3141 jus
2219 3072 2392 3142 ipsum
2419 3072 2657 3142 reperire
2678 3073 2837 3127 labor
2852 3079 2973 3127 est:
3000 3081 3268 3142 repertum
3297 3087 3404 3128 non

1812 3163 2019 3219 violare
2045 3162 2283 3219 difﬁcile.
2324 3162 2449 3218 Non.
2471 3163 2630 3218 modo
2668 3171 2851 3218 autem
2879 3162 3150 3233 negotium
3178 3170 3238 3217 et
3260 3160 3408 3216 diffl-

1814 3255 1986 3311 cultas
2012 3254 2184 3323 adest,
2230 3253 2323 3310 sed
2349 3255 2512 3309 etiam
2543 3254 2837 3324 periculum
2866 3268 2972 3308 non
3012 3268 3253 3323 parvum.
3288 3251 3407 3308 Jam

1813 3352 1958 3406 enim
1988 3349 2203 3419 quidam
2225 3364 2292 3404 ex
2313 3347 2696 3403 infirmioribus
2716 3347 2770 3402 in
2802 3346 3013 3415 negotia
3036 3345 3262 3415 delapsi,
3284 3344 3406 3414 quia

1816 3440 2165 3512 patrocinium
2217 3455 2322 3494 non
2378 3438 2662 3503 invenere,
2713 3437 2854 3493 circa
2907 3435 3065 3491 fidem
3115 3434 3408 3504 naufragati

1816 3541 1958 3587 sunt.
2013 3531 2157 3586 Multi
2191 3531 2334 3585 enim
2383 3546 2450 3585 ex
2489 3531 2739 3584 laesorum
2784 3542 3007 3582 numero
3054 3541 3173 3581 non.
3207 3526 3404 3592 minus,

1815 3639 1972 3695 quam
2014 3622 2158 3692 ipsos
2197 3619 2475 3689 lmdentes,
2505 3634 2599 3674 eos
2627 3619 2715 3690 qui
2754 3618 2851 3673 sibi
2900 3634 3005 3673 non
3047 3616 3225 3672 ferunt
3252 3631 3410 3686 opem

1816 3715 1940 3769 odio
1956 3712 2189 3768 habent:
2212 3727 2278 3768 ac
2304 3728 2477 3782 neque
2492 3716 2823 3781 negotiorum
2844 3708 3223 3774 distractionis,
3238 3720 3412 3777 neque

1819 3814 2114 3879 temporum
2141 3805 2455 3875 iniquitatis,
2481 3819 2651 3874 neque
2668 3800 3012 3857 sacerdotalis
3028 3799 3276 3870 potentia:
3297 3814 3411 3856 me,-

1817 3897 2132 3962 diocritatis,
2186 3912 2360 3966 neque
2402 3896 2539 3949 alius
2575 3893 2868 3965 cuiuspiam
2910 3892 3174 3946 rationem-
3213 3891 3411 3947 habere

1815 3988 2030 4053 volunt;
2081 3986 2175 4043 sed
2223 3996 2348 4043 sunt
2393 3987 2749 4042 inexorabiles
2784 3984 3013 4054 judices,
3070 3982 3208 4037 hanc
3250 3997 3409 4038 unam

1817 4081 2050 4134 scientes
2077 4078 2395 4149 apologiam,
2426 4078 2691 4131 malorum
2718 4091 2777 4131 se
2803 4075 3155 4146 prementium
3183 4076 3407 4129 exitum.

1816 4170 1916 4238 Qui
1948 4171 2087 4225 hunc
2108 4168 2346 4240 pra-bere
2375 4169 2574 4238 nequit,
2607 4167 2849 4238 quamvis
2890 4167 3196 4220 innumeras
3219 4179 3408 4220 causas

1818 4259 2072 4331 proferat,
2103 4274 2390 4329 numquam
2420 4273 2605 4314 eorum
2633 4256 3128 4311 condemnationem
3170 4254 3407 4324 effugiet.

1816 4351 1949 4420 Quia
1996 4364 2126 4405 vero
2165 4348 2444 4418 patrocinii
2486 4348 2810 4402 mentionem
2849 4344 2968 4407 feci,
2999 4360 3096 4416 age
3123 4344 3280 4399 aliam
3313 4344 3408 4403 tibi

1816 4441 2050 4513 querella
2074 4456 2290 4496 causam
2313 4440 2615 4495 declarabo.
2648 4437 2781 4494 Nam
2805 4438 2905 4492 nisi
2935 4436 3169 4508 quotidie
3195 4438 3407 4507 episco-

1815 4550 1916 4607 pus
1948 4524 2088 4605 plus,
2116 4548 2274 4605 quam
2306 4533 2407 4604 ipsi
2437 4531 2694 4595 forenses,
2723 4530 2910 4586 domos
2935 4531 3256 4599 circumeat,
3286 4530 3411 4586 hinc

1817 4628 2141 4685 offensiones
2183 4627 2493 4683 innumerae.
2545 4625 2663 4680 Non
2706 4623 2847 4678 enim
2892 4623 3018 4693 ωενί
3065 4622 3258 4688 solum,
3313 4621 3409 4680 sed

1817 4720 1976 4776 etiam
2007 4719 2096 4788 qui
2128 4719 2261 4773 bene
2288 4718 2486 4783 valent,
2526 4715 2680 4771 invisi
2706 4729 2765 4770 se
2790 4713 3003 4779 volunt;
3050 4728 3155 4768 non
3200 4714 3410 4784 pietatis

1816 4809 2157 4880 religionisve
2191 4824 2372 4875 causa,
2400 4806 2494 4863 sed
2525 4806 2743 4861 honoris
2766 4804 3142 4877 dignitatisque
3176 4804 3229 4859 id
3260 4802 3411 4858 multi

1817 4904 2056 4974 exigunt.
2089 4902 2242 4971 Quod
2272 4902 2316 4957 si
2342 4902 2479 4956 forte
2516 4900 2787 4969 contingat
2815 4908 2873 4954 ut
2896 4899 3124 4971 aliquem
3152 4913 3218 4955 ex
3246 4896 3408 4952 ditio-

1815 4996 1962 5051 ribus
1993 4994 2498 5066 potentioribusque,
2528 5000 2750 5061 urgente
2774 5006 2923 5057 casu,
2966 4991 3019 5045 in
3050 4989 3299 5046 Ecclesia:
3326 4987 3410 5042 lu-

1816 5104 1967 5143 crum
1995 5086 2326 5158 frequentius
2347 5087 2543 5150 visitet,
2579 5085 2756 5140 statim
2787 5082 3072 5155 palpatoris
3097 5089 3252 5151 atque
3277 5080 3410 5133 adu-

1818 5179 2006 5235 latoris
2036 5186 2214 5234 notam
2243 5178 2342 5232 sibi
2370 5178 2550 5232 inurit.
2570 5175 2675 5232 Sed
2697 5174 2822 5246 quid
2848 5171 3137 5243 patrocinia
3164 5180 3217 5225 et
3236 5170 3408 5226 aditus

1817 5285 2092 5337 memoro,
2129 5268 2341 5341 quando
2366 5284 2435 5324 ex
2461 5266 2960 5336 compellationibus
2998 5263 3167 5319 solum
3207 5272 3405 5319 tantam

1816 5363 2246 5419 criminationum
2286 5361 2481 5417 molem
2512 5359 2763 5424 afferunt,
2795 5367 2854 5412 ut
2877 5372 2944 5413 ex
2972 5356 3134 5410 animi
3177 5370 3408 5411 mmrore

1817 5470 1963 5525 saepe
1989 5456 2063 5510 illi
2099 5463 2386 5525 graventur
2414 5462 2470 5508 et
2494 5450 2782 5507 decidant?
2806 5448 2922 5504 .lam
2952 5463 3076 5501 vero
3115 5446 3195 5502 vel
3225 5446 3409 5502 oculo—

1817 5562 1934 5603 rum
1956 5547 2223 5602 contuitus
2250 5542 2594 5612 explorantur
2631 5557 2646 5595 :
2681 5555 2804 5595 nam
2832 5539 2948 5608 ejus
2974 5537 3057 5593 vel
3082 5536 3407 5607 simpliciora

1818 5646 1968 5708 gesta
1994 5634 2060 5690 ad
2090 5634 2341 5689 trutinam
2380 5638 2577 5687 vocant
2603 5630 2741 5686 bene
2777 5628 2952 5694 multi,
2982 5627 3128 5682 vocis
3166 5625 3407 5694 modum,

1820 5726 2110 5798 aspiciendi
2146 5724 2466 5795 videndique
2512 5724 2792 5781 rationem.
2840 5722 2917 5777 llli
2955 5718 3206 5791 cuipiam,
3238 5718 3409 5785 aiunt,

1822 5817 1990 5876 effuse
2015 5816 2213 5888 arrisit,
2240 5812 2396 5875 hilari
2421 5815 2593 5888 ipsum
2608 5814 2755 5871 vultu
2779 5821 2833 5871 et
2850 5827 3040 5885 magna
3058 5824 3187 5869 voce
3205 5809 3405 5866 saluta-
