3942 6360
575 339 680 395 659

572 453 646 512 vit
675 470 690 508 :
735 466 821 508 me
845 468 976 508 vero
999 454 1154 524 longe
1179 453 1390 522 parcius
1435 463 1491 506 et
1527 449 1900 520 perfunctorie.
1931 450 2083 519 Quod
2113 451 2159 506 si

572 545 752 598 multis
795 546 1154 601 assidentibus
1180 560 1286 599 non
1326 543 1559 612 undique
1601 543 1782 598 oculos
1822 543 2161 597 circumferat

569 633 709 688 inter
759 634 1109 711 loquendum,
1150 637 1201 689 id
1251 651 1348 705 pro
1387 634 1707 689 contumelia
1748 634 1900 688 multi
1939 633 2154 733 habent.

558 710 695 793 Quis
724 727 883 796 igitur
908 729 1008 784 nisi
1038 728 1325 786 admodum
1365 726 1515 781 fortis
1541 736 1647 782 tam
1678 726 1860 783 multis
1880 718 2158 780 accusato-

568 817 713 870 ribus
756 816 1003 873 sufﬁcere
1048 819 1257 888 poterit,
1312 826 1368 871 ut
1394 818 1474 872 vel
1502 818 1570 872 ab
1599 818 1705 873 illis
1757 817 2058 872 nullatenus
2101 817 2154 870 in

566 906 767 961 crimen
796 918 1032 974 vocetur,
1060 910 1141 961 vcl
1169 918 1450 965 accusatus
1474 924 1593 962 sese
1618 908 1907 977 expediat?
1931 906 2155 976 Oportet

564 999 704 1051 enim
748 1009 1109 1054 accusatorem
1156 1015 1276 1053 esse
1324 1000 1620 1063 neminem;
1664 999 1709 1052 si
1744 998 1795 1052 id
1826 999 2001 1052 minus
2040 998 2152 1053 lieri

565 1091 752 1157 possit,
781 1092 954 1145 oblata
979 1093 1165 1148 saltem
1193 1093 1414 1147 crimina
1442 1093 1680 1147 abluere.
1708 1092 1858 1165 Quod
1881 1093 1924 1147 si
1956 1108 2021 1147 ne
2051 1091 2153 1147 hoc

562 1178 773 1247 quidem
804 1181 952 1235 facile
982 1192 1083 1246 est,
1111 1182 1205 1236 sed
1236 1182 1451 1253 quidam
1483 1191 1683 1237 temere
1721 1192 1774 1236 et
1811 1183 2001 1236 frustra
2030 1184 2149 1238 cul-

560 1267 736 1339 pando
771 1272 1003 1340 gaudent
1047 1289 1060 1324 :
1110 1273 1315 1327 fortiter
1341 1271 1557 1326 ferenda
1589 1282 1667 1325 est
1698 1273 2147 1342 querimoniarum

560 1355 862 1426 huiusmodi
883 1361 1152 1416 Intestitia.
1180 1361 1387 1416 Etenim
1415 1362 1503 1432 qui
1527 1361 1647 1432 jure
1669 1372 1967 1430 accusatur,
1996 1362 2149 1421 facile

556 1461 896 1506 accusantem
929 1453 1106 1509 tulerit
1138 1471 1152 1507 :
1194 1454 1622 1525 quandoquidem
1665 1455 1806 1514 enim
1848 1457 2025 1511 nullus
2054 1472 2147 1513 aco

555 1549 770 1595 cusator
806 1543 1050 1599 acerbior
1081 1554 1162 1599 est
1191 1545 1305 1614 ipsa
1330 1546 1690 1612 conscientia;
1720 1547 1788 1599 ab
1817 1546 1908 1601 illo
1928 1555 2147 1606 auctore

555 1632 790 1686 omnium
827 1635 1203 1689 molestissimo
1228 1637 1365 1706 capti
1411 1646 1662 1693 externos
1701 1646 2038 1699 accusatores
2063 1652 2148 1695 ut-

556 1731 678 1791 pote
717 1722 956 1778 mitiores
993 1723 1149 1781 facile
1196 1726 1445 1795 patimur.
1490 1727 1589 1799 Qui
1618 1738 1794 1785 autem
1823 1729 2015 1787 nullius
2042 1730 2143 1785 sibi

551 1811 720 1879 culpa:
749 1815 996 1870 conscius
1023 1829 1124 1879 est,
1173 1817 1307 1874 falso
1335 1831 1614 1875 accusatus
1647 1821 1901 1874 continuo
1927 1821 1977 1875 in
2008 1823 2140 1883 iram

551 1903 796 1970 vertitur,
842 1915 896 1960 ct
938 1907 988 1960 in
1018 1922 1301 1964 mteroretn
1334 1908 1487 1967 facile
1514 1910 1728 1977 decidit,
1758 1913 1856 1966 nisi
1887 1915 2034 1983 prius
2073 1916 2140 1971 ad

550 1994 837 2050 multorum
870 1999 1119 2055 ferendas
1146 2001 1379 2057 insanias
1401 2004 1719 2084 exercitatus
1749 2004 1926 2063 fuerit.
1956 2006 2140 2078 Neque

547 2084 691 2137 enim
743 2086 854 2141 fieri
904 2098 1097 2157 potest,
1165 2093 1446 2147 calumniis
1493 2095 1788 2164 itnpetitum
1852 2106 1906 2153 et
1961 2100 2138 2170 inique

551 2171 860 2230 damnatum
893 2193 999 2232 non
1044 2179 1263 2247 turbari,
1306 2191 1360 2237 et
1403 2183 1469 2241 de
1500 2192 1643 2240 tanta
1687 2186 1962 2257 iniquitate
2002 2190 2135 2251 nihil

546 2265 675 2331 pati.
704 2265 839 2334 Quid
871 2284 1161 2325 memorem
1194 2273 1458 2330 tristitiam
1490 2285 1598 2335 tum
1630 2277 1980 2349 subeundam,
2012 2296 2134 2343 cum

545 2355 843 2423 quempiam
887 2372 951 2413 ex
985 2368 1125 2413 coetu
1149 2360 1404 2423 Ecclesize
1441 2379 1689 2422 amovere
1715 2382 1849 2437 Opus
1871 2369 1989 2427 est?
2014 2370 2125 2426 Uti-

543 2457 665 2497 nam
698 2462 823 2501 vero
847 2450 1041 2505 malum
1072 2461 1235 2508 totum
1268 2454 1319 2507 in
1349 2456 1560 2512 tristitia
1600 2460 1960 2521 consisteret;
1991 2478 2133 2521 nunc

543 2548 671 2589 vero
690 2538 950 2608 pernicies
972 2555 1077 2597 non
1100 2542 1329 2629 modica.
1354 2545 1691 2604 Metuendum
1713 2549 1908 2621 quippe
1927 2560 2027 2619 est,
2056 2568 2126 2610 ne

1322 343 1379 393 S.
1407 337 1686 394 JOANNIS
1714 334 2184 392 (IllRYSOSTOMI
2224 337 2545 399 ARCHIEP.
2574 340 3107 403 CONSTANTINOP.

3714 362 3721 380 ’
3735 357 3824 416 660

2269 451 2407 534 ultra
2447 454 2662 509 tundunt
2709 460 2879 525 [mnis
2905 458 3125 519 aii'ectus
3153 462 3242 518 ille
3280 463 3331 519 id
3374 466 3617 538 patiatur,
3644 473 3772 541 quod
3796 492 3823 530 a

2263 528 2417 596 beato
2435 543 2599 600 Paulo
2619 546 2813 602 dictum
2843 559 2944 616 est,
2966 549 3049 605 Ne
3067 554 3425 611 abundantiori
3446 560 3645 614 tristitia
3663 561 3819 619 absor-

2262 630 2436 687 beatur
2466 634 2540 702 (2.
2570 635 2686 690 Cor.
2714 639 2767 691 2.
2796 638 2870 712 7).
2901 639 3126 727 Maxima
3157 658 3284 711 ergo
3305 646 3569 717 diligentia
3596 649 3678 707 hic
3701 669 3821 730 opus

2260 730 2362 788 est,
2388 740 2453 777 ne
2478 726 2616 794 quod
2638 728 2893 797 prodesse
2917 732 2991 792 illi
3009 722 3286 803 debuerat,
3314 740 3527 807 majoris
3544 741 3639 809 ipsi
3659 722 3820 803 damni
3872 743 3878 753 ’

2258 815 2328 869 sit
2354 819 2563 873 occasio
2592 836 2605 872 :
2633 836 2754 877 nam
2785 839 3129 895 qucecumque
3166 828 3253 883 ille
3283 839 3400 899 post
3426 830 3718 901 ltttjusmOdi
3739 853 3819 898 cu-

2259 915 2519 966 rationem
2580 921 2795 979 peccata
2845 915 3146 981 admiserit,
3199 935 3539 978 communem
3588 934 3688 980 tam
3734 928 3817 1001 ipsi

2256 1012 2412 1066 quam
2445 1000 2651 1055 medico
2673 999 2802 1057 iram
2831 1007 3149 1072 accendunt,
3182 1011 3223 1064 si
3249 1010 3333 1069 hic
3359 1028 3461 1068 non
3490 1026 3629 1071 recte
3648 999 3819 1077 vulnus

2260 1085 2522 1147 inciderit.
2575 1092 2716 1159 Quot
2764 1105 2942 1151 autem
2989 1101 3244 1170 supplicia
3300 1108 3651 1174 exspectanda
3688 1121 3815 1178 sunt,

2253 1195 2373 1233 cum
2399 1181 2517 1250 quis
2553 1199 2659 1238 non
2690 1201 2753 1239 ex
2787 1189 3019 1257 peccatis
3051 1192 3208 1246 modo
3236 1193 3368 1259 suis,
3395 1196 3487 1250 sed
3521 1213 3586 1255 ex
3612 1199 3816 1258 aliorum

2252 1285 2467 1340 quoque
2502 1272 2713 1330 delictis
2754 1277 2803 1330 in
2834 1287 3131 1340 extremum
3178 1285 3472 1352 periculum
3516 1289 3814 1349 adducitur?

2252 1359 2382 1414 Nam
2423 1358 2466 1416 si
2497 1364 2563 1419 de
2593 1368 2820 1436 propriis
2850 1370 3142 1429 sceleribus
3170 1376 3427 1432 rationem
3462 1379 3708 1438 reddituri
3735 1400 3813 1445 er-

2253 1451 2630 1524 ltorrescimus,
2648 1474 2711 1514 ac
2730 1460 2772 1514 si
2794 1478 2898 1516 non
2919 1463 3188 1521 valeamus
3214 1468 3386 1538 ignem
3410 1470 3558 1526 illum
3580 1473 3807 1547 effugere,

2249 1543 2372 1611 quid
2400 1545 2478 1600 illi
2504 1552 2915 1617 exspectandum
2941 1562 3041 1621 est,
3073 1557 3161 1626 qui
3188 1565 3292 1613 tam
3311 1561 3597 1618 multorum
3619 1543 3810 1625 nomine

2247 1645 2461 1688 causam
2496 1637 2564 1690 sit
2589 1637 2866 1695 dicturus?
2889 1642 3038 1710 Quod
3059 1656 3233 1702 autem
3266 1648 3366 1704 hoc
3382 1667 3562 1708 verum
3592 1656 3671 1721 sit,
3702 1658 3808 1715 audi

2246 1722 2459 1779 beatum
2491 1727 2709 1783 Paulum
2737 1730 3034 1801 dicentem;
3069 1736 3176 1792 imo
3208 1740 3381 1808 potius
3406 1759 3509 1799 non
3537 1746 3697 1815 illum,
3724 1749 3805 1805 sed

2246 1813 2299 1869 in
2328 1814 2443 1886 ipso
2470 1816 2773 1888 loquentem
2809 1824 3082 1887 Christum
3128 1847 3142 1884 :
3196 1829 3404 1887 Obedite
3440 1813 3713 1905 primarius
3736 1856 3807 1895 re.

2243 1906 2381 1974 stris,
2410 1917 2456 1963 et
2475 1909 2724 1980 subjacete
2745 1914 2817 1968 eis
2841 1931 2859 1969 :
2880 1916 2981 1985 ipsi
3009 1919 3139 1972 enim
3161 1923 3482 1994 pervigilant,
3508 1929 3651 1997 quasi
3666 1932 3803 1989 ratio-

2242 2012 2356 2055 nem
2396 2016 2493 2083 pro
2535 2003 2796 2063 animabus
2828 2008 3002 2061 vestris
3056 2010 3305 2067 reddituri
3352 2013 3535 2084 (Hebr.
3590 2019 3667 2074 l3.
3706 2022 3800 2093 Π).

2240 2086 2376 2146 Num
2396 2091 2642 2181 .exiguus
2685 2094 2891 2158 videtur
2929 2097 3014 2152 ltic
3055 2103 3485 2161 comminationis
3531 2111 3725 2165 terror?
3760 2111 3802 2168 is

2239 2187 2469 2248 quantus
2496 2183 2566 2237 sit
2598 2183 2701 2239 dici
2746 2190 2946 2257 nequit.
2979 2190 3176 2249 Verum
3210 2193 3322 2250 lucc
3359 2199 3490 2253 satis
3524 2209 3659 2268 sunt,
3699 2217 3802 2273 quae

2238 2271 2323 2325 vel
2354 2268 2798 2341 pertinacioiibus
2843 2278 3001 2336 fidem
3043 2280 3256 2350 faciant,
3300 2302 3399 2343 nos
3432 2305 3538 2344 non
3579 2268 3798 2362 superbia

2236 2361 2321 2415 vel
2343 2358 2475 2416 vana
2501 2364 2667 2434 gloria
2691 2377 2896 2438 captos,
2919 2371 3013 2427 sed
3041 2373 3194 2430 nobis
3219 2384 3423 2433 tantum
3453 2358 3734 2440 metuentes
3753 2395 3799 2441 et

2235 2451 2313 2511 rei
2340 2453 2534 2513 molem
2559 2459 2958 2520 considerantes
2983 2461 3286 2539 ltujusmodi
3315 2467 3497 2545 fugam
3520 2472 3719 2532 fecisse.

1485 2750 1963 2861 LIBER
2050 2757 2827 2891 QUARTUS.
2920 2710 2987 2718 ﬂ
3496 2728 3499 2729 ξ

1939 2966 2327 2983 -ξ--η

944 3042 1052 3079 HEC
1081 3044 1253 3081 "SVNT
1281 3046 1419 3085 ωκο
1449 3049 1657 3091 οωιτοε

529 3127 566 3174 l.
599 3130 695 3175 Non
719 3138 808 3176 eos
842 3136 1082 3210 “tantum,
1121 3136 1207 3208 qui
1245 3135 1532 3210 adolet-um
1584 3143 1848 3210 pervenire
1898 3147 2119 3210 student,

592 3199 762 3297 verqm
809 3192 956 3242 etiam
986 3196 1070 3257 qui
1114 3192 1212 3247 vim
1256 3199 1520 3263 patiuntur,
1565 3192 1630 3251 ob
1668 3192 1866 3267 peccata
1899 3192 2119 3271 genie;

592 3260 687 3297 nun
708 3263 767 3297 τι.

658 3262 767 3298 1111⁷1.

525 3260 943 3396 Ιιῖίέξίὲἓῖἒξερίξξ
971 3317 1220 3396 ordinant,
1393 3322 1523 3396 quod
1547 3323 1596 3372 bi
1618 3325 1902 3388 supplicium
1933 3343 2116 3396 exper-

590 3376 725 3419 turos
748 3373 875 3439 esse,
906 3373 1023 3427 licet
1049 3379 1176 3439 ipsos
1199 3373 1293 3430 non
1319 3373 1492 3439 norint.

526 3433 602 3508 ιιι..
630 3433 870 3508 sacerdoti
910 3433 1236 3489 necessariam
1260 3455 1376 3492 esse
1419 3434 1695 3508 expeditam
1738 3447 1929 3500 dicendi
1971 3452 2115 3503 facul-

590 3498 760 3542 tatem.
1485 3498 1501 3508 '
1591 3534 1601 3547 .

525 3556 594 3600 tv.
612 3553 695 3630 ‘Ad
714 3560 994 3630 (Inprumvis
1015 3564 1428 3625 concertationes,
1453 3573 1505 3623 et
1526 3574 1814 3629 Grecorum,
1842 3579 1892 3623 et
1916 3575 2110 3630 Judteo-

582 3625 689 3691 cum
710 3624 762 3665 et
780 3616 1258 3691 hreretieorumenm
1276 3616 1502 3691 paratum
1527 3616 1908 3691 esseepsiiéfé.

522 3677 574 3753 Et:
604 3680 836 3753 Perquam
862 3677 1359 3753 peritumdialeetica:
1374 3701 1497 3753 esse
1522 3677 1772 3753 oportere.

523 3739 592 3809 Et:
628 3741 677 3809 Et.
704 3738 900 3809 Paulum
924 3742 969 3790 id
987 3746 1169 3809 Optime
1184 3750 1486 3809 praestitisse.

521 3800 613 3904 v1:i
620 3860 627 3866 _
647 3800 873 3907 tantadem
890 3816 986 3853 non
1009 3800 1162 3867 signis
1182 3800 1366 3859 iantum
1402 3811 1652 3873 claruisse,
1694 3815 1784 3864 sed
1821 3821 1967 3868 etiam
1998 3828 2107 3879 arte

616 3870 725 3907 tcen
760 3874 792 3907 ι.

616 3870 792 3910 tcenut.

519 3922 887 3998 )31!.nEutndem
909 3924 957 3973 id
980 3928 1171 3998 anubis
1192 3943 1387 3998 quoque
1410 3933 1542 3985 velle
1569 3940 1814 3991 exerceri.

518 3981 738 4061 litigio
750 3984 849 4061 nisi
862 3987 1092 4061 prteditus
1111 3992 1176 4061 sit
1196 3981 1467 4061 episcopus,
1728 3981 1857 4053 'an
1879 4000 1993 4055 leve
2022 4004 2104 4059 da-

577 4053 741 4092 mnum
761 4050 1039 4098 necessario
1051 4050 1241 4102 subire:
1360 4050 1375 4061 '
1454 4050 1472 4079 "

1255 4188 1324 4205 η-

588 4258 641 4312 i.
685 4263 786 4333 Qui
809 4263 858 4317 vi
875 4266 945 4319 ad
968 4269 1158 4324 clerum
1185 4273 1458 4327 trahuntur
1477 4292 1579 4330 non
1600 4277 1713 4332 ideo
1730 4281 1889 4351 poenis
1914 4288 2099 4336 immu-

512 4362 619 4403 nes.
641 4346 711 4392 ‘--
731 4352 826 4408 His
849 4357 1063 4426 auditis,
1100 4360 1403 4420 BASlLlUS
1438 4367 1656 4439 paulum
1683 4346 1995 4428 cunctatus:
2028 4376 2099 4428 At

509 4437 556 4490 si
605 4447 660 4493 tu
706 4443 943 4516 quidem,
998 4450 1185 4519 inquit,
1240 4453 1377 4508 hanc
1414 4437 1722 4525 dignitatem
1765 4460 2093 4534 aﬂ'ectasses,

513 4526 655 4584 hunc
674 4531 794 4600 jure
823 4535 1067 4593 timorem
1106 4540 1389 4599 admittere
1418 4560 1625 4614 posses.
1653 4548 1782 4603 Nam
1809 4552 1899 4623 qui
1929 4555 1994 4608 ad
2016 4556 2094 4614 rei

508 4621 802 4697 cujuspiam
819 4626 1329 4688 administrationem
1351 4649 1411 4689 se
1426 4636 1675 4694 idoneum
1688 4654 1806 4695 esse
1825 4621 2092 4711 professus

510 4717 624 4775 est,
658 4713 799 4780 quod
829 4729 947 4769 eam
978 4720 1214 4789 arripere
1232 4724 1515 4794 studuerit,
1549 4729 1637 4782 illa
1661 4731 1761 4785 sibi
1787 4735 2088 4794 concredita

505 4802 552 4854 si
579 4802 810 4871 labatur,
832 4822 935 4863 non
963 4820 1137 4880 potest
1162 4817 1227 4868 ad
1251 4816 1529 4885 imperitia:
1549 4822 1942 4883 excusationem
1963 4843 2092 4883 con-

506 4894 722 4967 fugere;
757 4910 943 4969 utpote
968 4906 1059 4974 qui
1096 4916 1437 4965 antevertens
1476 4911 1611 4967 hanc
1635 4915 1733 4969 sibi
1765 4917 1875 4986 ipse
1902 4917 2089 4974 defen-

503 4987 710 5049 sionem
742 4991 1021 5063 ademerit,
1066 4999 1208 5073 quo’d
1252 5004 1566 5070 accurrerit,
1608 5020 1836 5076 eamque
1865 5009 1965 5063 sibi
1994 5010 2090 5067 ad-

507 5079 947 5138 ministrationem
979 5091 1246 5157 rapuerit:
1278 5108 1451 5165 neque
1484 5095 1663 5151 dicere
1693 5107 1867 5167 potest
1896 5101 1961 5166 is,
1995 5103 2088 5165 qui

507 5170 697 5227 lubens
724 5184 778 5228 et
806 5188 996 5245 sponte
1023 5180 1125 5236 buc
1149 5187 1392 5252 accessit,
1418 5187 1617 5242 Invitus
1641 5188 1743 5245 hae
1771 5191 1825 5244 in
1856 5206 1916 5247 re
1962 5208 2087 5263 pec-

505 5261 640 5322 cavi,
689 5264 884 5321 invitus
927 5268 1074 5325 illum
1119 5277 1420 5349 quempiam
1463 5279 1689 5348 perdidi.
1724 5261 2085 5352 Respondebit

508 5346 597 5413 illi.
623 5354 713 5422 qui
742 5365 850 5410 tum
882 5358 1051 5415 hacin
1079 5379 1137 5419 re
1163 5346 1325 5434 judex
1352 5346 1558 5425 futurus
1578 5381 1697 5425 est:
1730 5372 1794 5426 Et
1809 5346 1905 5428 c—ur
1925 5384 2083 5431 lance

507 5435 597 5493 tibi
625 5447 870 5505 conscius
896 5450 1195 5525 imperitiae,
1213 5472 1332 5511 cum
1355 5474 1506 5514 mens
1533 5461 1599 5519 ad
1628 5463 1785 5516 talem
1815 5465 2081 5534 inculpate

503 5535 829 5591 tractandam
861 5551 1028 5596 artem
1060 5545 1153 5599 ιιὺί
1187 5562 1291 5600 non
1317 5549 1551 5617 adesset,
1594 5554 1858 5621 involasti,
1888 5571 2076 5611 ausus-

500 5633 604 5686 que
623 5636 681 5676 es
703 5629 923 5695 majora,
953 5647 1110 5702 quam
1136 5638 1275 5691 vires
1306 5639 1524 5707 ferrent,
1546 5645 1749 5712 negotia
1781 5647 2079 5716 suscipere?

498 5710 627 5781 Quis
649 5722 699 5770 te
727 5723 914 5793 coegit,
950 5727 1066 5797 quis
1093 5728 1438 5807 reluctantem
1479 5742 1531 5791 et
1555 5710 1841 5807 fugientem
1874 5710 2072 5812 Vi-Pel"

2231 3055 2430 3111 traxit?
2452 3058 2523 3114 At
2543 3066 2597 3114 tu
2620 3061 2748 3116 nihil
2776 3079 3025 3136 umquam
3053 3070 3228 3129 simile
3255 3075 3463 3145 audies,
3490 3096 3655 3153 neque
3676 3096 3788 3155 post-

2223 3143 2299 3199 sis
2329 3161 2577 3217 umquam
2606 3150 2909 3223 hujusmodi
2936 3158 3115 3216 delicti
3139 3164 3363 3234 teipsum
3391 3143 3787 3239 damnare,om-

2224 3236 2486 3308 nibusqne
2515 3243 2727 3309 planum
2756 3255 2841 3301 est
2863 3257 2915 3304 te
2939 3266 3008 3306 ne
3038 3240 3301 3312 tantillum
3331 3261 3549 3329 quidem
3574 3236 3785 3321 adhunc

2219 3330 2616 3397 suscipiendum
2639 3333 2897 3393 honorem
2926 3341 3216 3412 laborasse,
3246 3349 3340 3403 sed
3365 3351 3417 3409 id
3443 3354 3659 3410 aliorum
3679 3373 3784 3425 ape-

2219 3434 2279 3473 ra
2309 3421 2500 3477 factum
2544 3441 2682 3484 esse.
2716 3437 2888 3502 Atque
2915 3435 3051 3491 adeo
3078 3440 3217 3508 quod
3250 3442 3352 3498 illis
3391 3448 3590 3502 nullam
3620 3421 3783 3519 pecca-

2217 3520 2391 3569 torum
2420 3519 2627 3573 veniam
2659 3524 2929 3593 relinquit,
2958 3527 3060 3583 boc
3085 3530 3178 3585 tibi
3208 3549 3456 3603 magnam
3479 3538 3779 3595 defensionis

2215 3606 2491 3661 materiam
2532 3612 2906 3682 suppeditabit.
2960 3616 3528 3685 CliRYSOSTOMUS.
3584 3633 3779 3687 Adiuro

2211 3708 2312 3762 ego
2337 3707 2641 3765 caput‘cum
2674 3706 2982 3772 movissem,
3007 3713 3310 3786 sensimque
3334 3720 3660 3790 arrisissem,
3693 3727 3776 3777 hoe

2212 3788 2372 3843 minis
2420 3790 2814 3862 simplicitatem
2867 3801 3107 3871 miratus,
3160 3807 3274 3864 hmo
3319 3813 3573 3882 loquutus
3616 3832 3772 3872 sum:

2211 3880 2471 3949 Equidem
2503 3887 2729 3955 optarim
2756 3906 2869 3946 rem
2898 3893 2969 3948 ita
2992 3911 3051 3951 se
3075 3896 3290 3964 habere.
3318 3880 3555 3972 utidicis,
3580 3909 3653 3962 vir
3670 3924 3774 3962 om-

2208 3972 2354 4027 nium
2382 3977 2602 4045 Optime,
2633 3996 2736 4035 non
2767 3994 2822 4037 ut
2849 3983 2899 4038 id
2931 3989 3201 4058 suscipere
3230 4007 3466 4064 possem,
3493 3999 3629 4068 quod
3649 4012 3773 4060 nunc

2206 4065 2395 4136 refugi.
2431 4068 2648 4126 Etiamsi
2679 4075 2819 4128 enim
2848 4078 2975 4131 mihi
3004 4081 3208 4137 nullum
3251 4065 3570 4155 supplicium
3596 4104 3773 4161 propo-

2205 4155 2364 4211 situm
2405 4170 2570 4227 esset,
2601 4162 2645 4217 si
2677 4164 3038 4233 perfunctorie
3076 4180 3132 4226 et
3176 4174 3423 4244 imperite
3454 4155 3770 4250 Christi

2202 4261 2321 4315 gem
2343 4263 2613 4307 curassem
2639 4273 2653 4309 :
2683 4265 2737 4310 at
2781 4258 2909 4314 illud
2939 4262 3069 4316 tnibi
3099 4265 3244 4323 omni
3288 4271 3549 4339 supplicio
3574 4273 3768 4343 gravius

2203 4338 2360 4404 foret,
2389 4342 2433 4395 si
2462 4356 2582 4412 post
2630 4355 2804 4403 tantas
2835 4352 2962 4406 mibi
3007 4357 3344 4417 concreditas
3373 4377 3460 4417 res
3486 4379 3606 4434 erga
3635 4379 3764 4428 eum,

2201 4432 2290 4500 qui
2317 4434 2759 4504 concredidisset,
2792 4440 2865 4495 ita
2897 4441 3134 4511 ingratus
3156 4448 3385 4504 viderer.
3417 4432 3593 4519 Quare
3628 4455 3766 4523 igitur

2198 4522 2427 4589 optarim
2465 4525 2608 4581 illam
2639 4539 2779 4585 tuam
2824 4532 3129 4601 opinionem
3155 4553 3261 4597 non
3290 4538 3478 4597 falsam
3507 4522 3661 4600 essei
3704 4543 3764 4603 Ut

2198 4614 2409 4669 miseris
2433 4626 2488 4672 et
2533 4618 2835 4678 infelicibus
2878 4624 2978 4695 (sic
3013 4628 3155 4682 enim
3181 4633 3406 4699 vpcandi
3434 4634 3493 4699 ii,
3539 4638 3625 4706 qni
3667 4637 3757 4690 hoc

2198 4708 2467 4777 negotium
2497 4713 2661 4778 probe
2693 4725 2925 4773 tractare
2967 4721 3228 4788 nesciunt,
3264 4730 3506 4796 quamvis
3544 4744 3759 4786 sexcen-

2199 4799 2299 4853 ties
2331 4800 2473 4868 ipsos
2503 4803 2553 4857 vi
2581 4804 2800 4862 adactos
2825 4816 2880 4862 et
2908 4809 3215 4880 ignorantes
3245 4830 3469 4885 peccare
3497 4820 3679 4888 dicas).
3708 4829 3760 4881 ut

2195 4892 2321 4954 illis.
2355 4894 2591 4966 inquam,
2619 4900 2878 4971 effugere
2904 4904 3062 4964 liceat
3104 4908 3280 4978 ignem
3314 4910 3460 4973 illum
3510 4914 3758 4976 inexstin-

2192 4984 2465 5056 guibilem,
2511 4999 2566 5043 et
2606 4991 2855 5049 tenebras
2897 4998 3213 5065 exteriores,
3245 5016 3584 5079 vermemque
3612 5020 3756 5059 num-

2191 5092 2349 5146 quam
2378 5080 2719 5147 morientem,
2764 5099 2834 5140 ne
2876 5085 3211 5143 dissecentur
3252 5099 3453 5153 etcum
3484 5094 3756 5173 hypocritis

2190 5181 2433 5245 pereant.
2467 5173 2662 5230 Verum
2693 5177 2820 5247 quid
2847 5180 2942 5234 tibi
2966 5180 3155 5237 faciam
3179 5183 3203 5237 ?
3230 5183 3347 5239 Non
3376 5187 3444 5241 ita
3475 5202 3535 5242 se
3560 5202 3645 5243 res
3672 5187 3756 5239 bas

2189 5262 2298 5328 bet,
2331 5277 2435 5316 non
2464 5265 2537 5321 ita
2560 5281 2706 5323 sane.
2730 5270 2809 5325 Ac
2832 5270 2877 5325 si
2904 5270 3003 5339 vis,
3026 5281 3137 5335 uta
3163 5290 3330 5344 regno
3361 5279 3606 5347 primum,
3622 5274 3749 5357 quod

2187 5356 2325 5431 apud
2357 5357 2523 5413 Deum
2552 5362 2684 5421 tanti
2713 5377 2820 5419 non
2850 5373 2935 5420 est
2962 5368 3146 5436 quanti
3175 5371 3547 5439 sacerdotium,
3578 5356 3750 5429 eorum

2186 5463 2303 5516 quae
2324 5448 2433 5509 dixi
2459 5450 2617 5509 ﬁdem
2646 5453 2856 5508 faciam.
2874 5454 3002 5515 Saﬁl
3027 5459 3133 5525 ille,
3157 5459 3293 5521 filius
3314 5462 3420 5528 Cis,
3444 5478 3550 5520 non
3577 5473 3751 5530 suapte

2185 5548 2332 5592 motu
2356 5551 2410 5594 et
2434 5557 2559 5596 cura
2586 5559 2678 5598 rex
2704 5544 2877 5600 factus
2901 5556 2986 5602 est
3015 5550 3092 5620 (l.
3123 5550 3251 5623 Reg.
3283 5551 3378 5624 9);
3406 5553 3498 5609 sed
3525 5555 3668 5619 abiit,
3700 5559 3749 5603 ut

2185 5641 2451 5697 quareret
2480 5632 2675 5699 asinas,
2710 5646 2764 5690 ct
2803 5651 2965 5707 super
2995 5640 3057 5693 iis
3086 5642 3401 5711 prophetam
3435 5645 3748 5714 interrogare

2185 5720 2377 5790 Coepit;
2409 5722 2500 5781 ille
2540 5740 2670 5781 vero
2698 5726 2764 5785 de
2787 5743 2953 5798 regno
2979 5731 3151 5801 ipsum
3193 5735 3495 5806 alloquutus
3529 5744 3620 5796 est.
3647 5732 3744 5788 Ne,
