3942 6364
147 356 220 412 (ibi
1343 363 1427 419 DE
1463 357 1912 418 SACERDOTIO.
1954 360 2081 416 LIB.
2124 361 2210 418 IV.

147 492 225 547 que
266 485 444 532 tamen
493 477 589 532 ille
618 479 807 534 statim
852 478 1075 550 rcgnum'
1095 478 1246 546 adiit,
1294 478 1417 534 licet
1445 476 1497 533 id
1525 488 1555 530 a
1586 489 1715 546 pro-

149 569 281 637 pheta
301 565 566 633 audisset,
588 569 688 622 sed
710 568 1117 637 deprecabatur,
1128 567 1495 637 renuebatquc
1512 566 1715 622 dicens:

145 662 249 728 Quis
272 673 391 714 sum
420 674 547 730 ego,
579 668 638 717 et
671 676 793 730 qua:
817 660 1006 717 domtts
1033 660 1199 730 patris
1226 659 1367 715 mei?
1391 658 1526 727 Quid
1550 657 1719 728 ergo?

143 767 199 803 an
217 764 333 804 eum
356 748 569 805 honore
589 750 690 804 sibi
716 765 809 818 per
832 750 1000 804 Deum
1024 748 1215 804 tradito
1240 748 1379 805 male
1399 762 1527 803 usus
1553 755 1713 813 esset,

141 839 293 909 potuit
337 839 422 892 bis
451 839 636 895 verbis
659 839 823 894 eximi
851 839 920 895 ab
964 839 1041 894 ira
1063 838 1201 909 ejus,
1229 839 1321 908 qui
1364 852 1424 893 se
1452 837 1505 892 in
1537 852 1715 907 regem

138 931 515 987 constituerat?
540 932 698 1001 Atqui
739 938 946 1001 poterat
980 933 1048 986 ad
1082 930 1385 987 Samuelem
1429 930 1713 997 increpan-

138 1036 231 1080 tem
255 1023 471 1079 dicere:
495 1023 632 1079 Num
662 1038 762 1093 ego
787 1038 1008 1094 regnum
1038 1021 1251 1079 invasi?
1276 1038 1403 1081 num
1430 1020 1626 1077 insilivi
1657 1021 1709 1075 in

136 1116 263 1170 hanc
292 1115 621 1185 potentiam?
652 1116 810 1171 vitam
838 1116 1116 1184 privatam,
1142 1114 1369 1171 otiosam
1395 1126 1450 1169 ct
1475 1114 1708 1184 quietam

134 1210 322 1263 ducere
347 1208 591 1265 volebam
616 1226 629 1263 :
662 1216 719 1263 tu
742 1223 869 1263 vero
897 1222 985 1263 me
1008 1207 1060 1264 in
1083 1207 1221 1263 hanc
1245 1206 1555 1278 dignitatem
1578 1222 1708 1277 per-

135 1301 351 1356 traxisti.
376 1301 431 1356 Si
462 1301 515 1357 in
553 1301 641 1358 illa
666 1300 963 1356 humilitate
994 1300 1430 1371 permansissem,
1483 1300 1599 1357 hu-c
1626 1297 1713 1354 of-

135 1390 393 1447 fendicula
420 1392 576 1448 facile
603 1391 998 1457 declinassem;
1028 1407 1150 1446 nam
1175 1407 1295 1446 cum
1321 1407 1388 1446 ex
1419 1390 1713 1460 vulgarium

134 1493 181 1537 ct
198 1483 505 1552 ignobilium
531 1498 707 1539 essem
729 1497 971 1550 numero,
990 1482 1056 1536 ad
1074 1482 1175 1537 hoc
1194 1497 1326 1551 opus
1343 1482 1540 1537 missus
1562 1497 1716 1536 num-

131 1590 283 1645 quam
306 1573 521 1630 fuissem
546 1592 562 1629 :
590 1590 763 1645 neque
787 1573 914 1628 mihi
941 1573 1136 1629 bellum
1169 1582 1353 1627 contra
1383 1572 1710 1629 Amaleeitas

135 1668 269 1723 Deus
294 1667 686 1731 commisisset;
713 1682 821 1737 quo
847 1665 974 1722 mihi
999 1681 1104 1720 non
1133 1665 1420 1720 commisso
1442 1666 1495 1721 in
1523 1680 1711 1735 pecca-

136 1769 239 1814 tum
277 1758 580 1830 bujusmodi
629 1772 919 1828 numquam
958 1757 1286 1813 incidissem.
1310 1776 1325 1785 Ï…
1348 1756 1544 1813 Verum
1597 1756 1713 1811 hac

135 1855 306 1908 omnia
346 1853 413 1907 ad
461 1852 829 1908 defensionem
881 1852 1091 1907 infirma
1140 1861 1300 1916 sunt;
1357 1867 1459 1907 nec
1502 1852 1711 1909 infirma

136 1946 307 2015 modo,
328 1946 421 2001 sed
450 1946 766 2017 periculosa,
789 1961 907 2016 quae
932 1945 1025 2001 Dei
1051 1946 1222 2016 magis
1242 1945 1376 1999 iram
1396 1944 1708 2000 accendant.

138 2037 262 2092 Eum
288 2038 450 2101 enim,
484 2037 572 2107 qui
617 2036 821 2091 meritis
846 2035 1105 2105 majorem
1134 2034 1444 2105 dignitatem
1484 2034 1708 2104 accepit,

137 2144 235 2184 non
255 2138 467 2198 oportet
488 2129 553 2183 ad
577 2138 909 2197 peccatorum
929 2126 1331 2181 excusationem
1358 2125 1575 2180 honoris
1600 2141 1713 2180 ma-

135 2220 452 2289 gnitudinem
482 2219 788 2284 ostendere,
811 2218 905 2274 sed
927 2218 994 2273 ad
1021 2218 1277 2287 majorem
1301 2219 1353 2272 in
1373 2218 1567 2272 virtute
1588 2232 1710 2287 pro-

136 2309 323 2366 fectum
352 2309 429 2364 uti
476 2323 670 2379 magno
695 2309 786 2364 illo
808 2308 910 2363 Dei
955 2323 1079 2379 erga
1109 2323 1170 2363 se
1196 2307 1394 2362 studio.
1447 2305 1543 2362 ille
1584 2322 1711 2362 vero

135 2401 247 2469 quia
287 2401 567 2455 meliorem
609 2408 798 2455 nactus
822 2398 1158 2469 dignitatem,
1191 2398 1310 2453 idco
1353 2413 1577 2470 peccare
1607 2398 1710 2453 sibi

136 2495 322 2549 licitum
349 2508 474 2549 esse
514 2492 870 2559 existimabat,
901 2491 1035 2547 nihil
1079 2491 1241 2553 aliud.
1291 2506 1449 2561 quam
1482 2491 1573 2545 Dei
1597 2490 1710 2545 cle-

138 2587 375 2643 mentiam
420 2594 759 2657 peccatorum
787 2599 1004 2641 suorum
1033 2598 1249 2640 causam
1288 2584 1464 2639 facere
1488 2593 1711 2639 conatus

138 2687 225 2733 est.
254 2677 408 2747 Quod
432 2691 564 2733 sane
582 2676 780 2747 impiis,
810 2684 863 2732 et
887 2677 951 2732 iis
970 2675 1057 2747 qui
1087 2675 1249 2730 vitam
1272 2676 1460 2745 ignave
1487 2676 1706 2741 ducunt,

139 2783 238 2824 mos
264 2777 348 2824 est
371 2768 571 2824 dicere.
606 2765 718 2823 Nos
741 2776 919 2823 autem
943 2782 1052 2822 non
1079 2767 1159 2823 sic
1200 2765 1418 2823 alfectos
1441 2782 1582 2837 esse,
1612 2781 1711 2822 nec

139 2858 181 2913 iu
204 2858 430 2917 similem
467 2858 716 2916 decidere
761 2858 1023 2915 insaniam
1050 2857 1225 2925 decet,
1255 2857 1352 2913 sed
1389 2857 1586 2929 ubique
1611 2873 1708 2913 cu-

138 2965 243 3006 rare
283 2958 342 3007 ut
368 2966 489 3021 qua:
531 2950 796 3006 facultatis
824 2959 1023 3005 nostrae
1067 2958 1191 3004 sunt
1233 2947 1617 3015 adhibeamus,
1648 2962 1710 3004 ac

134 3038 259 3096 bene
277 3039 344 3096 de
368 3041 479 3096 Deo
498 3039 791 3111 cogitemus
814 3048 870 3095 et
898 3039 1195 3109 loquamur.
1225 3038 1405 3109 Neque
1423 3038 1566 3094 enim
1595 3037 1708 3099 llcli

135 3133 203 3198 (1.
239 3130 373 3203 Reg.
402 3132 457 3186 4.
507 3130 620 3202 18),
648 3139 709 3185 ut
735 3130 899 3187 misso
924 3144 1093 3219 regno
1122 3129 1188 3185 ad
1220 3129 1603 3192 sacerdotium,
1644 3129 1711 3184 de

132 3238 227 3292 quo
250 3237 392 3277 nunc
415 3223 610 3293 agitur,
644 3231 996 3291 transeamus,
1035 3221 1388 3292 principatum
1417 3219 1596 3275 studio
1617 3234 1710 3274 ac-

131 3315 399 3383 quisierat.
425 3312 564 3382 Quid
602 3313 763 3384 igitur
785 3311 838 3367 id
879 3312 954 3369 illi
997 3312 1209 3383 profuit,
1243 3326 1363 3366 cum
1388 3309 1711 3383 peccasset?

132 3406 256 3473 Quid
293 3405 438 3470 dico,
470 3406 828 3478 acquisierat?
858 3420 925 3461 ne
960 3406 1006 3461 si
1047 3405 1305 3459 voluisset
1329 3404 1564 3475 quidem,
1596 3404 1713 3474 lege

133 3499 196 3552 ita
242 3506 488 3569 cogente,
542 3505 753 3568 poterat
799 3496 1034 3569 elfugere
1066 3514 1080 3553 :
1115 3512 1239 3552 nam
1281 3511 1348 3551 ex
1399 3496 1535 3551 tribu
1585 3495 1711 3551 Levi

134 3601 274 3657 erat,
306 3598 363 3647 et
399 3592 749 3662 principatum
801 3606 868 3647 ex
916 3590 1126 3661 generis
1180 3596 1327 3643 retro
1374 3589 1712 3644 successione

134 3687 368 3756 accipere
416 3686 564 3739 illum
613 3684 913 3756 oportebat.
959 3684 1208 3738 Attamen
1259 3690 1313 3737 et
1359 3681 1444 3735 hic
1471 3698 1574 3735 non
1607 3681 1710 3736 mi-

139 3778 291 3832 nimas
351 3776 581 3831 ï¬liorum
637 3774 941 3847 petulantiae
984 3775 998 3807 '
1045 3789 1230 3844 poenas
1274 3773 1388 3827 luit.
1441 3772 1576 3840 Quid
1615 3789 1712 3851 au-

142 3880 233 3925 tem
270 3871 365 3927 ille
395 3871 484 3941 qui
530 3870 735 3941 primus
759 3868 1066 3923 Judaeorum
1091 3865 1340 3921 sacerdos
1370 3865 1485 3927 fuit.
1512 3865 1580 3919 de
1609 3880 1715 3935 quo

140 3972 235 4017 tam
277 3962 449 4019 multa
479 3977 600 4018 cum
647 3961 829 4032 Moyse
858 3961 997 4017 Deus
1025 3959 1189 4015 verba
1229 3957 1391 4014 fecit?
1434 3958 1566 4026 Quia
1609 3974 1712 4012 non

137 4057 293 4125 potuit
318 4056 468 4111 solus
484 4064 642 4111 tantm
664 4053 1019 4111 multitudinis
1044 4052 1210 4108 furori
1232 4051 1494 4108 obsistere
1519 4051 1712 4124 (Exod.

138 4146 217 4200 52.
248 4144 363 4218 10),
391 4160 566 4200 annon
588 4160 774 4215 parum
802 4144 970 4199 abfuit
998 4145 1124 4215 qttin
1162 4143 1381 4212 periret,
1412 4143 1512 4197 nisi
1538 4141 1718 4199 fratris

133 4238 480 4307 patrocinium
509 4238 605 4295 Dei
650 4238 783 4293 iram
827 4237 1139 4292 avertisset?
1164 4236 1297 4304 Quia
1344 4251 1473 4293 vero
1517 4235 1716 4306 Moysis

132 4333 452 4384 mentionem
487 4327 736 4397 fecimus,
763 4344 795 4387 e
822 4344 879 4386 re
912 4326 1073 4384 fuerit
1096 4328 1257 4381 etiam
1283 4343 1352 4382 ex
1382 4327 1445 4381 iis
1468 4342 1589 4396 quae
1619 4324 1717 4395 ipsi

133 4423 463 4493 contigerunt
489 4421 569 4476 rei
588 4422 866 4477 veritatem
887 4421 1136 4490 probare.
1162 4419 1259 4475 ilic
1280 4419 1476 4489 quippe
1494 4419 1552 4473 Î’.
1570 4418 1716 4489 Moy-

123 4530 202 4572 ses
231 4523 451 4571 tantum
479 4515 677 4579 abfuit,
704 4523 765 4568 ut
786 4514 1169 4585 praefecturam
1200 4512 1513 4567 Judmorum
1546 4510 1705 4565 inva-

119 4607 289 4671 deret.
326 4615 391 4662 ut
415 4608 655 4663 oblatam
695 4615 978 4663 recusaret
1007 4607 1026 4676 (
1051 4604 1226 4661 Exod.
1254 4606 1308 4661 4.
1350 4604 1462 4677 1â€™5),
1489 4602 1710 4671 Deoque

111 4696 342 4760 iubente
374 4703 652 4762 renueret,
679 4703 845 4766 atque
866 4696 1045 4767 ipsum
1078 4695 1341 4751 irritaret.
1363 4693 1554 4765 Neque
1579 4703 1712 4749 tunc

123 4795 355 4853 tantum,
379 4784 474 4840 sed
496 4786 655 4840 etiam
681 4793 888 4855 postea,
913 4799 1035 4838 cum
1058 4783 1411 4853 principatum
1433 4781 1719 4853 obtineret,

122 4877 319 4931 lubens
343 4885 577 4931 mortem
608 4874 881 4940 subiisset,
905 4881 966 4929 ut
983 4889 1104 4929 eum
1131 4882 1351 4929 exueret
1377 4889 1390 4925 Îµ
1418 4866 1604 4926 Occide
1625 4888 1718 4939 me,

120 4967 317 5039 inquit,
340 4969 386 5023 si
413 4969 484 5021 ita
520 4984 714 5023 mecum
742 4971 974 5040 facturus
997 4984 1050 5022 cs
1082 4965 1272 5039 (Num.
1311 4966 1397 5022 11.
1430 4966 1546 5038 15).
1585 4965 1723 5032 Quid

120 5060 310 5131 igitur,
357 5070 635 5132 postquam
659 5060 897 5131 peccavit
924 5059 991 5117 ad
1019 5074 1232 5131 aquam,
1266 5068 1561 5131 potuerene
1589 5057 1724 5112 assi-

116 5154 246 5209 dua:
282 5154 393 5209 illa
420 5155 783 5211 recusationes
816 5153 994 5224 ipsum
1024 5152 1337 5219 defendere,
1363 5161 1417 5208 et
1442 5168 1472 5205 a
1500 5149 1610 5207 Deo
1635 5165 1728 5205 vc-

120 5250 273 5303 niam
325 5247 612 5318 impetrare
652 5246 840 5317 (Num.
879 5243 1132 5316 20.12)?
1175 5259 1465 5316 eequanam
1515 5243 1615 5298 alia
1659 5242 1726 5295 de

113 5357 288 5398 causa
334 5351 475 5397 terra
501 5341 591 5398 illa
621 5340 990 5411 promissionis
1017 5341 1252 5410 privatus
1275 5339 1395 5396 est?
1424 5339 1582 5394 Certe
1619 5350 1725 5391 non

113 5435 252 5500 alia,
285 5442 347 5488 ut
385 5448 575 5490 onmes
612 5434 833 5497 scimus,
866 5448 1023 5503 quant
1056 5441 1276 5502 propter
1305 5432 1407 5488 hoc
1431 5439 1723 5501 peccatum,

114 5526 280 5596 cuius
307 5540 467 5581 causa
496 5524 845 5581 admirandus
869 5523 957 5580 ille
983 5523 1062 5580 vir
1090 5538 1195 5578 non
1225 5522 1437 5588 eadem,
1470 5538 1587 5593 quae
1611 5521 1734 5576 sub-

124 5614 247 5679 diti,
275 5618 528 5688 consequi
555 5616 762 5687 potuit;
790 5614 884 5670 sed
912 5623 1034 5687 post
1056 5616 1255 5669 multos
1277 5612 1489 5667 labores
1512 5611 1734 5666 multas-

134 5721 244 5775 que
269 5705 536 5775 miserias,
560 5717 679 5779 post
708 5707 1073 5779 evagationem
1112 5706 1256 5761 illam
1298 5703 1729 5772 inenarrabilcm,

197 5814 217 5846 â¸
251 5811 354 5863 Alii.
377 5804 660 5872 iniquitatis.

3309 382 3412 436 662

1829 483 1949 543 post
1977 474 2112 535 bella
2133 486 2186 535 et
2214 489 2409 548 trupma
2435 489 2586 537 extra
2613 491 2809 539 terram
2843 485 2986 540 illam
3011 487 3163 555 obiit,
3186 505 3283 559 pro
3308 510 3409 564 qua

1823 573 1901 619 tot
1926 577 2233 636 susceperat
2278 569 2508 639 labores,
2539 575 2807 645 marisque
2832 577 3170 636 incommoda
3200 598 3407 654 passus,

1802 668 2005 726 portus
2022 660 2302 716 commoda
2330 676 2438 717 non
2464 678 2782 735 assequutus
2801 677 2903 723 est.
2931 667 3094 726 Vides
3121 687 3227 727 non
3249 675 3413 731 modo

1820 750 2143 818 raptoribus,
2174 753 2269 809 sed
2289 755 2451 811 etiam
2483 756 2550 811 iis
2571 758 2661 828 qui
2689 758 2911 815 aliorum
2942 763 3117 819 studio
3147 763 3252 820 huc
3279 780 3407 823 eve-

1820 838 2038 907 huntur,
2084 843 2285 899 nullam
2333 847 2563 917 relinqui
2608 860 2942 918 peccatorum
2984 856 3405 913 excusationem.

1817 929 2040 998 Quando
2084 935 2229 990 enim
2257 936 2314 1004 ii,
2340 937 2428 1007 qui
2477 939 2586 994 Deo
2612 956 2673 997 se
2698 942 2977 999 ordinante
3006 960 3402 1013 recusaverant,

1817 1028 1996 1078 tantas
2020 1038 2207 1094 ptenas
2228 1025 2459 1095 luerunt,
2489 1030 2723 1101 nihilque
2748 1037 2919 1102 potuit
2948 1035 3018 1088 ab
3041 1036 3143 1092 hoc
3170 1039 3405 1108 periculo

1829 1109 2073 1166 eximere
2099 1112 2434 1175 Aaron,non
2463 1115 2602 1182 Heli,
2635 1134 2745 1172 non
2773 1119 2991 1173 beatum
3023 1119 3174 1179 illum
3207 1120 3408 1181 virum,

1820 1210 2095 1269 sanctum,
2122 1205 2470 1275 prophetam,
2509 1210 2811 1267 mirabilem
2841 1248 2857 1275 ,
2894 1210 3252 1269 mitissimum
3286 1225 3411 1265 om-

1820 1294 1976 1350 nium
2000 1296 2097 1366 qui
2116 1306 2275 1353 erant
2292 1315 2461 1372 super
2487 1310 2689 1361 terram
2710 1302 2900 1374 (Num.
2924 1304 3011 1358 12.
3027 1303 3080 1373 '5)
3098 1304 3255 1375 quasi
3279 1304 3411 1359 ami-

1822 1401 1946 1444 cum
1965 1403 2091 1444 cum
2110 1388 2220 1447 Deo
2234 1392 2638 1465 colloquentem
2658 1395 2857 1468 (Exod.
2877 1397 2965 1455 55.
2988 1397 3075 1469 11)
3091 1416 3104 1452 :
3126 1398 3211 1455 vix
3230 1397 3408 1461 nobis,

1814 1480 1905 1550 qui
1931 1480 2001 1537 ab
2028 1482 2172 1539 illius
2202 1486 2393 1540 virtute
2420 1494 2623 1543 tantum
2653 1487 2927 1553 absumus,
2961 1487 3093 1544 satis
3116 1488 3184 1545 ad
3213 1488 3403 1546 defen-

1812 1574 2018 1629 sionem
2062 1589 2184 1631 esse
2230 1576 2446 1645 poterit,
2493 1577 2631 1648 quod
2662 1578 2819 1635 nobis
2855 1580 3059 1637 conscii
3085 1579 3273 1647 simus,
3306 1595 3403 1635 nos

1814 1666 2116 1736 hujnsmodi
2136 1684 2327 1725 munus
2347 1669 2495 1725 nullo
2518 1670 2697 1726 studio
2714 1681 3070 1742 consequutos
3085 1686 3209 1729 osse
3240 1686 3258 1730 t
3280 1686 3402 1729 cum

1813 1759 2046 1815 maxime
2095 1759 2274 1814 multa:
2301 1775 2365 1817 ex
2397 1759 2700 1830 hujusmodi
2730 1762 3155 1821 ordinationibus
3183 1777 3288 1822 non
3314 1762 3399 1816 di-

1812 1850 1933 1904 vina
1974 1851 2147 1921 gratia
2180 1851 2329 1918 fiattt,
2372 1852 2466 1907 sed
2500 1853 2774 1909 hominum
2801 1853 2998 1909 studio.
3041 1853 3232 1909 Iudam
3263 1853 3402 1909 Dens

1812 1940 1993 2012 elegit,
2036 1952 2090 1996 et
2120 1942 2174 1997 in
2209 1950 2453 1997 sanctum
2482 1943 2630 1999 illum
2658 1944 2880 1999 chorum
2908 1943 3198 2015 cooptavit,
3241 1955 3402 2014 atque

1812 2031 1913 2102 ipsi
1944 2032 2291 2101 apostolicam
2321 2033 2632 2104 dignitatem
2662 2041 2723 2088 ut
2750 2033 2968 2104 reliquis
2997 2033 3247 2096 tradidit;
3294 2034 3403 2089 inm

1812 2123 2080 2193 quidpiam
2114 2124 2229 2194 plus
2256 2123 2406 2179 dedit
2446 2140 2606 2195 quam
2649 2125 2789 2191 aliis,
2836 2127 3180 2193 pecuniarum
3210 2140 3401 2195 nempe

1812 2213 2268 2283 dispensationem
2317 2214 2498 2285 (Joan.
2530 2215 2616 2270 12.
2663 2214 2740 2285 6).
2783 2215 2919 2282 Quid
2952 2216 3148 2284 igitur?
3174 2231 3241 2271 an
3280 2217 3403 2285 quia

1812 2315 2041 2377 utroque
2077 2322 2301 2362 munero
2327 2318 2514 2362 contra
2554 2324 2713 2377 quam
2744 2308 2930 2364 debuit
2971 2324 3099 2364 usus
3125 2318 3230 2374 est,
3280 2324 3403 2364 cum

1812 2413 1953 2463 cum,
2003 2415 2163 2468 quem
2210 2400 2609 2470 prtedicandum
2657 2409 2998 2470 susceperat,
3045 2401 3303 2470 prodidit,
3349 2410 3405 2455 et

1813 2490 2046 2547 creditas
2077 2492 2329 2562 pecunias
2358 2492 2499 2549 male
2535 2492 2812 2562 impendit,
2840 2492 3158 2560 supplicium
3184 2491 3403 2562 effugit?

1812 2578 1971 2637 Certe
1996 2582 2097 2637 hoc
2129 2582 2465 2651 potissimum
2498 2583 2715 2638 nomine
2740 2581 2957 2653 gravius
2985 2581 3109 2638 inde
3134 2581 3235 2637 sibi
3272 2596 3403 2652 snp-

1814 2674 2029 2742 plicium
2056 2675 2306 2740 attraxit;
2338 2674 2498 2745 idque
2518 2674 2638 2743 jure
2664 2674 2877 2731 merito.
2910 2674 3025 2730 Non
3054 2675 3196 2729 cnim
3226 2690 3258 2729 a
3295 2675 3405 2729 Deo

1813 2768 2048 2834 acceptis
2078 2764 2374 2820 honoribus
2396 2766 2465 2820 ad
2493 2765 2610 2836 ejus
2635 2765 2986 2821 offensionem
3014 2765 3268 2822 utendum
3295 2774 3396 2825 est.

1811 2855 1907 2911 sed
1937 2855 2001 2910 ad
2050 2855 2099 2911 ei
2139 2854 2310 2927 magis
2339 2855 2675 2926 placendum.
2726 2856 2821 2910 ille
2847 2872 2994 2925 vero,
3031 2857 3155 2926 quia
3200 2856 3405 2925 majore

1812 2950 2062 3020 dignatus
2089 2949 2315 3016 honore,
2338 2948 2466 3006 dum
2495 2957 2667 3020 rogat,
2694 2949 2930 3005 debitum
2958 2950 3059 3005 sibi
3088 2949 3403 3023 supplicium

1812 3041 2048 3109 effugere
2091 3056 2247 3111 posse
2276 3041 2454 3106 liceat,
2486 3040 2708 3110 perinde
2747 3041 2854 3111 agit
2888 3055 2952 3095 ac
2975 3040 3023 3093 si
3068 3039 3188 3110 quis
3216 3056 3279 3093 cx
3328 3040 3405 3092 in-

1812 3133 2043 3189 credulis
2073 3131 2270 3188 Judzeis
2296 3131 2566 3188 Christum
2600 3131 2824 3188 audiens
2852 3132 3140 3198 dicentem,
3170 3130 3287 3186 Nisi
3324 3149 3406 3184 re-

1813 3228 2016 3291 nissem,
2043 3235 2089 3279 et
2118 3227 2355 3295 loquutus
2383 3226 2590 3294 fuissem
2620 3226 2712 3290 eis,
2738 3234 2994 3295 peccatum
3017 3241 3120 3279 non
3145 3224 3403 3285 haberent,-

1814 3329 1861 3373 ÎµÎ¹
1888 3318 1986 3374 Î¹Î¹á¼°Î¿á½¶
2012 3318 2158 3390 signa
2186 3318 2413 3387 fecissem
2438 3318 2533 3385 eis,
2563 3333 2677 3387 qua:
2704 3317 2875 3373 nullus
2900 3317 3032 3372 alius
3063 3321 3267 3388 fecerat,
3291 3334 3411 3388 per.

1813 3420 1982 3464 calum
2011 3426 2113 3463 non
2132 3409 2366 3465 haberent
2389 3409 2568 3479 (Joan.
2594 3410 2681 3466 15.
2705 3409 2797 3463 Î¾Îµ.
2827 3406 2944 3481 24),
2975 3409 3312 3465 Servatorem
3342 3425 3407 3463 ac

1814 3501 2111 3561 beneficum
2133 3502 2403 3556 incnsnrct
2428 3503 2511 3555 his
2532 3501 2744 3558 verbis:
2774 3502 2883 3556 Cur
2910 3501 3101 3556 venisti
3128 3515 3189 3555 ac
3219 3500 3408 3572 loquu-

1817 3603 1900 3647 tus
1926 3593 2021 3649 es?
2048 3608 2146 3649 cur
2168 3594 2320 3664 signa
2367 3593 2558 3661 fecisti,
2592 3601 2651 3649 ut
2679 3593 2885 3662 majore
2911 3607 3008 3648 nos
3033 3592 3289 3663 supplicio
3326 3592 3407 3645 ar-

1816 3685 2041 3740 ficeres?
2064 3684 2172 3741 Sed
2197 3684 2395 3741 furoris
2415 3699 2477 3739 ac
2502 3699 2730 3745 summa:
2760 3684 2981 3740 insania:
3002 3697 3126 3739 sunt
3147 3684 3263 3740 hsce
3285 3700 3410 3737 vcr-

1818 3778 1903 3833 ba.
1960 3776 2198 3832 Medicus
2227 3776 2370 3833 enim
2402 3792 2509 3831 non
2538 3785 2598 3832 ut
2624 3787 2675 3831 te
2703 3776 2982 3831 damnaret
3004 3777 3186 3843 venit,
3226 3775 3321 3831 sed
3353 3784 3410 3830 ut

1816 3880 2077 3935 curaret;
2119 3883 2225 3924 non
2268 3876 2328 3922 ut
2371 3876 2424 3924 te
2450 3875 2798 3939 mgrotantem
2847 3866 3166 3938 despiceret,
3209 3865 3305 3922 sed
3354 3876 3411 3921 ut

1816 3976 1846 4013 a
1865 3959 2054 4015 morbo
2075 3959 2286 4030 penitus
2299 3958 2569 4015 liberaret.
2585 3958 2662 4013 Te
2677 3966 2856 4015 autem
2877 3959 3017 4012 ultro
3028 3956 3144 4029 ejus
3164 3957 3411 4013 manibus

1818 4049 2184 4105 summovisti:
2215 4050 2428 4119 gravius
2449 4048 2606 4119 igitur
2632 4047 2952 4118 supplicium
2970 4047 3182 4104 subeas.
3211 4046 3410 4113 Quem-

1818 4140 2105 4199 admodum
2132 4141 2274 4197 enim
2300 4140 2345 4195 si
2370 4139 2630 4195 curationi
2661 4147 2712 4193 te
2738 4137 3085 4201 subdidisscs.
3114 4153 3144 4192 a
3172 4138 3409 4208 pristinis

1820 4232 1977 4290 malis
2006 4232 2319 4287 liberareris
2357 4248 2371 4284 :
2422 4231 2501 4285 sic
2528 4228 2648 4300 quia
2682 4236 2996 4299 praesentem
3021 4226 3273 4298 effugisti,
3304 4243 3409 4282 non

1821 4326 1956 4380 ultra
1987 4323 2190 4395 poteris
2220 4322 2307 4376 illa
2336 4321 2665 4389 abstergere,
2696 4333 2927 4387 cumque
2956 4332 3058 4374 non
3091 4315 3284 4387 possis,
3315 4317 3412 4371 lm-

1821 4433 1940 4473 rum
1970 4430 2155 4487 pmnas
2179 4414 2366 4478 dabis;
2411 4422 2465 4469 et
2488 4412 2611 4484 quia
2642 4426 2853 4476 vanam,
2882 4419 3135 4481 quantum
3168 4424 3335 4480 penes
3361 4420 3412 4461 te

1822 4507 2070 4577 fuit,ejus
2093 4505 2504 4560 sollicitudinem
2533 4503 2725 4569 fecisti,
2751 4501 2870 4557 ideo
2892 4517 2997 4561 non
3026 4515 3229 4571 parem,
3253 4515 3411 4569 quam

1822 4609 1946 4653 ante
1974 4597 2227 4651 collatum
2258 4611 2288 4650 a
2321 4596 2431 4650 Deo
2478 4595 2758 4661 honorem,
2793 4594 2886 4648 sed
2919 4595 3075 4665 longe
3112 4594 3411 4664 graviorem

1823 4690 2117 4745 cruciatum
2146 4688 2454 4745 sustinebis.
2499 4688 2712 4743 Etenim
2754 4688 2819 4752 is,
2852 4703 3009 4759 quem
3040 4686 3296 4742 beneficia
3325 4701 3411 4741 ac-

1823 4790 1976 4853 cepta
2004 4783 2279 4839 meliorem
2305 4796 2408 4837 non
2430 4780 2683 4846 reddunt,
2709 4780 2830 4850 jure
2852 4779 3098 4835 acerbius
3125 4780 3280 4849 plecti
3302 4795 3414 4837 me-

1824 4883 1991 4931 retur.
2037 4873 2172 4943 Quia
2220 4874 2380 4945 igitur
2419 4870 2724 4943 hujusmodi
2773 4866 3015 4926 defensio
3061 4870 3267 4925 infirma
3296 4885 3415 4924 esse

1825 4966 2248 5031 demonstratur,
2296 4980 2399 5020 nec
2425 4965 2599 5020 solum
2650 4979 2753 5019 non
2784 4972 2989 5018 tutatur
3021 4977 3117 5018 eos
3143 4962 3232 5031 qui
3257 4960 3324 5016 ad
3356 4962 3415 5014 il-

1827 5052 1931 5112 lam
1958 5054 2291 5127 confugiunt,
2338 5054 2433 5111 sed
2463 5055 2632 5125 magis
2661 5055 2822 5109 etiam
2867 5051 3061 5123 prodit,
3090 5051 3232 5107 aliud
3264 5051 3416 5106 nobis

1828 5146 2133 5218 praesidium
2163 5145 2530 5218 quaerendum.

1899 5234 2176 5305 Quodnam
2204 5236 2373 5292 illud?
2416 5235 2585 5307 inquit
2631 5230 2954 5299 BASILIUS,
2986 5229 3416 5305 quandoquidem

1830 5344 1931 5400 ego
1966 5328 2018 5382 in
2049 5328 2257 5399 meipso
2286 5343 2407 5383 esse
2439 5342 2545 5382 non
2571 5341 2789 5401 possum
2816 5344 2829 5378 :
2863 5334 3067 5379 tantum
3090 5322 3219 5378 mihi
3246 5330 3418 5378 torreo

1832 5422 1909 5478 ris
1934 5436 1998 5478 ac
2020 5420 2316 5479 formidinis
2346 5421 2505 5481 verba
2539 5429 2625 5474 tua
2656 5421 3015 5474 incusserunt.
3039 5408 3417 5477 CllRYSOSâ€™iâ€˜.

1831 5515 1931 5585 Ne,
1957 5531 2138 5589 quatso
2171 5523 2225 5571 et
2253 5514 2501 5580 obsecro,
2526 5522 2579 5568 te
2604 5527 2841 5580 eousque
2865 5510 3105 5582 dcjicias.
3139 5509 3233 5571 Est
3254 5508 3419 5571 enim,

1836 5620 1920 5667 est
1958 5624 2088 5665 sane
2115 5607 2422 5679 praesidium
2459 5603 2614 5661 nobis
2657 5603 2905 5671 infirmis,
2937 5611 2993 5655 ut
3021 5614 3307 5670 numquam
3355 5614 3420 5654 eo

1835 5700 2164 5765 incidamus;
2188 5684 2340 5754 Vobis
2364 5705 2542 5753 autem
2570 5694 2816 5761 fortibus,
2841 5704 2898 5748 ut
2917 5707 3067 5764 spem
3094 5690 3280 5746 salutis
3304 5702 3422 5761 post

1842 5792 1936 5851 Dei
1964 5791 2187 5864 gratiam
2214 5806 2319 5848 non
2347 5788 2471 5847 alibi
2501 5788 2730 5861 ponatis,
2748 5801 2904 5859 quam
2925 5783 3127 5843 utnihil
3155 5783 3423 5854 indignum
