3942 6368
566 371 670 423 063

566 483 770 538 faciatis
798 484 886 538 illo
913 482 1053 538 dono
1082 492 1134 535 et
1165 482 1280 552 ipso
1310 481 1558 550 largitore
1589 478 1713 532 Deo.
1744 475 1971 529 Maximo
1997 473 2151 543 quip-

565 592 633 644 pe
671 573 938 646 supplicio
964 572 1108 642 digni
1135 579 1293 626 erunt
1329 571 1382 635 ii,
1413 569 1503 639 qui
1537 577 1817 637 postquam
1855 563 2032 618 studio
2058 577 2155 616 suo

563 666 880 736 dignitatem
908 662 1210 734 hujusmodi
1242 670 1365 716 sunt
1388 660 1585 728 adepti,
1617 657 1699 712 vel
1729 672 1794 712 ex
1825 656 2051 726 ignavia,
2073 654 2156 709 vel

559 777 625 814 ex
653 758 1013 828 improbitate,
1042 757 1127 811 vel
1156 771 1219 809 ex
1253 753 1536 823 imperitia,
1567 767 1672 804 non
1703 757 1848 804 recte
1875 747 1964 803 illa
1993 757 2154 801 utun-

561 862 666 906 tur.
693 850 874 920 Neque
903 861 1080 904 tamcn
1109 847 1228 901 ideo
1255 847 1341 912 iis,
1365 844 1456 915 qui
1485 843 1630 898 nullo
1654 843 1831 898 studio
1863 842 2029 910 ipsam
2069 854 2158 894 as-

560 942 772 1011 sequnti
814 949 956 1004 sunt,
992 938 1145 993 venia
1176 937 1514 1006 relinquitur,
1545 935 1642 989 sed
1671 949 1738 988 nc
1777 933 1909 1002 ipsis
1937 931 2153 1002 quidem

566 1032 668 1084 ulla
695 1039 939 1099 superest
959 1029 1252 1083 excusatio.
1267 1027 1486 1097 Oportet
1507 1026 1669 1092 enim,
1697 1024 1944 1089 arbitror,
1963 1037 2152 1092 qnam-

562 1125 643 1177 vis
676 1122 913 1177 sexcenti
957 1122 1222 1176 advocent
1249 1129 1304 1175 et
1327 1127 1542 1189 cogant,
1571 1133 1676 1172 non
1710 1117 1830 1170 illos
1857 1115 2149 1186 reSpiccre,

556 1215 649 1268 sed
699 1215 869 1284 primo
895 1213 1134 1268 animum
1164 1212 1446 1282 explorare
1473 1225 1652 1277 suum,
1695 1217 1748 1264 et
1773 1209 1950 1264 omnia
1989 1222 2151 1261 accu-

555 1317 670 1361 rate
697 1318 991 1362 scrutatum
1021 1307 1092 1360 ita
1123 1305 1230 1360 vim
1260 1303 1612 1359 inferentibus
1641 1301 1854 1357 cedere.
1885 1299 2004 1354 tiam
2032 1301 2151 1353 nul-

555 1399 638 1453 lus
668 1415 728 1454 se
753 1399 974 1454 domum
1002 1398 1389 1454 :ndificaturum
1417 1396 1656 1468 polliceri
1697 1395 1911 1460 audeat,
1941 1393 2041 1448 nisi
2074 1392 2152 1447 sit

557 1491 904 1560 architectus,
947 1506 1123 1560 neque
1163 1490 1474 1560 a'grotantia
1518 1503 1743 1558 corpora
1789 1501 2000 1548 curare,
2049 1485 2148 1539 nisi

559 1583 878 1638 medicinam
907 1583 1131 1647 callent;
1178 1581 1272 1636 sed
1293 1581 1499 1635 etiamsi
1526 1581 1631 1634 vim
1657 1577 1906 1642 inferant,
1937 1591 2151 1646 semper

557 1677 800 1740 obsistet,
825 1673 1173 1745 nec~pudebit
1200 1689 1324 1728 eum
1353 1673 1682 1742 ignorantim.
1714 1671 1809 1726 Cui
1833 1681 2012 1724 autem
2041 1680 2148 1724 tam

557 1767 842 1821 multarum
871 1755 1166 1820 animarum
1205 1780 1332 1819 cura
1363 1764 1731 1819 concredenda
1762 1772 1864 1826 est,
1897 1763 1941 1816 is
1971 1776 2148 1815 nonne

556 1857 704 1927 prius
725 1858 960 1927 seipsum
989 1857 1308 1927 explorabit,
1331 1855 1448 1922 sed,
1482 1855 1690 1910 etiamsi
1712 1853 1950 1908 omnium
1968 1853 2147 1920 impe-

557 1950 843 2004 ritissimus
864 1949 961 2015 sit,
991 1947 1341 2002 ministerium
1373 1948 1647 2015 suscipiet,
1680 1947 1803 2015 quia
1833 1943 1970 1999 alius
1997 1943 2146 2014 quis-

556 2044 696 2112 piam
721 2041 772 2095 id
799 2041 971 2110 jubet,
1009 2039 1256 2109 aliusque
1294 2039 1456 2108 cogit,
1487 2048 1541 2092 et
1567 2055 1634 2092 ne
1665 2039 1716 2091 in
1740 2037 2032 2107 cujuspiam
2063 2033 2146 2089 of-

556 2135 854 2189 fensionem
886 2133 1158 2188 incurrat?
1187 2135 1376 2187 Annon
1405 2147 1464 2187 se
1508 2133 1622 2201 ipse
1652 2142 1844 2202 sponte
1879 2148 2000 2185 cum
2044 2131 2147 2185 illis

557 2229 609 2280 in
652 2225 1002 2295 prmcipitium
1043 2225 1290 2294 conjicit?
1317 2223 1450 2278 Cum
1480 2223 1663 2278 liceret
1693 2225 1791 2277 sibi
1833 2224 1990 2277 saluti
2035 2239 2146 2277 sua:

554 2317 864 2383 consulere,
895 2317 1032 2372 alios
1058 2331 1239 2371 secum
1269 2316 1321 2370 in
1345 2316 1634 2386 perniciem
1659 2315 1841 2369 trahit.
1869 2315 2144 2370 Undenam

555 2411 783 2464 salutem
817 2424 1039 2479 sperare
1079 2408 1288 2478 possit?
1315 2407 1456 2462 unde
1483 2408 1690 2461 veniam
1713 2407 2008 2476 consequi?
2028 2406 2146 2476 qui-

556 2518 678 2555 nam
713 2510 838 2556 tunc
864 2501 1018 2556 nobis
1047 2501 1563 2571 patrocinabantur?
1588 2515 1655 2553 an
1680 2500 1712 2554 ii
1744 2501 1832 2569 qui
1865 2500 2017 2554 nobis
2037 2500 2144 2552 vim

555 2608 697 2647 nunc
743 2591 992 2657 inferunt,
1031 2602 1085 2647 et
1135 2593 1201 2646 ad
1244 2593 1619 2646 necessitatem
1646 2592 1903 2660 adigunt?
1931 2592 2001 2644 At
2048 2591 2146 2644 bos

557 2688 702 2753 ipsos
730 2687 849 2754 quis
897 2685 987 2739 illo
1017 2694 1259 2755 tempore
1284 2684 1551 2738 servabit?
1589 2699 1711 2737 nam
1738 2693 1792 2738 et
1823 2683 1919 2752 ipsi
1950 2681 2144 2752 depre-

553 2777 824 2831 ratoribus
862 2777 1195 2846 indigebunt,
1233 2786 1288 2830 ut
1333 2777 1508 2847 ignem
1549 2775 1820 2845 effugiant.
1851 2775 2003 2841 Quod
2049 2790 2144 2828 au-

557 2881 662 2923 tem
691 2869 804 2925 lucc
831 2870 1003 2926 dicam
1036 2887 1140 2925 non
1169 2879 1225 2924 ut
1252 2870 1345 2924 tibi
1378 2880 1636 2924 terrorem
1670 2869 1946 2936 incutiam,
1971 2868 2064 2923 sed
2091 2877 2148 2923 ut

555 2962 754 3015 veritas
793 2963 1055 3032 postulat,
1104 2961 1225 3017 andi
1269 2961 1393 3032 quid
1439 2961 1632 3015 Paulus
1674 2961 1818 3016 dicat
1862 2960 2146 3017 Timotheo

553 3053 836 3121 discipulo,
884 3067 1139 3122 germano
1183 3053 1293 3108 filio
1338 3061 1498 3123 atque
1540 3053 1780 3108 dilecto:
1825 3051 2013 3107 Manus
2043 3051 2142 3105 cito

554 3144 740 3196 nemini
757 3143 1239 3216 imposneris,neqnc
1251 3143 1718 3199 communicaveris
1733 3144 1964 3216 peccatis
1975 3143 2164 3200 alienis

555 3235 632 3300 (l.
664 3233 794 3286 Tim.
830 3235 883 3289 5.
905 3234 1021 3305 22).
1055 3234 1240 3290 Viden‘
1265 3245 1462 3305 quanta
1490 3250 1606 3301 eos,
1654 3237 1745 3305 qui
1790 3250 1888 3290 nos
1927 3237 1994 3290 ad
2025 3251 2145 3291 eam

554 3326 870 3397 dignitatem
887 3327 1194 3396 perducturi
1207 3335 1380 3396 erant,
1401 3342 1508 3382 non
1524 3327 1942 3398 reprehensione
1961 3329 2143 3395 modo,

553 3419 650 3474 sed
677 3419 836 3473 etiam
866 3433 1045 3488 pana,
1075 3419 1330 3488 quantum
1361 3419 1416 3474 in
1445 3419 1597 3474 nobis
1625 3418 1744 3483 fuit,
1765 3419 2148 3489 eripuerimus?

629 3511 684 3564 2.
713 3511 814 3577 Qui
831 3511 981 3565 etiam
1003 3526 1091 3580 per
1113 3509 1453 3579 ignorantiam
1475 3510 1712 3581 indignos
1733 3511 1992 3578 ordinant,
2013 3526 2148 3580 swpe

556 3603 820 3674 puniendi.
851 3630 924 3641 —
948 3601 1100 3656 Sicut
1124 3601 1379 3668 enim'iis,
1403 3605 1490 3672 qui
1512 3602 1666 3657 electi
1695 3602 1860 3669 fuere,
1888 3604 2146 3658 nonsatis

555 3706 638 3752 est
664 3697 729 3751 ad
757 3695 1125 3750 defensionem
1155 3695 1356 3764 dicere,
1389 3695 1506 3750 Non
1552 3705 1742 3766 sponte
1771 3697 1996 3760 accessi,
2047 3712 2146 3752 nec

556 3804 670 3842 rem
714 3786 1046 3856 prospiciens
1075 3784 1254 3856 effugi,
1289 3786 1361 3840 ita
1403 3801 1503 3841 nec
1540 3801 1655 3853 eos,
1705 3787 1796 3858 qui
1843 3785 2142 3857 elegerunt,

552 3879 780 3950 juvabit,
826 3880 870 3933 si
921 3877 1123 3946 dicant,
1173 3894 1233 3934 se
1261 3878 1562 3934 ordinatum
1607 3896 1714 3934 non
1762 3881 2003 3946 novisse;
2051 3880 2144 3934 sed

559 3972 680 4026 ideo
709 3970 881 4041 majus
904 3971 1110 4027 crimen
1141 3971 1387 4039 efficitur,
1413 3971 1537 4043 quia
1561 3988 1721 4043 quem
1752 3988 1857 4028 non
1887 3982 2146 4029 noverant

558 4063 944 4132 produxerunt,
979 4073 1034 4119 et
1070 4081 1189 4135 qua:
1228 4063 1439 4120 videtur
1465 4079 1588 4120 esse
1627 4063 1892 4133 defensio,
1940 4067 2143 4121 crimen

558 4166 732 4226 auget.
763 4155 1046 4222 Quomodo
1073 4157 1218 4212 enim
1248 4171 1355 4212 non
1383 4155 1676 4212 absurdum
1704 4155 1881 4222 fuerit,
1931 4173 2026 4214 eos
2057 4159 2146 4227 qui

559 4249 880 4318 mancipium
911 4263 1094 4304 emere
1137 4248 1343 4314 volunt,
1393 4258 1447 4304 et
1478 4248 1711 4304 medicis
1739 4249 2044 4313 ostendere,
2095 4259 2149 4304 et

559 4341 848 4410 emptionis
867 4356 1158 4412 sponsores
1176 4342 1467 4412 postulare,
1489 4351 1541 4397 et
1569 4343 1771 4397 vicinos
1791 4343 2146 4412 interrogare,

560 4453 658 4491 nec
686 4447 861 4492 tamen
889 4446 1072 4507 postea
1113 4437 1406 4504 confidere,
1451 4435 1548 4492 sed
1572 4437 1880 4493 diuturnum
1908 4437 1974 4492 ad
2020 4453 2148 4507 pro-

561 4529 830 4582 bationem
878 4537 1089 4598 tempus
1135 4544 1359 4600 poscere
1384 4549 1396 4585 :
1428 4532 1482 4584 in
1512 4539 1718 4586 tantum
1747 4547 1874 4585 vero
1904 4531 2150 4584 ministe-

561 4621 698 4674 rium
728 4620 1020 4675 inseribere
1042 4622 1346 4690 quempiam
1372 4622 1634 4688 volentes,
1659 4631 1862 4677 temere
1882 4631 1935 4676 et
1959 4631 2017 4675 ut
2039 4620 2150 4675 fors

561 4711 717 4786 ferat,
749 4712 862 4767 sive
891 4713 958 4768 ad
994 4716 1241 4784 gratiam,
1270 4715 1387 4770 sive
1413 4715 1478 4769 ad
1506 4715 1756 4770 invidiam
1785 4715 2148 4769 testimonimn

557 4802 921 4875 judiciumque
965 4804 1128 4873 ferre,
1177 4807 1323 4860 nullo
1351 4807 1460 4860 alio
1487 4806 1670 4860 habito
1705 4806 1992 4861 examine?
2021 4807 2152 4872 Quis

561 4911 690 4965 ergo
707 4912 802 4965 pro
819 4897 973 4952 nobis
990 4908 1113 4952 tunc
1129 4897 1525 4967 deprecabitur,
1544 4913 1665 4953 cum
1687 4899 1784 4969 ipsi
1805 4900 1894 4968 qui
1915 4900 2146 4967 patroci-

562 4990 678 5043 nari
693 4981 964 5044 debebunt
978 4991 1272 5059 patrocinio
1287 4991 1516 5060 egeant?
1533 4982 1766 5046 Proinde
1779 5001 1990 5060 oportet
2004 5007 2149 5058 eum,

561 5081 649 5150 qui
668 5079 1007 5136 ordinaturus
1027 5091 1130 5144 est,
1162 5081 1325 5134 multa
1349 5081 1495 5150 prius
1524 5083 1909 5152 perquisitione
1927 5083 2002 5136 uti
2023 5100 2037 5150 ;
2057 5085 2153 5138 sed

563 5175 730 5226 multo
754 5174 954 5242 majore
982 5190 1127 5240 eum,
1157 5174 1246 5243 qui
1277 5173 1604 5229 ordinandus
1628 5184 1730 5230 est.
1766 5175 1986 5230 Etiamsi
2009 5177 2152 5230 enim

566 5274 905 5331 peccatorum
937 5266 1184 5335 supplicii
1211 5274 1488 5321 consortes
1520 5266 1800 5321 habiturus
1826 5267 1894 5322 sit
1925 5282 2019 5321 eos
2063 5270 2152 5338 qui

567 5355 863 5424 elegerunt,
888 5365 1123 5411 attamen
1158 5372 1262 5411 non
1295 5359 1408 5426 ipse
1434 5357 1647 5427 quidem
1673 5358 1770 5412 hac
1788 5359 1996 5414 ratione
2023 5374 2153 5430 sup-

566 5445 783 5513 plicium
815 5448 1012 5508 evadit,
1045 5448 1152 5501 imo
1180 5448 1392 5517 gravius
1412 5450 1670 5517 sustinet;
1699 5450 1800 5504 nisi
1829 5451 2052 5506 fortasse
2080 5451 2154 5505 illi

483 5533 488 5540 ’
567 5535 797 5590 humana
826 5537 1002 5607 aliqua
1032 5540 1236 5593 ratione
1266 5539 1442 5604 ducti,
1470 5549 1656 5595 contra
1679 5557 1840 5610 quam
1871 5551 2156 5597 consenta-

569 5642 728 5682 neum
759 5629 858 5683 sibi
904 5631 1199 5697 videbatur,
1244 5633 1561 5687 elcctionem
1592 5631 1837 5698 fecerint.
1868 5633 2000 5688 Nam
2031 5635 2074 5689 si
2104 5636 2155 5688 in

569 5717 832 5787 ejusmodi
857 5722 1378 5790 delictodeprebensi
1399 5725 1613 5790 fuerint,
1634 5735 1687 5781 ct
1709 5742 1866 5797 quem
1884 5727 2156 5798 indignum

567 5818 716 5866 certo
738 5811 1189 5883 scirent,quadam
1212 5815 1276 5872 de
1303 5831 1461 5872 causa
1489 5826 1810 5889 cooptartnt,
1845 5819 1992 5891 paria
2011 5816 2158 5878 luent

1277 366 1329 421 S.
1373 362 1650 419 JOANNIS
1689 353 2167 415 CIlRYSOSTOMl
2213 350 2533 408 ARCIIIEP.
2565 353 3098 413 CONSTANTlNOP.
3729 367 3814 422 cm

2266 468 2521 539 supplicia
2549 489 2561 523 :
2591 470 2816 527 fortasse
2846 489 2973 529 vero
2998 474 3231 544 majores
3255 489 3437 546 penes
3457 477 3600 534 dabit
3625 483 3705 550 qui
3727 501 3814 539 non

2262 563 2510 619 idoneum
2536 567 2832 621 constituit.
2882 567 3012 621 Nam
3054 568 3142 639 qui
3195 578 3506 639 potestatem
3535 573 3620 628 dat
3646 577 3812 631 volenti

2262 655 2554 710 Ecclesiam
2585 671 2949 728 corrumpere,
2993 660 3038 714 is
3071 660 3362 715 facinorum
3388 663 3503 732 ejus
3532 676 3705 720 auctor
3724 668 3816 721 fne-

2260 747 2348 802 rit.
2373 747 2524 814 Quod
2551 751 2596 804 si
2628 750 2755 804 nulli
2781 767 2966 806 eorum
2988 753 3252 808 obnoxius
3279 754 3391 824 ipse
3418 757 3588 824 fuerit,
3610 759 3696 814 sed
3721 763 3815 815 vnl-

2259 839 2308 907 gi
2331 839 2582 907 opinione
2602 855 2662 896 se
2690 841 2972 911 deceptum
2994 843 3158 910 dicat,
3192 859 3260 898 ne
3285 844 3362 898 sic
3387 846 3597 916 quidem
3625 849 3813 919 impune

2259 930 2435 996 fuerit,
2479 933 2572 987 sed
2603 934 2762 1003 paulo
2809 935 3066 1000 minores,
3119 951 3277 1005 quam
3322 937 3410 1007 qui
3442 937 3708 994 ordinatus
3728 952 3811 1000 est.

2259 1021 2406 1077 dabit
2437 1039 2641 1092 poenas.
2674 1025 2890 1092 Quare?
2917 1026 3050 1092 Quia
3083 1028 3369 1084 verisimile
3402 1028 3604 1084 videtur
3629 1045 3714 1085 eos
3737 1036 3811 1101 qui

2257 1113 2472 1180 elegere
2501 1113 2629 1168 falsa
2669 1115 2808 1184 vulgi
2837 1116 3088 1185 Opinione
3111 1116 3366 1187 deceptos
3397 1133 3466 1174 eo
3489 1120 3710 1175 animum
3730 1136 3811 1191 ap-

2257 1207 2456 1275 pulisse
2472 1223 2486 1270 ;
2503 1207 2600 1262 sed
2621 1208 2711 1277 qui
2733 1209 2937 1264 electus
2966 1207 3065 1264 fuit
3086 1225 3191 1266 non
3214 1211 3434 1280 perinde
3453 1212 3625 1266 dicere
3643 1222 3810 1282 potest,

2256 1297 2514 1368 Meipsum
2563 1299 2892 1369 ignorabam,
2925 1310 2981 1355 ut
3022 1300 3110 1355 alii
3140 1317 3199 1358 se
3244 1303 3516 1372 ignorasse
3558 1304 3716 1372 ipsum
3739 1305 3808 1358 dl-

2249 1399 2402 1443 cunt.
2437 1389 2586 1446 Sicut
2616 1392 2776 1460 igitur
2799 1393 3013 1462 gravius
3037 1393 3351 1463 plectendos
3378 1405 3478 1459 est,
3512 1412 3662 1466 quam
3687 1397 3716 1450 ii
3734 1399 3806 1464 qui

2256 1481 2429 1550 ipsum
2460 1492 2799 1552 cooptarunt,
2839 1485 2910 1538 ita
2945 1488 3245 1542 accuratius
3288 1489 3369 1541 sui
3402 1488 3566 1557 ipsius
3593 1506 3806 1556 examen,

2253 1588 2411 1643 quam
2457 1573 2552 1639 illi,
2584 1576 2756 1630 facere
2795 1576 2993 1632 debet:
3027 1592 3090 1633 ac
3113 1579 3159 1632 si
3205 1579 3378 1648 ipsum
3419 1580 3495 1635 illi
3539 1581 3809 1651 ignorantes

2251 1663 2582 1734 pertrahant,
2625 1666 2833 1720 obviam
2861 1669 2944 1722 ire
2969 1669 3146 1735 debet,
3188 1671 3488 1743 docereque
3513 1689 3690 1728 causas
3711 1691 3807 1738 eas,

2255 1769 2350 1822 per
2375 1769 2508 1824 quas
2535 1753 2601 1810 ab
2630 1770 2816 1812 errore
2864 1757 3144 1823 desistant,
3190 1775 3355 1831 seque
3396 1763 3479 1816 vel
3529 1765 3809 1833 probatione

2254 1847 2526 1918 indignum
2553 1849 2860 1916 ostendens,
2893 1866 2924 1905 a
2953 1862 3214 1908 tantarum
3243 1870 3420 1908 rerum
3451 1857 3587 1910 mole
3619 1857 3806 1910 eximat.

2251 1936 2359 1993 Cur
2383 1940 2525 1994 enim
2555 1956 2678 1996 cum
2708 1941 2776 1997 de
2800 1959 2860 1998 re
2888 1944 3124 2011 militari,
3157 1944 3229 2000 de
3259 1957 3578 2014 mercatura,
3605 1948 3668 2004 de
3689 1951 3808 2019 agri-

2248 2033 2475 2098 cultura,
2524 2034 2698 2105 deque
2725 2036 2842 2090 aliis
2887 2037 3240 2092 saecularibus
3283 2040 3448 2094 rebus
3489 2039 3804 2103 deliberatur,

2250 2141 2357 2179 non
2385 2127 2618 2196 agricola
2651 2129 3066 2199 navigationem,
3113 2145 3212 2184 nec
3242 2131 3398 2184 miles
3441 2132 3806 2201 agriculturam,

2250 2233 2350 2273 nec
2396 2219 2723 2288 gubernator
2764 2221 3008 2275 militiam
3059 2221 3332 2290 suscipiat,
3365 2223 3569 2277 etiamsi
3612 2230 3806 2278 mortem

2251 2310 2357 2365 illis
2379 2313 2682 2368 sexcenties
2701 2314 3079 2369 committeris?
3094 2313 3295 2385 Nempe
3311 2317 3432 2386 quia
3462 2317 3733 2385 periculum
3753 2333 3805 2370 ex

2251 2403 2516 2470 imperitia
2563 2420 2845 2475 emergens
2889 2408 3082 2477 singuli
3128 2409 3478 2479 prospiciunt.
3519 2411 3657 2465 ltane
3699 2425 3805 2478 erga

2250 2492 2337 2546 ubi
2365 2493 2433 2548 de
2460 2494 2682 2550 modicis
2713 2497 2874 2552 rebus
2900 2497 3282 2566 periclitamur,
3316 2509 3462 2554 tanta
3490 2509 3687 2555 utemur
3706 2517 3786 2571 pro

2250 2584 2504 2650 videntia,
2559 2601 2734 2657 neque
2773 2589 3076 2659 cogentium
3118 2590 3388 2646 violentiae
3431 2593 3706 2648 cedemus:
3733 2591 3803 2644 uln

2249 2686 2428 2732 autem
2459 2685 2721 2733 aeternum
2749 2679 3063 2749 supplicium
3095 2691 3330 2751 paratur,
3364 2684 3430 2739 iis
3451 2698 3582 2754 quos
3609 2699 3702 2737 non
3723 2695 3806 2736 no-

2251 2779 2395 2836 runt,
2435 2771 2793 2826 sacerdotium
2844 2773 3077 2840 tradunt,
3105 2789 3174 2828 an
3206 2786 3412 2832 temere
3439 2786 3493 2832 et
3521 2777 3802 2838 inconsulto.

2251 2864 2356 2918 vim
2383 2865 2450 2920 ab
2475 2865 2594 2920 aliis
2630 2865 2828 2920 illatam
2855 2867 3231 2934 obtendentes,
3263 2869 3314 2924 in
3340 2880 3545 2926 tantum
3571 2885 3663 2926 nos
3687 2871 3804 2940 peri-

2251 2955 2430 3011 culum
2466 2957 2859 3028 conjiciemus?
2899 2963 2968 3014 At
3008 2959 3123 3016 haec
3153 2976 3260 3016 non
3293 2962 3539 3018 tolerabit
3581 2964 3662 3033 qui
3704 2972 3807 3015 tunc

2253 3062 2349 3104 nos
2393 3049 2726 3118 judicaturus
2767 3061 2872 3108 est.
2912 3052 3203 3122 Oportebat
3231 3057 3375 3110 enim
3418 3056 3662 3126 majorem
3689 3054 3804 3108 circa

2251 3140 2545 3210 spiritualia
2575 3143 2897 3212 cautionem,
2929 3160 3086 3214 quam
3113 3147 3252 3201 circa
3284 3149 3519 3202 carnalia
3548 3145 3801 3202 exhibere:

2247 3233 2357 3304 jam
2379 3249 2510 3289 vero
2537 3250 2607 3289 ne
2629 3250 2814 3305 parem
2844 3237 3059 3305 quidem
3088 3238 3342 3293 exhibere
3369 3237 3804 3309 deprehendimur.

2253 3328 2346 3381 Dic
2373 3328 2516 3382 enim
2540 3328 2692 3394 mihi,
2718 3330 2762 3384 si
2783 3345 2940 3398 quem
2969 3331 3223 3400 suspicati
3243 3330 3456 3387 fabrum
3483 3347 3618 3397 esse,
3646 3329 3724 3400 qui
3744 3339 3807 3382 ta.

2251 3435 2374 3474 men
2426 3419 2574 3475 faber
2605 3436 2711 3474 non
2743 3431 2905 3488 esset,
2937 3421 3004 3476 ad
3044 3437 3179 3491 opus
3205 3438 3542 3490 vocaremus,
3583 3434 3806 3491 sequere-

2252 3521 2442 3582 turque
2466 3512 2598 3583 ipse,
2627 3513 2720 3584 qui
2747 3529 2938 3568 manus
2957 3513 3023 3568 ad
3053 3516 3331 3570 materiam
3353 3515 3578 3570 aedilicio
3603 3522 3806 3584 paratam

2253 3605 2565 3668 admovens,
2597 3606 2758 3676 ligna,
2790 3606 3100 3677 lapidesque
3139 3607 3502 3675 labefactaret,
3532 3609 3700 3676 sicque
3729 3603 3807 3656 do-

2252 3715 2396 3753 mum
2425 3708 2780 3764 construeret,
2821 3710 2876 3753 ut
2909 3701 3088 3754 statim
3116 3699 3497 3766 collaberetur,
3526 3715 3644 3754 num
3671 3697 3729 3751 ad
3753 3697 3805 3748 il-

2253 3792 2354 3846 lius
2375 3791 2743 3848 defensionem
2775 3795 2903 3848 satis
2927 3803 3093 3860 esset,
3124 3792 3266 3864 quod
3287 3805 3510 3849 coactus
3536 3807 3628 3847 nec
3647 3796 3809 3856 suopte

2252 3895 2401 3940 metu
2443 3885 2714 3940 venisset?
2762 3883 3128 3954 Nequaquam,
3163 3883 3321 3953 idque
3372 3884 3494 3953 jure
3522 3898 3583 3938 ac
3610 3879 3805 3936 merito:

2251 3977 2533 4046 oportebat
2573 3976 2716 4032 enim
2747 3977 2906 4031 etiam
2948 3975 3068 4029 aliis
3097 3975 3416 4031 vocantibus
3441 3975 3660 4031 resilire.
3687 3971 3808 4025 ltane

2252 4068 2339 4136 qui
2373 4068 2509 4137 ligna
2537 4078 2590 4121 et
2619 4067 2819 4138 lapides
2867 4067 3222 4134 labefactavit,
3253 4067 3461 4122 debitas
3490 4078 3664 4135 poznas
3686 4059 3806 4115 nullo

2254 4158 2415 4212 modo
2443 4157 2681 4228 effugiat,
2725 4157 2818 4228 qui
2858 4167 3036 4212 autem
3077 4159 3281 4212 animas
3312 4157 3620 4228 perdiderit,
3648 4168 3704 4207 ac
3726 4165 3805 4205 ne-

2252 4250 2515 4321 gligenter
2536 4249 2903 4317 mdificaverit,
2934 4251 3039 4305 vim
3067 4251 3166 4305 εῶἱ
3199 4249 3400 4305 illatam
3431 4251 3496 4304 ad
3525 4244 3806 4318 supplicium

2252 4341 2629 4398 declinandum
2655 4342 2757 4398 sibi
2784 4342 2916 4397 satis
2938 4357 3059 4397 esse
3091 4341 3334 4410 putabit?
3361 4339 3624 4412 quomodo
3654 4336 3700 4392 id
3720 4349 3806 4389 non

2253 4436 2540 4492 admodum
2570 4437 2811 4506 ineptum
2838 4434 3042 4491 fuerit?
3069 4435 3315 4490 Nondum
3346 4437 3489 4490 enim
3510 4432 3710 4503 adjicio,
3731 4441 3807 4481 no-

2254 4513 2453 4582 lentem
2480 4542 2510 4581 a
2541 4526 2756 4588 nemine
2783 4527 3029 4596 compelli
3058 4541 3236 4596 posse.
3258 4525 3369 4581 Sed
3399 4535 3535 4588 esto.
3574 4526 3809 4593 ingentem

2255 4621 2362 4675 vim
2395 4635 2584 4691 passus
2611 4622 2702 4689 sit,
2735 4620 3103 4690 machinisque
3147 4620 3308 4675 variis
3335 4621 3604 4690 impetitus
3626 4611 3810 4672 decide-

2239 4714 2362 4782 rit:
2395 4728 2462 4765 an
2491 4712 2591 4766 hoc
2620 4712 2770 4767 illum
2807 4712 3074 4783 supplicio
3098 4711 3337 4771 eximet?
3364 4711 3462 4777 Ne,
3494 4711 3726 4769 obsecro,
3755 4715 3809 4756 ne

2256 4818 2493 4875 eousque
2521 4818 2621 4859 nos
2652 4805 2797 4874 ipsos
2820 4804 3188 4874 decipiamus;
3231 4819 3301 4858 ne
3344 4818 3448 4859 nos
3478 4803 3709 4874 ignorare
3753 4791 3810 4847 si:

2257 4897 2520 4951 mulemus
2540 4910 2626 4962 ea,
2649 4911 2768 4965 qua:
2788 4897 2870 4950 vel
2893 4896 3128 4964 puerulis
3157 4906 3280 4950 nota
3299 4903 3443 4950 sunt.
3474 4893 3649 4962 Neque
3668 4886 3805 4944 enim,

2258 4990 2349 5044 ubi
2393 4991 2626 5046 rationes
2667 4989 2955 5045 reddendae
2993 4999 3170 5055 erunt,
3227 4991 3539 5060 ignorantia:
3575 4982 3809 5040 simulatio

2259 5081 2412 5136 nobis
2453 5082 2708 5152 prodesse
2740 5082 2953 5152 poterit.
2987 5081 3349 5152 Principatum
3389 5076 3682 5150 hujusmodi
3723 5085 3809 5125 no"

2255 5172 2372 5242 ipse
2402 5174 2670 5228 ambivisti
2717 5174 3096 5228 imbecillitatis
3126 5185 3232 5227 tum
3277 5169 3560 5228 conscius?
3593 5164 3741 5238 probe
3767 5168 3810 5213 el

2259 5266 2461 5334 optime
2512 5265 2662 5319 illud.
2711 5264 3007 5334 Oportebat
3055 5279 3202 5334 ergo,
3245 5279 3364 5318 cum
3395 5262 3446 5317 id
3488 5268 3627 5315 esset
3653 5252 3810 5308 animi.

2260 5360 2420 5413 etiam
2447 5358 2566 5412 aliis
2593 5357 2904 5413 vocantibus
2927 5357 3155 5412 resilire.
3180 5359 3404 5411 Ancum
3432 5368 3585 5410 nemo
3606 5353 3809 5404 vocarth.

2262 5450 2505 5507 infirmus
2542 5461 2596 5506 et
2627 5466 2731 5505 non
2766 5450 2990 5504 idoneus
3020 5463 3160 5516 eras,
3209 5449 3387 5504 statim
3415 5463 3541 5500 vero
3567 5451 3716 5509 atque
3742 5447 3811 5486 re-

2265 5544 2402 5613 perti
2446 5552 2571 5598 sunt
2593 5543 2680 5612 qui
2727 5541 2870 5596 hunc
2903 5540 2996 5595 tibi
3028 5540 3288 5595 honorem
3315 5537 3633 5596 conferrent,
3661 5524 3809 5583 statim

2265 5633 2418 5688 fortis
2445 5634 2664 5689 effectus
2694 5633 2793 5686 es?
2823 5632 2947 5686 llaec
2987 5632 3098 5686 risu
3125 5633 3282 5703 digna
3321 5641 3373 5687 et
3402 5645 3551 5700 nugae
3579 5629 3708 5682 smll.
3734 5630 3810 5667 ρκ’

2267 5736 2544 5796 tremoque
2575 5726 2836 5796 supplicio
2858 5725 3034 5796 digna.
3064 5725 3191 5780 Nam
3225 5737 3496 5796 propterea
3528 5723 3693 5773 monet
3723 5710 3808 5761 Dn-

2267 5821 2446 5877 miuus
2483 5818 2629 5892 (Luc.
2683 5819 2763 5873 14.
2806 5818 2922 5889 28),
2973 5833 3039 5873 ne
3085 5818 3172 5890 qui
3219 5817 3400 5870 turrim
3432 5815 3538 5869 vult
3580 5807 3810 5868 aedificare
