3942 6370
90 383 158 445 θῶ
1333 378 1421 435 DE
1458 372 1710 432 SACEBI

1951 368 2077 424 LIB.
2121 367 2209 424 IV:

91 504 130 557 τὸ
148 503 217 568 τὰς
236 500 450 565 ἐλπΜ
478 500 586 573 τῆς
615 497 891 573 σωτηρίας
916 498 996 563 εἰς
1018 497 1205 570 ’ἕτερον
1237 496 1335 567 μὲν
1364 490 1711 565 ἀνηρτῆσθαι

93 588 206 659 μηδὲν
235 585 364 657 μετά
391 583 497 656 τήν
535 584 637 638 τοῦ
674 583 810 638 Θεοῦ
841 582 1022 655 χάριν,
1054 580 1168 635 ἀλλ’
1204 581 1237 651 ἢ
1272 581 1354 643 εἰς
1388 578 1451 630 τὸ
1480 590 1506 618 ι
1538 573 1719 659 μηδὲν

90 657 246 735 ἀνάξιον
280 668 548 739 πράττειν
578 668 684 738 τῆς
717 665 867 739 ζόθὸ]
898 665 1108 735 δωρεᾶς
1137 662 1341 733 ταύτης
1374 661 1470 716 καὶ
1498 658 1595 713 τοῦ
1621 657 1711 711 δε-

90 754 262 816 δωκότος
278 752 450 821 αὑτὴν
474 750 634 804 Θεοῦ.
661 748 936 819 Μεγίστης
964 746 1063 818 μὲν
1084 745 1192 817 γάρ
1216 744 1280 799 ἂν
1304 740 1412 797 εἷεν
1434 742 1709 803 κολάσεως

88 838 184 903 ἄξιοι
220 837 264 890 οί
303 835 444 907 μετά
472 834 535 887 τὸ
574 834 643 888 δι’
673 832 878 896 οἰκείας
918 829 1155 901 σπουδῆς
1184 828 1389 900 ταύτης
1430 826 1709 896 ἐπιτυχεῖν

87 922 156 992 τῆς
180 906 367 991 ἀρχῆς,
402 917 441 989 ἧ
469 917 562 971 διὰ
602 915 898 988 ῥᾳθυμίαν,
935 913 970 984 ἢ
1008 914 1096 968 διὰ
1126 913 1413 986 πονηρίαν,
1442 909 1476 982 ἢ
1504 910 1599 963 καὶ
1640 906 1710 992 δι’

82 1004 291 1075 ἀπειρίαν
321 1001 511 1065 κακῶς
540 996 979 1071 κεχρημένοιτῷ
1018 997 1324 1069 πράγματι.
1361 995 1436 1048 Οὑ
1473 992 1577 1064 μὴν
1622 991 1713 1046 διά

80 1089 202 1140 τοῦτο
224 1088 332 1149 τοῖς
358 1085 460 1137 οὑκ
486 1082 844 1137 ἐσπουδακόσι
864 1078 1252 1136 καταλείπεταί
1283 1096 1367 1143 τις
1389 1075 1710 1147 συγγνώμη.

80 1170 188 1223 ἀλλά
213 1170 303 1223 καὶ
328 1159 479 1221 οὗτοι
495 1167 674 1236 πάσης
694 1164 991 1233 ἀπολογίας
1008 1164 1347 1235 ἐστέρηνται.
1366 1164 1460 1216 Δεῖ
1482 1159 1611 1233 γὰρ,
1630 1156 1713 1213 οῖ-

88 1271 173 1323 μαι,
205 1252 303 1307 κᾶν
338 1250 523 1324 μυρίοι
559 1248 765 1303 καλῶσι
802 1248 898 1303 καὶ
940 1246 1416 1317 καταναγκάζωσι,
1465 1242 1540 1315 μή
1576 1242 1715 1314 πρδς

88 1336 289 1397 ἐκείνους
323 1336 478 1407 όρᾷν,
509 1333 647 1387 ἀλλὰ
685 1332 952 1404 πρότερον
979 1332 1078 1403 τήν
1106 1329 1303 1385 ἐαυτοῦ
1350 1326 1716 1400 βασανίσαντα

87 1418 246 1488 ύνχῆν,
276 1419 374 1472 καὶ
400 1418 580 1471 πάντα
613 1416 1100 1488 διερευνησάμενον
1126 1412 1390 1486 ἀκριβῶς,
1431 1412 1605 1474 οὑτως
1634 1407 1716 1464 εί-

20 1512 23 1515 ·
89 1504 145 1567 ξιι
163 1505 268 1565 τοῖς
297 1500 658 1572 βιαζομένοις.
686 1499 803 1554 Νῦν
833 1500 890 1554 δὲ
922 1499 1101 1555 οίκίαν
1131 1498 1230 1570 μὲν
1258 1494 1716 1570 οἰκοδομήσασθαι

86 1586 222 1648 οὐδεὶς
262 1584 325 1639 ἂν
351 1583 684 1654 ὑποσχέσθαι
713 1583 999 1654 τολμήσειε
1037 1582 1146 1634 τῶν
1171 1580 1271 1634 οὑκ
1300 1580 1469 1634 όντων
1510 1578 1717 1632 οἰκοδο-

86 1671 250 1741 μικῶν,
292 1669 413 1723 οὐδὲ
465 1668 732 1739 σωμάτων
762 1666 1002 1737 ἅψασθαι
1032 1664 1402 1734 νενοσηκότων
1442 1662 1723 1733 ἐπιχειρή-

85 1770 197 1805 σειεν
231 1754 295 1807 ἀν
325 1770 408 1815 τις
435 1752 544 1805 τῶν
576 1750 843 1822 ἰατρεύειν
876 1750 975 1803 οὑκ
1009 1749 1250 1812 εἰδότων,
1287 1746 1424 1802 ἀλλά
1458 1745 1559 1800 κᾶν
1588 1746 1719 1798 πολ-

84 1836 142 1888 λοὶ
164 1839 208 1889 οἱ
238 1836 375 1907 πρὸς
405 1834 527 1906 βίαν
562 1833 829 1898 ὠθοῦντες
861 1827 1003 1895 ὦσι,
1046 1833 1461 1904 παραιτήσεται,
1498 1831 1594 1885 καὶ
1621 1831 1722 1883 οὑκ

85 1920 363 1991 ἐρυθριάσει
401 1918 498 1991 τήν
540 1919 780 1988 ἄγνοιαν·
825 1917 1012 1989 ψυχῶν
1049 1917 1106 1970 δὲ
1138 1916 1457 1986 ἐπιμέλειαν
1510 1913 1725 1985 μέλλων

87 2000 401 2055 πιστεύεσθαι
431 2002 459 2042 ιι
482 2000 753 2054 τοσούτων
786 2001 885 2053 οὑκ
922 1999 1165 2065 ἐξετάσει
1200 1999 1466 2069 πρότερον
1506 1999 1723 2062 ἑαυτὸν,

85 2085 212 2152 ἀλλὰ,
244 2086 344 2139 κᾶν
380 2084 642 2139 ἀπάντων
674 2083 1033 2152 ἀπειρότατος
1071 2078 1127 2156 ᾗ,
1158 2082 1369 2148 δέξεται
1413 2080 1512 2152 τήν
1553 2081 1728 2135 διακο·

83 2170 197 2234 νέαν,
234 2167 422 2240 ἐπειδὴ
451 2170 480 2222 6
508 2167 659 2222 δεῖνα
690 2166 924 2226 κελεύει.
960 2166 1056 2219 καὶ
1090 2167 1118 2219 6
1153 2165 1304 2218 δεῖνα
1332 2164 1601 2234 βιάζεται,
1630 2164 1730 2217 καὶ

80 2254 152 2308 ἵνα
171 2254 242 2325 μή
269 2251 620 2324 προσκρούσῃ
638 2249 718 2321 τῷ
746 2250 874 2303 δεῖνι
895 2266 910 2315 ;
934 2249 1046 2303 Kal.
1066 2249 1185 2313 πῶς
1212 2250 1313 2302 οὑκ
1342 2250 1422 2312 είς
1450 2249 1728 2318 προῦπτον

82 2336 248 2389 ἐαυτὸν
285 2334 404 2406 μετ’
449 2334 675 2387 ἐκείνων
716 2332 943 2404 ἐμϐαλεῖ
980 2332 1180 2398 κακόν;
1226 2331 1377 2399 Ἐξὸν
1423 2332 1533 2405 γὰρ
1580 2330 1731 2403 αὑτῷ

88 2420 322 2484 σώζεσθαι
366 2416 491 2473 καθ’
528 2417 741 2482 ἑαυτὸν,
784 2416 879 2470 νῦν
921 2415 1016 2470 καὶ
1060 2417 1281 2488 ἐτέρους
1324 2416 1730 2489 προσαπόλλυσι

90 2504 184 2572 μεθ’
210 2500 432 2557 ἑαυτοῦ.
463 2502 635 2555 Πόθεν
658 2500 766 2572 γάρ
801 2500 948 2554 ἔστιν
972 2500 1189 2554 ἐλπίσαι
1219 2500 1529 2572 σωτηρίαν;
1567 2500 1732 2556 πόθεν

92 2586 389 2658 συγγνώμης
415 2587 638 2656 τυχεῖν;
672 2584 818 2648 τίνες
855 2585 1003 2654 ἡμᾶς
1042 2583 1416 2654 ἐξαιτήσονται
1455 2585 1573 2638 τότε
1594 2595 1616 2624 θ
1641 2602 1655 2650 ;
1684 2586 1734 2638 οἰ

94 2670 370 2739 βιαζόμενοι
391 2667 489 2721 νῦν
511 2667 641 2731 ἴσως
663 2666 758 2720 καὶ
789 2666 926 2733 πρὸς
952 2666 1200 2736 ἀνάγκην
1224 2664 1506 2730 ἐλκοντες;
1535 2666 1736 2730 αὑτοὺς

93 2754 133 2806 δὲ
148 2755 354 2816 τούτους
384 2752 468 2816 τίς
492 2753 612 2805 κατ’
635 2751 840 2803 ἐκεῖνον
867 2748 1121 2803 διασώσει
1143 2749 1237 2801 τὸν
1265 2751 1455 2820 καιρόν
1475 2767 1489 2817 ;
1513 2755 1607 2804 καὶ
1628 2751 1737 2823 γὰρ

94 2840 162 2891 καὶ
202 2837 352 2892 αὐτοὶ
397 2835 746 2907 προσδέονται
777 2833 998 2905 ἐτέρων,
1035 2832 1123 2886 ἵνα
1140 2832 1454 2902 διαφύγωσι
1496 2834 1558 2886 τὸ
1598 2834 1734 2905 πῦρ.

96 2925 187 2976 Ὀτι
211 2923 267 2976 δέ
300 2938 362 2975 σε
391 2921 452 2973 οὑ
484 2917 851 2989 δεδιττόμενος
871 2915 1044 2969 ταῦτα
1066 2915 1211 2985 λέγω
1233 2916 1349 2980 νῦν,
1371 2916 1485 2970 ἀλλ’
1518 2916 1594 2982 ὡς
1627 2918 1738 2988 ἔχει

90 3006 137 3058 τὸ
149 3007 368 3078 πρᾶγμα
391 3001 669 3071 ἀληθείας,
686 3000 851 3055 ἄκουε
881 2998 933 3051 τί
955 2996 1033 3068 τῷ
1065 2998 1280 3071 μαθητῇ
1309 3016 1473 3069 φησιν
1503 3002 1531 3053 ό
1561 2999 1741 3070 μακά-

92 3106 183 3158 ριος
214 3087 424 3149 Παῦλος
456 3082 727 3155 Τιμοθέῳ,
760 3080 839 3152 τῷ
867 3080 1075 3153 γνησίῳ
1103 3082 1279 3153 τέκνῳ
1312 3084 1407 3137 καὶ
1443 3082 1733 3154 ἀγαπητῷ-

87 3174 270 3242 Χεῖρας
294 3170 523 3241 ταχέως
536 3165 756 3238 μηδένι
784 3166 1050 3231 ἐπιτίθει,
1070 3165 1229 3237 μηδὲ
1250 3166 1524 3221 κοινώνει
1556 3168 1738 3236 ἀμαρ-

88 3259 218 3323 τίαις
272 3255 641 3321 ἀλλοτρίαις.
704 3246 856 3316 Εἶδες
901 3252 1033 3322 ὅσης
1078 3252 1205 3314 τοὺς
1253 3252 1544 3321 μέλλοντας
1590 3256 1741 3325 ἡμᾶς

92 3336 338 3392 ἐπὶτοῦτο
372 3333 646 3406 παράγειν
671 3330 698 3369 ἀ
728 3334 790 3387 οὑ
820 3332 1080 3404 μέμψεως
1120 3335 1302 3403 μόνον,
1350 3335 1487 3389 ἀλλά
1520 3338 1615 3391 καὶ
1656 3356 1741 3391 τι-

103 3423 277 3493 μωρίας
301 3420 364 3474 τό
385 3437 447 3488 γε
475 3418 740 3490 ἡμέτερον
768 3416 1159 3489 ἀπηλλάξαμεν
1187 3419 1385 3489 μέρος;

146 3505 423 3575 βΤΩσπερ
442 3504 549 3573 γάρ
564 3504 677 3565 τοῖς
693 3499 987 3572 αἱρεθεῖσιν
1000 3500 1101 3553 οὑκ
1112 3499 1386 3573 αὔταρκες
1405 3502 1541 3571 πρὸς
1555 3504 1746 3560 ἀπολο-

99 3589 194 3654 γίαν
214 3588 274 3641 τδ
292 3587 499 3655 λέγειν·
521 3584 624 3638 οὑκ
649 3582 978 3656 αὐτόκλητος
1007 3579 1191 3655 ἦλθον,
1222 3584 1343 3637 οὑδέ
1365 3586 1629 3656 προειδὼς
1646 3588 1746 3642 οὑκ

100 3672 369 3739 ἀπέφυγον⁸
411 3666 587 3731 οὕτως
611 3666 733 3720 οὑδέ
763 3666 888 3731 τοὺς
920 3667 1363 3739 χειροτονοῦντας
1388 3668 1670 3739 ὠφελῆσαί
1692 3689 1745 3726 τι

92 3760 309 3823 δύναται,
338 3759 392 3811 εί
416 3757 625 3825 λέγοιεν
650 3756 742 3808 τὸν
769 3755 1213 3827 χειροτονηθέντα
1239 3757 1471 3825 ἀγνοεῖν,
1505 3758 1642 3813 ἀλλά
1660 3760 1748 3814 διὰ

95 3844 230 3897 τοῦτο
248 3844 343 3897 καὶ
369 3841 552 3913 μεῖζον
572 3838 633 3893 τὸ
650 3826 902 3910 εγκλη
920 3826 1154 3908 γίνεται.
1173 3839 1253 3893 ὅτι
1272 3839 1332 3892 ὃν
1354 3840 1582 3910 ἠγνόουν
1602 3858 1747 3914 παρ-

96 3930 295 3997 ήγαγον,
314 3927 414 3982 καὶ
434 3928 467 3998 ή
488 3923 720 3978 δοκοῦσα
749 3918 890 3976 εἷναι
915 3921 1183 3991 ἀπολογία
1215 3922 1370 3990 αὑξει
1396 3923 1494 3995 τήν
1512 3942 1751 3995 κατηγο-

96 4012 217 4080 ρίαν.
246 4012 376 4074 Πῶς
402 4008 513 4080 γὰρ
550 4009 652 4061 οὑκ
703 4006 921 4069 ἄτοπον,
965 4006 1296 4077 ἀνδράποδον
1338 4008 1438 4079 μὲν
1485 4009 1750 4081 πρίασθαι

93 4093 430 4167 βαλλομένους
460 4093 557 4146 καὶ
586 4091 791 4161 ἰατροῖς
814 4090 1201 4149 ἐπιδεικνύναι,
1226 4091 1320 4144 καί,
1354 4092 1455 4163 τῆς
1492 4093 1751 4164 πράσεως

88 4178 345 4249 ἐγγυητὰς
374 4177 645 4235 ἀπαιτεῖν,
677 4174 773 4228 καί
794 4174 1051 4243 γειτόνων
1080 4172 1468 4238 πυνθάνεσθαι,
1494 4176 1589 4230 καί
1613 4179 1754 4248 μετά

86 4261 241 4314 ταῦτα
276 4259 461 4313 πάντα
502 4256 726 4329 μηδέπω
768 4255 1012 4328 θαρρεῖν,
1048 4255 1186 4309 ἀλλά
1216 4255 1314 4309 καί.
1351 4257 1544 4328 χρόνον
1584 4260 1754 4316 πολὺν

98 4345 210 4414 πρὸς
254 4341 585 4412 δοκιμασίαν
638 4340 830 4393 αἰτεῖν
878 4340 959 4402 είς
1003 4339 1062 4393 δὲ
1100 4339 1371 4411 τοσαύτην
1407 4340 1771 4415 λειτουργίανι

101 4426 372 4492 μέλλοντάς
403 4440 527 4476 τινα
554 4421 854 4492 ἐγγράφειν
874 4433 921 4485 ο,
969 4421 1154 4486 ἀπλῶς
1203 4423 1296 4476 καῖ
1330 4423 1407 4487 ὡς
1445 4423 1655 4495 ἔτυχεν,
1688 4425 1763 4480 ἂν.

98 4511 153 4580 τῷ
189 4510 325 4565 δεῖνι
375 4506 527 4578 δόξῃ,
576 4506 713 4577 πρὸς
747 4505 907 4578 χάριν
945 4505 979 4576 ἢ
1029 4505 1167 4577 πρὸς
1212 4505 1512 4577 ἀπέχθειαν
1551 4508 1755 4579 ἑτέρων

98 4591 453 4663 μαρτυρῆσαι,
500 4588 797 4659 ἐγκρίνειν,
839 4587 1112 4659 μηδεμίαν
1154 4589 1515 4659 ποιουμένους
1561 4591 1757 4662 ἑτέραν

94 4673 365 4738 ὶξέτασινς
398 4670 496 4735 Τίς
528 4666 620 4724 οὖν
648 4671 801 4741 ήμᾶς
839 4671 1187 4741 ἐξαιτήσεται
1231 4670 1253 4710 ί
1289 4671 1432 4738 τότε,
1467 4671 1577 4726 τῶν
1609 4674 1757 4742 ὀφει-

88 4753 276 4809 λόντων
303 4753 614 4825 προστῆναι
641 4752 737 4807 καὶ
760 4753 938 4807 αὑτῶν
976 4753 1298 4824 προστατῶν
1324 4754 1598 4826 δεομένων
1620 4773 1633 4822 ;
1666 4758 1760 4810 Δεῖ

84 4842 172 4907 μὲν
210 4836 311 4893 οὖν
340 4840 442 4892 καὶ
473 4839 568 4892 τὸν
600 4840 928 4909 χειροτονεῖν
959 4837 1223 4907 μέλλοντα
1248 4838 1450 4909 πολλὴν
1481 4839 1757 4893 ποιεῖσθαι

78 4923 168 4991 τήν
194 4921 457 4993 ἔρευναν,
500 4920 679 4990 πολλῷ
712 4920 768 4973 δέ
806 4920 1028 4973 πλείονα
1058 4920 1251 4973 τούτου
1295 4920 1387 4974 τὸν
1416 4924 1758 4996 χειροτονού-

81 5019 262 5059 nam.
311 5004 377 5056 Εί
404 5002 515 5072 γὰρ
552 5004 646 5055 καὶ
690 5002 981 5065 κοινωνοὺς
1029 5000 1143 5073 ἔχει
1179 5001 1284 5071 τῆς
1320 5003 1595 5068 κολάσεως
1632 5006 1760 5069 τοὺς

78 5087 376 5157 ἑλομένους
396 5085 547 5159 [406]
582 5088 639 5139 ἓν
660 5080 741 5149 οἷς
767 5084 834 5139 ἂν
862 5085 1106 5158 ἁμάρτῃ,
1136 5085 1252 5140 ἀλλ’
1273 5087 1422 5158 ὅμως
1446 5088 1569 5141 οὑδὲ
1598 5090 1758 5153 αὐτὸς

83 5170 429 5239 ὶπήλλακται
476 5168 577 5237 τῆς
620 5167 914 5239 τιμωρίας,
952 5167 1087 5221 ἀλλά
1144 5168 1242 5221 καὶ
1288 5168 1513 5239 μείζονα
1553 5170 1757 5222 δίδωσι’

80 5254 243 5320 μόνον
280 5255 328 5305 εἰ
362 5253 437 5323 μή
464 5252 553 5305 διά
577 5269 700 5305 τινα
730 5252 1081 5323 ἀνθρωπίνην
1101 5250 1281 5304 αἰτίαν
1319 5253 1470 5324 παρά
1498 5253 1557 5306 τὸ
1593 5252 1761 5324 φανέν

76 5336 266 5400 αὑτοῖς
293 5322 521 5404 εὔλογον
555 5338 580 5377 ε
609 5322 848 5406 ἔπραξαν
875 5335 925 5386 οί
953 5322 1217 5407 ἑλόμενοι.
1263 5336 1326 5389 Εἰ
1364 5322 1475 5408 γάρ
1508 5338 1565 5389 ἐν
1589 5322 1762 5409 τούτῳ

127 5473 156 5535 _'
180 5472 400 5535 Aliquot
416 5485 530 5535 mss.
556 5471 701 5534 μηδὲν
720 5471 910 5535 μετάλδέ
928 5473 1014 5528 τὴν
1033 5469 1266 5535 τοῦθεοὺ
1277 5471 1419 5535 χάριν
1453 5473 1517 5527 εἰς
1534 5489 1605 5520 το.

126 5532 161 5567 ’δ
188 5531 353 5581 Sail.
378 5539 432 5581 et
452 5531 643 5595 aliquot
673 5531 789 5580 ωδε.
831 5531 1213 5594 ἐμπιστεὺεσθαι,
1249 5531 1426 5582 Μὸνὸι.
1476 5542 1528 5581 el
1565 5534 1649 5582 alii
1685 5550 1763 5581 πι-

76 5594 354 5644 στύεσθαι.

134 5657 163 5719 ἒ
321 5656 443 5711 τίνες
462 5657 578 5719 ἡμῖν
595 5654 985 5719 παραστήσονται
1006 5656 1133 5705 τότε.

138 5717 167 5752 ἀ
206 5715 416 5780 ᾼ-Ιίςιροί
436 5715 552 5780 meis.
575 5715 820 5780 προάγειν.

147 5791 168 5843 1'
198 5776 302 5843 3.”?
324 5776 653 5843 ἐἨρέιῖιεσθαὶ-

148 5834 165 5901 ξ
318 5834 629 5901 ἐξαιῇσεται.

146 5898 170 5937 ⁸
200 5897 282 5949 Si:
302 5897 455 5951 Salvi].
496 5907 550 5950 ιιι
574 5902 783 5950 maxima
804 5913 913 5961 pars
938 5914 1051 5949 mss.
1079 5897 1252 5949 Morel.
1280 5909 1394 5949 vero
1418 5899 1630 5951 εὑμιλον.

3378 369 3485 430 6θῦ

1810 486 2138 558 φωραθεῖεν,
2173 485 2269 539 καὶ
2310 484 2400 538 τὸν
2440 484 2659 551 ἀνάξιον
2694 484 2895 548 εἰδότες
2936 484 3026 539 διά
3064 502 3186 539 τινα
3212 485 3485 557 πρόφασιν

1807 570 1971 625 αὑτὸν
2007 570 2351 641 παρήγαγον,
2394 568 2462 635 ἐξ
2487 570 2611 641 ίσης
2639 567 2710 622 τὰ
2742 568 2849 623 τῶν
2875 568 3249 641 κολαστηρίων
3276 571 3483 634 αὐτοῖς’

1808 655 1947 727 τάχα
1991 654 2048 708 δὲ
2085 655 2180 708 καὶ
2216 651 2438 725 μείζονα
2479 652 2559 723 τῷ
2592 653 2685 707 τὸν
2721 655 2823 707 οὑκ
2857 653 3165 724 ἐπιτήδειον
3209 658 3484 727 καταστή-

1812 755 1986 792 σαντι.
2032 738 2089 791 ὐ
2125 737 2234 809 γάρ
2269 737 2368 807 τήν
2409 736 2661 801 ἐξουσίαν
2711 736 3015 809 παρασχὼν
3059 737 3137 808 τῷ
3178 738 3488 812 βουλομένῳ

1809 822 2118 894 διαφθεῖραι
2146 822 2244 893 τὴν
2281 821 2639 893 Ἐκκλησίαν,
2668 816 2824 886 οὗτος
2854 822 2920 876 ἂν
2952 822 3036 895 εἴη
3070 822 3181 878 τῶν
3214 823 3307 877 ὑπ’
3336 825 3483 878 ἐκεί-

1811 925 1903 961 νου
1926 907 2302 979 τολμηθέντων
2326 907 2516 970 αἴτιος.
2550 906 2689 960 Εἰδέ
2714 907 2921 961 τούτων
2954 908 3050 979 μὲν
3081 907 3257 962 οὐδενὶ
3279 908 3489 977 γένοιτο

1814 990 2134 1055 ὑπεύθυνος,
2165 989 2277 1043 ἀπὸ
2310 989 2369 1043 δὲ
2398 989 2499 1057 τῆς
2525 988 2635 1043 τῶν
2664 988 2875 1042 πολλῶν
2907 990 3232 1061 ὑπολήψεως
3273 994 3491 1063 ἠπατῆ-

1816 1077 1940 1128 σθαι
1985 1074 2154 1143 λέγοι,
2196 1074 2544 1149 ἀτιμώρητος
2583 1073 2679 1144 μὲν
2714 1072 2834 1126 οὑδὲ
2871 1073 3014 1127 οὑτω
3054 1074 3208 1144 μένοι
3235 1076 3286 1136 h.
3325 1076 3492 1149 ὀλίγῳ

1815 1159 1876 1213 δέ
1907 1158 2165 1214 ἐλάττονα
2184 1158 2279 1213 τοῦ
2314 1156 2787 1230 χειροτονηθέντος
2812 1158 2993 1212 δίδωσι
3025 1160 3201 1231 δίκην.
3237 1161 3303 1214 Τί
3334 1162 3496 1231 δήποο

1814 1261 1909 1310 τες
1935 1245 2057 1298 Ὅτι
2092 1244 2220 1308 τοὺς
2264 1244 2363 1314 μὲν
2403 1243 2689 1315 ἑλομένους
2726 1245 2873 1309 εἰκὸς
2921 1246 3027 1299 ὑπὸ
3060 1245 3217 1318 δόξης
3263 1247 3494 1317 ψευδοῦς

1817 1328 2195 1399 ἀπατηθέντας
2231 1329 2324 1382 ἐπί⁵
2351 1327 2512 1382 τοῦτο
2540 1328 2736 1382 ἐλθεῖν·
2765 1330 2794 1382 6
2827 1330 2884 1382 δὲ
2918 1331 3159 1403 αίρεθείς
3189 1332 3289 1384 οὑκ
3321 1331 3401 1384 ἔτι
3428 1329 3495 1385 ἂν

1817 1412 2034 1467 δύναιτο
2073 1412 2275 1481 λέγειν,
2311 1412 2393 1466 ὅτι
2436 1412 2696 1481 Ἠγνόουν
2728 1413 2989 1484 ἐμαυτὸν,
3032 1414 3285 1486 καθάπερ
3338 1413 3495 1468 αὐτὴν

1818 1496 2020 1570 ἕτεροι.
2069 1497 2159 1561 Ὦς
2211 1492 2305 1551 οὖν
2363 1496 2663 1569 βαρύτερον
2705 1498 2969 1569 μέλλοντα
3015 1499 3337 1564 κολάζεσθαι
3382 1499 3498 1553 ’τῶν

1822 1581 2277 1652 παραγαγόντων,
2294 1578 2466 1645 οὑτως
2489 1582 2778 1653 ἀκριϐέστε
2789 1600 2877 1655 ρον
2902 1583 3080 1636 αὑτῶν
3099 1581 3213 1655 χρὴ
3228 1582 3501 1636 ποιεῖσθαι

1820 1664 1920 1735 τήν
1950 1664 2145 1717 ἐαυτοῦ
2188 1664 2534 1736 δοκιμασίαν·
2576 1664 2682 1719 κᾶν
2714 1664 3034 1735 ἀγνοοῦντες
3072 1665 3303 1719 ἕλκωσιν
3358 1667 3494 1718 ἐκεῖ⁹

1822 1765 1926 1813 νοι,
1986 1747 2281 1818 προσιόντα
2333 1748 2605 1802 διδάσκειν
2652 1747 2901 1820 ἀκριϐῶς
2941 1749 3040 1812 τὰς
3080 1748 3282 1813 αἰτίας,
3322 1748 3389 1803 δι’
3421 1742 3499 1803 ὧν

1823 1830 2213 1902 ἠπατημένους
2238 1831 2458 1893 παύσει,
2485 1833 2579 1886 καὶ
2598 1832 2815 1899 ἀνάξιον
2838 1833 3030 1887 ἑαυτὸν
3058 1834 3156 1905 τῆς
3177 1834 3501 1904 δοκιμασίας

1824 1913 2115 1979 ἀποδείξας
2147 1912 2473 1984 ἐκφεύξεται
2497 1914 2771 1969 τοσούτων
2800 1916 3142 1987 πραγμάτων
3176 1916 3361 1985 δγκον.
3402 1917 3501 1969 Διὰ
3560 1908 3565 1912 ’

1825 1999 1879 2052 τί
1901 1999 2012 2069 γὰρ
2046 1998 2175 2070 περὶ
2216 1998 2503 2069 στρατείας
2537 2003 2634 2055 καὶ
2664 1999 2933 2072 ἐμπορίας
2965 1999 3061 2053 καὶ
3102 1998 3378 2070 γεωργίας
3408 2001 3502 2051 καί

1826 2082 1935 2137 τῶν
1960 2080 2135 2137 ἄλλων
2184 2081 2296 2136 τῶν
2346 2081 2615 2153 βιωτικῶν
2663 2082 2859 2155 βουλῆς
2900 2082 3289 2154 προκειμένης,
3318 2080 3443 2135 οὔτε
3470 2081 3501 2134 6

1827 2166 2074 2238 γεωργὸς
2113 2165 2273 2219 ἕλοιτ’
2310 2165 2377 2220 ἂν
2410 2166 2585 2229 πλεῖν,
2613 2165 2738 2220 οὑτε
2785 2168 2814 2219 6
2847 2164 3187 2237 στρατιώτης
3212 2167 3499 2234 γεωργεῖν,

1828 2247 1954 2301 οὔτε
1982 2250 2010 2301 6
2043 2248 2387 2320 κυϐερνήτης
2417 2248 2830 2319 στρατεύεσθαι,
2857 2249 2958 2303 κᾶν
2990 2248 3217 2320 μυρίους
3233 2246 3318 2312 τίς
3342 2248 3506 2302 ἀπει-

1829 2332 1973 2406 λήσῃ
2008 2333 2026 2373 ί
2059 2330 2360 2398 θανάτους;
2418 2333 2490 2387 Ἦ
2541 2332 2701 2404 δῆλον
2752 2333 2836 2386 ὅτι
2863 2332 2955 2385 τὸν
2991 2334 3056 2385 ἐκ
3092 2332 3193 2403 τῆς
3250 2332 3507 2404 ἀπειρίας

1833 2414 2209 2488 προορώμενοι
2246 2415 2489 2472 κίνδυνον
2516 2418 2765 2480 ἕκαστος.
2806 2415 2960 2481 Εἶτα,
2988 2416 3123 2470 ὅπου
3153 2416 3308 2488 μέναή
3334 2418 3515 2489 ζημία

1834 2502 1967 2572 περὶ
1999 2500 2233 2572 μικρῶν,
2261 2498 2500 2573 τοσαύτῃ
2520 2498 2840 2571 χρησόμεθα
2864 2500 3115 2572 προνοίᾳ.
3137 2501 3231 2555 καὶ
3253 2500 3510 2566 0610:120-

1839 2603 1939 2657 μεν
1964 2588 2031 2657 τῇ
2078 2584 2188 2639 τῶν
2232 2584 2567 2656 βιαζομένων
2617 2584 2869 2656 ἀνάγκῃ’
2915 2585 3051 2639 ὅπου
3098 2586 3156 2639 δὲ
3197 2588 3232 2658 ἠ
3287 2585 3511 2648 κόλασις

1837 2670 2057 2732 αἰώνιος
2093 2672 2208 2733 τοῖς
2237 2670 2339 2724 οὑκ
2353 2669 2520 2723 εἰδόσι
2546 2669 2945 2741 μεταχειρίζειν
2981 2669 3301 2742 ἱερωσύνην,
3321 2668 3512 2734 ἁπλῶς
3545 2663 3554 2670 ’

1838 2755 1933 2809 καὶ
1964 2756 2043 2819 ὡς
2072 2755 2231 2825 ἔτυχε
2260 2753 2516 2807 τοσοῦτον
2554 2752 2922 2823 ἀναδεξόμεθα
2963 2752 3225 2817 κίνδυνον,
3258 2754 3359 2825 τὴν
3390 2753 3512 2808 ἐτέο

1842 2855 1950 2910 ρων
1998 2837 2427 2910 προεαλλόμενοι
2482 2836 2642 2906 βίαν;
2687 2835 2826 2890 Ἀλλ’
2861 2836 2960 2893 οὑκ
2999 2837 3247 2903 ἀνέξεται
3274 2835 3448 2892 ταῦτα
3486 2839 3516 2892 ό

1838 2924 1960 2978 τότε
2000 2922 2203 2994 κρίνων
2231 2923 2401 2992 ἠμᾶς.
2429 2919 2579 2975 Ἔδει
2614 2919 2711 2990 μὲν
2737 2918 2846 2991 γάρ
2869 2920 2962 2973 καί
2991 2920 3181 2991 πολλῷ
3199 2920 3371 2974 πλείω
3404 2921 3531 2975 τῶν

1841 3006 2122 3078 σαρκικῶν
2153 3007 2282 3078 περὶ
2305 3006 2378 3060 τά
2416 3003 2765 3076 πνευματικά
2790 3005 3213 3074 τήν-ἀσφάλειαν
3239 3005 3515 3069 ἐπιδείξα-

1843 3092 1994 3145 σθαι·
2025 3089 2121 3144 νῦν
2152 3089 2210 3144 δὲ
2240 3089 2361 3143 οὐδὲ
2403 3087 2527 3159 ἴσην
2559 3086 2929 3160 εὑρισκόμεθα
2962 3087 3348 3159 παρεχόμενοι.
3376 3089 3515 3143 Είπέ

1842 3174 1951 3244 γάρ
1987 3190 2098 3243 μοι,
2128 3170 2181 3224 εἴ
2212 3187 2335 3224 τινα
2360 3169 2797 3232 ὑποπτεύσαντες
2824 3168 2997 3239 ἄνδρα
3023 3165 3164 3223 εἶναι
3203 3169 3525 3225 τεκτονικὸν

1840 3260 1941 3312 οὑκ
1965 3257 2093 3311 ὂντα
2114 3254 2427 3309 τεκτονικδν
2455 3255 2594 3326 πρὸς
2612 3254 2713 3324 τήν
2740 3254 2999 3324 ἐργασίαν
3042 3254 3324 3324 καλοῖμεν,
3351 3254 3523 3320 αὑτὸς

1842 3343 1901 3397 δέ
1948 3343 2134 3395 ἕποιτο
2156 3337 2219 3403 'i,
2266 3334 2386 3391 εἶτα
2431 3337 2710 3409 ἁψάμενος
2753 3337 2854 3408 τῆς
2904 3337 3042 3409 πρὸς
3086 3339 3186 3410 τὴν
3226 3339 3517 3409 οἰκοδομὴν

1844 3422 2372 3498 παρεσκευασμένης
2417 3420 2571 3493 ὕλης,
2628 3421 2882 3491 ἀφανίζοι
2934 3423 3034 3494 μὲν
3076 3421 3231 3489 ξύλα,
3264 3424 3517 3493 ἀφανίζοι

1843 3510 1901 3564 δέ
1926 3508 2129 3572 λίθους,
2172 3507 2458 3578 ἐργάζοιτο
2510 3505 2573 3558 δὲ’
2609 3505 2708 3579 τήν
2759 3506 2936 3560 οἰκίαν
2967 3506 3159 3574 οὕτως,
3206 3506 3287 3575 ὡς
3317 3505 3519 3570 εὐθέως

1845 3595 2197 3663 καταπεσεῖν,
2241 3587 2350 3662 ἆρα
2377 3588 2603 3661 ἀρκέσει
2646 3588 2783 3660 πρὸς
2820 3590 3113 3658 ἀπολογίαν
3139 3589 3288 3661 αὑτῷ
3311 3590 3372 3644 :6
3387 3591 3520 3661 παρ’

1848 3676 2054 3748 ἐτέρων
2081 3673 2446 3745 ἠναγκάσθαι,
2468 3674 2564 3727 καὶ
2596 3672 2671 3746 μή
2710 3673 3150 3741 αὑτεπάγγελτον
3182 3673 3380 3742 ἦκειν;
3415 3673 3522 3726 Οὑ-

1846 3759 2068 3830 δαμῶς·
2103 3758 2199 3812 κοιλ⁵
2226 3756 2387 3828 μάλα·
2407 3773 2471 3824 γε
2511 3757 2736 3819 εἰκότως
2760 3755 2853 3808 καὶ
2876 3754 3120 3820 δικαίως.
3167 3754 3366 3826 Ἐρχῆν
3387 3755 3520 3826 γὰρ,

1846 3844 1943 3899 καὶ
1964 3840 2166 3913 ἐτέρων
2198 3837 2530 3902 καλούντων,
2582 3838 2891 3908 ἀποπηδᾷν.
2944 3834 3078 3891 Εἶτα
3130 3836 3208 3909 τῷ
3244 3838 3341 3909 μὲν
3390 3837 3523 3903 ξύλα

1849 3912 2165 3995 ἀφανίζοντκι
2194 3924 2288 3978 καὶ
2337 3922 2518 3985 λίθους
2550 3921 2776 3992 οὐδεμία
2814 3920 2966 3974 ἔσται
2993 3920 3282 3992 καταφυγή
3304 3921 3441 3991 πρὸς
3460 3920 3524 3974 τὸ

1854 4012 1928 4084 μὴ
1948 4009 2132 4065 δοῦναι
2150 4007 2308 4079 δίκην
2327 4022 2339 4036 ·
2364 4009 2395 4060 6
2419 4006 2477 4058 δὲ
2502 4005 2601 4068 τὰς
2626 4004 2806 4075 ψυχὰς
2822 4003 3081 4069 ἀπολλὺς,
3102 4004 3199 4058 καὶ
3223 4003 3524 4076 οἰκοδομῶν

1850 4093 2090 4163 ἀμελῶς,
2138 4090 2241 4162 τὴν
2277 4090 2480 4161 ἐτέρων
2517 4087 2765 4158 ἀνάγκην
2805 4088 3055 4157 ἀποχρῆν
3094 4085 3244 4156 αὑτῷ
3284 4086 3420 4158 πρὸς
3463 4086 3526 4137 τὸ

1851 4174 2180 4248 διαφυγεῖνιι
2214 4174 2385 4227 οίεται
2410 4188 2426 4237 ;
2457 4171 2552 4225 καί
2584 4170 2701 4234 πῶς
2726 4170 2789 4223 οὑ
2818 4169 2939 4224 λίαν
2976 4168 3166 4240 εὔηθες
3187 4185 3202 4234 ;
3227 4168 3397 4223 Οὑπω
3416 4170 3524 4240 γὰρ

1854 4257 2209 4331 προστίθημι,
2259 4258 2342 4310 ᾶτι
2389 4254 2480 4307 τὸν
2522 4252 2597 4325 μή
2635 4252 2958 4324 βουλόμενον
2996 4252 3171 4315 οὐδεὶς
3215 4251 3551 4320 ἀναγκάσαι

1852 4342 2162 4412 δυνήσεται.
2206 4338 2345 4392 Ἀλλ’
2387 4336 2529 4390 ἔστω
2592 4336 2794 4407 μυρίαν
2835 4335 2998 4390 αὑτὸν
3044 4334 3525 4406 ὑπομεμενηκέναι

1858 4426 2002 4499 βίαν,
2034 4424 2130 4477 καί
2168 4421 2418 4493 μηχανὰς
2450 4419 2844 4493 πολυτρόπους,
2877 4417 3027 4491 1407]
3061 4417 3200 4473 ὥστε
3229 4421 3488 4489 ἐμπεσεῖν
3508 4431 3523 4446 ⁸

1855 4510 2017 4565 τοῦτο
2045 4505 2139 4563 οὖν
2175 4506 2336 4560 αὑτὸν
2360 4505 2706 4577 ἐξαιρήσεται
2732 4504 2832 4573 τῆς
2853 4502 3163 4567 κολάσεως;
3198 4504 3310 4574 Μὴ,
3347 4519 3529 4572 παρα-

1859 4590 2030 4648 καλῶ,
2086 4588 2160 4658 μή
2201 4586 2293 4640 ἐπὶ
2308 4581 2577 4638 ’τοσοῦτον
2609 4584 2907 4654 ἀπατῶμεν
2949 4582 3195 4646 ἑαυτοὺς.
3227 4582 3359 4654 μηδὲ
3394 4582 3528 4637 ὑπο⁸

1860 4666 2175 4742 κρινώμεθα
2208 4666 2420 4734 ἀγνοεῖν
2454 4662 2524 4718 τά
2556 4664 2651 4716 καὶ
2688 4665 2801 4727 τοῖς
2830 4661 3160 4742 ἀγανὴπαισί
3194 4662 3420 4742 φανερά.
3616 4706 3619 4709 .

1860 4740 1970 4820 γάρ
1998 4749 2167 4818 δήπου
2207 4745 2302 4799 καὶ
2353 4743 2446 4797 ἐπί
2500 4742 2610 4797 τῶν
2641 4741 2879 4796 εὐθυνῶν
2937 4740 3075 4812 αὕτη
3110 4741 3215 4813 τῆς
3246 4740 3467 4805 ἀγνοίας
3494 4741 3528 4791 ᾖ

1862 4819 2223 4900 προσποίησις
2249 4826 2397 4895 ἡμᾶς
2423 4823 2703 4892 ὠφελῆσαι
2726 4821 3035 4892 δυνήσεται.
3056 4822 3171 4876 Οὑκ
3193 4819 3532 4900 ἑσπούδασας

1858 4897 2021 4969 αὑτὸς
2067 4905 2271 4972 ταύτην
2315 4902 2570 4966 δέξασθαι
2618 4902 2718 4973 τήν
2749 4900 2946 4973 ἀρχὴν,
2991 4899 3277 4955 ἀσθένειαν
3321 4897 3533 4966 σεαυτῷ

1861 4983 2150 5049 συνειδώςς
2180 4978 2240 5037 εὖ
2294 4983 2390 5036 καὶ
2422 4980 2624 5045 καλῶς.
2678 4981 2877 5053 Ἐχρῆν
2932 4976 3026 5034 οὑν
3061 4979 3197 5050 μετὰ
3230 4979 3329 5048 τῆς
3362 4977 3533 5046 αὑτῆς

1858 5065 2255 5137 προαιρέσεως,
2280 5064 2375 5116 καὶ
2403 5062 2605 5133 ἐτέρων
2628 5061 2955 5124 καλούντων,
2998 5060 3305 5130 ἀποπηδᾷν.
3340 5058 3407 5109 Ἦ
3443 5056 3534 5108 ὅτε

1864 5149 1964 5215 μὲν
1993 5144 2167 5207 οὑδείς
2195 5142 2398 5206 ἐκάλει,
2429 5140 2663 5211 ἀσθενὴς
2698 5140 2763 5193 σὺ
2797 5140 2891 5193 καὶ
2919 5140 3021 5193 οὑκ
3048 5139 3352 5209 ἐπιτήδειος
3372 5151 3384 5163 ’
3412 5137 3535 5188 ἐπεὶ

1859 5226 1917 5281 δὲ
1965 5221 1987 5263 1
2053 5222 2357 5295 εὑρέθησαν
2391 5222 2440 5274 οἰ
2466 5219 2731 5284 δώσοντες
2759 5220 2860 5290 τήν
2903 5220 3095 5290 τιμὴν,
3129 5217 3358 5287 γέγονας
3386 5215 3533 5281 ἐξαί-

1862 5322 2000 5375 φνης
2034 5301 2286 5374 ίσχυρός;
2320 5300 2497 5364 Γέλως
2525 5299 2698 5354 ταῦτα
2738 5300 2832 5353 καί
2872 5298 3038 5370 λῆρος
3067 5302 3160 5352 καί
3180 5299 3279 5369 τῆς
3297 5299 3535 5367 ἐσχάτης

1862 5384 1987 5450 ἄξια
2007 5382 2296 5455 τιμωρίας.
2324 5381 2424 5434 Διά
2454 5382 2564 5453 γὰρ
2585 5378 2745 5433 τοῦτο
2776 5379 2870 5433 καὶ
2885 5382 2915 5433 6
2944 5378 3148 5451 Κύριος
3166 5381 3439 5448 παραινεῖ.
3460 5376 3536 5447 μὴ

1926 5530 1954 5567 ι
1980 5530 2076 5578 Alii
2100 5530 2233 5579 μέν-η.

1933 5530 2076 5641 Iliii‘
2090 5530 2279 5653 άξέῗλῇ.
2309 5588 2435 5641 Infra
2458 5587 2542 5638 alii
2566 5589 2646 5636 καὶ
2672 5589 2760 5637 οὑκ
2785 5589 2840 5637 ἂν
2864 5588 3075 5650 εἰξωμεν.
3104 5584 3226 5637 Infra
3258 5583 3339 5633 alii
3365 5582 3536 5631 ἐπιδεί-

1864 5656 2076 5703 κνυσθαι.

1937 5716 1950 5764 i
1984 5716 2178 5775 Aliquot
2204 5727 2317 5760 mﬁs.
2345 5713 2590 5773 καλοῖμεν.
2623 5710 2683 5776 Ὃ
2708 5712 2758 5760 δὲ
2782 5712 2961 5776 ἕποιτο.
2989 5773 2997 5776 _
3066 5771 3102 5776 __
3204 5771 3214 5776 Δ

1933 5778 1955 5815 πί
1982 5767 2132 5825 Savi'.
2157 5782 2207 5821 el
2225 5777 2411 5834 aliquot
2432 5767 2543 5821 nuis.
2575 5775 2689 5836 πρὸς
2709 5775 2764 5821 τὸ
2786 5773 3039 5836 διαφυγεῖν,
3064 5771 3234 5821 Morel.
3260 5775 3306 5816 (ιι
3335 5767 3539 5831 alii-W6;

1871 5840 1924 5887 τὸ
1966 5840 2029 5898 μή
2055 5838 2203 5899 διαφη
2232 5843 2285 5884 (ιι
2308 5836 2429 5885 infra
2452 5836 2532 5885 alii
2555 5834 2679 5884 ὥστε
2698 5838 2766 5897 μή
2795 5834 3032 5899 ἐμπεσεῖν.

1926 5899 1942 5939 1
1971 5901 2072 5949 Alli
2094 5898 2251 5954 ἐπειδὴ
2275 5900 2343 5948 δέ.
