3942 6362
281 389 384 446 665

283 509 426 577 prius
450 507 613 578 jaciat
656 503 1078 570 fundamentum,
1106 515 1261 572 quam
1288 498 1430 557 vires
1473 509 1596 558 suas
1621 490 1867 561 explora-

285 600 436 666 verit,
466 615 534 653 ne
556 593 1002 669 praetereuntibus
1021 599 1299 648 Sexcentas
1318 585 1524 642 ridendi
1551 595 1708 640 ansas
1735 596 1874 651 pra:-

286 693 426 751 bcat.
467 691 540 756 At
567 690 708 744 illius
737 686 949 758 quidem
989 685 1195 756 jactura
1224 681 1336 738 sola
1375 676 1643 763 derisione
1689 671 1872 727 terrui-

289 796 481 848 natur;
521 782 605 836 hic
634 795 769 836 vero
807 776 1122 850 supplicium
1166 783 1248 830 est
1280 771 1411 842 ignis
1450 763 1873 837 inexstinguibilis

291 873 516 952 (.ilutth._
537 875 590 928 3.
616 872 728 946 f2),
761 869 957 924 vermis
983 868 1072 938 qui
1099 853 1205 922 non
1243 863 1488 952 moritur,
1517 857 1716 952 stridor
1743 855 1873 910 den-

293 965 447 1029 tium,
482 947 716 1022 tenebrae
743 959 1056 1014 exteriores.
1089 953 1365 1014 dissecari.
1401 951 1451 1008 in
1476 947 1872 1018 hypocritarum

290 1060 519 1100 numero
539 1043 799 1100 constitui
820 1041 978 1116 (Isai.
1000 1043 1190 1097 66.24.
1214 1041 1408 1100 Matth.
1427 1041 1517 1096 25.
1537 1040 1649 1113 50).
1673 1041 1875 1098 [lorum

293 1147 474 1192 tamen
502 1140 746 1192 omnium
780 1137 916 1190 nihil
943 1136 1277 1207 perpendere
1312 1137 1499 1195 volunt
1521 1120 1875 1195 accusatores

291 1231 463 1285 nostri
487 1247 500 1283 :
521 1228 762 1299 alioquin
782 1228 941 1297 finem
965 1228 1218 1298 culpandi
1236 1229 1356 1298 ejus
1376 1226 1634 1293 facerent,
1653 1227 1744 1300 qui
1763 1243 1874 1284 non

293 1325 488 1380 frustm
513 1324 687 1394 perire
713 1322 858 1377 velit.
881 1321 994 1376 Non
1024 1321 1196 1390 agitur
1220 1331 1361 1376 nunc
1390 1316 1457 1372 de
1480 1313 1878 1383 dispensatione

295 1417 542 1471 frumenti
565 1426 617 1471 et
643 1414 848 1479 hordei,
877 1413 1036 1468 boum
1061 1420 1115 1465 et
1143 1410 1341 1474 ovium,
1369 1407 1698 1474 aliorumque
1728 1401 1879 1458 simi-

294 1509 444 1573 lium,
476 1506 570 1561 sed
593 1504 661 1560 de
690 1506 807 1574 ipso
833 1503 956 1558 Jesu
978 1516 1223 1571 corpore.
1252 1499 1382 1553 Nam
1414 1496 1651 1551 Ecclesia
1681 1491 1880 1548 Christi

294 1599 586 1655 secundum
619 1599 829 1653 beatum
857 1596 1076 1654 Paulum
1103 1609 1297 1663 corpus
1321 1591 1518 1646 Christi
1547 1599 1628 1644 est
1659 1588 1878 1659 (Colore.

297 1693 348 1747 l.
380 1691 467 1760 l8)
513 1708 526 1744 :
557 1706 760 1762 parque
801 1699 885 1746 est
910 1705 1054 1755 cum,
1085 1687 1172 1750 cui
1218 1700 1414 1755 corpus
1459 1683 1585 1742 illud
1615 1682 1889 1737 creditum

295 1793 397 1850 est,
423 1782 539 1854 ejus
567 1782 803 1836 habitum
831 1781 1110 1851 Optimum,
1140 1787 1196 1834 et
1228 1780 1494 1848 ingentem
1526 1773 1880 1846 pulchritudi-

297 1890 417 1930 nem
462 1889 672 1929 summe
714 1887 926 1939 curare,
967 1881 1022 1932 et
1061 1871 1298 1941 undique
1333 1868 1768 1936 circumspicere,
1816 1882 1882 1921 ne

298 1969 524 2032 macula,
557 1969 642 2023 vel
692 1983 843 2038 ruga,
889 1966 970 2022 vel
1002 1965 1146 2020 Iabes
1186 1964 1374 2018 similis
1405 1961 1518 2032 ejus
1547 1962 1780 2030 speciem
1821 1974 1886 2015 ac

296 2063 542 2117 decorem
590 2060 906 2116 deltouestet
954 2059 1168 2129 (Ep/tes.
1213 2059 1268 2114 5.
1312 2057 1424 2124 27).
1478 2055 1545 2110 Ει
1573 2055 1697 2125 quid
1739 2052 1885 2108 aliud

301 2163 533 2221 praestet,
563 2169 721 2222 quam
761 2161 814 2206 ut
838 2151 965 2206 illud
996 2152 1169 2224 capite
1209 2149 1493 2204 immortali
1521 2164 1583 2202 ac
1616 2148 1772 2202 beato
1796 2145 1884 2200 di-

299 2262 456 2318 gnum
506 2244 792 2300 exhibeat?
820 2244 949 2298 Nam
991 2245 1078 2313 qui
1123 2240 1707 2298 athleticmhabitudini
1751 2238 1883 2292 dant

299 2355 550 2410 operam,
597 2354 730 2408 opus
779 2336 976 2394 habent
1033 2336 1287 2402 medicis,
1341 2331 1683 2405 paedotribis,
1726 2330 1885 2387 diaeta

304 2439 617 2500 temperata,
641 2429 1020 2486 exercitatione
1049 2426 1337 2498 frequenti,
1363 2425 1673 2496 infinitaque
1697 2425 1888 2480 obser-

305 2521 515 2578 vatione
553 2538 567 2576 :
615 2521 812 2574 etenim
843 2521 886 2573 si
915 2519 1039 2588 quid
1069 2520 1151 2574 vel
1177 2517 1455 2578 minimum
1487 2517 1800 2588 negligatur,
1835 2515 1887 2571 id

302 2616 478 2668 omnia
506 2615 697 2670 evertit
725 2628 786 2666 ac
825 2611 1009 2690 dejicit
1047 2629 1061 2666 :
1101 2611 1137 2665 ii
1174 2611 1366 2682 quibus
1406 2610 1648 2680 corporis
1690 2609 1887 2671 Christi

300 2720 428 2762 cura
455 2704 730 2768 incumbit,
758 2704 842 2758 cui
869 2703 1082 2772 corpori
1112 2713 1393 2768 certamen
1414 2713 1523 2769 est,
1559 2715 1665 2758 non
1701 2709 1884 2755 contra

302 2810 548 2866 corpora,
593 2794 691 2850 sed
719 2804 906 2850 contra
933 2793 1224 2852 invisibiles
1262 2802 1571 2862 potestates,
1621 2790 1890 2864 quomodo

304 2887 431 2944 illud
464 2887 724 2958 integrum
748 2896 805 2942 et
833 2901 1021 2944 sanum
1053 2902 1273 2944 scrvare
1319 2895 1591 2957 poterunt,
1643 2885 1744 2940 nisi
1791 2885 1893 2938 hu-

306 2994 516 3034 manam
565 2979 811 3034 virtutem
855 2978 1078 3032 multum
1129 2977 1530 3044 transcendant,
1579 2985 1634 3032 et
1675 2992 1889 3032 omnem

304 3073 496 3130 anima:
521 3071 704 3126 utilem
733 3071 951 3126 curandi
971 3070 1192 3125 modum
1225 3071 1389 3142 probe
1419 3070 1644 3125 norint?

372 3164 426 3220 5.
456 3164 730 3222 Sacerdoti
771 3165 1110 3220 necessariam
1125 3180 1234 3219 esse
1265 3165 1560 3233 expeditam
1579 3163 1779 3218 dicendi
1803 3165 1891 3235 [a-

305 3259 562 3314 ndtatem.
586 3288 656 3298 —-
681 3259 764 3313 An
795 3256 1010 3326 ignoras
1035 3257 1138 3311 hoe
1169 3271 1365 3324 corpus
1401 3255 1641 3325 pluribus
1668 3265 1722 3310 et
1749 3271 1892 3310 rnor-

306 3349 386 3404 bis
411 3360 466 3404 et
491 3347 694 3404 insidiis
714 3347 1009 3402 obnoxium
1036 3362 1178 3410 esse,
1205 3363 1366 3416 quam
1393 3362 1607 3402 carnem
1630 3356 1888 3414 nostram,

305 3440 538 3510 itemque
567 3439 723 3494 citius
758 3438 1030 3509 corrumpi
1061 3439 1368 3508 tardiusque
1405 3439 1622 3493 sanari?
1650 3438 1891 3499 Humana

305 3540 452 3588 certe
491 3547 716 3602 corpora
744 3531 1055 3586 curantibus
1081 3531 1224 3585 varia
1255 3531 1469 3587 iuventa
1507 3541 1632 3586 sunt
1660 3532 1895 3590 medica-

303 3625 470 3689 mina,
520 3623 852 3680 diversorum
900 3623 1376 3678 instrumentorum
1429 3633 1737 3692 apparatus,
1789 3625 1892 3680 ali-

305 3723 485 3772 menta
509 3715 666 3784 aagris
702 3715 1046 3784 congruentia
1076 3730 1090 3766 :
1123 3715 1262 3769 aeris
1289 3730 1502 3785 quoque
1535 3727 1721 3776 natura
1749 3731 1894 3785 saepe

305 3805 502 3862 sufficit
525 3806 592 3861 ad
628 3806 758 3876 aegri
797 3805 1185 3876 valetudinem;
1216 3816 1300 3861 est
1325 3807 1484 3861 etiam
1524 3821 1647 3861 cum
1673 3822 1895 3864 somnus

305 3907 603 3968 opportune
638 3899 835 3954 cadens
885 3916 1101 3955 omnem
1144 3900 1350 3955 medico
1389 3901 1626 3957 laborem
1664 3901 1893 3958 auferat.

308 3991 406 4052 llic
433 4006 561 4046 vero
584 3991 714 4045 nihil
745 3993 918 4048 simile
957 3992 1248 4062 excogitari
1280 4003 1488 4060 potest;
1516 3994 1610 4048 sed
1643 4008 1744 4048 una
1775 4003 1895 4063 post

307 4099 530 4154 operum
561 4083 867 4158 exemplum
894 4083 1056 4140 datur
1076 4085 1324 4140 machina
1353 4083 1542 4154 viaque
1567 4083 1633 4138 ad
1663 4087 1898 4140 curatio-

307 4189 452 4241 nem,
489 4187 683 4244 nempe
712 4174 858 4228 verbi
892 4174 1154 4229 doctrina.
1201 4175 1312 4234 lioc
1339 4183 1422 4231 est
1451 4175 1893 4243 instrumentum,

307 4265 412 4322 hoc
433 4278 561 4322 esca
584 4304 601 4331 ,
646 4264 753 4320 hoc
777 4266 918 4322 aeris
949 4267 1236 4336 temperies
1261 4267 1483 4337 Optima,
1515 4268 1619 4322 hoc
1640 4270 1757 4324 vice
1782 4285 1898 4322 nie-

303 4358 591 4415 dicamenti
613 4399 627 4424 ,
667 4357 772 4418 hoc
799 4359 915 4416 vice
944 4359 1081 4429 ignis
1123 4374 1188 4415 ac
1228 4359 1343 4416 vice
1385 4359 1509 4414 ferri
1545 4377 1557 4414 :
1590 4361 1703 4416 sive
1737 4377 1899 4414 uren-

305 4451 457 4517 ιιυω,
477 4451 591 4508 sive
619 4451 908 4511 secandum
934 4454 1026 4518 sit,
1054 4452 1146 4508 illo
1173 4452 1248 4507 uti
1286 4466 1505 4507 necesse
1528 4461 1614 4508 est
1640 4470 1652 4506 :
1685 4453 1730 4508 si
1762 4452 1893 4510 illud

309 4541 443 4600 nihil
482 4541 672 4612 possit,
698 4543 905 4612 reliqua
931 4543 1110 4600 omnia
1140 4543 1410 4598 incassum
1453 4543 1670 4598 abeunt.
1703 4543 1818 4598 Hoc
1843 4551 1900 4598 et

305 4633 572 4702 iacentem
599 4634 832 4694 animam
857 4636 1174 4702 excitamus,
1196 4644 1250 4690 et
1281 4643 1575 4694 tumentem
1604 4637 1901 4715 compesci-

309 4742 431 4786 mus
453 4768 470 4791 ,
489 4735 554 4786 et
591 4725 944 4782 redundantia
972 4725 1339 4795 prtecidimus,
1367 4735 1423 4782 et
1447 4725 1747 4782 deficientia
1772 4743 1901 4798 sup-

309 4819 538 4888 plenius,
584 4827 639 4874 et
668 4818 869 4886 reliqua
909 4817 1087 4875 omnia
1124 4817 1370 4884 facimus,
1420 4834 1540 4889 qua:
1587 4818 1653 4874 ad
1707 4819 1901 4874 anima;

305 4909 594 4966 conferunt
611 4909 1056 4968 incolumitatem.
1083 4908 1216 4968 Nam
1245 4909 1312 4964 ad
1341 4909 1466 4968 vitae
1495 4911 1747 4979 optimam
1771 4927 1904 4968 cou-

311 5001 642 5060 stitutionem
664 5002 885 5058 alterius
909 5003 1015 5060 vita
1043 5003 1110 5062 ad
1141 5003 1318 5060 simile
1346 5003 1576 5059 studium
1597 5013 1657 5060 et
1681 5005 1902 5063 annula-

314 5092 514 5149 tioneni
541 5107 796 5150 revocare
811 5094 1009 5162 possit.
1031 5094 1168 5149 Cum
1194 5102 1374 5156 mitem
1401 5095 1574 5152 anima
1604 5097 1747 5152 circa
1766 5113 1898 5166 spuo

314 5185 391 5242 ria
420 5184 671 5256 dogmata
695 5196 940 5256 aegrotat,
970 5195 1096 5246 tunc
1124 5188 1270 5248 verbi
1295 5203 1422 5250 usus
1450 5189 1682 5248 maxime
1709 5206 1897 5248 neces-

311 5275 488 5332 sarius
508 5286 612 5342 est.
633 5293 740 5338 non
767 5277 833 5338 ad
855 5278 1277 5340 domesticorum
1303 5281 1644 5342 securitatem
1671 5290 1897 5348 tantum,

312 5381 500 5424 verum
535 5369 695 5427 etiam
719 5369 786 5428 ad
814 5379 1035 5432 externa
1063 5372 1221 5427 bella.
1253 5371 1384 5428 Nam
1415 5374 1461 5436 si
1485 5375 1604 5445 quis
1642 5375 1899 5440 frameam

310 5457 535 5526 spiritus
559 5459 769 5524 habent,
795 5461 1146 5533 elypeumque
1164 5462 1289 5519 fidei
1318 5465 1496 5530 talem,
1531 5475 1588 5520 ut
1612 5469 1779 5536 possit
1803 5470 1905 5524 mi-

314 5548 493 5602 racula
523 5549 706 5615 edere,
738 5558 793 5604 et
821 5553 1079 5620 portentis
1107 5552 1496 5622 impudentium
1539 5569 1632 5608 ora
1658 5557 1905 5612 obstrue-

313 5653 395 5705 re,
425 5641 553 5698 nihil
579 5656 722 5711 opus
744 5641 906 5700 fuerit
931 5643 1128 5710 verbo;
1161 5644 1270 5699 imo
1297 5658 1365 5701 ne
1395 5653 1520 5700 tunc
1541 5647 1754 5716 quidem
1782 5651 1902 5703 inu-

314 5729 423 5784 tilis
450 5741 595 5787 esset
623 5733 742 5803 ejus
781 5742 988 5802 natura,
1021 5735 1116 5791 sed
1142 5737 1302 5791 etiam
1329 5737 1614 5792 admodum
1657 5754 1903 5795 necessa-

315 5821 413 5875 ria.
441 5821 650 5878 Etenim
678 5824 739 5878 Β.
767 5822 962 5881 Paulus
993 5827 1163 5895 ipsum
1193 5826 1452 5895 adhibuit,
1484 5827 1692 5887 etiamsi
1723 5831 1901 5902 siguo-
1930 5892 1944 5901 ,

1485 375 1572 434 DE
1609 370 2058 431 SACERDOTIO.
2098 369 2226 426 LIB.
2270 371 2358 426 IV.

3461 377 3563 431 668

1981 505 2098 542 rum
2129 491 2298 561 gratia
2325 489 2515 562 ubique
2540 488 2878 548 admirationi
2905 501 3064 548 esset.
3101 491 3166 547 Et
3191 491 3325 547 alius
3352 493 3566 563 quidam

1977 597 2040 635 ex
2072 581 2259 638 eodem
2280 582 2446 638 choro
2467 625 2482 650 ,
2535 593 2591 639 ut
2621 584 2766 639 verbi
2796 585 3000 638 virtutis
3027 599 3207 639 curam
3251 583 3567 649 habeamus,

1977 685 2164 730 monet
2195 675 2277 730 his
2331 676 2508 730 verbis
2556 688 2570 730 ε
2626 675 2807 732 Parati
2857 687 3012 731 estote
3052 676 3122 729 ad
3171 676 3568 746 satisfactionem

1977 768 2113 820 omni
2143 768 2361 836 poscenti
2392 783 2477 821 vos
2515 769 2759 822 rationem
2780 768 2843 822 de
2876 785 2955 835 ea,
2988 785 3102 838 quw
3125 769 3177 822 in
3202 769 3338 823 vobis
3362 778 3452 834 est,
3483 785 3572 839 spe

1979 859 2028 929 (l
2063 859 2206 914 Petr.
2261 860 2314 915 3.
2345 859 2458 931 15).
2508 859 2573 916 Et
2611 860 2824 929 quidem
2854 861 2996 914 nulla
3025 861 3128 916 alia
3156 859 3224 915 de
3253 875 3414 914 causa
3445 869 3573 914 tunc

1978 967 2166 1005 omnes
2189 950 2462 1020 Stephano
2482 951 2758 1005 viduarum
2781 951 3136 1006 meunomiam
3160 950 3569 1012 commiserunt,

1979 1057 2138 1112 quam
2184 1050 2240 1096 ut
2278 1042 2376 1112 ipsi
2418 1042 2567 1097 verbi
2598 1042 2894 1098 ministerio
2937 1052 3185 1096 vacarent
3211 1043 3359 1112 (Act.
3382 1040 3436 1096 6.
3474 1039 3602 1113 9.),

1981 1135 2358 1191 Verumtamen
2379 1151 2484 1189 non
2507 1135 2724 1204 perinde
2742 1136 2958 1190 verbum
2975 1137 3388 1206 requireremus,
3409 1134 3452 1188 si
3471 1135 3578 1188 vir-

1983 1235 2148 1282 tutem
2179 1227 2452 1296 signorum
2484 1227 2825 1282 haberemus.
2856 1227 2948 1282 Sin
2981 1227 3192 1281 virtutis
3218 1227 3359 1280 illius
3386 1242 3456 1281 ne
3485 1242 3580 1280 ve—

1981 1319 2198 1390 stigium
2241 1320 2458 1389 quidem
2492 1320 2843 1386 relinquitur,
2885 1319 3036 1373 multi
3066 1336 3192 1374 vero
3231 1319 3466 1388 undique
3496 1319 3578 1372 in-

1982 1423 2126 1468 stant
2176 1413 2396 1481 inimici,
2448 1429 2698 1468 sermone
2743 1414 3046 1467 muniantur
3093 1427 3313 1467 necesse
3356 1421 3458 1476 est,
3512 1427 3578 1465 ne

1985 1505 2321 1560 inimicorum
2364 1506 2481 1562 telis
2534 1505 2934 1572 confodiamur,
2976 1506 3082 1560 imo
3108 1505 3284 1576 potius
3331 1515 3385 1558 ut
3436 1505 3579 1574 ipsos

1985 1596 2264 1652 feriamus.

2057 1689 2111 1744 Δι.
2145 1688 2224 1744 Ad
2242 1686 2440 1758 quasvis
2459 1689 2822 1746 controrersias
2843 1700 3076 1758 paratum
3103 1705 3210 1742 esse
3233 1696 3482 1757 oportere.
3511 1716 3579 1727 ——

1986 1782 2321 1853 Quapropter
2338 1784 2524 1852 ingens
2547 1783 2800 1838 adhibere
2827 1783 3057 1836 studium
3081 1791 3312 1852 oportet,
3343 1792 3398 1835 ut
3425 1780 3582 1835 Chri-

1988 1878 2055 1932 sti
2085 1876 2304 1932 verbum
2348 1875 2550 1938 affatim
2582 1877 2632 1930 in
2673 1876 2829 1932 nobis
2873 1875 3072 1930 habitet
3100 1873 3334 1948 (Coloss.
3367 1873 3422 1928 3.
3453 1871 3579 1942 16).

1988 1969 2173 2040 Neque
2203 1970 2344 2022 enim
2374 1968 2442 2022 ad
2471 1985 2632 2024 uttutn
2677 1961 2863 2037 pugnae
2885 1980 3056 2037 genus
3085 1973 3367 2035 apparatus
3400 1973 3582 2018 noster

1989 2071 2071 2115 est
2091 2101 2105 2126 ,
2134 2059 2229 2116 sed
2255 2060 2529 2130 multiplex
2562 2061 2662 2115 hoc
2687 2059 2883 2114 bellum
2911 2067 2994 2112 est
3016 2101 3032 2126 ,
3077 2074 3140 2112 ex
3170 2058 3433 2127 variisque
3461 2071 3582 2111 ccu-

1949 2214 1952 2216 γ
1988 2162 2138 2208 stans
2156 2153 2403 2212 inimicis.
2427 2152 2610 2222 Neque
2629 2152 2729 2220 ipsi
2759 2151 2944 2206 iisdem
2968 2139 3186 2206 utuntur
3209 2149 3393 2214 armis,
3414 2163 3584 2216 neque

1991 2261 2099 2300 uno
2128 2252 2333 2300 tantum
2384 2242 2544 2298 modo
2587 2242 2862 2298 nobiscum
2915 2239 3169 2311 congredi
3216 2239 3580 2294 meditantur:

1990 2351 2230 2406 opusque
2250 2344 2333 2392 est
2357 2351 2500 2401 eum,
2533 2335 2622 2405 qui
2649 2349 2771 2390 cum
2797 2333 3044 2388 omnibus
3076 2349 3302 2402 pugnam
3329 2331 3582 2387 commis-

1989 2444 2148 2488 surus
2171 2437 2274 2492 est,
2307 2428 2543 2483 omnium
2576 2425 2795 2481 technas
2823 2435 2974 2480 notas
3001 2425 3216 2489 habere,
3246 2439 3311 2478 ac
3335 2423 3583 2479 eumdem

1991 2535 2113 2576 esse
2138 2518 2468 2589 sagittariqu
2496 2525 2552 2572 et
2575 2515 2900 2572 funditorem
2920 2557 2934 2580 ,
2965 2515 3234 2568 tribunum
3259 2521 3313 2568 et
3333 2513 3586 2582 manipuli

1993 2612 2293 2675 ductorem,
2325 2609 2544 2665 militem
2572 2618 2628 2664 et
2646 2606 2857 2672 ducem,
2881 2606 3110 2676 peditem
3139 2613 3192 2660 et
3214 2605 3466 2675 equitem,
3495 2619 3587 2657 na-

1999 2703 2130 2762 valis
2159 2713 2210 2758 et
2233 2701 2449 2760 muralis
2474 2715 2663 2770 pugna:
2683 2699 2929 2770 peritum.
2961 2697 3170 2754 Etenim
3193 2697 3244 2751 in
3273 2695 3587 2751 militaribus

1993 2796 2209 2866 prazliis,
2243 2795 2386 2864 quod
2411 2794 2634 2864 quiaque
2660 2808 2795 2863 opus
2823 2791 3178 2862 peragendum
3208 2791 3448 2861 suscipit,
3484 2791 3587 2844 hoc

1994 2889 2258 2946 irruentes
2287 2887 2562 2956 propulsat
2596 2903 2608 2939 :
2639 2885 2727 2942 hic
2752 2902 2879 2940 vero
2917 2901 3023 2940 non
3047 2886 3118 2939 ita
3163 2900 3222 2939 se
3266 2899 3354 2939 res
3391 2883 3584 2946 habet;

1993 2981 2098 3041 nisi
2124 2981 2266 3034 enim
2293 2981 2382 3049 qui
2412 2980 2687 3034 victoriam
2711 2987 3076 3047 reportaturus
3097 2986 3200 3042 est,
3225 2992 3414 3031 omnes
3433 2976 3587 3030 dimi-

1993 3073 2150 3127 candi
2176 3083 2320 3128 artes
2347 3073 2573 3136 noverit,
2601 3071 2748 3124 novit
2773 3068 3016 3126 diabolus
3042 3068 3125 3122 vel
3149 3084 3248 3137 per
3275 3083 3433 3121 unam
3462 3084 3585 3138 par-

1995 3175 2125 3230 tem,
2157 3166 2200 3220 si
2227 3180 2290 3222 ea
2329 3164 2646 3234 negligatur,
2674 3161 3012 3232 praedonibus
3041 3161 3150 3216 suis
3177 3160 3431 3216 immissis
3459 3175 3590 3216 oves

1993 3258 2249 3328 diripere.
2281 3258 2350 3312 At
2395 3271 2500 3312 non
2548 3257 2674 3312 item
2701 3271 2820 3312 cum
2869 3264 3137 3324 pastorem
3187 3255 3418 3310 senserit
3443 3255 3589 3308 omni

1993 3351 2220 3408 scientia
2253 3349 2529 3420 prmditum
2555 3363 2694 3414 esse,
2724 3363 3017 3416 omnesque
3036 3348 3208 3416 ipsius
3229 3346 3446 3401 insidias
3471 3361 3590 3415 pro-

1997 3442 2065 3498 be
2092 3443 2310 3498 callere.
2336 3441 2694 3508 Quamobrem
2724 3449 2936 3510 Oportet
2964 3455 3062 3493 nos
3091 3439 3339 3494 onmibus
3367 3455 3433 3493 ex
3465 3455 3590 3507 par:

1995 3535 2140 3589 tibus
2178 3533 2411 3590 munitos
2449 3547 2589 3587 esse.
2615 3532 2824 3588 Etenim
2855 3532 2983 3585 urbs
3009 3531 3182 3585 donec
3224 3530 3454 3600 undique
3481 3532 3587 3584 cir-

1995 3625 2326 3684 cummunita
2354 3635 2456 3689 est,
2485 3623 2796 3680 obsidentes
2821 3638 2879 3678 se
2910 3623 3124 3687 irridet,
3170 3638 3234 3678 ac
3278 3639 3466 3678 secure
3493 3624 3590 3676 ad-

1997 3718 2217 3774 modum
2244 3717 2380 3787 agit;
2413 3717 2458 3772 si
2486 3716 2605 3786 quis
2651 3732 2778 3774 vero
2801 3731 3010 3770 murum
3052 3715 3278 3770 diruerit
3315 3715 3382 3770 ad
3416 3715 3593 3784 ianua:

2000 3812 2172 3866 solum
2201 3811 2644 3881 magnitudinem,
2673 3821 2800 3865 tunc
2829 3810 2958 3863 nihil
2989 3809 3062 3863 illi
3089 3809 3307 3878 prodest
3339 3820 3548 3876 septum
3577 3853 3590 3871 ,

2000 3904 2124 3959 licet
2151 3904 2414 3974 reliquum
2458 3918 2620 3958 omne
2664 3904 2926 3960 tuunitum
2977 3903 3068 3957 sit.
3109 3901 3312 3957 Eodem
3356 3901 3514 3956 modo
3540 3911 3594 3956 et

2003 3996 2095 4050 Dei
2122 3996 2332 4062 civitas,
2354 3995 2479 4050 dum
2498 4010 2617 4051 eam
2647 3994 2882 4064 undique
2913 4007 3008 4062 pro
3036 4009 3194 4049 muro
3220 3993 3384 4048 ambit
3409 4002 3590 4064 pasto-

2001 4089 2077 4143 ris
2101 4087 2318 4144 solertia
2343 4097 2505 4157 atque
2531 4085 2808 4156 prudentia
2829 4125 2846 4152 ,
2891 4085 3210 4142 adversariis
3249 4100 3361 4138 suae
3406 4100 3594 4140 omnes

1997 4180 2265 4235 machina;
2309 4178 2364 4235 in
2409 4177 2753 4247 opprobrium
2784 4177 3057 4245 risumque
3108 4176 3324 4240 cedunt,
3370 4191 3596 4244 eamque

2003 4270 2297 4327 incolentes
2333 4270 2481 4326 ilhesi
2513 4267 2776 4332 evadunt;
2821 4268 2908 4322 ubi
2950 4276 3128 4322 autem
3181 4267 3444 4336 quiSpiam
3474 4282 3592 4320 eam

1997 4377 2068 4418 ex
2093 4371 2245 4432 parte
2263 4361 2514 4417 demoliri
2537 4361 2725 4430 possit,
2747 4359 2958 4414 etiamsi
2985 4375 3091 4414 non
3123 4369 3288 4414 totam
3314 4358 3596 4415 destruxe-

2001 4455 2092 4520 rit,
2119 4469 2150 4508 a
2175 4461 2329 4524 parte
2360 4461 2530 4508 totum
2550 4494 2564 4516 ,
2598 4463 2655 4507 ut
2679 4451 2750 4506 ita
2779 4451 2975 4518 dicam,
3015 4451 3266 4520 deinceps
3308 4450 3595 4506 labefacta-

2005 4558 2113 4603 tur.
2142 4545 2281 4618 Quid
2307 4544 2454 4600 enim
2504 4545 2738 4615 cuipiam
2785 4543 3050 4612 profuerit
3089 4543 3345 4600 adversus
3369 4543 3597 4612 gentiles

2003 4637 2220 4692 fortiter
2245 4651 2482 4707 pugnare
2499 4675 2518 4703 ,
2547 4637 2592 4690 si
2618 4635 2768 4690 illum
2793 4635 3116 4704 populentur
3137 4633 3346 4690 Judzei?
3377 4634 3504 4705 quid
3528 4636 3593 4698 si,

2007 4731 2246 4800 utrisque
2280 4729 2538 4794 devictis,
2567 4744 2597 4782 a
2623 4727 2926 4784 Maniohmis
2966 4727 3281 4796 diripiatur?
3315 4727 3398 4781 vel
3443 4727 3486 4781 si
3514 4727 3600 4780 his

2001 4823 2168 4878 etiam
2199 4822 2509 4892 prostratis,
2563 4820 2653 4890 qui
2679 4818 2844 4874 fatum
2892 4819 3176 4885 inducunt,
3228 4819 3369 4874 intus
3399 4818 3602 4887 positas

2001 4929 2134 4970 oves
2159 4912 2443 4984 juguleut‘t
2471 4911 2676 4982 Ecquid
2705 4925 2841 4980 opus
2869 4918 2953 4966 est
2979 4926 3165 4969 omnes
3193 4911 3391 4964 diaboli
3429 4910 3600 4964 luere-

2008 5020 2098 5062 ses
2121 5004 2446 5062 recensere?
2465 5018 2598 5072 quas
2622 5015 2810 5058 omnes
2839 5002 2940 5058 nisi
2970 5011 3152 5071 pastor
3176 5001 3310 5055 sciat
3327 4999 3496 5070 probe
3515 5015 3600 5054 re-

2008 5100 2211 5164 fellere,
2241 5098 2324 5154 vel
2369 5113 2466 5167 per
2493 5113 2651 5154 unam
2690 5098 2859 5167 possit
2901 5097 3059 5166 lupus
3103 5097 3386 5152 maximam
3416 5099 3599 5150 ovium

2005 5203 2214 5262 partem
2243 5194 2525 5249 devorare.
2556 5193 2699 5249 Sane
2736 5210 2858 5248 cum
2897 5193 2966 5248 de
3003 5194 3260 5249 militibus
3307 5194 3502 5265 agitur,
3533 5195 3601 5250 ab

2007 5285 2073 5341 iis
2099 5285 2191 5356 qui
2218 5295 2362 5342 stant
2380 5287 2725 5352 etdimicant,
2752 5286 2865 5342 sive
2892 5287 3133 5352 victoria,
3159 5288 3274 5344 sive
3295 5287 3478 5342 clades
3505 5303 3598 5342 ex-

2001 5379 2294 5447 spectanda
2331 5388 2413 5434 est
2445 5396 2464 5434 :
2495 5378 2582 5434 hic
2609 5393 2742 5433 vero
2783 5379 2940 5448 longe
2967 5394 3144 5434 secus.
3173 5378 3330 5448 Scepe
3371 5395 3601 5450 namque

2007 5469 2235 5524 aliorum
2266 5484 2460 5540 pugna,
2491 5484 2585 5524 eos
2604 5471 2694 5540 qui
2721 5486 2793 5524 ne
2811 5471 2880 5525 ab
2908 5469 3059 5525 initio
3079 5471 3296 5539 quidem
3323 5472 3600 5541 congressi

2008 5569 2152 5628 sunt,
2179 5561 2375 5631 quique
2411 5562 2615 5616 nullum
2659 5549 2954 5631 suscepere"
2970 5562 3232 5629 laborem,
3259 5564 3603 5632 quiescentes

2007 5652 2361 5723 sedentesque
2401 5653 2635 5710 victores
2653 5654 2933 5710 constituit
2961 5669 2974 5706 :
3007 5664 3120 5709 tum
3149 5656 3193 5710 is
3217 5655 3309 5724 qui
3338 5670 3444 5711 non
3482 5671 3601 5712 ma-

2007 5758 2243 5814 gnoperc
2271 5745 2595 5802 exercitatus
2618 5753 2733 5810 est,
2773 5745 2991 5816 proprio
3016 5746 3297 5801 confossus
3324 5745 3516 5817 gladio,
3547 5757 3601 5800 ct

2009 5836 2194 5893 amicis
2217 5844 2269 5892 et
2285 5837 2513 5894 inimicis
2539 5851 2598 5894 se
2619 5836 2970 5894 deridendum
2997 5837 3264 5910 propinat.
3298 5837 3452 5892 Verbi
3475 5853 3594 5905 ιιι-ευ
