3942 6360
102 414 180 472 66⁸1
740 356 747 362 ,
1358 403 1449 460 DE
1488 404 1726 461 SACER]

1904 404 1949 464 ).
1992 406 2123 464 LIB.
2165 406 2256 464 IV.

101 532 174 603 λὴν
194 528 304 600 περὶ
322 524 494 582 ταῦτα
527 524 634 596 τὴν
663 520 956 596 ἐμπειρίαν
982 519 1144 593 ἔχων,
1171 521 1269 577 καὶ
1294 524 1408 586 τοῖς
1440 521 1616 592 φίλοις
1638 522 1732 575 καὶ

101 623 182 683 τοῖς
202 616 458 687 πολεμίοις
486 614 892 683 καταγέλαστος
917 613 1153 681 γίνεται.
1192 609 1320 666 Οίον
1354 611 1730 683 (πειράσομαι

101 708 181 778 γάρ
197 722 268 759 σοι
292 704 380 758 κα)⁸
402 704 497 757 ἐπὶ
522 702 968 777 παραδείγματος
992 699 1021 755 ὃ
1044 699 1189 769 λέγω
1220 700 1445 771 ποιῆσαι
1471 698 1728 770 φανερὸν)

101 796 164 847 τὸν
187 792 277 846 ὑπὸ
305 790 395 845 τοῦ
423 789 565 844 Θεοῦ
594 790 814 845 δοθέντα
838 789 916 861 τῷ
942 790 1152 860 Μωὺσῇ
1186 788 1354 860 νόμον
1378 789 1429 842 οί
1460 786 1561 859 τὴν
1586 788 1732 841 Οὑα-

101 883 287 935 λεντίνου
329 880 421 933 καὶ
470 879 800 951 Μαρκίωνος
854 876 1231 948 διαδεξάμενοι
1275 875 1739 948 φρενοϐλάϐειαν,.

99 974 167 1026 καὶ
185 973 283 1025 ὅσοι
316 972 383 1024 τὰ
414 968 559 1022 αὑτά
591 967 837 1023 νοσοῦσιν
864 967 1119 1030 ἐκείνοις,
1152 966 1247 1020 τοῦ
1281 964 1587 1034 καταλόγου
1619 965 1729 1020 τῶν

98 1062 220 1115 θείων
243 1059 558 1113 ἐκϐάλλουσι
592 1057 824 1131 Γραφῶν
845 1074 860 1088 ·
910 1056 1156 1110 Ἰουδαῖοι
1185 1055 1243 1109 δὲ
1274 1054 1440 1108 αὑτὸν
1478 1053 1623 1107 οῦτω
1648 1071 1730 1107 τι-

99 1151 247 1221 μῶσιν,
273 1148 341 1213 ὡς
368 1149 464 1202 καὶ
494 1147 594 1201 τοῦ
619 1145 810 1218 καιροῦ
831 1144 1136 1209 κωλύοντος
1164 1144 1489 1214 φιλονεικεῖν
1512 1142 1729 1196 ἅπαντα

100 1239 348 1308 φυλάττειν,
382 1236 536 1309 παρά
562 1235 626 1289 τὸ
657 1234 735 1307 τῷ
758 1234 879 1306 Θεῷ
904 1233 1115 1287 δοκοῦν.
1131 1233 1197 1286 Ἠ
1223 1232 1280 1285 δὲ
1307 1230 1605 1302 Ἐκκλησία
1631 1228 1726 1283 τοῦ

98 1327 213 1391 θεοῦ,
243 1325 335 1398 τὴν
364 1323 699 1397 ἀμφοτέρων
725 1323 993 1396 ἀμετρίαν
1019 1321 1360 1393 φεύγουσαδ,
1395 1320 1569 1391 μέσην
1593 1319 1726 1373 ἐϐά-

100 1419 191 1478 διτε,
214 1417 296 1470 καὶ
316 1414 435 1469 οὑτε
465 1413 790 1468 ὑποκεῖσθαι
823 1409 990 1467 αὑτοῦ
1014 1411 1094 1483 τῷ
1125 1409 1276 1481 ζυγῷ
1302 1410 1572 1472 πείθεται,
1600 1406 1727 1462 οὔτε

99 1504 341 1559 διαϐάλλειν
365 1502 530 1558 αὑτὸν
564 1502 840 1573 ἀνέχεται,
866 1500 1012 1556 ἀλλά
1055 1500 1151 1555 καὶ
1187 1498 1537 1569 πεπαυμένον
1566 1498 1727 1550 ἐπαι-

98 1597 165 1655 νεῖ,
185 1593 259 1648 διά
282 1592 339 1646 τὸ
357 1589 734 1664 χρησιμεῦσαί
761 1607 893 1643 ποτε
920 1590 1002 1653 εἰς
1036 1588 1248 1660 καιρόν.
1278 1588 1370 1640 Δεῖ
1393 1584 1457 1656 δὴ
1483 1586 1574 1638 τὸν
1600 1584 1727 1655 μέλ-ι

97 1682 210 1736 lma
232 1680 356 1753 πρὸς
374 1679 724 1752 ἀμφοτέρους
749 1677 1018 1750 μάχεσθαι
1039 1677 1138 1749 τὴν
1160 1674 1505 1747 συμμετρίαν
1528 1674 1726 1729 εἰδέναι

98 1770 365 1841 ταύτην.’Δν
392 1786 451 1824 τε
483 1768 599 1841 γάρ
616 1766 901 1831 Ἰουδαίους
926 1763 1137 1830 διδάξαι
1168 1761 1599 1835 βούλομενος,ιῖ›ς
1626 1761 1727 1815 οὑκ

99 1860 138 1910 ὲν
154 1857 297 1929 καιρῷ
315 1858 411 1929 τῆς
434 1856 680 1919 παλαιᾶς
717 1853 933 1926 ἔχονται
965 1851 1307 1924 νομοθεσίας,
1333 1849 1566 1922 ἄρξηται
1595 1865 1727 1902 κατ-

97 1948 259 2017 ηγορεῖν
284 1945 447 2015 αὑτῆς
477 1942 740 2014 ἀφειδῶς,
758 1942 925 1996 ἔδωκε
950 1943 1061 2005 τοῖς
1085 1938 1362 2011 διασύρειν
1384 1935 1725 2009 βουλομένοις

100 2035 176 2088 τῶν
194 2033 455 2107 αἰρετικῶν
479 2018 750 2105 λαϐὴνχοὺ
788 2030 1011 2103 μικράν·
1036 2028 1102 2084 ἄν
1116 2046 1177 2082 τε
1192 2027 1416 2091 τούτους
1438 2026 1726 2097 ἐπιστομί-

100 2141 163 2176 σαι
182 2123 488 2189 σπουδάζων,
502 2122 768 2194 ἀμέτρως
787 2121 949 2175 αὑτὸν
968 2118 1194 2192 ἐπαίρῃ,
1208 2118 1303 2172 καὶ
1327 2117 1404 2181 ὼς
1426 2118 1725 2184 ἀναγκαῖον

99 2213 139 2263 ἐν
170 2212 230 2283 τῷ
256 2213 474 2284 παρόντι
502 2211 850 2283 τυγχάνοντα
883 2207 1166 2279 θαυμάζῃ,
1203 2206 1272 2261 τά
1306 2204 1418 2261 τῶν
1450 2204 1723 2258 Ἰουδαίων

99 2302 245 2371 ἀνέῳξε
270 2303 529 2373 στόματα.
551 2299 730 2355 Πάλιν
764 2299 814 2351 οἱ
831 2298 931 2368 τὴν
946 2294 1244 2351 Σαϐελλίου
1273 2294 1595 2365 μαινόμενοι
1622 2309 1723 2363 μα-

99 2389 195 2451 νίαν,
222 2389 303 2441 καὶ
328 2391 377 2442 οἱ
403 2388 475 2443 τά
526 2387 746 2460 Ἀρείου
772 2385 1105 2447 λυττῶντες,
1137 2379 1199 2449 ἐξ
1242 2382 1515 2454 ἀμετρίας
1544 2380 1724 2451 ἀμφό·

101 2492 199 2545 τεροι
221 2477 310 2549 τῆς
340 2476 530 2547 ὑγιοῦς
561 2476 825 2543 ἐξέπεσον
864 2474 1122 2536 πίστεως·
1162 2472 1258 2525 καὶ
1298 2471 1360 2524 τὸ
1392 2472 1492 2541 μὲν
1550 2468 1724 2540 ὄνομα

103 2566 377 2635 Χριστιανῶν
407 2566 757 2638 ἀμφοτέροις
778 2564 1074 2619 ἐπίκειται·
1104 2562 1155 2615 εἰ
1187 2560 1244 2615 δέ
1271 2577 1355 2624 τις
1379 2557 1448 2613 τά
1476 2558 1724 2629 δόγματα

102 2654 305 2719 ἐξετάσειε
325 2656 373 2721 δ,
396 2657 528 2721 τοὺς
572 2654 679 2727 μέν
727 2652 882 2707 οὑδέν
924 2653 1151 2722 ἄμεινον
1203 2648 1474 2703 Ἰουδαίων
1512 2646 1725 2703 διακει-

104 2743 240 2809 μένους
272 2745 515 2817 εὑρήσει,
556 2742 706 2814 πλὴν
739 2742 864 2797 ὅσον
898 2741 1043 2812 ὑπὲρ
1066 2736 1351 2808 ὀνομάτων
1375 2735 1724 2805 διαφέρονται

102 2831 228 2898 μόνον,
249 2834 367 2896 τοὺς
411 2833 469 2887 δὲ
497 2831 713 2904 πολλὴν
758 2830 860 2901 τὴν
893 2828 1199 2900 ἐμφέρειαν
1229 2824 1369 2897 πρὸς
1393 2824 1490 2894 τὴν
1512 2822 1725 2893 αἵρεσιν

100 2920 256 2974 Παύλου
290 2921 378 2975 τοῦ
425 2918 802 2993 Σαμοσατέως
847 2916 1092 2988 ἔχοντας,
1138 2913 1486 2986 ἀμφοτέρους
1513 2910 1571 2964 δὲ
1622 2909 1726 2980 τῆς

98 3007 293 3080 ἀληθείας
331 3010 509 3075 ἐκτός.
542 3008 723 3072 Πολὺς
751 3001 845 3062 οῦν
884 3002 1166 3060 κάνταῦθα
1201 3013 1224 3042 ο
1255 3003 1284 3056 ὁ
1334 3000 1600 3063 κίνδυνος,
1630 3000 1726 3051 καὶ

97 3098 212 3167 στενὴ
237 3100 322 3152 καὶ
364 3097 712 3170 τεθλιμμένη
746 3096 780 3167 ὴ
814 3093 934 3157 ὁδὸς
974 3094 1009 3165 ἡ
1054 3090 1161 3144 ὑπὸ
1192 3088 1456 3163 κρημνῶν
1482 3087 1726 3158 ἀμφοτέ-

98 3184 223 3254 ρωθεν
246 3187 654 3259 ἀπειλημμένη·
688 3184 785 3238 καὶ
815 3182 931 3246 δέος
952 3182 1014 3235 οὑ
1057 3179 1275 3252 μικρὸν,
1308 3177 1383 3249 μὴ
1416 3176 1509 3230 τὸν
1537 3175 1724 3246 ἐτερόν

95 3291 155 3339 τις
179 3274 325 3329 θέλων
359 3276 572 3347 βαλεῖν,
612 3274 721 3327 ὑπὸ
744 3271 974 3344 θατέρου
1005 3269 1211 3339 πληγῇ.
1242 3268 1345 3320 "Av
1372 3282 1435 3319 τε
1463 3265 1575 3337 γὰρ
1596 3265 1724 3335 μίαν

97 3378 153 3426 τις
170 3365 274 3439 εἴπῃ
303 3365 557 3437 θεότητα,
591 3360 734 3435 πρὸς
763 3361 862 3433 τὴν
889 3358 1088 3413 ἐαυτοῦ
1121 3356 1410 3427 παροινίαν
1437 3354 1463 3394 ά
1521 3354 1725 3417 εὐθέως

99 3452 260 3507 εἵλκυσε
278 3454 374 3527 τὴν
401 3453 599 3524 φωνὴν
638 3451 668 3503 ό
705 3448 861 3522 [HO]
897 3445 1207 3509 Σαϐέλλιος·
1248 3443 1315 3497 άν
1340 3460 1400 3497 τε
1440 3442 1592 3514 διέλῃ
1620 3441 1726 3495 πά-

97 3542 167 3605 λιν,
187 3540 353 3613 ἓτερον
382 3542 483 3613 μὲν
518 3538 624 3594 τὸν
659 3538 903 3608 Πατέρα,
930 3535 1122 3605 ἕτερον
1147 3533 1204 3586 δὲ
1235 3532 1325 3585 τὸν
1365 3531 1514 3595 Υἰδν,
1547 3529 1725 3584 καὶτὸ

96 3629 266 3701 Πνεῦμα
310 3631 365 3684 δὲ
416 3631 481 3684 τὸ
528 3630 695 3699 ἆγιον
740 3626 927 3697 ἕτερον
977 3618 1121 3677 εἶναι
1181 3622 1378 3691 λέγων,
1422 3619 1726 3690 ἐφέστηκεν

97 3718 278 3788 ⁹Αρειος,
296 3723 374 3784 εἰς
393 3716 762 3792 παραλλαγὴν
782 3715 972 3777 οὐσίας
1002 3712 1178 3765 ἐλκων
1216 3711 1315 3779 τὴν
1344 3711 1403 3762 ἐν
1418 3711 1533 3772 τοῖς
1553 3725 1725 3778 προσ-

95 3803 220 3871 ώποις
261 3808 545 3880 διαφοράν.
587 3807 685 3859 Δεῖ
720 3806 779 3859 δέ
822 3803 921 3858 καὶ
949 3801 1048 3874 τὴν
1076 3800 1249 3870 ἀσεϐῆ
1283 3798 1547 3869 σύγχυσιν
1578 3795 1727 3850 ἐκεί-

97 3908 176 3956 νου.
205 3897 288 3949 καὶ
309 3896 407 3968 τὴν
458 3893 714 3967 μανιώδη
740 3891 936 3945 τούτου
973 3888 1243 3959 διαίρεσιν
1280 3884 1727 3955 ἀποστρέφεσθαι

96 3982 159 4033 καί
175 3982 391 4053 φεύγειν,
420 3983 525 4055 τὴν
557 3983 663 4055 μέν
679 3981 911 4051 θεότητα
933 3978 1147 4048 Πατρὺς
1171 3976 1268 4031 καὶ
1288 3974 1419 4028 Υίοῦ
1443 3974 1538 4027 καὶ
1567 3974 1727 4041 άγίου

94 4068 352 4141 Πνεύματος
380 4073 513 4143 μίαν
546 4068 974 4141 ὁμολογοῦντας,
1007 4061 1405 4139 προστιθέντας
1425 4062 1485 4116 δέ
1511 4062 1606 4117 καὶ
1628 4061 1728 4127 τάς

91 4159 201 4227 τρεῖς
214 4160 551 4226 ὑποστάσεις·
586 4156 734 4212 οῦτω
756 4157 865 4229 γὰρ
894 4154 1241 4225 ἀποτειχίσαι
1262 4150 1606 4223 δυνησόμεθα
1627 4151 1728 4215 τὰς

92 4246 362 4322 ἀμνοτέρων
395 4249 651 4321 ἐφόδους.
682 4245 893 4308 Πολλὰς
917 4244 975 4298 δὲ
1011 4244 1107 4298 καὶ
1132 4241 1330 4315 ἐτέρας
1360 4239 1487 4310 ἐνῆν
1523 4256 1606 4292 σοι
1633 4238 1726 4291 λέ-

93 4350 177 4399 τειν
204 4347 225 4376 ε
266 4337 617 4408 συμπλοκὰς,
654 4334 793 4407 πρὸς
847 4333 915 4397 ἀς
971 4330 1038 4386 ἂν
1071 4330 1149 4403 μὴ
1197 4328 1466 4398 γενναίως
1499 4343 1584 4391 τις
1632 4326 1728 4381 καὶ

94 4425 281 4495 ἀκριϐῶς
306 4428 571 4499 μάχηται,
612 4424 785 4497 μυρία
811 4419 992 4476 λαϐὼν
1020 4419 1206 4474 άπεισι
1233 4415 1549 4490 τραύματα.

142 4522 189 4569 ε’.
208 4520 264 4572 Τί
288 4522 349 4575 ἀν
370 4540 455 4586 τις
477 4519 637 4588 λέγοι
658 4515 758 4579 τὰς
778 4513 891 4567 τῶν
908 4510 1125 4565 οἰκείων
1158 4505 1503 4581 ἐρεσχελίας;
1528 4505 1601 4558 00
1618 4506 1728 4574 γάρ

97 4603 195 4657 εἰσιν
223 4608 467 4673 ἐλάττους
506 4598 676 4662 αὗται
711 4602 822 4656 τῶν
854 4599 1054 4667 ἔξωθεν
1089 4595 1434 4670 προσϐολῶν,
1466 4593 1605 4648 ἀλλά
1633 4594 1729 4647 καὶ

97 4690 266 4749 πλείονα
284 4697 358 4770 τῷ
375 4696 687 4752 διδάσκοντι
709 4690 1011 4763 παρέχουσι
1034 4687 1125 4739 τὸν
1158 4684 1377 4758 ἱδρῶτα.
1408 4684 1470 4737 Οί
1496 4682 1596 4754 μέν
1619 4680 1728 4753 γὰρ

93 4778 173 4833 ὑπὸ
198 4781 723 4858 πολυπραγμοσύνης
760 4778 948 4841 ἀπλῶς
982 4775 1076 4830 καί
1103 4773 1229 4843 εἰκῆ
1265 4770 1729 4843 περιεργάζεσθαι

94 4865 311 4938 Θέλουσιν,
334 4873 370 4928 ἀ
405 4874 549 4946 μήτε
582 4868 859 4942 μαθόντας
891 4866 1011 4919 ἐστι
1039 4862 1323 4935 κερδᾶναι,
1366 4861 1504 4933 μήτε
1534 4859 1729 4931 μαθεῖν

94 4955 285 5015 δυνατόν·
312 4962 491 5035 ἐτεροι
520 4960 689 5015 πάλιν
716 4957 826 5011 τῶν
854 4953 950 5009 τοῦ
992 4952 1132 5007 Θεοῦ
1176 4951 1465 5023 χριμάτων
1496 4949 1730 5014 εὑθύνας

98 5046 221 5101 αὑτὸν
245 5049 589 5112 ἀπαιτοῦσιν,
624 5047 720 5102 καὶ
749 5046 848 5117 τὴν
877 5043 1117 5099 ἄϐυσσον
1149 5039 1250 5111 τὴν
1284 5037 1485 5110 πολλὴν
1517 5037 1728 5109 ἀναμε-

98 5140 207 5203 τρεῖν
229 5139 520 5215 βιάζονται·
550 5138 628 5194 Τὰ
660 5137 769 5208 γάρ
798 5132 1054 5204 κρίματά
1075 5146 1217 5195 σου,
1242 5129 1430 5215 φησὶν,
1453 5129 1728 5215 ἄϐυσσος

101 5210 272 5289 πολλῆ.
296 5226 404 5279 Καὶ
436 5225 680 5285 πίστεως
711 5220 812 5290 μὲν
848 5217 979 5288 πέρι
1032 5216 1129 5269 καὶ
1186 5210 1463 5275 πολιτείας
1512 5212 1728 5281 ὀλίγους

100 5296 145 5351 ἂν
164 5302 322 5379 εὕροις
345 5305 779 5371 σπουδάζοντας·
807 5301 934 5364 τοὺς
958 5298 1015 5352 δὲ
1045 5297 1267 5360 πλείους
1292 5294 1468 5379 ταῦτα
1502 5311 1727 5379 περιερέ

97 5378 379 5459 Υιζομένους
404 5391 505 5445 καὶ
528 5387 852 5459 ζητοῦντας,
889 5384 923 5437 ἃ
957 5382 1096 5454 μήτε
1118 5380 1303 5450 εὑρεῖν
1340 5378 1584 5444 δυνατὸν,
1633 5378 1727 5431 καὶ

94 5466 163 5521 τὸν
178 5471 294 5526 Θεὸν
321 5473 617 5547 παροξύνει
647 5469 977 5543 ζητούμενα.
1024 5467 1197 5520 Ὅταν
1232 5464 1363 5535 γὰρ,
1395 5462 1537 5536 άπερ
1560 5462 1728 5527 αὑτὸς

142 5574 163 5602 ⁸
188 5576 368 5643 Aliquot
400 5578 722 5642 manuscripli
765 5572 1000 5640 φυγοῦσα,
1025 5576 1081 5623 et
1100 5570 1228 5622 infra
1261 5571 1561 5631 πεπαυμένον
1583 5571 1728 5619 αὑτὸν

100 5632 154 5681 ίπ.
169 5636 264 5689 I01
286 5643 365 5694 alii
399 5644 471 5693 δεῖ
493 5644 545 5693 δέ
565 5643 665 5691 τόν.

145 5696 365 5771 {modicos
388 5718 493 5755 non
511 5705 653 5767 pauci
676 5703 715 5751 εἰ
739 5701 790 5751 δέ
808 5717 877 5756 τις
913 5698 1070 5748 αὑτῶν
1091 5696 1151 5745 τὰ
1180 5695 1394 5758 δόγματα
1424 5694 1631 5757 ἀκριϐῶς
1653 5695 1727 5751 ἐξ-

119 5773 241 5794 τηθίσι

299 5828 440 5884 πολὺς
460 5829 516 5897 δέ
533 5828 638 5875 κᾶν.

150 5880 589 5954 ’ἐβιίίὲιαραὶομίαν-
934 5949 945 5954 ,
1162 5945 1175 5954 .
1206 5945 1214 5954 .

154 5945 320 6018 "ijil.
340 5941 391 6018 εἷς,
415 5941 621 6018 ιηὲιὶωε
650 5964 762 6018 pars
784 5963 899 6001 mss.
927 5949 1033 6008 ἐνῆν
1057 5962 1133 5996 σοι
1162 5945 1331 6009 λέγειν,
1356 5941 1530 5995 Morel.
1561 5949 1614 5996 cl
1638 5945 1725 5996 ali—

101 6012 193 6061 quot
210 6010 267 6059 ξνι
290 6013 539 6076 συλλέγειν.

2008 303 2095 317 .-.,,

3414 417 3517 476 663

1839 524 1988 594 ἡμᾶς
2009 525 2111 579 οὑκ
2149 523 2416 595 ἠθέλησεν
2453 524 2673 593 εἰδέναι,
2702 526 2877 581 ταῦτα
2935 527 3254 601 βιαζώμεθα
3307 537 3520 605 μανθάια

1837 627 1968 675 νειν,
1989 609 2113 664 οὑτε
2130 612 2412 682 εἰσόμεθα,
2433 612 2575 684 (πῶς
2596 615 2728 686 γὰρ,
2753 615 2846 670 τοῦ
2871 616 3008 670 Θεοῦ
3041 619 3115 690 μὴ
3138 619 3520 694 βουλομένους)

1837 698 1934 752 καὶ
1964 699 2025 752 τὸ
2046 698 2381 754 κινδυνεύειν
2408 702 2541 773 ἡμῖν
2571 705 2635 756 ἐκ
2671 704 2766 757 τοῦ
2794 706 2978 778 ζητεῖν
3020 709 3305 780 περιέσται
3336 711 3518 781 μόνον.

1850 786 1991 840 Ἀλλ’
2021 789 2170 859 ὅμως
2201 789 2296 843 καὶ
2324 789 2533 845 τούτων
2579 792 2840 847 τοιούτων
2885 794 3077 862 ὄντων,
3111 799 3239 853 όταν
3265 817 3346 862 τις
3382 799 3523 870 μετά

1837 875 2127 941 αὑθεντίας
2150 878 2479 951 ἐπιστομίζῃ
2507 882 2636 945 τοὺς
2661 881 2730 934 τὰ
2755 881 2939 955 ἄπορα
2962 885 3138 940 ταῦτα
3159 887 3519 958 ἐρευνῶντας,

1837 965 2099 1030 ἀπονοίας
2133 983 2195 1019 τε
2244 967 2339 1020 καὶ
2387 967 2631 1038 ἀμαθίας
2684 971 2865 1041 ἐαυτῷ
2895 974 3302 1046 προσετρίψατο
3337 974 3517 1039 δόξαν.

1836 1052 1928 1105 Διὸ
1946 1053 2053 1125 χρὴ
2086 1054 2369 1109 κάνταῦθα
2399 1057 2569 1127 πολλῇ
2618 1058 2927 1130 κεχρῆσθαι
2953 1064 3019 1133 τῇ
3049 1064 3284 1129 συνέσει,
3311 1063 3388 1127 ὡς
3426 1065 3523 1118 καὶ

1835 1141 2075 1211 ἀπάγειν
2104 1142 2303 1208 αὑτοὺς
2327 1144 2436 1197 τῶν
2465 1145 2681 1200 ἀτόπων
2714 1148 3037 1220 ἐρωτήσεων
3053 1151 3143 1203 τὸν
3174 1152 3519 1223 προεστῶτα,

1836 1230 2059 1295 καὶτὰς
2099 1233 2401 1304 εἰρημένας
2428 1235 2723 1305 ἐκφεύγειν
2768 1240 2969 1303 αἰτίας.
3010 1241 3156 1311 Πρὸς
3197 1239 3417 1294 ἅπαντα
3462 1241 3521 1295 δέ

1833 1319 2011 1374 ταῦτα
2043 1321 2232 1394 ἕτερον
2254 1323 2356 1394 μὲν
2385 1323 2562 1391 οὐδὲν,
2604 1326 2717 1396 ήδέ
2750 1326 2845 1379 τοῦ
2865 1326 3026 1395 λόγου
3058 1327 3282 1398 βοήθεια
3310 1325 3521 1383 εέδοται

1838 1409 1999 1481 μόνη·
2029 1409 2133 1464 κάν
2164 1428 2249 1475 τις
2271 1410 2477 1483 ταύτης
2515 1414 2965 1485 ἀπεστερημένος
3080 1417 3180 1487 τῆς
3210 1416 3518 1486 δυνάμεως,

1834 1497 1987 1551 οὐδὲν
2022 1498 2248 1570 ἄμεινον
2298 1501 2410 1553 τῶν
2459 1503 2872 1575 χειμαζομένων
2907 1504 3110 1557 πλοίων
3164 1503 3429 1573 διηνεκῶς
3462 1507 3519 1557 αί

1833 1581 2008 1654 ψυχαὶ
2031 1584 2140 1638 τῶν
2170 1585 2264 1638 ὑπ’
2293 1586 2443 1658 αὑτῷ
2484 1589 2838 1659 τεταγμένων
2880 1590 3091 1663 ἀνδρῶν
3128 1590 3518 1652 διακείσονται,

1832 1669 1943 1723 τῶν
1994 1671 2406 1745 ἀσθενεστέρων
2453 1677 2550 1729 καὶ
2586 1677 3028 1750 περιεργοτὲρων
3078 1677 3244 1747 λέγω.
3285 1678 3377 1732 Διὸ
3414 1678 3520 1750 χρὴ

1832 1758 1927 1811 τὸν
1964 1760 2117 1832 ίερέα
2147 1762 2327 1816 πάντα
2347 1766 2524 1818 ποιεῖν
2552 1764 2692 1836 ὑπέρ
2714 1765 2810 1819 τοῦ
2843 1765 3050 1839 ταύτην
3088 1766 3398 1837 κτήσασθαι
3421 1766 3520 1838 τὴν

1836 1847 2014 1917 ἰσχύν.

1904 1936 2019 1989 Καὶ
2067 1937 2097 1991 ό
2144 1936 2528 2007 ΒΑΣΙΑΕιοΣ,
2584 1939 2652 1994 Τί
2691 1935 2785 1995 οῦν
2815 1944 2845 1994 ό
2882 1932 3117 2007 Παῦλος,
3174 1942 3363 2014 φησιν,
3418 1927 3521 1996 δὺκ

1832 2024 2137 2079 ἐσπούδασε
2167 2026 2375 2099 ταύτην
2401 2028 2550 2100 αὑτῷ
2569 2028 2980 2101 κατορθωθῆναι
3011 2029 3031 2069 ί
3052 2030 3151 2102 τὴν
3172 2029 3394 2103 ἀρετὴν,
3425 2031 3520 2084 οὑ-

1831 2111 1889 2165 δὲ
1918 2113 2327 2182 ἐγκαλύπτεται
2354 2117 2527 2189 ἐπὶτῇ
2554 2116 2650 2171 τοῦ
2687 2118 2848 2186 λόγου
2878 2118 3059 2188 πενίᾳ,
3090 2117 3228 2172 ἀλλά
3256 2119 3348 2173 καὶ
3364 2119 3521 2192 διαρ-

1836 2201 2005 2274 ρήδην
2030 2203 2289 2275 ὁμολογεῖ
2323 2204 2542 2278 ἰδιώτην
2568 2206 2763 2261 ἐαυτὸν
2797 2202 2959 2269 εῖναι,
2991 2207 3085 2260 καὶ
3120 2206 3298 2261 ταῦτα
3320 2209 3522 2280 Κορινο

1833 2289 1969 2356 θίοις
1997 2293 2353 2356 ἐπιστέλλων,
2379 2298 2495 2359 τοῖς
2546 2295 2655 2349 ἀπὺ
2696 2295 2793 2349 τοῦ
2835 2295 3017 2365 λέγειν
3057 2293 3517 2367 θαυμαζομένοις,

1833 2381 1928 2434 καὶ
1954 2381 2097 2452 μέγα
2144 2384 2239 2438 ἐπὶ
2264 2383 2424 2438 τοῦτο
2451 2384 2712 2457 φρονοῦσι
2735 2403 2751 2452 ;

1905 2477 1979 2536 ς’.
2010 2472 2349 2527 ΧΡΥΣΟΣΤ.
2382 2473 2559 2528 Τοῦτο
2591 2478 2723 2547 γὰρ,
2758 2476 2917 2548 ἔφην,
2954 2479 3113 2533 τοῦτό
3148 2482 3320 2547 ἐστιν,
3344 2480 3372 2534 δ
3392 2481 3522 2544 τοὺς

1833 2558 2063 2623 πολλοὺς
2082 2560 2335 2615 ἀπώλεσε
2364 2564 2410 2627 ε,
2434 2562 2528 2616 καὶ
2551 2562 2825 2635 ῥᾳθυμοτέ
2834 2558 2960 2636 ρους
2978 2584 3046 2620 πε
3053 2568 3107 2639 ρῖ
3126 2569 3226 2641 τὴν
3245 2569 3421 2640 ἀληθῆ
3444 2569 3523 2623 δι-

1830 2647 2131 2702 δασκαλίαν
2147 2650 2397 2722 ἐποίησε.
2422 2652 2513 2721 Μὴ
2534 2650 2642 2722 γάρ
2662 2652 2985 2723 δυνηθέντες
3002 2656 3245 2727 ἀκριϐῶς
3268 2656 3521 2723 ἐξετάσαι

1830 2734 1940 2789 τῶν
1955 2736 2329 2792 ἀποστολικῶν
2352 2740 2565 2810 φρενῶν
2584 2740 2645 2793 τὸ
2666 2738 2848 2810 βάθος.
2874 2743 3008 2814 μηδὲ
3029 2746 3272 2799 συνιέναι
3293 2748 3392 2816 τὴν
3412 2746 3522 2801 τῶν

1834 2824 2097 2894 ῥημάτων
2120 2824 2378 2887 διάνοιαν,
2409 2826 2717 2881 διετέλεσαν
2747 2830 2839 2884 τὸν
2863 2831 3077 2885 ἅπαντα
3104 2834 3298 2904 χρόνον
3323 2835 3523 2890 νυστά-

1833 2910 2018 2977 ζοντες
2052 2914 2147 2968 καὶ
2171 2915 2528 2988 χασμὼμενοι
2559 2918 2656 2971 καὶ
2693 2919 2794 2988 τὴν
2823 2920 3070 2990 ἀμαθίαν
3089 2923 3361 2993 τιμῶντες
3386 2924 3523 2978 ταύ·

1830 3018 1953 3072 την,
1966 3002 2063 3073 οὑχ
2081 3003 2148 3074 ἥν
2163 3006 2191 3057 ό
2207 3003 2419 3069 Παῦλός
2436 3022 2602 3076 φησιν
2623 3001 2765 3060 εἶναι
2791 3007 3032 3080 ἀμαθὴς.
3052 3009 3170 3063 ἀλλ’
3183 3007 3250 3082 ἦς
3267 3010 3521 3066 τοσοῦτον

1831 3090 2079 3159 ἀπεῖχεν,
2103 3092 2227 3145 ὅσον
2257 3094 2379 3146 οὑδὲ
2408 3094 2568 3157 ἄλλος
2587 3112 2672 3158 τις
2695 3096 2803 3148 τῶν
2834 3095 2940 3149 ὑπὸ
2971 3097 3063 3149 τὸν
3085 3098 3313 3168 οὐρανὸν
3330 3099 3522 3155 τοῦτον

1831 3176 2154 3249 ἀνθρώπων.
2176 3179 2325 3253 [411]
2362 3181 2502 3233 Ἀλλ’
2521 3175 2677 3246 οὗτος
2700 3184 2797 3255 μὲν
2818 3186 2967 3255 ἡμᾶς
2989 3187 3070 3249 εἰς
3100 3187 3291 3260 καιρὸν
3311 3188 3338 3240 ὁ
3361 3188 3522 3259 λόγος

1832 3266 2170 3337 ἀναμενέτω,
2197 3269 2336 3333 τέως
2352 3269 2407 3323 δέ
2424 3270 2602 3323 ἐκεῖνό
2624 3289 2788 3343 φημι·
2808 3271 2991 3343 θῶμεν
3014 3276 3177 3327 αὑτὸν
3203 3271 3344 3331 εἶναι
3377 3275 3522 3331 ἰδιώ-

1830 3370 1932 3425 την
1959 3354 2118 3408 τοῦτο
2157 3355 2217 3409 τὸ
2247 3356 2438 3428 μέρος,
2472 3358 2612 3430 ὅπερ
2633 3360 2789 3413 αὑτοί
2818 3359 3120 3429 βούλονται·
3155 3363 3209 3416 τί
3242 3360 3337 3419 οῦν
3363 3365 3524 3418 τοῦτο

1833 3442 1971 3514 πρὸς
1994 3445 2122 3507 τοὺς
2142 3444 2345 3516 ἀνδρας
2360 3448 2488 3511 τοὺς
2510 3446 2637 3513 νῦν;
2685 3447 2924 3515 Ἐκεῖνος
2947 3451 3049 3522 μὲν
3074 3451 3183 3524 γὰρ
3204 3449 3349 3525 εἶχεν
3368 3456 3522 3525 ἰσχὺν

1832 3530 2015 3601 πολλῷ
2042 3530 2138 3585 τοῦ
2157 3531 2318 3602 λόγου
2339 3534 2562 3605 μείζονα
2591 3536 2688 3597 καὶ
2721 3536 2946 3593 πλείονα
2983 3539 3290 3612 δυναμένην
3319 3559 3522 3615 κατορ-

1833 3617 1979 3671 θοῦν·
2014 3621 2343 3692 φαινόμενος
2375 3623 2473 3694 μέν
2502 3624 2613 3696 γάρ
2649 3624 2809 3695 μόνον
2833 3628 2927 3681 καὶ
2959 3628 3150 3697 σιγῶν,
3184 3633 3297 3694 τοῖς
3329 3630 3524 3701 δαίμο-

1835 3722 1919 3759 σιν
1944 3702 2014 3779 ἦν
2045 3709 2299 3781 φοϐερός·
2318 3711 2368 3764 οἱ
2396 3711 2455 3765 δέ
2478 3711 2576 3766 νῦν
2609 3712 2813 3778 πάντες
2834 3714 2969 3786 ὁμοῦ
3006 3716 3354 3781 συνελθόντες
3385 3719 3525 3789 μετά

1837 3796 2051 3868 μυρίων
2071 3797 2247 3869 εὑχῶν
2269 3799 2366 3853 καὶ
2397 3799 2652 3873 δακρύων
2681 3803 2782 3857 οὑκ
2810 3803 2877 3858 ἂν
2901 3803 3181 3876 δυνηθεῖεν
3209 3807 3309 3860 ὅσα
3334 3806 3524 3877 ἴσχυσε

1834 3882 1903 3937 τὰ
1924 3884 2230 3955 σιμικίνθια
2255 3886 2473 3941 Παύλου
2510 3888 2667 3944 ποτέ.
2709 3893 2822 3945 Καὶ
2852 3891 3067 3957 Παῦλος
3104 3893 3203 3965 μὲν
3229 3894 3526 3963 εὐχόμενος

1835 3974 2067 4044 νεκροὺς
2112 3975 2330 4047 ἀνίστη,
2359 3978 2457 4030 καὶ
2490 3978 2630 4033 ἀλλα
2672 3979 3117 4052 ἐθαυματούργει
3154 3981 3402 4046 τοιαῦτα,
3447 3984 3523 4046 ὠς

1835 4061 1931 4114 καὶ
1968 4061 2091 4126 θεὸς
2117 4064 2450 4136 νομισθῆναι
2489 4066 2643 4141 παρά
2668 4071 2784 4132 τοῖς
2829 4068 3051 4133 ἔξωθεν·
3087 4070 3184 4123 καὶ
3217 4071 3346 4141 πρὶν
3370 4070 3401 4140 ἢ
3426 4070 3522 4123 τοῦ

1836 4146 1956 4217 βίου
1981 4153 2315 4223 μεταστῆναι
2344 4153 2558 4217 τούτου,
2586 4154 2900 4226 κατηξιώθη
2936 4156 3259 4227 άρπαγῆναι
3281 4157 3386 4220 ἕως
3402 4158 3523 4227 τρί-

1833 4252 1929 4290 του
1961 4238 2217 4307 ούρανοῦ,
2239 4242 2338 4295 καὶ
2374 4242 2640 4313 ῥημάτων
2684 4244 2995 4313 μετασχεῖν,
3021 4237 3097 4296 ὧν
3131 4245 3191 4297 οὑ
3227 4244 3386 4315 θέμις
3431 4246 3525 4299 ἀν-

1836 4322 2119 4396 θρωπείαν
2144 4328 2377 4383 ἀκοῦσαι
2424 4328 2609 4399 φύσιν.
2635 4332 2699 4383 Οἰ
2727 4331 2784 4384 δέ
2802 4330 2897 4384 νῦν
2920 4330 3074 4395 ὄντες
3091 4333 3230 4401 (ἀλλ’
3254 4332 3405 4387 οὐδὲν
3431 4333 3525 4387 δύ-

1834 4428 2004 4483 ναμαι
2036 4413 2294 4487 δυσχερὲς
2326 4417 2359 4458 h
2396 4419 2575 4473 εἰπεῖν
2617 4418 2741 4472 οὑδέ
2766 4418 2928 4489 βαρύ·
2964 4420 3059 4472 καὶ
3090 4419 3201 4491 γάρ
3229 4421 3322 4473 καὶ
3349 4420 3525 4475 ταῦτα

1834 4501 1937 4554 οὑκ
1973 4502 2327 4574 ἐπεμϐαίνων
2363 4506 2550 4571 αὑτοῖς
2576 4505 2722 4576 λέγω
2747 4504 2862 4571 νῦν,
2898 4506 3374 4579 ἀλλάθαυμάζων)
3406 4509 3524 4573 πῶς

1835 4589 1895 4642 οὑ
1924 4590 2261 4663 φρίττουσιν,
2286 4595 2443 4667 ἀνδρί
2464 4595 2770 4668 τηλικούτῳ
2793 4595 3171 4669 παραϐάλλὸντ
3181 4614 3237 4660 ες
3260 4598 3519 4664 ἑαυτούςὲ

1786 4681 1797 4685 “
1836 4677 1902 4732 Εἰ
1928 4680 2039 4751 γὰρ
2070 4681 2166 4734 καὶ
2202 4682 2273 4736 τὰ
2313 4681 2569 4754 θαύματα
2610 4684 2862 4753 ἀφέντες,
2900 4687 2994 4738 ἐπὶ
3014 4685 3107 4738 τὸν
3134 4685 3247 4756 βίον
3275 4685 3523 4758 ἔλθοιμεν

1834 4766 1931 4820 τοῦ
1957 4770 2254 4843 μακαρίου,
2283 4772 2379 4825 καὶ
2406 4774 2507 4844 τὴν
2537 4771 2817 4827 πολιτείαν
2844 4774 3205 4845 ἐξετάσαιμεν
3230 4775 3393 4828 αὑτοῦ
3425 4776 3522 4846 τὴν

1835 4855 2159 4931 ἀγγελικὴν,
2183 4860 2278 4914 καὶ
2308 4862 2365 4913 ἐν
2391 4860 2565 4933 ταύτῃ
2587 4861 2808 4932 μᾶλλον.
2834 4863 2868 4933 ἢ
2894 4864 2951 4916 ἐν
2980 4865 3093 4926 τοῖς
3118 4862 3386 4935 σημείοις,
3402 4862 3522 4931 ὄψει

1835 4944 2074 5000 νικῶντα
2101 4947 2193 5001 τὸν
2221 4947 2460 5019 ἀθλητὴν
2487 4947 2582 5001 τοῦ
2611 4947 2850 5020 Χριστοῦ
2875 4950 2918 5002 ί.
2950 4947 3017 5001 Τί
3041 4948 3148 5020 γάρ
3193 4952 3255 5006 ἀν
3275 4966 3357 5012 τις
3377 4949 3522 5001 εἴποι

1835 5033 1927 5087 τὸν
1956 5033 2142 5104 ζῆλον,
2172 5035 2275 5105 τὴν
2296 5036 2621 5100 ἐπιείκειαν,
2651 5037 2777 5100 τοὺς
2820 5040 3063 5107 συνεχεῖς
3089 5036 3388 5101 κινδύνους,
3421 5036 3522 5099 τάς

1835 5122 2174 5195 ἐπαλλήλους
2198 5123 2504 5196 φροντίδας,
2541 5124 2640 5187 τὰς
2671 5123 3051 5189 άδιαλείπτους
3072 5125 3211 5195 ὑπὲρ
3242 5125 3352 5177 τῶν
3398 5126 3522 5179 Ἐκ-

1836 5210 2076 5281 κλησιῶν
2100 5211 2362 5282 ἀθυμίας,
2389 5212 2451 5264 τὸ
2466 5211 2601 5283 πρὸς
2630 5212 2758 5275 τοὺς
2796 5210 3044 5276 ἀσθενεῖς
3084 5213 3390 5284 συμπαθὲς,
3420 5214 3521 5277 τὰς

1836 5298 2040 5363 πολλὰς
2077 5299 2308 5369 θλίψεις,
2335 5300 2462 5364 τοὺς
2492 5299 2841 5371 καινοτέρους
2884 5300 3180 5370 διωγμοὺς,
3220 5303 3347 5364 τοὺς
3379 5302 3518 5355 καθ-

1834 5390 2133 5462 ημερινοὺς
2155 5387 2450 5453 θανάτους;
2472 5388 2569 5452 Τίς
2595 5387 2705 5458 γὰρ
2727 5387 2892 5452 τόπος
2912 5389 3010 5459 τῆς
3028 5388 3373 5459 οἰκουμένης,
3388 5389 3519 5443 ποία

1835 5477 2085 5549 ῆπειρος,
2114 5476 2245 5529 ποία
2275 5473 2516 5529 θάλαττα
2545 5473 2640 5528 τοῦ
2671 5474 2882 5528 δικαίου
2916 5474 3108 5529 τούτου
3151 5476 3279 5538 τοὺς
3320 5474 3518 5539 ἄθλους

1835 5564 2139 5635 ὴγνόησεν;
2175 5562 2414 5616 Ἐκεῖνον
2449 5562 2545 5617 καὶ
2583 5564 2617 5633 ἡ
2661 5562 2916 5635 ἀοίκητος
2946 5562 3111 5633 ἔγνω,
3140 5562 3520 5619 κινδυνεύοντα

1833 5652 2101 5725 δεξαμένη
2127 5650 2409 5715 πολλάκις.
2437 5652 2555 5705 Πᾶν
2581 5650 2692 5725 γὰρ
2706 5649 2849 5717 εἶδος
2881 5654 3174 5724 ὑπέμεινεν
3204 5655 3518 5727 ἐπιϐουλῆς,

1905 5755 1927 5831 f
1960 5758 2045 5808 Sic
2079 5756 2253 5831 Savilu
2297 5770 2474 5820 magna
2512 5771 2625 5820 pars
2666 5772 2782 5809 mss.
2806 5756 2981 5817 ταύτην
3004 5775 3080 5808 σοι
3104 5761 3316 5825 κατορθη
3344 5759 3509 5813 Morel.

1837 5822 2009 5877 ταύτην
2027 5822 2215 5884 κατορθ.

1901 5885 1926 5921 5
1950 5883 2046 5931 Alii
2071 5883 2366 5931 ἀπολώλεκε.

1900 5941 1927 5982 λ
1959 5945 2056 6008 Μῇὶ
2080 5944 2215 6008 οὐδὲν
2237 5944 2466 6008 βούλομαι
2490 5945 2631 6008 δυσχ.

1884 6078 1894 6086 .
1907 6016 1924 6048 ι
1954 6006 2053 6059 Alii
2073 6004 2277 6067 ἁθλητῆν
2298 6005 2385 6056 τοῦ
2406 6004 2552 6056 Θεοῦ.
