3942 6358
465 367 570 423 δύο

465 484 559 536 καὶ
577 482 755 538 πάντα
778 484 978 554 τρόπον
1011 483 1215 554 ἐπῆλθε
1250 483 1430 555 νίκης·
1456 484 1551 550 καὶ
1572 482 1697 538 οὔτε
1720 483 2145 554 ἀγωνιζόμενος,

464 569 590 623 οὔτε
618 571 1056 641 στεφανούμενος
1087 571 1293 624 διέλιπέ
1343 588 1493 626 ποτε.
1538 570 1699 625 Ἀλλά
1739 571 1847 641 γάρ
1884 571 1984 625 οὑκ
2032 565 2149 629 οἶδα

470 660 587 723 πῶς
637 660 731 712 τὸν
771 658 941 727 ἄνδρα
981 658 1267 730 προήχθην
1308 656 1571 729 ὑϐρίζειν.
1608 657 1689 713 Τὰ
1733 657 1843 729 γὰρ
1871 655 2147 729 κατορθώ-

470 765 618 819 ματα
644 746 810 802 αὑτοῦ
843 747 1022 800 πάντα
1061 746 1159 817 μὲν
1205 744 1524 815 ὑπερϐαίνει
1549 744 1727 813 λόγον,
1748 744 1840 801 τὸν
1868 745 1926 799 δὲ
1947 744 2148 815 ἡμέτε-

466 858 561 913 ρον
579 839 851 899 τοσοῦτον,
872 839 997 891 ὅσον
1030 836 1124 889 καὶ
1140 835 1286 904 ἡμᾶς
1313 834 1363 886 οἰ
1391 833 1569 904 λέγειν
1598 833 1817 896 εἰδότες.
1850 834 1999 903 Πλὴν
2012 833 2150 887 ἀλλά

465 930 561 984 καὶ
599 928 774 990 οὑτως
808 925 954 995 (οὑδέ
988 922 1098 993 γὰρ
1137 921 1246 975 ἀπὸ
1271 920 1371 992 τῆς
1396 921 1695 985 ἐκϐάσεως,
1726 921 1863 976 άλλά
1891 922 1999 975 ἀπὸ
2044 922 2148 991 τῆς

464 1014 840 1088 προαιρέσεως
871 1012 1016 1084 ἡμᾶς
1040 1012 1068 1063 ὁ
1091 1008 1360 1080 μακάριος
1393 1011 1590 1080 κρινεῖ)
1618 1010 1718 1062 οὑκ
1742 1009 2145 1079 ἀποστήσομαι,

463 1105 571 1168 ἓως
599 1104 667 1158 ἂν
688 1102 827 1157 εἴπω
853 1099 1030 1163 τοῦτο,
1070 1098 1099 1152 δ
1126 1096 1368 1167 τοσούτῳ
1413 1095 1522 1149 τῶν
1560 1095 1866 1167 εἰρημένων
1899 1097 2146 1166 κρεῖττόν

460 1196 633 1254 ἐστιν,
665 1191 788 1244 ὅσον
823 1188 1083 1243 ἀπάντων
1125 1184 1431 1255 ἀνθρώπων
1476 1185 1704 1247 ἐκεῖνος.
1760 1182 1827 1236 Τί
1867 1178 1959 1236 οῦν
1987 1182 2146 1237 τοῦτό

464 1285 647 1343 ἐστιν;
678 1277 836 1334 Μετὰ
867 1275 1105 1331 τοσαῦτα
1139 1270 1564 1344 κατορθώματα,
1595 1270 1733 1342 μετά
1760 1272 1887 1334 τοὺς
1914 1271 2144 1343 μυρίους

465 1370 762 1436 στεφάνους
782 1365 988 1438 ηὑξατο
1017 1366 1098 1427 εἰς
1119 1363 1347 1431 γέενναν
1377 1360 1654 1426 ἀπελθεῖν,
1690 1362 1786 1414 καὶ
1804 1359 2009 1431 αἰωνίῳ
2037 1377 2143 1414 πα-

466 1456 757 1532 ραδοθῆναι
799 1454 1041 1518 κολάσει,
1074 1451 1218 1523 ὑπὲρ
1251 1449 1346 1504 τοῦ
1383 1452 1511 1515 τοὺς
1542 1449 1803 1515 πολλάκις
1842 1448 2007 1503 αὑτὸν
2048 1450 2143 1504 καὶ

463 1546 807 1607 λιθάσαντας.
861 1543 953 1595 καὶ
1008 1539 1315 1601 ἀνελόντας,
1355 1537 1417 1590 τό
1463 1554 1526 1607 γε
1556 1536 1736 1591 αὑτῶν
1780 1537 1970 1607 μέρος,
2011 1537 2140 1590 Ἴου.

460 1616 643 1697 δαίους
673 1632 932 1702 σωθῆναι,
963 1628 1059 1683 καὶ
1088 1626 1166 1698 τῷ
1199 1623 1420 1697 Χριστῷ
1457 1624 1796 1694 προσελθεῖν.
1818 1624 1912 1688 Τίς
1967 1623 2141 1688 οὕτως

460 1723 698 1794 ἐπόθησε
719 1720 811 1776 τὸν
840 1716 1112 1791 Χριστόν;
1139 1716 1194 1769 ετ
1207 1730 1271 1783 γε
1311 1712 1478 1767 πόθον
1508 1713 1641 1767 αὐτὸ
1671 1714 1753 1767 δεῖ
1782 1713 1988 1777 καλεῖν,
2021 1712 2139 1766 ἀλλ’

459 1814 555 1883 οὑχ
579 1808 764 1882 ἕτερόν
797 1824 849 1861 τι
872 1804 968 1859 τοῦ
1001 1802 1166 1858 πόθου
1191 1800 1373 1856 πλέον.
1409 1802 1532 1855 Ἔτι
1557 1796 1650 1855 οὖν
1686 1803 1911 1866 ἑαυτοὺς
1944 1802 2139 1875 ἐκείνῳ

460 1916 573 1972 παρ
585 1889 889 1970 ιϐαλοῦμεν
915 1905 1054 1966 μετα
1077 1892 1176 1966 τὴν
1201 1891 1472 1963 τοσαύτην
1494 1891 1677 1963 χάριν,
1707 1892 1772 1963 ἢν
1790 1891 1984 1945 ἔλαϐεν
2000 1893 2139 1946 ἄνω·-

458 1985 573 2047 θεν,
603 1984 744 2057 μετά
770 1984 871 2055 τὴν
903 1981 1174 2052 τοσαύτην
1199 1980 1423 2052 ἀρετὴν,
1457 1980 1523 2051 ἢν
1553 1979 1764 2034 οἴκοθεν
1790 1980 2134 2048 ἐπεδείξατο;

460 2073 569 2127 Καὶ⁸
599 2072 654 2125 τί
687 2070 877 2125 τούτου
923 2068 1126 2137 γένοιτ’
1176 2066 1244 2121 ἂν
1286 2066 1681 2138 τολμηρότερον
1695 2083 1710 2132 ;
1763 2065 1886 2120 Ὅτι
1918 2066 1976 2120 δὲ
2016 2068 2137 2122 οὐδὲ

456 2158 631 2223 οὑτως
660 2171 686 2199 ι
715 2153 781 2229 ἦν
815 2156 1051 2227 ἰδιώτης,
1083 2154 1160 2218 ὡς
1193 2146 1340 2208 οὗτοι
1379 2152 1680 2226 νομίζουσι,
1712 2154 1808 2207 καί
1841 2152 1998 2207 τοῦτο
2029 2153 2138 2208 λοι-

461 2247 560 2299 πον
591 2244 874 2312 ἀποδεῖξαι
908 2241 1265 2314 πειράσομαι.
1296 2233 1457 2296 Οὗτοι
1499 2241 1598 2313 μὲν
1635 2241 1744 2312 γάρ
1776 2240 1836 2294 ού
1866 2240 2024 2312 μόνον
2048 2241 2136 2295 τὸν

460 2336 560 2389 οὑκ
596 2334 908 2404 ἠσκημένον
942 2332 1041 2401 τὴν
1072 2329 1181 2383 τῶν
1208 2325 1408 2397 ἔξωθεν
1457 2328 1630 2396 λόγων
1678 2328 1964 2400 τερθρείαν
1995 2328 2137 2383 ἰδιώ-

456 2439 558 2493 την
588 2420 864 2485 καλοῦσιν,
896 2419 1034 2474 ἀλλά
1080 2417 1175 2472 καὶ
1207 2417 1298 2470 τὸν
1323 2417 1423 2470 οὑκ
1460 2417 1636 2471 εἰδότα
1668 2416 1939 2488 μάχεσθαι
1994 2418 2136 2491 ὑπὲρ

456 2510 564 2565 τῶν
596 2510 697 2579 τῆς
735 2508 989 2579 ἀληθείας
1015 2503 1321 2578 δόγμάτων·
1354 2507 1451 2560 καὶ
1474 2505 1654 2570 καλῶς
1687 2503 2020 2577 νομίζουσιν.
2077 2508 2135 2561 '0

454 2599 512 2652 δὲ
540 2598 752 2662 Παῦλος
774 2598 875 2651 οὑκ
897 2598 953 2650 ἐν
982 2596 1317 2667 ἀμφοτέροις
1333 2592 1482 2667 μη]
1507 2593 1707 2665 ἔφησεν
1729 2593 1945 2667 ἰδιώτης
1972 2592 2134 2663 εἶναι,

454 2688 569 2741 ἀλλ’
599 2689 657 2742 ἐν
681 2686 896 2758 θατέρῳ
925 2685 1108 2757 μόνον·
1135 2686 1232 2739 καὶ
1269 2685 1428 2739 τοῦτο
1451 2684 1902 2755 ἀσφαλιζόμενος,
1934 2685 2023 2739 τὸν
2058 2687 2137 2741 δι-

450 2777 682 2852 ορισμὺν
728 2774 976 2847 ἀκριϐῶς
1023 2773 1353 2845 πεποίηται,
1396 2771 1573 2841 λέγων
1619 2772 1698 2844 τῷ
1740 2771 1885 2847 λόγῳ
1922 2772 2137 2846 ἰδιώτης

449 2863 820 2933 εἷναι,ἀλλόὑ
849 2864 916 2935 τῇ
948 2860 1170 2932 γνώσει.
1213 2859 1356 2929 Ἐγὼ
1415 2860 1473 2914 δέ
1510 2861 1559 2913 εἰ
1597 2860 1697 2932 μὲν
1743 2860 1840 2933 τὴν
1886 2861 2135 2934 λειότητα

462 2952 803 3024 Ἰσοκράτους
843 2950 872 2991 ι’
897 2950 1160 3023 ἀπῄτουν,
1185 2950 1280 3004 καὶ
1311 2949 1402 3003 τὸν
1428 2949 1805 3020 Δημοσθένους
1832 2949 2015 3017 ὄγκον,
2041 2952 2134 3005 καὶ

449 3041 549 3111 τὴν
578 3039 900 3093 Θουκυδίδου
933 3038 1262 3109 σεμνότητα,
1304 3038 1399 3090 καὶ
1428 3037 1488 3090 τὸ
1525 3037 1813 3104 Πλάτωνος
1841 3038 1997 3108 ὕψος,
2027 3040 2133 3094 ἔδει

450 3128 637 3199 φέρειν
664 3129 745 3193 εἰς
771 3128 935 3199 μέσον
958 3126 1162 3197 ταύτην
1188 3124 1283 3179 τοῦ
1322 3125 1537 3179 Παύλου
1564 3127 1663 3197 τὴν
1693 3130 2018 3200 μαρτυρίαν·
2038 3129 2133 3182 νῦν

451 3218 509 3271 δὲ
538 3218 723 3272 ἐκεῖνα
767 3217 864 3288 μὲν
899 3216 1077 3269 πάντα
1096 3215 1297 3285 ἀφίημι
1322 3215 1423 3268 καὶ
1462 3215 1556 3268 τὸν
1583 3216 1875 3290 περίεργον
1906 3217 2015 3271 τῶν
2049 3218 2131 3286 ἐξ·

450 3304 590 3360 ωθεν
621 3304 1006 3375 καλλωπισμὸν
1024 3343 1039 3363 ,
1091 3304 1186 3357 καὶ
1211 3303 1364 3357 οὐδέν
1396 3321 1488 3374 μοι
1515 3304 1771 3375 φράσεως
1800 3306 1923 3359 οὑδὲ
1948 3309 2133 3375 ἀπαγ-

451 3394 635 3462 γελίας
656 3397 678 3426 ε
712 3391 885 3463 μέλει.
942 3390 1082 3444 Ἀλλ’
1129 3388 1333 3455 ἐξέστω
1364 3391 1460 3445 καὶ
1494 3394 1561 3464 τῇ
1618 3392 1761 3459 λέξει
1806 3397 2130 3465 πτωχεύειν,

451 3484 546 3535 καί
576 3483 676 3553 τὴν
708 3480 985 3552 συνθήκην
1015 3478 1125 3532 τῶν
1164 3478 1446 3548 ὀνομάτων
1476 3481 1653 3549 ἁπλῆν
1694 3499 1817 3535 τινα
1849 3479 1992 3537 εἰναι
2036 3487 2132 3542 καί

449 3571 646 3642 ἀφελῆ,
673 3569 835 3641 μόνον
863 3568 937 3640 μὴ
963 3570 1029 3640 τῇ
1074 3566 1276 3637 γνώσει
1326 3587 1411 3633 τις
1446 3571 1542 3623 καὶ
1584 3573 1651 3642 τῇ
1690 3571 1800 3624 τῶν
1842 3573 2130 3644 δογμάτων

447 3658 701 3735 ἀκριϐείᾳ
749 3657 964 3728 ἰδιώτης
1020 3656 1181 3711 ἔστω·
1215 3658 1361 3729 μηδ’,
1393 3659 1481 3712 ἴνα
1525 3660 1627 3731 τὴν
1679 3661 1885 3716 οἰκείαν
1930 3665 2131 3735 ἀργίαν

448 3746 782 3823 ἐπικαλύψη,
804 3745 895 3799 τὸν
920 3744 1189 3816 μακάριον
1206 3747 1412 3799 ἐκεῖνον
1427 3747 1765 3818 ἀφαιρείσθω
1783 3749 1845 3803 τὸ
1870 3752 2128 3823 μέγιστον

446 3821 567 3891 τῶν
581 3835 804 3905 ἀγαθῶν
835 3835 930 3888 καὶ
956 3833 1017 3887 τὸ
1037 3833 1145 3887 τῶν
1173 3834 1467 3906 ἐγκωμίων
1491 3836 1805 3904 κεφάλαιον.

516 3924 584 3989 ξ’.
602 3922 774 3978 Πόθεν
786 3921 920 3995 γάρ,
938 3921 1061 3975 εἰπέ
1079 3938 1192 3993 μοι,
1215 3921 1344 3988 τοὺς
1373 3922 1662 3989 Ἰουδαίους
1680 3926 1903 3998 συνέχεε
1918 3930 2046 3995 τοὺς
2066 3933 2131 3988 ἐν

445 4010 723 4085 Δαμασκῷ
757 4009 1172 4075 κατοικοῦντας,
1206 4010 1421 4064 οὐδέπω
1454 4011 1563 4066 τῶν
1597 4013 1843 4083 σημείων
1884 4016 2126 4089 ἀρξάμε-

442 4118 570 4167 νος;
609 4101 774 4155 πόθεν
800 4101 926 4163 τοὺς
967 4099 1315 4171 Ἑλληνιστάς
1339 4099 1706 4154 κατεπάλαισε
1728 4118 1742 4168 ;
1766 4103 1854 4157 διά
1882 4105 1935 4157 τί
1962 4105 2017 4161 δὲ
2044 4110 2127 4173 εἰς

444 4190 656 4263 Ταρσὸν
683 4188 1057 4260 ἐξεπέμπετο;
1089 4188 1191 4241 οὑκ
1217 4187 1408 4261 ἐπειδὴ
1455 4190 1598 4243 κατά
1622 4190 1822 4261 κράτος
1859 4192 2012 4248 ἐνίκα
2046 4196 2124 4268 τῷ

441 4278 607 4348 λόγῳ,
633 4279 729 4334 καὶ
765 4279 847 4341 εἰς
877 4275 1133 4331 τοσοῦτον
1156 4277 1354 4341 αὐτοὺς
1383 4276 1635 4348 ἤλαυνεν,
1676 4278 1752 4343 ὡς
1797 4283 1890 4335 καὶ
1917 4284 1997 4347 εἰς
2027 4285 2125 4354 φό-

443 4384 532 4420 νον
556 4366 984 4436 παροξυνθῆναι,
1024 4364 1102 4437 μὴ
1152 4366 1418 4437 φέροντας
1467 4366 1568 4439 τὴν
1606 4362 1810 4441 ἦτταν;
1859 4371 2125 4429 Ἐνταῦθα

441 4455 550 4527 γὰρ
569 4456 784 4509 οὐδέπω
808 4454 901 4508 τοῦ
927 4454 1203 4525 θαυματου
1214 4458 1361 4526 ργεῖν
1405 4455 1628 4526 ἤρξατο,
1652 4457 1762 4512 οὐδ’
1792 4458 1858 4512 ἂν
1881 4459 1994 4532 ἔχοι
2035 4481 2120 4529 τις

442 4543 616 4595 εἰπεῖν
635 4544 717 4594 ὃτι
751 4542 861 4596 ἀπὸ
893 4542 990 4609 τῆς
1024 4540 1154 4611 περὶ
1187 4541 1256 4594 τὰ
1282 4541 1547 4612 τεράστια
1595 4544 1756 4616 δόξης
1806 4546 2120 4619 θαυμαστὸν

442 4630 604 4683 αὑτὸν
639 4628 870 4701 ἡγοῦντο
901 4625 930 4666 ά
956 4630 1005 4682 οἰ
1037 4627 1241 4690 πολλοὶ,
1273 4630 1367 4682 καὶ
1389 4631 1439 4682 οί
1477 4632 1772 4704 μαχόμενοι
1793 4636 1930 4705 πρὸς
1954 4638 2119 4692 αὑτὸν

443 4718 551 4771 ἀπὸ
574 4717 673 4787 τῆς
718 4716 1042 4786 ὑπολήψεως
1068 4715 1448 4788 ηπηρεάζοντο
1473 4717 1569 4772 τοῦ
1597 4720 1811 4792 ἀνδρὸς
1844 4723 1982 4788 τέως
2008 4725 2145 4801 γὰρ·

441 4805 549 4859 ἀπὺ
573 4804 667 4857 τοῦ
711 4802 892 4873 λέγειν
917 4804 1077 4875 μόνον
1108 4803 1349 4875 ἐκράτει.
1387 4805 1531 4877 Πρὸς
1575 4806 1633 4860 δὲ
1671 4809 1797 4873 τοὺς
1832 4810 2117 4878 ἰουδαΐζειν

438 4891 849 4964 ἐπιχειροῦντας
882 4894 940 4946 ἐν
981 4891 1287 4962 Ἀντιοχείᾳ
1324 4893 1488 4946 πόθεν
1527 4894 1827 4963 ἠγωνίζετο
1855 4901 1943 4954 καὶ
1985 4917 2116 4954 συν-

437 4980 651 5052 εζήτει;
699 4981 760 5034 Ὅ
788 4980 844 5034 δὲ
885 4979 1282 5052 ’Δρεοπαγίτης
1314 4981 1540 5047 ἐκεῖνος,
1590 4985 1618 5036 ὁ
1653 4987 1753 5056 τῆς
1788 4985 2116 5062 δεισιδαιμο-

436 5072 697 5141 νεστάτης
751 5070 960 5134 πόλεως
1008 5069 1248 5142 ἐκείνης,
1302 5071 1401 5124 οὑκ
1438 5072 1546 5125 ἀπὸ
1572 5073 1911 5147 δημηγορίας
1945 5079 2115 5150 μόνης

436 5159 803 5230 ἠκολούθησεν
826 5156 974 5229 αὑτῷ
1011 5157 1151 5230 μετὰ
1183 5159 1282 5231 τῆς
1336 5162 1625 5228 γυναικός;
1674 5164 1731 5217 '0
1764 5164 1821 5219 δὲ
1875 5165 2113 5238 Εὔτυχος

437 5246 553 5310 πῶς
586 5246 885 5300 κατέπεσεν
915 5246 1022 5298 ἀπὸ
1044 5246 1143 5316 τῆς
1183 5245 1431 5318 θυρίδος;
1462 5249 1562 5301 οὑκ
1592 5250 1778 5321 ἐπειδὴ
1815 5252 1981 5323 μέχρι
2017 5255 2113 5324 βα-

436 5333 583 5398 θείας
611 5334 805 5395 νυκτὸς
833 5335 913 5398 είς
940 5333 1031 5386 τὸν
1058 5333 1159 5403 τῆς
1187 5333 1535 5399 διδασκαλίας
1561 5336 1724 5389 αὑτοῦ
1752 5340 2113 5410 ἀπησχολεῖτο

435 5420 588 5492 λόγον
606 5441 624 5490 ;
667 5421 731 5475 Τί
763 5421 822 5475 δέ
853 5422 911 5475 ἐν
953 5422 1321 5497 Θεσσαλονίκη
1355 5425 1446 5480 καί
1479 5426 1538 5478 ἐν
1567 5426 1854 5499 Κορίνθῳ;
1884 5429 1937 5483 τί
1969 5429 2025 5484 δὲ
2053 5432 2111 5485 ἐν

492 5630 624 5703 ξ
646 5629 779 5703 δεινῇ
819 5639 873 5703 eg
892 5635 1093 5703 οισι-ἱειιὶ
1114 5650 1256 5703 mss,
1281 5638 1453 5703 Morel.
1483 5653 1602 5690 vero
1623 5641 1777 5701 οὗτος.

491 5688 518 5773 Ξ
544 5688 998 5773 ἑξέίτῄἔλογιρτίητα
1027 5688 1413 5762 ἰσοκράτὀυς,⁷αι.
1428 5704 1514 5761 τήν
1534 5688 1788 5766 λόγιᾶἧῶ
1810 5708 2102 5773 Σωκράτους.

491 5754 517 5815 ιζ
542 5751 931 5815 Λ-Ιίἱῄἀπολογίας.

490 5810 516 5853 ἀ
536 5811 624 5862 Sic
640 5812 789 5864 Savil.
815 5810 869 5865 οι
885 5818 1074 5877 aliquot
1095 5833 1207 5871 mss.
1236 5822 1407 5875 Morel.
1434 5838 1552 5876 vero
1569 5826 1703 5889 ἦγον.

1257 368 1315 422 S.
1357 366 1647 424 JOANNIS
1686 365 2185 424 CHRYSOSTOMI
2223 368 2553 431 ARCHIEP.
2590 374 3151 439 CONSTANTINOP.
3612 358 3628 380 ‘
3812 395 3890 453 67(

2276 486 2486 578 Ἐφέσῳ
2516 493 2609 545 καὶ
2640 494 2698 547 ἐν
2741 496 2879 568 αὑτῇ
2910 499 2977 569 τῇ
3025 498 3245 572 Ῥώμῃ;
3282 501 3380 574 οὑχ
3404 503 3550 568 κόλας
3586 505 3786 578 ἡμέρας
3821 512 3890 567 καί

2257 576 2457 643 νύκτας
2491 580 2781 652 ἀνήλισκεν
2827 583 3024 656 ἐφεξῆς
3038 588 3121 655 εἰς
3148 588 3245 661 τὴν
3270 588 3529 663 ἐξήγησιν
3544 576 3649 648 τῶν
3669 576 3890 668 Memmi;

2258 668 2323 723 Τί
2351 669 2416 723 ἄν
2448 688 2532 737 τις
2558 671 2711 745 λέγοι
2738 674 2837 738 τὰς
2878 677 3016 748 πρὸς
3059 679 3186 743 τοὺς
3238 680 3642 754 Ἐπικουρείους
3669 685 3890 755 διαλέξεις

2256 759 2353 814 καὶ
2379 759 2683 831 Στωϊκούς;
2723 764 2786 819 Εἰ
2814 764 2924 837 γὰρ
2958 765 3175 825 ἅπαντα
3204 768 3454 841 θέλοιμεν
3484 772 3808 843 καταλέγειν,
3832 782 3890 845 εἰς

2257 847 2470 918 μακρὸν
2491 849 2806 907 ἐκπεσεῖται
2833 854 3007 924 μῆκος
3031 856 3061 909 ὁ
3080 854 3256 925 λόγος.
3279 858 3447 913 Ὅταν
3460 856 3554 914 οὖν
3584 863 3676 915 καί
3696 864 3792 936 πρὸ
3811 867 3890 923 τῶν

2256 936 2502 1025 σημείων
2536 940 2632 994 καὶ
2654 941 2715 993 ἐν
2741 940 2928 1012 μέσοις
2947 944 3129 1007 αὐτοῖς
3162 946 3423 1017 φαίνηται
3445 948 3624 1021 πολλῷ
3652 957 3890 1025 κεχρημέ-

2255 1040 2345 1088 νος
2377 1023 2454 1096 τῷ
2504 1025 2670 1098 λόγῳ,
2711 1029 2830 1099 πῶς
2858 1029 2941 1084 [τι
2993 1031 3356 1104 τολμήσουσιν
3392 1035 3606 1108 ἰδιώτην
3636 1023 3890 1097 εἰπείνγτὸυ

2254 1111 2352 1164 καὶ
2378 1112 2488 1166 ἀπὸ
2520 1114 2619 1169 τοῦ
2649 1115 2996 1186 διαλέγεσθαι
3040 1121 3138 1174 καὶ
3164 1121 3502 1194 δημηγορεῖν
3533 1125 3758 1198 μάλιστα
3788 1128 3890 1182 θαυ-

2255 1199 2530 1269 μασθέντα
2554 1203 2708 1275 παρά
2729 1207 2865 1259 πᾶσι
2885 1207 3017 1269 ;Διά
3030 1207 3084 1262 τί
3105 1207 3216 1282 γὰρ
3238 1211 3522 1275 Λυκάονες
3544 1214 3700 1267 αὑτὸν
3723 1215 3890 1270 ὑπέλα-

2253 1286 2347 1339 60v
2379 1283 2524 1344 εἰναι
2567 1291 2810 1365 Ἐρμῆν;
2846 1294 2921 1349 Τὸ
2952 1295 3053 1365 μὲν
3085 1297 3195 1370 γάρ
3233 1296 3393 1363 θεοὺς
3434 1300 3633 1365 αὑτοὺς
3673 1304 3889 1374 νομισθῆ-

2250 1391 2340 1462 ναι
2374 1376 2484 1431 ἀπὸ
2506 1378 2615 1433 τῶν
2642 1380 2884 1452 σημείων
2909 1382 3147 1450 ἐγένετο,
3182 1385 3243 1439 τὸ
3261 1386 3319 1441 δέ
3347 1386 3538 1443 τοῦτον
3580 1390 3789 1462 Ἑρμῆν,
3809 1394 3889 1445 οὐκ

2250 1461 2333 1516 ἔτι
2361 1464 2457 1517 ἀπ’
2496 1466 2723 1521 ἐκείνων
2751 1469 2989 1538 ἐγένετο,
3012 1471 3128 1524 ἀλλ’
3146 1473 3257 1527 ἀπὸ
3279 1474 3374 1527 τοῦ
3403 1474 3585 1545 λόγου.
3618 1461 3728 1532 Τίνι
3750 1479 3888 1534 δὲκαὶ

2248 1549 2358 1603 τῶν
2391 1550 2568 1606 ἄλλων
2590 1554 2907 1610 ἀποστόλων
2931 1557 3358 1633 ἐπλεονέκτησεν
3387 1564 3416 1616 ὁ
3444 1564 3706 1635 μακάριος
3729 1560 3884 1633 οὖτοςς

2249 1638 2343 1691 καὶ
2365 1638 2527 1694 πόθεν
2542 1640 2646 1695 ἀνὰ
2658 1642 2756 1713 τὴν
2772 1645 3099 1721 οἰκουμένην
3120 1644 3337 1703 ἅπασαν
3361 1650 3529 1715 πολὺς
3554 1653 3611 1704 ἐν
3629 1656 3731 1717 τοῖς
3748 1654 3882 1709 ἁπάνι

2246 1740 2356 1781 των
2381 1729 2499 1782 ἐστὶ
2526 1729 2789 1800 στόμασιν
2810 1748 2825 1797 ;
2851 1733 3016 1788 πόθεν
3038 1734 3100 1787 οὐ
3134 1737 3265 1808 παρ’
3309 1739 3441 1807 ἡμῖν
3473 1742 3650 1809 μόνον.
3670 1740 3791 1795 ἀλλά
3809 1744 3882 1796 καὶ

2246 1813 2401 1885 παρὰ
2415 1815 2692 1882 Ἰουδαίοις
2715 1820 3041 1895 καὶἚλλησι
3067 1822 3303 1895 μάλιστα
3325 1824 3544 1882 πάντων
3560 1826 3878 1900 θαυμάζεταις

2245 1901 2348 1956 οὑκ
2379 1903 2489 1958 ἀπὸ
2516 1906 2615 1976 τῆς
2638 1907 2748 1961 τῶν
2792 1909 3096 1964 ἐπιστολῶν
3126 1910 3353 1983 ἀρετῆς,
3388 1908 3540 1986 δι’ἦς
3563 1916 3623 1968 οὑ
3649 1914 3762 1979 τοὺς
3784 1914 3878 1969 τότε

2248 1990 2407 2059 μόνον
2442 1995 2686 2059 πιστοὺς,
2711 1995 2957 2053 ἀλλὰκαὶ
2983 1998 3110 2062 τοὺς
3133 1999 3192 2065 ἐξ
3218 2000 3430 2075 ἐκείνου
3452 2001 3613 2075 μέχρι
3638 2003 3728 2073 τῆς
3746 2004 3876 2073 σήμε-

2249 2094 2342 2148 ρον
2372 2082 2718 2153 γενομένους,
2740 2084 2982 2149 καὶτοὺς
3005 2086 3301 2157 μέλλοντας
3326 2088 3385 2143 δὲ
3404 2088 3621 2146 ἔσεσθαι
3647 2090 3788 2161 μέχρι
3803 2092 3873 2161 τῆς

2245 2167 2484 2241 ἐσχάτης
2526 2181 2550 2208 ο
2572 2168 2668 2225 τοῦ
2706 2171 2947 2242 Χριστοῦ
2980 2175 3281 2248 παρουσίας
3310 2176 3564 2247 ὠφέλησέ
3584 2193 3641 2230 τε
3661 2178 3744 2231 καὶ
3765 2177 3875 2246 ὠφε·

2244 2253 2419 2325 λήσει,
2440 2258 2534 2311 καὶ
2560 2259 2623 2311 οὑ
2638 2259 2907 2314 παύσεται
2932 2262 3091 2319 τοῦτο
3119 2264 3289 2321 ποιῶν
3311 2264 3418 2329 ἕως
3436 2264 3502 2323 ἂν
3517 2264 3578 2320 τὸ
3592 2265 3690 2319 τῶν
3709 2264 3875 2337 ἀνθρώ·

2245 2358 2364 2397 πων
2389 2344 2826 2418 διαμένῃγένοςς
2853 2350 3064 2423 Ὠσπερ
3082 2349 3230 2428 [415]
3245 2353 3543 2425 γάρτεῖχος
3553 2354 3610 2421 ἐξ
3623 2354 3873 2424 ἀδάμαντος

2245 2435 2708 2500 κατασκευασθὲν,
2727 2434 2871 2493 οὕτω
2900 2439 3001 2502 τὰς
3032 2439 3311 2511 πανταχοῦ
3335 2440 3439 2511 τῆς
3460 2441 3761 2513 οἰκουμένης
3779 2440 3869 2494 Ἐκ-

2246 2518 2478 2589 κλησίας
2515 2520 2588 2576 τά
2620 2522 2815 2577 τούτου
2847 2526 3073 2597 τειχίζει
3096 2528 3423 2599 γράμματα·
3456 2530 3551 2584 καὶ
3574 2527 3793 2600 καθάπερ
3807 2546 3870 2589 τις

2244 2608 2503 2686 ἀριστεὺς
2523 2613 2905 2680 γενναιότατος
2921 2615 3121 2687 ἕστηκε
3140 2617 3236 2672 καὶ
3275 2617 3371 2673 νῦν
3390 2618 3574 2690 μέσος,
3590 2615 3869 2690 αἰχμαλωτί-

2244 2693 2352 2760 ζων
2370 2699 2476 2752 πᾶν
2492 2698 2671 2770 νόημα
2694 2701 2774 2765 εἰς
2788 2700 2886 2773 τὴν
2909 2703 3157 2774 ὑπακοὴν
3179 2705 3275 2760 τοῦ
3287 2707 3527 2778 Χριστοῦ
3542 2707 3632 2762 καί
3644 2704 3869 2777 καθαιρῶν

2243 2781 2539 2855 λογισμοὺς
2578 2788 2674 2842 καὶ
2721 2790 2830 2847 πᾶν
2862 2788 3065 2860 ὕψωμα
3098 2793 3465 2865 ἐπαιρόμενον
3493 2794 3629 2851 κατά
3651 2791 3867 2863 τῆςγνώ-

2245 2889 2384 2935 σεως
2421 2873 2517 2929 τοῦ
2568 2875 2727 2931 Θεοῦ.
2755 2877 2942 2935 Ταῦτα
2973 2878 3032 2932 δὲ
3064 2880 3245 2939 πάντα
3270 2881 3567 2952 ἐργάζεται
3596 2884 3659 2939 δι’
3677 2877 3741 2937 ὧν
3765 2883 3866 2952 ἡμῖν

2242 2962 2533 3017 κατέλιπεν
2576 2965 2876 3020 ἐπιστολῶν
2922 2967 3030 3023 τῶν
3086 2968 3408 3041 θαυμασίων
3456 2975 3550 3031 καί
3580 2973 3599 3012 ί
3631 2973 3719 3043 τῆς
3748 2970 3864 3031 θείας

2243 3049 2690 3122 πεπληρωμένων
2742 3055 2954 3124 σοφίας.
3005 3057 3082 3112 υὺ
3128 3059 3269 3129 πρὸς
3316 3060 3608 3132 δογμάτων
3641 3061 3694 3115 δέ
3736 3059 3863 3129 μόνον

2240 3139 2411 3193 νόθων
2439 3157 2500 3194 τε
2544 3143 2860 3215 ἀνατροπὴν
2889 3145 2985 3198 καὶ
3017 3146 3260 3217 γνησίων
3297 3148 3601 3219 ἀσφάλειαν
3629 3147 3862 3218 ἐπιτήδεια

2240 3229 2373 3300 ἡμῖν
2403 3229 2567 3283 αὑτοῦ
2603 3231 2673 3286 τά
2718 3233 3047 3304 γράμματα,
3088 3234 3229 3289 ἀλλὰ
3258 3237 3354 3290 καὶ
3405 3239 3539 3309 πρὸς
3568 3238 3624 3291 τὸ
3654 3237 3784 3309 βιοῦν
3815 3230 3860 3287 εὖ

2238 3317 2341 3372 οὑκ
2387 3316 2672 3388 ἐλάχιστον
2711 3321 2843 3390 ἡμῖν
2894 3322 3143 3377 συντελεῖ
3189 3324 3378 3397 μέρος.
3412 3326 3627 3390 Τούτοις
3665 3324 3758 3395 γὰρ
3799 3323 3859 3374 ἔτι

2238 3405 2334 3458 καὶ
2362 3405 2457 3458 νῦν
2489 3409 2538 3460 οἰ
2582 3408 2690 3463 τῶν
2733 3409 3075 3481 Ἐκκλησιῶν
3108 3413 3461 3493 προεστῶτες
3489 3414 3755 3486 χρώμενοι.
3785 3410 3858 3480 τὴν

2238 3492 2407 3565 ἁγνὴν
2436 3495 2734 3567 παρθένον,
2765 3497 2833 3569 ἢν
2874 3499 3160 3569 ἡρμόσατο
3193 3501 3271 3573 τῷ
3303 3492 3549 3575 Χριστῷ,
3590 3498 3857 3583 ῥυθμίζουσί

2236 3596 2297 3634 τε
2348 3582 2442 3636 καὶ
2482 3583 2811 3649 πλάττουσι,
2860 3587 2958 3641 καὶ
3017 3588 3153 3658 πρὸς
3189 3589 3252 3643 τὸ
3301 3582 3660 3663 πνευματικὸν
3705 3592 3856 3658 ἄγουσι

2236 3668 2452 3734 κάλλος.
2484 3670 2708 3740 Τούτοις
2751 3672 2845 3727 καὶ
2884 3675 2955 3727 τὰ
2988 3677 3401 3749 ἐπισκήπτοντα
3448 3682 3580 3751 αὐτῇ
3623 3679 3852 3748 νοσήματα

2235 3758 2666 3832 ἀποκρούονται,
2725 3763 2823 3816 καὶ
2887 3764 2990 3837 τὴν
3056 3770 3500 3841 προσγινομένην
3560 3765 3851 3839 διατηροῦσιν

2235 3846 2446 3914 ὑγείαν.
2497 3848 2737 3903 Τοιαῦτα
2790 3852 2923 3921 ἡμῖν
2960 3852 2990 3904 ὃ
3043 3852 3258 3926 ἰδιώτης
3303 3858 3563 3913 κατέλιπε
3606 3857 3844 3926 φάρμακα.

2232 3936 2503 4008 τοσαύτην
2535 3936 2733 4007 ἔχοντα
2768 3936 3021 4012 δύναμιν,
3052 3934 3127 3995 ὧν
3164 3942 3311 3996 ῐσασι
3353 3945 3455 4018 τὴν
3500 3948 3682 4016 πεῖραν
3710 3939 3849 4000 καλῶς

2231 4022 2282 4074 οί
2346 4022 2619 4092 χρώμενοι
2680 4026 2941 4097 συνεχῶς.
3001 4029 3114 4085 Καὶ
3178 4030 3261 4083 ὅτι
3330 4033 3432 4103 μὲν
3488 4032 3675 4103 πολλὴν
3724 4027 3849 4088 αὐτὸς

2231 4111 2469 4165 ἐποιεῖτο
2492 4112 2590 4167 τοῦ
2636 4114 2840 4186 μέρους
2874 4117 3065 4173 τούτου
3098 4119 3360 4192 σπουδὴν,
3394 4126 3459 4180 ἐκ
3487 4122 3677 4177 τούτων
3706 4118 3845 4187 δῆλον.

2283 4199 2565 4271 η’.”Δκουε
2575 4201 2635 4256 δὲ
2652 4204 2747 4257 καί
2760 4204 2839 4273 τῷ
2856 4205 3074 4278 μαθητῇ
3093 4208 3146 4261 τί
3165 4227 3331 4281 φησιν
3346 4212 3684 4271 ἐπιστέλλων·
3696 4205 3847 4273 Πρόσ⁸

2228 4298 2333 4354 εχε
2363 4283 2439 4352 τῇ
2468 4284 2828 4354 ἀναγνώσει,
2862 4287 2939 4357 τῇ
2972 4292 3379 4359 παρακλήσει,
3412 4295 3489 4365 τῇ
3512 4288 3841 4353 διδασκαλίᾳ·

2228 4373 2342 4427 Καὶ
2366 4373 2460 4429 τὸν
2488 4374 2600 4428 ἀπὸ
2639 4374 2831 4430 τούτου
2871 4379 3085 4448 καρπὸν
3117 4382 3443 4455 προστίθησι
3487 4384 3675 4452 λέγων’
3705 4374 3844 4432 Τοῦτο

2226 4462 2339 4540 γάρ
2364 4461 2554 4517 ποιῶν
2579 4462 2679 4517 καί
2714 4467 2980 4519 σεαυτὸν
3007 4467 3229 4537 σώσεις
3255 4471 3355 4525 καί
3392 4473 3533 4539 τοὺς
3568 4460 3841 4525 ἀκούοντάς

2226 4563 2365 4605 σου.
2398 4551 2510 4605 Καὶ
2542 4551 2735 4605 πάλιν
2765 4553 2998 4609 Δοῦλον
3018 4555 3086 4609 δὲ
3116 4560 3341 4627 Κυρίου
3366 4564 3439 4619 οὐ
3468 4558 3561 4614 δεῖ
3574 4554 3837 4628 μάχεσθαι.

2225 4636 2363 4691 ἀλλ’
2390 4636 2576 4707 ἤπιον
2608 4634 2762 4693 εἶναι
2805 4639 2958 4710 πρὸς
2990 4644 3244 4712 πάντας,
3284 4645 3638 4709 διδακτικύν,
3679 4636 3837 4702 ἀνεξί·

2225 4741 2434 4781 κακον.
2466 4725 2575 4778 Καὶ
2609 4725 2814 4796 προῖὼν
2843 4728 2903 4781 δέ
2934 4747 3098 4801 φησισ
3129 4732 3218 4786 Σὺ
3254 4732 3323 4787 δὲ
3357 4734 3505 4804 μένε
3536 4734 3602 4787 ἐν
3627 4731 3706 4796 οἷς
3729 4726 3837 4798 ἔμα-

2224 4814 2326 4877 θες
2351 4811 2449 4865 καί
2472 4812 2838 4883 ἐπιστεύθης
2858 4825 2905 4882 8,
2938 4817 3111 4885 εἰδὼς
3149 4823 3309 4889 παρὰ
3339 4824 3499 4889 τίνος
3532 4822 3740 4891 ἔμαθεςν
3762 4809 3835 4865 καὶ

2223 4898 2313 4952 ὅτι
2352 4900 2471 4955 ἀπὸ
2500 4901 2772 4970 βρέφους
2798 4904 2872 4959 τὰ
2898 4904 3027 4976 ἱερὰ
3053 4907 3362 4979 ποάμματα
3390 4907 3569 4974 οἶδας.
3598 4907 3662 4964 τὰ
3692 4898 3834 4957 δυνά-

2216 4985 2374 5055 μενὰ
2418 5004 2494 5041 σε
2532 4989 2788 5058 σοφίσαι
2827 4994 2916 5059 εἰς
2956 4996 3280 5065 σωτηρίαν.
3330 4998 3440 5051 Καὶ
3483 4995 3662 5050 πάλιν·
3697 4986 3831 5044 Πᾶσα

2220 5073 2435 5142 Γραφὴ
2476 5079 2907 5145 θεόπνευστος,
2941 5082 3096 5151 φησὶ,
3136 5083 3236 5137 καὶ
3278 5084 3569 5159 ὠφέλιμος
3606 5079 3739 5148 πρὸς
3768 5072 3831 5159 ᾂιο

2220 5161 2582 5228 δασκαλίαν,
2614 5166 2762 5234 πρὸς
2789 5167 3066 5238 ἔλεγχον,
3098 5171 3249 5241 πρὸς
3278 5157 3688 5251 ἐπανόρθωσιξ,
3714 5157 3829 5251 πρὸς

2219 5250 2545 5309 παίδευσιν
2567 5254 2596 5293 ¹ι
2632 5253 2750 5331 τὴν
2778 5256 2852 5309 ἐν
2874 5256 3252 5328 δικαιοσύνῃ,
3280 5261 3383 5315 ἵνα
3410 5261 3599 5329 ἄρτιος
3629 5249 3668 5326 ᾗ
3691 5253 3719 5305 δ
3748 5249 3827 5341 τςῧ

2221 5339 2371 5393 Θεοῦ
2397 5339 2730 5409 ἄνθρωπος.
2763 5345 2963 5399 Ἀκουε
2996 5345 3053 5399 δὲ
3084 5349 3178 5403 καὶ
3212 5348 3292 5419 τῷ
3320 5350 3460 5419 Τίτῳ
3488 5346 3606 5417 περὶ
3631 5341 3716 5409 τῆς
3746 5339 3829 5387 τῶν

2216 5426 2537 5482 ἐπισκόπων
2579 5431 2969 5495 καταστάσεως
3029 5432 3412 5507 διαλεγόμενος
3455 5433 3508 5491 τί
3552 5422 3794 5503 προτίθησι
3813 5431 3825 5445 ⁸

2273 5655 2303 5718 ξ
2330 5655 2565 5718 Ἐσχάτης
2586 5656 2731 5706 deest
2750 5657 2801 5706 in
2825 5657 3051 5718 plurimis
3072 5674 3190 5712 mss.

2282 5713 2303 5782 ς
2501 5719 2777 5780 θαυμασίων
2802 5713 3011 5782 ἐκείνων,
3035 5723 3135 5774 καί.

2279 5780 2304 5817 8
2331 5777 2427 5826 Alii
2451 5777 2730 5835 ἐπιστώθης.

2278 5838 2304 5877 λι
2326 5840 2430 5890 Alii
2451 5840 2567 5904 πρὸς
2589 5842 2824 5892 παιδείαν.
