  <div class='ocr_page' id='page_1' title='image "/cluster/home/n/w/nwhite01/storage/ocr_20150623/48:no.1:pt.2/coo.31924054869478/150.png"; bbox 0 0 3942 6356; ppageno 0'>
   <div class='ocr_carea' id='block_1_1' title="bbox 293 422 394 477">
    <p class='ocr_par' dir='ltr' id='par_1_1' title="bbox 293 422 394 477">
     <span class='ocr_line' id='line_1_1' title="bbox 293 422 394 477; baseline 0.01 -2"><span class='ocrx_word' id='word_1_1' title='bbox 293 422 394 477; x_wconf 68' lang='lat'><strong>689</strong></span> 
     </span>
    </p>
   </div>
   <div class='ocr_carea' id='block_1_2' title="bbox 295 525 1880 604">
    <p class='ocr_par' dir='ltr' id='par_1_2' title="bbox 295 525 1880 604">
     <span class='ocr_line' id='line_1_2' title="bbox 295 525 1880 604; baseline -0.007 -14"><span class='ocrx_word' id='word_1_2' title='bbox 295 540 431 590; x_wconf 75' lang='lat' dir='ltr'><strong>culta</strong></span> <span class='ocrx_word' id='word_1_3' title='bbox 464 548 683 604; x_wconf 85' lang='lat' dir='ltr'><strong>quoque</strong></span> <span class='ocrx_word' id='word_1_4' title='bbox 711 542 849 587; x_wconf 80' lang='lat' dir='ltr'><strong>terra</strong></span> <span class='ocrx_word' id='word_1_5' title='bbox 880 537 1099 585; x_wconf 84' lang='lat' dir='ltr'><strong>noverat</strong></span> <span class='ocrx_word' id='word_1_6' title='bbox 1122 570 1137 588; x_wconf 93' lang='lat'><strong>.</strong></span> <span class='ocrx_word' id='word_1_7' title='bbox 1167 525 1296 583; x_wconf 76' lang='lat' dir='ltr'><strong>dum</strong></span> <span class='ocrx_word' id='word_1_8' title='bbox 1329 540 1452 583; x_wconf 86' lang='lat' dir='ltr'><strong>eum</strong></span> <span class='ocrx_word' id='word_1_9' title='bbox 1490 542 1636 596; x_wconf 77' lang='lat' dir='ltr'><strong>saepe</strong></span> <span class='ocrx_word' id='word_1_10' title='bbox 1666 527 1880 597; x_wconf 85' lang='lat' dir='ltr'><strong>pericli-</strong></span> 
     </span>
    </p>
   </div>
   <div class='ocr_carea' id='block_1_3' title="bbox 302 619 1884 695">
    <p class='ocr_par' dir='ltr' id='par_1_3' title="bbox 302 619 1884 695">
     <span class='ocr_line' id='line_1_3' title="bbox 302 619 1884 695; baseline -0.006 -14"><span class='ocrx_word' id='word_1_11' title='bbox 302 637 500 683; x_wconf 84' lang='lat' dir='ltr'><strong>tantem</strong></span> <span class='ocrx_word' id='word_1_12' title='bbox 546 625 872 695; x_wconf 71' lang='lat' dir='ltr'><strong>excipiebat.</strong></span> <span class='ocrx_word' id='word_1_13' title='bbox 920 623 1092 679; x_wconf 84' lang='lat' dir='ltr'><strong>Omne</strong></span> <span class='ocrx_word' id='word_1_14' title='bbox 1130 623 1329 692; x_wconf 74' lang='lat' dir='ltr'><strong>quippe</strong></span> <span class='ocrx_word' id='word_1_15' title='bbox 1368 634 1539 691; x_wconf 86' lang='lat' dir='ltr'><strong>genus</strong></span> <span class='ocrx_word' id='word_1_16' title='bbox 1574 619 1884 674; x_wconf 85' lang='lat' dir='ltr'><strong>insidiarum</strong></span> 
     </span>
    </p>
   </div>
   <div class='ocr_carea' id='block_1_4' title="bbox 300 712 1889 783">
    <p class='ocr_par' dir='ltr' id='par_1_4' title="bbox 300 712 1889 783">
     <span class='ocr_line' id='line_1_4' title="bbox 300 712 1889 783; baseline -0.007 -9"><span class='ocrx_word' id='word_1_17' title='bbox 300 721 438 783; x_wconf 89' lang='lat' dir='ltr'><strong>tulit,</strong></span> <span class='ocrx_word' id='word_1_18' title='bbox 466 727 524 774; x_wconf 85' lang='lat' dir='ltr'><strong>et</strong></span> <span class='ocrx_word' id='word_1_19' title='bbox 547 732 764 773; x_wconf 88' lang='lat' dir='ltr'><strong>omnem</strong></span> <span class='ocrx_word' id='word_1_20' title='bbox 793 715 1026 769; x_wconf 68' lang='lat' dir='ltr'><strong>vietor-ite</strong></span> <span class='ocrx_word' id='word_1_21' title='bbox 1050 712 1264 768; x_wconf 87' lang='lat' dir='ltr'><strong>modum</strong></span> <span class='ocrx_word' id='word_1_22' title='bbox 1289 719 1540 780; x_wconf 79' lang='lat' dir='ltr'><strong>expertus</strong></span> <span class='ocrx_word' id='word_1_23' title='bbox 1568 719 1673 777; x_wconf 88' lang='lat' dir='ltr'><strong>est,</strong></span> <span class='ocrx_word' id='word_1_24' title='bbox 1698 724 1765 764; x_wconf 87' lang='lat' dir='ltr'><strong>ac</strong></span> <span class='ocrx_word' id='word_1_25' title='bbox 1793 725 1889 764; x_wconf 86' lang='lat' dir='ltr'><strong>nc-</strong></span> 
     </span>
    </p>
   </div>
   <div class='ocr_carea' id='block_1_5' title="bbox 299 799 1888 881">
    <p class='ocr_par' dir='ltr' id='par_1_5' title="bbox 299 799 1888 881">
     <span class='ocr_line' id='line_1_5' title="bbox 299 799 1888 881; baseline -0.006 -16"><span class='ocrx_word' id='word_1_26' title='bbox 299 827 403 881; x_wconf 86' lang='lat' dir='ltr'><strong>quc</strong></span> <span class='ocrx_word' id='word_1_27' title='bbox 426 810 781 867; x_wconf 73' lang='lat' dir='ltr'><strong>certaminum</strong></span> <span class='ocrx_word' id='word_1_28' title='bbox 804 820 978 878; x_wconf 83' lang='lat' dir='ltr'><strong>neque</strong></span> <span class='ocrx_word' id='word_1_29' title='bbox 1004 818 1321 861; x_wconf 84' lang='lat' dir='ltr'><strong>coronarum</strong></span> <span class='ocrx_word' id='word_1_30' title='bbox 1347 802 1508 857; x_wconf 84' lang='lat' dir='ltr'><strong>ﬁnem</strong></span> <span class='ocrx_word' id='word_1_31' title='bbox 1535 801 1756 856; x_wconf 85' lang='lat' dir='ltr'><strong>invenit.</strong></span> <span class='ocrx_word' id='word_1_32' title='bbox 1783 799 1888 856; x_wconf 81' lang='lat' dir='ltr'><strong>Ve-</strong></span> 
     </span>
    </p>
   </div>
   <div class='ocr_carea' id='block_1_6' title="bbox 301 891 1884 969">
    <p class='ocr_par' dir='ltr' id='par_1_6' title="bbox 301 891 1884 969">
     <span class='ocr_line' id='line_1_6' title="bbox 301 891 1884 969; baseline -0.007 -12"><span class='ocrx_word' id='word_1_33' title='bbox 301 918 417 957; x_wconf 90' lang='lat' dir='ltr'><strong>rum</strong></span> <span class='ocrx_word' id='word_1_34' title='bbox 461 901 643 957; x_wconf 90' lang='lat' dir='ltr'><strong>nescio</strong></span> <span class='ocrx_word' id='word_1_35' title='bbox 683 913 789 969; x_wconf 91' lang='lat' dir='ltr'><strong>quo</strong></span> <span class='ocrx_word' id='word_1_36' title='bbox 827 908 982 967; x_wconf 91' lang='lat' dir='ltr'><strong>pacto</strong></span> <span class='ocrx_word' id='word_1_37' title='bbox 1021 911 1087 951; x_wconf 92' lang='lat' dir='ltr'><strong>eo</strong></span> <span class='ocrx_word' id='word_1_38' title='bbox 1123 895 1357 950; x_wconf 90' lang='lat' dir='ltr'><strong>animum</strong></span> <span class='ocrx_word' id='word_1_39' title='bbox 1390 892 1599 963; x_wconf 81' lang='lat' dir='ltr'><strong>appuli,</strong></span> <span class='ocrx_word' id='word_1_40' title='bbox 1627 903 1687 946; x_wconf 84' lang='lat' dir='ltr'><strong>ut</strong></span> <span class='ocrx_word' id='word_1_41' title='bbox 1711 891 1884 946; x_wconf 84' lang='lat' dir='ltr'><strong>virum</strong></span> 
     </span>
    </p>
   </div>
   <div class='ocr_carea' id='block_1_7' title="bbox 299 984 1886 1056">
    <p class='ocr_par' dir='ltr' id='par_1_7' title="bbox 299 984 1886 1056">
     <span class='ocr_line' id='line_1_7' title="bbox 299 984 1886 1056; baseline -0.006 -9"><span class='ocrx_word' id='word_1_42' title='bbox 299 991 622 1047; x_wconf 82' lang='lat' dir='ltr'><strong>contumelia</strong></span> <span class='ocrx_word' id='word_1_43' title='bbox 649 988 941 1044; x_wconf 71' lang='lat' dir='ltr'><strong>efﬁcerem:</strong></span> <span class='ocrx_word' id='word_1_44' title='bbox 968 986 1131 1044; x_wconf 83' lang='lat' dir='ltr'><strong>Gesta</strong></span> <span class='ocrx_word' id='word_1_45' title='bbox 1155 986 1353 1056; x_wconf 82' lang='lat' dir='ltr'><strong>quippe</strong></span> <span class='ocrx_word' id='word_1_46' title='bbox 1382 984 1500 1055; x_wconf 87' lang='lat' dir='ltr'><strong>ejus</strong></span> <span class='ocrx_word' id='word_1_47' title='bbox 1527 998 1742 1039; x_wconf 90' lang='lat' dir='ltr'><strong>omnem</strong></span> <span class='ocrx_word' id='word_1_48' title='bbox 1769 998 1886 1038; x_wconf 88' lang='lat' dir='ltr'><strong>ser-</strong></span> 
     </span>
    </p>
   </div>
   <div class='ocr_carea' id='block_1_8' title="bbox 299 1087 1885 1158">
    <p class='ocr_par' dir='ltr' id='par_1_8' title="bbox 299 1087 1885 1158">
     <span class='ocr_line' id='line_1_8' title="bbox 299 1087 1885 1158; baseline -0.003 -20"><span class='ocrx_word' id='word_1_49' title='bbox 299 1098 515 1138; x_wconf 74' lang='lat' dir='ltr'><strong>I&#39;IIOIlelll</strong></span> <span class='ocrx_word' id='word_1_50' title='bbox 546 1091 799 1152; x_wconf 87' lang='lat' dir='ltr'><strong>superant</strong></span> <span class='ocrx_word' id='word_1_51' title='bbox 819 1120 836 1143; x_wconf 84' lang='grc'><em>,</em></span> <span class='ocrx_word' id='word_1_52' title='bbox 860 1095 1038 1135; x_wconf 88' lang='lat' dir='ltr'><strong>meum</strong></span> <span class='ocrx_word' id='word_1_53' title='bbox 1066 1094 1198 1134; x_wconf 81' lang='lat' dir='ltr'><strong>vero</strong></span> <span class='ocrx_word' id='word_1_54' title='bbox 1221 1087 1428 1158; x_wconf 74' lang='lat' dir='ltr'><strong>tantum</strong></span> <span class='ocrx_word' id='word_1_55' title='bbox 1454 1119 1471 1144; x_wconf 85' lang='lat'><strong>,</strong></span> <span class='ocrx_word' id='word_1_56' title='bbox 1501 1087 1754 1149; x_wconf 88' lang='lat' dir='ltr'><strong>quantum</strong></span> <span class='ocrx_word' id='word_1_57' title='bbox 1783 1092 1885 1133; x_wconf 86' lang='lat' dir='ltr'><strong>nos</strong></span> 
     </span>
    </p>
   </div>
   <div class='ocr_carea' id='block_1_9' title="bbox 299 1168 1883 1244">
    <p class='ocr_par' dir='ltr' id='par_1_9' title="bbox 299 1168 1883 1244">
     <span class='ocr_line' id='line_1_9' title="bbox 299 1168 1883 1244; baseline -0.001 -17"><span class='ocrx_word' id='word_1_58' title='bbox 299 1183 553 1244; x_wconf 85' lang='lat' dir='ltr'><strong>superant</strong></span> <span class='ocrx_word' id='word_1_59' title='bbox 577 1171 790 1230; x_wconf 83' lang='lat' dir='ltr'><strong>dicendi</strong></span> <span class='ocrx_word' id='word_1_60' title='bbox 817 1172 997 1241; x_wconf 87' lang='lat' dir='ltr'><strong>periti.</strong></span> <span class='ocrx_word' id='word_1_61' title='bbox 1027 1171 1275 1225; x_wconf 80' lang='lat' dir='ltr'><strong>Attamen</strong></span> <span class='ocrx_word' id='word_1_62' title='bbox 1307 1185 1376 1225; x_wconf 85' lang='lat' dir='ltr'><strong>ae</strong></span> <span class='ocrx_word' id='word_1_63' title='bbox 1397 1169 1479 1224; x_wconf 86' lang='lat' dir='ltr'><strong>sic</strong></span> <span class='ocrx_word' id='word_1_64' title='bbox 1500 1169 1720 1238; x_wconf 81' lang='lat' dir='ltr'><strong>quidem</strong></span> <span class='ocrx_word' id='word_1_65' title='bbox 1747 1168 1883 1241; x_wconf 88' lang='lat' dir='ltr'><strong>(ne-</strong></span> 
     </span>
    </p>
   </div>
   <div class='ocr_carea' id='block_1_10' title="bbox 295 1258 1885 1333">
    <p class='ocr_par' dir='ltr' id='par_1_10' title="bbox 295 1258 1885 1333">
     <span class='ocr_line' id='line_1_10' title="bbox 295 1258 1885 1333; baseline -0.004 -14"><span class='ocrx_word' id='word_1_66' title='bbox 295 1280 403 1333; x_wconf 80' lang='lat' dir='ltr'><strong>que</strong></span> <span class='ocrx_word' id='word_1_67' title='bbox 440 1263 581 1318; x_wconf 84' lang='lat' dir='ltr'><strong>enim</strong></span> <span class='ocrx_word' id='word_1_68' title='bbox 618 1262 688 1319; x_wconf 88' lang='lat' dir='ltr'><strong>ab</strong></span> <span class='ocrx_word' id='word_1_69' title='bbox 713 1261 879 1328; x_wconf 81' lang='lat' dir='ltr'><strong>exitu,</strong></span> <span class='ocrx_word' id='word_1_70' title='bbox 910 1261 1005 1316; x_wconf 88' lang='lat' dir='ltr'><strong>sed</strong></span> <span class='ocrx_word' id='word_1_71' title='bbox 1045 1275 1079 1316; x_wconf 89' lang='lat' dir='ltr'><strong>a</strong></span> <span class='ocrx_word' id='word_1_72' title='bbox 1118 1259 1392 1314; x_wconf 79' lang='lat' dir='ltr'><strong>voluntate</strong></span> <span class='ocrx_word' id='word_1_73' title='bbox 1432 1258 1619 1314; x_wconf 85' lang='lat' dir='ltr'><strong>beatus</strong></span> <span class='ocrx_word' id='word_1_74' title='bbox 1657 1259 1749 1315; x_wconf 90' lang='lat' dir='ltr'><strong>ille</strong></span> <span class='ocrx_word' id='word_1_75' title='bbox 1785 1272 1885 1313; x_wconf 90' lang='lat' dir='ltr'><strong>nos</strong></span> 
     </span>
    </p>
   </div>
   <div class='ocr_carea' id='block_1_11' title="bbox 301 1348 1883 1424">
    <p class='ocr_par' dir='ltr' id='par_1_11' title="bbox 301 1348 1883 1424">
     <span class='ocr_line' id='line_1_11' title="bbox 301 1348 1883 1424; baseline -0.004 -15"><span class='ocrx_word' id='word_1_76' title='bbox 301 1353 587 1424; x_wconf 85' lang='lat' dir='ltr'><strong>metitur),</strong></span> <span class='ocrx_word' id='word_1_77' title='bbox 615 1368 726 1408; x_wconf 90' lang='lat' dir='ltr'><strong>non</strong></span> <span class='ocrx_word' id='word_1_78' title='bbox 764 1351 989 1406; x_wconf 81' lang='lat' dir='ltr'><strong>cessabo</strong></span> <span class='ocrx_word' id='word_1_79' title='bbox 1029 1350 1200 1405; x_wconf 90' lang='lat' dir='ltr'><strong>donec</strong></span> <span class='ocrx_word' id='word_1_80' title='bbox 1238 1348 1341 1405; x_wconf 89' lang='lat' dir='ltr'><strong>hoc</strong></span> <span class='ocrx_word' id='word_1_81' title='bbox 1375 1348 1669 1403; x_wconf 78' lang='lat' dir='ltr'><strong>addiderim</strong></span> <span class='ocrx_word' id='word_1_82' title='bbox 1694 1388 1709 1413; x_wconf 89' lang='lat'><strong>,</strong></span> <span class='ocrx_word' id='word_1_83' title='bbox 1741 1348 1883 1418; x_wconf 92' lang='lat' dir='ltr'><strong>quod</strong></span> 
     </span>
    </p>
   </div>
   <div class='ocr_carea' id='block_1_12' title="bbox 300 1439 1884 1514">
    <p class='ocr_par' dir='ltr' id='par_1_12' title="bbox 300 1439 1884 1514">
     <span class='ocr_line' id='line_1_12' title="bbox 300 1439 1884 1514; baseline -0.004 -15"><span class='ocrx_word' id='word_1_84' title='bbox 300 1455 447 1500; x_wconf 87' lang='lat' dir='ltr'><strong>tanto</strong></span> <span class='ocrx_word' id='word_1_85' title='bbox 476 1443 814 1514; x_wconf 65' lang='lat' dir='ltr'><strong>prestantius</strong></span> <span class='ocrx_word' id='word_1_86' title='bbox 850 1450 935 1497; x_wconf 90' lang='lat' dir='ltr'><strong>est</strong></span> <span class='ocrx_word' id='word_1_87' title='bbox 970 1455 1129 1510; x_wconf 83' lang='lat' dir='ltr'><strong>supra</strong></span> <span class='ocrx_word' id='word_1_88' title='bbox 1156 1439 1319 1494; x_wconf 88' lang='lat' dir='ltr'><strong>dictis</strong></span> <span class='ocrx_word' id='word_1_89' title='bbox 1340 1479 1356 1503; x_wconf 95' lang='lat'><strong>,</strong></span> <span class='ocrx_word' id='word_1_90' title='bbox 1388 1447 1588 1509; x_wconf 85' lang='lat' dir='ltr'><strong>quanto</strong></span> <span class='ocrx_word' id='word_1_91' title='bbox 1623 1439 1716 1494; x_wconf 87' lang='lat' dir='ltr'><strong>ille</strong></span> <span class='ocrx_word' id='word_1_92' title='bbox 1743 1454 1884 1509; x_wconf 72' lang='lat' dir='ltr'><strong>prae-</strong></span> 
     </span>
    </p>
   </div>
   <div class='ocr_carea' id='block_1_13' title="bbox 300 1532 1882 1601">
    <p class='ocr_par' dir='ltr' id='par_1_13' title="bbox 300 1532 1882 1601">
     <span class='ocr_line' id='line_1_13' title="bbox 300 1532 1882 1601; baseline -0.004 -8"><span class='ocrx_word' id='word_1_93' title='bbox 300 1539 525 1593; x_wconf 83' lang='lat' dir='ltr'><strong>stantior</strong></span> <span class='ocrx_word' id='word_1_94' title='bbox 543 1537 790 1592; x_wconf 83' lang='lat' dir='ltr'><strong>omnibus</strong></span> <span class='ocrx_word' id='word_1_95' title='bbox 806 1534 1132 1590; x_wconf 88' lang='lat' dir='ltr'><strong>hominibus.</strong></span> <span class='ocrx_word' id='word_1_96' title='bbox 1158 1532 1295 1601; x_wconf 86' lang='lat' dir='ltr'><strong>Quid</strong></span> <span class='ocrx_word' id='word_1_97' title='bbox 1322 1532 1449 1586; x_wconf 84' lang='lat' dir='ltr'><strong>illud</strong></span> <span class='ocrx_word' id='word_1_98' title='bbox 1476 1532 1597 1588; x_wconf 86' lang='lat' dir='ltr'><strong>est?</strong></span> <span class='ocrx_word' id='word_1_99' title='bbox 1621 1533 1750 1587; x_wconf 91' lang='lat' dir='ltr'><strong>Post</strong></span> <span class='ocrx_word' id='word_1_100' title='bbox 1775 1541 1882 1586; x_wconf 91' lang='lat' dir='ltr'><strong>tam</strong></span> 
     </span>
    </p>
   </div>
   <div class='ocr_carea' id='block_1_14' title="bbox 300 1624 1883 1699">
    <p class='ocr_par' dir='ltr' id='par_1_14' title="bbox 300 1624 1883 1699">
     <span class='ocr_line' id='line_1_14' title="bbox 300 1624 1883 1699; baseline -0.004 -17"><span class='ocrx_word' id='word_1_101' title='bbox 300 1629 465 1684; x_wconf 87' lang='lat' dir='ltr'><strong>multa</strong></span> <span class='ocrx_word' id='word_1_102' title='bbox 502 1627 714 1699; x_wconf 81' lang='lat' dir='ltr'><strong>egregia</strong></span> <span class='ocrx_word' id='word_1_103' title='bbox 744 1625 976 1681; x_wconf 86' lang='lat' dir='ltr'><strong>facinora</strong></span> <span class='ocrx_word' id='word_1_104' title='bbox 1002 1665 1017 1688; x_wconf 86' lang='grc'>,</span> <span class='ocrx_word' id='word_1_105' title='bbox 1046 1633 1169 1694; x_wconf 81' lang='lat' dir='ltr'><strong>post</strong></span> <span class='ocrx_word' id='word_1_106' title='bbox 1203 1624 1509 1678; x_wconf 83' lang='lat' dir='ltr'><strong>innumeras</strong></span> <span class='ocrx_word' id='word_1_107' title='bbox 1537 1637 1761 1677; x_wconf 82' lang='lat' dir='ltr'><strong>coronas</strong></span> <span class='ocrx_word' id='word_1_108' title='bbox 1781 1661 1802 1689; x_wconf 92' lang='lat'><strong>,</strong></span> <span class='ocrx_word' id='word_1_109' title='bbox 1829 1624 1883 1677; x_wconf 91' lang='lat' dir='ltr'><strong>in</strong></span> 
     </span>
    </p>
   </div>
   <div class='ocr_carea' id='block_1_15' title="bbox 297 1714 1886 1789">
    <p class='ocr_par' dir='ltr' id='par_1_15' title="bbox 297 1714 1886 1789">
     <span class='ocr_line' id='line_1_15' title="bbox 297 1714 1886 1789; baseline -0.003 -15"><span class='ocrx_word' id='word_1_110' title='bbox 297 1724 592 1789; x_wconf 74' lang='lat' dir='ltr'><strong>gehennam</strong></span> <span class='ocrx_word' id='word_1_111' title='bbox 621 1719 788 1782; x_wconf 84' lang='lat' dir='ltr'><strong>abire,</strong></span> <span class='ocrx_word' id='word_1_112' title='bbox 817 1726 872 1772; x_wconf 87' lang='lat' dir='ltr'><strong>et</strong></span> <span class='ocrx_word' id='word_1_113' title='bbox 899 1728 1100 1770; x_wconf 70' lang='lat' dir='ltr'><strong>interno</strong></span> <span class='ocrx_word' id='word_1_114' title='bbox 1130 1714 1265 1770; x_wconf 89' lang='lat' dir='ltr'><strong>tradi</strong></span> <span class='ocrx_word' id='word_1_115' title='bbox 1292 1715 1552 1785; x_wconf 83' lang='lat' dir='ltr'><strong>supplicio</strong></span> <span class='ocrx_word' id='word_1_116' title='bbox 1573 1715 1798 1783; x_wconf 80' lang='lat' dir='ltr'><strong>Optavit,</strong></span> <span class='ocrx_word' id='word_1_117' title='bbox 1827 1723 1886 1770; x_wconf 87' lang='lat' dir='ltr'><strong>ut</strong></span> 
     </span>
    </p>
   </div>
   <div class='ocr_carea' id='block_1_16' title="bbox 300 1804 1883 1880">
    <p class='ocr_par' dir='ltr' id='par_1_16' title="bbox 300 1804 1883 1880">
     <span class='ocr_line' id='line_1_16' title="bbox 300 1804 1883 1880; baseline -0.004 -14"><span class='ocrx_word' id='word_1_118' title='bbox 300 1811 490 1877; x_wconf 66' lang='lat' dir='ltr'><strong>Judai,</strong></span> <span class='ocrx_word' id='word_1_119' title='bbox 517 1812 607 1880; x_wconf 87' lang='lat' dir='ltr'><strong>qui</strong></span> <span class='ocrx_word' id='word_1_120' title='bbox 634 1809 808 1878; x_wconf 88' lang='lat' dir='ltr'><strong>ipsum</strong></span> <span class='ocrx_word' id='word_1_121' title='bbox 832 1821 974 1876; x_wconf 68' lang='lat' dir='ltr'><strong>saepe</strong></span> <span class='ocrx_word' id='word_1_122' title='bbox 990 1806 1372 1875; x_wconf 84' lang='lat' dir='ltr'><strong>lapidaverant,</strong></span> <span class='ocrx_word' id='word_1_123' title='bbox 1391 1805 1518 1870; x_wconf 90' lang='lat' dir='ltr'><strong>imo,</strong></span> <span class='ocrx_word' id='word_1_124' title='bbox 1542 1812 1798 1874; x_wconf 82' lang='lat' dir='ltr'><strong>quantum</strong></span> <span class='ocrx_word' id='word_1_125' title='bbox 1829 1804 1883 1860; x_wconf 89' lang='lat' dir='ltr'><strong>in</strong></span> 
     </span>
    </p>
   </div>
   <div class='ocr_carea' id='block_1_17' title="bbox 300 1897 1886 1972">
    <p class='ocr_par' dir='ltr' id='par_1_17' title="bbox 300 1897 1886 1972">
     <span class='ocr_line' id='line_1_17' title="bbox 300 1897 1886 1972; baseline -0.003 -14"><span class='ocrx_word' id='word_1_126' title='bbox 300 1904 428 1972; x_wconf 82' lang='lat' dir='ltr'><strong>ipsis</strong></span> <span class='ocrx_word' id='word_1_127' title='bbox 448 1913 584 1967; x_wconf 87' lang='lat' dir='ltr'><strong>erat,</strong></span> <span class='ocrx_word' id='word_1_128' title='bbox 596 1901 929 1965; x_wconf 79' lang='lat' dir='ltr'><strong>occiderant,</strong></span> <span class='ocrx_word' id='word_1_129' title='bbox 950 1898 1083 1954; x_wconf 86' lang='lat' dir='ltr'><strong>salvi</strong></span> <span class='ocrx_word' id='word_1_130' title='bbox 1101 1906 1285 1953; x_wconf 85' lang='lat' dir='ltr'><strong>essent</strong></span> <span class='ocrx_word' id='word_1_131' title='bbox 1301 1906 1357 1951; x_wconf 85' lang='lat' dir='ltr'><strong>et</strong></span> <span class='ocrx_word' id='word_1_132' title='bbox 1372 1898 1438 1952; x_wconf 87' lang='lat' dir='ltr'><strong>ad</strong></span> <span class='ocrx_word' id='word_1_133' title='bbox 1451 1897 1720 1953; x_wconf 77' lang='lat' dir='ltr'><strong>Christum</strong></span> <span class='ocrx_word' id='word_1_134' title='bbox 1740 1912 1886 1953; x_wconf 84' lang='lat' dir='ltr'><strong>acce-</strong></span> 
     </span>
    </p>
   </div>
   <div class='ocr_carea' id='block_1_18' title="bbox 299 1990 1882 2064">
    <p class='ocr_par' dir='ltr' id='par_1_18' title="bbox 299 1990 1882 2064">
     <span class='ocr_line' id='line_1_18' title="bbox 299 1990 1882 2064; baseline -0.001 -19"><span class='ocrx_word' id='word_1_135' title='bbox 299 1996 486 2051; x_wconf 79' lang='lat' dir='ltr'><strong>derent</strong></span> <span class='ocrx_word' id='word_1_136' title='bbox 507 1994 682 2064; x_wconf 73' lang='lat' dir='ltr'><strong>(Rom.</strong></span> <span class='ocrx_word' id='word_1_137' title='bbox 701 1993 757 2047; x_wconf 83' lang='lat'><strong>9.</strong></span> <span class='ocrx_word' id='word_1_138' title='bbox 770 1991 853 2063; x_wconf 75' lang='grc' dir='ltr'><strong>ὅ).</strong></span> <span class='ocrx_word' id='word_1_139' title='bbox 869 1991 1001 2059; x_wconf 83' lang='lat' dir='ltr'><strong>Quis</strong></span> <span class='ocrx_word' id='word_1_140' title='bbox 1017 1990 1088 2045; x_wconf 86' lang='lat' dir='ltr'><strong>ita</strong></span> <span class='ocrx_word' id='word_1_141' title='bbox 1106 1990 1378 2046; x_wconf 81' lang='lat' dir='ltr'><strong>Christum</strong></span> <span class='ocrx_word' id='word_1_142' title='bbox 1399 1990 1685 2045; x_wconf 72' lang='lat' dir='ltr'><strong>amavitisi</strong></span> <span class='ocrx_word' id='word_1_143' title='bbox 1703 1998 1882 2044; x_wconf 69' lang='lat' dir='ltr'><strong>tamet]</strong></span> 
     </span>
    </p>
   </div>
   <div class='ocr_carea' id='block_1_19' title="bbox 301 2082 1884 2152">
    <p class='ocr_par' dir='ltr' id='par_1_19' title="bbox 301 2082 1884 2152">
     <span class='ocr_line' id='line_1_19' title="bbox 301 2082 1884 2152; baseline -0.002 -15"><span class='ocrx_word' id='word_1_144' title='bbox 301 2084 351 2138; x_wconf 90' lang='lat' dir='ltr'><strong>id</strong></span> <span class='ocrx_word' id='word_1_145' title='bbox 370 2098 523 2138; x_wconf 90' lang='lat' dir='ltr'><strong>amor</strong></span> <span class='ocrx_word' id='word_1_146' title='bbox 539 2083 820 2138; x_wconf 79' lang='lat' dir='ltr'><strong>dicendum</strong></span> <span class='ocrx_word' id='word_1_147' title='bbox 837 2092 940 2147; x_wconf 84' lang='lat' dir='ltr'><strong>est,</strong></span> <span class='ocrx_word' id='word_1_148' title='bbox 957 2089 1013 2138; x_wconf 84' lang='lat' dir='ltr'><strong>et</strong></span> <span class='ocrx_word' id='word_1_149' title='bbox 1025 2097 1134 2135; x_wconf 83' lang='lat' dir='ltr'><strong>non</strong></span> <span class='ocrx_word' id='word_1_150' title='bbox 1150 2082 1418 2152; x_wconf 80' lang='lat' dir='ltr'><strong>quidpiam</strong></span> <span class='ocrx_word' id='word_1_151' title='bbox 1436 2096 1617 2136; x_wconf 86' lang='lat' dir='ltr'><strong>amore</strong></span> <span class='ocrx_word' id='word_1_152' title='bbox 1635 2092 1884 2150; x_wconf 61' lang='lat' dir='ltr'><strong>praestan-</strong></span> 
     </span>
    </p>
   </div>
   <div class='ocr_carea' id='block_1_20' title="bbox 298 2171 1882 2243">
    <p class='ocr_par' dir='ltr' id='par_1_20' title="bbox 298 2171 1882 2243">
     <span class='ocr_line' id='line_1_20' title="bbox 298 2171 1882 2243; baseline -0.002 -15"><span class='ocrx_word' id='word_1_153' title='bbox 298 2176 421 2229; x_wconf 87' lang='lat' dir='ltr'><strong>tius.</strong></span> <span class='ocrx_word' id='word_1_154' title='bbox 457 2174 703 2229; x_wconf 79' lang='lat' dir='ltr'><strong>Etiamne</strong></span> <span class='ocrx_word' id='word_1_155' title='bbox 734 2174 894 2243; x_wconf 90' lang='lat' dir='ltr'><strong>igitur</strong></span> <span class='ocrx_word' id='word_1_156' title='bbox 927 2188 1027 2227; x_wconf 86' lang='lat' dir='ltr'><strong>nos</strong></span> <span class='ocrx_word' id='word_1_157' title='bbox 1060 2172 1204 2241; x_wconf 86' lang='lat' dir='ltr'><strong>ipsos</strong></span> <span class='ocrx_word' id='word_1_158' title='bbox 1237 2187 1358 2227; x_wconf 87' lang='lat' dir='ltr'><strong>cum</strong></span> <span class='ocrx_word' id='word_1_159' title='bbox 1380 2172 1478 2226; x_wconf 83' lang='lat' dir='ltr'><strong>illo</strong></span> <span class='ocrx_word' id='word_1_160' title='bbox 1500 2171 1833 2227; x_wconf 87' lang='lat' dir='ltr'><strong>conferemus</strong></span> <span class='ocrx_word' id='word_1_161' title='bbox 1863 2211 1882 2239; x_wconf 97' lang='lat'><strong>,</strong></span> 
     </span>
    </p>
   </div>
   <div class='ocr_carea' id='block_1_21' title="bbox 299 2264 1883 2336">
    <p class='ocr_par' dir='ltr' id='par_1_21' title="bbox 299 2264 1883 2336">
     <span class='ocr_line' id='line_1_21' title="bbox 299 2264 1883 2336; baseline -0.001 -16"><span class='ocrx_word' id='word_1_162' title='bbox 299 2275 420 2336; x_wconf 82' lang='lat' dir='ltr'><strong>post</strong></span> <span class='ocrx_word' id='word_1_163' title='bbox 448 2274 648 2321; x_wconf 78' lang='lat' dir='ltr'><strong>tantam</strong></span> <span class='ocrx_word' id='word_1_164' title='bbox 669 2280 830 2336; x_wconf 79' lang='lat' dir='ltr'><strong>quam</strong></span> <span class='ocrx_word' id='word_1_165' title='bbox 857 2265 1059 2320; x_wconf 64' lang='lat' dir='ltr'><strong>cmiitus</strong></span> <span class='ocrx_word' id='word_1_166' title='bbox 1086 2264 1291 2333; x_wconf 86' lang='lat' dir='ltr'><strong>accepit</strong></span> <span class='ocrx_word' id='word_1_167' title='bbox 1324 2265 1548 2333; x_wconf 83' lang='lat' dir='ltr'><strong>gratiam</strong></span> <span class='ocrx_word' id='word_1_168' title='bbox 1570 2304 1589 2330; x_wconf 90' lang='lat'><strong>,</strong></span> <span class='ocrx_word' id='word_1_169' title='bbox 1615 2272 1738 2333; x_wconf 85' lang='lat' dir='ltr'><strong>post</strong></span> <span class='ocrx_word' id='word_1_170' title='bbox 1763 2272 1883 2319; x_wconf 83' lang='lat' dir='ltr'><strong>tan-</strong></span> 
     </span>
    </p>
   </div>
   <div class='ocr_carea' id='block_1_22' title="bbox 301 2355 1885 2431">
    <p class='ocr_par' dir='ltr' id='par_1_22' title="bbox 301 2355 1885 2431">
     <span class='ocr_line' id='line_1_22' title="bbox 301 2355 1885 2431; baseline 0.004 -20"><span class='ocrx_word' id='word_1_171' title='bbox 301 2371 405 2412; x_wconf 82' lang='lat' dir='ltr'><strong>tam</strong></span> <span class='ocrx_word' id='word_1_172' title='bbox 432 2358 682 2412; x_wconf 77' lang='lat' dir='ltr'><strong>virtutem</strong></span> <span class='ocrx_word' id='word_1_173' title='bbox 702 2397 724 2424; x_wconf 87' lang='lat'><strong>,</strong></span> <span class='ocrx_word' id='word_1_174' title='bbox 747 2370 906 2427; x_wconf 75' lang='lat' dir='ltr'><strong>quam</strong></span> <span class='ocrx_word' id='word_1_175' title='bbox 936 2371 1005 2411; x_wconf 79' lang='lat' dir='ltr'><strong>ex</strong></span> <span class='ocrx_word' id='word_1_176' title='bbox 1032 2356 1209 2425; x_wconf 85' lang='lat' dir='ltr'><strong>seipso</strong></span> <span class='ocrx_word' id='word_1_177' title='bbox 1232 2355 1519 2412; x_wconf 66' lang='lat' dir='ltr'><strong>exhibuit?</strong></span> <span class='ocrx_word' id='word_1_178' title='bbox 1559 2355 1762 2431; x_wconf 70' lang='lat' dir='ltr'><strong>Ecquid</strong></span> <span class='ocrx_word' id='word_1_179' title='bbox 1789 2355 1885 2416; x_wconf 84' lang='lat' dir='ltr'><strong>illo</strong></span> 
     </span>
    </p>
   </div>
   <div class='ocr_carea' id='block_1_23' title="bbox 297 2447 1884 2522">
    <p class='ocr_par' dir='ltr' id='par_1_23' title="bbox 297 2447 1884 2522">
     <span class='ocr_line' id='line_1_23' title="bbox 297 2447 1884 2522; baseline 0.003 -19"><span class='ocrx_word' id='word_1_180' title='bbox 297 2448 589 2504; x_wconf 63' lang='grc' dir='ltr'><strong>παιδείυεῖ</strong></span> <span class='ocrx_word' id='word_1_181' title='bbox 622 2447 776 2516; x_wconf 86' lang='lat' dir='ltr'><strong>Quod</strong></span> <span class='ocrx_word' id='word_1_182' title='bbox 804 2456 984 2504; x_wconf 77' lang='lat' dir='ltr'><strong>autem</strong></span> <span class='ocrx_word' id='word_1_183' title='bbox 1014 2461 1119 2509; x_wconf 80' lang='lat' dir='ltr'><strong>non</strong></span> <span class='ocrx_word' id='word_1_184' title='bbox 1147 2452 1284 2508; x_wconf 87' lang='lat' dir='ltr'><strong>adeo</strong></span> <span class='ocrx_word' id='word_1_185' title='bbox 1310 2452 1474 2507; x_wconf 80' lang='lat' dir='ltr'><strong>idiota</strong></span> <span class='ocrx_word' id='word_1_186' title='bbox 1504 2452 1679 2517; x_wconf 86' lang='lat' dir='ltr'><strong>fuerit,</strong></span> <span class='ocrx_word' id='word_1_187' title='bbox 1703 2461 1760 2506; x_wconf 91' lang='lat' dir='ltr'><strong>ut</strong></span> <span class='ocrx_word' id='word_1_188' title='bbox 1783 2452 1884 2522; x_wconf 89' lang='lat' dir='ltr'><strong>ipsi</strong></span> 
     </span>
    </p>
   </div>
   <div class='ocr_carea' id='block_1_24' title="bbox 299 2540 1883 2617">
    <p class='ocr_par' dir='ltr' id='par_1_24' title="bbox 299 2540 1883 2617">
     <span class='ocr_line' id='line_1_24' title="bbox 299 2540 1883 2617; baseline 0.003 -22"><span class='ocrx_word' id='word_1_189' title='bbox 299 2543 643 2613; x_wconf 81' lang='lat' dir='ltr'><strong>arbitrantur,</strong></span> <span class='ocrx_word' id='word_1_190' title='bbox 666 2540 724 2601; x_wconf 83' lang='lat' dir='ltr'><strong>id</strong></span> <span class='ocrx_word' id='word_1_191' title='bbox 740 2540 851 2616; x_wconf 86' lang='lat' dir='ltr'><strong>jam</strong></span> <span class='ocrx_word' id='word_1_192' title='bbox 873 2554 1293 2602; x_wconf 86' lang='lat' dir='ltr'><strong>commonstrare</strong></span> <span class='ocrx_word' id='word_1_193' title='bbox 1321 2545 1615 2617; x_wconf 82' lang='lat' dir='ltr'><strong>aggrediar.</strong></span> <span class='ocrx_word' id='word_1_194' title='bbox 1646 2545 1711 2600; x_wconf 80' lang='lat' dir='ltr'><strong>lii</strong></span> <span class='ocrx_word' id='word_1_195' title='bbox 1736 2545 1883 2600; x_wconf 84' lang='lat' dir='ltr'><strong>enim</strong></span> 
     </span>
    </p>
   </div>
   <div class='ocr_carea' id='block_1_25' title="bbox 299 2623 1882 2710">
    <p class='ocr_par' dir='ltr' id='par_1_25' title="bbox 299 2623 1882 2710">
     <span class='ocr_line' id='line_1_25' title="bbox 299 2623 1882 2710; baseline 0.001 -18"><span class='ocrx_word' id='word_1_196' title='bbox 299 2648 405 2693; x_wconf 77' lang='lat' dir='ltr'><strong>non</strong></span> <span class='ocrx_word' id='word_1_197' title='bbox 423 2637 582 2693; x_wconf 86' lang='lat' dir='ltr'><strong>modo</strong></span> <span class='ocrx_word' id='word_1_198' title='bbox 596 2638 814 2693; x_wconf 82' lang='lat' dir='ltr'><strong>idiotam</strong></span> <span class='ocrx_word' id='word_1_199' title='bbox 832 2647 1186 2705; x_wconf 82' lang='lat' dir='ltr'><strong>vocanteum,</strong></span> <span class='ocrx_word' id='word_1_200' title='bbox 1203 2638 1292 2710; x_wconf 84' lang='lat' dir='ltr'><strong>qui</strong></span> <span class='ocrx_word' id='word_1_201' title='bbox 1314 2639 1366 2693; x_wconf 85' lang='lat' dir='ltr'><strong>in</strong></span> <span class='ocrx_word' id='word_1_202' title='bbox 1385 2645 1727 2694; x_wconf 76' lang='lat' dir='ltr'><strong>externarum</strong></span> <span class='ocrx_word' id='word_1_203' title='bbox 1758 2623 1882 2694; x_wconf 82' lang='lat' dir='ltr'><strong>lite-</strong></span> 
     </span>
    </p>
   </div>
   <div class='ocr_carea' id='block_1_26' title="bbox 298 2729 1882 2801">
    <p class='ocr_par' dir='ltr' id='par_1_26' title="bbox 298 2729 1882 2801">
     <span class='ocr_line' id='line_1_26' title="bbox 298 2729 1882 2801; baseline 0 -18"><span class='ocrx_word' id='word_1_204' title='bbox 298 2744 477 2784; x_wconf 82' lang='lat' dir='ltr'><strong>rarum</strong></span> <span class='ocrx_word' id='word_1_205' title='bbox 497 2729 779 2801; x_wconf 69' lang='lat' dir='ltr'><strong>prmstigiis</strong></span> <span class='ocrx_word' id='word_1_206' title='bbox 800 2744 906 2784; x_wconf 91' lang='lat' dir='ltr'><strong>non</strong></span> <span class='ocrx_word' id='word_1_207' title='bbox 928 2729 1249 2785; x_wconf 77' lang='lat' dir='ltr'><strong>exercitatus</strong></span> <span class='ocrx_word' id='word_1_208' title='bbox 1267 2729 1446 2796; x_wconf 84' lang='lat' dir='ltr'><strong>fuerit,</strong></span> <span class='ocrx_word' id='word_1_209' title='bbox 1469 2729 1564 2786; x_wconf 84' lang='lat' dir='ltr'><strong>sed</strong></span> <span class='ocrx_word' id='word_1_210' title='bbox 1581 2731 1739 2784; x_wconf 88' lang='lat' dir='ltr'><strong>etiam</strong></span> <span class='ocrx_word' id='word_1_211' title='bbox 1758 2744 1882 2785; x_wconf 83' lang='lat' dir='ltr'><strong>eum</strong></span> 
     </span>
    </p>
   </div>
   <div class='ocr_carea' id='block_1_27' title="bbox 297 2819 1882 2891">
    <p class='ocr_par' dir='ltr' id='par_1_27' title="bbox 297 2819 1882 2891">
     <span class='ocr_line' id='line_1_27' title="bbox 297 2819 1882 2891; baseline 0.003 -20"><span class='ocrx_word' id='word_1_212' title='bbox 297 2819 389 2883; x_wconf 73' lang='grc' dir='ltr'><strong>ιιιιὶ</strong></span> <span class='ocrx_word' id='word_1_213' title='bbox 428 2834 527 2887; x_wconf 83' lang='lat' dir='ltr'><strong>pro</strong></span> <span class='ocrx_word' id='word_1_214' title='bbox 556 2821 701 2876; x_wconf 79' lang='lat' dir='ltr'><strong>veris</strong></span> <span class='ocrx_word' id='word_1_215' title='bbox 736 2819 1074 2890; x_wconf 72' lang='lat' dir='ltr'><strong>dogmatibus</strong></span> <span class='ocrx_word' id='word_1_216' title='bbox 1100 2835 1341 2891; x_wconf 83' lang='lat' dir='ltr'><strong>pugnare</strong></span> <span class='ocrx_word' id='word_1_217' title='bbox 1370 2820 1576 2875; x_wconf 84' lang='lat' dir='ltr'><strong>nesciat</strong></span> <span class='ocrx_word' id='word_1_218' title='bbox 1602 2837 1621 2873; x_wconf 77' lang='grc' dir='ltr'><strong><em>τ</em></strong></span> <span class='ocrx_word' id='word_1_219' title='bbox 1648 2835 1712 2875; x_wconf 89' lang='lat' dir='ltr'><strong>ac</strong></span> <span class='ocrx_word' id='word_1_220' title='bbox 1737 2828 1882 2875; x_wconf 83' lang='lat' dir='ltr'><strong>recte</strong></span> 
     </span>
    </p>
   </div>
   <div class='ocr_carea' id='block_1_28' title="bbox 296 2909 1879 2981">
    <p class='ocr_par' dir='ltr' id='par_1_28' title="bbox 296 2909 1879 2981">
     <span class='ocr_line' id='line_1_28' title="bbox 296 2909 1879 2981; baseline 0.002 -17"><span class='ocrx_word' id='word_1_221' title='bbox 296 2909 534 2980; x_wconf 79' lang='lat' dir='ltr'><strong>quidem.</strong></span> <span class='ocrx_word' id='word_1_222' title='bbox 564 2910 633 2965; x_wconf 75' lang='lat' dir='ltr'><strong>At</strong></span> <span class='ocrx_word' id='word_1_223' title='bbox 659 2910 853 2965; x_wconf 85' lang='lat' dir='ltr'><strong>Paulus</strong></span> <span class='ocrx_word' id='word_1_224' title='bbox 881 2925 987 2965; x_wconf 91' lang='lat' dir='ltr'><strong>non</strong></span> <span class='ocrx_word' id='word_1_225' title='bbox 1017 2910 1297 2980; x_wconf 84' lang='lat' dir='ltr'><strong>utrobique</strong></span> <span class='ocrx_word' id='word_1_226' title='bbox 1325 2925 1385 2967; x_wconf 86' lang='lat' dir='ltr'><strong>se</strong></span> <span class='ocrx_word' id='word_1_227' title='bbox 1414 2910 1630 2966; x_wconf 81' lang='lat' dir='ltr'><strong>idiotam</strong></span> <span class='ocrx_word' id='word_1_228' title='bbox 1659 2910 1879 2981; x_wconf 70' lang='lat' dir='ltr'><strong>proﬁte-</strong></span> 
     </span>
    </p>
   </div>
   <div class='ocr_carea' id='block_1_29' title="bbox 303 2999 1878 3065">
    <p class='ocr_par' dir='ltr' id='par_1_29' title="bbox 303 2999 1878 3065">
     <span class='ocr_line' id='line_1_29' title="bbox 303 2999 1878 3065; baseline 0.003 -12"><span class='ocrx_word' id='word_1_229' title='bbox 303 3010 408 3064; x_wconf 89' lang='lat' dir='ltr'><strong>tur,</strong></span> <span class='ocrx_word' id='word_1_230' title='bbox 428 3000 525 3055; x_wconf 86' lang='lat' dir='ltr'><strong>sed</strong></span> <span class='ocrx_word' id='word_1_231' title='bbox 548 2999 600 3055; x_wconf 88' lang='lat' dir='ltr'><strong>in</strong></span> <span class='ocrx_word' id='word_1_232' title='bbox 629 3000 816 3055; x_wconf 81' lang='lat' dir='ltr'><strong>horam</strong></span> <span class='ocrx_word' id='word_1_233' title='bbox 835 3001 1006 3055; x_wconf 81' lang='lat' dir='ltr'><strong>altero</strong></span> <span class='ocrx_word' id='word_1_234' title='bbox 1024 3006 1250 3056; x_wconf 87' lang='lat' dir='ltr'><strong>tantum.</strong></span> <span class='ocrx_word' id='word_1_235' title='bbox 1274 3000 1343 3056; x_wconf 77' lang='lat' dir='ltr'><strong>Et</strong></span> <span class='ocrx_word' id='word_1_236' title='bbox 1358 3010 1419 3056; x_wconf 81' lang='lat' dir='ltr'><strong>ut</strong></span> <span class='ocrx_word' id='word_1_237' title='bbox 1441 3000 1493 3055; x_wconf 87' lang='lat' dir='ltr'><strong>id</strong></span> <span class='ocrx_word' id='word_1_238' title='bbox 1518 3002 1878 3065; x_wconf 77' lang='lat' dir='ltr'><strong>conﬁrmaret,</strong></span> 
     </span>
    </p>
   </div>
   <div class='ocr_carea' id='block_1_30' title="bbox 294 3089 1881 3160">
    <p class='ocr_par' dir='ltr' id='par_1_30' title="bbox 294 3089 1881 3160">
     <span class='ocr_line' id='line_1_30' title="bbox 294 3089 1881 3160; baseline 0.001 -16"><span class='ocrx_word' id='word_1_239' title='bbox 294 3089 690 3146; x_wconf 72' lang='lat' dir='ltr'><strong>distinctionem</strong></span> <span class='ocrx_word' id='word_1_240' title='bbox 716 3101 961 3147; x_wconf 87' lang='lat' dir='ltr'><strong>accurate</strong></span> <span class='ocrx_word' id='word_1_241' title='bbox 988 3091 1163 3160; x_wconf 76' lang='lat' dir='ltr'><strong>pomit</strong></span> <span class='ocrx_word' id='word_1_242' title='bbox 1182 3131 1200 3158; x_wconf 90' lang='lat'><strong>,</strong></span> <span class='ocrx_word' id='word_1_243' title='bbox 1229 3105 1351 3146; x_wconf 88' lang='lat' dir='ltr'><strong>cum</strong></span> <span class='ocrx_word' id='word_1_244' title='bbox 1377 3090 1603 3156; x_wconf 87' lang='lat' dir='ltr'><strong>diceret,</strong></span> <span class='ocrx_word' id='word_1_245' title='bbox 1628 3106 1881 3146; x_wconf 83' lang='lat' dir='ltr'><strong>acrruonc</strong></span> 
     </span>
    </p>
   </div>
   <div class='ocr_carea' id='block_1_31' title="bbox 296 3181 1876 3257">
    <p class='ocr_par' dir='ltr' id='par_1_31' title="bbox 296 3181 1876 3257">
     <span class='ocr_line' id='line_1_31' title="bbox 296 3181 1876 3257; baseline -0.003 -17"><span class='ocrx_word' id='word_1_246' title='bbox 296 3198 358 3240; x_wconf 77' lang='lat' dir='ltr'><strong>se</strong></span> <span class='ocrx_word' id='word_1_247' title='bbox 383 3182 600 3239; x_wconf 72' lang='lat' dir='ltr'><strong>idiotasn</strong></span> <span class='ocrx_word' id='word_1_248' title='bbox 619 3197 759 3248; x_wconf 86' lang='lat' dir='ltr'><strong>esse,</strong></span> <span class='ocrx_word' id='word_1_249' title='bbox 788 3183 885 3238; x_wconf 87' lang='lat' dir='ltr'><strong>sed</strong></span> <span class='ocrx_word' id='word_1_250' title='bbox 915 3198 1020 3238; x_wconf 87' lang='lat' dir='ltr'><strong>non</strong></span> <span class='ocrx_word' id='word_1_251' title='bbox 1047 3183 1351 3253; x_wconf 83' lang='lat' dir='ltr'><strong>cognitione</strong></span> <span class='ocrx_word' id='word_1_252' title='bbox 1380 3183 1476 3254; x_wconf 65' lang='lat'><strong>(9.</strong></span> <span class='ocrx_word' id='word_1_253' title='bbox 1500 3181 1624 3257; x_wconf 74' lang='lat' dir='ltr'><strong>Cor.</strong></span> <span class='ocrx_word' id='word_1_254' title='bbox 1653 3184 1742 3240; x_wconf 81' lang='lat' dir='ltr'><strong>ti.</strong></span> <span class='ocrx_word' id='word_1_255' title='bbox 1770 3184 1808 3239; x_wconf 89' lang='lat'><strong><em>6</em></strong></span> <span class='ocrx_word' id='word_1_256' title='bbox 1835 3183 1876 3252; x_wconf 83' lang='lat'><strong>).</strong></span> 
     </span>
    </p>
   </div>
   <div class='ocr_carea' id='block_1_32' title="bbox 296 3272 1878 3345">
    <p class='ocr_par' dir='ltr' id='par_1_32' title="bbox 296 3272 1878 3345">
     <span class='ocr_line' id='line_1_32' title="bbox 296 3272 1878 3345; baseline 0.001 -16"><span class='ocrx_word' id='word_1_257' title='bbox 296 3275 434 3329; x_wconf 88' lang='lat' dir='ltr'><strong>Sane</strong></span> <span class='ocrx_word' id='word_1_258' title='bbox 458 3274 505 3329; x_wconf 94' lang='lat' dir='ltr'><strong>si</strong></span> <span class='ocrx_word' id='word_1_259' title='bbox 530 3272 775 3329; x_wconf 78' lang='lat' dir='ltr'><strong>[sumtis</strong></span> <span class='ocrx_word' id='word_1_260' title='bbox 798 3274 1034 3343; x_wconf 82' lang='lat' dir='ltr'><strong>leporem</strong></span> <span class='ocrx_word' id='word_1_261' title='bbox 1066 3275 1083 3308; x_wconf 77' lang='grc' dir='ltr'>ι</span> <span class='ocrx_word' id='word_1_262' title='bbox 1110 3275 1398 3345; x_wconf 75' lang='lat' dir='ltr'><strong>exigerem,</strong></span> <span class='ocrx_word' id='word_1_263' title='bbox 1426 3275 1471 3329; x_wconf 90' lang='lat' dir='ltr'><strong>si</strong></span> <span class='ocrx_word' id='word_1_264' title='bbox 1502 3274 1878 3331; x_wconf 72' lang='lat' dir='ltr'><strong>Demosthenis</strong></span> 
     </span>
    </p>
   </div>
   <div class='ocr_carea' id='block_1_33' title="bbox 297 3365 1877 3436">
    <p class='ocr_par' dir='ltr' id='par_1_33' title="bbox 297 3365 1877 3436">
     <span class='ocr_line' id='line_1_33' title="bbox 297 3365 1877 3436; baseline 0.001 -16"><span class='ocrx_word' id='word_1_265' title='bbox 297 3380 543 3432; x_wconf 82' lang='lat' dir='ltr'><strong>acumen,</strong></span> <span class='ocrx_word' id='word_1_266' title='bbox 575 3367 620 3419; x_wconf 87' lang='lat' dir='ltr'><strong>si</strong></span> <span class='ocrx_word' id='word_1_267' title='bbox 645 3365 969 3436; x_wconf 82' lang='lat' dir='ltr'><strong>Thucydidis</strong></span> <span class='ocrx_word' id='word_1_268' title='bbox 992 3367 1305 3436; x_wconf 73' lang='lat' dir='ltr'><strong>gravitatem</strong></span> <span class='ocrx_word' id='word_1_269' title='bbox 1321 3407 1342 3434; x_wconf 83' lang='lat'><strong>,</strong></span> <span class='ocrx_word' id='word_1_270' title='bbox 1369 3367 1415 3422; x_wconf 93' lang='lat' dir='ltr'><strong>si</strong></span> <span class='ocrx_word' id='word_1_271' title='bbox 1443 3367 1677 3423; x_wconf 79' lang='lat' dir='ltr'><strong>Platonis</strong></span> <span class='ocrx_word' id='word_1_272' title='bbox 1701 3367 1877 3423; x_wconf 88' lang='lat' dir='ltr'><strong>subli-</strong></span> 
     </span>
    </p>
   </div>
   <div class='ocr_carea' id='block_1_34' title="bbox 295 3457 1876 3524">
    <p class='ocr_par' dir='ltr' id='par_1_34' title="bbox 295 3457 1876 3524">
     <span class='ocr_line' id='line_1_34' title="bbox 295 3457 1876 3524; baseline 0.004 -14"><span class='ocrx_word' id='word_1_273' title='bbox 295 3457 534 3512; x_wconf 87' lang='lat' dir='ltr'><strong>mitatem</strong></span> <span class='ocrx_word' id='word_1_274' title='bbox 554 3497 573 3524; x_wconf 88' lang='lat'><strong>,</strong></span> <span class='ocrx_word' id='word_1_275' title='bbox 602 3457 706 3512; x_wconf 85' lang='lat' dir='ltr'><strong>hoc</strong></span> <span class='ocrx_word' id='word_1_276' title='bbox 739 3458 888 3513; x_wconf 84' lang='lat' dir='ltr'><strong>Pauli</strong></span> <span class='ocrx_word' id='word_1_277' title='bbox 912 3458 1276 3515; x_wconf 80' lang='lat' dir='ltr'><strong>testimonium</strong></span> <span class='ocrx_word' id='word_1_278' title='bbox 1302 3460 1358 3514; x_wconf 83' lang='lat' dir='ltr'><strong>in</strong></span> <span class='ocrx_word' id='word_1_279' title='bbox 1385 3460 1616 3515; x_wconf 84' lang='lat' dir='ltr'><strong>medium</strong></span> <span class='ocrx_word' id='word_1_280' title='bbox 1644 3460 1876 3516; x_wconf 65' lang='lat' dir='ltr'><strong>ademn-</strong></span> 
     </span>
    </p>
   </div>
   <div class='ocr_carea' id='block_1_35' title="bbox 293 3547 1876 3615">
    <p class='ocr_par' dir='ltr' id='par_1_35' title="bbox 293 3547 1876 3615">
     <span class='ocr_line' id='line_1_35' title="bbox 293 3547 1876 3615; baseline 0.003 -13"><span class='ocrx_word' id='word_1_281' title='bbox 293 3548 416 3602; x_wconf 87' lang='lat' dir='ltr'><strong>dum</strong></span> <span class='ocrx_word' id='word_1_282' title='bbox 447 3556 615 3604; x_wconf 82' lang='lat' dir='ltr'><strong>esset.</strong></span> <span class='ocrx_word' id='word_1_283' title='bbox 641 3547 793 3603; x_wconf 89' lang='lat' dir='ltr'><strong>Nunc</strong></span> <span class='ocrx_word' id='word_1_284' title='bbox 815 3557 994 3604; x_wconf 64' lang='lat' dir='ltr'><strong>autem</strong></span> <span class='ocrx_word' id='word_1_285' title='bbox 1025 3548 1115 3603; x_wconf 90' lang='lat' dir='ltr'><strong>illa</strong></span> <span class='ocrx_word' id='word_1_286' title='bbox 1140 3550 1322 3604; x_wconf 78' lang='lat' dir='ltr'><strong>omnia</strong></span> <span class='ocrx_word' id='word_1_287' title='bbox 1350 3551 1512 3605; x_wconf 85' lang='lat' dir='ltr'><strong>missa</strong></span> <span class='ocrx_word' id='word_1_288' title='bbox 1538 3550 1676 3606; x_wconf 85' lang='lat' dir='ltr'><strong>facio</strong></span> <span class='ocrx_word' id='word_1_289' title='bbox 1703 3591 1716 3615; x_wconf 89' lang='lat'><strong>,</strong></span> <span class='ocrx_word' id='word_1_290' title='bbox 1741 3567 1876 3607; x_wconf 88' lang='lat' dir='ltr'><strong>nec-</strong></span> 
     </span>
    </p>
   </div>
   <div class='ocr_carea' id='block_1_36' title="bbox 293 3639 1877 3714">
    <p class='ocr_par' dir='ltr' id='par_1_36' title="bbox 293 3639 1877 3714">
     <span class='ocr_line' id='line_1_36' title="bbox 293 3639 1877 3714; baseline 0.003 -21"><span class='ocrx_word' id='word_1_291' title='bbox 293 3654 398 3695; x_wconf 88' lang='lat' dir='ltr'><strong>non</strong></span> <span class='ocrx_word' id='word_1_292' title='bbox 440 3639 709 3695; x_wconf 85' lang='lat' dir='ltr'><strong>curiosum</strong></span> <span class='ocrx_word' id='word_1_293' title='bbox 754 3640 903 3694; x_wconf 89' lang='lat' dir='ltr'><strong>illum</strong></span> <span class='ocrx_word' id='word_1_294' title='bbox 950 3650 1255 3695; x_wconf 68' lang='lat' dir='ltr'><strong>catomum</strong></span> <span class='ocrx_word' id='word_1_295' title='bbox 1301 3650 1589 3707; x_wconf 72' lang='lat' dir='ltr'><strong>crinitum,</strong></span> <span class='ocrx_word' id='word_1_296' title='bbox 1639 3642 1877 3714; x_wconf 75' lang='lat' dir='ltr'><strong>nihilque</strong></span> 
     </span>
    </p>
   </div>
   <div class='ocr_carea' id='block_1_37' title="bbox 294 3730 1876 3802">
    <p class='ocr_par' dir='ltr' id='par_1_37' title="bbox 294 3730 1876 3802">
     <span class='ocr_line' id='line_1_37' title="bbox 294 3730 1876 3802; baseline 0.003 -17"><span class='ocrx_word' id='word_1_297' title='bbox 294 3746 423 3785; x_wconf 88' lang='lat' dir='ltr'><strong>curo</strong></span> <span class='ocrx_word' id='word_1_298' title='bbox 447 3730 736 3786; x_wconf 84' lang='lat' dir='ltr'><strong>dictionem</strong></span> <span class='ocrx_word' id='word_1_299' title='bbox 761 3731 1338 3802; x_wconf 75' lang='lat' dir='ltr'><strong>enuntiatimnemque’.</strong></span> <span class='ocrx_word' id='word_1_300' title='bbox 1359 3733 1465 3789; x_wconf 85' lang='lat' dir='ltr'><strong>Sed</strong></span> <span class='ocrx_word' id='word_1_301' title='bbox 1484 3745 1608 3789; x_wconf 86' lang='lat' dir='ltr'><strong>esto</strong></span> <span class='ocrx_word' id='word_1_302' title='bbox 1624 3735 1770 3790; x_wconf 86' lang='lat' dir='ltr'><strong>illum</strong></span> <span class='ocrx_word' id='word_1_303' title='bbox 1788 3736 1876 3791; x_wconf 85' lang='lat' dir='ltr'><strong>di-</strong></span> 
     </span>
    </p>
   </div>
   <div class='ocr_carea' id='block_1_38' title="bbox 294 3822 1876 3893">
    <p class='ocr_par' dir='ltr' id='par_1_38' title="bbox 294 3822 1876 3893">
     <span class='ocr_line' id='line_1_38' title="bbox 294 3822 1876 3893; baseline 0.004 -17"><span class='ocrx_word' id='word_1_304' title='bbox 294 3824 472 3877; x_wconf 88' lang='lat' dir='ltr'><strong>ctione</strong></span> <span class='ocrx_word' id='word_1_305' title='bbox 495 3822 707 3893; x_wconf 87' lang='lat' dir='ltr'><strong>inopem</strong></span> <span class='ocrx_word' id='word_1_306' title='bbox 732 3836 878 3889; x_wconf 86' lang='lat' dir='ltr'><strong>esse,</strong></span> <span class='ocrx_word' id='word_1_307' title='bbox 902 3832 958 3878; x_wconf 87' lang='lat' dir='ltr'><strong>et</strong></span> <span class='ocrx_word' id='word_1_308' title='bbox 981 3825 1417 3893; x_wconf 69' lang='lat' dir='ltr'><strong>annpositimem</strong></span> <span class='ocrx_word' id='word_1_309' title='bbox 1436 3827 1716 3881; x_wconf 78' lang='lat' dir='ltr'><strong>nominum</strong></span> <span class='ocrx_word' id='word_1_310' title='bbox 1740 3828 1876 3883; x_wconf 69' lang='lat' dir='ltr'><strong>sia:-</strong></span> 
     </span>
    </p>
   </div>
   <div class='ocr_carea' id='block_1_39' title="bbox 298 3916 1876 3990">
    <p class='ocr_par' dir='ltr' id='par_1_39' title="bbox 298 3916 1876 3990">
     <span class='ocr_line' id='line_1_39' title="bbox 298 3916 1876 3990; baseline 0.004 -21"><span class='ocrx_word' id='word_1_311' title='bbox 298 3916 485 3983; x_wconf 87' lang='lat' dir='ltr'><strong>plicem</strong></span> <span class='ocrx_word' id='word_1_312' title='bbox 511 3931 575 3970; x_wconf 89' lang='lat' dir='ltr'><strong>ac</strong></span> <span class='ocrx_word' id='word_1_313' title='bbox 600 3916 901 3981; x_wconf 85' lang='lat' dir='ltr'><strong>remissam,</strong></span> <span class='ocrx_word' id='word_1_314' title='bbox 924 3916 1048 3972; x_wconf 87' lang='lat' dir='ltr'><strong>dum</strong></span> <span class='ocrx_word' id='word_1_315' title='bbox 1073 3931 1142 3972; x_wconf 87' lang='lat' dir='ltr'><strong>ne</strong></span> <span class='ocrx_word' id='word_1_316' title='bbox 1170 3917 1469 3987; x_wconf 71' lang='lat' dir='ltr'><strong>cognitione</strong></span> <span class='ocrx_word' id='word_1_317' title='bbox 1492 3928 1549 3973; x_wconf 88' lang='lat' dir='ltr'><strong>et</strong></span> <span class='ocrx_word' id='word_1_318' title='bbox 1564 3918 1876 3990; x_wconf 81' lang='lat' dir='ltr'><strong>dogmatum</strong></span> 
     </span>
    </p>
   </div>
   <div class='ocr_carea' id='block_1_40' title="bbox 296 4008 1875 4085">
    <p class='ocr_par' dir='ltr' id='par_1_40' title="bbox 296 4008 1875 4085">
     <span class='ocr_line' id='line_1_40' title="bbox 296 4008 1875 4085; baseline 0.005 -24"><span class='ocrx_word' id='word_1_319' title='bbox 296 4008 630 4062; x_wconf 88' lang='lat' dir='ltr'><strong>accuratione</strong></span> <span class='ocrx_word' id='word_1_320' title='bbox 649 4008 809 4062; x_wconf 89' lang='lat' dir='ltr'><strong>idiota</strong></span> <span class='ocrx_word' id='word_1_321' title='bbox 827 4009 926 4075; x_wconf 88' lang='lat' dir='ltr'><strong>sit;</strong></span> <span class='ocrx_word' id='word_1_322' title='bbox 948 4025 1013 4063; x_wconf 91' lang='lat' dir='ltr'><strong>ne</strong></span> <span class='ocrx_word' id='word_1_323' title='bbox 1030 4009 1168 4075; x_wconf 91' lang='lat' dir='ltr'><strong>ideo,</strong></span> <span class='ocrx_word' id='word_1_324' title='bbox 1188 4019 1247 4064; x_wconf 92' lang='lat' dir='ltr'><strong>ut</strong></span> <span class='ocrx_word' id='word_1_325' title='bbox 1262 4008 1526 4079; x_wconf 81' lang='lat' dir='ltr'><strong>ignaviam</strong></span> <span class='ocrx_word' id='word_1_326' title='bbox 1542 4021 1875 4085; x_wconf 77' lang='lat' dir='ltr'><strong>tegatsuarn,</strong></span> 
     </span>
    </p>
   </div>
   <div class='ocr_carea' id='block_1_41' title="bbox 296 4097 1876 4176">
    <p class='ocr_par' dir='ltr' id='par_1_41' title="bbox 296 4097 1876 4176">
     <span class='ocr_line' id='line_1_41' title="bbox 296 4097 1876 4176; baseline 0.004 -23"><span class='ocrx_word' id='word_1_327' title='bbox 296 4097 449 4154; x_wconf 84' lang='lat' dir='ltr'><strong>beato</strong></span> <span class='ocrx_word' id='word_1_328' title='bbox 474 4098 548 4153; x_wconf 88' lang='lat' dir='ltr'><strong>illi</strong></span> <span class='ocrx_word' id='word_1_329' title='bbox 571 4098 710 4169; x_wconf 89' lang='lat' dir='ltr'><strong>quod</strong></span> <span class='ocrx_word' id='word_1_330' title='bbox 733 4099 1018 4155; x_wconf 80' lang='lat' dir='ltr'><strong>maximum</strong></span> <span class='ocrx_word' id='word_1_331' title='bbox 1042 4100 1097 4156; x_wconf 91' lang='lat' dir='ltr'><strong>in</strong></span> <span class='ocrx_word' id='word_1_332' title='bbox 1120 4101 1273 4157; x_wconf 89' lang='lat' dir='ltr'><strong>bonis</strong></span> <span class='ocrx_word' id='word_1_333' title='bbox 1290 4111 1378 4158; x_wconf 84' lang='lat' dir='ltr'><strong>est</strong></span> <span class='ocrx_word' id='word_1_334' title='bbox 1401 4102 1719 4175; x_wconf 80' lang='lat' dir='ltr'><strong>laudemque</strong></span> <span class='ocrx_word' id='word_1_335' title='bbox 1739 4122 1876 4176; x_wconf 79' lang='lat' dir='ltr'><strong>pra:-</strong></span> 
     </span>
    </p>
   </div>
   <div class='ocr_carea' id='block_1_42' title="bbox 297 4189 759 4258">
    <p class='ocr_par' dir='ltr' id='par_1_42' title="bbox 297 4189 759 4258">
     <span class='ocr_line' id='line_1_42' title="bbox 297 4189 759 4258; baseline 0.002 -15"><span class='ocrx_word' id='word_1_336' title='bbox 297 4190 503 4258; x_wconf 87' lang='lat' dir='ltr'><strong>cipuam</strong></span> <span class='ocrx_word' id='word_1_337' title='bbox 534 4189 759 4245; x_wconf 77' lang='lat' dir='ltr'><strong>auferat.</strong></span> 
     </span>
    </p>
   </div>
   <div class='ocr_carea' id='block_1_43' title="bbox 365 4277 1874 4353">
    <p class='ocr_par' dir='ltr' id='par_1_43' title="bbox 365 4277 1874 4353">
     <span class='ocr_line' id='line_1_43' title="bbox 365 4277 1874 4353; baseline 0.007 -22"><span class='ocrx_word' id='word_1_338' title='bbox 365 4279 418 4332; x_wconf 89' lang='lat'><strong>7.</strong></span> <span class='ocrx_word' id='word_1_339' title='bbox 460 4277 683 4333; x_wconf 84' lang='lat' dir='ltr'><strong>Paulum</strong></span> <span class='ocrx_word' id='word_1_340' title='bbox 712 4295 814 4333; x_wconf 86' lang='lat' dir='ltr'><strong>non</strong></span> <span class='ocrx_word' id='word_1_341' title='bbox 836 4279 1097 4336; x_wconf 77' lang='lat' dir='ltr'><strong>miraculis</strong></span> <span class='ocrx_word' id='word_1_342' title='bbox 1117 4281 1284 4336; x_wconf 86' lang='lat' dir='ltr'><strong>solum</strong></span> <span class='ocrx_word' id='word_1_343' title='bbox 1308 4283 1579 4353; x_wconf 78' lang='lat' dir='ltr'><strong>claruisse,</strong></span> <span class='ocrx_word' id='word_1_344' title='bbox 1608 4287 1699 4341; x_wconf 84' lang='lat' dir='ltr'><strong>sed</strong></span> <span class='ocrx_word' id='word_1_345' title='bbox 1721 4287 1874 4342; x_wconf 84' lang='lat' dir='ltr'><strong>etiam</strong></span> 
     </span>
    </p>
   </div>
   <div class='ocr_carea' id='block_1_44' title="bbox 296 4367 1870 4439">
    <p class='ocr_par' dir='ltr' id='par_1_44' title="bbox 296 4367 1870 4439">
     <span class='ocr_line' id='line_1_44' title="bbox 296 4367 1870 4439; baseline 0.008 -17"><span class='ocrx_word' id='word_1_346' title='bbox 296 4377 401 4423; x_wconf 81' lang='lat' dir='ltr'><strong>arte</strong></span> <span class='ocrx_word' id='word_1_347' title='bbox 418 4367 638 4424; x_wconf 82' lang='lat' dir='ltr'><strong>dicendi.</strong></span> <span class='ocrx_word' id='word_1_348' title='bbox 654 4396 726 4409; x_wconf 89' lang='lat'><strong>--</strong></span> <span class='ocrx_word' id='word_1_349' title='bbox 740 4368 1037 4434; x_wconf 85' lang='lat' dir='ltr'><strong>Undenam,</strong></span> <span class='ocrx_word' id='word_1_350' title='bbox 1057 4371 1301 4439; x_wconf 89' lang='lat' dir='ltr'><strong>obsecro,</strong></span> <span class='ocrx_word' id='word_1_351' title='bbox 1324 4374 1535 4431; x_wconf 70' lang='lat' dir='ltr'><strong>Judaros</strong></span> <span class='ocrx_word' id='word_1_352' title='bbox 1559 4375 1870 4435; x_wconf 84' lang='lat' dir='ltr'><strong>Damascum</strong></span> 
     </span>
    </p>
   </div>
   <div class='ocr_carea' id='block_1_45' title="bbox 300 4451 1885 4523">
    <p class='ocr_par' dir='ltr' id='par_1_45' title="bbox 300 4451 1885 4523">
     <span class='ocr_line' id='line_1_45' title="bbox 300 4451 1885 4523; baseline 0.002 -19"><span class='ocrx_word' id='word_1_353' title='bbox 300 4452 605 4506; x_wconf 85' lang='lat' dir='ltr'><strong>incolentes</strong></span> <span class='ocrx_word' id='word_1_354' title='bbox 629 4451 881 4506; x_wconf 71' lang='lat' dir='ltr'><strong>confudit</strong></span> <span class='ocrx_word' id='word_1_355' title='bbox 904 4453 1044 4523; x_wconf 82' lang='lat' dir='ltr'><strong>(Act.</strong></span> <span class='ocrx_word' id='word_1_356' title='bbox 1063 4451 1116 4506; x_wconf 89' lang='lat'><strong>9.</strong></span> <span class='ocrx_word' id='word_1_357' title='bbox 1139 4451 1261 4522; x_wconf 71' lang='lat'><strong>22),</strong></span> <span class='ocrx_word' id='word_1_358' title='bbox 1290 4468 1414 4507; x_wconf 88' lang='lat' dir='ltr'><strong>cum</strong></span> <span class='ocrx_word' id='word_1_359' title='bbox 1440 4454 1687 4507; x_wconf 81' lang='lat' dir='ltr'><strong>nomium</strong></span> <span class='ocrx_word' id='word_1_360' title='bbox 1711 4454 1885 4507; x_wconf 86' lang='lat' dir='ltr'><strong>mira-</strong></span> 
     </span>
    </p>
   </div>
   <div class='ocr_carea' id='block_1_46' title="bbox 301 4540 1886 4614">
    <p class='ocr_par' dir='ltr' id='par_1_46' title="bbox 301 4540 1886 4614">
     <span class='ocr_line' id='line_1_46' title="bbox 301 4540 1886 4614; baseline 0.001 -16"><span class='ocrx_word' id='word_1_361' title='bbox 301 4544 422 4598; x_wconf 83' lang='lat' dir='ltr'><strong>cuia</strong></span> <span class='ocrx_word' id='word_1_362' title='bbox 447 4542 614 4599; x_wconf 90' lang='lat' dir='ltr'><strong>edere</strong></span> <span class='ocrx_word' id='word_1_363' title='bbox 644 4542 937 4612; x_wconf 69' lang='lat' dir='ltr'><strong>coepisset?</strong></span> <span class='ocrx_word' id='word_1_364' title='bbox 963 4544 1111 4599; x_wconf 86' lang='lat' dir='ltr'><strong>unde</strong></span> <span class='ocrx_word' id='word_1_365' title='bbox 1130 4540 1463 4599; x_wconf 89' lang='lat' dir='ltr'><strong>Hellenistas</strong></span> <span class='ocrx_word' id='word_1_366' title='bbox 1485 4545 1616 4599; x_wconf 89' lang='lat' dir='ltr'><strong>item</strong></span> <span class='ocrx_word' id='word_1_367' title='bbox 1638 4550 1886 4614; x_wconf 85' lang='lat' dir='ltr'><strong>prostra-</strong></span> 
     </span>
    </p>
   </div>
   <div class='ocr_carea' id='block_1_47' title="bbox 298 4636 1884 4709">
    <p class='ocr_par' dir='ltr' id='par_1_47' title="bbox 298 4636 1884 4709">
     <span class='ocr_line' id='line_1_47' title="bbox 298 4636 1884 4709; baseline 0.003 -19"><span class='ocrx_word' id='word_1_368' title='bbox 298 4640 372 4693; x_wconf 82' lang='lat' dir='ltr'><strong>vit</strong></span> <span class='ocrx_word' id='word_1_369' title='bbox 389 4639 413 4692; x_wconf 70' lang='lat'><strong><em>2</em></strong></span> <span class='ocrx_word' id='word_1_370' title='bbox 431 4653 607 4708; x_wconf 86' lang='lat' dir='ltr'><strong>quare</strong></span> <span class='ocrx_word' id='word_1_371' title='bbox 628 4636 864 4694; x_wconf 89' lang='lat' dir='ltr'><strong>Tarsum</strong></span> <span class='ocrx_word' id='word_1_372' title='bbox 880 4638 1088 4694; x_wconf 87' lang='lat' dir='ltr'><strong>missus</strong></span> <span class='ocrx_word' id='word_1_373' title='bbox 1108 4644 1192 4694; x_wconf 89' lang='lat' dir='ltr'><strong>est</strong></span> <span class='ocrx_word' id='word_1_374' title='bbox 1214 4636 1324 4708; x_wconf 86' lang='lat' dir='ltr'><strong>(Ib.</strong></span> <span class='ocrx_word' id='word_1_375' title='bbox 1347 4655 1396 4692; x_wconf 86' lang='grc' dir='ltr'><strong>υ.</strong></span> <span class='ocrx_word' id='word_1_376' title='bbox 1423 4639 1514 4694; x_wconf 75' lang='lat'><strong>29.</strong></span> <span class='ocrx_word' id='word_1_377' title='bbox 1533 4636 1623 4709; x_wconf 80' lang='lat'><strong>&#39;50)</strong></span> <span class='ocrx_word' id='word_1_378' title='bbox 1645 4638 1671 4692; x_wconf 77' lang='grc' dir='ltr'>τ</span> <span class='ocrx_word' id='word_1_379' title='bbox 1698 4653 1884 4695; x_wconf 89' lang='lat' dir='ltr'><strong>nonne</strong></span> 
     </span>
    </p>
   </div>
   <div class='ocr_carea' id='block_1_48' title="bbox 297 4730 1881 4802">
    <p class='ocr_par' dir='ltr' id='par_1_48' title="bbox 297 4730 1881 4802">
     <span class='ocr_line' id='line_1_48' title="bbox 297 4730 1881 4802; baseline 0 -18"><span class='ocrx_word' id='word_1_380' title='bbox 297 4732 422 4801; x_wconf 85' lang='lat' dir='ltr'><strong>quia</strong></span> <span class='ocrx_word' id='word_1_381' title='bbox 442 4731 493 4785; x_wconf 93' lang='lat' dir='ltr'><strong>vi</strong></span> <span class='ocrx_word' id='word_1_382' title='bbox 512 4730 666 4786; x_wconf 83' lang='lat' dir='ltr'><strong>verbi</strong></span> <span class='ocrx_word' id='word_1_383' title='bbox 687 4731 1005 4800; x_wconf 86' lang='lat' dir='ltr'><strong>superabat,</strong></span> <span class='ocrx_word' id='word_1_384' title='bbox 1024 4738 1079 4785; x_wconf 91' lang='lat' dir='ltr'><strong>et</strong></span> <span class='ocrx_word' id='word_1_385' title='bbox 1100 4731 1151 4784; x_wconf 94' lang='lat' dir='ltr'><strong>in</strong></span> <span class='ocrx_word' id='word_1_386' title='bbox 1174 4737 1387 4784; x_wconf 88' lang='lat' dir='ltr'><strong>tantum</strong></span> <span class='ocrx_word' id='word_1_387' title='bbox 1408 4730 1563 4801; x_wconf 72' lang='lat' dir='ltr'><strong>ipsos</strong></span> <span class='ocrx_word' id='word_1_388' title='bbox 1577 4731 1881 4802; x_wconf 87' lang='lat' dir='ltr'><strong>premebat,</strong></span> 
     </span>
    </p>
   </div>
   <div class='ocr_carea' id='block_1_49' title="bbox 298 4821 1886 4887">
    <p class='ocr_par' dir='ltr' id='par_1_49' title="bbox 298 4821 1886 4887">
     <span class='ocr_line' id='line_1_49' title="bbox 298 4821 1886 4887; baseline 0.004 -15"><span class='ocrx_word' id='word_1_389' title='bbox 298 4834 377 4886; x_wconf 89' lang='lat' dir='ltr'><strong>ut,</strong></span> <span class='ocrx_word' id='word_1_390' title='bbox 410 4837 470 4878; x_wconf 91' lang='lat' dir='ltr'><strong>se</strong></span> <span class='ocrx_word' id='word_1_391' title='bbox 497 4822 676 4877; x_wconf 83' lang='lat' dir='ltr'><strong>victos</strong></span> <span class='ocrx_word' id='word_1_392' title='bbox 709 4836 835 4877; x_wconf 91' lang='lat' dir='ltr'><strong>esse</strong></span> <span class='ocrx_word' id='word_1_393' title='bbox 860 4838 974 4877; x_wconf 89' lang='lat' dir='ltr'><strong>non</strong></span> <span class='ocrx_word' id='word_1_394' title='bbox 1009 4821 1271 4887; x_wconf 85' lang='lat' dir='ltr'><strong>ferentes,</strong></span> <span class='ocrx_word' id='word_1_395' title='bbox 1307 4821 1372 4877; x_wconf 91' lang='lat' dir='ltr'><strong>ad</strong></span> <span class='ocrx_word' id='word_1_396' title='bbox 1398 4824 1550 4878; x_wconf 89' lang='lat' dir='ltr'><strong>illius</strong></span> <span class='ocrx_word' id='word_1_397' title='bbox 1577 4839 1769 4879; x_wconf 89' lang='lat' dir='ltr'><strong>necem</strong></span> <span class='ocrx_word' id='word_1_398' title='bbox 1793 4824 1886 4879; x_wconf 80' lang='lat' dir='ltr'><strong>in-</strong></span> 
     </span>
    </p>
   </div>
   <div class='ocr_carea' id='block_1_50' title="bbox 295 4912 1885 4972">
    <p class='ocr_par' dir='ltr' id='par_1_50' title="bbox 295 4912 1885 4972">
     <span class='ocr_line' id='line_1_50' title="bbox 295 4912 1885 4972; baseline 0.003 -6"><span class='ocrx_word' id='word_1_399' title='bbox 295 4912 748 4969; x_wconf 73' lang='lat' dir='ltr'><strong>liammarenturil</strong></span> <span class='ocrx_word' id='word_1_400' title='bbox 769 4912 908 4968; x_wconf 86' lang='lat' dir='ltr'><strong>Tum</strong></span> <span class='ocrx_word' id='word_1_401' title='bbox 941 4916 1088 4970; x_wconf 91' lang='lat' dir='ltr'><strong>enim</strong></span> <span class='ocrx_word' id='word_1_402' title='bbox 1127 4915 1372 4970; x_wconf 89' lang='lat' dir='ltr'><strong>nondum</strong></span> <span class='ocrx_word' id='word_1_403' title='bbox 1413 4916 1684 4971; x_wconf 87' lang='lat' dir='ltr'><strong>miracula</strong></span> <span class='ocrx_word' id='word_1_404' title='bbox 1720 4915 1885 4972; x_wconf 86' lang='lat' dir='ltr'><strong>edere</strong></span> 
     </span>
    </p>
   </div>
   <div class='ocr_carea' id='block_1_51' title="bbox 295 5008 1883 5079">
    <p class='ocr_par' dir='ltr' id='par_1_51' title="bbox 295 5008 1883 5079">
     <span class='ocr_line' id='line_1_51' title="bbox 295 5008 1883 5079; baseline 0.004 -20"><span class='ocrx_word' id='word_1_405' title='bbox 295 5016 541 5076; x_wconf 69' lang='lat' dir='ltr'><strong>coeperat</strong></span> <span class='ocrx_word' id='word_1_406' title='bbox 589 5024 605 5061; x_wconf 90' lang='lat'><strong>:</strong></span> <span class='ocrx_word' id='word_1_407' title='bbox 649 5021 829 5078; x_wconf 85' lang='lat' dir='ltr'><strong>neque</strong></span> <span class='ocrx_word' id='word_1_408' title='bbox 872 5008 1050 5077; x_wconf 89' lang='lat' dir='ltr'><strong>possit</strong></span> <span class='ocrx_word' id='word_1_409' title='bbox 1094 5008 1371 5079; x_wconf 87' lang='lat' dir='ltr'><strong>quispiam</strong></span> <span class='ocrx_word' id='word_1_410' title='bbox 1418 5008 1628 5072; x_wconf 88' lang='lat' dir='ltr'><strong>dicere,</strong></span> <span class='ocrx_word' id='word_1_411' title='bbox 1678 5008 1883 5066; x_wconf 88' lang='lat' dir='ltr'><strong>multos</strong></span> 
     </span>
    </p>
   </div>
   <div class='ocr_carea' id='block_1_52' title="bbox 297 5099 1882 5171">
    <p class='ocr_par' dir='ltr' id='par_1_52' title="bbox 297 5099 1882 5171">
     <span class='ocr_line' id='line_1_52' title="bbox 297 5099 1882 5171; baseline 0.004 -24"><span class='ocrx_word' id='word_1_412' title='bbox 297 5101 480 5169; x_wconf 81' lang='lat' dir='ltr'><strong>ipsum</strong></span> <span class='ocrx_word' id='word_1_413' title='bbox 523 5099 596 5154; x_wconf 92' lang='lat' dir='ltr'><strong>ob</strong></span> <span class='ocrx_word' id='word_1_414' title='bbox 647 5099 1045 5154; x_wconf 85' lang='lat' dir='ltr'><strong>miraculorum</strong></span> <span class='ocrx_word' id='word_1_415' title='bbox 1099 5100 1331 5171; x_wconf 81' lang='lat' dir='ltr'><strong>gloriam</strong></span> <span class='ocrx_word' id='word_1_416' title='bbox 1367 5100 1752 5155; x_wconf 87' lang='lat' dir='ltr'><strong>admirandum</strong></span> <span class='ocrx_word' id='word_1_417' title='bbox 1783 5099 1882 5154; x_wconf 90' lang='lat' dir='ltr'><strong>ha-</strong></span> 
     </span>
    </p>
   </div>
   <div class='ocr_carea' id='block_1_53' title="bbox 297 5192 1884 5262">
    <p class='ocr_par' dir='ltr' id='par_1_53' title="bbox 297 5192 1884 5262">
     <span class='ocr_line' id='line_1_53' title="bbox 297 5192 1884 5262; baseline 0.001 -18"><span class='ocrx_word' id='word_1_418' title='bbox 297 5193 506 5257; x_wconf 89' lang='lat' dir='ltr'><strong>buisse,</strong></span> <span class='ocrx_word' id='word_1_419' title='bbox 536 5205 744 5260; x_wconf 80' lang='lat' dir='ltr'><strong>eosque</strong></span> <span class='ocrx_word' id='word_1_420' title='bbox 761 5192 854 5261; x_wconf 88' lang='lat' dir='ltr'><strong>qui</strong></span> <span class='ocrx_word' id='word_1_421' title='bbox 888 5208 1013 5253; x_wconf 86' lang='lat' dir='ltr'><strong>cum</strong></span> <span class='ocrx_word' id='word_1_422' title='bbox 1047 5207 1117 5246; x_wconf 90' lang='lat' dir='ltr'><strong>eo</strong></span> <span class='ocrx_word' id='word_1_423' title='bbox 1142 5192 1460 5262; x_wconf 84' lang='lat' dir='ltr'><strong>pugnabant</strong></span> <span class='ocrx_word' id='word_1_424' title='bbox 1476 5193 1581 5247; x_wconf 90' lang='lat' dir='ltr'><strong>viri</strong></span> <span class='ocrx_word' id='word_1_425' title='bbox 1595 5193 1884 5248; x_wconf 85' lang='lat' dir='ltr'><strong>existima-</strong></span> 
     </span>
    </p>
   </div>
   <div class='ocr_carea' id='block_1_54' title="bbox 294 5282 1881 5355">
    <p class='ocr_par' dir='ltr' id='par_1_54' title="bbox 294 5282 1881 5355">
     <span class='ocr_line' id='line_1_54' title="bbox 294 5282 1881 5355; baseline 0.002 -21"><span class='ocrx_word' id='word_1_426' title='bbox 294 5285 447 5338; x_wconf 85' lang='lat' dir='ltr'><strong>tione</strong></span> <span class='ocrx_word' id='word_1_427' title='bbox 488 5282 661 5338; x_wconf 89' lang='lat' dir='ltr'><strong>fuisse</strong></span> <span class='ocrx_word' id='word_1_428' title='bbox 690 5289 1005 5351; x_wconf 83' lang='lat' dir='ltr'><strong>prostratos</strong></span> <span class='ocrx_word' id='word_1_429' title='bbox 1040 5300 1053 5337; x_wconf 91' lang='lat'>:</span> <span class='ocrx_word' id='word_1_430' title='bbox 1089 5298 1217 5337; x_wconf 90' lang='lat' dir='ltr'><strong>nam</strong></span> <span class='ocrx_word' id='word_1_431' title='bbox 1250 5284 1315 5337; x_wconf 91' lang='lat' dir='ltr'><strong>ad</strong></span> <span class='ocrx_word' id='word_1_432' title='bbox 1350 5284 1405 5337; x_wconf 91' lang='lat' dir='ltr'><strong>id</strong></span> <span class='ocrx_word' id='word_1_433' title='bbox 1447 5299 1624 5355; x_wconf 90' lang='lat' dir='ltr'><strong>usque</strong></span> <span class='ocrx_word' id='word_1_434' title='bbox 1660 5291 1881 5354; x_wconf 89' lang='lat' dir='ltr'><strong>tempus</strong></span> 
     </span>
    </p>
   </div>
   <div class='ocr_carea' id='block_1_55' title="bbox 294 5374 1883 5445">
    <p class='ocr_par' dir='ltr' id='par_1_55' title="bbox 294 5374 1883 5445">
     <span class='ocr_line' id='line_1_55' title="bbox 294 5374 1883 5445; baseline 0.001 -17"><span class='ocrx_word' id='word_1_435' title='bbox 294 5374 570 5430; x_wconf 87' lang='lat' dir='ltr'><strong>sermonis</strong></span> <span class='ocrx_word' id='word_1_436' title='bbox 602 5374 655 5428; x_wconf 90' lang='lat' dir='ltr'><strong>vi</strong></span> <span class='ocrx_word' id='word_1_437' title='bbox 680 5375 998 5445; x_wconf 86' lang='lat' dir='ltr'><strong>superabat.</strong></span> <span class='ocrx_word' id='word_1_438' title='bbox 1023 5374 1304 5430; x_wconf 80' lang='lat' dir='ltr'><strong>Adversus</strong></span> <span class='ocrx_word' id='word_1_439' title='bbox 1325 5390 1422 5431; x_wconf 92' lang='lat' dir='ltr'><strong>eos</strong></span> <span class='ocrx_word' id='word_1_440' title='bbox 1441 5384 1623 5431; x_wconf 91' lang='lat' dir='ltr'><strong>autem</strong></span> <span class='ocrx_word' id='word_1_441' title='bbox 1642 5376 1738 5444; x_wconf 91' lang='lat' dir='ltr'><strong>qui</strong></span> <span class='ocrx_word' id='word_1_442' title='bbox 1768 5377 1883 5431; x_wconf 84' lang='lat' dir='ltr'><strong>An-</strong></span> 
     </span>
    </p>
   </div>
   <div class='ocr_carea' id='block_1_56' title="bbox 296 5464 1883 5538">
    <p class='ocr_par' dir='ltr' id='par_1_56' title="bbox 296 5464 1883 5538">
     <span class='ocr_line' id='line_1_56' title="bbox 296 5464 1883 5538; baseline 0.003 -19"><span class='ocrx_word' id='word_1_443' title='bbox 296 5466 516 5520; x_wconf 80' lang='lat' dir='ltr'><strong>tiochia:</strong></span> <span class='ocrx_word' id='word_1_444' title='bbox 536 5464 821 5535; x_wconf 80' lang='lat' dir='ltr'><strong>judaizare</strong></span> <span class='ocrx_word' id='word_1_445' title='bbox 842 5465 1325 5536; x_wconf 85' lang='lat' dir='ltr'><strong>aggrediebantur,</strong></span> <span class='ocrx_word' id='word_1_446' title='bbox 1354 5468 1634 5538; x_wconf 89' lang='lat' dir='ltr'><strong>quomodo</strong></span> <span class='ocrx_word' id='word_1_447' title='bbox 1654 5469 1883 5524; x_wconf 90' lang='lat' dir='ltr'><strong>dimica-</strong></span> 
     </span>
    </p>
   </div>
   <div class='ocr_carea' id='block_1_57' title="bbox 296 5554 1876 5628">
    <p class='ocr_par' dir='ltr' id='par_1_57' title="bbox 296 5554 1876 5628">
     <span class='ocr_line' id='line_1_57' title="bbox 296 5554 1876 5628; baseline 0.003 -20"><span class='ocrx_word' id='word_1_448' title='bbox 296 5554 391 5609; x_wconf 88' lang='lat' dir='ltr'><strong>bat</strong></span> <span class='ocrx_word' id='word_1_449' title='bbox 408 5555 841 5626; x_wconf 86' lang='lat' dir='ltr'><strong>disputabatque</strong></span> <span class='ocrx_word' id='word_1_450' title='bbox 864 5555 1010 5628; x_wconf 83' lang='lat' dir='ltr'><strong>(Gal.</strong></span> <span class='ocrx_word' id='word_1_451' title='bbox 1029 5557 1084 5610; x_wconf 74' lang='lat'><strong>2.</strong></span> <span class='ocrx_word' id='word_1_452' title='bbox 1111 5557 1242 5623; x_wconf 79' lang='lat' dir='ltr'><strong>ii)?</strong></span> <span class='ocrx_word' id='word_1_453' title='bbox 1260 5559 1589 5628; x_wconf 83' lang='lat' dir='ltr'><strong>Areopagita</strong></span> <span class='ocrx_word' id='word_1_454' title='bbox 1613 5574 1744 5613; x_wconf 87' lang='lat' dir='ltr'><strong>vero</strong></span> <span class='ocrx_word' id='word_1_455' title='bbox 1764 5560 1876 5624; x_wconf 90' lang='lat' dir='ltr'><strong>ille,</strong></span> 
     </span>
    </p>
   </div>
   <div class='ocr_carea' id='block_1_58' title="bbox 296 5646 1871 5717">
    <p class='ocr_par' dir='ltr' id='par_1_58' title="bbox 296 5646 1871 5717">
     <span class='ocr_line' id='line_1_58' title="bbox 296 5646 1871 5717; baseline 0.001 -16"><span class='ocrx_word' id='word_1_456' title='bbox 296 5646 866 5717; x_wconf 69' lang='lat' dir='ltr'><strong>superstitiosissima:</strong></span> <span class='ocrx_word' id='word_1_457' title='bbox 901 5647 1053 5704; x_wconf 86' lang='lat' dir='ltr'><strong>urbis</strong></span> <span class='ocrx_word' id='word_1_458' title='bbox 1079 5648 1232 5703; x_wconf 90' lang='lat' dir='ltr'><strong>illius</strong></span> <span class='ocrx_word' id='word_1_459' title='bbox 1261 5647 1423 5711; x_wconf 87' lang='lat' dir='ltr'><strong>civis,</strong></span> <span class='ocrx_word' id='word_1_460' title='bbox 1448 5663 1632 5703; x_wconf 90' lang='lat' dir='ltr'><strong>nonne</strong></span> <span class='ocrx_word' id='word_1_461' title='bbox 1660 5664 1726 5704; x_wconf 82' lang='lat' dir='ltr'><strong>ex</strong></span> <span class='ocrx_word' id='word_1_462' title='bbox 1757 5651 1871 5704; x_wconf 88' lang='lat' dir='ltr'><strong>sola</strong></span> 
     </span>
    </p>
   </div>
   <div class='ocr_carea' id='block_1_59' title="bbox 291 5739 1872 5819">
    <p class='ocr_par' dir='ltr' id='par_1_59' title="bbox 291 5739 1872 5819">
     <span class='ocr_line' id='line_1_59' title="bbox 291 5739 1872 5819; baseline -0.001 -25"><span class='ocrx_word' id='word_1_463' title='bbox 291 5741 416 5809; x_wconf 79' lang='lat' dir='ltr'><strong>cjus</strong></span> <span class='ocrx_word' id='word_1_464' title='bbox 435 5739 707 5819; x_wconf 84' lang='lat' dir='ltr'><strong>concione</strong></span> <span class='ocrx_word' id='word_1_465' title='bbox 736 5755 861 5795; x_wconf 87' lang='lat' dir='ltr'><strong>cum</strong></span> <span class='ocrx_word' id='word_1_466' title='bbox 881 5756 1054 5796; x_wconf 78' lang='lat' dir='ltr'><strong>uxore</strong></span> <span class='ocrx_word' id='word_1_467' title='bbox 1070 5748 1339 5811; x_wconf 87' lang='lat' dir='ltr'><strong>sequutus</strong></span> <span class='ocrx_word' id='word_1_468' title='bbox 1356 5756 1481 5796; x_wconf 90' lang='lat' dir='ltr'><strong>eum</strong></span> <span class='ocrx_word' id='word_1_469' title='bbox 1504 5748 1589 5797; x_wconf 91' lang='lat' dir='ltr'><strong>est</strong></span> <span class='ocrx_word' id='word_1_470' title='bbox 1619 5740 1761 5810; x_wconf 71' lang='grc' dir='ltr'><strong>(Αει.</strong></span> <span class='ocrx_word' id='word_1_471' title='bbox 1791 5741 1872 5796; x_wconf 83' lang='grc'><strong>17.</strong></span> 
     </span>
    </p>
   </div>
   <div class='ocr_carea' id='block_1_60' title="bbox 361 5870 1787 5939">
    <p class='ocr_par' dir='ltr' id='par_1_60' title="bbox 361 5870 1787 5939">
     <span class='ocr_line' id='line_1_60' title="bbox 361 5870 1787 5939; baseline -0.003 -14"><span class='ocrx_word' id='word_1_472' title='bbox 361 5876 376 5909; x_wconf 87' lang='grc'><strong>¹</strong></span> <span class='ocrx_word' id='word_1_473' title='bbox 410 5876 510 5925; x_wconf 76' lang='lat' dir='ltr'><strong>Alii</strong></span> <span class='ocrx_word' id='word_1_474' title='bbox 550 5873 781 5925; x_wconf 81' lang='lat' dir='ltr'><strong>Isocratis</strong></span> <span class='ocrx_word' id='word_1_475' title='bbox 801 5873 1114 5937; x_wconf 77' lang='lat' dir='ltr'><strong>facundiam;</strong></span> <span class='ocrx_word' id='word_1_476' title='bbox 1137 5874 1241 5935; x_wconf 88' lang='lat' dir='ltr'><strong>alii,</strong></span> <span class='ocrx_word' id='word_1_477' title='bbox 1264 5871 1470 5925; x_wconf 79' lang='lat' dir='ltr'><strong>socralis</strong></span> <span class='ocrx_word' id='word_1_478' title='bbox 1490 5870 1787 5939; x_wconf 69' lang='lat' dir='ltr'><strong>facmuliam.</strong></span> 
     </span>
    </p>
   </div>
   <div class='ocr_carea' id='block_1_61' title="bbox 360 5939 948 6004">
    <p class='ocr_par' dir='ltr' id='par_1_61' title="bbox 360 5939 948 6004">
     <span class='ocr_line' id='line_1_61' title="bbox 360 5939 948 6004; baseline 0 -17"><span class='ocrx_word' id='word_1_479' title='bbox 360 5940 380 5970; x_wconf 74' lang='grc' dir='ltr'>ι</span> <span class='ocrx_word' id='word_1_480' title='bbox 412 5939 534 5990; x_wconf 73' lang='lat' dir='ltr'><strong>Alli.</strong></span> <span class='ocrx_word' id='word_1_481' title='bbox 561 5939 948 6004; x_wconf 78' lang='lat' dir='ltr'><strong>apologtamque.</strong></span> 
     </span>
    </p>
   </div>
   <div class='ocr_carea' id='block_1_62' title="bbox 1508 411 2380 472">
    <p class='ocr_par' dir='ltr' id='par_1_62' title="bbox 1508 411 2380 472">
     <span class='ocr_line' id='line_1_62' title="bbox 1508 411 2380 472; baseline 0.006 -5"><span class='ocrx_word' id='word_1_482' title='bbox 1508 413 1595 468; x_wconf 82' lang='lat' dir='ltr'><strong>DE</strong></span> <span class='ocrx_word' id='word_1_483' title='bbox 1630 411 2079 469; x_wconf 75' lang='lat' dir='ltr'><strong>SACERDOTIO.</strong></span> <span class='ocrx_word' id='word_1_484' title='bbox 2123 415 2252 471; x_wconf 79' lang='lat' dir='ltr'><strong>LIB.</strong></span> <span class='ocrx_word' id='word_1_485' title='bbox 2294 417 2380 472; x_wconf 73' lang='lat' dir='ltr'><strong>iV.</strong></span> 
     </span>
    </p>
   </div>
   <div class='ocr_carea' id='block_1_63' title="bbox 3453 436 3558 491">
    <p class='ocr_par' dir='ltr' id='par_1_63' title="bbox 3453 436 3558 491">
     <span class='ocr_line' id='line_1_63' title="bbox 3453 436 3558 491; baseline 0.019 -2"><span class='ocrx_word' id='word_1_486' title='bbox 3453 436 3558 491; x_wconf 78' lang='lat'><strong>670</strong></span> 
     </span>
    </p>
   </div>
   <div class='ocr_carea' id='block_1_64' title="bbox 1974 523 3556 609">
    <p class='ocr_par' dir='ltr' id='par_1_64' title="bbox 1974 523 3556 609">
     <span class='ocr_line' id='line_1_64' title="bbox 1974 523 3556 609; baseline 0.011 -32"><span class='ocrx_word' id='word_1_487' title='bbox 1974 523 2068 593; x_wconf 66' lang='grc' dir='ltr'><strong>δι)</strong></span> <span class='ocrx_word' id='word_1_488' title='bbox 2092 526 2114 577; x_wconf 88' lang='lat'><strong>?</strong></span> <span class='ocrx_word' id='word_1_489' title='bbox 2142 526 2422 600; x_wconf 74' lang='lat' dir='ltr'><strong>Eutychus</strong></span> <span class='ocrx_word' id='word_1_490' title='bbox 2444 537 2626 607; x_wconf 83' lang='lat' dir='ltr'><strong>autem</strong></span> <span class='ocrx_word' id='word_1_491' title='bbox 2652 532 2928 601; x_wconf 86' lang='lat' dir='ltr'><strong>quomodo</strong></span> <span class='ocrx_word' id='word_1_492' title='bbox 2951 532 3021 589; x_wconf 90' lang='lat' dir='ltr'><strong>de</strong></span> <span class='ocrx_word' id='word_1_493' title='bbox 3038 534 3278 592; x_wconf 89' lang='lat' dir='ltr'><strong>fenestra</strong></span> <span class='ocrx_word' id='word_1_494' title='bbox 3295 539 3556 609; x_wconf 80' lang='lat' dir='ltr'><strong>delapsus</strong></span> 
     </span>
    </p>
   </div>
   <div class='ocr_carea' id='block_1_65' title="bbox 1973 615 3555 693">
    <p class='ocr_par' dir='ltr' id='par_1_65' title="bbox 1973 615 3555 693">
     <span class='ocr_line' id='line_1_65' title="bbox 1973 615 3555 693; baseline 0.008 -27"><span class='ocrx_word' id='word_1_495' title='bbox 1973 620 2062 667; x_wconf 87' lang='lat' dir='ltr'><strong>est</strong></span> <span class='ocrx_word' id='word_1_496' title='bbox 2096 615 2235 680; x_wconf 74' lang='lat' dir='ltr'><strong>(Act.</strong></span> <span class='ocrx_word' id='word_1_497' title='bbox 2268 618 2358 672; x_wconf 70' lang='lat'><strong>20.</strong></span> <span class='ocrx_word' id='word_1_498' title='bbox 2388 618 2490 687; x_wconf 74' lang='lat'><strong>9)?</strong></span> <span class='ocrx_word' id='word_1_499' title='bbox 2517 635 2699 676; x_wconf 90' lang='lat' dir='ltr'><strong>nonne</strong></span> <span class='ocrx_word' id='word_1_500' title='bbox 2726 624 2859 691; x_wconf 87' lang='lat' dir='ltr'><strong>quia</strong></span> <span class='ocrx_word' id='word_1_501' title='bbox 2890 639 3068 693; x_wconf 86' lang='lat' dir='ltr'><strong>usque</strong></span> <span class='ocrx_word' id='word_1_502' title='bbox 3094 625 3164 678; x_wconf 91' lang='lat' dir='ltr'><strong>ad</strong></span> <span class='ocrx_word' id='word_1_503' title='bbox 3197 627 3423 683; x_wconf 89' lang='lat' dir='ltr'><strong>multam</strong></span> <span class='ocrx_word' id='word_1_504' title='bbox 3456 646 3555 682; x_wconf 82' lang='lat' dir='ltr'><strong>no-</strong></span> 
     </span>
    </p>
   </div>
   <div class='ocr_carea' id='block_1_66' title="bbox 1973 703 3565 780">
    <p class='ocr_par' dir='ltr' id='par_1_66' title="bbox 1973 703 3565 780">
     <span class='ocr_line' id='line_1_66' title="bbox 1973 703 3565 780; baseline 0.009 -25"><span class='ocrx_word' id='word_1_505' title='bbox 1973 708 2118 757; x_wconf 84' lang='lat' dir='ltr'><strong>ctem</strong></span> <span class='ocrx_word' id='word_1_506' title='bbox 2152 703 2276 771; x_wconf 85' lang='lat' dir='ltr'><strong>ejus</strong></span> <span class='ocrx_word' id='word_1_507' title='bbox 2317 705 2607 762; x_wconf 74' lang='lat' dir='ltr'><strong>audienda:</strong></span> <span class='ocrx_word' id='word_1_508' title='bbox 2650 708 2914 765; x_wconf 82' lang='lat' dir='ltr'><strong>doctrinae</strong></span> <span class='ocrx_word' id='word_1_509' title='bbox 2947 712 3215 767; x_wconf 77' lang='lat' dir='ltr'><strong>vacabat?</strong></span> <span class='ocrx_word' id='word_1_510' title='bbox 3251 715 3394 780; x_wconf 82' lang='lat' dir='ltr'><strong>Quid</strong></span> <span class='ocrx_word' id='word_1_511' title='bbox 3428 733 3565 770; x_wconf 80' lang='lat' dir='ltr'><strong>vero</strong></span> 
     </span>
    </p>
   </div>
   <div class='ocr_carea' id='block_1_67' title="bbox 1975 785 3558 874">
    <p class='ocr_par' dir='ltr' id='par_1_67' title="bbox 1975 785 3558 874">
     <span class='ocr_line' id='line_1_67' title="bbox 1975 785 3558 874; baseline 0.013 -34"><span class='ocrx_word' id='word_1_512' title='bbox 1975 785 2389 874; x_wconf 69' lang='lat' dir='ltr'><strong>Thessalonica:</strong></span> <span class='ocrx_word' id='word_1_513' title='bbox 2425 801 2481 849; x_wconf 90' lang='lat' dir='ltr'><strong>et</strong></span> <span class='ocrx_word' id='word_1_514' title='bbox 2511 793 2805 852; x_wconf 77' lang='lat' dir='ltr'><strong>Corinthi?</strong></span> <span class='ocrx_word' id='word_1_515' title='bbox 2829 798 2963 868; x_wconf 88' lang='lat' dir='ltr'><strong>quid</strong></span> <span class='ocrx_word' id='word_1_516' title='bbox 3010 798 3237 870; x_wconf 86' lang='lat' dir='ltr'><strong>Ephesi,</strong></span> <span class='ocrx_word' id='word_1_517' title='bbox 3260 809 3319 857; x_wconf 92' lang='lat' dir='ltr'><strong>et</strong></span> <span class='ocrx_word' id='word_1_518' title='bbox 3350 802 3406 857; x_wconf 93' lang='lat' dir='ltr'><strong>in</strong></span> <span class='ocrx_word' id='word_1_519' title='bbox 3437 804 3558 874; x_wconf 86' lang='lat' dir='ltr'><strong>ipsa</strong></span> 
     </span>
    </p>
   </div>
   <div class='ocr_carea' id='block_1_68' title="bbox 1972 873 3560 963">
    <p class='ocr_par' dir='ltr' id='par_1_68' title="bbox 1972 873 3560 963">
     <span class='ocr_line' id='line_1_68' title="bbox 1972 873 3560 963; baseline 0.013 -34"><span class='ocrx_word' id='word_1_520' title='bbox 1972 873 2185 963; x_wconf 64' lang='lat' dir='ltr'><strong>Bome?</strong></span> <span class='ocrx_word' id='word_1_521' title='bbox 2205 896 2388 938; x_wconf 93' lang='lat' dir='ltr'><strong>nonne</strong></span> <span class='ocrx_word' id='word_1_522' title='bbox 2408 883 2527 940; x_wconf 85' lang='lat' dir='ltr'><strong>dies</strong></span> <span class='ocrx_word' id='word_1_523' title='bbox 2546 895 2844 955; x_wconf 87' lang='lat' dir='ltr'><strong>noctesque</strong></span> <span class='ocrx_word' id='word_1_524' title='bbox 2860 887 3176 945; x_wconf 88' lang='lat' dir='ltr'><strong>insumebat</strong></span> <span class='ocrx_word' id='word_1_525' title='bbox 3190 890 3250 946; x_wconf 89' lang='lat' dir='ltr'><strong>in</strong></span> <span class='ocrx_word' id='word_1_526' title='bbox 3274 873 3560 963; x_wconf 79' lang='lat' dir='ltr'><strong>exponen-</strong></span> 
     </span>
    </p>
   </div>
   <div class='ocr_carea' id='block_1_69' title="bbox 1970 962 3557 1050">
    <p class='ocr_par' dir='ltr' id='par_1_69' title="bbox 1970 962 3557 1050">
     <span class='ocr_line' id='line_1_69' title="bbox 1970 962 3557 1050; baseline 0.013 -35"><span class='ocrx_word' id='word_1_527' title='bbox 1970 962 2059 1018; x_wconf 88' lang='lat' dir='ltr'><strong>dis</strong></span> <span class='ocrx_word' id='word_1_528' title='bbox 2082 967 2555 1040; x_wconf 68' lang='lat' dir='ltr'><strong>ScripturisUam</strong></span> <span class='ocrx_word' id='word_1_529' title='bbox 2579 973 2709 1042; x_wconf 85' lang='lat' dir='ltr'><strong>quid</strong></span> <span class='ocrx_word' id='word_1_530' title='bbox 2734 973 2943 1031; x_wconf 75' lang='lat' dir='ltr'><strong>dixeris</strong></span> <span class='ocrx_word' id='word_1_531' title='bbox 2960 975 3032 1031; x_wconf 91' lang='lat' dir='ltr'><strong>de</strong></span> <span class='ocrx_word' id='word_1_532' title='bbox 3047 977 3197 1034; x_wconf 90' lang='lat' dir='ltr'><strong>illius</strong></span> <span class='ocrx_word' id='word_1_533' title='bbox 3223 962 3557 1050; x_wconf 85' lang='lat' dir='ltr'><strong>disputatio-</strong></span> 
     </span>
    </p>
   </div>
   <div class='ocr_carea' id='block_1_70' title="bbox 1971 1055 3555 1140">
    <p class='ocr_par' dir='ltr' id='par_1_70' title="bbox 1971 1055 3555 1140">
     <span class='ocr_line' id='line_1_70' title="bbox 1971 1055 3555 1140; baseline 0.009 -29"><span class='ocrx_word' id='word_1_534' title='bbox 1971 1055 2139 1111; x_wconf 89' lang='lat' dir='ltr'><strong>nibus</strong></span> <span class='ocrx_word' id='word_1_535' title='bbox 2166 1073 2291 1114; x_wconf 88' lang='lat' dir='ltr'><strong>cum</strong></span> <span class='ocrx_word' id='word_1_536' title='bbox 2330 1059 2615 1127; x_wconf 79' lang='lat' dir='ltr'><strong>Epicureis</strong></span> <span class='ocrx_word' id='word_1_537' title='bbox 2641 1070 2698 1119; x_wconf 89' lang='lat' dir='ltr'><strong>et</strong></span> <span class='ocrx_word' id='word_1_538' title='bbox 2747 1062 2953 1121; x_wconf 83' lang='lat' dir='ltr'><strong>Stoicis</strong></span> <span class='ocrx_word' id='word_1_539' title='bbox 2985 1066 3096 1138; x_wconf 84' lang='lat' dir='ltr'><strong>(Id.</strong></span> <span class='ocrx_word' id='word_1_540' title='bbox 3133 1069 3220 1133; x_wconf 82' lang='lat' dir='ltr'><strong>i7,</strong></span> <span class='ocrx_word' id='word_1_541' title='bbox 3258 1070 3389 1140; x_wconf 82' lang='lat' dir='ltr'><strong>i8)?</strong></span> <span class='ocrx_word' id='word_1_542' title='bbox 3418 1070 3555 1125; x_wconf 78' lang='lat' dir='ltr'><strong>Nam</strong></span> 
     </span>
    </p>
   </div>
   <div class='ocr_carea' id='block_1_71' title="bbox 1974 1142 3553 1226">
    <p class='ocr_par' dir='ltr' id='par_1_71' title="bbox 1974 1142 3553 1226">
     <span class='ocr_line' id='line_1_71' title="bbox 1974 1142 3553 1226; baseline 0.009 -27"><span class='ocrx_word' id='word_1_543' title='bbox 1974 1142 2022 1201; x_wconf 97' lang='lat' dir='ltr'><strong>si</strong></span> <span class='ocrx_word' id='word_1_544' title='bbox 2043 1147 2230 1203; x_wconf 86' lang='lat' dir='ltr'><strong>omnia</strong></span> <span class='ocrx_word' id='word_1_545' title='bbox 2254 1163 2547 1206; x_wconf 84' lang='lat' dir='ltr'><strong>recensere</strong></span> <span class='ocrx_word' id='word_1_546' title='bbox 2559 1153 2816 1215; x_wconf 85' lang='lat' dir='ltr'><strong>velimus,</strong></span> <span class='ocrx_word' id='word_1_547' title='bbox 2838 1155 3057 1226; x_wconf 88' lang='lat' dir='ltr'><strong>longius</strong></span> <span class='ocrx_word' id='word_1_548' title='bbox 3076 1167 3335 1213; x_wconf 79' lang='lat' dir='ltr'><strong>excurret</strong></span> <span class='ocrx_word' id='word_1_549' title='bbox 3352 1161 3553 1214; x_wconf 84' lang='lat' dir='ltr'><strong>oratio.</strong></span> 
     </span>
    </p>
   </div>
   <div class='ocr_carea' id='block_1_72' title="bbox 1972 1230 3555 1316">
    <p class='ocr_par' dir='ltr' id='par_1_72' title="bbox 1972 1230 3555 1316">
     <span class='ocr_line' id='line_1_72' title="bbox 1972 1230 3555 1316; baseline 0.007 -30"><span class='ocrx_word' id='word_1_550' title='bbox 1972 1230 2110 1287; x_wconf 89' lang='lat' dir='ltr'><strong>Cum</strong></span> <span class='ocrx_word' id='word_1_551' title='bbox 2140 1235 2329 1305; x_wconf 87' lang='lat' dir='ltr'><strong>itaque</strong></span> <span class='ocrx_word' id='word_1_552' title='bbox 2356 1246 2411 1292; x_wconf 92' lang='lat' dir='ltr'><strong>et</strong></span> <span class='ocrx_word' id='word_1_553' title='bbox 2441 1247 2570 1295; x_wconf 88' lang='lat' dir='ltr'><strong>ante</strong></span> <span class='ocrx_word' id='word_1_554' title='bbox 2586 1240 2838 1310; x_wconf 84' lang='lat' dir='ltr'><strong>signa.et</strong></span> <span class='ocrx_word' id='word_1_555' title='bbox 2861 1243 2916 1298; x_wconf 91' lang='lat' dir='ltr'><strong>in</strong></span> <span class='ocrx_word' id='word_1_556' title='bbox 2944 1243 3139 1299; x_wconf 88' lang='lat' dir='ltr'><strong>mediis</strong></span> <span class='ocrx_word' id='word_1_557' title='bbox 3175 1246 3350 1315; x_wconf 88' lang='lat' dir='ltr'><strong>signis</strong></span> <span class='ocrx_word' id='word_1_558' title='bbox 3372 1247 3555 1316; x_wconf 84' lang='lat' dir='ltr'><strong>ipsum</strong></span> 
     </span>
    </p>
   </div>
   <div class='ocr_carea' id='block_1_73' title="bbox 1977 1323 3560 1402">
    <p class='ocr_par' dir='ltr' id='par_1_73' title="bbox 1977 1323 3560 1402">
     <span class='ocr_line' id='line_1_73' title="bbox 1977 1323 3560 1402; baseline 0.011 -30"><span class='ocrx_word' id='word_1_559' title='bbox 1977 1323 2149 1377; x_wconf 86' lang='lat' dir='ltr'><strong>multa</strong></span> <span class='ocrx_word' id='word_1_560' title='bbox 2178 1324 2398 1383; x_wconf 87' lang='lat' dir='ltr'><strong>dicendi</strong></span> <span class='ocrx_word' id='word_1_561' title='bbox 2423 1328 2475 1382; x_wconf 90' lang='lat' dir='ltr'><strong>vi</strong></span> <span class='ocrx_word' id='word_1_562' title='bbox 2506 1346 2668 1385; x_wconf 89' lang='lat' dir='ltr'><strong>usum</strong></span> <span class='ocrx_word' id='word_1_563' title='bbox 2692 1346 2817 1386; x_wconf 86' lang='lat' dir='ltr'><strong>esse</strong></span> <span class='ocrx_word' id='word_1_564' title='bbox 2843 1333 3022 1401; x_wconf 85' lang='lat' dir='ltr'><strong>palam</strong></span> <span class='ocrx_word' id='word_1_565' title='bbox 3043 1332 3137 1398; x_wconf 87' lang='lat' dir='ltr'><strong>sit,</strong></span> <span class='ocrx_word' id='word_1_566' title='bbox 3161 1336 3443 1402; x_wconf 89' lang='lat' dir='ltr'><strong>quomodo</strong></span> <span class='ocrx_word' id='word_1_567' title='bbox 3461 1336 3560 1391; x_wconf 86' lang='lat' dir='ltr'><strong>ad-</strong></span> 
     </span>
    </p>
   </div>
   <div class='ocr_carea' id='block_1_74' title="bbox 1977 1409 3559 1492">
    <p class='ocr_par' dir='ltr' id='par_1_74' title="bbox 1977 1409 3559 1492">
     <span class='ocr_line' id='line_1_74' title="bbox 1977 1409 3559 1492; baseline 0.009 -27"><span class='ocrx_word' id='word_1_568' title='bbox 1977 1409 2086 1465; x_wconf 85' lang='lat' dir='ltr'><strong>huc</strong></span> <span class='ocrx_word' id='word_1_569' title='bbox 2101 1414 2342 1470; x_wconf 87' lang='lat' dir='ltr'><strong>audeant</strong></span> <span class='ocrx_word' id='word_1_570' title='bbox 2360 1418 2585 1474; x_wconf 86' lang='lat' dir='ltr'><strong>idiotam</strong></span> <span class='ocrx_word' id='word_1_571' title='bbox 2605 1418 2792 1475; x_wconf 82' lang='lat' dir='ltr'><strong>dicere</strong></span> <span class='ocrx_word' id='word_1_572' title='bbox 2812 1436 2960 1486; x_wconf 79' lang='lat' dir='ltr'><strong>eum,</strong></span> <span class='ocrx_word' id='word_1_573' title='bbox 2977 1423 3068 1491; x_wconf 86' lang='lat' dir='ltr'><strong>qui</strong></span> <span class='ocrx_word' id='word_1_574' title='bbox 3087 1422 3559 1492; x_wconf 81' lang='lat' dir='ltr'><strong>disputationibus</strong></span> 
     </span>
    </p>
   </div>
   <div class='ocr_carea' id='block_1_75' title="bbox 1977 1502 3559 1579">
    <p class='ocr_par' dir='ltr' id='par_1_75' title="bbox 1977 1502 3559 1579">
     <span class='ocr_line' id='line_1_75' title="bbox 1977 1502 3559 1579; baseline 0.01 -29"><span class='ocrx_word' id='word_1_575' title='bbox 1977 1504 2032 1551; x_wconf 90' lang='lat' dir='ltr'><strong>et</strong></span> <span class='ocrx_word' id='word_1_576' title='bbox 2054 1502 2416 1558; x_wconf 86' lang='lat' dir='ltr'><strong>concionibus</strong></span> <span class='ocrx_word' id='word_1_577' title='bbox 2444 1520 2696 1576; x_wconf 86' lang='lat' dir='ltr'><strong>magnam</strong></span> <span class='ocrx_word' id='word_1_578' title='bbox 2722 1508 2826 1563; x_wconf 86' lang='lat' dir='ltr'><strong>sibi</strong></span> <span class='ocrx_word' id='word_1_579' title='bbox 2850 1510 2994 1579; x_wconf 81' lang='lat' dir='ltr'><strong>apud</strong></span> <span class='ocrx_word' id='word_1_580' title='bbox 3021 1525 3215 1567; x_wconf 87' lang='lat' dir='ltr'><strong>omnes</strong></span> <span class='ocrx_word' id='word_1_581' title='bbox 3240 1511 3559 1572; x_wconf 89' lang='lat' dir='ltr'><strong>admiratio-</strong></span> 
     </span>
    </p>
   </div>
   <div class='ocr_carea' id='block_1_76' title="bbox 1976 1589 3559 1665">
    <p class='ocr_par' dir='ltr' id='par_1_76' title="bbox 1976 1589 3559 1665">
     <span class='ocr_line' id='line_1_76' title="bbox 1976 1589 3559 1665; baseline 0.013 -27"><span class='ocrx_word' id='word_1_582' title='bbox 1976 1600 2100 1640; x_wconf 89' lang='lat' dir='ltr'><strong>nem</strong></span> <span class='ocrx_word' id='word_1_583' title='bbox 2120 1589 2462 1645; x_wconf 86' lang='lat' dir='ltr'><strong>conciliavit?</strong></span> <span class='ocrx_word' id='word_1_584' title='bbox 2474 1591 2583 1647; x_wconf 87' lang='lat' dir='ltr'><strong>Cur</strong></span> <span class='ocrx_word' id='word_1_585' title='bbox 2595 1591 2875 1665; x_wconf 87' lang='lat' dir='ltr'><strong>Lycaones</strong></span> <span class='ocrx_word' id='word_1_586' title='bbox 2889 1596 3067 1665; x_wconf 88' lang='lat' dir='ltr'><strong>ipsum</strong></span> <span class='ocrx_word' id='word_1_587' title='bbox 3088 1596 3416 1654; x_wconf 84' lang='lat' dir='ltr'><strong>Mercurium</strong></span> <span class='ocrx_word' id='word_1_588' title='bbox 3436 1617 3559 1657; x_wconf 83' lang='lat' dir='ltr'><strong>esse</strong></span> 
     </span>
    </p>
   </div>
   <div class='ocr_carea' id='block_1_77' title="bbox 1976 1675 3557 1759">
    <p class='ocr_par' dir='ltr' id='par_1_77' title="bbox 1976 1675 3557 1759">
     <span class='ocr_line' id='line_1_77' title="bbox 1976 1675 3557 1759; baseline 0.011 -33"><span class='ocrx_word' id='word_1_589' title='bbox 1976 1675 2245 1742; x_wconf 89' lang='lat' dir='ltr'><strong>suspicati</strong></span> <span class='ocrx_word' id='word_1_590' title='bbox 2276 1686 2410 1733; x_wconf 89' lang='lat' dir='ltr'><strong>sunt</strong></span> <span class='ocrx_word' id='word_1_591' title='bbox 2436 1677 2775 1752; x_wconf 78' lang='grc' dir='ltr'><strong>(Αει.14.11)</strong></span> <span class='ocrx_word' id='word_1_592' title='bbox 2796 1684 2818 1737; x_wconf 76' lang='lat' dir='ltr'><strong>&#39;l</strong></span> <span class='ocrx_word' id='word_1_593' title='bbox 2843 1682 2978 1739; x_wconf 87' lang='lat' dir='ltr'><strong>Nam</strong></span> <span class='ocrx_word' id='word_1_594' title='bbox 3000 1686 3147 1755; x_wconf 90' lang='lat' dir='ltr'><strong>quod</strong></span> <span class='ocrx_word' id='word_1_595' title='bbox 3163 1687 3238 1741; x_wconf 90' lang='lat' dir='ltr'><strong>dii</strong></span> <span class='ocrx_word' id='word_1_596' title='bbox 3259 1705 3382 1744; x_wconf 86' lang='lat' dir='ltr'><strong>esse</strong></span> <span class='ocrx_word' id='word_1_597' title='bbox 3399 1700 3557 1759; x_wconf 89' lang='lat' dir='ltr'><strong>puta-</strong></span> 
     </span>
    </p>
   </div>
   <div class='ocr_carea' id='block_1_78' title="bbox 1974 1764 3556 1841">
    <p class='ocr_par' dir='ltr' id='par_1_78' title="bbox 1974 1764 3556 1841">
     <span class='ocr_line' id='line_1_78' title="bbox 1974 1764 3556 1841; baseline 0.011 -27"><span class='ocrx_word' id='word_1_598' title='bbox 1974 1773 2188 1828; x_wconf 86' lang='lat' dir='ltr'><strong>rentur,</strong></span> <span class='ocrx_word' id='word_1_599' title='bbox 2213 1764 2265 1817; x_wconf 90' lang='lat' dir='ltr'><strong>id</strong></span> <span class='ocrx_word' id='word_1_600' title='bbox 2293 1781 2360 1820; x_wconf 74' lang='grc' dir='ltr'><strong>ει</strong></span> <span class='ocrx_word' id='word_1_601' title='bbox 2388 1767 2568 1837; x_wconf 90' lang='lat' dir='ltr'><strong>signis</strong></span> <span class='ocrx_word' id='word_1_602' title='bbox 2589 1768 2961 1840; x_wconf 82' lang='lat' dir='ltr'><strong>eiliciebatur;</strong></span> <span class='ocrx_word' id='word_1_603' title='bbox 2992 1773 3140 1841; x_wconf 87' lang='lat' dir='ltr'><strong>quod</strong></span> <span class='ocrx_word' id='word_1_604' title='bbox 3167 1790 3297 1830; x_wconf 92' lang='lat' dir='ltr'><strong>vero</strong></span> <span class='ocrx_word' id='word_1_605' title='bbox 3324 1776 3556 1832; x_wconf 88' lang='lat' dir='ltr'><strong>Paulum</strong></span> 
     </span>
    </p>
   </div>
   <div class='ocr_carea' id='block_1_79' title="bbox 1974 1848 3553 1932">
    <p class='ocr_par' dir='ltr' id='par_1_79' title="bbox 1974 1848 3553 1932">
     <span class='ocr_line' id='line_1_79' title="bbox 1974 1848 3553 1932; baseline 0.011 -30"><span class='ocrx_word' id='word_1_606' title='bbox 1974 1848 2303 1906; x_wconf 85' lang='lat' dir='ltr'><strong>Mercurium</strong></span> <span class='ocrx_word' id='word_1_607' title='bbox 2327 1870 2450 1910; x_wconf 83' lang='lat' dir='ltr'><strong>esse</strong></span> <span class='ocrx_word' id='word_1_608' title='bbox 2473 1864 2749 1925; x_wconf 89' lang='lat' dir='ltr'><strong>putarent,</strong></span> <span class='ocrx_word' id='word_1_609' title='bbox 2772 1859 2823 1913; x_wconf 91' lang='lat' dir='ltr'><strong>id</strong></span> <span class='ocrx_word' id='word_1_610' title='bbox 2847 1875 2959 1915; x_wconf 90' lang='lat' dir='ltr'><strong>non</strong></span> <span class='ocrx_word' id='word_1_611' title='bbox 2994 1862 3299 1932; x_wconf 89' lang='lat' dir='ltr'><strong>signorum,</strong></span> <span class='ocrx_word' id='word_1_612' title='bbox 3317 1864 3414 1919; x_wconf 91' lang='lat' dir='ltr'><strong>sed</strong></span> <span class='ocrx_word' id='word_1_613' title='bbox 3438 1865 3553 1919; x_wconf 89' lang='lat' dir='ltr'><strong>elo-</strong></span> 
     </span>
    </p>
   </div>
   <div class='ocr_carea' id='block_1_80' title="bbox 1971 1939 3556 2021">
    <p class='ocr_par' dir='ltr' id='par_1_80' title="bbox 1971 1939 3556 2021">
     <span class='ocr_line' id='line_1_80' title="bbox 1971 1939 3556 2021; baseline 0.011 -32"><span class='ocrx_word' id='word_1_614' title='bbox 1971 1939 2211 2004; x_wconf 76' lang='lat' dir='ltr'><strong>quentia:</strong></span> <span class='ocrx_word' id='word_1_615' title='bbox 2230 1955 2398 1996; x_wconf 89' lang='lat' dir='ltr'><strong>causa</strong></span> <span class='ocrx_word' id='word_1_616' title='bbox 2422 1945 2626 2001; x_wconf 89' lang='lat' dir='ltr'><strong>evenit.</strong></span> <span class='ocrx_word' id='word_1_617' title='bbox 2648 1944 2830 2011; x_wconf 85' lang='lat' dir='ltr'><strong>Quare</strong></span> <span class='ocrx_word' id='word_1_618' title='bbox 2851 1947 3047 2002; x_wconf 89' lang='lat' dir='ltr'><strong>beatus</strong></span> <span class='ocrx_word' id='word_1_619' title='bbox 3069 1948 3158 2002; x_wconf 93' lang='lat' dir='ltr'><strong>ilic</strong></span> <span class='ocrx_word' id='word_1_620' title='bbox 3180 1949 3265 2002; x_wconf 91' lang='lat' dir='ltr'><strong>vir</strong></span> <span class='ocrx_word' id='word_1_621' title='bbox 3281 1964 3556 2021; x_wconf 65' lang='lat' dir='ltr'><strong>praeroga—</strong></span> 
     </span>
    </p>
   </div>
   <div class='ocr_carea' id='block_1_81' title="bbox 1973 2028 3552 2109">
    <p class='ocr_par' dir='ltr' id='par_1_81' title="bbox 1973 2028 3552 2109">
     <span class='ocr_line' id='line_1_81' title="bbox 1973 2028 3552 2109; baseline 0.009 -30"><span class='ocrx_word' id='word_1_622' title='bbox 1973 2028 2139 2083; x_wconf 86' lang='lat' dir='ltr'><strong>tivam</strong></span> <span class='ocrx_word' id='word_1_623' title='bbox 2161 2030 2548 2089; x_wconf 70' lang='lat' dir='ltr'><strong>intercaateros</strong></span> <span class='ocrx_word' id='word_1_624' title='bbox 2569 2037 2850 2104; x_wconf 85' lang='lat' dir='ltr'><strong>apostolos</strong></span> <span class='ocrx_word' id='word_1_625' title='bbox 2877 2037 3092 2091; x_wconf 84' lang='lat' dir='ltr'><strong>habuit?</strong></span> <span class='ocrx_word' id='word_1_626' title='bbox 3104 2037 3248 2093; x_wconf 90' lang='lat' dir='ltr'><strong>unde</strong></span> <span class='ocrx_word' id='word_1_627' title='bbox 3264 2055 3364 2109; x_wconf 86' lang='lat' dir='ltr'><strong>per</strong></span> <span class='ocrx_word' id='word_1_628' title='bbox 3377 2048 3552 2093; x_wconf 88' lang='lat' dir='ltr'><strong>totum</strong></span> 
     </span>
    </p>
   </div>
   <div class='ocr_carea' id='block_1_82' title="bbox 1969 2113 3547 2193">
    <p class='ocr_par' dir='ltr' id='par_1_82' title="bbox 1969 2113 3547 2193">
     <span class='ocr_line' id='line_1_82' title="bbox 1969 2113 3547 2193; baseline 0.01 -26"><span class='ocrx_word' id='word_1_629' title='bbox 1969 2113 2160 2170; x_wconf 90' lang='lat' dir='ltr'><strong>orbem</strong></span> <span class='ocrx_word' id='word_1_630' title='bbox 2189 2118 2396 2175; x_wconf 90' lang='lat' dir='ltr'><strong>multus</strong></span> <span class='ocrx_word' id='word_1_631' title='bbox 2420 2120 2475 2174; x_wconf 86' lang='lat' dir='ltr'><strong>in</strong></span> <span class='ocrx_word' id='word_1_632' title='bbox 2511 2122 2758 2178; x_wconf 88' lang='lat' dir='ltr'><strong>omnium</strong></span> <span class='ocrx_word' id='word_1_633' title='bbox 2784 2138 2880 2178; x_wconf 89' lang='lat' dir='ltr'><strong>ore</strong></span> <span class='ocrx_word' id='word_1_634' title='bbox 2906 2125 3204 2179; x_wconf 86' lang='lat' dir='ltr'><strong>versatur?</strong></span> <span class='ocrx_word' id='word_1_635' title='bbox 3230 2124 3413 2193; x_wconf 87' lang='lat' dir='ltr'><strong>Quare</strong></span> <span class='ocrx_word' id='word_1_636' title='bbox 3436 2142 3547 2183; x_wconf 88' lang='lat' dir='ltr'><strong>non</strong></span> 
     </span>
    </p>
   </div>
   <div class='ocr_carea' id='block_1_83' title="bbox 1969 2204 3627 2283">
    <p class='ocr_par' dir='ltr' id='par_1_83' title="bbox 1969 2204 3627 2283">
     <span class='ocr_line' id='line_1_83' title="bbox 1969 2204 3627 2283; baseline 0.01 -27"><span class='ocrx_word' id='word_1_637' title='bbox 1969 2205 2112 2273; x_wconf 89' lang='lat' dir='ltr'><strong>apud</strong></span> <span class='ocrx_word' id='word_1_638' title='bbox 2144 2221 2245 2261; x_wconf 89' lang='lat' dir='ltr'><strong>nos</strong></span> <span class='ocrx_word' id='word_1_639' title='bbox 2280 2204 2465 2270; x_wconf 81' lang='lat' dir='ltr'><strong>modo.</strong></span> <span class='ocrx_word' id='word_1_640' title='bbox 2496 2211 2591 2265; x_wconf 85' lang='lat' dir='ltr'><strong>sed</strong></span> <span class='ocrx_word' id='word_1_641' title='bbox 2621 2220 2677 2267; x_wconf 90' lang='lat' dir='ltr'><strong>et</strong></span> <span class='ocrx_word' id='word_1_642' title='bbox 2702 2211 3079 2283; x_wconf 67' lang='lat' dir='ltr'><strong>apudJudaaos</strong></span> <span class='ocrx_word' id='word_1_643' title='bbox 3109 2224 3164 2270; x_wconf 91' lang='lat' dir='ltr'><strong>et</strong></span> <span class='ocrx_word' id='word_1_644' title='bbox 3187 2215 3411 2273; x_wconf 71' lang='lat' dir='ltr'><strong>Grtccos</strong></span> <span class='ocrx_word' id='word_1_645' title='bbox 3443 2234 3553 2272; x_wconf 86' lang='lat' dir='ltr'><strong>ma-</strong></span> <span class='ocrx_word' id='word_1_646' title='bbox 3619 2212 3627 2227; x_wconf 56' lang='lat'><em>’</em></span> 
     </span>
    </p>
   </div>
   <div class='ocr_carea' id='block_1_84' title="bbox 1968 2293 3552 2377">
    <p class='ocr_par' dir='ltr' id='par_1_84' title="bbox 1968 2293 3552 2377">
     <span class='ocr_line' id='line_1_84' title="bbox 1968 2293 3552 2377; baseline 0.009 -31"><span class='ocrx_word' id='word_1_647' title='bbox 1968 2293 2115 2348; x_wconf 82' lang='lat' dir='ltr'><strong>xime</strong></span> <span class='ocrx_word' id='word_1_648' title='bbox 2143 2296 2390 2351; x_wconf 90' lang='lat' dir='ltr'><strong>omnium</strong></span> <span class='ocrx_word' id='word_1_649' title='bbox 2423 2299 2774 2355; x_wconf 90' lang='lat' dir='ltr'><strong>admirationi</strong></span> <span class='ocrx_word' id='word_1_650' title='bbox 2808 2301 3082 2357; x_wconf 87' lang='lat' dir='ltr'><strong>habetur?</strong></span> <span class='ocrx_word' id='word_1_651' title='bbox 3115 2320 3300 2359; x_wconf 82' lang='lat' dir='ltr'><strong>nonne</strong></span> <span class='ocrx_word' id='word_1_652' title='bbox 3328 2321 3392 2360; x_wconf 81' lang='lat' dir='ltr'><strong>ex</strong></span> <span class='ocrx_word' id='word_1_653' title='bbox 3422 2306 3552 2377; x_wconf 82' lang='lat' dir='ltr'><strong>Epi-</strong></span> 
     </span>
    </p>
   </div>
   <div class='ocr_carea' id='block_1_85' title="bbox 1964 2380 3549 2461">
    <p class='ocr_par' dir='ltr' id='par_1_85' title="bbox 1964 2380 3549 2461">
     <span class='ocr_line' id='line_1_85' title="bbox 1964 2380 3549 2461; baseline 0.009 -28"><span class='ocrx_word' id='word_1_654' title='bbox 1964 2380 2235 2437; x_wconf 88' lang='lat' dir='ltr'><strong>stolarum</strong></span> <span class='ocrx_word' id='word_1_655' title='bbox 2250 2385 2477 2446; x_wconf 87' lang='lat' dir='ltr'><strong>virtute.</strong></span> <span class='ocrx_word' id='word_1_656' title='bbox 2496 2403 2605 2457; x_wconf 88' lang='lat' dir='ltr'><strong>qua</strong></span> <span class='ocrx_word' id='word_1_657' title='bbox 2624 2405 2732 2444; x_wconf 91' lang='lat' dir='ltr'><strong>non</strong></span> <span class='ocrx_word' id='word_1_658' title='bbox 2755 2386 2823 2445; x_wconf 90' lang='lat' dir='ltr'><strong>iis</strong></span> <span class='ocrx_word' id='word_1_659' title='bbox 2842 2392 3045 2456; x_wconf 86' lang='lat' dir='ltr'><strong>solum,</strong></span> <span class='ocrx_word' id='word_1_660' title='bbox 3075 2393 3170 2461; x_wconf 88' lang='lat' dir='ltr'><strong>qui</strong></span> <span class='ocrx_word' id='word_1_661' title='bbox 3196 2409 3344 2447; x_wconf 89' lang='lat' dir='ltr'><strong>nunc</strong></span> <span class='ocrx_word' id='word_1_662' title='bbox 3369 2406 3549 2455; x_wconf 82' lang='lat' dir='ltr'><strong>erant,</strong></span> 
     </span>
    </p>
   </div>
   <div class='ocr_carea' id='block_1_86' title="bbox 1965 2466 3558 2549">
    <p class='ocr_par' dir='ltr' id='par_1_86' title="bbox 1965 2466 3558 2549">
     <span class='ocr_line' id='line_1_86' title="bbox 1965 2466 3558 2549; baseline 0.009 -28"><span class='ocrx_word' id='word_1_663' title='bbox 1965 2466 2245 2536; x_wconf 84' lang='lat' dir='ltr'><strong>fidelibus,</strong></span> <span class='ocrx_word' id='word_1_664' title='bbox 2276 2472 2552 2529; x_wconf 89' lang='lat' dir='ltr'><strong>sedetiam</strong></span> <span class='ocrx_word' id='word_1_665' title='bbox 2583 2477 2674 2540; x_wconf 89' lang='lat' dir='ltr'><strong>iis,</strong></span> <span class='ocrx_word' id='word_1_666' title='bbox 2704 2476 2797 2546; x_wconf 92' lang='lat' dir='ltr'><strong>qui</strong></span> <span class='ocrx_word' id='word_1_667' title='bbox 2828 2477 2897 2530; x_wconf 91' lang='lat' dir='ltr'><strong>ab</strong></span> <span class='ocrx_word' id='word_1_668' title='bbox 2931 2478 3026 2531; x_wconf 93' lang='lat' dir='ltr'><strong>illo</strong></span> <span class='ocrx_word' id='word_1_669' title='bbox 3061 2485 3308 2549; x_wconf 88' lang='lat' dir='ltr'><strong>tempore</strong></span> <span class='ocrx_word' id='word_1_670' title='bbox 3330 2480 3385 2534; x_wconf 89' lang='lat' dir='ltr'><strong>in</strong></span> <span class='ocrx_word' id='word_1_671' title='bbox 3410 2479 3558 2536; x_wconf 88' lang='lat' dir='ltr'><strong>hunc</strong></span> 
     </span>
    </p>
   </div>
   <div class='ocr_carea' id='block_1_87' title="bbox 1964 2559 3555 2639">
    <p class='ocr_par' dir='ltr' id='par_1_87' title="bbox 1964 2559 3555 2639">
     <span class='ocr_line' id='line_1_87' title="bbox 1964 2559 3555 2639; baseline 0.008 -27"><span class='ocrx_word' id='word_1_672' title='bbox 1964 2572 2145 2628; x_wconf 85' lang='lat' dir='ltr'><strong>usque</strong></span> <span class='ocrx_word' id='word_1_673' title='bbox 2165 2559 2309 2616; x_wconf 86' lang='lat' dir='ltr'><strong>diem</strong></span> <span class='ocrx_word' id='word_1_674' title='bbox 2327 2561 2503 2626; x_wconf 86' lang='lat' dir='ltr'><strong>fuere,</strong></span> <span class='ocrx_word' id='word_1_675' title='bbox 2528 2563 2670 2619; x_wconf 89' lang='lat' dir='ltr'><strong>etiis</strong></span> <span class='ocrx_word' id='word_1_676' title='bbox 2693 2565 2784 2635; x_wconf 90' lang='lat' dir='ltr'><strong>qui</strong></span> <span class='ocrx_word' id='word_1_677' title='bbox 2801 2573 2927 2634; x_wconf 68' lang='lat' dir='ltr'><strong>post</strong></span> <span class='ocrx_word' id='word_1_678' title='bbox 2951 2565 3121 2620; x_wconf 88' lang='lat' dir='ltr'><strong>futuri</strong></span> <span class='ocrx_word' id='word_1_679' title='bbox 3146 2576 3275 2621; x_wconf 90' lang='lat' dir='ltr'><strong>sunt</strong></span> <span class='ocrx_word' id='word_1_680' title='bbox 3298 2583 3474 2639; x_wconf 86' lang='lat' dir='ltr'><strong>usque</strong></span> <span class='ocrx_word' id='word_1_681' title='bbox 3488 2569 3555 2623; x_wconf 88' lang='lat' dir='ltr'><strong>ad</strong></span> 
     </span>
    </p>
   </div>
   <div class='ocr_carea' id='block_1_88' title="bbox 1962 2647 3558 2727">
    <p class='ocr_par' dir='ltr' id='par_1_88' title="bbox 1962 2647 3558 2727">
     <span class='ocr_line' id='line_1_88' title="bbox 1962 2647 3558 2727; baseline 0.008 -28"><span class='ocrx_word' id='word_1_682' title='bbox 1962 2647 2329 2704; x_wconf 84' lang='lat' dir='ltr'><strong>novissimum</strong></span> <span class='ocrx_word' id='word_1_683' title='bbox 2342 2649 2552 2706; x_wconf 86' lang='lat' dir='ltr'><strong>Christi</strong></span> <span class='ocrx_word' id='word_1_684' title='bbox 2570 2652 2885 2717; x_wconf 89' lang='lat' dir='ltr'><strong>adventum,</strong></span> <span class='ocrx_word' id='word_1_685' title='bbox 2903 2653 3108 2723; x_wconf 83' lang='lat' dir='ltr'><strong>profuit</strong></span> <span class='ocrx_word' id='word_1_686' title='bbox 3124 2655 3558 2727; x_wconf 72' lang='lat' dir='ltr'><strong>profuturusquc</strong></span> 
     </span>
    </p>
   </div>
   <div class='ocr_carea' id='block_1_89' title="bbox 1962 2736 3559 2814">
    <p class='ocr_par' dir='ltr' id='par_1_89' title="bbox 1962 2736 3559 2814">
     <span class='ocr_line' id='line_1_89' title="bbox 1962 2736 3559 2814; baseline 0.006 -24"><span class='ocrx_word' id='word_1_687' title='bbox 1962 2736 2428 2807; x_wconf 79' lang='lat' dir='ltr'><strong>est,necjuvandi</strong></span> <span class='ocrx_word' id='word_1_688' title='bbox 2448 2738 2612 2795; x_wconf 84' lang='lat' dir='ltr'><strong>linem</strong></span> <span class='ocrx_word' id='word_1_689' title='bbox 2640 2739 2828 2807; x_wconf 76' lang='lat' dir='ltr'><strong>faciet,</strong></span> <span class='ocrx_word' id='word_1_690' title='bbox 2852 2741 3028 2797; x_wconf 87' lang='lat' dir='ltr'><strong>donec</strong></span> <span class='ocrx_word' id='word_1_691' title='bbox 3056 2743 3362 2798; x_wconf 87' lang='lat' dir='ltr'><strong>humanum</strong></span> <span class='ocrx_word' id='word_1_692' title='bbox 3383 2758 3559 2814; x_wconf 87' lang='lat' dir='ltr'><strong>genus</strong></span> 
     </span>
    </p>
   </div>
   <div class='ocr_carea' id='block_1_90' title="bbox 1963 2826 3558 2894">
    <p class='ocr_par' dir='ltr' id='par_1_90' title="bbox 1963 2826 3558 2894">
     <span class='ocr_line' id='line_1_90' title="bbox 1963 2826 3558 2894; baseline 0.004 -16"><span class='ocrx_word' id='word_1_693' title='bbox 1963 2826 2378 2894; x_wconf 68' lang='lat' dir='ltr'><strong>permanserit?</strong></span> <span class='ocrx_word' id='word_1_694' title='bbox 2409 2826 2885 2894; x_wconf 86' lang='lat' dir='ltr'><strong>Quemadmodum</strong></span> <span class='ocrx_word' id='word_1_695' title='bbox 2923 2831 3071 2885; x_wconf 91' lang='lat' dir='ltr'><strong>enim</strong></span> <span class='ocrx_word' id='word_1_696' title='bbox 3106 2846 3301 2886; x_wconf 91' lang='lat' dir='ltr'><strong>murus</strong></span> <span class='ocrx_word' id='word_1_697' title='bbox 3332 2847 3397 2886; x_wconf 82' lang='lat' dir='ltr'><strong>ex</strong></span> <span class='ocrx_word' id='word_1_698' title='bbox 3425 2832 3558 2885; x_wconf 81' lang='lat' dir='ltr'><strong>ada-</strong></span> 
     </span>
    </p>
   </div>
   <div class='ocr_carea' id='block_1_91' title="bbox 1965 2916 3555 2989">
    <p class='ocr_par' dir='ltr' id='par_1_91' title="bbox 1965 2916 3555 2989">
     <span class='ocr_line' id='line_1_91' title="bbox 1965 2916 3555 2989; baseline 0.005 -21"><span class='ocrx_word' id='word_1_699' title='bbox 1965 2923 2155 2971; x_wconf 86' lang='lat' dir='ltr'><strong>mante</strong></span> <span class='ocrx_word' id='word_1_700' title='bbox 2180 2916 2670 2985; x_wconf 41' lang='lat' dir='ltr'><strong>constructushsic</strong></span> <span class='ocrx_word' id='word_1_701' title='bbox 2701 2918 2910 2989; x_wconf 87' lang='lat' dir='ltr'><strong>scripta</strong></span> <span class='ocrx_word' id='word_1_702' title='bbox 2935 2918 3056 2988; x_wconf 89' lang='lat' dir='ltr'><strong>ejus</strong></span> <span class='ocrx_word' id='word_1_703' title='bbox 3080 2918 3372 2975; x_wconf 86' lang='lat' dir='ltr'><strong>universas</strong></span> <span class='ocrx_word' id='word_1_704' title='bbox 3404 2920 3555 2976; x_wconf 89' lang='lat' dir='ltr'><strong>orbis</strong></span> 
     </span>
    </p>
   </div>
   <div class='ocr_carea' id='block_1_92' title="bbox 1964 3001 3552 3077">
    <p class='ocr_par' dir='ltr' id='par_1_92' title="bbox 1964 3001 3552 3077">
     <span class='ocr_line' id='line_1_92' title="bbox 1964 3001 3552 3077; baseline 0.003 -19"><span class='ocrx_word' id='word_1_705' title='bbox 1964 3001 2246 3059; x_wconf 78' lang='lat' dir='ltr'><strong>Ecclesias</strong></span> <span class='ocrx_word' id='word_1_706' title='bbox 2271 3005 2773 3060; x_wconf 83' lang='lat' dir='ltr'><strong>circummuniunt:</strong></span> <span class='ocrx_word' id='word_1_707' title='bbox 2792 3007 3022 3077; x_wconf 87' lang='lat' dir='ltr'><strong>ipseque</strong></span> <span class='ocrx_word' id='word_1_708' title='bbox 3051 3007 3231 3062; x_wconf 86' lang='lat' dir='ltr'><strong>instar</strong></span> <span class='ocrx_word' id='word_1_709' title='bbox 3258 3007 3552 3063; x_wconf 87' lang='lat' dir='ltr'><strong>fortissimi</strong></span> 
     </span>
    </p>
   </div>
   <div class='ocr_carea' id='block_1_93' title="bbox 1966 3090 3558 3164">
    <p class='ocr_par' dir='ltr' id='par_1_93' title="bbox 1966 3090 3558 3164">
     <span class='ocr_line' id='line_1_93' title="bbox 1966 3090 3558 3164; baseline 0.003 -20"><span class='ocrx_word' id='word_1_710' title='bbox 1966 3090 2191 3146; x_wconf 65' lang='lat' dir='ltr'><strong>athletae</strong></span> <span class='ocrx_word' id='word_1_711' title='bbox 2213 3098 2324 3146; x_wconf 84' lang='lat' dir='ltr'><strong>stat</strong></span> <span class='ocrx_word' id='word_1_712' title='bbox 2339 3093 2642 3147; x_wconf 82' lang='lat' dir='ltr'><strong>etiamnum</strong></span> <span class='ocrx_word' id='word_1_713' title='bbox 2664 3093 3193 3164; x_wconf 81' lang='lat' dir='ltr'><strong>medius,captivam</strong></span> <span class='ocrx_word' id='word_1_714' title='bbox 3219 3093 3431 3150; x_wconf 86' lang='lat' dir='ltr'><strong>ducens</strong></span> <span class='ocrx_word' id='word_1_715' title='bbox 3446 3109 3558 3149; x_wconf 89' lang='lat' dir='ltr'><strong>om-</strong></span> 
     </span>
    </p>
   </div>
   <div class='ocr_carea' id='block_1_94' title="bbox 1965 3179 3553 3250">
    <p class='ocr_par' dir='ltr' id='par_1_94' title="bbox 1965 3179 3553 3250">
     <span class='ocr_line' id='line_1_94' title="bbox 1965 3179 3553 3250; baseline 0.003 -17"><span class='ocrx_word' id='word_1_716' title='bbox 1965 3193 2095 3233; x_wconf 83' lang='lat' dir='ltr'><strong>nem</strong></span> <span class='ocrx_word' id='word_1_717' title='bbox 2147 3180 2545 3250; x_wconf 87' lang='lat' dir='ltr'><strong>cogitationem</strong></span> <span class='ocrx_word' id='word_1_718' title='bbox 2579 3179 2636 3233; x_wconf 90' lang='lat' dir='ltr'><strong>in</strong></span> <span class='ocrx_word' id='word_1_719' title='bbox 2666 3180 3043 3236; x_wconf 84' lang='lat' dir='ltr'><strong>obedientiam</strong></span> <span class='ocrx_word' id='word_1_720' title='bbox 3076 3182 3307 3248; x_wconf 82' lang='lat' dir='ltr'><strong>Christi,</strong></span> <span class='ocrx_word' id='word_1_721' title='bbox 3357 3190 3415 3237; x_wconf 88' lang='lat' dir='ltr'><strong>et</strong></span> <span class='ocrx_word' id='word_1_722' title='bbox 3457 3181 3553 3238; x_wconf 86' lang='lat' dir='ltr'><strong>de—</strong></span> 
     </span>
    </p>
   </div>
   <div class='ocr_carea' id='block_1_95' title="bbox 1968 3267 3557 3325">
    <p class='ocr_par' dir='ltr' id='par_1_95' title="bbox 1968 3267 3557 3325">
     <span class='ocr_line' id='line_1_95' title="bbox 1968 3267 3557 3325; baseline 0.002 -5"><span class='ocrx_word' id='word_1_723' title='bbox 1968 3274 2195 3325; x_wconf 87' lang='lat' dir='ltr'><strong>struens</strong></span> <span class='ocrx_word' id='word_1_724' title='bbox 2222 3282 2446 3323; x_wconf 82' lang='lat' dir='ltr'><strong>omnem</strong></span> <span class='ocrx_word' id='word_1_725' title='bbox 2477 3267 2863 3324; x_wconf 83' lang='lat' dir='ltr'><strong>celsitudinem</strong></span> <span class='ocrx_word' id='word_1_726' title='bbox 2895 3269 3202 3325; x_wconf 85' lang='lat' dir='ltr'><strong>elevantem</strong></span> <span class='ocrx_word' id='word_1_727' title='bbox 3251 3284 3314 3325; x_wconf 88' lang='lat' dir='ltr'><strong>se</strong></span> <span class='ocrx_word' id='word_1_728' title='bbox 3363 3276 3557 3324; x_wconf 89' lang='lat' dir='ltr'><strong>contra</strong></span> 
     </span>
    </p>
   </div>
   <div class='ocr_carea' id='block_1_96' title="bbox 1965 3354 3559 3428">
    <p class='ocr_par' dir='ltr' id='par_1_96' title="bbox 1965 3354 3559 3428">
     <span class='ocr_line' id='line_1_96' title="bbox 1965 3354 3559 3428; baseline 0.002 -19"><span class='ocrx_word' id='word_1_729' title='bbox 1965 3354 2343 3426; x_wconf 80' lang='lat' dir='ltr'><strong>cognitionem</strong></span> <span class='ocrx_word' id='word_1_730' title='bbox 2379 3355 2477 3411; x_wconf 85' lang='lat' dir='ltr'><strong>Dei</strong></span> <span class='ocrx_word' id='word_1_731' title='bbox 2504 3357 2585 3422; x_wconf 73' lang='lat'><strong>(2.</strong></span> <span class='ocrx_word' id='word_1_732' title='bbox 2620 3355 2749 3412; x_wconf 86' lang='lat' dir='ltr'><strong>Cor.</strong></span> <span class='ocrx_word' id='word_1_733' title='bbox 2778 3356 2870 3412; x_wconf 85' lang='grc'><strong>10.</strong></span> <span class='ocrx_word' id='word_1_734' title='bbox 2898 3357 2982 3426; x_wconf 75' lang='grc'><strong>5).</strong></span> <span class='ocrx_word' id='word_1_735' title='bbox 3011 3355 3138 3412; x_wconf 67' lang='lat' dir='ltr'><strong>Haec</strong></span> <span class='ocrx_word' id='word_1_736' title='bbox 3170 3371 3340 3428; x_wconf 88' lang='lat' dir='ltr'><strong>porro</strong></span> <span class='ocrx_word' id='word_1_737' title='bbox 3370 3357 3559 3413; x_wconf 85' lang='lat' dir='ltr'><strong>omnia</strong></span> 
     </span>
    </p>
   </div>
   <div class='ocr_carea' id='block_1_97' title="bbox 1965 3444 3561 3515">
    <p class='ocr_par' dir='ltr' id='par_1_97' title="bbox 1965 3444 3561 3515">
     <span class='ocr_line' id='line_1_97' title="bbox 1965 3444 3561 3515; baseline 0.001 -17"><span class='ocrx_word' id='word_1_738' title='bbox 1965 3452 2234 3512; x_wconf 89' lang='lat' dir='ltr'><strong>operatur</strong></span> <span class='ocrx_word' id='word_1_739' title='bbox 2262 3458 2361 3514; x_wconf 77' lang='lat' dir='ltr'><strong>per</strong></span> <span class='ocrx_word' id='word_1_740' title='bbox 2388 3444 2744 3500; x_wconf 78' lang='lat' dir='ltr'><strong>admirandas</strong></span> <span class='ocrx_word' id='word_1_741' title='bbox 2774 3444 2898 3501; x_wconf 89' lang='lat' dir='ltr'><strong>illas</strong></span> <span class='ocrx_word' id='word_1_742' title='bbox 2923 3444 3202 3514; x_wconf 80' lang='lat' dir='ltr'><strong>Epistolas</strong></span> <span class='ocrx_word' id='word_1_743' title='bbox 3230 3444 3416 3500; x_wconf 88' lang='lat' dir='ltr'><strong>divina</strong></span> <span class='ocrx_word' id='word_1_744' title='bbox 3444 3447 3561 3515; x_wconf 85' lang='lat' dir='ltr'><strong>ple-</strong></span> 
     </span>
    </p>
   </div>
   <div class='ocr_carea' id='block_1_98' title="bbox 1966 3531 3549 3603">
    <p class='ocr_par' dir='ltr' id='par_1_98' title="bbox 1966 3531 3549 3603">
     <span class='ocr_line' id='line_1_98' title="bbox 1966 3531 3549 3603; baseline -0.001 -16"><span class='ocrx_word' id='word_1_745' title='bbox 1966 3547 2071 3587; x_wconf 83' lang='lat' dir='ltr'><strong>nas</strong></span> <span class='ocrx_word' id='word_1_746' title='bbox 2100 3532 2397 3602; x_wconf 82' lang='lat' dir='ltr'><strong>sapientia,</strong></span> <span class='ocrx_word' id='word_1_747' title='bbox 2423 3547 2569 3603; x_wconf 85' lang='lat' dir='ltr'><strong>quas</strong></span> <span class='ocrx_word' id='word_1_748' title='bbox 2597 3532 2824 3602; x_wconf 86' lang='lat' dir='ltr'><strong>reliquit</strong></span> <span class='ocrx_word' id='word_1_749' title='bbox 2849 3533 3031 3589; x_wconf 88' lang='lat' dir='ltr'><strong>nobis.</strong></span> <span class='ocrx_word' id='word_1_750' title='bbox 3059 3531 3250 3603; x_wconf 78' lang='lat' dir='ltr'><strong>Neque</strong></span> <span class='ocrx_word' id='word_1_751' title='bbox 3273 3534 3454 3589; x_wconf 88' lang='lat' dir='ltr'><strong>solum</strong></span> <span class='ocrx_word' id='word_1_752' title='bbox 3481 3533 3549 3586; x_wconf 72' lang='lat' dir='ltr'><strong>ari</strong></span> 
     </span>
    </p>
   </div>
   <div class='ocr_carea' id='block_1_99' title="bbox 1969 3619 3563 3691">
    <p class='ocr_par' dir='ltr' id='par_1_99' title="bbox 1969 3619 3563 3691">
     <span class='ocr_line' id='line_1_99' title="bbox 1969 3619 3563 3691; baseline 0 -18"><span class='ocrx_word' id='word_1_753' title='bbox 1969 3619 2227 3690; x_wconf 82' lang='lat' dir='ltr'><strong>dogmata</strong></span> <span class='ocrx_word' id='word_1_754' title='bbox 2279 3620 2470 3690; x_wconf 85' lang='lat' dir='ltr'><strong>spuria</strong></span> <span class='ocrx_word' id='word_1_755' title='bbox 2514 3619 2858 3677; x_wconf 83' lang='lat' dir='ltr'><strong>confutamla</strong></span> <span class='ocrx_word' id='word_1_756' title='bbox 2908 3636 3285 3691; x_wconf 81' lang='lat' dir='ltr'><strong>germanaque</strong></span> <span class='ocrx_word' id='word_1_757' title='bbox 3333 3620 3563 3675; x_wconf 87' lang='lat' dir='ltr'><strong>tutanda</strong></span> 
     </span>
    </p>
   </div>
   <div class='ocr_carea' id='block_1_100' title="bbox 1970 3707 3563 3780">
    <p class='ocr_par' dir='ltr' id='par_1_100' title="bbox 1970 3707 3563 3780">
     <span class='ocr_line' id='line_1_100' title="bbox 1970 3707 3563 3780; baseline 0 -19"><span class='ocrx_word' id='word_1_758' title='bbox 1970 3707 2169 3763; x_wconf 90' lang='lat' dir='ltr'><strong>idonea</strong></span> <span class='ocrx_word' id='word_1_759' title='bbox 2192 3718 2324 3764; x_wconf 87' lang='lat' dir='ltr'><strong>sunt</strong></span> <span class='ocrx_word' id='word_1_760' title='bbox 2351 3709 2476 3779; x_wconf 81' lang='lat' dir='ltr'><strong>ejus</strong></span> <span class='ocrx_word' id='word_1_761' title='bbox 2502 3711 2735 3780; x_wconf 80' lang='lat' dir='ltr'><strong>seripta,</strong></span> <span class='ocrx_word' id='word_1_762' title='bbox 2760 3709 2855 3764; x_wconf 89' lang='lat' dir='ltr'><strong>sed</strong></span> <span class='ocrx_word' id='word_1_763' title='bbox 2882 3708 3049 3771; x_wconf 78' lang='lat' dir='ltr'><strong>etiam</strong></span> <span class='ocrx_word' id='word_1_764' title='bbox 3072 3708 3139 3764; x_wconf 83' lang='lat' dir='ltr'><strong>ad</strong></span> <span class='ocrx_word' id='word_1_765' title='bbox 3168 3709 3369 3767; x_wconf 87' lang='lat' dir='ltr'><strong>bonam</strong></span> <span class='ocrx_word' id='word_1_766' title='bbox 3393 3709 3563 3763; x_wconf 85' lang='lat' dir='ltr'><strong>vitam</strong></span> 
     </span>
    </p>
   </div>
   <div class='ocr_carea' id='block_1_101' title="bbox 1970 3795 3565 3853">
    <p class='ocr_par' dir='ltr' id='par_1_101' title="bbox 1970 3795 3565 3853">
     <span class='ocr_line' id='line_1_101' title="bbox 1970 3795 3565 3853; baseline 0 -3"><span class='ocrx_word' id='word_1_767' title='bbox 1970 3795 2372 3853; x_wconf 87' lang='lat' dir='ltr'><strong>instituendam</strong></span> <span class='ocrx_word' id='word_1_768' title='bbox 2389 3813 2500 3853; x_wconf 86' lang='lat' dir='ltr'><strong>non</strong></span> <span class='ocrx_word' id='word_1_769' title='bbox 2512 3798 2758 3853; x_wconf 68' lang='lat' dir='ltr'><strong>minima:</strong></span> <span class='ocrx_word' id='word_1_770' title='bbox 2774 3796 3027 3852; x_wconf 89' lang='lat' dir='ltr'><strong>utilitatis</strong></span> <span class='ocrx_word' id='word_1_771' title='bbox 3039 3795 3565 3853; x_wconf 83' lang='lat' dir='ltr'><strong>sunt.Horumenim</strong></span> 
     </span>
    </p>
   </div>
   <div class='ocr_carea' id='block_1_102' title="bbox 1972 3883 3567 3961">
    <p class='ocr_par' dir='ltr' id='par_1_102' title="bbox 1972 3883 3567 3961">
     <span class='ocr_line' id='line_1_102' title="bbox 1972 3883 3567 3961; baseline -0.002 -21"><span class='ocrx_word' id='word_1_772' title='bbox 1972 3884 2226 3940; x_wconf 88' lang='lat' dir='ltr'><strong>subsidio</strong></span> <span class='ocrx_word' id='word_1_773' title='bbox 2249 3884 2520 3961; x_wconf 86' lang='lat' dir='ltr'><strong>hodieque</strong></span> <span class='ocrx_word' id='word_1_774' title='bbox 2542 3885 2915 3941; x_wconf 88' lang='lat' dir='ltr'><strong>Ecclesiarum</strong></span> <span class='ocrx_word' id='word_1_775' title='bbox 2943 3884 3191 3955; x_wconf 66' lang='lat' dir='ltr'><strong>praefecti</strong></span> <span class='ocrx_word' id='word_1_776' title='bbox 3218 3891 3439 3939; x_wconf 88' lang='lat' dir='ltr'><strong>utentes</strong></span> <span class='ocrx_word' id='word_1_777' title='bbox 3455 3883 3567 3937; x_wconf 89' lang='lat' dir='ltr'><strong>vir-</strong></span> 
     </span>
    </p>
   </div>
   <div class='ocr_carea' id='block_1_103' title="bbox 1969 3970 3551 4046">
    <p class='ocr_par' dir='ltr' id='par_1_103' title="bbox 1969 3970 3551 4046">
     <span class='ocr_line' id='line_1_103' title="bbox 1969 3970 3551 4046; baseline -0.001 -20"><span class='ocrx_word' id='word_1_778' title='bbox 1969 3973 2154 4045; x_wconf 89' lang='lat' dir='ltr'><strong>ginem</strong></span> <span class='ocrx_word' id='word_1_779' title='bbox 2182 3984 2416 4040; x_wconf 88' lang='lat' dir='ltr'><strong>castam,</strong></span> <span class='ocrx_word' id='word_1_780' title='bbox 2449 3990 2615 4046; x_wconf 87' lang='lat' dir='ltr'><strong>quam</strong></span> <span class='ocrx_word' id='word_1_781' title='bbox 2650 3976 2743 4030; x_wconf 89' lang='lat' dir='ltr'><strong>ille</strong></span> <span class='ocrx_word' id='word_1_782' title='bbox 2769 3974 2995 4028; x_wconf 85' lang='lat' dir='ltr'><strong>Christo</strong></span> <span class='ocrx_word' id='word_1_783' title='bbox 3017 3974 3299 4043; x_wconf 90' lang='lat' dir='ltr'><strong>adaptavit</strong></span> <span class='ocrx_word' id='word_1_784' title='bbox 3322 3972 3397 4041; x_wconf 77' lang='lat'><strong>(2.</strong></span> <span class='ocrx_word' id='word_1_785' title='bbox 3424 3970 3551 4026; x_wconf 86' lang='lat' dir='ltr'><strong>Cor.</strong></span> 
     </span>
    </p>
   </div>
   <div class='ocr_carea' id='block_1_104' title="bbox 1975 4063 3558 4144">
    <p class='ocr_par' dir='ltr' id='par_1_104' title="bbox 1975 4063 3558 4144">
     <span class='ocr_line' id='line_1_104' title="bbox 1975 4063 3558 4144; baseline -0.008 -17"><span class='ocrx_word' id='word_1_786' title='bbox 1975 4073 2063 4128; x_wconf 83' lang='grc'><strong>11.</strong></span> <span class='ocrx_word' id='word_1_787' title='bbox 2091 4071 2172 4144; x_wconf 73' lang='lat'><strong>2),</strong></span> <span class='ocrx_word' id='word_1_788' title='bbox 2206 4071 2545 4127; x_wconf 85' lang='lat' dir='ltr'><strong>concinnant</strong></span> <span class='ocrx_word' id='word_1_789' title='bbox 2570 4067 2996 4137; x_wconf 87' lang='lat' dir='ltr'><strong>efformantque,</strong></span> <span class='ocrx_word' id='word_1_790' title='bbox 3028 4075 3084 4121; x_wconf 91' lang='lat' dir='ltr'><strong>et</strong></span> <span class='ocrx_word' id='word_1_791' title='bbox 3111 4065 3177 4119; x_wconf 92' lang='lat' dir='ltr'><strong>ad</strong></span> <span class='ocrx_word' id='word_1_792' title='bbox 3213 4063 3558 4134; x_wconf 86' lang='lat' dir='ltr'><strong>spiritualem</strong></span> 
     </span>
    </p>
   </div>
   <div class='ocr_carea' id='block_1_105' title="bbox 1977 4153 3567 4237">
    <p class='ocr_par' dir='ltr' id='par_1_105' title="bbox 1977 4153 3567 4237">
     <span class='ocr_line' id='line_1_105' title="bbox 1977 4153 3567 4237; baseline -0.008 -17"><span class='ocrx_word' id='word_1_793' title='bbox 1977 4164 2451 4237; x_wconf 87' lang='lat' dir='ltr'><strong>pulchritudinem</strong></span> <span class='ocrx_word' id='word_1_794' title='bbox 2479 4163 2780 4219; x_wconf 89' lang='lat' dir='ltr'><strong>deducunt.</strong></span> <span class='ocrx_word' id='word_1_795' title='bbox 2823 4159 2921 4214; x_wconf 83' lang='lat' dir='ltr'><strong>His</strong></span> <span class='ocrx_word' id='word_1_796' title='bbox 2949 4159 3077 4214; x_wconf 92' lang='lat' dir='ltr'><strong>item</strong></span> <span class='ocrx_word' id='word_1_797' title='bbox 3108 4159 3384 4212; x_wconf 89' lang='lat' dir='ltr'><strong>irruentes</strong></span> <span class='ocrx_word' id='word_1_798' title='bbox 3409 4155 3466 4209; x_wconf 93' lang='lat' dir='ltr'><strong>in</strong></span> <span class='ocrx_word' id='word_1_799' title='bbox 3500 4153 3567 4208; x_wconf 87' lang='lat' dir='ltr'><strong>ii-</strong></span> 
     </span>
    </p>
   </div>
   <div class='ocr_carea' id='block_1_106' title="bbox 1975 4250 3562 4325">
    <p class='ocr_par' dir='ltr' id='par_1_106' title="bbox 1975 4250 3562 4325">
     <span class='ocr_line' id='line_1_106' title="bbox 1975 4250 3562 4325; baseline -0.008 -14"><span class='ocrx_word' id='word_1_800' title='bbox 1975 4258 2080 4312; x_wconf 89' lang='lat' dir='ltr'><strong>lam</strong></span> <span class='ocrx_word' id='word_1_801' title='bbox 2098 4258 2322 4312; x_wconf 88' lang='lat' dir='ltr'><strong>morbos</strong></span> <span class='ocrx_word' id='word_1_802' title='bbox 2346 4255 2643 4325; x_wconf 74' lang='lat' dir='ltr'><strong>depellunt,</strong></span> <span class='ocrx_word' id='word_1_803' title='bbox 2668 4264 2994 4323; x_wconf 89' lang='lat' dir='ltr'><strong>partamque</strong></span> <span class='ocrx_word' id='word_1_804' title='bbox 3016 4250 3305 4305; x_wconf 88' lang='lat' dir='ltr'><strong>sanitatem</strong></span> <span class='ocrx_word' id='word_1_805' title='bbox 3332 4260 3562 4302; x_wconf 82' lang='lat' dir='ltr'><strong>conscr-</strong></span> 
     </span>
    </p>
   </div>
   <div class='ocr_carea' id='block_1_107' title="bbox 1975 4340 3561 4412">
    <p class='ocr_par' dir='ltr' id='par_1_107' title="bbox 1975 4340 3561 4412">
     <span class='ocr_line' id='line_1_107' title="bbox 1975 4340 3561 4412; baseline -0.008 -8"><span class='ocrx_word' id='word_1_806' title='bbox 1975 4360 2131 4406; x_wconf 90' lang='lat' dir='ltr'><strong>vant.</strong></span> <span class='ocrx_word' id='word_1_807' title='bbox 2164 4349 2321 4404; x_wconf 84' lang='lat' dir='ltr'><strong>Talia</strong></span> <span class='ocrx_word' id='word_1_808' title='bbox 2348 4348 2509 4403; x_wconf 89' lang='lat' dir='ltr'><strong>nobis</strong></span> <span class='ocrx_word' id='word_1_809' title='bbox 2540 4348 2710 4401; x_wconf 89' lang='lat' dir='ltr'><strong>idiota</strong></span> <span class='ocrx_word' id='word_1_810' title='bbox 2744 4345 2836 4400; x_wconf 90' lang='lat' dir='ltr'><strong>ille</strong></span> <span class='ocrx_word' id='word_1_811' title='bbox 2863 4345 3106 4401; x_wconf 87' lang='lat' dir='ltr'><strong>remedia</strong></span> <span class='ocrx_word' id='word_1_812' title='bbox 3132 4340 3377 4412; x_wconf 87' lang='lat' dir='ltr'><strong>reliquit,</strong></span> <span class='ocrx_word' id='word_1_813' title='bbox 3406 4346 3561 4393; x_wconf 90' lang='lat' dir='ltr'><strong>tanta</strong></span> 
     </span>
    </p>
   </div>
   <div class='ocr_carea' id='block_1_108' title="bbox 1968 4432 3569 4515">
    <p class='ocr_par' dir='ltr' id='par_1_108' title="bbox 1968 4432 3569 4515">
     <span class='ocr_line' id='line_1_108' title="bbox 1968 4432 3569 4515; baseline -0.008 -16"><span class='ocrx_word' id='word_1_814' title='bbox 1968 4445 2181 4499; x_wconf 86' lang='lat' dir='ltr'><strong>virtute</strong></span> <span class='ocrx_word' id='word_1_815' title='bbox 2210 4443 2466 4515; x_wconf 69' lang='lat' dir='ltr'><strong>praedita,</strong></span> <span class='ocrx_word' id='word_1_816' title='bbox 2483 4458 2717 4513; x_wconf 85' lang='lat' dir='ltr'><strong>quorum</strong></span> <span class='ocrx_word' id='word_1_817' title='bbox 2743 4439 3138 4510; x_wconf 78' lang='lat' dir='ltr'><strong>experientiam</strong></span> <span class='ocrx_word' id='word_1_818' title='bbox 3164 4436 3364 4492; x_wconf 88' lang='lat' dir='ltr'><strong>habent</strong></span> <span class='ocrx_word' id='word_1_819' title='bbox 3381 4433 3476 4505; x_wconf 90' lang='lat' dir='ltr'><strong>qui</strong></span> <span class='ocrx_word' id='word_1_820' title='bbox 3504 4432 3569 4487; x_wconf 91' lang='lat' dir='ltr'><strong>il-</strong></span> 
     </span>
    </p>
   </div>
   <div class='ocr_carea' id='block_1_109' title="bbox 1972 4529 3570 4608">
    <p class='ocr_par' dir='ltr' id='par_1_109' title="bbox 1972 4529 3570 4608">
     <span class='ocr_line' id='line_1_109' title="bbox 1972 4529 3570 4608; baseline -0.007 -13"><span class='ocrx_word' id='word_1_821' title='bbox 1972 4539 2045 4595; x_wconf 89' lang='lat' dir='ltr'><strong>lis</strong></span> <span class='ocrx_word' id='word_1_822' title='bbox 2070 4536 2387 4608; x_wconf 81' lang='lat' dir='ltr'><strong>frequenter</strong></span> <span class='ocrx_word' id='word_1_823' title='bbox 2406 4545 2661 4592; x_wconf 87' lang='lat' dir='ltr'><strong>utuntur.</strong></span> <span class='ocrx_word' id='word_1_824' title='bbox 2689 4534 2847 4602; x_wconf 83' lang='lat' dir='ltr'><strong>Quod</strong></span> <span class='ocrx_word' id='word_1_825' title='bbox 2862 4544 3046 4589; x_wconf 85' lang='lat' dir='ltr'><strong>autem</strong></span> <span class='ocrx_word' id='word_1_826' title='bbox 3072 4533 3165 4587; x_wconf 85' lang='lat' dir='ltr'><strong>ille</strong></span> <span class='ocrx_word' id='word_1_827' title='bbox 3192 4529 3298 4585; x_wconf 87' lang='lat' dir='ltr'><strong>bac</strong></span> <span class='ocrx_word' id='word_1_828' title='bbox 3331 4529 3386 4583; x_wconf 94' lang='lat' dir='ltr'><strong>in</strong></span> <span class='ocrx_word' id='word_1_829' title='bbox 3413 4534 3570 4598; x_wconf 80' lang='lat' dir='ltr'><strong>parte</strong></span> 
     </span>
    </p>
   </div>
   <div class='ocr_carea' id='block_1_110' title="bbox 1977 4622 3475 4704">
    <p class='ocr_par' dir='ltr' id='par_1_110' title="bbox 1977 4622 3475 4704">
     <span class='ocr_line' id='line_1_110' title="bbox 1977 4622 3475 4704; baseline -0.007 -17"><span class='ocrx_word' id='word_1_830' title='bbox 1977 4646 2231 4704; x_wconf 85' lang='lat' dir='ltr'><strong>magnam</strong></span> <span class='ocrx_word' id='word_1_831' title='bbox 2262 4629 2694 4687; x_wconf 89' lang='lat' dir='ltr'><strong>sollicitudinem</strong></span> <span class='ocrx_word' id='word_1_832' title='bbox 2721 4629 2991 4700; x_wconf 86' lang='lat' dir='ltr'><strong>posuerit,</strong></span> <span class='ocrx_word' id='word_1_833' title='bbox 3018 4626 3145 4681; x_wconf 90' lang='lat' dir='ltr'><strong>hinc</strong></span> <span class='ocrx_word' id='word_1_834' title='bbox 3165 4622 3345 4695; x_wconf 88' lang='lat' dir='ltr'><strong>palam</strong></span> <span class='ocrx_word' id='word_1_835' title='bbox 3367 4628 3475 4678; x_wconf 86' lang='lat' dir='ltr'><strong>est.</strong></span> 
     </span>
    </p>
   </div>
   <div class='ocr_carea' id='block_1_111' title="bbox 2063 4828 3571 4901">
    <p class='ocr_par' dir='ltr' id='par_1_111' title="bbox 2063 4828 3571 4901">
     <span class='ocr_line' id='line_1_111' title="bbox 2063 4828 3571 4901; baseline -0.002 -14"><span class='ocrx_word' id='word_1_836' title='bbox 2063 4832 2118 4887; x_wconf 90' lang='lat'><strong>8.</strong></span> <span class='ocrx_word' id='word_1_837' title='bbox 2160 4829 2382 4885; x_wconf 84' lang='lat' dir='ltr'><strong>Paulum</strong></span> <span class='ocrx_word' id='word_1_838' title='bbox 2401 4831 2455 4883; x_wconf 86' lang='lat' dir='ltr'><strong>id</strong></span> <span class='ocrx_word' id='word_1_839' title='bbox 2480 4847 2513 4882; x_wconf 88' lang='lat' dir='ltr'><strong>a</strong></span> <span class='ocrx_word' id='word_1_840' title='bbox 2543 4830 2683 4884; x_wconf 83' lang='lat' dir='ltr'><strong>nobis</strong></span> <span class='ocrx_word' id='word_1_841' title='bbox 2710 4846 2906 4901; x_wconf 86' lang='lat' dir='ltr'><strong>quoque</strong></span> <span class='ocrx_word' id='word_1_842' title='bbox 2932 4830 3060 4887; x_wconf 78' lang='lat' dir='ltr'><strong>uelle</strong></span> <span class='ocrx_word' id='word_1_843' title='bbox 3084 4832 3319 4887; x_wconf 68' lang='lat' dir='ltr'><strong>exerceri.</strong></span> <span class='ocrx_word' id='word_1_844' title='bbox 3343 4860 3414 4872; x_wconf 86' lang='lat'><strong>--</strong></span> <span class='ocrx_word' id='word_1_845' title='bbox 3433 4828 3571 4884; x_wconf 82' lang='lat' dir='ltr'><strong>Audi</strong></span> 
     </span>
    </p>
   </div>
   <div class='ocr_carea' id='block_1_112' title="bbox 1993 4920 3572 4991">
    <p class='ocr_par' dir='ltr' id='par_1_112' title="bbox 1993 4920 3572 4991">
     <span class='ocr_line' id='line_1_112' title="bbox 1993 4920 3572 4991; baseline -0.003 -14"><span class='ocrx_word' id='word_1_846' title='bbox 1993 4938 2122 4977; x_wconf 87' lang='lat' dir='ltr'><strong>vero</strong></span> <span class='ocrx_word' id='word_1_847' title='bbox 2149 4922 2274 4991; x_wconf 90' lang='lat' dir='ltr'><strong>quid</strong></span> <span class='ocrx_word' id='word_1_848' title='bbox 2301 4921 2351 4974; x_wconf 90' lang='lat' dir='ltr'><strong>iu</strong></span> <span class='ocrx_word' id='word_1_849' title='bbox 2384 4922 2615 4990; x_wconf 76' lang='lat' dir='ltr'><strong>Epistula</strong></span> <span class='ocrx_word' id='word_1_850' title='bbox 2647 4937 2739 4975; x_wconf 90' lang='lat' dir='ltr'><strong>sua</strong></span> <span class='ocrx_word' id='word_1_851' title='bbox 2767 4921 3028 4991; x_wconf 89' lang='lat' dir='ltr'><strong>discipulo</strong></span> <span class='ocrx_word' id='word_1_852' title='bbox 3051 4921 3191 4975; x_wconf 88' lang='lat' dir='ltr'><strong>dicat</strong></span> <span class='ocrx_word' id='word_1_853' title='bbox 3218 4939 3231 4974; x_wconf 89' lang='lat'><strong>:</strong></span> <span class='ocrx_word' id='word_1_854' title='bbox 3257 4920 3470 4973; x_wconf 81' lang='lat' dir='ltr'><strong>Attende</strong></span> <span class='ocrx_word' id='word_1_855' title='bbox 3495 4920 3572 4973; x_wconf 83' lang='lat' dir='ltr'><strong>le-</strong></span> 
     </span>
    </p>
   </div>
   <div class='ocr_carea' id='block_1_113' title="bbox 1993 5005 3571 5081">
    <p class='ocr_par' dir='ltr' id='par_1_113' title="bbox 1993 5005 3571 5081">
     <span class='ocr_line' id='line_1_113' title="bbox 1993 5005 3571 5081; baseline -0.004 -14"><span class='ocrx_word' id='word_1_856' title='bbox 1993 5013 2167 5077; x_wconf 86' lang='lat' dir='ltr'><strong>ctioni,</strong></span> <span class='ocrx_word' id='word_1_857' title='bbox 2186 5012 2541 5076; x_wconf 77' lang='lat' dir='ltr'><strong>exliortationi,</strong></span> <span class='ocrx_word' id='word_1_858' title='bbox 2564 5012 2840 5075; x_wconf 66' lang='lat' dir='ltr'><strong>doctrinae;</strong></span> <span class='ocrx_word' id='word_1_859' title='bbox 2856 5005 3007 5081; x_wconf 79' lang='lat' dir='ltr'><strong>cujus</strong></span> <span class='ocrx_word' id='word_1_860' title='bbox 3027 5012 3100 5066; x_wconf 88' lang='lat' dir='ltr'><strong>rei</strong></span> <span class='ocrx_word' id='word_1_861' title='bbox 3120 5011 3350 5066; x_wconf 79' lang='lat' dir='ltr'><strong>fructum</strong></span> <span class='ocrx_word' id='word_1_862' title='bbox 3363 5010 3571 5077; x_wconf 78' lang='lat' dir='ltr'><strong>adjicit,</strong></span> 
     </span>
    </p>
   </div>
   <div class='ocr_carea' id='block_1_114' title="bbox 1990 5103 3575 5176">
    <p class='ocr_par' dir='ltr' id='par_1_114' title="bbox 1990 5103 3575 5176">
     <span class='ocr_line' id='line_1_114' title="bbox 1990 5103 3575 5176; baseline -0.004 -15"><span class='ocrx_word' id='word_1_863' title='bbox 1990 5106 2178 5161; x_wconf 78' lang='lat' dir='ltr'><strong>dicens</strong></span> <span class='ocrx_word' id='word_1_864' title='bbox 2209 5123 2222 5161; x_wconf 89' lang='lat'><strong>:</strong></span> <span class='ocrx_word' id='word_1_865' title='bbox 2258 5105 2371 5159; x_wconf 81' lang='lat' dir='ltr'><strong>Hoc</strong></span> <span class='ocrx_word' id='word_1_866' title='bbox 2392 5106 2525 5157; x_wconf 76' lang='lat' dir='ltr'><strong>enim</strong></span> <span class='ocrx_word' id='word_1_867' title='bbox 2555 5105 2764 5176; x_wconf 76' lang='lat' dir='ltr'><strong>faciens,</strong></span> <span class='ocrx_word' id='word_1_868' title='bbox 2790 5115 2840 5158; x_wconf 84' lang='lat' dir='ltr'><strong>et</strong></span> <span class='ocrx_word' id='word_1_869' title='bbox 2867 5108 3080 5173; x_wconf 58' lang='lat' dir='ltr'><strong>“ipsum</strong></span> <span class='ocrx_word' id='word_1_870' title='bbox 3102 5103 3299 5157; x_wconf 76' lang='lat' dir='ltr'><strong>saluum</strong></span> <span class='ocrx_word' id='word_1_871' title='bbox 3323 5103 3497 5175; x_wconf 74' lang='lat' dir='ltr'><strong>facies,</strong></span> <span class='ocrx_word' id='word_1_872' title='bbox 3529 5113 3575 5155; x_wconf 87' lang='lat' dir='ltr'><strong>et</strong></span> 
     </span>
    </p>
   </div>
   <div class='ocr_carea' id='block_1_115' title="bbox 1995 5194 3575 5269">
    <p class='ocr_par' dir='ltr' id='par_1_115' title="bbox 1995 5194 3575 5269">
     <span class='ocr_line' id='line_1_115' title="bbox 1995 5194 3575 5269; baseline -0.004 -17"><span class='ocrx_word' id='word_1_873' title='bbox 1995 5214 2078 5252; x_wconf 83' lang='lat' dir='ltr'><strong>eos</strong></span> <span class='ocrx_word' id='word_1_874' title='bbox 2098 5198 2185 5266; x_wconf 80' lang='lat' dir='ltr'><strong>qui</strong></span> <span class='ocrx_word' id='word_1_875' title='bbox 2211 5206 2258 5251; x_wconf 86' lang='lat' dir='ltr'><strong>le</strong></span> <span class='ocrx_word' id='word_1_876' title='bbox 2280 5197 2491 5249; x_wconf 84' lang='lat' dir='ltr'><strong>audiunt</strong></span> <span class='ocrx_word' id='word_1_877' title='bbox 2519 5196 2591 5269; x_wconf 84' lang='lat' dir='ltr'><strong>(i.</strong></span> <span class='ocrx_word' id='word_1_878' title='bbox 2617 5196 2748 5249; x_wconf 81' lang='lat' dir='ltr'><strong>Tim.</strong></span> <span class='ocrx_word' id='word_1_879' title='bbox 2773 5200 2828 5250; x_wconf 72' lang='grc'><strong>4.</strong></span> <span class='ocrx_word' id='word_1_880' title='bbox 2862 5195 2969 5265; x_wconf 82' lang='grc'><strong>16).</strong></span> <span class='ocrx_word' id='word_1_881' title='bbox 2999 5196 3077 5248; x_wconf 80' lang='lat' dir='ltr'><strong>Ac</strong></span> <span class='ocrx_word' id='word_1_882' title='bbox 3107 5209 3340 5259; x_wconf 83' lang='lat' dir='ltr'><strong>rursum,</strong></span> <span class='ocrx_word' id='word_1_883' title='bbox 3362 5194 3575 5250; x_wconf 70' lang='lat' dir='ltr'><strong>Servum</strong></span> 
     </span>
    </p>
   </div>
   <div class='ocr_carea' id='block_1_116' title="bbox 1995 5280 3576 5352">
    <p class='ocr_par' dir='ltr' id='par_1_116' title="bbox 1995 5280 3576 5352">
     <span class='ocr_line' id='line_1_116' title="bbox 1995 5280 3576 5352; baseline -0.003 -15"><span class='ocrx_word' id='word_1_884' title='bbox 1995 5283 2202 5337; x_wconf 84' lang='lat' dir='ltr'><strong>Domini</strong></span> <span class='ocrx_word' id='word_1_885' title='bbox 2241 5300 2343 5336; x_wconf 82' lang='lat' dir='ltr'><strong>non</strong></span> <span class='ocrx_word' id='word_1_886' title='bbox 2386 5292 2581 5352; x_wconf 82' lang='lat' dir='ltr'><strong>oportet</strong></span> <span class='ocrx_word' id='word_1_887' title='bbox 2618 5281 2841 5351; x_wconf 82' lang='lat' dir='ltr'><strong>litigare,</strong></span> <span class='ocrx_word' id='word_1_888' title='bbox 2873 5282 2962 5334; x_wconf 83' lang='lat' dir='ltr'><strong>sed</strong></span> <span class='ocrx_word' id='word_1_889' title='bbox 3002 5290 3315 5333; x_wconf 77' lang='lat' dir='ltr'><strong>mansuetum</strong></span> <span class='ocrx_word' id='word_1_890' title='bbox 3358 5296 3466 5333; x_wconf 84' lang='lat' dir='ltr'><strong>esse</strong></span> <span class='ocrx_word' id='word_1_891' title='bbox 3508 5280 3576 5333; x_wconf 88' lang='lat' dir='ltr'><strong>ad</strong></span> 
     </span>
    </p>
   </div>
   <div class='ocr_carea' id='block_1_117' title="bbox 1996 5370 3572 5444">
    <p class='ocr_par' dir='ltr' id='par_1_117' title="bbox 1996 5370 3572 5444">
     <span class='ocr_line' id='line_1_117' title="bbox 1996 5370 3572 5444; baseline -0.001 -16"><span class='ocrx_word' id='word_1_892' title='bbox 1996 5392 2168 5430; x_wconf 81' lang='lat' dir='ltr'><strong>omnes</strong></span> <span class='ocrx_word' id='word_1_893' title='bbox 2187 5415 2202 5440; x_wconf 89' lang='lat'><strong>,</strong></span> <span class='ocrx_word' id='word_1_894' title='bbox 2230 5374 2524 5439; x_wconf 82' lang='lat' dir='ltr'><strong>docibilem,</strong></span> <span class='ocrx_word' id='word_1_895' title='bbox 2554 5375 2820 5443; x_wconf 82' lang='lat' dir='ltr'><strong>patientem</strong></span> <span class='ocrx_word' id='word_1_896' title='bbox 2843 5373 2917 5444; x_wconf 75' lang='grc'><strong>(2.</strong></span> <span class='ocrx_word' id='word_1_897' title='bbox 2952 5371 3083 5426; x_wconf 87' lang='lat' dir='ltr'><strong>Tim.</strong></span> <span class='ocrx_word' id='word_1_898' title='bbox 3113 5370 3168 5426; x_wconf 75' lang='grc'><strong>2.</strong></span> <span class='ocrx_word' id='word_1_899' title='bbox 3197 5372 3312 5442; x_wconf 72' lang='grc'><strong>21).</strong></span> <span class='ocrx_word' id='word_1_900' title='bbox 3344 5373 3421 5426; x_wconf 85' lang='lat' dir='ltr'><strong>Ac</strong></span> <span class='ocrx_word' id='word_1_901' title='bbox 3451 5385 3572 5441; x_wconf 90' lang='lat' dir='ltr'><strong>pro-</strong></span> 
     </span>
    </p>
   </div>
   <div class='ocr_carea' id='block_1_118' title="bbox 1986 5463 3577 5537">
    <p class='ocr_par' dir='ltr' id='par_1_118' title="bbox 1986 5463 3577 5537">
     <span class='ocr_line' id='line_1_118' title="bbox 1986 5463 3577 5537; baseline -0.003 -17"><span class='ocrx_word' id='word_1_902' title='bbox 1986 5482 2213 5537; x_wconf 81' lang='lat' dir='ltr'><strong>gressus</strong></span> <span class='ocrx_word' id='word_1_903' title='bbox 2240 5465 2317 5520; x_wconf 90' lang='lat' dir='ltr'><strong>ait</strong></span> <span class='ocrx_word' id='word_1_904' title='bbox 2346 5483 2360 5519; x_wconf 90' lang='lat'><strong>:</strong></span> <span class='ocrx_word' id='word_1_905' title='bbox 2396 5465 2438 5519; x_wconf 89' lang='lat' dir='ltr'><strong><em>T</em></strong></span> <span class='ocrx_word' id='word_1_906' title='bbox 2440 5482 2472 5519; x_wconf 82' lang='grc' dir='ltr'><strong>ιι</strong></span> <span class='ocrx_word' id='word_1_907' title='bbox 2509 5480 2625 5519; x_wconf 84' lang='lat' dir='ltr'><strong>uero</strong></span> <span class='ocrx_word' id='word_1_908' title='bbox 2663 5481 2900 5536; x_wconf 84' lang='lat' dir='ltr'><strong>permane</strong></span> <span class='ocrx_word' id='word_1_909' title='bbox 2925 5465 2979 5518; x_wconf 82' lang='lat' dir='ltr'><strong>in</strong></span> <span class='ocrx_word' id='word_1_910' title='bbox 3003 5465 3066 5518; x_wconf 81' lang='lat' dir='ltr'><strong>iis</strong></span> <span class='ocrx_word' id='word_1_911' title='bbox 3089 5505 3103 5528; x_wconf 88' lang='lat'><strong>,</strong></span> <span class='ocrx_word' id='word_1_912' title='bbox 3133 5480 3246 5534; x_wconf 65' lang='lat' dir='ltr'><strong>qua</strong></span> <span class='ocrx_word' id='word_1_913' title='bbox 3272 5463 3493 5517; x_wconf 76' lang='lat' dir='ltr'><strong>didicisti</strong></span> <span class='ocrx_word' id='word_1_914' title='bbox 3531 5475 3577 5516; x_wconf 78' lang='lat' dir='ltr'><strong>et</strong></span> 
     </span>
    </p>
   </div>
   <div class='ocr_carea' id='block_1_119' title="bbox 1996 5555 3547 5627">
    <p class='ocr_par' dir='ltr' id='par_1_119' title="bbox 1996 5555 3547 5627">
     <span class='ocr_line' id='line_1_119' title="bbox 1996 5555 3547 5627; baseline -0.003 -14"><span class='ocrx_word' id='word_1_915' title='bbox 1996 5559 2186 5613; x_wconf 86' lang='lat' dir='ltr'><strong>credita</strong></span> <span class='ocrx_word' id='word_1_916' title='bbox 2213 5568 2330 5613; x_wconf 79' lang='lat' dir='ltr'><strong>sunt</strong></span> <span class='ocrx_word' id='word_1_917' title='bbox 2359 5558 2447 5611; x_wconf 84' lang='lat' dir='ltr'><strong>tibi</strong></span> <span class='ocrx_word' id='word_1_918' title='bbox 2467 5598 2480 5622; x_wconf 93' lang='lat'><strong>,</strong></span> <span class='ocrx_word' id='word_1_919' title='bbox 2511 5558 2671 5613; x_wconf 78' lang='lat' dir='ltr'><strong>sciens</strong></span> <span class='ocrx_word' id='word_1_920' title='bbox 2696 5573 2727 5609; x_wconf 88' lang='lat' dir='ltr'><strong>a</strong></span> <span class='ocrx_word' id='word_1_921' title='bbox 2753 5573 2852 5627; x_wconf 69' lang='lat' dir='ltr'><strong>quo</strong></span> <span class='ocrx_word' id='word_1_922' title='bbox 2876 5557 3113 5611; x_wconf 80' lang='lat' dir='ltr'><strong>didiceris</strong></span> <span class='ocrx_word' id='word_1_923' title='bbox 3131 5597 3146 5617; x_wconf 89' lang='lat'><strong>.</strong></span> <span class='ocrx_word' id='word_1_924' title='bbox 3179 5566 3227 5609; x_wconf 86' lang='lat' dir='ltr'><strong>et</strong></span> <span class='ocrx_word' id='word_1_925' title='bbox 3254 5555 3374 5625; x_wconf 78' lang='lat' dir='ltr'><strong>quia</strong></span> <span class='ocrx_word' id='word_1_926' title='bbox 3405 5555 3469 5609; x_wconf 73' lang='lat' dir='ltr'><strong>ab</strong></span> <span class='ocrx_word' id='word_1_927' title='bbox 3493 5555 3547 5609; x_wconf 88' lang='lat' dir='ltr'><strong>in</strong></span> 
     </span>
    </p>
   </div>
   <div class='ocr_carea' id='block_1_120' title="bbox 2000 5648 3623 5723">
    <p class='ocr_par' dir='ltr' id='par_1_120' title="bbox 2000 5648 3623 5723">
     <span class='ocr_line' id='line_1_120' title="bbox 2000 5648 3623 5723; baseline -0.001 -19"><span class='ocrx_word' id='word_1_928' title='bbox 2000 5652 2161 5723; x_wconf 73' lang='lat' dir='ltr'><strong>[mitia</strong></span> <span class='ocrx_word' id='word_1_929' title='bbox 2195 5666 2368 5704; x_wconf 87' lang='lat' dir='ltr'><strong>sacras</strong></span> <span class='ocrx_word' id='word_1_930' title='bbox 2409 5649 2579 5705; x_wconf 79' lang='lat' dir='ltr'><strong>literas</strong></span> <span class='ocrx_word' id='word_1_931' title='bbox 2616 5649 2769 5714; x_wconf 80' lang='lat' dir='ltr'><strong>nosti,</strong></span> <span class='ocrx_word' id='word_1_932' title='bbox 2794 5664 2905 5719; x_wconf 63' lang='lat' dir='ltr'><strong>qua</strong></span> <span class='ocrx_word' id='word_1_933' title='bbox 2937 5658 2985 5703; x_wconf 83' lang='lat' dir='ltr'><strong>te</strong></span> <span class='ocrx_word' id='word_1_934' title='bbox 3018 5648 3207 5720; x_wconf 72' lang='lat' dir='ltr'><strong>possint</strong></span> <span class='ocrx_word' id='word_1_935' title='bbox 3238 5649 3489 5703; x_wconf 72' lang='lat' dir='ltr'><strong>instruere</strong></span> <span class='ocrx_word' id='word_1_936' title='bbox 3511 5648 3578 5702; x_wconf 81' lang='lat' dir='ltr'><strong>ad</strong></span> <span class='ocrx_word' id='word_1_937' title='bbox 3604 5650 3623 5665; x_wconf 82' lang='lat'><strong>‘</strong></span> 
     </span>
    </p>
   </div>
   <div class='ocr_carea' id='block_1_121' title="bbox 1997 5738 3578 5811">
    <p class='ocr_par' dir='ltr' id='par_1_121' title="bbox 1997 5738 3578 5811">
     <span class='ocr_line' id='line_1_121' title="bbox 1997 5738 3578 5811; baseline -0.003 -16"><span class='ocrx_word' id='word_1_938' title='bbox 1997 5743 2213 5796; x_wconf 80' lang='lat' dir='ltr'><strong>salutent</strong></span> <span class='ocrx_word' id='word_1_939' title='bbox 2263 5739 2391 5811; x_wconf 84' lang='lat' dir='ltr'><strong>(Id.</strong></span> <span class='ocrx_word' id='word_1_940' title='bbox 2429 5741 2481 5794; x_wconf 75' lang='grc'><strong>5.</strong></span> <span class='ocrx_word' id='word_1_941' title='bbox 2523 5740 2609 5795; x_wconf 63' lang='lat' dir='ltr'><strong>id.</strong></span> <span class='ocrx_word' id='word_1_942' title='bbox 2656 5739 2784 5810; x_wconf 79' lang='grc'><strong>15).</strong></span> <span class='ocrx_word' id='word_1_943' title='bbox 2829 5742 2905 5795; x_wconf 83' lang='lat' dir='ltr'><strong>Ac</strong></span> <span class='ocrx_word' id='word_1_944' title='bbox 2955 5756 3171 5806; x_wconf 79' lang='lat' dir='ltr'><strong>rursus,</strong></span> <span class='ocrx_word' id='word_1_945' title='bbox 3225 5738 3404 5794; x_wconf 77' lang='lat' dir='ltr'><strong>Omnis</strong></span> <span class='ocrx_word' id='word_1_946' title='bbox 3451 5739 3578 5792; x_wconf 83' lang='lat' dir='ltr'><strong>scri-</strong></span> 
     </span>
    </p>
   </div>
   <div class='ocr_carea' id='block_1_122' title="bbox 1982 5828 3575 5902">
    <p class='ocr_par' dir='ltr' id='par_1_122' title="bbox 1982 5828 3575 5902">
     <span class='ocr_line' id='line_1_122' title="bbox 1982 5828 3575 5902; baseline -0.003 -16"><span class='ocrx_word' id='word_1_947' title='bbox 1982 5836 1988 5847; x_wconf 83' lang='lat'><strong>&#39;</strong></span> <span class='ocrx_word' id='word_1_948' title='bbox 2001 5844 2149 5902; x_wconf 77' lang='lat' dir='ltr'><strong>plura</strong></span> <span class='ocrx_word' id='word_1_949' title='bbox 2174 5831 2413 5886; x_wconf 82' lang='lat' dir='ltr'><strong>divinitus</strong></span> <span class='ocrx_word' id='word_1_950' title='bbox 2434 5831 2698 5899; x_wconf 83' lang='lat' dir='ltr'><strong>inspirata,</strong></span> <span class='ocrx_word' id='word_1_951' title='bbox 2723 5830 2910 5900; x_wconf 84' lang='lat' dir='ltr'><strong>inquit,</strong></span> <span class='ocrx_word' id='word_1_952' title='bbox 2940 5832 3077 5885; x_wconf 75' lang='lat' dir='ltr'><strong>utilis</strong></span> <span class='ocrx_word' id='word_1_953' title='bbox 3098 5840 3168 5885; x_wconf 81' lang='lat' dir='ltr'><strong>est</strong></span> <span class='ocrx_word' id='word_1_954' title='bbox 3189 5830 3259 5883; x_wconf 81' lang='lat' dir='ltr'><strong>ad</strong></span> <span class='ocrx_word' id='word_1_955' title='bbox 3277 5828 3575 5891; x_wconf 70' lang='lat' dir='ltr'><strong>docendum,</strong></span> 
     </span>
    </p>
   </div>
   <div class='ocr_carea' id='block_1_123' title="bbox 2001 5923 3582 5995">
    <p class='ocr_par' dir='ltr' id='par_1_123' title="bbox 2001 5923 3582 5995">
     <span class='ocr_line' id='line_1_123' title="bbox 2001 5923 3582 5995; baseline -0.002 -16"><span class='ocrx_word' id='word_1_956' title='bbox 2001 5927 2067 5979; x_wconf 87' lang='lat' dir='ltr'><strong>ad</strong></span> <span class='ocrx_word' id='word_1_957' title='bbox 2109 5923 2460 5995; x_wconf 79' lang='lat' dir='ltr'><strong>urguendum,</strong></span> <span class='ocrx_word' id='word_1_958' title='bbox 2492 5923 2560 5977; x_wconf 89' lang='lat' dir='ltr'><strong>ad</strong></span> <span class='ocrx_word' id='word_1_959' title='bbox 2601 5924 3008 5994; x_wconf 76' lang='lat' dir='ltr'><strong>corripimdum,</strong></span> <span class='ocrx_word' id='word_1_960' title='bbox 3050 5924 3118 5978; x_wconf 87' lang='lat' dir='ltr'><strong>ad</strong></span> <span class='ocrx_word' id='word_1_961' title='bbox 3160 5923 3490 5978; x_wconf 82' lang='lat' dir='ltr'><strong>erudiendum</strong></span> <span class='ocrx_word' id='word_1_962' title='bbox 3531 5925 3582 5976; x_wconf 84' lang='lat' dir='ltr'><strong>in</strong></span> 
     </span>
    </p>
   </div>
  </div>
