3942 6366
417 398 513 451 Ml

408 511 634 583 justitia.
660 520 708 563 ut
733 509 985 578 perfectus
1011 510 1075 563 sit
1101 511 1251 564 homo
1275 509 1462 576 Det'(2.
1490 508 1620 561 Tim.
1643 509 1697 562 5.
1729 507 1837 577 16).
1869 505 2006 561 Audi

421 609 547 655 item
571 602 696 670 quid
718 600 838 654 Tito
859 601 925 654 de
947 600 1316 670 episc0porum
1339 600 1715 654 constitutione
1734 598 2008 652 disserens

419 692 654 745 declaret
685 708 698 744 :
731 689 938 761 Oportet
983 691 1123 744 enim
1143 732 1157 755 ,
1193 690 1360 760 inquit
1385 731 1399 755 ,
1432 691 1722 758 episcopum
1771 687 2009 756 amplecti

421 801 554 844 cum,
578 784 664 852 qui
688 783 962 836 secundum
988 783 1268 835 doctrinam
1293 791 1385 842 est,
1409 781 1607 848 ﬁdelem
1629 797 1929 843 sermonem,
1955 789 2010 834 ut

421 874 579 942 possit
609 890 692 926 eos
714 915 727 938 ,
755 874 840 942 qui
869 873 1252 933 contradicunt,
1279 888 1490 941 arguere
1518 871 1536 940 (
1557 870 1662 924 Tit.
1693 873 1745 925 l.
1773 871 1806 927 9
1836 873 1876 941 ).
1908 872 2010 938 Qui

418 979 547 1030 ergo
575 961 735 1016 idiota
760 1004 774 1025 ,
808 972 860 1014 ut
895 962 946 1015 hi
980 961 1189 1022 dicunt,
1221 960 1648 1039 contradicentes
1686 976 1912 1031 arguere
1951 969 2007 1014 et

422 1055 709 1107 reiraznare
731 1054 957 1121 poterit?
977 1055 1240 1120 Quorsum
1263 1053 1538 1106 attendere
1561 1053 1768 1106 lectioni
1787 1062 1840 1105 et
1862 1052 2005 1106 Scri-

427 1146 627 1212 βίω-ῖς,
659 1146 701 1198 si
733 1161 791 1198 ea
832 1145 986 1198 nobis
1016 1145 1310 1214 ignorantia
1341 1143 1708 1212 amplectenda
1740 1144 1861 1198 est?
1890 1143 2015 1197 llzec

424 1238 673 1291 obtentus
711 1245 832 1291 sunt
861 1244 918 1290 et
958 1244 1244 1306 prastextus
1270 1277 1284 1299 ,
1317 1250 1380 1290 ac
1409 1235 1648 1304 segnitiei
1687 1235 2014 1304 ignaviaeque

424 1328 815 1381 excusationes.
852 1326 1049 1380 Verum
1073 1368 1087 1391 ,
1119 1327 1324 1395 inquies
1348 1366 1363 1392 ,
1394 1325 1506 1380 haec
1532 1325 1794 1394 episcopis
1825 1325 2014 1392 praeci-

426 1420 642 1484 piuntur
667 1436 679 1471 :
707 1433 829 1470 nam
853 1417 918 1471 de
948 1417 1211 1486 episcopis
1233 1418 1384 1472 nobis
1408 1417 1515 1486 jam
1539 1425 1621 1471 est
1642 1431 1840 1470 sermo.
1864 1415 2014 1482 Quod

427 1519 606 1564 autem
635 1519 688 1563 et
709 1510 933 1564 subditis
957 1511 1179 1578 idipsum
1207 1509 1509 1573 conveniat,
1533 1509 1651 1562 audi
1678 1508 1800 1576 quid
1833 1507 1886 1560 in
1913 1507 2015 1560 alia

431 1599 664 1667 Epistula
708 1599 824 1653 aliis
863 1599 1046 1652 dicat:
1087 1597 1298 1652 Verbum
1342 1598 1526 1651 Christi
1567 1598 1754 1651 habitet
1792 1597 1844 1650 in
1883 1596 2018 1650 vobis

427 1690 744 1742 abundanter
769 1691 820 1743 in
849 1692 985 1743 onmi
1011 1689 1259 1758 sapientia
1287 1687 1514 1761 (Coloss.
1544 1689 1596 1744 ὅ.
1633 1687 1770 1760 1ϐ);
1801 1703 1864 1742 ac
1895 1703 2018 1742 rur-

427 1796 544 1834 sum
578 1799 592 1835 :
622 1780 801 1834 Sermo
826 1793 982 1834 vester
1008 1797 1203 1851 semper
1240 1780 1292 1834 in
1321 1782 1484 1851 gratia
1508 1781 1614 1834 sale
1647 1781 1708 1833 sit
1739 1781 1971 1833 conditus
1995 1821 2011 1846 ,

428 1880 481 1922 ut
517 1870 687 1924 sciatis
725 1872 974 1940 quomodo
1016 1881 1241 1941 Oporteat
1281 1887 1366 1924 vos
1403 1871 1670 1940 unicuique
1707 1869 2012 1938 respondere

318 2015 336 2035 _
431 1961 536 2029 (Id.
589 1962 644 2017 4.
692 1961 770 2033 6).
799 1963 915 2018 .lam
942 1963 1083 2033 quod
1132 1964 1258 2018 velit
1295 1963 1360 2018 ad
1415 1963 1840 2032 respondendum
1899 1979 2019 2018 esse

433 2063 667 2122 paratos,
700 2056 750 2110 id
769 2058 1015 2111 omnibus
1041 2056 1232 2111 dicitur
1264 2056 1340 2130 (1.
1365 2055 1504 2111 Petr.
1534 2057 1718 2126 3.15).
1747 2057 1825 2111 Ad
1852 2056 2038 2112 Thes-'

431 2145 794 2201 salonicenses
821 2162 972 2214 vero,
1012 2147 1308 2216 Ediﬁcate,
1337 2149 1525 2216 inquit,
1549 2149 1868 2214 alterutrum,
1893 2151 2021 2202 sicut

431 2245 476 2286 et
503 2235 670 2304 facitis
695 2235 956 2306 (LThess.
979 2238 1032 2293 5.
1060 2238 1169 2308 11).
1203 2237 1332 2294 Cum
1361 2251 1537 2294 autem
1564 2239 1631 2294 de
1654 2238 2020 2294 sacerdotibus

431 2325 592 2380 verba
615 2325 758 2392 facit,
785 2327 883 2392 Qui
906 2327 1027 2382 bene
1051 2339 1274 2399 pmsunt
1298 2329 1593 2400 presbyteri,
1617 2330 1806 2398 inquit,
1829 2330 2020 2401 duplici

433 2419 622 2472 honore
643 2419 780 2491 digni
809 2421 1102 2486 habeantur,
1132 2424 1348 2477 maxime
1370 2424 1454 2491 qui
1479 2425 1708 2478 laborant
1733 2423 1786 2476 in
1806 2423 1950 2477 verbo
1971 2433 2020 2478 et

433 2511 662 2564 doctrina
716 2510 761 2581 (1
795 2511 925 2565 Tim.
947 2514 999 2568 5.
1026 2514 1136 2585 17).
1165 2514 1372 2569 Etenim
1397 2514 1482 2569 hic
1499 2525 1582 2570 est
1605 2514 2019 2584 perfectissimus

433 2602 689 2657 doctrina:
717 2606 994 2670 terminus,
1025 2621 1144 2660 cum
1172 2617 1224 2660 et
1248 2607 1500 2676 operibus
1529 2616 1581 2662 et
1607 2609 1764 2664 dictis
1793 2609 1903 2664 suis
1932 2609 2016 2662 di-

433 2693 667 2761 scipulos
697 2692 750 2746 in
780 2694 984 2749 beatam
1024 2711 1052 2747 a
1084 2696 1297 2750 Christo
1325 2697 1618 2751 institutam
1649 2700 1812 2754 vitam
1847 2699 2019 2754 dedo-

432 2791 581 2836 cunt.
608 2782 791 2853 Neque
821 2785 960 2838 enim
994 2785 1126 2838 facta
1159 2785 1429 2841 sufliciunt
1456 2787 1522 2840 ad
1551 2788 1868 2842 docendum.
1902 2787 2016 2842 Non

438 2888 588 2927 meus
611 2884 695 2928 est
717 2890 911 2939 sermo,
938 2876 1029 2930 sed
1061 2877 1226 2947 ipsius
1250 2877 1549 2932 Servatoris
1572 2897 1585 2932 :
1613 2879 1710 2944 Qui
1735 2879 1899 2944 enim,
1923 2879 2016 2944 ait,

433 2963 602 3032 fecerit
629 2975 674 3018 et
699 2966 940 3031 docuerit,
967 2969 1047 3021 hic
1072 2985 1284 3039 magnus
1309 2968 1566 3022 vocabitur
1588 2969 1803 3040 (Matth.
1827 2970 1880 3026 5.
1907 2971 2016 3040 19).

432 3055 563 3111 Nam
592 3058 636 3111 si
674 3058 848 3114 facere
876 3061 1013 3115 idem
1039 3071 1183 3117 esset
1211 3062 1351 3132 quod
1380 3062 1574 3118 docere
1595 3103 1610 3128 ,
1643 3063 1909 3132 superflue
1935 3079 2021 3118 se-

434 3150 663 3206 cundum
704 3152 832 3208 illud
881 3155 1196 3223 adderetur;
1239 3158 1370 3212 satis
1412 3160 1554 3214 enim
1593 3158 1780 3214 fuisset
1819 3159 2020 3213 dixisse

435 3251 635 3298 tantum
655 3285 671 3308 ς
727 3241 830 3306 Qui
850 3243 1214 3311 [ϐεενὶιοΝυηο
1238 3266 1366 3304 vero
1391 3252 1531 3321 quod
1564 3253 1700 3307 inter
1727 3262 2013 3322 utrumque

432 3333 741 3404 distinguat,
775 3338 1008 3393 ostendit
1028 3379 1043 3402 ,
1071 3339 1204 3394 alias
1231 3356 1351 3396 esse
1380 3357 1601 3412 operum
1645 3351 1822 3411 partes
1841 3384 1856 3408 ,
1888 3343 2020 3396 alias

435 3425 717 3489 sermonis,
743 3425 913 3495 adque
935 3429 1218 3496 perfectam
1242 3433 1648 3488 aediﬁcationem
1669 3449 1830 3488 unum
1852 3435 2020 3488 altero

436 3512 696 3582 indigere.
739 3517 927 3570 Annon
965 3518 1116 3573 audis
1150 3521 1273 3590 quid
1307 3522 1656 3591 Ephesiorum
1693 3524 2020 3595 presbyteris

432 3605 578 3658 dicat
601 3621 691 3657 vas
719 3606 844 3660 illud
872 3609 1098 3664 electum
1128 3612 1366 3667 Christi?
1396 3614 1614 3684 Propter
1635 3617 1790 3686 quod,
1819 3617 2009 3686 inquit,

433 3694 655 3764 vigilate,
681 3701 918 3751 memoria
943 3701 1227 3768 retinentes,
1249 3706 1487 3771 quoniam
1509 3725 1598 3777 per
1624 3708 1892 3761 triennium
1919 3724 2020 3761 non

433 3788 658 3851 cessavi,
691 3805 807 3842 cum
850 3791 1086 3862 lacryntis
1127 3811 1332 3850 monens
1372 3814 1772 3870 unumquemque
1804 3808 2019 3852 vestrum

1123 398 1180 452 S.
1221 395 1497 452 JOANNIS
1534 392 2008 450 CHRYSOSTOMI
2047 392 2360 449 ARClllEP.
2401 387 2938 446 CONSTANTINOP.

3586 387 3681 443 672

2114 505 2133 575 (
2163 507 2274 558 Act.
2305 504 2395 558 20.
2425 505 2486 558 3i
2518 501 2561 570 ).
2601 501 2895 572 Namiquid
2926 515 3062 570 opus
3094 500 3341 571 lacrymis
3363 541 3383 568 ,
3409 500 3488 555 vel
3520 503 3683 556 verbis

2113 593 2535 648 commouitoriis
2561 634 2578 659 ,
2621 593 2731 647 vita
2773 593 2825 645 in
2869 592 2961 646 illo
2993 591 3278 659 apostolica
3316 591 3385 644 ita
3428 591 3686 660 fulgente?

2115 684 2219 740 Sed
2257 684 2322 739 ad
2353 693 2738 754 praeceptorum
2766 682 3194 738 observationem
3239 683 3288 736 id
3326 683 3478 737 nobis
3507 684 3685 738 admo-

2115 775 2239 829 dum
2263 774 2510 830 couferre
2538 775 2736 844 possit;
2769 789 2940 844 neque
2966 775 3106 828 enim
3132 773 3304 844 ipsum
3326 774 3496 829 solum
3519 777 3686 831 omnia

2119 879 2374 939 praestare
2404 884 2561 938 posse
2587 868 2834 922 dixerim.

2187 964 2242 1017 9.
2287 961 2546 1028 Quantum
2576 962 2817 1014 damnum
2846 976 2909 1013 ex
2932 959 3219 1029 ignorantia
3241 959 3604 1028 episcoporum.
3627 991 3690 1002 --

2116 1051 2246 1106 Cum
2273 1063 2450 1106 autem
2492 1052 2558 1106 de
2603 1051 2938 1119 dogmatibus
2970 1058 3238 1104 certamen
3271 1049 3457 1115 fuerit,
3485 1067 3689 1106 omnes-

2117 1161 2222 1216 que
2250 1145 2320 1197 ab
2347 1145 2534 1199 iisdem
2563 1144 2854 1211 Scripturis
2882 1142 3272 1205 dimicaverint,
3303 1158 3458 1208 quam
3483 1143 3582 1196 vim
3612 1142 3690 1197 hic

2119 1238 2241 1290 vita:
2268 1235 2563 1288 institutum
2595 1233 2855 1288 exhibere
2883 1231 3086 1302 possit?
3111 1231 3246 1297 Quid
3277 1232 3517 1286 utilitatis
3541 1233 3692 1287 sudo-

2120 1343 2206 1382 res
2245 1327 2400 1380 multi
2439 1313 2682 1389 aderant,
2713 1340 2832 1378 Ctllll
2874 1332 2994 1392 post
3033 1334 3206 1377 tantos
3241 1323 3358 1376 illos
3393 1323 3597 1377 labores
3631 1339 3689 1378 ex

2119 1431 2310 1486 magna
2337 1431 2428 1469 sua
2462 1416 2723 1483 imperitia
2750 1414 2870 1484 quis
2901 1415 2951 1467 iu
2982 1414 3228 1468 hreresim
3261 1413 3472 1482 lapsus,
3506 1415 3570 1466 ab
3598 1414 3690 1468 Ec-

2121 1510 2299 1564 clesiae
2336 1523 2561 1578 corpore
2604 1508 2872 1561 abscissus
2919 1506 3114 1560 fuerit?
3156 1505 3297 1575 quod
3339 1505 3551 1574 quidem
3591 1505 3696 1559 scio

2120 1602 2301 1655 multis
2323 1601 2595 1654 accidisse.
2619 1598 2770 1666 Quod
2798 1600 2998 1651 lucrum
3027 1597 3124 1666 ipsi
3153 1612 3216 1650 ex
3246 1595 3553 1651 tolerantia?
3575 1595 3689 1650 Nul—

2123 1694 2232 1748 lum
2265 1710 2278 1746 :
2307 1694 2446 1748 sicut
2483 1706 2581 1745 nec
2611 1706 2678 1744 ex
2708 1704 2834 1743 sana
2867 1689 2969 1742 ﬁde
2994 1729 3010 1754 ,
3041 1689 3084 1742 si
3115 1688 3221 1740 vita
3250 1695 3496 1756 corrupta
3524 1685 3686 1741 fuerit.

2123 1787 2216 1840 llis
2259 1800 2388 1839 sane
2425 1784 2493 1838 de
2533 1783 2710 1838 causis
2755 1781 2940 1836 harum
2981 1780 3434 1835 concertatiouum
3477 1780 3698 1835 maxime

2121 1876 2358 1932 omnium
2394 1876 2622 1946 peritum
2653 1889 2772 1929 esse
2802 1882 3052 1943 oportet,
3082 1888 3203 1928 cum
3235 1874 3320 1942 qui
3353 1873 3576 1926 aliarum
3604 1871 3693 1926 do-

2121 1969 2411 2025 cendorum
2443 1983 2634 2021 munus
2661 1967 2880 2021 sortitus
2905 1973 3008 2019 est.
3032 1964 3164 2018 Nam
3195 1964 3402 2042 etiamsi
3429 1972 3568 2018 tutus
3592 1963 3695 2032 ipse

2124 2069 2363 2129 perstet.
2407 2059 2536 2113 nihil
2575 2058 2644 2111 ab
2684 2056 3004 2111 adversariis
3043 2055 3238 2118 laesus,
3282 2043 3694 2110 at'subditorum

2122 2151 2507 2221 simpliciorum
2526 2149 2826 2214 multitudo,
2844 2165 2964 2203 cum
2982 2148 3173 2202 viderit
3192 2149 3382 2202 ducem
3404 2157 3695 2216 superatum

2123 2243 2253 2296 nihil
2298 2256 2453 2312 posse
2491 2239 2810 2295 adversariis
2846 2253 3116 2308 opponere
3140 2278 3154 2302 ,
3201 2252 3306 2292 non
3348 2238 3694 2292 inﬁrmitatem

2121 2333 2279 2402 ejus,
2320 2331 2416 2386 sed
2460 2329 2725 2400 dogmatis
2767 2329 3180 2382 imbecillitatem
3223 2338 3545 2397 prostratam
3587 2343 3696 2382 esse

2123 2423 2386 2494 putabunt
2415 2439 2428 2474 :
2457 2431 2618 2491 atque
2637 2421 2706 2475 ob
2728 2420 2883 2473 unius
2907 2419 3225 2488 imperitiam
3255 2419 3453 2473 multus
3481 2418 3690 2489 populus

2124 2513 2174 2566 in
2196 2523 2487 2566 extremam
2510 2509 2798 2580 perniciem
2819 2508 3086 2577 dejicitur.
3113 2508 3334 2563 Etiamsi
3359 2511 3498 2564 enim
3521 2524 3576 2562 se
3596 2524 3692 2563 non

2121 2606 2549 2660 adversariorum
2579 2605 2630 2657 in
2659 2609 2835 2672 partes
2861 2601 3139 2670 recipiant,
3168 2609 3403 2654 attamen
3430 2599 3497 2656 de
3520 2601 3696 2668 quibus

2122 2699 2391 2755 conlidere
2421 2708 2669 2770 poterant
2693 2741 2708 2767 ,
2737 2699 2805 2754 de
2833 2699 3020 2754 iisdem
3049 2697 3292 2752 dubitare.
3319 2707 3580 2766 coguntur
3610 2706 3697 2752 :et

2125 2793 2189 2847 iis
2213 2833 2228 2856 ,
2261 2809 2380 2861 qua:
2421 2807 2542 2847 cum
2584 2793 2897 2846 inconcussa
2929 2791 3034 2845 ﬁde
3063 2789 3301 2844 adierant
3323 2830 3340 2854 ,
3373 2803 3493 2843 cum
3523 2786 3696 2842 eadem

2119 2884 2227 2954 jam
2255 2884 2503 2939 ﬁrmitate
2530 2884 2806 2939 adltmrere
2836 2900 2942 2937 non
2973 2892 3192 2952 possunt
3226 2901 3240 2937 :
3273 2882 3372 2937 sed
3404 2889 3542 2936 tanta
3572 2890 3696 2935 tem-

2125 2987 2303 3045 pestas
2325 2991 2508 3030 eorum
2537 2976 2674 3030 inest
2692 2976 2903 3042 animis,
2925 2975 3082 3046 idque
3101 2990 3168 3030 ex
3189 2975 3426 3029 doctoris
3446 2975 3516 3029 tui
3538 2972 3695 3036 clade,

2126 3078 2182 3122 ut
2209 3069 2260 3122 in
2291 3067 2620 3138 naufragium
2648 3067 2860 3122 tandem
2889 3068 3178 3136 pessimum
3209 3065 3480 3120 desinant.
3503 3065 3694 3132 Quanta

2127 3177 2258 3216 vero
2301 3161 2597 3231 pernicies,
2642 3169 2976 3231 quantusque
3017 3158 3152 3228 ignis
3181 3158 3232 3212 in
3260 3158 3515 3213 miserum
3553 3163 3697 3224 caput

2126 3252 2269 3306 illius
2297 3267 2393 3321 pro
2420 3251 2640 3322 singulis
2669 3251 3013 3321 pereuntibus
3035 3259 3426 3313 coarcervetur,
3453 3265 3552 3303 non
3575 3262 3696 3317 opus

2125 3351 2207 3397 est
2227 3351 2284 3397 ut
2311 3357 2340 3396 a
2362 3358 2447 3396 me
2468 3342 2662 3408 discas,
2684 3357 2805 3396 cum
2827 3341 3003 3395 omnia
3027 3348 3270 3395 accurate
3298 3341 3458 3394 scias.
3484 3339 3698 3394 Haecine

2127 3433 2284 3502 igitur
2311 3443 2394 3487 est
2421 3431 2758 3501 arrogantizn,
2789 3431 3010 3486 hoccine
3038 3446 3187 3485 vana:
3215 3431 3421 3501 glorim,
3449 3429 3584 3500 quod
3613 3444 3699 3482 no-

2126 3523 2315 3578 luerim
2364 3532 2442 3577 tot
2489 3523 2762 3577 hominum
2807 3523 3060 3592 perniciei
3098 3537 3253 3576 causa
3291 3536 3452 3585 esse,
3492 3530 3544 3576 et
3582 3518 3699 3572 mihi

2127 3615 2298 3683 majus
2327 3614 2597 3669 attrahere
2623 3613 2961 3683 supplicium,
2984 3629 3141 3683 quam
3174 3612 3222 3665 id
3250 3611 3394 3681 quod
3422 3611 3696 3680 repositum

2126 3705 2246 3761 est?
2269 3705 2464 3776 Ecquis
2490 3705 2602 3760 hmc
2626 3705 2849 3760 dixerit?
2871 3721 3046 3771 nemo,
3069 3704 3168 3758 nisi
3197 3702 3394 3758 frustra
3421 3701 3698 3764 criminari,

2127 3807 2183 3853 et
2211 3798 2262 3852 in
2292 3798 2480 3853 alienis
2505 3798 2895 3853 calamitatibus
2922 3797 3284 3868 philosophari
3315 3797 3462 3851 velit.

433 3913 3676 3946 ...____________________________________________

1396 4005 1868 4112 LIBER
1957 4002 2698 4131 QUINTUS.

876 4309 982 4343 HEC
1006 4310 1177 4345 INSUNT
1199 4312 1336 4350 LIBRO
1358 4314 1530 4354 QUINTO
1553 4314 1566 4350 Ξ

431 4395 466 4436 l.
495 4389 900 4472 Epigono-boris,
921 4410 979 4472 ac
993 4399 1137 4447 studii
1161 4399 1486 4452 adhibendum
1520 4405 1568 4454 in
1587 4405 1796 4456 homiliis
1818 4408 2020 4472 popula-

495 4452 631 4500 ribus
645 4457 1003 4505 conciunaudis.

431 4515 853 4595 ﬂagitio-1.111103?!
876 4520 1135 4580 deputatos
1156 4520 1325 4572 laudes
1352 4538 1613 4588 spernere,
1637 4541 1693 4578 ac
1713 4530 1904 4580 dicendi
1928 4547 2017 4595 pe-

495 4577 612 4621 ritos
636 4589 750 4624 esse
772 4577 980 4627 debere.

439 4635 634 4743 ιιιὲοιὲἐδί
675 4645 884 4700 utroque
926 4643 1155 4694 sacerdos
1197 4646 1260 4696 sit
1303 4649 1550 4710 praeditus,
1591 4651 1810 4703 inutilem
1840 4655 2018 4718 p0pulo

432 4761 505 4828 ty.
523 4757 782 4828 _tnvi_diam_
796 4769 1074 4828 contemnat
1095 4774 1345 4828 oportere.

736 4819 846 4884 plus
877 4826 1025 4875 studii
1049 4835 1101 4878 et
1127 4819 1410 4892 diligentiae
1432 4846 1554 4896 opus
1587 4847 1718 4896 esse,
1746 4849 1891 4900 quam
1907 4839 2016 4888 ine-

429 4941 770 5020 t‘tLJBdiciujm
813 4945 1134 5000 multitudinis
1161 4951 1412 5020 imperite
1463 4970 1628 5020 neque
1665 4960 1859 5008 omnino
1900 4975 2016 5010 con-

491 5005 831 5076 temnendum,
858 5023 1023 5072 neque
1046 5014 1173 5061 omni
1201 5005 1264 5062 ei
1285 5025 1422 5076 parte
1439 5005 1702 5068 cura'udum
1717 5005 1859 5069 δὲξξῇ

430 5068 812 5176 νιὶὶοὲθὲδέιὲηῶ
825 5068 998 5121 omnes
1020 5086 1098 5133 eo,
1123 5081 1176 5123 ut
1195 5068 1297 5124 Deo
1311 5085 1492 5128 tantum
1511 5079 1776 5142 placentur,
1798 5068 2017 5146 dirigen-

431 5189 793 5300 νιὲὸεῖἓὲρὲἓέ
815 5193 880 5243 sit
900 5193 1055 5244 laudis
1090 5204 1410 5261 contemptor,
1441 5202 1487 5251 ei
1528 5202 1677 5253 multa
1693 5205 1857 5267 gravia
1903 5219 2016 5256 esse

505 5440 556 5493 1.
614 5441 833 5497 Multum
889 5447 1076 5503 laboris
1137 5453 1189 5506 in
1245 5455 1462 5511 homiliis
1517 5461 1898 5514 conciunaudis.
1942 5492 2016 5504 --

433 5529 640 5594 Quanta
693 5538 761 5589 sit
799 5537 1006 5595 doctori
1060 5547 1386 5614 experientia
1438 5566 1570 5619 opus
1617 5553 1682 5606 ad
1721 5557 2013 5610 certamina

435 5635 532 5688 pro
560 5624 777 5679 veritate
821 5632 1176 5700 suscipienda,
1220 5647 1360 5693 sata
1408 5641 1562 5696 nobis
1593 5644 2014 5699 demonstratum

435 5729 556 5766 esse
582 5725 730 5781 puto.
764 5719 920 5774 Aliud
949 5733 1202 5790 prmterea
1234 5728 1515 5785 dicendum
1545 5743 1728 5799 restat,
1756 5735 1896 5804 quod
1932 5747 2015 5790 est

436 5804 760 5862 intiuitorum
805 5826 960 5866 causa
992 5817 1376 5887 periculorum;
1423 5823 1529 5880 itno
1564 5840 1690 5881 vero
1737 5842 1840 5882 non
1885 5829 2010 5884 illud

2123 4317 2245 4358 esse
2277 4317 2493 4358 causam
2532 4300 2780 4368 dixerim,
2809 4301 2904 4356 sed
2930 4316 3023 4357 eos
3051 4302 3139 4372 qui
3169 4300 3259 4356 illo
3297 4303 3466 4372 probe
3509 4301 3584 4356 uti
3610 4315 3702 4354 ne-

2123 4394 2299 4449 sciunt
2329 4411 2342 4448 :
2373 4392 2799 4463 quandoquidem
2828 4409 2920 4447 res
2949 4393 3060 4462 ipsa
3103 4402 3157 4448 et
3199 4393 3387 4448 salutis
3427 4401 3482 4448 et
3522 4393 3700 4447 multo-

2122 4501 2239 4539 rum
2269 4485 2530 4539 bonorum
2561 4484 2889 4538 conciliatrix
2918 4493 3021 4548 est,
3046 4485 3171 4538 dum
3215 4500 3244 4537 a
3276 4485 3404 4540 viris
3437 4485 3612 4554 probis
3650 4491 3700 4537 et

2122 4575 2466 4644 diligentibus
2519 4575 2940 4630 administretur.
2990 4575 3128 4643 Quid
3183 4576 3319 4631 illud
3367 4577 3486 4631 est?
3537 4575 3700 4629 Labor

2124 4666 2327 4740 multus
2348 4666 2399 4719 in
2427 4665 2875 4736 disputationibus
2903 4667 3110 4735 publice
3135 4666 3201 4720 ad
3229 4667 3478 4736 p0pulum
3510 4665 3703 4721 haben-

2124 4757 2209 4810 dis
2230 4756 2549 4824 insumptus.
2576 4756 2811 4810 Primum
2835 4759 2978 4812 enim
3010 4772 3199 4826 magna
3227 4757 3558 4812 subditorum
3587 4769 3700 4826 pars

2121 4846 2312 4900 nolunt
2353 4861 2447 4900 eos
2492 4847 2580 4916 qui
2626 4846 2936 4917 loquuntur,
2977 4848 3030 4902 in
3076 4858 3464 4917 praceptorum
3513 4847 3700 4901 habere

2123 4936 2274 5001 loco;
2302 4937 2415 5003 sed,
2454 4937 2835 5006 discipulorum
2865 4938 3108 4993 ordinem
3139 4938 3490 5008 supergressi,
3522 4949 3695 4993 eorum

2124 5027 2484 5084 Conditionem
2508 5037 2785 5097 usurpant,
2810 5029 2899 5098 qui
2919 5030 2970 5083 in
2991 5038 3334 5083 externorum
3358 5028 3576 5083 theatris
3596 5039 3696 5079 cer-

2127 5120 2322 5174 tamina
2386 5121 2674 5189 spectaturi
2730 5121 2938 5176 sedent.
3003 5123 3082 5177 Ac
3127 5120 3572 5191 quemadmodum
3632 5116 3694 5169 ibi

2125 5213 2408 5267 multitudo
2449 5213 2501 5267 in
2548 5215 2815 5268 contraria
2869 5213 3042 5269 studia
3087 5213 3366 5278 scinditur,
3407 5214 3522 5267 aliis
3560 5209 3693 5270 huic,

2125 5304 2243 5358 aliis
2284 5305 2356 5358 illi
2387 5304 2730 5362 faventibus:
2758 5308 2826 5361 ita
2869 5316 2924 5361 ct
2964 5309 3048 5360 hic
3076 5308 3254 5371 divisi,
3296 5308 3383 5361 alii
3429 5307 3494 5360 ad
3524 5306 3688 5372 hujus,

2121 5397 2209 5450 alii
2238 5396 2303 5451 ad
2331 5397 2473 5452 illius
2504 5410 2680 5469 partes
2716 5410 3014 5466 transeunt,
3050 5401 3133 5454 vel
3159 5400 3226 5455 ad
3254 5400 3475 5470 gratiam
3509 5397 3588 5450 vel
3629 5395 3688 5447 ad

2121 5487 2302 5540 odimn
2349 5489 2365 5519 ί
2415 5505 2572 5544 aures
2628 5491 2930 5547 dicentibus
2995 5493 3480 5546 accommodantes.
3526 5490 3692 5556 Neque

2123 5578 2172 5632 id
2205 5580 2374 5633 solum
2405 5583 2686 5636 molestum
2715 5593 2817 5646 est,
2845 5583 2938 5636 sed
2971 5592 3024 5637 et
3050 5583 3190 5636 aliud
3219 5583 3465 5652 quiddam
3495 5595 3595 5634 non
3623 5579 3691 5630 le-

2125 5669 2258 5724 vius.
2294 5671 2422 5726 Nam
2450 5673 2493 5727 si
2523 5689 2680 5742 quem
2709 5674 2976 5744 contingat
3011 5685 3214 5742 partem
3238 5675 3466 5743 aliquam
3496 5685 3687 5729 eorum.

2187 5842 2201 5871 ’
2226 5842 2296 5890 Sic
2317 5835 2510 5904 quidim
2535 5850 2638 5891 uss.
2666 5844 2779 5893 t-iditi
2800 5858 2937 5898 vero.
2956 5846 3019 5894 ad
3043 5849 3247 5907 grotmm
3271 5850 3316 5892 ct
3337 5842 3400 5892 ad
3423 5837 3598 5893 odium,
