3942 6358
290 300 396 352 (575

285 412 554 484 λεγόντων
587 416 751 487 μέρος
793 434 846 470 τι
890 418 1001 470 τῶν
1049 420 1260 492 ἑτέροις
1311 424 1658 494 πονηθέντων
1701 428 1968 498 ἐνυφῆναι

284 505 401 564 τιῖς
452 502 630 570 λόγοις
662 503 851 568 αὑτοῦ,
891 506 1118 561 πλείονα
1154 509 1265 561 τῶν
1297 511 1366 563 τά
1409 513 1668 582 χρήματα
1706 515 1968 570 κλεπτόν-

284 609 394 644 των
441 593 733 662 ὑφίσταται
779 594 988 667 ὀνείδη·
1038 597 1302 662 πολλάκις
1344 599 1401 653 δέ
1448 601 1572 654 οὑδέ
1611 602 1796 657 λαϐὼν
1829 609 1962 678 παρ’

284 680 496 743 οὐδενὸς
523 681 695 746 οὐδὲν,
733 683 846 736 ἀλλ’
877 685 1238 750 ὑποπτευθεὶς
1271 689 1454 757 μόνον,
1483 690 1552 744 τὰ
1580 692 1689 747 τῶν
1730 694 1968 750 ἑαλωκό-

283 785 391 820 των
432 768 602 823 ἔπαθε
657 784 704 823 ι.
734 775 844 828 Καὶ
876 773 928 824 τί
955 774 1099 842 λέγω
1134 774 1244 827 τῶν
1275 777 1489 849 ἑτέροις
1529 783 1963 851 πεπονημένων;

284 857 445 910 αὑτὸν
490 862 601 923 τοῖς
651 862 928 933 εὑρήμασι
966 867 1080 927 τοῖς
1129 865 1322 920 ἐαυτοῦ
1374 869 1615 939 συνεχῶς
1654 873 1966 942 χρήσασθαι

282 945 384 999 οὐκ
441 945 540 1001 ἐνι.
589 950 664 1002 Ού
713 951 820 1020 γάρ
864 952 1001 1021 πρὸς
1045 953 1336 1022 ὠφέλειαν,
1388 958 1530 1012 ἀλλά
1578 960 1716 1031 πρὸς
1769 962 1965 1033 τέρψιν

283 1034 501 1087 ἀκούειν
561 1036 875 1107 εἰθίσθησαν
915 1043 963 1092 oi
1018 1041 1234 1102 πολλοὶ.
1284 1045 1539 1118 καθάπερ
1589 1052 1886 1122 τραγῳδῶν
1930 1053 1964 1124 ἢ

283 1121 600 1194 κιθαρῳδῶν
643 1125 942 1196 καθήμενοι
983 1129 1254 1186 δικασταί.
1287 1135 1399 1187 Καὶ
1444 1137 1476 1206 ἡ
1517 1136 1614 1190 τοῦ
1664 1138 1826 1206 λόγου
1871 1121 1966 1194 δύέ

283 1226 466 1280 ναμις,
509 1212 573 1281 ἥν
615 1211 944 1284 ἐξεϐάλομεν
980 1217 1095 1277 νῦν.
1135 1220 1311 1286 οὑτως
1343 1225 1577 1278 ἐνταῦθα
1607 1227 1820 1294 γίνεται.
1860 1247 1960 1282 πο-

281 1298 466 1368 θεινὴ,
515 1299 593 1361 ώς
635 1302 756 1355 οὐδὲ
803 1307 915 1368 τοῖς
959 1313 1279 1377 σοφισταῖς,
1329 1312 1459 1366 ὅταν
1506 1315 1643 1386 πρὸς
1700 1317 1962 1388 ἀλλήλους

281 1387 642 1454 ἀγωνίζεσθαι
672 1390 1117 1462 ἀναγκάζωνται.

351 1546 417 1616 β’.
458 1549 714 1608 Γενναίατ
744 1547 835 1606 οῦν
868 1553 949 1608 δεῖ
981 1557 1256 1612 κάνταῦθα
1300 1561 1499 1632 ψυχῆς,
1553 1565 1648 1618 καὶ
1693 1567 1827 1620 πολὺ
1862 1569 1962 1641 τὴν

277 1634 554 1706 ἡμετέραν
590 1639 1026 1714 ὑπερόαινούσης
1074 1647 1434 1719 σμικρότητα,
1469 1651 1553 1704 ἵνα
1589 1654 1688 1724 τὴν
1728 1634 1962 1712 ἄτακτον

277 1724 371 1776 καὶ
414 1725 662 1810 ἀνωφελῆ
717 1728 812 1782 τοῦ
849 1731 1089 1800 πλήθους
1139 1733 1330 1807 ἡδονὴν
1382 1738 1606 1812 κολάζῃ.
1665 1742 1813 1816 [416]
1867 1747 1960 1800 καὶ

277 1811 414 1880 πρὸς
451 1801 512 1865 τὸ
566 1815 989 1889 ὡφελιμώτερον
1027 1801 1298 1890 μετάγειν.
1325 1801 1584 1896 δύνηται..
1606 1801 1706 1898 τήν
1753 1801 1959 1904 ἀκρόα-

278 1913 382 1959 σιν,
437 1900 514 1964 ὡς
561 1901 710 1974 αύτῷ
741 1905 834 1957 τὸν
871 1905 1000 1960 λαὸν
1045 1909 1273 1964 ἕπεσθαι
1324 1915 1418 1967 καὶ
1461 1916 1651 1980 εἴκειν,
1701 1918 1835 1974 ἀλλά
1885 1923 1959 1996 μὴ

274 1994 437 2046 αὑτὸν
473 1997 593 2058 ταῖς
626 1997 851 2050 ἐκείνων
886 2000 1115 2068 ἄγεσθαι
1158 2003 1499 2075 ἐπιθυμίαις.
1531 2007 1736 2062 Τούτου
1769 2010 1826 2063 δὲ
1865 2015 1959 2066 ού-

273 2081 460 2152 διμῶς
491 2082 640 2137 ἐστιν
681 2086 979 2157 ἐπιτυχεῖν,
1018 2089 1133 2143 ἀλλ’
1182 2091 1214 2162 ἢ
1258 2093 1345 2146 διά
1378 2094 1588 2149 τούτοιν
1636 2100 1752 2151 τοῖν
1793 2099 1957 2165 δυοῖν,

272 2169 373 2242 τῆς
409 2188 468 2224 τε
524 2171 635 2224 τῶν
690 2175 929 2228 ἐπαίνων
987 2179 1312 2248 ὑπεροψίας,
1369 2184 1598 2259 καὶτῆς
1644 2187 1702 2238 ἐν
1747 2187 1828 2259 τῷ
1869 2189 1960 2243 λέ-

270 2277 389 2327 γειν
426 2259 728 2330 δυνάμεως.
770 2264 890 2317 Κάν
923 2265 1031 2336 γάρ
1067 2267 1129 2319 τὸ
1165 2268 1352 2339 ἕτερον
1399 2255 1512 2343 ἀπῇ
1537 2312 1552 2336 ,
1601 2274 1662 2328 τὺ
1701 2255 1959 2349 λειπόμε-

272 2364 361 2400 νον
405 2347 678 2419 ἄχρηστον
726 2350 936 2418 γίνεται
987 2357 1052 2424 τῇ
1111 2355 1380 2424 διαζεύξει
1429 2359 1681 2432 θατέρου.
1748 2347 1958 2420 Ἀν-τε

270 2435 380 2506 γὰρ
438 2437 678 2489 ἐπαίνων
722 2439 1008 2512 ὑπερορῶν
1057 2442 1084 2481 b
1130 2443 1204 2512 μὴ
1261 2447 1548 2518 προσφέρῃ
1609 2449 1958 2507 διδασκαλίαν

267 2524 367 2592 τὴν
396 2523 454 2576 ἐν
482 2524 664 2595 χάριτι
688 2528 782 2580 καὶ
809 2527 966 2582 ἅλατι
997 2530 1334 2602 ὴρτυμένην,
1358 2535 1831 2608 εὐκαταφρόνητος
1852 2541 1958 2596 ὑπὸ

267 2611 377 2663 τῶν
416 2613 626 2666 πολλῶν
656 2616 884 2682 γίνεται,
925 2619 1078 2670 οὐδὲν
1112 2620 1222 2674 ἀπὸ
1250 2625 1350 2693 τῆς
1379 2625 1789 2698 μεγαλοψυχίας
1823 2649 1956 2703 κερ-

267 2701 430 2765 δάνας
476 2702 722 2773 ἐκείνης’
753 2704 818 2758 ἄν
847 2722 908 2758 τε
942 2707 1100 2760 τοῦτο
1131 2710 1315 2774 καλῶς
1348 2714 1704 2784 κατορθώσας
1749 2719 1810 2772 τὸ
1853 2701 1956 2792 μέ·-

271 2805 384 2855 ρος,
415 2789 516 2859 τῆς
559 2791 667 2843 ἀπὸ
713 2791 823 2844 τῶν
865 2793 1077 2864 κρότων
1120 2797 1281 2868 δόξης
1312 2799 1628 2871 ἡττώμενος
1655 2804 1795 2877 τύχῃ
1817 2789 1956 2873 ,είς

263 2877 463 2930 ταὺτὸν
506 2878 668 2932 πάλιν
709 2879 1057 2951 περιίσταται
1097 2884 1166 2937 τά
1206 2888 1307 2957 τῆς
1339 2889 1546 2960 ζημίας
1580 2893 1729 2964 αὐτῷ
1759 2913 1818 2948 τε
1859 2900 1954 2952 καὶ

265 2966 378 3028 τοῖς
428 2967 679 3031 πολλοῖς,
733 2971 872 3040 πρὸς
921 2972 1083 3042 χάριν
1132 2974 1242 3027 τῶν
1290 2978 1602 3034 ἀκουόντων
1649 2983 1872 3052 μᾶλλον,
1916 2988 1950 3058 ἢ

264 3052 403 3123 πρὸς
440 3053 707 3123 ὠφέλειαν
745 3057 928 3125 λέγειν
960 3061 1254 3130 μελετῶντι
1284 3065 1372 3118 διά
1413 3067 1514 3137 τὴν
1561 3069 1672 3123 τῶν
1711 3052 1953 3129 ἐπαίνων

264 3140 578 3212 ἐπιθυμίαν.
626 3143 732 3198 Καὶ
781 3147 1034 3219 καθάπερ
1073 3151 1102 3202 ὁ
1146 3152 1286 3222 μήτε
1331 3155 1562 3225 πάσχων
1597 3176 1650 3212 τι
1680 3162 1818 3232 πρὸς
1851 3164 1955 3228 τάς

263 3229 559 3300 εὐφημίας.
594 3233 730 3303 μήτε
761 3234 942 3302 λέγειν
981 3234 1140 3302 εἰδὼς
1167 3239 1292 3294 οὔτε
1323 3243 1461 3297 εἴκει
1492 3257 1513 3284 σ
1550 3250 1673 3312 ταῖς
1699 3229 1792 3302 τοῦ
1821 3252 1952 3323 πλή-

265 3317 390 3380 θους
414 3318 650 3388 ἡδοναῖς,
681 3320 804 3375 οὔτε
831 3324 1064 3392 ὠφελεῖν
1104 3327 1384 3396 ἀξιόλογόν
1410 3349 1531 3386 τινα
1558 3334 1784 3390 δύναται
1812 3317 1951 3408 ὠφέ-

263 3403 411 3458 λειαν
438 3404 516 3474 τῷ
550 3406 714 3476 μηδὲν
743 3407 887 3478 ἔχειν
918 3412 1124 3464 εἰπεῖν’
1158 3413 1302 3469 οὑτω
1343 3420 1439 3470 καὶ
1473 3421 1502 3472 ό
1531 3421 1609 3491 τῷ
1653 3425 1802 3495 πόθῳ
1840 3428 1950 3481 τῶν

263 3493 556 3562 ἐγκωμίων
588 3493 898 3565 ἑλκόμενος.
926 3497 1066 3567 ἔχων
1096 3500 1187 3569 ἀφ’
1220 3496 1294 3555 ὧν
1325 3505 1582 3574 ἀμείνους
1610 3493 1949 3580 ἐργάσασθαι

261 3581 548 3653 δυνήσεται
581 3584 706 3646 τοὺς
743 3583 992 3649 πολλοὺς,
1031 3589 1154 3641 ἀντὶ
1198 3589 1406 3646 τούτων
1451 3598 1681 3668 παρέχει
1712 3600 1781 3655 τά
1825 3603 1950 3676 τέρ-

261 3669 362 3736 ψαι
403 3669 680 3741 δυνάμενα
716 3671 940 3742 μᾶλλον,
966 3674 1056 3728 διά
1096 3675 1304 3732 τούτων
1332 3681 1459 3746 τοὺς
1483 3686 1542 3736 ἐν
1577 3689 1690 3752 τοῖς
1731 3669 1950 3761 κρότοις

263 3757 527 3828 θορύϐους
541 3759 872 3831 ὠνούμενος.

331 3919 400 3981 γ’.
436 3913 857 4000 ’Λμφοτέρωθεν
897 3914 991 3972 οῦν
1031 3921 1254 3992 ἰσχυρὸν
1289 3921 1432 3980 εἶναι
1468 3930 1558 3982 τὸν
1592 3933 1814 4004 ἄριστον
1843 3937 1945 4009 ἀρ-

260 4019 424 4072 χοντα
465 4004 564 4067 δεῖ,
603 4005 690 4058 ἵνα
727 4005 799 4077 μὴ
834 4005 1050 4080 θατέρῳ
1078 4010 1306 4082 θάτερον
1335 4015 1732 4091 ἀνατρέπηται,
1774 4004 1945 4080 Ὅταν

259 4091 367 4162 γάρ
394 4094 632 4156 ἀναστάς
663 4095 721 4147 ἐν
762 4095 841 4166 τῷ
875 4097 1044 4167 μέσιρ,
1075 4099 1211 4172 λέγῃ
1238 4101 1304 4155 τὰ
1342 4105 1468 4170 τοὺς
1505 4110 1766 4181 ῥᾳθύμως
1809 4114 1945 4179 ζῶν-

256 4197 354 4244 τας
397 4182 689 4253 ἐπιστύψαι
714 4183 1010 4256 δυνάμενα,
1041 4182 1160 4241 εἶτα
1193 4195 1502 4268 προσπταίῃ
1538 4198 1630 4252 καὶ
1655 4200 1944 4276 διακόπτη-

255 4285 365 4330 ται,
385 4270 478 4323 καὶ
501 4271 604 4325 ὑπὸ
626 4273 728 4342 τῆς
746 4273 957 4338 ἐνδείας
986 4276 1250 4349 ἐρυθριᾷν
1273 4280 1678 4356 ἀναγκάζηται,
1712 4270 1940 4364 διερρύη

251 4353 314 4407 τὸ
354 4355 545 4426 κέρδος
575 4358 682 4412 τῶν
704 4359 1009 4431 λεχθέντων
1036 4366 1258 4432 εὐθέως.
1295 4372 1360 4424 Οἱ
1393 4373 1504 4444 γάρ
1519 4353 1940 4451 ἐπιτιμηθέντες

252 4443 548 4510 ἀλγοῦντες
572 4449 686 4510 τοῖς
711 4451 1155 4520 είρημένοις,κα“ι
1177 4456 1279 4510 οὐκ
1305 4443 1524 4528 ἔχοντες
1548 4465 1709 4518 αὑτὸν
1735 4443 1940 4540 ἐτέρως

251 4531 584 4602 ἀμύνασθαι.
608 4538 724 4599 τοῖς
752 4537 853 4607 τῆς
877 4539 1120 4609 ἀμαθίας
1146 4545 1311 4598 αὑτὸν
1333 4547 1588 4615 βάλλουσι
1613 4531 1936 4626 σκώμμασι,

249 4621 462 4685 τούτοις
491 4623 730 4694 οἰόμενοι
762 4627 834 4680 τὰ
868 4629 1080 4683 ἑαυτῶν
1112 4635 1430 4699 συσκιάζειν
1459 4638 1660 4710 ὀνείδη.
1682 4621 1935 4718 Διὸ-χρὴ,

251 4708 502 4782 καθάπερ
531 4712 656 4766 τινὰ
701 4713 919 4786 ἡνίοχον
970 4717 1216 4788 ἄριστον,
1249 4724 1330 4785 είς
1373 4708 1665 4794 ἀκρίϐειαν
1703 4708 1933 4799 τούτῶν,

248 4797 581 4870 ἀμφοτέρων
613 4801 770 4870 ἥκειν
799 4803 909 4856 τῶν
955 4805 1136 4860 καλῶν
1167 4807 1217 4871 ἀ,
1264 4810 1351 4864 ἵνα
1387 4812 1682 4888 ἀμφότερα
1715 4820 1855 4892 πρὸς
1873 4797 1936 4876 τδ

247 4887 365 4940 δέον
387 4888 536 4961 αὑτῷ
566 4894 965 4966 μεταχειρίζειν
986 4895 1104 4968 ἐξῇ.
1132 4900 1244 4954 Καὶ
1263 4901 1373 4972 γὰρ
1399 4903 1529 4958 ὅταν
1553 4887 1716 4975 αύτὸς
1739 4887 1932 4967 ἀνεπί-

248 4975 453 5043 ληπτός
486 4979 657 5032 ἅπασι
687 4981 936 5054 γένηται,
956 4985 1081 5039 τότε
1105 4986 1399 5059 δυνήσεται
1425 4993 1548 5062 μεθ’
1574 4997 1710 5068 ὅσης
1745 4999 1934 5070 βούλε-

247 5081 337 5118 ται
371 5065 624 5135 ἐξουσίας
667 5072 764 5125 καὶ
801 5073 1054 5138 κολάζειν
1094 5078 1191 5131 καὶ
1229 5080 1441 5136 ἀνιέναι
1479 5085 1610 5150 τοὺς
1649 5065 1931 5165 ὑπ’-αὑτῷ

247 5158 608 5228 ταττομένους
635 5160 884 5226 ἅπαντας
904 5181 918 5194 ο
952 5167 1059 5238 πρὸ
1091 5168 1148 5222 δέ
1176 5171 1368 5226 τούτου
1402 5175 1504 5230 οὐκ
1531 5179 1778 5252 εὑμαρές
1803 5184 1932 5238 ταῦ-

247 5261 313 5298 τα
338 5250 534 5302 ποιεῖν.
563 5249 678 5320 Τὴν
697 5251 755 5304 δὲ
784 5255 1197 5328 μεγαλοψυχίαν
1219 5261 1279 5314 οὑ
1314 5261 1477 5336 μέχρι
1499 5266 1602 5338 τῆς
1629 5249 1742 5322 τῶν
1771 5271 1931 5326 ἐπαί-

309 5473 332 5500 ³¹
358 5471 498 5523 Alius
529 5479 747 5528 πέπονθε.

537 5541 1042 5621 ἐπαίνωχεὺπεροψίρις
1067 5551 1273 5621 καὶ-’τῆς
1312 5554 1360 5602 ἐν
1382 5557 1462 5621 .τῷ
1490 5558 1641 5621 λέγειν
1683 5561 1925 5621 δυνάμεως

243 5598 502 5714 ἓὲιῗλρῶν·
537 5599 658 5650 [bid'
687 5601 769 5651 ²¹ίί
810 5598 1074 5672 πρδσῷέρέι,
1116 5598 1207 5662 ³ιεί
1237 5598 1467 5680 ἓρόῴέρτῖ,
1492 5598 1644 5672 "filii-5
1675 5598 1924 5681 ἆιῖῗὲῖξῖξ

307 5724 330 5752 °
356 5722 450 5770 Alii
474 5724 581 5773 οὔτε
607 5726 764 5774 εἴκειν.
1023 5761 1032 5774 .-

303 5782 328 5822 ά
350 5785 498 5834 Savil.
527 5795 578 5836 ει
612 5789 798 5849 aliquot
845 5805 956 5842 mss.
995 5795 1272 5860 ἀμφοτέρων
1302 5801 1577 5858 ἐληλακέναι
1611 5806 1704 5853 τῶν
1736 5807 1914 5857 καλῶν.

1089 301 1145 356 S.
1183 303 1470 360 JOANNIS
1503 307 2003 364 CHRYSOSTOMI
2038 311 2362 370 ARCHIEP.
2406 317 2965 376 CONSTANTINOP.

3644 325 3743 384 674

2076 446 2184 481 νων
2216 431 2514 503 ὑπεροψίας
2545 434 2853 489 δείκνυσθαι
2886 447 2909 475 ε
2956 435 3062 506 χρὴ
3111 437 3274 506 μόνον
3341 437 3480 491 ἀλλά
3524 439 3616 493 καὶ
3655 460 3746 495 πε-

2076 518 2314 590 ραιτέρω
2353 521 2642 591 προάγειν,
2675 523 2762 576 ἶνα
2795 522 2872 594 μὴ
2901 524 3068 576 πάλιν
3099 518 3343 597 ἀτελὲςῇ
3374 525 3438 578 τδ
3472 526 3676 596 κέρδος.

2141 657 2205 712 δ’.
2224 659 2381 724 Τίνος
2396 653 2487 716 οὖν
2508 661 2678 715 δεῖται
2695 665 2792 717 καὶ
2815 663 3007 735 ἐτέρου
3027 667 3393 734 καταφρονεῖν
3413 682 3428 731 ;
3447 666 3747 731 Βασκανίας

2070 747 2168 800 καὶ
2197 748 2414 816 φθόνου.
2433 751 2546 814 Τὰς
2573 751 2629 804 δὲ
2657 753 2924 824 ἀκαίρους
2951 756 3427 826 κατηγορίας(καὶ
3451 757 3560 826 γάρ
3584 757 3747 824 ἀνάγ-

2071 853 2142 906 κη
2191 837 2288 889 τὸν
2337 838 2658 908 προεστῶτα
2718 841 2956 911 μέμψεις
3004 842 3300 912 ὑπομένειν
3342 843 3595 913 ἀλόγους)
3629 843 3743 896 οὔτε

2070 929 2327 1001 ἀμέτροις
2366 928 2660 984 δεδοικέναι
2706 933 2802 985 καὶ
2837 933 3084 1001 τρέμειν,
3117 931 3240 986 οὕτε
3280 933 3469 998 ἁπλῶς
3502 936 3742 1006 παρορᾷν

2071 1017 2233 1072 καλόν
2254 1037 2268 1050 ο
2299 1019 2436 1072 ἀλλά
2466 1019 2572 1090 χρὴ
2592 1060 2606 1084 ,
2638 1020 2740 1073 κᾶν
2783 1021 3002 1090 ψευδεῖς
3042 1023 3390 1093 τυγχάνωσιν
3425 1019 3584 1078 οὖσαι
3603 1065 3617 1089 ,
3647 1025 3744 1078 κᾶν

2070 1106 2222 1176 παρά
2248 1106 2358 1160 τῶν
2390 1109 2663 1178 τυχόντων
2703 1110 2834 1180 ἡμῖν
2880 1110 3196 1178 ἐπάγωνται
3219 1154 3233 1174 ,
3263 1112 3559 1182 πειρᾶσθαι
3599 1112 3775 1187 σθεν-ι

2069 1193 2222 1246 νύναι
2263 1193 2474 1264 ταχέως
2523 1195 2710 1258 αὑτάς.
2761 1196 2927 1250 Ούδέν
2983 1197 3092 1268 γάρ
3141 1197 3317 1262 οὕτως
3362 1199 3518 1264 αὑξει
3563 1201 3742 1270 φήμην

2068 1283 2313 1353 πονηράν
2338 1300 2396 1335 τε
2424 1284 2518 1336 καὶ
2547 1285 2780 1356 ἀγαθὴν,
2803 1286 2879 1349 ὠς
2911 1286 2971 1340 τὸ
3005 1287 3211 1354 πλῆθος
3238 1287 3298 1341 τὸ
3328 1287 3592 1342 ἄτακτον·
3612 1288 3739 1342 ἀϐα-

2069 1371 2336 1436 σανίστως
2363 1373 2472 1443 γὰρ
2498 1374 2592 1426 καὶ
2614 1375 2838 1428 ἀκούειν
2868 1376 2962 1428 καὶ
2993 1376 3242 1429 ἐκλαλεῖν
3270 1385 3284 1414 ι
3316 1377 3533 1441 είωθος,
3561 1376 3738 1440 απλῶς

2065 1459 2126 1512 τὸ
2150 1460 2375 1514 ἐπελθὸν
2405 1461 2553 1514 ἆπαν
2590 1462 2912 1531 φθέγγεται,
2936 1467 3036 1534 τῆς
3069 1463 3331 1534 ἀληθείας
3353 1464 3546 1517 οὐδένα
3573 1465 3740 1517 ποιού-

2070 1563 2230 1616 μενον
2260 1547 2434 1618 λόγον.
2459 1549 2559 1602 Διά
2583 1550 2758 1603 ταῦτα
2784 1552 2845 1603 ού
2879 1551 2962 1604 δεῖ
2983 1550 3092 1604 τῶν
3117 1551 3330 1605 πολλῶν
3367 1569 3740 1622 καταφρονειν,

2067 1635 2202 1689 ἀλλά
2236 1637 2543 1706 ἀρχομένας
2575 1638 2779 1702 εὐθέως
2802 1639 3092 1694 ἐκκόπτειν
3124 1641 3224 1704 τὰς
3251 1640 3492 1709 ὑποψίας
3525 1640 3620 1704 τὰς
3649 1657 3740 1692 πο-

2066 1724 2257 1794 νηρὰς,
2295 1723 2445 1796 [417]
2476 1726 2732 1780 πείθοντα
2761 1730 2888 1791 τοὺς
2916 1728 3312 1796 ἐγκαλοῦντας,
3343 1729 3450 1782 κᾶν
3474 1727 3738 1796 ἀλογώτα-

2065 1830 2148 1866 τοι
2174 1813 2394 1866 πάντων
2419 1809 2547 1879 εἶεν,
2568 1818 2663 1869 καὶ
2688 1815 2858 1886 μηδὲν
2878 1817 3017 1880 ὅλως
3045 1817 3315 1870 ἐλλείπειν
3345 1817 3457 1872 τῶν
3487 1818 3738 1886 ἀφανίσαι

2064 1901 2377 1972 δυναμένων
2403 1901 2562 1967 δόξαν
2594 1904 2694 1958 οὑκ
2720 1905 2933 1978 ἀγαθήν
2959 1909 2983 1946 ε
3003 1922 3016 1934 ·
3039 1907 3106 1978 ἣν
3138 1907 3217 1971 δέ,
3239 1907 3424 1960 πάντα
3455 1905 3739 1961 ποιούντων

2065 1989 2245 2060 ἡμῶν,
2265 1989 2338 2062 μὴ
2365 1989 2590 2044 θέλωσιν
2606 1994 2654 2044 οἱ
2676 1993 3017 2064 μεμφόμενοι
3042 1995 3348 2057 πείθεσθαι,
3369 1996 3428 2049 τὸ
3454 1995 3740 2066 τηνικαῦτα

2066 2083 2450 2151 καταφρονεῖν.
2501 2081 2588 2143 Ὠς
2609 2080 2705 2134 ἐὰν
2731 2080 2912 2152 φθάσῃ
2935 2099 3018 2146 τις
3047 2083 3444 2138 ταπεινοῦσθαι
3476 2086 3594 2146 τοῖς
3616 2100 3740 2152 συμ-

2063 2166 2320 2237 πτώμασι
2365 2167 2608 2232 τούτοις,
2643 2171 2705 2222 ού
2751 2170 3041 2242 δυνήσεταί
3086 2189 3220 2224 ποτε
3269 2173 3520 2241 γενναῖόν
3551 2189 3604 2223 τι
3651 2172 3736 2223 καὶ

2063 2253 2380 2326 θαυμαστὸν
2412 2257 2702 2311 ἀποτεκεῖν
2735 2259 2812 2328 ’ἡ
2859 2259 2970 2328 γὰρ
3012 2257 3222 2330 ἀθυμία
3263 2261 3368 2335 καὶ.
3409 2261 3466 2314 αἱ
3512 2263 3738 2328 συνεχεῖς

2063 2344 2346 2414 φροντίδες
2383 2344 2557 2399 δειναὶ
2608 2346 2937 2399 καταϐαλεῖν
2984 2347 3167 2419 ψυχῆς
3213 2347 3482 2419 δύναμιν,
3530 2349 3622 2402 καὶ
3666 2349 3735 2410 είς

2061 2431 2348 2487 ἀσθένειαν
2381 2436 2718 2502 καταγαγεῖν
2738 2435 2836 2506 τὴν
2877 2435 3134 2507 ἐσχάτην,
3173 2435 3364 2498 Οὕτως
3391 2433 3486 2490 οῦν
3519 2436 3620 2509 χρὴ
3654 2437 3735 2488 τὸν

2064 2520 2216 2593 ἱερέα
2264 2521 2570 2574 διακεῖσθαι
2619 2522 2755 2594 πρὸς
2789 2524 2917 2586 τοὺς
2957 2525 3328 2595 ἀρχομένους,
3365 2525 3557 2597 ὥσπερ
3603 2524 3664 2577 ἂν
3692 2524 3736 2575 εἴ

2058 2626 2145 2672 τις
2175 2609 2358 2680 πατὴρ
2384 2610 2522 2680 πρὸς
2542 2609 2740 2670 παῖδας
2763 2611 2903 2679 ἀγαν
2928 2613 3157 2682 νηπίους
3187 2613 3465 2667 διακέοιτο
3484 2630 3497 2642 ’
3523 2615 3614 2668 καὶ
3645 2629 3731 2665 κα·

2061 2697 2238 2769 θάπερ
2277 2697 2502 2752 ἐκείνων
2527 2697 2650 2751 οὑτε
2680 2699 3037 2770 ὑϐριζόντων,
3063 2699 3186 2754 οὔτε
3231 2701 3602 2772 πληττόντων,
3620 2699 3730 2753 οὔτε

2058 2786 2399 2858 ὀδυρομένων
2433 2789 2902 2858 ἐπιστρεφόμεθα,
2942 2789 3058 2842 ἀλλ’
3095 2789 3220 2843 οὑδὲ
3249 2790 3417 2861 ἡνίκα
3446 2791 3513 2844 ἀν
3546 2789 3729 2859 γελῶσι

2059 2874 2153 2927 καὶ
2176 2875 2580 2945 προσχαίρωσιν
2608 2877 2760 2946 ἡμῖν,
2782 2876 2924 2945 μέγα
2945 2879 3038 2931 ἐπὶ
3069 2879 3229 2932 τοῦτο
3251 2879 3562 2950 φρονοῦμέν
3590 2895 3728 2936 ποτε.

2057 2960 2201 3015 οὕτω
2231 2963 2324 3016 καὶ
2352 2963 2555 3016 τούτων
2593 2965 2732 3034 μήτε
2771 2968 2887 3028 τοῖς
2914 2967 3159 3031 ἐπαίνοις
3191 2966 3574 3035 ἐξογκοῦσθαι,
3605 2968 3729 3038 μήτε

2057 3051 2424 3104 καταπίπτειν
2456 3055 2571 3115 τοῖς
2607 3051 2796 3121 ψόγοις
2816 3051 2842 3089 ¹¹
2861 3094 2875 3110 .
2901 3055 3029 3108 ὅταν
3051 3055 3299 3128 ἀκαίρως
3332 3055 3592 3124 γίνωνται
3617 3053 3730 3123 παρ’

2058 3139 2258 3193 αὐτῶν.
2283 3139 2532 3194 Χαλεπὸν
2560 3141 2617 3194 δέ
2649 3141 2829 3206 τοῦτο,
2852 3135 2896 3196 ὧ
2929 3145 3192 3216 μακάριε,
3210 3145 3352 3214 τάχα
3385 3146 3443 3198 δέ
3474 3139 3729 3215 οἴμαι,ὅτι

2059 3228 2154 3281 καὶ
2193 3227 2475 3283 ἀδύνατον.
2514 3228 2589 3282 Τὸ
2635 3229 2744 3302 γὰρ
2792 3230 2868 3301 μὴ
2908 3232 3119 3302 χαίρειν
3161 3233 3596 3304 ἐπαινούμενον,
3638 3229 3726 3282 οὐκ

2054 3311 2173 3370 οἴδα
2199 3314 2254 3367 εί
2270 3333 2375 3368 τινι
2399 3315 2496 3368 ἀνθ
2507 3317 2704 3388 ρώπων
2727 3319 2857 3371 ποτὲ
2879 3317 3241 3390 κατώρθωται
3257 3335 3269 3349 ⁶
3295 3320 3390 3373 τὸν
3408 3321 3466 3374 δὲ
3488 3318 3727 3389 χαίροντα

2053 3405 2201 3468 εἰκὸς
2227 3405 2322 3457 καὶ
2358 3405 2649 3475 ἐπιθυμεῖν
2678 3407 2976 3460 ἀπολαύειν
2997 3407 3178 3460 αὑτῶν
3197 3425 3209 3438 °
3235 3408 3326 3462 τὸν
3359 3408 3419 3462 δὲ
3450 3405 3726 3461 ἀπολαύειν

2053 3493 2426 3564 ἐπιθυμοῦντα
2467 3495 2691 3560 πάντως
2740 3497 2835 3549 καὶ
2869 3498 2927 3548 ἐν
2982 3499 3105 3561 ταῖς
3147 3497 3358 3551 τούτων
3410 3495 3720 3565 ἀποτυχίαις

2053 3581 2343 3635 λυπεῖσθαι
2370 3582 2465 3634 καὶ
2491 3582 2760 3636 ἐκκλίνειν
2791 3585 2885 3637 καὶ
2907 3584 3164 3640 ἀνιᾶσθαι
3193 3587 3287 3639 καὶ
3319 3585 3542 3655 ἀλγεῖνί
3571 3583 3723 3649 ἀνάγ-

2053 3687 2145 3740 κη.
2176 3669 2391 3740 Ὥσπερ
2435 3669 2544 3741 γάρ
2576 3671 2625 3723 οἱ
2661 3671 2989 3742 γαννύμενοι
3037 3673 3116 3744 τῷ
3159 3674 3413 3727 πλουτεῖν
3433 3717 3448 3741 ,
3477 3673 3635 3745 ἡνίκα
3662 3668 3722 3724 ἂν

2052 3757 2439 3810 καταπέσωσιν
2467 3758 2548 3820 είς
2583 3759 2793 3822 πενίαν,
2812 3759 3092 3829 ἄχθονται.
3118 3762 3212 3815 καῖ⁹
3238 3763 3288 3815 οἱ
3311 3763 3524 3834 τρυφᾷν
3552 3758 3721 3814 εἰωθό-

2049 3862 2142 3908 τες
2184 3845 2283 3898 οὑκ
2316 3843 2382 3900 ἂν
2415 3846 2736 3918 ἀνάσχοιντο
2784 3847 2884 3920 ζῇν
2928 3849 3164 3914 εὐτελῶς
3192 3867 3204 3880 ·
3233 3849 3377 3905 οὑτω
3413 3851 3506 3906 καὶ
3549 3851 3594 3904 oi
3624 3845 3720 3899 τῶν

2049 3933 2343 4003 ἐγκωμίων
2365 3935 2620 4005 ἐρῶντες,
2653 3936 2752 4006 οὑχ
2770 3937 2899 3989 ὅταν
2927 3937 3206 4006 ψέγωνται
3238 3939 3402 4008 μόνον
3436 3939 3576 4008 εἰκῆ,
3599 3934 3720 3988 ἀλλὰ

2049 4022 2145 4074 καὶ
2192 4022 2320 4074 ὅταν
2358 4023 2433 4094 μὴ
2483 4023 2815 4077 ἐπαινῶνται
2854 4027 3117 4096 συνεχῶς.
3152 4026 3408 4098 καθάπερ
3453 4024 3596 4096 λιμῷ
3621 4039 3717 4075 τινι

2046 4107 2447 4178 διαφθείρονται
2469 4109 2569 4182 τὴν
2590 4109 2790 4180 ψυχὴν,
2809 4112 2907 4165 καὶ
2930 4114 3165 4184 μάλιστα
3184 4115 3312 4167 ὅταν
3337 4115 3522 4176 αὑτοῖς
3542 4115 3718 4181 ἐντρα-

2046 4196 2241 4264 φέντες
2266 4199 2525 4268 τύχωσιν,
2559 4198 2592 4268 ἢ
2623 4200 2717 4252 καὶ
2743 4200 2964 4270 ἐτέρους
3002 4201 3436 4271 ἐπαινουμένους
3461 4199 3708 4256 ἀκούωσι.

2045 4283 2148 4336 Τὸν
2175 4283 2231 4336 δέ
2257 4286 2393 4352 μετά
2429 4285 2635 4356 ταύτης
2663 4288 2763 4356 τῆς
2789 4288 3086 4358 ἐπιθυμίας
3110 4291 3188 4352 είς
3217 4291 3309 4342 τὸν
3333 4291 3437 4361 τῆς
3471 4289 3712 4343 διδασκα-

2043 4372 2162 4436 λίας
2183 4372 2370 4441 ἀγῶνα
2393 4375 2735 4445 παρελθόντα
2760 4376 2903 4429 πόσα
2927 4377 3234 4449 πράγματα
3262 4379 3358 4432 καὶ
3387 4380 3556 4442 πόσας
3577 4377 3708 4446 ἔχειν

2043 4460 2145 4513 οἴει
2177 4462 2275 4523 τὰς
2313 4463 2644 4534 ἀλγηδόνας
2678 4464 2815 4518 Οῦτε
2861 4466 2960 4536 τὴν
2999 4467 3270 4520 θάλατταν
3305 4468 3422 4522 ἐστι
3468 4465 3712 4538 κυμάτων

2043 4549 2201 4609 ἐκτὸς
2225 4546 2366 4605 εἶναί
2385 4571 2537 4618 ποτε,
2571 4553 2698 4606 οὔτε
2728 4555 2829 4625 τὴν
2854 4556 3066 4609 ἐκείνου
3092 4556 3272 4628 ψυχὴν
3305 4557 3600 4628 φροντίδων
3623 4550 3710 4606 καὶ

2041 4633 2235 4707 λύπης.

2111 4784 2171 4831 ε’.
2209 4779 2319 4830 Καὶ
2368 4779 2477 4848 γὰρ
2510 4781 2640 4834 ὅταν
2685 4781 2889 4854 πολλὴν
2927 4785 2987 4837 ἐν
3024 4785 3104 4855 τῷ
3143 4787 3325 4856 λέγειν
3355 4787 3582 4858 δύναμιν
3617 4782 3706 4852 ἔχῃ

2041 4864 2221 4934 (τοῦτο
2240 4865 2294 4919 δὲ
2320 4868 2378 4920 ἐν
2394 4867 2595 4936 ὀλίγοις
2617 4868 2769 4942 εὖροι
2787 4887 2872 4934 τις
2889 4874 3000 4943 ἂν),
3017 4875 3139 4927 οὐδὲ
3159 4874 3302 4930 οὑτω
3324 4876 3420 4930 τοῦ
3443 4872 3705 4930 πονεῖσθαι

2037 4951 2300 5023 διηνεκῶς
2349 4955 2720 5026 ἀπήλλακται,
2777 4959 2998 5030 Ἐπειδὴ
3042 4963 3151 5035 γὰρ
3198 4964 3260 5017 ού
3311 4964 3546 5035 φύσεως,
3578 4959 3703 5014 ἀλλά

2039 5043 2328 5115 μαθήσεως
2352 5045 2413 5098 τὸ
2438 5045 2638 5115 λέγειν,
2667 5047 2771 5101 κᾶν
2801 5050 2884 5114 είς
2909 5051 3080 5125 ἀκρον
3113 5053 3280 5107 αὑτοῦ
3314 5072 3398 5118 τις
3428 5055 3700 5125 ἀφίκηται.

2034 5131 2157 5186 τότε
2194 5132 2360 5186 αὑτὸν
2391 5133 2616 5205 ἀφίησιν
2656 5136 2863 5208 ἔρημον
2883 5179 2898 5204 ,
2929 5139 2996 5194 ἀν
3030 5139 3104 5212 μὴ
3137 5145 3355 5213 συνεχεῖ
3387 5141 3584 5210 σπουδῇ
3616 5137 3702 5191 καὶ

2033 5221 2314 5292 γυμνασίᾳ
2338 5221 2545 5292 ταύτην
2575 5222 2855 5299 θεραπεύῃ
2893 5228 2994 5300 τὴν
3021 5229 3274 5300 δύναμιν.
3301 5231 3462 5284 Ὥστε
3488 5231 3595 5290 τοῖς
3616 5242 3698 5278 σο·

2033 5310 2298 5382 φωτέροις
2332 5309 2557 5380 μᾶλλον,
2584 5313 2617 5384 ἢ
2647 5316 2760 5378 τοῖς
2800 5316 3202 5389 ἀμαθεστέροις
3237 5319 3437 5390 μείζων
3462 5321 3490 5372 ὁ
3528 5316 3694 5379 πόνος.

2097 5502 2240 5578 ’,ΑΙίἰ
2269 5503 2631 5582 ἐπιδείκνυσθαι.
2658 5509 2784 5558 Infra
2811 5509 2895 5561 alii
2919 5513 2989 5582 δεῖ
3006 5514 3088 5562 καὶ
3111 5515 3290 5580 ἐτέρου.
3316 5517 3470 5570 Paulo
3487 5521 3588 5582 P03!
3617 5510 3690 5561 3m

2030 5563 2255 5636 ἀκαίρους
2272 5570 2576 5636 κακηγρρίας,
2609 5583 2736 5620 unus
2755 5575 3061 5636 κακουργίας.

2096 5624 2116 5690 ί
2187 5628 2240 5676 lii
2263 5624 2495 5690 ἐγκαλεῖν.

2092 5689 2117 5751 β
2142 5689 2236 5738 Alii
2258 5689 2345 5738 οὐκ
2364 5692 2530 5751 ἀληθῆ.

2090 5747 2117 5828 ξι
2150 5747 2452 5828 ίδρειψόγοις
2473 5747 2557 5805 alii
2577 5755 2755 5805 addunt
2782 5757 2868 5804 δεῖ.

2095 5813 2109 5851 ί
2138 5813 2238 5861 Alii
2265 5813 2438 5867 ἀλύειν.
