3942 6362
157 377 246 433 673
1369 372 1459 427 DE
1498 369 1945 428 SACERDOTIO.
1989 369 2117 428 LIB.
2159 371 2222 427 V.

155 509 265 562 quae
308 492 377 546 ab
413 491 538 546 aliis
573 491 848 548 elaborata
877 500 1019 557 sunt,
1051 490 1295 545 concioni
1337 505 1447 544 sua:
1472 493 1738 557 intexere,

157 584 410 654 pluribus,
440 598 603 653 quam
642 585 735 654 qui
772 583 1020 652 pecunias
1060 580 1408 648 suifurantur,
1439 581 1740 652 opprobriis

152 687 423 732 oneratur.
461 677 623 746 Saepe
660 692 792 732 vero
818 677 946 730 nihil
976 678 1044 731 ab
1070 676 1189 730 aliis
1217 685 1504 738 mutuatus,
1547 675 1642 730 sed
1685 677 1739 729 in

151 768 263 836 ejus
284 769 364 822 rei
389 779 598 822 tantum
621 767 982 837 suspicionem
1005 767 1246 832 veniens,
1278 766 1424 836 paria
1456 767 1652 836 patitur
1673 781 1738 820 ac

149 861 192 913 si
223 860 599 927 deprehensus
642 859 850 916 fuisset.
891 859 1095 927 Ecquid
1139 859 1260 913 dico
1294 874 1501 924 eorum,
1525 875 1642 928 quae
1669 859 1738 914 ab

150 951 269 1005 aliis
291 950 566 1005 elaboratu
605 951 838 1006 fuerint?
865 962 1010 1006 certe
1048 966 1116 1006 ne
1152 949 1228 1004 illi
1257 950 1470 1019 quidem
1507 950 1627 1004 licet
1659 950 1740 1003 in-

149 1047 326 1097 ventis
365 1045 480 1098 suis
504 1044 718 1098 assidue
745 1043 818 1097 uti
850 1062 865 1098 :
892 1058 996 1097 non
1041 1043 1184 1097 enim
1211 1043 1277 1096 ad
1307 1043 1612 1106 utilitatem,
1642 1041 1737 1095 sed

147 1134 214 1188 ad
237 1134 568 1202 voluptatem
596 1135 808 1204 plurimi
836 1135 1021 1188 audire
1045 1135 1222 1188 solent
1249 1151 1264 1186 :
1290 1133 1736 1202 quemadmodum

149 1225 239 1291 qui
273 1225 343 1279 de
369 1226 624 1295 tragtedis
647 1226 733 1280 vel
774 1225 842 1280 de
872 1225 1186 1280 citharmdis
1205 1224 1488 1294 judicaturi
1526 1224 1732 1278 sedent.

151 1319 327 1385 Atque
361 1317 497 1371 adeo
521 1317 733 1372 dicendi
770 1319 850 1373 vis
879 1318 989 1382 illa,
1021 1333 1178 1388 quam
1220 1333 1390 1386 nuper
1419 1318 1738 1386 eXplodeba-

149 1422 290 1470 mus,
323 1407 396 1460 ita
422 1407 833 1462 desiderabilem
862 1423 1005 1462 nunc
1031 1424 1090 1462 se
1119 1407 1340 1477 praebet,
1373 1415 1428 1460 ut
1469 1423 1536 1460 ne
1565 1409 1615 1460 in
1644 1421 1735 1459 so-

148 1498 340 1568 phistis
367 1499 604 1570 quidem,
635 1511 760 1555 cum
791 1511 979 1554 mutuo
1007 1501 1255 1555 altercari
1282 1511 1566 1569 coguntur,
1591 1509 1734 1554 tanta

148 1591 470 1659 requiratur.
1708 1589 1715 1593 ”

217 1682 273 1735 2.
315 1680 566 1735 Doctrina
595 1681 836 1752 preditiu
870 1682 955 1746 sit,
997 1691 1044 1735 et
1083 1682 1259 1736 laudes
1299 1691 1504 1752 spernat
1542 1689 1736 1750 Oportet

145 1773 491 1826 concionator.
519 1771 878 1828 -—Generoso
911 1774 1090 1842 itaque
1133 1773 1219 1826 hic
1257 1788 1392 1842 opus
1421 1781 1503 1828 est
1535 1773 1734 1837 animo,

145 1865 237 1932 qui
269 1872 512 1918 nostram
541 1865 886 1934 exiguitatem
917 1865 1076 1935 longe
1113 1875 1349 1933 superet,
1376 1875 1438 1918 ut
1464 1865 1736 1919 inordina-

149 1964 256 2009 tam
292 1955 440 2008 illam
471 1955 955 2024 infructuosamth
982 1955 1119 2024 vulgi
1151 1956 1472 2024 voluptatem
1515 1969 1734 2022 compe-

149 2055 278 2111 scat,
309 2054 369 2100 et
404 2045 642 2100 auditum
673 2061 856 2100 eorum
886 2047 951 2100 ad
981 2047 1192 2100 utiliora
1222 2045 1508 2100 transferat
1537 2063 1550 2098 :
1583 2044 1654 2098 ita
1682 2054 1738 2099 ut

146 2137 375 2207 populus
408 2137 584 2206 ipsum
614 2146 884 2207 sequatur,
927 2139 1134 2207 ipsique
1174 2152 1376 2192 morem
1423 2143 1591 2206 gerat,
1642 2136 1736 2191 sed

155 2243 250 2282 non
283 2229 377 2283 ille
416 2229 710 2283 secundum
741 2230 882 2298 vulgi
918 2230 1220 2299 cupidinem
1263 2230 1480 2284 feratur.
1522 2229 1579 2283 id
1608 2243 1737 2284 vero

150 2318 295 2371 nullo
337 2318 502 2372 modo
527 2320 780 2388 consequi
810 2320 1000 2389 possis,
1048 2320 1151 2375 nisi
1193 2319 1295 2374 hoc
1333 2329 1616 2390 utrumque
1645 2319 1739 2373 ad-

150 2408 326 2475 fuerit,
354 2409 570 2464 laudum
600 2421 958 2480 contemptus.
985 2418 1039 2465 et
1065 2411 1146 2464 vis
1171 2411 1402 2466 dicendi.
1427 2410 1559 2465 Nam
1588 2412 1633 2465 si
1661 2411 1739 2466 al-

151 2508 323 2553 terum
355 2500 516 2562 absit,
543 2500 686 2555 aliud
717 2501 782 2555 ab
811 2503 979 2556 altero
1007 2501 1328 2570 disiunctum
1359 2503 1546 2558 inutile
1568 2502 1735 2556 effici-

151 2601 252 2646 tur.
288 2593 502 2646 Etenim
540 2592 586 2646 si
615 2592 801 2647 laudes
839 2608 1133 2662 aspernans
1176 2595 1191 2624 ¹
1223 2611 1327 2647 non
1383 2595 1617 2663 proferat
1640 2593 1736 2647 do-

148 2685 374 2737 ctrinam
393 2684 562 2754 gratia
581 2695 634 2739 et
657 2685 768 2739 sale
788 2687 1054 2740 conditam
1074 2683 1209 2755 (Col.
1227 2686 1281 2740 4.
1301 2685 1380 2754 6),
1401 2685 1735 2755 despicabilis

145 2777 282 2845 apud
311 2778 511 2831 multos
539 2776 736 2843 evadit,
764 2777 895 2832 nihil
925 2777 1058 2832 lucri
1101 2793 1168 2832 ex
1196 2779 1285 2833 illa
1326 2779 1489 2834 animi
1532 2779 1738 2849 magni-

149 2868 336 2922 tudine
379 2867 656 2933 referens;
686 2869 767 2922 sin
811 2868 910 2924 hac
937 2879 1085 2938 parte
1129 2877 1345 2924 strenue
1389 2885 1448 2924 se
1484 2885 1678 2940 gerens
1704 2887 1734 2925 a

147 2961 388 3029 populari
433 2975 560 3014 aura
610 2962 871 3026 vincatur,
921 2972 1031 3016 tutu
1074 2960 1196 3030 ipsi.
1241 2971 1353 3015 tum
1408 2963 1604 3031 p0ptl|0
1652 2961 1734 3016 id-

147 3055 321 3124 ipsum
354 3055 548 3109 accidit
565 3055 893 3121 detrimenti,
915 3070 1036 3110 cum
1063 3071 1127 3110 ex
1155 3054 1370 3110 laudum
1397 3056 1645 3125 cupidine
1668 3070 1735 3109 eo

144 3146 397 3213 ducatur,
429 3161 550 3201 cum
592 3147 658 3200 ad
685 3149 908 3217 gratiam
953 3149 1123 3218 magis
1158 3164 1315 3219 quam
1358 3149 1424 3202 ad
1455 3148 1734 3202 utilitatem

145 3240 453 3294 auditorum
503 3240 808 3295 concionari
851 3242 1080 3296 studeat.
1130 3243 1208 3297 Ac
1261 3242 1731 3312 quemadmodum,

144 3332 230 3398 qui
267 3345 374 3385 nec
413 3331 655 3385 laudibus
703 3340 966 3400 movetur,
1009 3348 1108 3388 nec
1145 3332 1356 3388 dicendi
1399 3334 1451 3387 vi
1484 3333 1735 3404 praeditus

145 3429 244 3484 est,
275 3422 323 3476 is
371 3438 542 3492 neque
564 3424 706 3494 vulgi
738 3424 1090 3493 voluptatibus
1134 3425 1346 3488 cedere,
1390 3441 1564 3494 neque
1613 3435 1734 3479 tan-

149 3513 316 3568 tillam
362 3515 641 3570 utilitatem
683 3516 754 3571 ob
783 3518 1100 3588 imperitiam
1133 3518 1378 3588 loquendi
1417 3518 1608 3572 afferre
1635 3533 1734 3588 po-

149 3615 248 3660 test
275 3621 290 3657 :
314 3608 388 3660 ita
415 3607 505 3677 qui
546 3608 762 3662 laudum
799 3622 982 3664 amore
1022 3610 1251 3679 capitur,
1301 3619 1485 3664 nactus
1510 3625 1627 3664 eam
1660 3609 1737 3664 fa-

150 3699 430 3762 cultatem,
461 3713 562 3767 qua
593 3701 786 3757 multos
824 3700 891 3754 ad
933 3701 1209 3756 meliorem
1240 3699 1445 3770 frugem
1477 3701 1736 3756 reducere

155 3789 342 3857 possit,
383 3789 582 3843 mavult
617 3799 794 3845 tamen
818 3791 1148 3847 delectabiiia
1194 3793 1452 3862 proferre,
1485 3794 1611 3847 dum
1641 3806 1735 3862 po-

156 3879 369 3946 pulares
393 3880 447 3932 in
475 3880 773 3947 plaudendo
800 3883 1058 3937 tumultus
1087 3884 1340 3938 lucretur.

221 3973 274 4027 5.
337 3971 584 4027 Utrolibet
624 3974 901 4042 deﬁciente,
949 3977 1141 4031 inutilis
1185 3977 1375 4047 populo
1421 3977 1533 4031 erit.
1575 4006 1648 4017 --
1686 3975 1736 4030 is

151 4062 330 4132 itaque
359 4064 446 4133 qui
476 4066 708 4134 Optimus
740 4069 912 4134 populi
946 4068 1134 4123 ductor
1160 4069 1365 4134 futurus
1413 4071 1502 4137 sit,
1529 4079 1736 4126 utrum-

152 4167 253 4220 que
284 4153 492 4208 fortiter
513 4165 686 4210 teneat
711 4166 938 4225 oportet,
970 4168 1028 4213 ut
1053 4175 1118 4213 ne
1138 4161 1363 4216 alterum
1386 4164 1552 4218 altero
1581 4182 1739 4221 ever.

153 4253 312 4299 tatur.
357 4244 489 4299 Cum
529 4247 667 4302 enim
709 4249 761 4302 in
808 4251 981 4304 medio
1023 4265 1246 4321 surgens
1287 4269 1348 4308 ea
1375 4255 1588 4322 dixerit,
1620 4276 1738 4327 qua:

155 4334 374 4402 ignavos
425 4339 782 4408 perstringere
830 4341 1050 4410 possint,
1099 4342 1143 4396 si
1193 4343 1386 4400 deinde
1429 4346 1636 4402 labatur
1683 4357 1739 4403 et

154 4434 383 4498 decidat.
429 4451 490 4491 ac
533 4454 640 4506 prae
679 4437 884 4493 dicendi
926 4439 1098 4508 inepia
1139 4439 1455 4497 erubescere
1497 4451 1750 4513 erigatur,

153 4529 256 4597 jam
293 4529 556 4584 dictorum
605 4529 807 4584 lucrum
851 4531 1030 4584 statim
1057 4530 1246 4586 efﬂuit.
1285 4532 1415 4587 Nam
1446 4535 1533 4603 qui
1574 4536 1739 4588 corri-

158 4621 394 4689 piuntur,
431 4619 556 4674 dum
586 4620 655 4676 de
679 4621 835 4677 dictis
859 4623 1059 4686 dolent,
1091 4637 1190 4678 nec
1231 4640 1292 4679 se
1333 4625 1440 4680 alio
1463 4627 1624 4682 ntodo
1651 4627 1738 4682 ul-

155 4710 280 4765 cisei
321 4720 564 4780 possunt,
602 4713 951 4781 ignorantiam
995 4715 1094 4784 ipsi
1124 4716 1467 4784 exprobrant,
1513 4720 1610 4772 hac
1646 4735 1743 4787 pu-

159 4811 332 4857 tantes
360 4816 419 4858 se
459 4804 662 4859 ratione
699 4806 982 4875 opprobria
1025 4817 1202 4875 tegere
1235 4823 1350 4862 sua.
1381 4809 1738 4878 Quamobrem

160 4902 374 4961 oportet
413 4909 536 4949 eum
561 4909 658 4950 ceu
699 4898 934 4966 aurigam
978 4897 1236 4967 optimum
1266 4900 1404 4954 inter
1439 4899 1574 4956 duas
1621 4902 1742 4957 illas

97 5051 106 5054 _
162 4986 382 5040 virtutes
401 4995 650 5042 accurate
676 4989 987 5058 procedere,
1012 4998 1070 5044 ut
1091 4999 1370 5061 utramque
1390 4993 1493 5046 rite
1513 5001 1742 5047 tractare

162 5079 346 5146 ptuit.
390 5077 602 5133 Etenim
637 5089 758 5134 cum
800 5079 889 5134 ille
929 5095 988 5135 se
1015 5082 1153 5148 apud
1193 5094 1383 5137 omnes
1419 5084 1739 5153 inculpatum

165 5170 486 5238 pmtiterit,
525 5179 650 5227 tunc
689 5182 884 5242 quanta
922 5183 1184 5243 potestate
1226 5175 1470 5241 voluerit,
1507 5176 1744 5231 subditos

166 5275 286 5316 suos
323 5272 513 5318 omnes
551 5275 650 5334 pro
691 5264 858 5319 lubito
887 5266 970 5321 vel
1014 5267 1297 5337 castigare,
1335 5268 1422 5322 vel
1468 5269 1745 5326 remissius

170 5362 393 5408 tractare
416 5356 630 5423 poterit.
671 5355 784 5410 Hoc
820 5357 920 5412 nisi
951 5358 1096 5427 prius
1119 5367 1326 5429 agatur,
1356 5359 1498 5414 haud
1525 5359 1664 5415 factu
1692 5360 1745 5414 id

171 5445 321 5499 facile
347 5444 524 5501 fuerit.
553 5449 728 5503 Animi
757 5465 915 5519 porro
945 5452 1357 5523 magnitudinem
1404 5467 1510 5509 non
1552 5455 1604 5509 in
1634 5455 1748 5508 lau-

172 5535 289 5592 daui
312 5549 618 5611 contemptu
644 5549 850 5597 tantum
870 5544 1124 5599 exhibere
1147 5553 1245 5615 par
1266 5553 1372 5611 ett,
1402 5545 1496 5601 sed
1523 5546 1746 5602 ulterius

219 5760 252 5826 f
280 5763 405 5808 Unus
427 5757 595 5820 habet,
622 5761 802 5814 Etenim
824 5761 884 5822 si,
910 5761 1106 5815 laudum
1129 5759 1367 5824 superbia:
1387 5765 1433 5810 et
1455 5757 1675 5823 potrntiw
1698 5759 1746 5809 in

184 5816 370 5872 dicendo
392 5816 595 5886 spretor.

3322 386 3426 440 67-5

1849 485 2316 555 progrediendum,
2351 503 2415 542 ne
2443 485 2805 558 imperfectum
2832 490 3035 554 lucrum
3065 494 3300 548 accedat.

1917 577 1968 630 4.
2010 575 2267 630 Invidiam
2294 589 2578 634 contemnat
2620 589 2836 649 oportet.
2862 613 2930 622 —
2955 584 3232 648 Quodnam
3270 585 3429 646 igitur

1843 665 1987 720 aliud
2015 669 2462 722 contemnendum
2491 671 2613 724 est?
2640 670 2799 726 Livor
2826 681 2880 726 et
2910 672 3126 727 invidia.
3167 674 3428 742 Intempe-

1843 758 2006 812 stivas
2026 767 2200 812 autem
2232 759 2594 814 accusationes
2625 762 2641 792 ¹
2671 761 2913 833 (necesse
2963 764 3157 833 quippe
3207 777 3291 818 est
3333 780 3429 818 an-

1845 849 2064 903 tistitem
2121 850 2378 904 absurdas
2431 851 2590 905 etiam
2643 851 3088 921 reprehensiones
3137 855 3427 923 sustinere)

1842 955 2016 1008 neque
2042 940 2326 995 admodum
2359 941 2546 998 timere
2573 941 2985 1013 formidareque,
3009 961 3180 1015 neque
3211 961 3430 1014 prorsus

1843 1029 2112 1099 negligere
2167 1033 2414 1085 convenit
2457 1048 2471 1084 :
2511 1032 2606 1086 sed
2655 1032 2864 1087 etiamsi
2926 1033 3029 1088 illa:
3083 1025 3230 1089 fuisse
3285 1035 3424 1098 sint,

1839 1123 2049 1176 etiamsi
2078 1137 2107 1176 a
2136 1123 2356 1192 plebeiis
2396 1122 2705 1184 olTerantur.
2745 1125 2923 1178 statim
2964 1140 3055 1180 eas
3090 1125 3430 1196 exstinguere

1841 1211 2140 1266 conandum
2168 1222 2268 1266 est.
2298 1211 2434 1266 Nihil
2471 1214 2612 1267 enim
2644 1215 2713 1268 ita
2740 1212 2932 1268 famam
2963 1227 3056 1268 seu
3084 1213 3299 1282 bonam,
3333 1232 3429 1270 seu

1842 1302 2035 1355 malam
2081 1312 2256 1371 auget,
2306 1313 2363 1356 ut
2409 1304 2813 1374 incompositum
2856 1304 3046 1374 vulgus
3073 1321 3230 1360 :cum
3284 1306 3425 1360 enim

1842 1395 1959 1448 sine
1988 1395 2235 1450 examine
2275 1404 2329 1450 et
2369 1397 2554 1451 audire
2605 1407 2660 1451 et
2711 1396 2916 1466 garrire
2941 1398 2963 1429 ³
2988 1397 3179 1464 soleat,
3227 1408 3428 1452 temere

1841 1483 2096 1553 quidquid
2123 1486 2356 1540 occurrit
2389 1486 2644 1555 loquitur,
2671 1487 2812 1541 nulla
2845 1501 3064 1556 prorsus
3085 1487 3193 1541 veri
3223 1488 3429 1540 ratione

1845 1573 2042 1627 habita.
2066 1573 2430 1639 Quamobrem
2475 1591 2581 1629 non
2606 1585 2815 1645 oportet
2838 1576 3027 1645 vulgus
3059 1585 3424 1641 contemnere,

1841 1665 1933 1719 scd
1971 1681 2156 1734 pravas
2193 1667 2521 1735 suspiciones
2565 1668 2742 1721 statim
2783 1666 2850 1720 ab
2897 1667 3049 1721 initio
3087 1667 3422 1732 exscindere,

1840 1766 2180 1810 accusatores
2207 1757 2275 1811 de
2313 1756 2582 1810 contrario
2610 1755 2994 1825 persuadendo,
3040 1757 3246 1811 etiamsi
3292 1757 3364 1811 illi
3396 1771 3426 1811 α

1841 1848 2046 1900 ratione
2066 1845 2376 1901 alienissimi
2400 1847 2504 1902 sint
2527 1847 2769 1902 :demum
2797 1846 2927 1901 nihil
2950 1853 3097 1902 retro
3125 1849 3425 1915 relinquere

1840 1939 2111 2006 Convenit,
2167 1939 2311 2008 quod
2350 1954 2562 2008 pravam
2605 1939 2626 1970 ⁸
2667 1939 2971 2008 Opinionem
3013 1940 3194 1994 delere
3220 1939 3423 2008 possit:

1841 2031 1922 2084 sin
1953 2046 2101 2093 vero,
2132 2038 2412 2100 postquam
2457 2030 2633 2084 omnia
2661 2031 3086 2098 praestiterimus,
3127 2030 3296 2084 nolint
3335 2045 3424 2083 ac-

1842 2131 2117 2177 cusatores
2159 2137 2362 2176 morem
2407 2137 2612 2192 gerere,
2657 2131 2784 2176 tunc
2811 2129 3120 2190 contemptu
3145 2136 3277 2189 opus
3305 2123 3423 2174 erit.

1839 2212 2281 2282 Quandoquidem
2312 2213 2357 2265 si
2387 2214 2504 2282 quis
2542 2212 2753 2267 casibus
2781 2210 3082 2281 hujusmodi
3121 2211 3300 2264 animo
3327 2208 3426 2263 de-

1837 2305 2070 2374 jiciatur,
2114 2305 2159 2357 is
2200 2319 2483 2373 numquam
2519 2304 2713 2372 poterit
2751 2303 3020 2373 quidpiam
3067 2301 3312 2370 generosi
3341 2299 3425 2354 vel

1841 2393 2137 2449 admirandi
2167 2403 2443 2463 prtcstare.
2472 2393 2605 2449 Nam
2650 2409 2848 2448 maeror
2885 2391 3046 2446 animi
3093 2391 3426 2462 assidumque

1840 2484 2227 2540 sollicitudines
2273 2485 2437 2541 animi
2480 2485 2587 2539 vim
2621 2495 2959 2554 prosternere
2987 2492 3232 2554 possunt,
3276 2493 3330 2538 et
3369 2483 3422 2537 in

1841 2586 2134 2631 extremam
2167 2576 2584 2630 imbecillitatem
2605 2575 2888 2629 deducere.
2920 2573 3006 2630 Sic
3028 2575 3185 2643 igitur
3213 2581 3426 2642 Oportet

1840 2667 2171 2722 sacerdotem
2200 2681 2324 2736 erga
2349 2667 2590 2721 subditos
2626 2665 2872 2720 affectum
2915 2680 3056 2730 esse,
3087 2675 3140 2718 ut
3168 2674 3320 2735 pater
3345 2675 3426 2718 est

1839 2773 1962 2829 erga
2009 2758 2326 2813 tenerrimos
2370 2758 2636 2811 ﬁlios:ac
2681 2755 3126 2826 quemadmodum
3174 2755 3278 2809 illis
3327 2768 3424 2808 nec

1840 2849 2322 2914 insolescentihus,
2377 2863 2476 2901 nec
2523 2846 2978 2916 percutientibus.
3027 2861 3126 2900 nec
3178 2845 3427 2900 ﬂentibus

1838 2955 2261 3003 commoremur,
2308 2938 2401 2993 sed
2430 2953 2601 3008 neque
2630 2952 2750 2993 cum
2795 2952 2892 2991 nos
2935 2934 3116 2991 effusis
3153 2935 3426 2989 cachinnis

1840 3029 2128 3093 irriserint,
2160 3028 2444 3082 admodum
2475 3041 2742 3094 curamus,
2770 3027 2841 3080 ita
2867 3041 2965 3080 nec
2986 3025 3174 3079 horum
3202 3025 3284 3078 vel
3312 3027 3424 3078 ian-

1838 3119 1996 3176 dibus
2024 3119 2397 3181 intumescere.
2435 3120 2518 3174 vel
2559 3117 2833 3186 vituperiis
2859 3116 3014 3186 dejici
3042 3123 3272 3185 oportet,
3303 3129 3422 3168 cum

1839 3215 1955 3269 hare
1990 3215 2066 3270 illi
2108 3213 2479 3283 intempestive
2508 3209 2725 3272 faciunt.
2766 3208 2940 3265 Grave
2974 3207 3100 3263 illud
3142 3216 3244 3273 est,
3282 3221 3318 3261 ο
3344 3208 3424 3260 vir

1838 3307 2014 3371 beate,
2043 3307 2151 3360 imo
2177 3305 2280 3359 tale
2312 3305 2538 3359 fortasse
2565 3310 2712 3371 puto,
2735 3298 2875 3372 quod
2907 3297 3142 3369 prmstari
3167 3313 3269 3350 non
3298 3312 3425 3366 pos-

1839 3401 1926 3454 sit.
1969 3397 2241 3468 Siquidem
2272 3396 2541 3450 laudatum
2587 3394 2854 3447 hominem
2894 3407 2998 3446 non
3038 3389 3288 3460 gaudere,
3332 3405 3424 3442 ne-

1840 3493 1952 3547 scio
1980 3507 2046 3546 an
2075 3491 2302 3560 cuipiam
2326 3487 2406 3544 vel
2439 3503 2627 3558 magna
2667 3487 2860 3540 virtute
2899 3483 3122 3554 praedito
3148 3481 3420 3537 acciderit.

1839 3584 2171 3640 Gaudentem
2207 3598 2339 3636 vero
2380 3594 2603 3635 necesse
2627 3578 2835 3635 videtur
2861 3576 2912 3630 id
2947 3575 3249 3630 desiderare
3285 3571 3424 3625 unde

1838 3676 2029 3746 gaudio
2057 3676 2268 3744 fruitur,
2295 3674 2684 3730 desiderantem
2715 3686 2874 3741 porro
2906 3668 3098 3739 gaudio
3124 3666 3246 3729 frui,
3276 3680 3425 3734 pror-

1841 3785 1934 3825 sus
1979 3784 2197 3825 necesse
2227 3778 2330 3836 est,
2367 3769 2412 3822 si
2441 3767 2493 3822 id
2525 3781 2630 3821 non
2672 3770 3044 3832 Consequatur,
3077 3758 3278 3824 dolere,
3311 3767 3422 3812 tor-

1839 3864 2012 3935 queri,
2068 3862 2314 3928 cruciari,
2370 3876 2434 3916 ac
2482 3873 2713 3914 maerore
2755 3856 2915 3910 affici.
2967 3851 3421 3921 Quemadmodum

1840 3955 1980 4010 enim
2005 3955 2064 4021 ii,
2092 3953 2178 4022 qui
2209 3953 2261 4006 in
2291 3952 2487 4006 divitiis
2513 3950 2778 4012 itetantur,
2808 3948 2851 4000 si
2877 3945 3089 4016 quando
3116 3945 3165 3996 in
3195 3955 3424 4010 pauper-

1843 4052 2004 4098 tatem
2048 4042 2319 4108 decidant,
2364 4054 2504 4110 aegre
2532 4037 2712 4094 ferunt
2739 4055 2752 4092 :
2778 4045 2834 4091 et
2882 4035 2968 4102 qui
3012 4031 3251 4086 delicatis
3286 4031 3426 4084 cibis

1843 4142 2212 4195 assueverunt,
2250 4147 2533 4201 numquam
2566 4131 2832 4200 patiantur
2860 4125 3003 4180 tenui
3038 4125 3108 4178 uti
3141 4123 3308 4176 victus
3335 4138 3422 4173 ra-

1844 4227 1989 4280 tione
2019 4243 2031 4278 :
2060 4225 2139 4280 sic
2163 4234 2216 4279 et
2243 4223 2412 4278 laudis
2439 4232 2723 4283 amatores,
2756 4235 2861 4272 non
2888 4217 3043 4269 modo
3072 4230 3192 4269 cum
3222 4221 3422 4267 temere

1844 4318 2230 4386 vituperantur,
2260 4314 2351 4368 sed
2382 4315 2539 4368 etiam
2569 4327 2688 4366 cum
2730 4325 2834 4362 non
2872 4306 3084 4363 assidue
3125 4304 3423 4366 laudantur,

1845 4426 1941 4464 ceu
1973 4410 2110 4461 fame
2142 4406 2367 4477 quadam
2408 4403 2821 4467 contabescunt;
2851 4401 3078 4453 maxime
3123 4399 3166 4451 si
3209 4397 3260 4450 in
3298 4396 3426 4464 ipsis

1845 4497 2088 4554 laudibus
2110 4497 2316 4552 educati
2340 4495 2552 4558 fuerint,
2585 4505 2674 4547 aut
2694 4493 2737 4547 si
2760 4492 2892 4545 alios
2915 4489 3112 4544 laudari
3137 4487 3420 4542 audierint.

1844 4593 1944 4659 Qui
1970 4606 2095 4646 vero
2121 4605 2238 4644 cum
2271 4588 2360 4642 tali
2389 4587 2635 4657 cupidine
2661 4588 2713 4639 in
2741 4584 2995 4638 doctrinae
3031 4591 3296 4636 certamen
3336 4579 3429 4634 de-

1849 4679 2134 4743 scetulerit,
2166 4695 2321 4749 quam
2365 4677 2544 4732 multis
2574 4678 2718 4731 illum
2767 4673 3016 4743 negotiis,
3048 4685 3206 4741 quam
3250 4670 3430 4723 multis

1846 4771 2118 4828 doloribus
2139 4770 2424 4826 obnoxium
2450 4769 2563 4823 fore
2592 4768 2780 4836 putas?
2805 4765 2985 4834 Neque
3010 4778 3154 4818 mare
3182 4777 3430 4831 umquam

1849 4875 2024 4937 potest
2048 4861 2294 4919 fluctibus
2321 4877 2526 4927 carere,
2555 4873 2727 4930 neque
2765 4859 2904 4913 illius
2931 4856 3143 4911 animus
3168 4855 3426 4909 sollicitu-

1846 4955 1972 5014 dine
1999 4966 2052 5013 et
2080 4954 2350 5010 mmstitia.
2829 4945 2838 4952 ’

1920 5047 1976 5104 5.
2010 5047 2228 5102 Erudito
2253 5046 2366 5115 plus
2395 5042 2547 5096 studii
2583 5049 2631 5095 et
2658 5040 2934 5112 diligentia:
2968 5049 3095 5109 Opus
3127 5053 3254 5102 esse,
3282 5049 3432 5105 quam

1847 5138 2118 5195 inerudito.
2145 5166 2219 5179 —
2243 5137 2374 5191 Nam
2402 5133 2446 5189 si
2473 5134 2519 5188 is
2542 5132 2699 5188 fuerit
2725 5145 2910 5200 magna
2935 5127 3142 5184 dicendi
3168 5126 3220 5181 vi
3244 5126 3433 5196 praedi-

1850 5243 1934 5286 tus
1961 5227 2087 5303 (hoc
2109 5239 2285 5283 autem
2314 5227 2367 5280 in
2394 5224 2576 5295 paucis
2601 5219 2908 5291 invenitur),
2937 5235 3004 5275 ne
3025 5220 3100 5272 sic
3127 5217 3337 5286 quidem
3367 5215 3433 5269 ab

1854 5321 2070 5377 assiduo
2091 5319 2253 5374 animi
2283 5330 2512 5372 maerore
2544 5328 2740 5369 vacuus
2783 5310 2902 5367 erit.
2936 5309 3145 5365 Etenim
3180 5322 3299 5360 cum
3326 5306 3438 5362 elo-

1856 5411 2125 5484 quentiam
2166 5423 2270 5467 non
2299 5416 2505 5472 natura,
2537 5403 2632 5460 sed
2673 5400 2949 5471 disciplina
2991 5397 3182 5468 pariat,
3210 5397 3334 5451 licet
3372 5395 3434 5448 ad

1853 5518 2122 5559 summum
2162 5503 2280 5571 ejus
2319 5500 2524 5570 apicem
2549 5497 2666 5570 quis
2691 5494 3014 5567 pervenerit,
3064 5493 3131 5547 ab
3169 5491 3258 5546 ilia
3297 5500 3442 5548 certe

1915 5699 1932 5730 ί
1972 5695 2077 5753 Alii,
2103 5694 2451 5756 intempestivos
2469 5693 2702 5757 injurias;
2726 5705 2866 5749 unus,
2893 5689 3115 5741 molium.

1913 5759 1933 5790 ¹
1970 5758 2072 5813 alii,
2095 5757 2384 5818 vituperare.

1918 5821 1938 5852 ³
1973 5819 2074 5878 Alii,
2097 5832 2188 5868 non
2213 5831 2392 5867 verum.
