3942 6376
565 317 670 374 675

563 429 899 495 destiturtur,
928 430 1029 487 nisi
1058 433 1272 489 assiduo
1297 434 1472 489 studio
1497 443 1554 489 et
1593 434 1972 489 exercitatione
1999 435 2139 489 illam

564 522 857 576 excoluerit
886 540 899 574 :
932 523 999 577 ita
1031 535 1088 579 ut
1121 526 1287 595 magis
1325 526 1683 597 peritioribus,
1725 540 1881 596 quam
1927 527 2143 595 imperi-

567 610 793 665 tioribus
835 613 903 666 sit
957 614 1325 669 laborandum.
1373 615 1556 685 Neque
1598 617 1742 669 enim
1792 631 1887 685 par
1936 614 2143 685 jactura

566 708 838 771 utr0sque,
865 704 908 758 si
923 704 1246 775 negligentes
1276 705 1487 771 fuerint,
1519 716 1729 772 manet;
1753 707 1845 762 sed
1869 716 2014 761 tanto
2037 723 2147 759 ina-

561 789 647 858 jor
682 791 817 857 haec,
861 805 1114 863 quantum
1155 805 1237 850 est
1278 797 1413 851 inter
1443 795 1687 866 peritiam
1736 805 1789 851 et
1827 796 2143 865 imperitiam

565 885 919 941 intervallum.
952 891 1124 957 Atque
1165 889 1283 943 illos
1310 890 1524 959 quidem
1556 904 1714 945 nemo
1746 889 2060 959 culpaverit,
2100 888 2146 943 si

567 975 696 1029 nihil
724 977 974 1031 eximium
1000 978 1302 1044 attulerint;
1329 980 1413 1035 hic
1439 996 1567 1036 vero
1598 981 1698 1034 nisi
1734 979 1999 1050 quidpiam
2031 994 2145 1033 ma-

563 1065 652 1134 jus
698 1067 1108 1133 cxistimatione,
1155 1086 1257 1140 qua
1304 1073 1443 1126 valet
1486 1074 1625 1142 apud
1674 1087 1880 1138 omnes,
1934 1086 2147 1141 semper

566 1157 869 1225 protulerit,
905 1159 956 1212 in
1004 1161 1242 1215 omnium
1285 1163 1755 1233 reprehensionem
1795 1164 2035 1217 incurrit.
2065 1162 2146 1217 Ad

565 1245 681 1301 haec
725 1247 800 1301 illi
848 1263 946 1318 pro
996 1251 1220 1306 modicis
1270 1254 1613 1308 conciOnibus
1668 1268 1911 1322 magnam
1955 1268 2149 1307 conse-

564 1348 798 1406 quuntur
827 1340 1075 1407 laudem;
1108 1343 1160 1396 lii
1196 1358 1344 1409 vero,
1376 1345 1477 1399 nisi
1519 1344 1777 1399 mirabilia
1811 1356 1863 1400 et
1889 1346 2147 1414 stupenda

566 1430 856 1499 proferant,
881 1448 985 1486 non
1016 1436 1174 1489 modo
1198 1438 1437 1492 laudibus
1465 1439 1757 1506 privantur,
1796 1439 1889 1492 sed
1925 1440 2085 1493 etiam
2115 1454 2145 1492 a

568 1522 752 1576 multis
794 1525 1203 1596 redarguuutur.
1251 1528 1536 1584 Auditores
1564 1529 1759 1599 quippe
1799 1544 1901 1583 non
1944 1539 2049 1583 tam
2079 1528 2147 1584 de

566 1612 847 1678 concione,
879 1630 1035 1684 quam
1064 1617 1129 1670 de
1164 1619 1526 1673 concionantis
1546 1619 1934 1673 existimatione
1960 1619 2147 1674 sedent

560 1700 788 1770 judices.
839 1704 1170 1775 Quapropter
1213 1709 1304 1763 ubi
1343 1710 1602 1779 quispiam
1650 1711 1927 1766 universos
1967 1711 2016 1763 vi
2063 1708 2144 1765 di-

563 1793 717 1847 cendi
742 1806 978 1864 superat,
1003 1806 1113 1852 tum
1144 1799 1218 1852 illi
1248 1800 1387 1868 plus,
1418 1815 1573 1869 quam
1614 1802 1840 1868 caeteris,
1864 1801 2038 1856 studio
2065 1801 2144 1855 la-

562 1882 798 1954 boreque
833 1901 968 1957 opus
1011 1898 1113 1944 est.
1161 1889 1343 1959 Neque
1383 1892 1525 1947 enim
1564 1893 1688 1946 licet
1724 1892 1797 1947 illi
1836 1893 1887 1947 id
1918 1892 2142 1962 perpeti,

563 1973 706 2043 quod
737 1977 830 2029 toti
872 1978 1116 2033 humanze
1162 1989 1365 2035 natura:
1405 1997 1689 2038 commune
1714 1991 1818 2049 est,
1851 1992 1908 2036 ut
1944 1982 2146 2041 scilicet

566 2080 672 2119 non
702 2082 914 2136 semper
938 2069 989 2122 in
1017 2070 1262 2125 omnibus
1294 2072 1459 2140 probe
1488 2088 1601 2127 rem
1621 2082 1771 2143 gerat
1800 2091 1814 2127 :
1844 2072 1936 2127 sed
1959 2073 2001 2126 si
2029 2072 2138 2137 illa,

563 2172 683 2227 quae
720 2161 1085 2215 concionaudo
1111 2162 1256 2227 dicit,
1286 2180 1406 2219 cum
1447 2163 1601 2219 fama:
1640 2165 1999 2236 magnitudine
2036 2179 2141 2219 non

565 2249 919 2318 consentiant,
948 2264 1238 2308 scommata
1269 2255 1593 2324 dicteriaque
1631 2271 1661 2310 a
1692 2256 2028 2311 multitudine
2052 2270 2142 2309 re-

564 2340 689 2394 fert.
716 2340 886 2396 Nemo
917 2359 1097 2399 secum
1126 2355 1337 2416 reputat
1363 2357 1454 2400 aut
1481 2347 1799 2402 incidentem
1830 2361 2139 2412 mterorcm,

544 2443 654 2513 'aut
680 2436 974 2504 angustiam
1003 2438 1189 2504 animi,
1227 2438 1308 2493 vel
1339 2439 1764 2506 sollicitudinem,
1791 2439 1875 2495 vel
1904 2453 2143 2510 persaepe

564 2524 698 2580 iram
727 2530 917 2583 mentis
958 2530 1126 2585 aciem
1156 2532 1388 2588 tenebris
1430 2532 1702 2600 offudisse,
1742 2547 1916 2604 neque
1956 2532 2143 2588 sivisse

563 2629 720 2671 sensa
743 2617 856 2687 ejus
881 2634 1012 2689 pura
1041 2622 1353 2693 sinceraque
1379 2624 1591 2692 prodire
1618 2642 1631 2677 :
1655 2632 1813 2694 atque
1837 2625 1996 2678 homo
2019 2638 2143 2678 eum

563 2709 656 2775 sit,
704 2723 807 2763 non
836 2726 992 2781 posse
1035 2728 1251 2783 semper
1297 2730 1420 2769 eum
1467 2715 1637 2785 ipsum
1685 2730 1822 2782 esse,
1875 2730 2047 2786 neque
2088 2715 2141 2769 in

565 2803 808 2858 omnibus
837 2820 1091 2876 prospere
1133 2822 1310 2878 agere,
1352 2807 1445 2862 sed
1474 2807 1614 2878 quod
1664 2809 1776 2864 ﬁeri
1819 2808 1977 2876 solet,
2004 2809 2144 2862 acci-

563 2892 695 2949 dere
734 2904 792 2950 ut
835 2912 1229 2969 nonnumquam
1259 2898 1481 2963 labatur,
1523 2914 1585 2954 ac
1627 2901 1832 2954 minora
1861 2914 2019 2970 quam
2046 2914 2143 2969 pro

562 2983 716 3038 solita
743 2986 937 3043 virtute
965 2988 1231 3045 exhibeat.
1261 2989 1399 3045 Nihil
1426 2989 1634 3053 horum,
1666 3000 1723 3045 ut
1746 2990 1875 3056 dixi,
1910 2991 2143 3060 cogitare

562 3074 929 3144 voluntzscd,
963 3094 1025 3133 ac
1074 3080 1118 3133 si
1166 3081 1234 3134 de
1273 3081 1464 3152 angelo
1497 3081 1755 3151 judicium
1798 3079 2016 3146 ferrent,
2070 3081 2139 3134 ita

560 3166 733 3234 ipsum
775 3166 1118 3238 redarguunt.
1164 3170 1411 3241 Alioquin
1451 3186 1579 3226 vero
1617 3171 1755 3226 solet
1803 3172 1965 3225 homo
2007 3186 2143 3240 pra:-

559 3256 703 3310 clara
734 3259 962 3327 proximi
984 3261 1063 3315 sui
1094 3270 1261 3332 gesta,
1293 3265 1630 3331 quantumvis
1660 3261 1825 3318 multa
1848 3271 1903 3317 et
1928 3277 2135 3333 magna,

561 3349 868 3417 despicere;
915 3353 963 3406 si
1000 3362 1179 3408 autem
1214 3354 1323 3409 vitii
1363 3354 1631 3424 quidpiam
1666 3362 1938 3424 appareat,
1967 3369 2138 3425 quan-

564 3439 758 3494 tumvis
803 3440 921 3495 leve
967 3442 1055 3507 sit,
1096 3445 1338 3512 quamvis
1383 3445 1588 3514 jamdiu
1630 3446 1898 3513 acciderit,
1959 3447 2137 3501 statim

561 3529 914 3599 dignoscitur,
942 3533 1219 3588 confestim
1258 3536 1525 3606 arripitur,
1557 3547 1612 3591 et
1647 3553 1932 3608 numquam
1963 3554 1995 3594 e
2028 3555 2140 3595 me-

562 3622 731 3675 moria
771 3622 1005 3678 excidit:
1030 3633 1188 3697 atque
1214 3626 1342 3681 illud
1382 3642 1637 3697 perquam
1674 3639 1831 3685 tenue
1859 3631 2137 3700 exiguum-

561 3728 681 3782 que,
719 3716 1006 3771 multorum
1045 3733 1460 3791 magnorumque
1492 3723 1727 3776 virorum
1766 3737 1909 3793 saepe
1942 3723 2136 3777 famam

563 3807 849 3864 imminuit.

632 3900 686 3955 6.
725 3898 984 3955 Iudicium
1032 3902 1366 3959 multitudinis
1409 3905 1654 3975 imperitae
1695 3922 1792 3959 non
1831 3923 1936 3961 esse
1967 3918 2138 3961 conte-

561 3992 1109 4057 mrmdum.-—Vides,
1139 4009 1173 4049 o
1202 3996 1284 4049 vir
1302 4010 1582 4066 generose,
1606 4014 1726 4051 eum
1755 4000 1843 4069 qui
1864 3999 2138 4054 vidicendi

561 4081 818 4150 praeditus
860 4084 948 4149 sit,
999 4085 1203 4154 majore
1241 4086 1593 4142 sollicitudine
1633 4102 1768 4156 opus
1809 4089 2004 4144 habere
2033 4108 2047 4144 :
2076 4105 2140 4144 ac

563 4182 757 4241 praiter
782 4175 1012 4230 studium
1047 4188 1188 4231 tanta
1220 4180 1495 4233 tolerantia
1525 4181 1780 4251 indigere,
1806 4190 2002 4250 quanta
2033 4196 2136 4236 non

561 4279 768 4331 omnes,
801 4281 1024 4336 quorum
1070 4269 1215 4338 prius
1256 4272 1493 4334 memini,
1544 4286 1677 4340 Opas
1721 4271 1971 4327 habuere.
2005 4271 2136 4325 Nam

560 4353 710 4409 inulti
750 4371 892 4425 saepe
939 4358 1085 4411 illum
1136 4368 1335 4415 temere
1372 4360 1703 4425 adoriuntur,
1753 4371 1804 4416 et
1846 4375 1968 4416 cum
2006 4362 2138 4417 nihil

558 4446 796 4501 criminis
816 4447 994 4502 offerri
1023 4452 1208 4518 possit,
1240 4466 1343 4505 non
1367 4452 1520 4505 aliam
1547 4451 1655 4506 odii
1683 4467 1894 4507 causam
1918 4452 2133 4518 habent,

448 4600 457 4613 ἱ
559 4551 718 4604 quam
740 4539 862 4606 quia
892 4538 1033 4606 apud
1070 4554 1257 4593 omnes
1288 4541 1421 4596 bene
1456 4542 1624 4596 audit.
1658 4541 1856 4597 Horum
1884 4543 2136 4599 invidiam

560 4624 768 4679 fortiter
800 4626 941 4681 ferre
980 4642 1075 4695 par
1109 4637 1191 4683 est
1220 4644 1378 4682 :nam
1408 4631 1790 4685 exsecrandum
1835 4631 2134 4702 hujusmodi

558 4715 760 4784 odium,
805 4717 945 4786 quod
988 4726 1189 4773 temere
1225 4732 1603 4789 conceperunt,
1646 4736 1767 4775 eum
1808 4731 1985 4792 tegere
2029 4739 2135 4779 non

559 4805 788 4872 valeant,
816 4808 950 4862 clam
987 4812 1372 4877 conviciantur,
1419 4810 1681 4879 incusant,
1722 4813 2133 4882 calumniantur,

558 4895 841 4967 palamque
876 4898 1129 4952 malitiam
1157 4908 1433 4956 exercent.
1471 4904 1693 4959 Animus
1729 4914 1904 4959 autem
1932 4905 2024 4975 qui
2067 4905 2135 4961 ad

558 4986 650 5041 illa
686 4987 892 5057 singula
931 4988 1115 5045 dolere
1150 5001 1309 5061 atque
1336 4992 1533 5047 irritari
1578 4995 1820 5064 cmperit,
1865 5012 1969 5051 non
2000 4997 2135 5052 ultra

560 5081 808 5150 progredi
849 5090 1041 5151 potest,
1084 5083 1178 5139 sed
1207 5084 1391 5140 dolore
1416 5087 1760 5143 contabescit.
1790 5088 2001 5144 Etenim
2028 5106 2135 5146 non

559 5185 656 5238 per
680 5185 737 5226 se
759 5181 961 5226 tantum
997 5189 1055 5229 se
1087 5175 1184 5244 ipsi
1218 5175 1559 5241 ulciscuntur,
1596 5177 1689 5232 sed
1727 5178 1883 5234 etiam
1907 5180 2135 5235 aliorum

557 5267 778 5316 utuntur
803 5277 961 5332 opera
986 5281 1082 5321 :ac
1108 5281 1250 5336 saepe
1285 5283 1448 5323 unum
1475 5270 1775 5339 quempiam
1802 5269 2008 5325 dicendi
2038 5271 2137 5327 itu-

562 5352 788 5420 peritum
808 5365 1138 5427 ecoptantes,
1167 5360 1409 5417 laudibus
1440 5360 1710 5418 celebrant
1747 5378 1809 5417 ac
1833 5378 1992 5433 supra
2019 5380 2133 5419 me-

561 5445 724 5499 rituin
773 5446 1123 5518 admirantur,
1177 5451 1265 5506 alii
1309 5452 1487 5509 furore
1517 5455 1680 5520 ducti,
1728 5455 1820 5510 alii
1872 5455 2138 5525 imperitia

561 5535 720 5589 simul
746 5546 802 5590 et
836 5538 1001 5594 livore
1039 5542 1288 5611 impulsi;
1315 5558 1421 5599 non
1442 5553 1500 5599 ut
1522 5544 1816 5600 mirabilem
1851 5547 2136 5602 exhibeant

563 5637 708 5689 eum,
763 5629 853 5696 qui
910 5630 1029 5685 talis
1076 5647 1183 5688 non
1220 5645 1322 5699 est,
1362 5633 1459 5691 sed
1501 5647 1559 5690 ut
1600 5634 1758 5705 hujus
1809 5635 2031 5706 gloriam
2068 5637 2135 5691 de

562 5716 739 5772 medio
773 5721 977 5779 tollant.
1005 5725 1184 5797 Neque
1222 5727 1478 5805 adversus
1519 5725 1651 5783 istos
1688 5735 1890 5783 tantum
1919 5726 2132 5785 athleta:

1264 320 1322 378 S.
1361 322 1637 379 JOANNIS
1672 321 2149 379 CllRYSOSTOMI
2188 320 2504 378 ARCHIEP.
2546 319 3076 376 CONSTANTINOP.
3690 321 3779 377 6'76

2251 433 2325 487 illi
2355 444 2627 488 certamen
2656 442 2757 500 est,
2787 432 2880 487 sed
2911 432 3221 500 plerumque
3243 428 3490 485 adversus
3526 431 3674 488 totius
3698 449 3780 504 po-

2247 524 2354 593 puli
2388 523 2723 591 imperitiam.
2752 523 2882 590 Quia
2910 522 3051 576 enim
3083 520 3196 575 fieri
3226 521 3422 591 nequit,
3446 531 3502 576 ut
3539 530 3669 578 totus
3690 539 3782 579 etn-

2250 624 2331 668 tus
2368 627 2435 669 ex
2478 613 2694 667 literatis
2723 612 2846 667 viris
2889 612 3168 674 coaluerit,
3213 611 3306 665 sed
3343 608 3533 680 magna
3562 612 3784 668 Ecclesia:

2249 719 2373 774 pars
2425 719 2489 758 ex
2532 703 2707 757 idiotis
2732 711 2971 767 constat;
3013 701 3202 771 reliqui
3235 715 3362 755 vero
3394 702 3492 757 illis
3519 703 3786 772 sagaciorcs

2249 794 2461 866 quidem
2504 803 2645 861 sunt,
2691 793 2787 848 sed
2830 793 2898 848 ab
2950 794 3034 859 iis,
3085 793 3174 863 qui
3222 791 3289 846 de
3332 792 3534 846 dicendi
3571 791 3786 847 facultate

2244 887 2503 958 judicium
2530 886 2670 941 ferre
2695 886 2889 951 valent,
2924 895 3125 938 tantum
3154 899 3376 938 numero
3398 883 3609 949 distant,
3637 900 3784 953 quan-

2250 988 2360 1035 tum
2388 980 2543 1033 iidem
2571 994 2601 1033 a
2627 977 2846 1047 reliquis
2876 976 3124 1030 omnibus
3154 994 3167 1031 :
3192 991 3327 1029 unus
3350 975 3546 1030 scilicet
3572 975 3647 1029 vel
3671 977 3786 1029 alter

2248 1071 2401 1126 sedet
2430 1072 2527 1124 hac
2563 1069 2816 1141 praeditus
2841 1069 3109 1131 facultate,
3152 1081 3472 1137 necesseque
3513 1075 3591 1121 est
3629 1074 3680 1120 ut
3711 1069 3785 1136 qui

2251 1160 2584 1230 eloquentius
2611 1159 2824 1224 dixerit,
2853 1158 3110 1211 minorem
3141 1156 3243 1210 sibi
3285 1156 3520 1225 plausum
3547 1156 3782 1219 conciliet,

2251 1262 2303 1308 et
2333 1252 2617 1323 aliquando
2642 1252 2758 1305 sine
2787 1250 2941 1305 laude
2981 1248 3239 1303 discedat.
3270 1247 3409 1303 Sane
3433 1256 3607 1305 contra
3633 1246 3786 1316 hujus.

2251 1343 2395 1397 modi
2437 1341 2903 1411 inaequabilitatem
2953 1340 3189 1393 animum
3233 1352 3488 1407 generose
3523 1351 3786 1406 prieparare

2249 1433 2422 1497 decet,
2452 1433 2623 1502 iisque
2650 1446 2866 1501 parcere
2885 1431 2976 1500 qui
3007 1445 3102 1500 per
3122 1422 3468 1500 ignorantiam
3490 1427 3610 1482 illud
3627 1437 3783 1498 agunt,

2252 1539 2347 1579 eos
2371 1534 2571 1589 autem,
2605 1524 2695 1593 qui
2719 1538 2814 1592 per
2838 1521 3107 1584 invidiam,
3139 1529 3199 1575 ut
3239 1520 3463 1575 miseros
3484 1520 3784 1588 infclicesque

2248 1616 2545 1686 deplorare,
2570 1631 2601 1670 a
2629 1623 2920 1684 neutroque
2954 1615 3142 1669 borum
3168 1613 3434 1685 quidpiam
3465 1623 3639 1682 putare
3658 1627 3687 1665 a
3705 1627 3782 1665 sua

2246 1707 2299 1762 vi
2338 1705 2546 1761 dicendi
2587 1721 2707 1761 esse
2744 1706 3057 1760 detractum.
3097 1704 3278 1774 Neque
3320 1704 3461 1758 enim
3506 1703 3549 1758 si
3588 1703 3782 1772 optimus

2248 1796 2441 1865 pictor,
2470 1795 2559 1865 qui
2583 1810 2767 1850 omnes
2794 1795 2845 1848 in
2871 1794 2969 1849 hac
2990 1801 3106 1848 arte
3140 1794 3425 1863 praecellat,
3455 1806 3686 1862 perquam
3708 1791 3779 1845 di-

2246 1888 2472 1959 ligenter
2499 1903 2528 1941 a
2558 1902 2616 1943 se
2628 1887 2889 1957 depictam
2909 1885 3190 1957 imaginem
3214 1885 3282 1939 ab
3308 1881 3561 1953 imperitis
3588 1883 3779 1937 derideri

2246 1980 2442 2048 videat,
2471 1980 2592 2035 ideo
2613 1979 2774 2035 debet
2798 1978 2977 2033 animo
3003 1977 3306 2045 concidere,
3336 1991 3435 2031 nec
3458 1975 3779 2045 imperitorum

2240 2072 2443 2144 judicio
2466 2075 2723 2143 picturam
2752 2073 2900 2143 parvi
2929 2071 3153 2137 ducere;
3178 2069 3615 2142 quemadmodum
3638 2081 3780 2137 neque

2246 2166 2503 2235 picturam
2532 2179 2652 2234 quae
2679 2163 2826 2219 nihili
2855 2163 2943 2231 sit,
2983 2178 3048 2217 ex
3074 2161 3441 2232 imperitorum
3477 2159 3784 2214 admiratione

2244 2259 2420 2327 magni
2453 2254 2645 2312 facere.

2317 2349 2370 2403 7.
2411 2348 2682 2402 Sermones
2706 2363 2876 2403 omnes
2904 2363 2961 2401 eo
3003 2355 3200 2400 tantum
3233 2356 3289 2400 ut
3325 2344 3438 2401 Deo
3463 2344 3699 2417 placeatur
3717 2340 3783 2393 di-

2245 2439 2480 2510 rigendos
2522 2437 2888 2493 esse—Nam
2935 2438 3167 2507 optimus
3201 2438 3395 2493 artifex
3446 2438 3560 2507 ipse
3598 2448 3779 2489 suorum

2246 2532 2575 2603 opificiorum
2599 2532 2765 2603 judex
2794 2541 2931 2600 esto,
2961 2541 3014 2588 et
3043 2532 3257 2602 pulchra
3283 2531 3493 2587 fmdave
3520 2531 3602 2585 illa
3624 2527 3778 2584 existi-

2245 2634 2374 2689 met,
2397 2640 2520 2679 eum
2550 2639 2702 2680 mens
2739 2625 2945 2693 eadem,
2984 2641 3104 2697 quae
3131 2625 3216 2679 illa
3255 2625 3441 2691 edidit,
3467 2624 3602 2679 hunc
3637 2621 3780 2678 calcu-

2248 2715 2357 2770 lum
2400 2715 2576 2771 feret:
2605 2716 2831 2771 aliorum
2875 2725 3055 2771 autem
3095 2716 3404 2786 opinionem
3447 2727 3702 2772 erroneam
3735 2719 3780 2763 et

2245 2807 2376 2861 artis
2421 2806 2718 2876 imperitam
2766 2821 2835 2862 ne
2877 2806 2933 2861 in
2976 2814 3155 2863 mente
3190 2805 3408 2877 quidem
3455 2812 3677 2875 reponat.
3717 2801 3779 2855 Ne

2247 2896 2424 2967 itaque
2452 2901 2495 2951 is
2515 2897 2604 2967 qui
2632 2897 2889 2952 doctrinae
2908 2896 3145 2953 laborem
3174 2897 3431 2967 suscepit,
3453 2897 3661 2952 aliorum
3686 2893 3779 2947 lau-

2244 2989 2340 3044 des
2378 2989 2634 3053 attendat,
2691 3004 2864 3058 neque
2910 2988 2993 3043 his
3033 2988 3403 3045 deficientibus
3445 2989 3663 3042 animum
3705 2983 3781 3037 de-

2244 3079 2526 3150 spondeat.
2559 3080 2753 3135 Vcrum
2791 3095 3098 3135 sermonem
3138 3095 3293 3135 suum
3332 3080 3403 3136 ad
3447 3079 3539 3135 Dei
3567 3076 3780 3149 placitum

2243 3171 2571 3227 concinnans
2593 3170 2733 3241 (haec
2772 3171 2914 3226 enim
2939 3170 3056 3239 ejus
3083 3184 3289 3235 norma,
3324 3170 3413 3226 hic
3453 3170 3689 3225 terminus
3708 3180 3779 3219 ar-

2245 3262 2394 3317 tificii
2417 3262 2575 3317 debet
2610 3276 2749 3328 esse,
2780 3276 2885 3316 non
2914 3261 3132 3330 plausus
3158 3262 3243 3315 vel
3271 3259 3502 3332 laudes),
3531 3258 3575 3313 si
3600 3254 3779 3327 quidem

2243 3354 2311 3409 ab
2335 3352 2638 3408 hominibus
2664 3355 2824 3408 etiam
2866 3354 3129 3421 laudetur,
3158 3352 3343 3408 laudes
3367 3368 3435 3408 ne
3469 3350 3688 3420 rejiciat;
3714 3346 3780 3399 sin

2242 3444 2428 3500 laudes
2462 3445 2530 3498 ab
2572 3445 2899 3499 auditoribus
2940 3459 3045 3499 non
3089 3442 3306 3509 referat,
3349 3457 3416 3498 ne
3440 3450 3634 3514 quaerat
3668 3438 3777 3495 illas.

2244 3552 2345 3593 nec
2372 3536 2491 3593 ideo
2524 3537 2721 3592 doleat.
2749 3536 3016 3590 Laborem
3038 3537 3234 3607 quippe
3252 3535 3504 3590 solatium
3532 3530 3653 3588 illud
3675 3527 3781 3583 satis

2241 3627 2347 3686 erit
2370 3626 2712 3698 omniumque
2734 3628 3045 3692 maximum,
3077 3627 3123 3681 si
3155 3627 3404 3682 conscius
3428 3626 3526 3681 sibi
3553 3622 3710 3684 fuerit,
3733 3633 3781 3671 se

2242 3720 2308 3774 ad
2335 3720 2425 3775 Dei
2456 3720 2703 3789 placitum
2726 3718 3022 3773 doctrinam
3042 3720 3392 3774 concinnasse
3420 3731 3587 3772 suam.

2312 3809 2367 3865 8.
2411 3810 2513 3874 Qui
2550 3825 2651 3863 non
2688 3810 2751 3864 sit
2777 3809 2987 3863 laudum
3022 3819 3353 3879 contemptor,
3385 3809 3429 3862 ei
3465 3805 3618 3861 multa
3637 3799 3781 3874 gravia

2241 3901 2488 3956 accidere.
2520 3930 2592 3941 —
2620 3899 2754 3955 Nam
2797 3900 2842 3955 si
2891 3901 3162 3969 contingat
3195 3913 3317 3955 eum
3362 3898 3532 3953 laudis
3569 3891 3781 3963 cupidine

2242 3991 2444 4062 abripi,
2491 3991 2620 4046 nihil
2664 3991 2923 4061 juvabunt
2976 3991 3216 4060 ingentes
3265 3990 3339 4045 illi
3393 3989 3630 4052 labores,
3674 3978 3779 4036 nihil

2241 4083 2453 4139 dicendi
2505 4084 2745 4138 facultas.
2796 4083 3017 4137 Animus
3058 4082 3222 4144 enim,
3252 4081 3342 4151 qui
3387 4080 3573 4135 stultas
3612 4072 3779 4129 inulto-

2242 4192 2358 4230 rum
2400 4175 2842 4246 reprehensiones
2879 4175 3015 4230 ferre
3058 4175 3255 4243 nequit,
3282 4172 3606 4234 dissolvitur,
3637 4179 3693 4220 ac
3709 4161 3779 4215 di-

2241 4266 2396 4322 cendi
2439 4266 2672 4321 studium
2708 4264 2907 4335 abjicit.
2935 4264 3290 4333 Quamobrem
3338 4263 3437 4317 hac
3475 4262 3686 4332 primum
3709 4252 3778 4306 di-

2240 4357 2464 4427 sciplina
2515 4355 2680 4411 imbui
2720 4371 2817 4425 par
2848 4364 2950 4419 est,
2997 4369 3188 4424 nempe
3225 4351 3635 4410 contemnendas
3679 4356 3776 4400 esse

2242 4448 2447 4504 laudes.
2492 4446 2677 4517 Neque
2719 4446 2860 4501 enim
2903 4448 3033 4500 satis
3073 4452 3158 4500 est
3197 4443 3408 4500 dicendi
3449 4442 3498 4497 vi
3537 4435 3776 4510 pnndittllll

2241 4557 2361 4597 esse
2380 4540 2446 4595 ad
2473 4556 2591 4596 eam
2622 4539 2922 4595 facultatem
2947 4537 3385 4600 conservandam,
3418 4536 3515 4590 nisi
3537 4532 3631 4587 hoc
3646 4527 3778 4584 etiam

2240 4632 2399 4687 adsit.
2430 4631 2583 4699 Quod
2622 4630 2668 4684 si
2715 4630 2835 4699 quis
2873 4644 2997 4685 eum
3033 4638 3281 4683 accurate
3317 4627 3618 4682 examinare
3656 4616 3777 4673 velit.

2240 4723 2331 4794 qui
2358 4722 2606 4776 facultate
2640 4721 2737 4775 ista
2763 4728 2929 4785 caret,
2956 4719 3250 4787 comperiet
3289 4732 3397 4772 non
3427 4716 3596 4771 minus
3631 4708 3777 4766 illum.

2238 4829 2397 4886 quam
2425 4814 2565 4871 hunc
2583 4812 2794 4869 laudum
2820 4820 3130 4881 contemptu
3150 4824 3330 4881 egere.
3357 4808 3489 4864 Nam
3516 4805 3610 4862 sia
3636 4811 3775 4872 popu-

2241 4909 2369 4963 laris
2396 4924 2542 4963 aurai
2562 4907 2811 4977 cupidine
2836 4905 2978 4961 vinei
3014 4919 3076 4960 se
3102 4904 3349 4974 patiatur,
3376 4901 3554 4957 multis
3577 4898 3631 4983 in
3647 4892 3778 4949 rebus

2240 5000 2542 5055 necessario
2561 4998 2852 5064 delinquet.
2869 4996 3001 5052 Cum
3021 4995 3163 5051 enim
3181 5009 3248 5050 eo
3266 4992 3539 5064 pervenire
3563 4987 3780 5055 nequeat.

2240 5100 2300 5147 ut
2321 5091 2531 5147 dicendi
2562 5089 2717 5144 laude
2743 5087 3053 5143 florentibus
3076 5086 3294 5158 aequalis
3317 5086 3407 5150 sit,
3439 5084 3564 5154 ipsis
3589 5088 3690 5133 tum
3709 5074 3776 5125 in-

2241 5184 2445 5250 sidiari,
2478 5191 2591 5238 tum
2634 5180 2894 5249 invidere,
2928 5188 3039 5235 tum
3065 5180 3267 5234 crimen
3304 5172 3514 5239 offerre,
3541 5183 3643 5228 tum
3669 5165 3780 5221 alias

2241 5277 2466 5343 turpiter
2504 5272 2726 5343 injurias
2747 5271 2944 5327 inferre
2975 5285 3083 5325 non
3110 5267 3391 5334 dubitabit,
3433 5263 3526 5321 sed
3549 5258 3669 5316 nihil
3695 5265 3780 5356 non

2240 5366 2473 5433 audebit,
2517 5365 2725 5421 etiamsi
2763 5365 2995 5419 animam
3034 5361 3255 5434 perdere
3296 5374 3433 5431 opus
3471 5357 3559 5419 sit,
3599 5360 3652 5407 ut
3686 5360 3783 5413 ejus

2239 5459 2464 5529 Gloriam
2502 5460 2555 5514 in
2603 5474 2716 5515 sua
2744 5457 3013 5514 tenuitatis
3038 5433 3408 5513 conditionem
3446 5449 3675 5505 deducat.
3711 5433 3778 5492 Ad

2239 5552 2360 5607 haec
2398 5566 2427 5604 a
2464 5550 2747 5606 sudoribus
2786 5548 3158 5618 laboribusque
3197 5542 3501 5607 abstinebit,
3543 5550 3635 5595 ceu
3667 5544 3777 5601 qun-

2242 5639 2363 5693 dam
2388 5639 2665 5709 torpedine
2689 5641 2806 5709 ejus
2844 5638 3025 5693 animo
3057 5634 3399 5697 circumfusa.
3427 5630 3554 5686 Nam
3582 5622 3774 5709 multum

2245 5706 2574 5786 laborantem
2601 5706 2861 5784 modicam
2899 5727 3097 5784 referre
3123 5724 3354 5791 laudem,
3392 5720 3442 5777 id
3479 5731 3600 5773 sane
3633 5713 3679 5766 in
3710 5706 3774 5759 δι’
