3942 6380
142 356 243 413 C77

140 472 253 518 tum
275 477 546 522 somnum
576 468 832 540 conjiciat
857 476 909 523 et
934 477 1106 523 vertat
1134 483 1277 534 etnn,
1301 467 1389 538 qui
1418 467 1605 524 laudes
1629 484 1761 524 cor.-

150 566 393 614 lemnere
432 561 653 632 nequit.
690 560 1129 633 Quandoquidem
1166 572 1220 617 et
1256 562 1511 632 agricola,
1553 576 1676 617 cum
1710 563 1761 617 in

155 651 324 707 sterili
349 666 483 722 egro
509 652 748 720 laborat,
781 662 833 708 et
852 662 1066 726 petrosa
1095 670 1248 709 arare
1275 654 1504 724 cogitur,
1532 655 1638 709 cito
1662 654 1760 709 ab-

160 736 299 792 sistit
341 735 411 791 ab
461 752 655 807 opere,
699 738 799 793 nisi
848 754 1039 809 magna
1089 739 1365 794 laborandi
1421 738 1671 794 alacritas
1708 749 1762 795 et

156 828 313 884 famis
345 829 508 884 timor
531 838 738 899 urgeat.
774 829 987 886 Etenim
1018 830 1061 885 si
1098 829 1154 897 ii,
1185 830 1376 901 quibus
1404 846 1592 902 magna
1622 830 1760 885 inest

153 918 377 975 dicendi
406 918 656 986 facultas,
699 930 844 977 tanta
874 923 1260 978 exercitatione
1299 938 1436 993 opus
1478 923 1677 977 habent
1705 933 1760 979 ut

154 1007 299 1065 illam
322 1016 694 1068 conservent:
720 1015 811 1084 qui
837 1014 968 1069 nihil
993 1015 1213 1070 omnino
1245 1015 1477 1086 collegit,
1520 1015 1613 1070 sed
1644 1017 1759 1086 ipso

150 1104 471 1160 certaminis
502 1109 746 1176 tempore
777 1106 1024 1163 meditari
1063 1107 1290 1178 cegitur,
1318 1115 1575 1179 quantam
1615 1107 1757 1163 difli-

147 1196 436 1261 cuitatem,
482 1199 1082 1275 quantumqtumultum,
1109 1208 1363 1271 quantam
1398 1200 1755 1270 perturbatio-

147 1302 279 1345 nem
333 1289 594 1360 patietur,
641 1297 700 1347 ut
743 1293 913 1346 multo
958 1293 1140 1349 labore
1174 1293 1436 1348 tantillum
1482 1292 1753 1363 quidpiam

143 1377 489 1453 congregare
519 1384 724 1452 possit?
762 1385 820 1441 Si
847 1385 968 1457 quis
1007 1400 1136 1442 vero
1179 1387 1449 1442 inferioris
1482 1386 1754 1457 dignitatis

141 1483 202 1529 et
252 1476 470 1530 ordinis
499 1475 684 1531 hacin
736 1487 886 1548 parte
931 1479 1068 1549 plus,
1099 1494 1260 1551 quam
1302 1480 1409 1545 ille,
1453 1479 1754 1536 clarescere

139 1566 346 1637 possit,
380 1567 565 1624 divino
593 1569 825 1639 quodam
869 1571 957 1628 hic
983 1587 1118 1639 opus
1148 1580 1231 1626 est
1267 1571 1469 1640 animo,
1503 1580 1657 1627 utne
1685 1571 1749 1626 li-

138 1672 281 1713 vere
318 1658 588 1728 capiatur,
638 1676 742 1716 neu
792 1662 844 1716 in
898 1676 1185 1718 maerorem
1234 1661 1464 1718 decidat.
1512 1662 1643 1718 Nam
1684 1663 1753 1720 ab

138 1748 502 1807 inferioribus
528 1753 773 1822 superari
802 1770 950 1822 eum,
976 1755 1066 1826 qui
1105 1756 1323 1826 majoris
1361 1757 1430 1811 sit
1455 1757 1749 1828 dignitatis,

136 1841 398 1913 illudque
439 1842 651 1899 fortiter
680 1844 844 1912 ferre,
883 1861 990 1902 non
1031 1847 1235 1919 exigui,
1273 1864 1375 1904 nec
1420 1849 1607 1915 nostri,
1655 1850 1749 1904 sed

137 1934 484 1990 adamantini
529 1935 690 1992 fuerit
727 1938 911 1993 animi.
944 1940 1020 1994 Ac
1050 1941 1094 1995 si
1134 1939 1348 2010 quidem
1391 1939 1457 2008 is,
1490 1941 1578 2011 qui
1610 1956 1750 2010 pra:-

138 2028 309 2089 ocllit,
356 2028 560 2099 probus
596 2031 992 2103 admodumque
1031 2033 1310 2090 modestus
1340 2034 1520 2099 fuerit,
1547 2036 1748 2090 malum

139 2129 448 2182 utcumque
501 2123 718 2177 tolerari
759 2132 968 2193 potest;
1015 2125 1096 2180 sin
1144 2126 1339 2190 audax,
1389 2136 1644 2198 arrogans
1695 2134 1750 2182 et

146 2226 292 2266 vana:
321 2214 514 2282 gloria:
539 2214 786 2284 cupidus,
816 2230 962 2271 mors
993 2218 1068 2271 illi
1101 2217 1338 2288 quotidie
1365 2218 1597 2288 optanda
1625 2220 1708 2273 est
1732 2235 1746 2272 :

139 2305 212 2358 ita
238 2321 444 2375 nempe
475 2307 575 2377 ipsi
606 2308 767 2363 vitam
800 2325 1035 2365 amaram
1068 2309 1274 2378 reddet,
1304 2310 1427 2365 dum
1462 2310 1634 2382 palam
1667 2310 1751 2364 ill-'-

141 2397 536 2463 snltat',clam
571 2398 776 2465 irridet,
818 2416 881 2456 ac
920 2401 1158 2471 quotidie
1184 2385 1476 2473 'quidpiam
1524 2418 1589 2458 ex
1632 2401 1749 2472 ejus

141 2490 469 2545 auctoritate
497 2491 722 2557 dwellit,
750 2493 1039 2564 omniaque
1075 2494 1191 2565 ipse
1218 2509 1339 2551 esse
1365 2496 1534 2564 cupit.
1567 2493 1744 2551 Maxi-

144 2596 404 2653 mumqne
450 2584 503 2638 in
535 2584 618 2639 his
647 2586 894 2641 omnibus
924 2587 1226 2657 pragsldium
1260 2588 1418 2644 habet
1448 2588 1745 2644 libertatem

148 2672 195 2728 in
226 2675 481 2743 dicendo,
527 2686 583 2734 et
617 2679 974 2735 multitudinis
1008 2680 1059 2736 in
1104 2696 1163 2737 se
1209 2681 1465 2749 studium,
1501 2679 1746 2737 subdito-

149 2781 370 2834 rnmqne
399 2785 642 2825 ommum
673 2787 795 2841 erga
828 2787 885 2828 se
901 2787 1158 2828 amorem.
1177 2773 1482 2843 Anignoras
1496 2781 1749 2845 quantum

204 2858 224 2890 ⁸
257 2860 334 2909 sic
356 2858 581 2910 nonnulli
602 2868 711 2912 Mss.
738 2868 787 2910 In
811 2867 881 2925 8.,
905 2863 1182 2914 antecellit:
1205 2865 1365 2915 minus
1387 2865 1537 2914 bene.

1383 351 1469 408 DE
1508 351 1958 409 SACERDOTIO.
2004 350 2132 408 LIB.
2178 352 2265 408 Vl.

3347 352 3454 406 ιιἵὸ

1871 468 2079 523 animos
2099 467 2520 524 Christianorum
2542 468 2736 537 invasit
2758 478 2897 527 nunc
2914 471 3227 527 concionem
3251 473 3461 531 desid---

1869 561 2030 629 rium,
2062 571 2222 631 atque
2247 576 2343 618 eos
2371 563 2459 633 qui
2489 563 2633 618 illam
2675 572 2929 619 exercent
2956 574 3147 629 artem,
3182 583 3286 620 non
3323 567 3463 636 apud

1866 662 2089 709 exteros
2118 653 2297 721 modo,
2328 654 2422 710 scd
2454 655 2770 726 etiamapud
2802 666 2985 712 servos
3018 658 3139 713 ﬁdei
3172 660 3224 713 in
3258 659 3464 716 honore

1867 743 2092 800 haberi?
2111 744 2240 814 Quis
2272 745 2430 816 igitur
2457 755 2659 805 tantum
2688 746 2919 804 dedecus
2942 748 3094 814 ferat,
3122 762 3244 806 cum
3268 768 3462 822 nempe

1868 837 1983 906 ipso
2014 836 2264 906 loquente
2286 846 2498 893 taceant
2520 848 2706 893 omnes
2736 847 2789 892 et
2816 840 3113 896 moleSIiam
3144 838 3242 897 sibi
3276 842 3460 899 inferri

1867 937 2069 999 putent,
2099 930 2464 1001 orationisque
2491 930 2649 985 [luem
2679 931 2830 1002 quasi
2854 949 2884 986 a
2919 928 3190 989 laboribus
3223 936 3461 1006 requiem

1862 1029 2191 1090 chpectent,
2235 1021 2405 1077 altero
2446 1032 2622 1078 autem
2656 1024 2913 1093 prolixius
2955 1035 3162 1091 orante,
3211 1027 3462 1083 alacriter

1860 1111 2180 1175 auscultem,
2214 1127 2277 1169 ac
2313 1112 2471 1167 linem
2498 1114 2708 1169 dicendi
2742 1115 2969 1184 facturo,
2999 1133 3142 1189 a-gre
3171 1117 3363 1184 ferant,
3409 1131 3462 1177 ct

1863 1209 2039 1256 tacere
2067 1201 2297 1267 volente,
2327 1205 2781 1261 exacerbescant?
2808 1205 2932 1262 llam
2959 1208 3081 1262 licet
3121 1217 3262 1264 llilllc
3301 1222 3461 1279 parva

1861 1291 1953 1345 tibi
1972 1290 2251 1348 videantur
2274 1309 2337 1349 ac
2357 1293 2720 1366 despicabilia,
2748 1304 2931 1366 utpote
2950 1298 3228 1369 inexperto
3247 1316 3261 1356 :
3283 1309 3459 1355 tamen

1860 1383 1992 1438 satis
2019 1392 2144 1439 sunt
2175 1392 2231 1439 ut
2260 1393 2314 1441 et
2341 1386 2504 1441 animi
2534 1387 2767 1442 studium
2791 1390 3129 1458 exstinguaut
3153 1392 3463 1462 mentisque

1859 1476 1967 1531 vim
1995 1486 2274 1544 enerrent,
2318 1478 2420 1534 nisi
2447 1479 2567 1551 quis
2608 1478 2854 1538 humanis
2884 1483 3134 1538 omnibus
3164 1499 3223 1540 se
3256 1487 3457 1541 morbis

1857 1568 2121 1636 exim‘cns,
2152 1570 2373 1641 perinde
2420 1579 2578 1643 atque
2621 1571 2953 1643 incorporea:
2995 1583 3285 1646 potestates
3327 1572 3459 1631 alim

1856 1668 1976 1714 ctus
2016 1672 2137 1715 esse
2188 1660 2418 1730 studeat,
2469 1677 2588 1732 quae
2637 1672 2739 1718 nec
2777 1661 2996 1730 invidia;
3051 1679 3224 1735 neque
3273 1664 3460 1737 glerie

1855 1765 2062 1816 amore,
2096 1764 2271 1822 neque
2298 1752 2405 1807 alio
2440 1753 2690 1823 quopiam
2742 1753 2900 1809 simili
2942 1755 3130 1810 morbo
3159 1758 3458 1826 rapiantur.

1856 1843 1913 1898 Si
1941 1845 2061 1915 quis
2088 1844 2247 1915 igitur
2274 1843 2548 1900 hominum
2571 1845 2689 1900 talis
2717 1854 2816 1912 cst,
2854 1855 2911 1899 ut
2941 1845 3108 1916 possit
3138 1843 3275 1900 hanc
3301 1855 3458 1917 captu

1854 1934 2150 2000 diflicilem,
2186 1935 2655 2007 inexpugnabilem
2692 1945 2748 1992 et
2773 1936 3086 1992 indomitam
3132 1936 3320 2003 feram,
3365 1953 3459 2007 po-

1856 2026 2094 2097 pnlarcm
2141 2027 2346 2082 scilicet
2386 2038 2593 2094 auram,
2640 2029 2977 2094 concul'care,
3023 2043 3087 2082 ac
3135 2027 3450 2097 multiplicia

1855 2119 1998 2174 illius
2031 2119 2202 2188 capita
2234 2119 2547 2189 praecidere,
2590 2120 2698 2174 imo
2727 2135 2795 2175 ne
2825 2122 2971 2175 nasci
2999 2120 3213 2191 quidem
3250 2120 3450 2186 sinere,

1855 2213 1900 2269 is
1928 2213 2084 2268 facile
2115 2215 2309 2284 poterit
2339 2214 2636 2285 permultos
2673 2214 2792 2270 illos
2818 2204 3046 2271 insultus
3074 2215 3363 2287 depellere,
3394 2231 3457 2271 ac

1855 2307 2143 2377 tranquillo
2172 2306 2402 2376 quodam
2432 2316 2585 2378 portu
2624 2307 2745 2362 frui.
2778 2310 2848 2362 At
2890 2308 2933 2363 si
2963 2308 3031 2362 ab
3059 2308 3147 2362 illa
3180 2308 3317 2364 liber
3346 2315 3454 2364 non

1853 2397 2038 2465 fuerit,
2066 2406 2196 2454 sane
2219 2399 2501 2470 multiplex
2521 2400 2743 2468 bellum,
2775 2399 3108 2472 l‘t‘cquentem
3137 2402 3448 2471 tumultum,

1852 2490 2017 2545 animi
2041 2492 2372 2557 mmstitiam,
2405 2497 2825 2565 ceterarumque
2840 2492 3209 2565 aegritudinum
3239 2494 3448 2551 turbam

1851 2590 2038 2637 contra
2067 2584 2296 2638 animam
2324 2584 2438 2655 ipse
2461 2590 2612 2638 suam
2646 2585 2984 2655 praeparabit.
3019 2584 3283 2654 Quorsum
3322 2594 3451 2641 attto

1854 2683 1945 2730 net
1987 2675 2225 2745 reliquas
2269 2690 2588 2732 enumerare
2631 2668 2995 2745 difficultates,
3043 2694 3175 2749 quas
3219 2693 3320 2734 nec
3357 2676 3454 2735 dos

1851 2772 1998 2832 cere,-
2030 2770 2204 2836 neque
2229 2766 2471 2824 ediscere
2511 2767 2790 2840 quisquam
2833 2769 3021 2840 possit,
3049 2769 3149 2824 nisi
3195 2769 3247 2825 in
3293 2767 3453 2827 rebus

1854 2856 1987 2930 ipsis
2016 2858 2215 2913 fuerit?

3370 2979 3434 3005 -Εὒ

1162 3062 1638 3172 LIBER
1749 3057 2416 3172 SEXTUS.

601 3360 707 3406 iam:
727 3368 899 3407 tttsm
923 3370 1059 3408 uano
1082 3364 1233 3408 SEXTO
1262 3371 1279 3409 :

152 3463 183 3513 t.
212 3471 383 3517 mas
401 3459 527 3515 dare
558 3460 842 3515 sacerdotes
866 3463 1013 3525 etiam
1037 3475 1125 3524 pro
1147 3462 1311 3525 pepuli
1333 3462 1546 3513 delictis.

150 3527 398 3636 ILhtttajore
435 3540 587 3591 quam
616 3528 749 3590 ipsos
769 3524 1032 3576 monachos
1070 3524 1182 3575 vita:
1216 3524 1472 3588 diligentia
1494 3534 1617 3589 opus
1652 3525 1739 3576 ha-

238 3601 344 3636 ere.

238 3601 344 3638 ere.

148 3654 211 3699 tu.
243 3650 476 3759 saginare
530 3651 644 3702 vita“:
666 3650 855 3701 ratione
877 3648 971 3700 frui
994 3647 1303 3710 monachum,
1344 3660 1491 3713 quam
1516 3648 1740 3700 Ecclesia:

203 3723 301 3759 orte
323 3726 382 3759 ec
421 3726 506 3759 ιω.

223 3720 506 3762 retectum.

149 3725 560 3846 ιγξξὲεᾟξῗὲηι
597 3779 835 3823 terrarum
880 3774 987 3824 orbi
1024 3772 1233 3838 aliisque
1271 3773 1425 3824 rebus
1469 3774 1740 3824 tremendis

202 3844 517 3897 prmium]
540 3847 670 3897 esse.

149 3901 194 3942 γ.
224 3896 539 3947 Sacerdotem
558 3896 617 3945 ad
634 3898 791 3946 omnia
814 3904 978 3959 aptum
1003 3910 1116 3947 esse
1139 3897 1346 3948 debere.

147 3960 212 4003 γι.
247 3960 404 4032 \itatu
428 3960 858 4032 monasticampoq
888 3966 1080 4032 tantum
1111 3960 1357 4032 patientia:
1386 3967 1739 4032 argumentum

202 4031 338 4076 esse,
361 4026 597 4085 quantum
620 4020 939 4085 multitudinis
955 4020 1291 4085 prtefecturatn
1318 4020 1563 4071 eximiam.

145 4080 504 4157 “ﬁliumqui
542 4083 747 4157 seorsim
764 4083 909 4157 piunt,
948 4080 1161 4157 eumque
1184 4085 1268 4157 qui
1300 4085 1350 4134 in
1372 4096 1538 4133 rerum
1575 4083 1737 4133 medio

200 4149 453 4205 versetur,
473 4156 570 4192 non
590 4154 739 4205 super
762 4144 931 4193 iisdem
957 4144 1236 4195 exercitari.

142 4204 248 4255 τω.
280 4204 486 4254 Facilius
508 4217 597 4254 eos
616 4204 699 4268 qui
721 4205 938 4270 solitario
962 4208 1148 4265 vivunt,
1169 4220 1314 4269 quam
1338 4220 1425 4257 eos
1445 4209 1528 4270 qui
1562 4206 1737 4257 multo-

201 4277 312 4314 rum
334 4278 500 4315 curam
522 4273 721 4330 gerunt,
748 4268 973 4317 virtutem
997 4268 1256 4330 exercere.

144 4331 225 4394 Itt._
246 4334 347 4394 ζςοη
386 4329 771 4379 contemnendas
827 4340 939 4380 esse
979 4329 1110 4394 rulgl
1131 4332 1435 4394 suspiciones
1458 4369 1472 4393 ,
1517 4331 1736 4394 quamvis

201 4386 349 4438 falsas

539 4463 651 4516 esse
672 4454 859 4516 negotit
879 4465 1094 4516 sctpsum
1109 4465 1328 4504 servare.

145 4515 215 4559 x1.
247 4513 714 4580 longegraviorem
737 4513 927 4577 pinnam
950 4513 1154 4566 manere
1186 4516 1493 4567 sacerdotum
1516 4521 1733 4580 peccata,

203 4573 648 4635 quam'idiotarum.

149 4638 237 4681 xu.
272 4634 519 4703 Exemplis
541 4638 773 4703 probatur
802 4644 867 4703 _ct
886 4637 1106 4689 dolorem
1129 4646 1331 4703 propter
1351 4639 1609 4689 sacerdotii
1643 4652 1734 4689 ex-

202 4698 555 4754 spectationem
573 4698 683 4747 oriri
709 4705 761 4748 et
780 4700 1021 4750 timorem.

149 4757 256 4805 xm.
288 4759 426 4808 omni
449 4756 585 4808 bello
604 4758 940 4812 molestiorem
958 4775 1075 4814 esse
1097 4763 1421 4815 tentationem
1443 4762 1640 4814 diaboli.

220 4975 268 5029 l.
315 4972 499 5031 Plenus
537 4978 657 5034 dare
696 4982 976 5036 sacerdote:
998 4985 1147 5037 etiam
1179 4999 1271 5054 pro
1299 4987 1479 5057 pepuli
1515 4987 1727 5041 delictis.

152 5094 219 5107 --
246 5064 349 5121 lies
373 5069 584 5138 quidem
616 5070 771 5141 hujus
799 5073 980 5128 mundi
1011 5075 1143 5130 tales
1172 5085 1328 5142 sunt,
1368 5077 1551 5147 quales
1580 5078 1731 5133 audi-

152 5158 215 5213 sti
243 5176 257 5215 :
282 5159 424 5215 illius
450 5172 627 5217 autem
653 5166 774 5219 vita:
807 5166 1043 5239 (futui-re)
1072 5183 1158 5223 res
1183 5171 1449 5236 quoinodo
1475 5169 1729 5237 feremus,

158 5265 267 5306 cum
295 5266 361 5306 ae
386 5250 608 5324 singulis
633 5257 785 5312 nobis
811 5261 1111 5314 commissis
1139 5260 1441 5317 hominibus
1469 5264 1728 5318 rationem

157 5342 365 5397 reddere
378 5347 662 5415 cogemur?
688 5347 802 5403 Non
828 5350 968 5405 enim
993 5349 1045 5405 in
1074 5351 1273 5420 pudore
1296 5353 1435 5409 sistit
1453 5354 1727 5419 damnum,

159 5434 242 5488 sed
285 5444 539 5492 sternunt
585 5452 923 5510 exspectatur
970 5440 1309 5512 supplicium.
1364 5436 1496 5499 Illud
1543 5447 1726 5513 enim,

163 5524 351 5581 Obedile
374 5531 659 5600 praepositio
674 5535 866 5600 vestris,
882 5545 930 5589 et
955 5536 1205 5606 subice-ate
1223 5537 1316 5603 eis,
1340 5538 1459 5607 quia
1482 5539 1581 5609 ipsi
1605 5540 1729 5609 vigi-

165 5617 255 5706 lavu
276 5634 363 5687 pro
383 5620 647 5677 animabus
672 5626 847 5679 reatris
862 5667 877 5683 .
911 5637 964 5680 tu
994 5628 1238 5682 rationem
1264 5631 1510 5685 reddituri
1535 5632 1723 5704 (Hebr.

171 5711 243 5765 lii.
269 5710 368 5782 Π),
410 5714 618 5769 etiamsi
661 5716 806 5787 prius
847 5718 1105 5786 diseram,
1140 5732 1313 5777 tamen
1345 5736 1413 5778 ne
1440 5738 1581 5782 nunc
1603 5724 1725 5796 qui~

170 5798 271 5856 dem
287 5806 467 5862 tacebo
493 5823 506 5858 :
538 5822 660 5862 nam
692 5817 851 5864 tanta:
881 5811 1309 5870 comminationis
1359 5821 1531 5868 metus
1607 5815 1718 5871 frc—

1850 3366 2078 3429 quenter
2113 3356 2349 3413 animum
2385 3351 2622 3412 concutit
2650 3363 2848 3412 meum.
2893 3342 2948 3413 Si
2976 3358 3118 3413 enim
3147 3358 3217 3424 ei,
3249 3358 3337 3428 qui
3365 3346 3449 3417 rei

1851 3450 2131 3505 minimunt
2160 3463 2324 3505 unum
2344 3447 2782 3505 scandalizaverit
2808 3448 3020 3521 (Matth.
3054 3446 3141 3505 18.
3171 3449 3251 3520 6),
3283 3464 3450 3520 expc;

1848 3539 1930 3596 dit
1956 3548 2015 3597 ut
2041 3532 2183 3597 mola
2208 3541 2439 3596 asinaria
2465 3538 2819 3610 suspendatur
2846 3540 2900 3595 in
2925 3540 3064 3596 collo
3087 3540 3234 3612 ejus,
3268 3551 3323 3597 et
3345 3540 3446 3596 dea

1845 3642 2115 3705 mergatur
2144 3635 2196 3689 in
2223 3649 2392 3700 mare,
2410 3639 2464 3689 et
2486 3648 2675 3689 omnes
2697 3630 2786 3703 qui
2806 3633 3187 3688 conscientiam
3216 3632 3443 3689 fratrum

1846 3733 2072 3775 suorum
2109 3717 2449 3787 percutiunt,
2490 3717 2545 3772 in
2593 3718 2773 3790 ipsum
2802 3718 3080 3775 ChriStum
3105 3721 3335 3790 peccant
3365 3720 3441 3792 (lt

1846 3811 1971 3868 Cor.
1997 3811 2052 3866 8.
2078 3811 2169 3881 12)
2197 3829 2211 3865 :
2235 3812 2328 3882 qui
2356 3826 2466 3867 non
2491 3827 2662 3867 unum
2677 3815 2864 3878 modo,
2887 3814 2972 3869 vel
2990 3813 3129 3868 duos
3157 3812 3241 3868 vel
3270 3819 3382 3867 tres
3401 3815 3440 3878 ί,

1846 3905 1943 3961 sed
2008 3911 2223 3959 tantam
2263 3903 2674 3961 multitudinem
2735 3906 3000 3976 perdant,
3041 3905 3174 3976 qttid
3225 3907 3440 3976 passuri

1845 4005 1997 4062 sunt,
2034 4005 2091 4051 ct
2126 4012 2266 4068 quas
2301 4012 2493 4068 poenas
2521 3997 2745 4053 daturi?
2772 3998 2959 4067 Neque
2988 4000 3133 4054 enim
3164 3998 3438 4066 imperitia

1842 4091 1894 4145 in
1922 4105 2139 4146 causam
2170 4089 2438 4145 alferenda
2462 4098 2566 4156 est,
2597 4092 2770 4159 neque
2813 4088 2881 4143 ad
2927 4088 3277 4159 ignorantiam
3304 4098 3439 4143 cun-

1839 4180 2169 4251 fugiendum,
2204 4195 2378 4250 neque
2404 4179 2696 4235 necessitas
2736 4186 2828 4233 aut
2858 4179 2943 4233 vis
2982 4177 3196 4234 obtendi
3228 4186 3436 4249 potest:

1841 4273 1936 4329 sed
1968 4274 2141 4345 potius
2166 4272 2430 4337 subditus,
2451 4273 2496 4328 si
2523 4272 2736 4342 quidem
2765 4272 2968 4336 liceret,
3000 4272 3100 4326 hoc
3126 4271 3180 4326 in
3208 4272 3439 4342 propriis

1841 4365 2075 4435 peccatis
2099 4363 2294 4433 effugio
2319 4362 2397 4419 uti
2426 4371 2627 4434 posset,
2656 4377 2815 4433 quam
2857 4362 2908 4417 in
2953 4360 3179 4417 aliorum
3223 4360 3438 4419 delictis

1838 4455 2126 4512 antistites.
2174 4454 2387 4522 Quare?
2435 4455 2568 4524 Quia
2600 4457 2645 4512 is
2673 4456 2763 4527 qui
2789 4455 2854 4511 ad
2880 4455 2981 4510 hoc
3005 4454 3286 4526 deputatus
3323 4464 3436 4523 est,

1840 4558 1900 4605 ut
1921 4549 2148 4605 aliorum
2176 4548 2528 4619 ignorantiam
2556 4548 2838 4613 emendet,
2868 4556 2922 4604 et
2959 4548 3283 4604 diabolicum
3316 4542 3434 4605 hel-

1840 4643 1949 4699 lum
1986 4642 2190 4697 instans
2236 4642 2579 4713 prmnnntiel,
2607 4641 2794 4711 nequit
2842 4642 3190 4712 ignorantiam
3232 4640 3430 4696 ohlen-

1838 4734 1989 4803 dere,
2019 4748 2120 4791 nec
2146 4734 2347 4801 dicere,
2368 4733 2482 4790 Non
2505 4734 2680 4789 audivi
2710 4734 2912 4800 tubam,
2937 4734 3135 4789 bellum
3167 4745 3272 4791 non
3307 4749 3439 4805 pra:-

1836 4828 1967 4883 ‘Vidi.
1992 4827 2075 4882 Ad
2104 4828 2206 4883 hoc
2227 4827 2422 4898 quippe
2450 4827 2693 4893 sedebat,
2723 4836 2783 4882 ut
2824 4827 3071 4882 Ezechiel
3097 4831 3193 4895 ait,
3224 4835 3284 4882 nt
3320 4828 3439 4884 aliis

1838 4918 1964 4974 tuba
2009 4925 2270 4984 caneret,
2334 4926 2392 4973 et
2456 4918 2660 4973 futuras
2724 4928 2995 4973 aerumnas
3054 4918 3437 4988 prainnntiaret

1838 5011 2050 5083 (Eieclt.
2084 5012 2174 5068 '55.
2201 5012 2280 5084 5).
2312 5011 2541 5082 Ideoque
2569 5010 2887 5082 supplicium
2918 5012 3058 5066 nulla
3088 5012 3435 5067 excusatione

1835 5106 1989 5161 vitari
2030 5114 2242 5177 potest,
2281 5107 2489 5162 etiamsi
2520 5122 2652 5161 unus
2682 5114 2886 5161 tantum
2920 5106 3183 5176 periisset.
3224 5103 3356 5160 Nam
3388 5105 3432 5159 si

1835 5199 2122 5256 accedente
2149 5198 2347 5255 framea
2370 5200 2568 5270 populo
2594 5214 2697 5254 non
2725 5200 2847 5254 tuha
2872 5199 3156 5266 cecinerit,
3194 5199 3303 5265 ait,
3336 5212 3433 5255 nec

1835 5293 2135 5362 speculator
2164 5295 2374 5363 signum
2400 5291 2626 5357 dederit,
2659 5286 3054 5363 adveniensque
3079 5288 3280 5347 framea
3311 5291 3429 5345 ani~

1834 5397 1977 5439 mam
2008 5385 2278 5450 invaserit,
2308 5383 2419 5453 ipsa
2441 5383 2654 5454 quidem
2682 5393 2900 5453 propter
2924 5381 3251 5453 iniquitatem
3277 5392 3429 5436 suam

1834 5486 1987 5546 capta
2017 5483 2120 5543 est,
2151 5476 2462 5546 sanguinem
2489 5487 2616 5531 vero
2639 5477 2755 5545 ejus
2784 5477 2852 5530 de
2889 5491 3045 5530 manu
3083 5474 3429 5546 speculatoris

1835 5566 2124 5636 requiram.
2157 5566 2349 5622 Desine
2372 5578 2504 5636 ergo
2522 5578 2620 5620 nos
2643 5565 2695 5620 in
2718 5570 2823 5621 tam
2848 5566 3150 5621 inevitabile
3165 5566 3423 5636 judicium

1836 5654 2110 5726 impellere
2140 5674 2155 5710 :
2185 5670 2356 5729 neque
2402 5656 2545 5712 enim
2588 5653 2657 5713 de
2698 5655 2942 5713 ducendo
2971 5656 3226 5725 exercitu,
3255 5672 3426 5730 neque

1896 5825 1914 5867 ί
1949 5828 2090 5885 savii.
2115 5840 2167 5885 et
2198 5835 2378 5896 aliquot
2408 5840 2536 5897 nam,
2560 5847 2712 5898 neque
2743 5836 2866 5887 duos
2885 5844 3036 5901 neque
3057 5841 3174 5889 trait
