3942 6428
469 337 573 393 679

468 467 534 520 de
573 477 734 534 regno
779 475 1077 516 sermonem
1107 459 1386 520 habemus.
1417 457 1508 512 sed
1539 458 1606 513 de
1645 459 1875 528 negotio,
1907 455 2047 528 quod

468 553 704 624 angelica
737 554 926 606 virtute
955 567 1084 621 opus
1115 550 1324 604 habent.

540 643 595 698 2.
631 643 801 713 Major
822 643 1058 715 perfectio
1087 643 1138 696 in
1161 642 1413 712 episcopo,
1443 656 1591 711 quam
1613 641 1664 693 in
1688 639 1945 694 monachis
1975 655 2055 693 rc-

473 735 706 804 quiritnr.
748 764 818 774 —
867 735 1072 788 Etenim
1117 732 1378 788 solaribus
1428 732 1587 786 radiis
1629 733 1896 802 puriorem
1937 745 2056 786 esse

475 834 681 894 oportet
702 823 990 880 sacerdotis
1013 825 1264 892 animam,
1293 823 1571 894 nequando
1594 823 1820 894 Spiritus
1843 831 2057 878 sanctus

480 917 624 972 illum
648 917 914 971 desertum
939 915 1224 984 relinquat;
1245 925 1294 968 ut
1319 917 1482 986 possit
1501 915 1679 970 dicere
1707 933 1720 969 :
1748 913 1870 968 Vivo
1893 923 2060 968 autem

476 1009 585 1078 jam
613 1025 710 1061 non
736 1024 825 1078 ego
847 1023 866 1061 :
891 1007 1002 1060 vivit
1027 1023 1138 1059 vero
1163 1008 1212 1060 in
1241 1023 1320 1061 me
1343 1005 1571 1062 Christus
1612 1005 1817 1079 (Colat.
1842 1005 1897 1059 2.
1925 1005 1996 1060 20
2018 1008 2057 1072 ).

480 1097 610 1150 Nam
640 1097 684 1151 si
713 1098 767 1162 ii,
803 1099 890 1168 qui
936 1113 1173 1152 eremum
1216 1097 1472 1164 incolunt,
1515 1106 1568 1152 et
1607 1095 1738 1151 urbe
1780 1104 1833 1150 et
1872 1096 1984 1150 foro
2011 1103 2065 1150 et

484 1189 792 1244 tumultibus
832 1189 1034 1258 procul,
1076 1203 1289 1260 semper
1332 1198 1484 1258 portu
1523 1197 1577 1242 et
1618 1186 1899 1256 tranquillo
1927 1185 2064 1240 Cil‘lO

485 1280 736 1345 fruentes,
763 1279 948 1333 nolunt
987 1291 1162 1335 tamen
1189 1278 1448 1348 ejusmodi
1477 1279 1593 1332 vitae
1625 1277 1862 1332 instituto
1895 1276 2065 1329 conli-

484 1374 634 1440 dere,
654 1389 835 1427 vermu
865 1380 1143 1427 sescentas
1164 1372 1294 1426 alias
1313 1371 1581 1426 custodias
1609 1371 1882 1435 adhibent,
1915 1368 2068 1423 undi-

485 1479 588 1533 que
614 1479 673 1518 se
694 1463 1214 1528 circummunieotes,
1241 1472 1294 1518 et
1333 1477 1451 1517 cum
1497 1478 1685 1532 magna
1735 1461 2072 1518 accuratioue

489 1556 666 1610 omnia
695 1565 748 1610 et
777 1554 955 1611 dicere
977 1565 1028 1610 et
1059 1554 1231 1610 facere
1257 1563 1579 1624 satagentes,
1624 1563 1681 1608 ut
1720 1568 1840 1608 cum
1883 1552 2069 1607 fiducia

486 1659 543 1701 et
570 1647 795 1718 puritate
824 1647 1052 1712 sincera,
1078 1654 1332 1717 quantum
1357 1646 1598 1698 humanm
1623 1645 1759 1699 vires
1782 1644 2068 1714 patiuntur,

491 1738 744 1792 accedere
789 1737 854 1791 ad
905 1738 1066 1791 Deum
1120 1737 1322 1806 possint
1351 1752 1364 1788 :
1393 1744 1588 1806 quanta
1641 1743 1792 1804 putas
1828 1741 2075 1803 Oportcre

492 1829 821 1884 sacerdotem
853 1828 926 1882 uti
957 1828 1006 1882 vi
1035 1836 1192 1898 atque
1214 1828 1460 1882 violentia
1483 1867 1498 1893 ,
1541 1837 1597 1881 ut
1641 1829 1807 1896 possit
1844 1825 2073 1878 animant

493 1920 559 1974 ah
585 1921 725 1975 omni
754 1919 1153 1988 inquinamento
1174 1920 1401 1989 eripere,
1423 1931 1478 1974 et
1499 1918 1823 1986 Spiritualcm
1848 1915 2078 1987 pulchri-

497 2014 733 2068 tudinem
787 2013 1005 2066 illznsam
1062 2012 1312 2068 servare?
1367 2012 1570 2066 Etenim
1621 2011 1787 2065 multo
1841 2010 2076 2078 majore,

497 2120 652 2170 quam
685 2102 779 2170 illi,
821 2112 942 2174 eget
972 2104 1199 2173 puritate
1229 2123 1242 2157 :
1274 2118 1336 2157 ac
1361 2104 1449 2173 qui
1483 2103 1681 2172 majore
1723 2101 1955 2172 indiget,
1993 2100 2082 2154 ille

499 2194 736 2264 pluribus
776 2193 1181 2248 necessitatibus
1217 2193 1485 2261 subjacet,
1528 2209 1646 2263 qum
1692 2192 1893 2261 possint
1937 2192 2080 2245 illum

501 2286 812 2355 inquinare,
857 2285 956 2338 nisi
999 2283 1211 2338 assidua
1255 2284 1559 2353 vigilantia,
1607 2283 1875 2351 multaque
1919 2278 2081 2334 animi

501 2377 791 2432 attentione
809 2393 954 2441 usus,
971 2377 1295 2431 inaccessum
1319 2376 1419 2429 illis
1440 2375 1672 2428 animum
1697 2373 1880 2428 reddat
1906 2387 2082 2427 suum.

503 2469 633 2526 Nam
665 2479 718 2524 et
747 2471 855 2524 oris
880 2479 1148 2535 venustas,
1175 2480 1225 2524 et
1255 2479 1490 2522 motuum
1519 2468 1790 2530 mollities,
1823 2476 1876 2520 et
1903 2466 2078 2520 inces-

503 2581 592 2620 sus
631 2565 868 2620 affectata
915 2564 1070 2629 ratio,
1117 2571 1168 2617 et
1207 2561 1353 2615 vocis
1381 2560 1693 2622 confractio,
1726 2558 2002 2612 oculorum
2033 2565 2088 2611 et

505 2657 760 2710 malarum
792 2656 1034 2726 stigmata
1056 2655 1093 2718 ί,
1135 2653 1494 2707 cincinnorum
1520 2651 1960 2720 compositiones,
1997 2663 2088 2701 ea-

507 2747 677 2818 pillitii
723 2747 989 2811 tinctura,
1035 2746 1256 2799 vestium
1299 2743 1674 2812 sumptuositas
1702 2784 1718 2810 ,
1765 2741 1875 2794 auri
1915 2739 2092 2794 varius

505 2849 726 2893 ornatus
758 2878 774 2904 ,
824 2851 1152 2907 gemmarum
1214 2833 1548 2904 pulchritudo
1595 2835 1652 2898 ³,
1702 2841 2090 2902 unguentorum

509 2929 814 2999 fragrantia,
842 2929 1048 2997 aliaque
1081 2926 1278 2990 omnia,
1312 2941 1430 2996 qua:
1466 2923 1724 2977 muliebre
1760 2937 1928 2992 genus
1966 2919 2095 2974 all‘e-

503 3030 654 3075 ctarc
674 3020 828 3086 solet,
852 3022 1084 3072 animum
1109 3018 1321 3072 turbare
1343 3024 1582 3086 possunt,
1607 3013 1704 3068 nisi
1731 3010 2095 3082 temperantia:

491 3112 822 3167 austeritate
850 3127 908 3167 se
933 3110 1198 3165 munierit.
1229 3109 1332 3164 Sed
1368 3107 1434 3161 ab
1461 3108 1524 3162 iis
1553 3105 1749 3162 turbari
1773 3105 1962 3159 mirum
1989 3118 2092 3159 non

483 3215 622 3270 rest;
664 3215 718 3259 at
757 3221 853 3275 per
880 3220 964 3258 res
997 3203 1061 3258 iis
1088 3201 1381 3257 contrarias
1424 3214 1580 3270 posse
1612 3197 1878 3253 diabolum
1909 3195 2096 3250 huma-

512 3309 608 3349 nas
632 3296 837 3349 animas
862 3293 1147 3348 confodere
1166 3332 1182 3358 ,
1215 3291 1263 3345 id
1291 3305 1418 3345 sane
1447 3298 1665 3358 stupore
1692 3297 1745 3342 et
1771 3285 2098 3342 dubitatione

514 3385 746 3454 plenum.
791 3384 909 3439 iam
935 3383 1074 3438 enim
1104 3381 1374 3444 nonnulli,
1403 3380 1491 3450 qui
1526 3378 1640 3432 htcc
1673 3376 1932 3432 venabula
1960 3374 2096 3430 effu-

512 3485 700 3546 gerant
725 3518 739 3541 ,
780 3491 808 3529 a
849 3475 1012 3544 longe
1033 3473 1262 3529 diversis
1283 3472 1420 3541 capti
1443 3478 1587 3526 sunt.
1622 3469 1826 3523 Etenim
1857 3467 2094 3536 neglecta

517 3567 701 3632 facies,
733 3566 971 3635 squalida
994 3581 1167 3624 coma.
1198 3564 1409 3619 sordiJa
1441 3561 1623 3625 vestis,
1655 3559 1867 3612 habitus
1891 3559 2096 3612 incom-

519 3658 744 3726 positus,
788 3671 1000 3710 morum
1049 3655 1437 3722 verborumque
1481 3650 1814 3720 simplicitas,
1861 3649 2101 3702 incessus

519 3764 622 3799 non
646 3746 942 3807 all'ecmtus,
961 3761 1060 3799 vox
1088 3744 1422 3809 inconcinna,
1451 3742 1618 3795 victus
1646 3747 1947 3809 paupertas,
1972 3752 2104 3792 con-

523 3845 752 3906 temptus
775 3851 838 3890 ac
866 3836 1092 3905 prmsidii
1111 3833 1364 3905 .pcnnria,
1389 3833 1619 3901 itemque
1644 3828 1873 3884 solitudo
1895 3837 2102 3900 speeta-

523 3939 690 3981 torcm
741 3928 966 3997 primunt
1007 3926 1073 3980 ad
1117 3923 1556 3989 miscricordiam,
1583 3920 1776 3976 deinde
1818 3922 1872 3976 in
1919 3929 2098 3976 extre-

521 4037 662 4074 mam
698 4019 982 4092 pernieicm
1017 4027 1399 4090 pertraxerunt.

592 4113 646 4167 5.
681 4111 983 4166 Facitiorem
1008 4127 1113 4165 esse
1137 4111 1251 4164 vilic
1277 4109 1517 4163 rationem
1540 4105 1925 4170 monachorum,
1951 4119 2104 4173 quain

524 4205 914 4278 pt‘tL’Sttlttm.--
956 4202 1209 4272 Multique
1250 4215 1314 4255 ex
1360 4197 1620 4270 prioribus
1665 4196 1830 4266 elapsi
1879 4195 2101 4261 retibus,

524 4313 714 4368 nempe
744 4296 918 4350 aureis
955 4295 1229 4350 ornatibus
1249 4333 1265 4359 ,
1299 4292 1598 4363 unguentis,
1622 4288 1972 4352 vestimentis,
2001 4302 2106 4341 ca:-

525 4393 757 4460 terisque
783 4387 1288 4459 supra'memoratis,
1311 4386 1362 4440 in
1387 4386 1499 4439 hare
1525 4384 1659 4438 adeo
1680 4382 1747 4437 ab
1771 4383 1872 4436 illis
1895 4381 2103 4434 diversa

526 4482 830 4537 ceciderunt
859 4479 1255 4549 pericruntque.
1302 4477 1433 4530 Cum
1463 4490 1589 4544 ergo
1620 4489 1714 4544 per
1743 4481 2105 4542 paupertatem

528 4582 582 4626 et
610 4572 846 4636 divitias,
877 4586 978 4640 per
1014 4579 1260 4624 ornatum
1305 4579 1361 4623 et
1407 4569 1612 4623 habitus
1655 4566 1968 4635 neglectum,
2013 4578 2110 4633 per

528 4666 852 4736 compositos
881 4679 1060 4719 mores
1098 4672 1152 4718 et
1195 4661 1595 4732 incompositos,
1627 4669 1788 4729 atque
1815 4673 1920 4712 uno
1947 4655 2108 4710 verbo

533 4775 625 4827 per
653 4758 827 4815 omnia
850 4759 956 4812 alia
983 4772 1139 4826 supra
1170 4765 1495 4818 enumerata,
1519 4753 1714 4808 bellum
1742 4753 1792 4806 iu
1824 4749 2111 4820 spectantis

531 4854 708 4908 animo
749 4851 1087 4914 accendatur,
1119 4860 1183 4904 et
1227 4847 1648 4902 machinamenta
1689 4845 1836 4900 illum
1879 4841 2112 4908 undique

529 4945 942 5009 circumsistunt,
975 4940 1526 5009 tmdenam-rcspirare
1560 4937 1753 5007 poterit
1792 4942 1870 4990 tot
1908 4934 1980 4986 illi
2008 4932 2113 4987 cir-

532 5039 844 5112 cumpositis
867 5037 1104 5109 laqueis?
1137 5049 1270 5103 quas
1297 5033 1528 5088 inveniat
1566 5031 1815 5093 latebras,
1842 5043 1946 5082 non
1970 5027 2109 5093 dico,

533 5152 597 5190 nc
625 5137 672 5189 vi
700 5133 938 5202 capiatur
967 5129 1042 5200 (id
1069 5128 1262 5199 quippe
1290 5143 1393 5181 non
1421 5123 1704 5179 admodum
1733 5119 1944 5176 diliicile
1970 5118 2075 5186 est)
2097 5158 2111 5180 ,

534 5227 625 5280 sed
653 5237 702 5279 ut
733 5225 966 5278 animttm
994 5236 1146 5276 suum
1174 5235 1201 5270 a
1231 5217 1387 5272 fcedis
1405 5213 1812 5286 cogita-tionibus
1839 5213 2118 5280 impertur-

537 5318 714 5370 batum
745 5312 1033 5369 custodiat?
1077 5313 1222 5366 Mitto
1263 5310 1514 5373 honores,
1549 5307 1948 5360 innumerorum
1985 5315 2116 5354 cau-

537 5420 622 5458 sus
659 5405 944 5460 malorum.
997 5403 1202 5458 Etenim
1233 5400 1320 5467 qui
1357 5415 1388 5454 a
1431 5396 1739 5453 mulieribus
1782 5391 2114 5454 deferuntur,

593 5584 619 5612 ·¹
655 5580 792 5631 Savil.
821 5590 871 5632 et
901 5581 1082 5644 aliquot
1117 5587 1244 5644 Mss,
1289 5585 1333 5629 et
1368 5574 1612 5644 oculorum
1636 5572 1875 5644 stigmqta,
1893 5575 1941 5644 et
1965 5566 2118 5617 nicta-

545 5653 649 5688 rum
674 5644 892 5703 pictum;
916 5634 1013 5697 alii,
1038 5649 1083 5691 et
1106 5634 1408 5703 malttrnm‘ct
1429 5634 1752 5703 Ciminum-inn
1777 5634 2054 5694 fucotioucs.

569 5704 614 5806 1‘
640 5689 1421 5811 ngmitl'ei‘alijuot\tss.r;1lii,
1463 5699 1570 5748 auri
1609 5706 1653 5748 ct
1690 5689 1988 5759 getinnarnm
2012 5689 2119 5754 puto

537 5779 565 5809 ι
584 5775 662 5811 :l'tl
742 5781 779 5810 υ,

1203 344 1260 400 S.
1301 342 1577 399 JOANNIS
1615 341 2089 401 CllllYSOSTOIl
2132 335 2446 397 AﬂClllEP.
2489 333 3023 393 CONSTANTINOP.

3651 331 3750 386 680

2157 454 2519 525 temperantia:
2587 451 2896 507 assiduitate
2937 451 2951 482 '
2999 459 3360 510 eaet-rantur;
3425 459 3665 503 attamen
3719 449 3751 503 ii

2157 563 2301 617 stepe
2324 543 2571 616 dejiciunt
2601 560 2744 610 eum,
2769 543 2854 613 qui
2883 550 3067 597 contra
3091 541 3223 596 tales
3245 541 3481 596 insidias
3502 549 3755 609 perpetuo

2160 639 2376 711 vigilare
2405 637 2590 694 nescit.
2620 636 2858 690 llouores
2881 643 3058 690 autem
3079 649 3108 687 a
3133 631 3255 688 viris
3279 632 3499 687 delatos
3521 631 3621 685 nisi
3643 633 3756 701 quis

2161 747 2350 802 magna
2398 747 2520 786 cum
2575 729 2735 783 animi
2773 727 3070 782 constantia
3109 725 3427 795 exceperit,
3479 738 3512 778 ι
3553 723 3758 778 duobus

2161 822 2443 878 contrariis
2473 819 2671 875 morbis
2693 817 2995 888 corripitur,
3031 832 3061 870 a
3095 816 3355 870 servitute
3398 813 3608 868 scilicet
3645 829 3758 882 quae

2163 931 2226 969 ex
2255 914 2554 967 adulatione
2579 911 2836 976 nascitur,
2859 918 2913 964 et
2938 907 3004 963 ab
3029 907 3352 976 arrogantia:
3384 905 3619 969 insania,
3637 903 3758 957 dum

2164 1006 2525 1062 adulatoribus
2547 1005 2657 1058 suis
2680 1018 2738 1057 se
2761 1001 3023 1071 subjicere
3041 998 3266 1069 cogitur,
3289 1007 3350 1052 et
3371 1012 3440 1051 ex
3474 995 3760 1049 honoribus

2167 1116 2263 1171 per
2308 1114 2403 1154 eos
2444 1098 2634 1153 delatis
2685 1095 2943 1151 adversus
2993 1095 3261 1148 tenuiores
3313 1090 3561 1154 inﬂatur,
3611 1097 3666 1142 et
3711 1090 3759 1143 in

2169 1193 2414 1249 amentia:
2454 1191 2759 1248 barathrum
2797 1189 3061 1258 dejicitur.
3110 1188 3233 1241 llmc
3276 1184 3506 1254 quidem
3550 1198 3580 1236 a
3618 1183 3762 1238 nobis

2170 1287 2307 1342 dicta
2339 1293 2462 1339 sunt
2491 1302 2505 1338 :
2533 1298 2689 1350 quam
2717 1295 2843 1335 vero
2880 1280 3136 1335 damnosa
3165 1278 3290 1339 sint,
3326 1274 3548 1329 nonnisi
3577 1287 3760 1342 exper-

2173 1387 2256 1432 tus
2285 1377 2448 1446 probe
2483 1377 2691 1431 discere
2721 1383 2913 1444 potest.
2956 1371 3140 1440 Neque
3180 1369 3326 1423 enim
3372 1367 3493 1422 ha-c
3535 1375 3759 1424 tantum.

2172 1469 2267 1524 sed
2297 1470 2454 1538 longe
2478 1467 2562 1522 his
2588 1467 2736 1537 plura
2760 1476 2813 1520 et
2841 1463 3216 1535 periculosiora
3243 1463 3298 1516 in
3328 1459 3517 1516 medio
3542 1459 3760 1512 versanti

2174 1560 2418 1616 accidere
2464 1574 2684 1615 necesse
2731 1559 2907 1613 fuerit.
2957 1555 3058 1624 Qui
3087 1569 3212 1609 vero
3238 1551 3594 1608 solitudinem
3623 1549 3758 1613 colit,

2179 1654 2367 1709 horum
2397 1653 2633 1707 omnium
2665 1651 3050 1706 iuununitatem
3077 1645 3431 1716 consequitur
3459 1643 3540 1698 :si
3566 1642 3764 1712 quando

2177 1745 2404 1801 absurda
2449 1745 2698 1814 cogitatio
2746 1742 2870 1812 quid
2913 1741 3088 1795 simile
3134 1739 3232 1808 ipsi
3277 1733 3762 1807 reprznsentaverit,

2181 1840 2440 1896 imbecilla
2473 1848 2648 1892 tzuuen
2679 1847 2761 1890 est
2786 1835 3084 1904 phantasia,
3107 1846 3224 1901 quae
3249 1829 3363 1884 cito
3394 1827 3566 1897 possit
3587 1824 3766 1879 extin-

2179 1933 2288 2004 gui,
2318 1932 2436 2002 quia
2465 1929 2608 1984 nulla
2635 1928 2964 1982 extrinsecus
2989 1923 3218 1977 llatnttue
3244 1919 3477 1974 materia
3503 1934 3567 1970 ex
3594 1915 3764 1970 oculo-

2184 2040 2299 2079 rum
2331 2031 2548 2092 aspecut
2587 2018 2975 2089 suppeditatur.
3009 2016 3086 2068 Ac
3113 2010 3412 2066 monachus
3437 2008 3652 2079 quidem
3677 2006 3765 2058 sibi

2184 2115 2283 2170 soli
2313 2115 2490 2177 timet;
2521 2113 2564 2167 si
2587 2127 2714 2166 vero
2739 2109 2806 2164 de
2832 2108 2950 2161 aliis
2975 2105 3295 2176 quandoque
3326 2115 3524 2156 curare
3543 2107 3764 2168 cogatur,

2185 2215 2331 2263 certe
2362 2204 2663 2277 paucissimi
2688 2202 2758 2256 illi
2789 2208 2946 2264 sunt;
2977 2199 3058 2252 sin
3080 2197 3260 2268 plures
3287 2194 3516 2258 fuerint,
3539 2200 3590 2244 at
3617 2189 3768 2243 multo

2188 2303 2424 2357 minores
2455 2313 2679 2353 quucro
2708 2309 2864 2366 quam
2893 2292 2933 2346 ii
2963 2293 3051 2362 qui
3084 2291 3132 2343 in
3172 2287 3439 2342 Ecclesiis
3467 2291 3765 2343 versantur,

2189 2403 2346 2462 atque
2390 2393 2425 2447 ii
2471 2389 2638 2444 multo
2672 2387 2924 2442 leviorem
2958 2383 3207 2454 pint-fectu
3233 2394 3336 2434 suo
3365 2374 3760 2432 sollicitudinem

2190 2484 2461 2546 exhibent,
2510 2497 2614 2534 non
2653 2477 2722 2532 ob
2763 2476 3080 2548 paucitatem
3130 2481 3358 2533 tantum,
3393 2465 3496 2523 sed
3539 2463 3765 2534 quoniam

2191 2591 2378 2634 omnes
2401 2590 2430 2628 a
2455 2571 2794 2628 s:ccu|aribus
2823 2567 2981 2621 rebus
3005 2564 3155 2617 vacui
3177 2561 3408 2631 degunt.
3437 2571 3543 2612 nec
3569 2556 3762 2618 liberos,

2192 2685 2293 2726 nec
2314 2682 2558 2732 uxorem,
2587 2677 2758 2733 neque
2793 2660 2950 2712 ullam
2983 2652 3352 2723 hujuscemodi
3381 2663 3572 2705 curam
3609 2658 3768 2699 susce-

2196 2768 2402 2831 perunt.
2449 2756 2504 2810 ιιι
2542 2771 2698 2825 porro
2725 2752 2845 2807 illos
2869 2747 3155 2803 admodum
3187 2741 3464 2814 praefectis
3496 2736 3763 2805 morigeros

2194 2830 2375 2915 efﬁcit,
2403 2861 2457 2906 et
2477 2848 2616 2920 quod
2644 2844 2910 2902 communi
2930 2839 3204 2896 domicilio
3229 2845 3474 2898 utantur,
3492 2830 3642 2920 facile
3662 2838 3768 2920 pos:

2196 2952 2319 3002 sunt
2357 2913 2539 2999 eorum
2580 2938 2769 2994 delicta
2811 2945 2866 2991 et
2902 2931 3151 3004 cognosci
3191 2938 3246 2984 et
3290 2919 3569 2982 emendari
3599 2938 3611 2974 :
3641 2913 3764 2988 quod

2193 3053 2304 3094 non
2333 3033 2601 3090 modicum
2629 3028 2834 3086 confert
2869 3026 2934 3082 ad
2976 3022 3185 3080 virtutis
3226 3021 3637 3077 incrementum,
3661 3020 3768 3064 cum

2198 3126 2402 3183 scilicet
2428 3122 2679 3190 magister
2705 3128 3012 3189 perpetuam
3040 3121 3190 3184 gerat
3217 3105 3651 3166 sollicitudinem.

2269 3219 2322 3274 4.
2367 3215 2691 3270 Sacerdotem
2739 3211 2846 3265 orbi
2889 3219 3135 3262 terrarum
3187 3219 3296 3258 esse
3349 3197 3687 3272 preposition.
3708 3215 3770 3231 -

2201 3314 2398 3370 Eorum
2429 3324 2576 3369 vero,
2607 3307 2695 3378 qui
2726 3301 2986 3360 sacerdoti
3010 3300 3256 3362 subsunt,
3285 3295 3520 3350 maxima
3541 3300 3658 3360 pars
3683 3296 3768 3338 sm-

2201 3405 2468 3464 cularibus
2501 3372 2642 3456 euris
2684 3409 2806 3453 sunt
2843 3395 3036 3451 addicti
3077 3390 3217 3463 quod
3251 3389 3376 3443 illos
3406 3383 3473 3439 ad
3499 3372 3768 3451 spiritualia

2202 3515 2361 3571 opera
2394 3493 2688 3568 peragenda
2719 3489 2992 3560 segniores
3020 3484 3216 3540 reddit.
3260 3479 3417 3535 Unde
3442 3483 3497 3530 et
3520 3473 3766 3527 doctorem

2204 3565 2422 3648 necesse
2459 3565 2540 3642 est
2577 3582 2824 3653 singulis,
2859 3589 2913 3633 ut
2939 3578 3009 3632 ita
3039 3575 3246 3636 dicam,
3281 3569 3477 3625 diebus
3501 3565 3766 3653 sementem

2199 3683 2406 3754 jacere,
2438 3687 2496 3733 ut
2535 3674 2842 3731 assiduitate
2871 3671 2890 3702 ³
2927 3669 3013 3724 illa
3055 3666 3221 3736 possit
3263 3658 3524 3716 doctrina:
3577 3647 3766 3705 verbum

2203 3749 2272 3829 ab
2295 3769 2624 3826 auditoribus
2651 3763 2888 3819 retineri.
2921 3758 3129 3813 Etenim
3160 3753 3360 3809 diviti-.1:
3387 3751 3623 3818 ingentes
3641 3782 3655 3804 ,

2205 3864 2383 3919 tentitc
2413 3855 2738 3929 magnitudo,
2769 3851 3019 3922 segnities
3045 3863 3108 3902 ex
3133 3845 3411 3912 voluptate
3440 3845 3578 3898 nata,
3603 3827 3768 3929 multa-

2205 3969 2309 4024 que
2347 3952 2447 4006 alia
2484 3950 2684 4019 jactum
2725 3959 2907 4000 semen
2951 3939 3210 3995 sufl‘ocant
3243 3953 3257 3988 :
3285 3947 3433 4000 s:e.pe
3464 3941 3586 3982 vero
3612 3919 3768 3989 spina-

2205 4021 2323 4104 rum
2360 4041 2675 4112 frequentia,
2709 4055 2774 4092 ne
2811 4035 2874 4088 ad
2915 4029 3249 4100 superﬁciem
3281 4023 3499 4095 quidem
3531 4027 3673 4112 terra:

2208 4156 2329 4195 men
2359 4136 2550 4191 cadere
2575 4133 2716 4188 sinit.
2763 4129 2897 4184 llinc
2923 4139 3052 4177 vero
3081 4130 3441 4175 a-rumnarum
3469 4099 3762 4198 magnittldfi

2207 4235 2289 4289 vis
2315 4227 2658 4302 paupertatis,
2682 4220 2939 4277 molestiae.
2964 4212 3213 4278 assidum,
3232 4210 3442 4277 aliaque
3471 4189 3764 4302 hujusmotlf,

2212 4287 2474 4396 prio'ribus
2511 4316 2808 4380 contraria,
2852 4329 2881 4366 a
2933 4309 3232 4363 divinorum
3281 4299 3460 4356 studio
3507 4287 3763 4396 abducunt.

2210 4384 2555 4474 l’eccatorum
2595 4418 2770 4464 autem
2803 4420 2870 4459 ne
2900 4399 3100 4456 tantilla
3136 4395 3352 4466 quidem
3391 4402 3514 4461 pars
3542 4384 3701 4454 potest
3724 4387 3765 4472 in

2211 4523 2396 4565 eorum
2436 4502 2674 4559 notitiam
2703 4496 2884 4552 venire
2917 4511 2928 4545 :
2962 4486 3230 4562 quomodo
3273 4483 3438 4546 enim.
3462 4489 3576 4532 cum
3602 4477 3765 4565 PI“?

2213 4614 2352 4655 mam
2392 4609 2574 4650 eorum
2625 4599 2828 4660 partem
2867 4599 2932 4638 nc
2971 4581 3038 4636 de
3077 4577 3211 4633 facie
3251 4569 3465 4644 quidem
3506 4558 3679 4660 norit?.
3704 4553 3767 4606 ΑΟ

2213 4706 2330 4760 quzr.
2369 4686 2434 4740 ad
2473 4645 2724 4754 populum
2763 4675 2976 4747 quidem
3004 4676 3244 4741 spectant
3271 4665 3354 4719 his
3385 4670 3505 4716 sunt
3544 4645 3764 4760 pel'ttlttiiI

2214 4748 2628 4840 difficultatibus.
2659 4774 2809 4843 Quod
2837 4773 2880 4828 si
2911 4772 3030 4842 quis
3056 4783 3118 4822 ea
3172 4780 3290 4836 qua:
3332 4762 3398 4816 ad
3437 4748 3767 4843 Deumpcrli'

2217 4884 2364 4942 nent,
2395 4868 2772 4942 exploraverit,
2808 4864 2981 4934 priora
3007 4859 3136 4914 nihil
3167 4868 3385 4927 prorsus
3407 4862 3523 4904 esse
3543 4835 3768 4942 vidcbttn'

2220 4979 2303 5024 tur
2331 4986 2344 5022 :
2377 4969 2447 5022 ita
2475 4963 2728 5032 majorem
2753 4958 2869 5011 lucc
2887 4950 3387 5023 diligentioremque
3414 4945 3589 4996 curant
3621 4931 3768 5032 pos-lu:

2220 5064 2349 5118 lant.
2381 5059 2508 5114 Nam
2535 5020 2621 5126 q'ui
2652 5067 2746 5124 pro
2777 5059 2882 5104 tota
2908 5020 3142 5104 civitate.
3179 5049 3232 5095 et
3259 5037 3384 5109 quid
3408 5033 3524 5088 dico
3551 5020 3761 5126 civitati"!

2220 5157 2326 5211 imo
2359 5165 2451 5220 pro
2480 5149 2723 5203 universa
2754 5151 2892 5197 terra
2916 5145 3184 5192 oratorem
3213 5131 3338 5200 agit,
3366 5101 3765 5220 Deoquesuppl:

2225 5202 2426 5301 {:Jtlslul
2463 5239 2702 5295 omnium
2735 5231 2961 5305 peccatis
3002 5228 3069 5282 sit
3101 5222 3378 5296 propiliUS,
3419 5227 3519 5270 non
3556 5202 3758 5305 vivorum

2224 5347 2455 5399 tantum,
2510 5330 2603 5387 sed
2652 5328 2814 5384 etiam
2861 5336 3044 5378 eorum
3098 5318 3185 5389 qui
3233 5314 3510 5370 obierunt.
3548 5289 3760 5367 ‘l‘lillcm’

2222 5441 2423 5499 quaso,
2454 5429 2665 5495 oportet
2694 5416 2859 5474 esse?

2288 5565 2303 5596 ³
2341 5569 2446 5620 "‘0,
2469 5551 2798 5619 temperantia!
2828 5544 3131 5604 assiduitate;
3152 5553 3294 5600 unus,
3320 5520 3626 5598 temperantia
3641 5506 3762 5562 ηιοίθο

2223 5637 2480 5732 ⁸ιιςέιτλγὶι.
2509 5688 2559 5728 et
2582 5675 2774 5741 plurimi
2799 5680 2926 5732 Mss,
2945 5667 3238 5720 assiduitate.
3269 5658 3427 5711 \torel.
3449 5659 3497 5702 et

2227 5742 2583 5801 consuetudine.

3516 5637 3638 5710 pauci
3657 5634 3759 5681 “ﬁt
