3942 6368
191 369 274 428 681
1420 374 1510 434 ns
1544 361 1992 429 SACERDOTIO.
2035 359 2160 418 un.
2206 360 2292 416 vr.

256 482 531 554 Equidem
565 498 749 555 neque
791 480 1004 554 Moysis,
1035 496 1214 552 neque
1248 478 1414 536 Heliae
1440 479 1699 538 ﬁduciam
1727 479 1797 537 ad

201 574 512 646 hujusmodi
533 573 992 646 supplicationem
1021 572 1269 628 suiiicere
1284 587 1446 644 posse
1464 571 1793 643 putaverim.

204 667 410 723 Etenim
441 683 511 724 ac
540 666 590 722 si
632 665 870 720 mundus
908 673 1056 720 totus
1080 664 1184 720 sibi
1217 663 1571 720 conci-editus
1605 663 1696 730 sit,
1734 678 1798 718 ac

207 762 246 816 si
275 760 524 816 omnium
553 769 709 830 pater
736 759 852 828 ipse
882 759 971 824 sit,
1000 758 1094 814 sic
1134 758 1201 814 ad
1246 756 1416 814 Deum
1445 757 1672 824 accedit,
1705 773 1798 812 ro-

205 869 330 925 gans
357 852 546 908 omnia
583 851 771 906 mundi
803 851 941 906 bella
968 849 1262 922 exstingui,
1303 851 1570 906 tumultus
1595 850 1795 915 sedari,

205 963 410 1019 pacem,
458 947 902 1017 prosperitatem,
956 947 1205 1002 omnium
1250 946 1478 1017 singulis
1502 945 1798 1000 imminen-

206 1039 357 1103 tium,
390 1054 497 1108 qua
528 1037 806 1107 privatim,
864 1050 970 1107 qua
1012 1035 1230 1106 publice
1262 1035 1530 1089 malorum
1563 1032 1798 1088 celerem

202 1130 602 1202 depulsionem.
644 1129 872 1201 Oportet
931 1137 1114 1184 autem
1166 1128 1319 1183 illum
1369 1127 1631 1198 singulos,
1695 1141 1799 1196 pro

203 1224 400 1296 quibus
446 1233 721 1295 precatur,
761 1223 901 1278 adeo
945 1223 999 1276 in
1047 1222 1303 1277 omnibus
1344 1221 1696 1288 antecellere,
1738 1227 1800 1276 ut

203 1318 495 1392 praefectus
529 1317 760 1372 subditis
787 1315 1100 1386 praecellere
1125 1314 1308 1371 debet.

284 1402 543 1457 [avocatio
587 1401 810 1472 Spiritus
852 1402 1010 1456 sancti
1046 1402 1099 1454 in
1136 1400 1385 1454 oblatione
1437 1398 1692 1464 sacri/irit.
1721 1424 1792 1434 —-

212 1494 343 1552 Cum
369 1505 545 1550 autem
576 1494 830 1565 Spiritum
856 1503 1096 1550 Sanctum
1127 1492 1469 1554 invocaverit,
1497 1502 1548 1545 et
1572 1490 1794 1543 horrcn-

213 1589 338 1643 dum
361 1585 488 1641 illud
510 1587 824 1642 sacrificium
846 1586 1115 1650 obtulerit,
1130 1593 1183 1638 et
1201 1599 1536 1638 communem
1556 1581 1792 1636 onmium

214 1678 499 1735 Dominum
542 1678 756 1733 assidue
799 1677 1134 1742 tractaverit,
1166 1691 1272 1746 quo
1301 1675 1446 1728 illum
1465 1715 1480 1738 ,
1511 1688 1712 1741 qumso,
1741 1672 1793 1726 in

213 1772 402 1828 ordine
443 1769 860 1827 constituemus?
903 1782 1184 1839 quamnam
1235 1766 1302 1821 ab
1353 1765 1443 1820 illo
1488 1765 1791 1836 puritatem,

214 1881 372 1935 quam
395 1865 642 1933 pietatem
663 1861 968 1932 exigemus?
995 1857 1177 1928 Cogita
1198 1858 1380 1928 quales
1405 1865 1648 1925 oporteat
1675 1869 1795 1909 che

212 1972 404 2010 manus
435 1956 571 2020 illas,
601 1955 808 2024 qualem
835 1969 951 2009 eam
984 1953 1237 2022 linguam,
1269 1965 1387 2020 quae
1416 1949 1500 2003 illa
1531 1947 1687 2002 verba
1713 1947 1794 2002 ef-

213 2047 418 2114 fundat,
437 2063 539 2118 qua
556 2047 783 2117 denique
801 2060 904 2100 non
923 2046 1187 2114 puriorem
1209 2043 1634 2112 sanctioremque
1651 2041 1795 2095 illam

213 2141 464 2204 animam,
494 2154 612 2208 quas
644 2146 843 2192 tantum
873 2136 1126 2207 Spiritum
1157 2134 1429 2204 suscipiat.
1454 2133 1603 2187 Tune
1625 2131 1798 2201 angeli

215 2230 477 2286 sacerdoti
522 2229 732 2296 adsunt,
776 2237 1020 2296 totusque
1057 2227 1346 2280 caelestium
1373 2225 1636 2280 Virtutum
1667 2224 1799 2278 ordo

213 2323 408 2377 clamat
429 2322 470 2387 ί,
487 2336 549 2375 ac
574 2321 776 2375 vicinus
791 2318 940 2374 altari
961 2319 1108 2373 locus
1125 2318 1175 2372 in
1190 2317 1327 2371 illius
1342 2317 1430 2386 qui
1453 2316 1644 2371 ibidem
1658 2315 1800 2384 jacet

215 2412 476 2467 honorem
517 2411 579 2466 iis
617 2410 853 2481 repletus
881 2417 998 2466 est:
1031 2409 1190 2480 idque
1218 2409 1296 2463 vel
1324 2423 1388 2464 ex
1417 2408 1501 2474 iis,
1533 2422 1651 2477 qua:
1677 2416 1801 2461 tunc

216 2513 561 2574 peraguntur,
591 2503 849 2558 credibile
877 2511 978 2558 est.
1011 2502 1121 2572 Ego
1144 2516 1273 2555 vero
1292 2500 1521 2569 aliquem
1538 2499 1662 2553 olim
1685 2513 1800 2552 nar-

215 2607 424 2650 rantem
451 2595 646 2659 audivi,
675 2594 956 2665 quemdam
988 2608 1191 2658 senem,
1226 2593 1395 2646 virum
1433 2588 1799 2644 admirabilem

216 2702 280 2742 ac
300 2687 709 2743 revelationibus
729 2693 1020 2751 assuetum,
1043 2683 1259 2749 dixisse,
1279 2683 1484 2737 visione
1500 2678 1801 2750 hujusmodi

216 2795 277 2836 se
314 2778 546 2850 quodam
584 2787 820 2848 tempore
847 2777 1062 2848 dignum
1103 2775 1338 2830 habitum
1367 2774 1528 2830 fuisse
1556 2791 1571 2827 :
1603 2772 1803 2828 scilicet

217 2870 606 2924 multitudinem
633 2869 940 2940 angelorum
969 2868 1256 2937 derepente
1289 2866 1515 2932 vidisse,
1547 2874 1800 2936 quantum

216 2963 335 3032 ejus
362 2962 582 3017 facultas
604 2961 820 3029 ferebat,
843 2961 1136 3030 splendidis
1154 2962 1389 3016 vestibus
1409 2960 1734 3025 indutornm,
1749 2967 1800 3014 et

221 3055 388 3109 altare
413 3053 874 3121 circumdantium,
904 3053 1158 3109 inclinato
1184 3053 1378 3122 capite,
1409 3067 1472 3108 ac
1499 3051 1542 3106 si
1569 3051 1686 3121 quis
1707 3050 1803 3105 mi-

221 3147 339 3202 lites
381 3158 642 3216 przesente
679 3145 1002 3217 Imperatore
1044 3155 1248 3202 stantes
1293 3145 1500 3200 videret
1528 3163 1541 3200 :
1565 3145 1706 3215 quod
1749 3152 1804 3200 et

129 3235 146 3244 ”
220 3239 334 3308 ipse
360 3238 489 3292 mihi
522 3238 834 3307 persuadeo.
883 3238 1035 3292 Alius
1073 3238 1198 3292 item
1233 3237 1467 3291 narravit
1503 3235 1662 3299 mihi,
1695 3250 1802 3290 non

218 3329 286 3382 ab
309 3330 414 3384 alio
435 3329 672 3396 edoctus,
696 3329 789 3384 sed
819 3345 938 3385 cum
970 3331 1084 3400 ipse
1101 3329 1319 3384 vidisset
1344 3337 1395 3384 et
1420 3328 1674 3395 audisset,
1698 3327 1803 3382 sci-

219 3421 340 3474 licet
364 3435 459 3474 eos
487 3421 574 3490 qni
617 3436 683 3475 ex
728 3420 826 3476 hac
853 3422 956 3475 vita
983 3421 1258 3491 migraturi
1283 3431 1426 3487 sunt,
1458 3421 1501 3475 si
1538 3421 1804 3491 mysteriis

219 3526 349 3580 pura
394 3512 721 3567 conscientia
761 3512 1209 3583 participaverint,
1240 3513 1470 3568 animam
1508 3512 1800 3580 efﬂaturus,

217 3601 284 3655 ab
309 3602 513 3672 angelis
537 3597 821 3658 satellitum
847 3618 996 3659 more
1012 3604 1175 3674 ipsos,
1193 3603 1261 3658 ob
1283 3603 1410 3659 illud
1423 3603 1564 3674 quod
1580 3618 1802 3672 accepe-

218 3701 341 3746 runt
366 3694 682 3763 stipantibus
711 3694 851 3750 illinc
876 3693 1084 3750 abduci.
1117 3695 1197 3750 Tu
1215 3709 1342 3750 vero
1357 3695 1592 3750 nondum
1612 3695 1804 3750 exhor-

219 3783 387 3838 rescis
406 3825 422 3849 ,
453 3782 751 3853 hujusmodi
777 3785 1006 3838 animam
1038 3785 1089 3839 in
1119 3793 1224 3840 tam
1252 3800 1460 3840 sacrum
1493 3786 1800 3857 mysterium

218 3876 584 3946 introducens,
611 3887 663 3934 et
692 3879 922 3934 sordidis
948 3880 1188 3935 indutum
1214 3881 1448 3936 vestibus
1474 3880 1526 3935 in
1557 3880 1806 3936 sacerdo-

220 3979 328 4023 tum
356 3969 663 4039 dignitatem
685 3970 833 4025 illum
859 3985 1196 4041 promovens,
1217 3986 1374 4041 quem
1395 3986 1425 4024 a
1447 3971 1651 4041 reliquo
1677 3985 1805 4025 con-

220 4059 464 4114 vivarum
509 4059 674 4116 choro
717 4059 958 4116 Christus
999 4061 1207 4130 expulit
1255 4060 1480 4135 (Matth.
1526 4061 1616 4115 Ἡ.
1659 4059 1803 4130 l5)?

217 4151 464 4204 Animam
492 4151 688 4222 quippe
715 4152 1006 4207 sacerdotis
1045 4152 1212 4206 instar
1255 4153 1387 4207 lucis
1427 4162 1591 4208 totum
1618 4154 1801 4208 orbem

220 4241 534 4296 illustrantis
577 4242 859 4311 splendere
898 4252 1124 4312 oportet.
1176 4243 1368 4298 Nostra
1409 4251 1585 4297 autem
1626 4244 1801 4297 anima

217 4331 286 4384 ob
310 4348 528 4402 pravam
554 4333 931 4388 conscientiam
966 4342 1137 4388 tantas
1161 4332 1323 4388 habet
1347 4333 1692 4388 circumfusas
1722 4342 1802 4388 te.

218 4425 440 4491 nebras,
465 4434 520 4480 ut
554 4441 765 4496 semper
793 4441 851 4481 se
878 4426 1056 4491 abdat,
1090 4441 1189 4482 nec
1209 4426 1380 4498 possit
1408 4441 1655 4497 umquam
1681 4442 1799 4481 cum

217 4516 410 4571 ﬁducia
444 4518 722 4572 Dominum
753 4533 905 4573 suum
934 4518 1162 4574 obtueri.
1209 4517 1526 4575 Sacerdotes
1562 4519 1641 4572 sal
1679 4527 1802 4574 sunt

218 4608 401 4662 mundi
433 4626 447 4662 :
477 4619 712 4664 nostram
760 4625 891 4664 vero
929 4610 1321 4679 insipientiam,
1366 4620 1420 4666 et
1462 4611 1512 4665 in
1556 4610 1804 4665 omnibus

220 4698 560 4768 imperitiam,
593 4701 712 4770 quis
740 4700 890 4756 facile
919 4701 1116 4767 tulerit,
1154 4701 1256 4756 nisi
1282 4715 1379 4757 vos
1405 4702 1494 4772 qui
1536 4717 1632 4756 nos
1665 4703 1801 4757 ultra

221 4790 435 4844 modum
456 4806 636 4845 amare
663 4793 1046 4847 consuevistis?
1070 4792 1251 4864 Neque
1270 4793 1410 4848 enim
1436 4809 1625 4864 purum
1647 4792 1802 4847 dum-

223 4889 361 4936 taxat
390 4897 509 4937 esse
535 4890 765 4951 oportet,
795 4893 976 4954 utpote
1004 4883 1092 4954 qui
1125 4893 1270 4940 tanto
1300 4884 1595 4940 ministerio
1614 4885 1801 4954 digna-

222 4980 306 5026 tus
335 4972 423 5036 sit,
458 4971 551 5026 sed
595 4973 753 5026 etiam
793 4973 1104 5042 prudentem
1131 4981 1186 5030 et
1214 4989 1390 5028 rerum
1419 4976 1642 5044 peritum
1669 4974 1801 5028 mul-

222 5070 392 5114 tarum
425 5080 438 5114 :
469 5063 632 5116 multa
677 5078 885 5133 quoque
939 5065 1214 5119 smeularia
1264 5080 1423 5120 nosse
1463 5064 1652 5131 debet,
1697 5080 1803 5120 non

218 5154 394 5208 minus
423 5169 582 5223 quam
619 5153 655 5208 ii
681 5154 768 5225 qui
802 5155 854 5210 in
884 5155 1062 5210 medio
1101 5171 1277 5212 rerum
1303 5165 1601 5220 versantur,
1634 5159 1807 5212 omni-

217 5243 425 5314 busque
471 5254 648 5300 tamen
689 5257 906 5300 exutum
954 5247 1122 5316 magis
1175 5263 1333 5318 quam
1385 5249 1671 5316 monachi,
1714 5249 1804 5319 qui

217 5345 431 5392 montes
461 5347 807 5406 occuparunt.
853 5337 986 5394 Nam
1030 5354 1152 5394 cum
1192 5355 1408 5396 necesse
1437 5342 1504 5396 sit
1529 5357 1650 5396 eum
1682 5356 1802 5397 eum

218 5429 348 5482 viris
376 5431 602 5492 versari,
630 5431 718 5499 qui
752 5440 805 5485 et
841 5448 1033 5488 uxores
1074 5434 1288 5499 habent,
1318 5446 1373 5489 et
1411 5435 1608 5490 liberos
1633 5436 1799 5502 alunt,

224 5529 278 5572 et
301 5535 487 5575 servos
519 5521 806 5592 possident,
839 5526 928 5596 qui
958 5525 1155 5581 divitiis
1182 5525 1570 5591 circumfluunt,
1597 5539 1683 5580 res
1705 5541 1802 5594 pu-

285 5682 304 5713 ¹
341 5688 466 5744 1³1⁸οη
482 5687 712 5744 Totusque
733 5682 992 5733 cwlestium
1009 5681 1236 5734 virtutum
1258 5683 1378 5734 ordo
1391 5680 1584 5743 clama,
1607 5694 1665 5731 ac
1683 5679 1800 5733 rici-

229 5757 401 5810 tms...,
423 5739 607 5806 ahquot
629 5739 758 5807 Mss,
777 5750 990 5809 situsque
1019 5745 1280 5798 cmlestium
1303 5745 1530 5799 virtutum
1551 5739 1724 5796 chorus
1744 5756 1804 5794 ac

217 5818 482 5858 t'u'ttms....

3366 365 3470 419 682

1895 477 2059 534 blicas
2099 485 2279 546 agunt,
2303 484 2352 530 et
2383 477 2435 530 in
2466 475 2857 545 magistratibus
2883 483 3181 544 versantur,
3209 479 3473 534 multifor-

1893 587 2034 627 mem
2065 571 2212 625 illum
2236 584 2356 626 esse
2386 585 2479 637 par
2504 579 2584 624 est
2615 589 2629 624 :
2658 571 3027 625 multiformem
3051 570 3192 637 dico,
3217 586 3319 625 non
3342 572 3473 628 sub-

1892 663 2094 725 dolum,
2123 678 2227 716 non
2267 662 2615 726 adulatorem,
2655 677 2758 716 non
2789 663 3150 733 hypocritam;
3185 665 3279 719 sed
3311 665 3473 718 multa

1894 754 2137 809 libertate
2161 767 2224 809 ac
2251 753 2438 808 fiducia
2464 753 2699 822 plenum,
2727 754 2815 823 qui
2842 768 2962 808 sese
2989 754 3187 809 utiliter
3212 762 3476 824 attempe~

1895 860 2014 899 rare
2062 845 2228 911 sciat,
2276 861 2395 899 cum
2448 843 2499 898 id
2549 844 2879 914 negotiorum
2928 846 3160 899 conditio
3207 846 3466 916 postulat:

1895 947 2229 991 mansuetum
2253 937 2378 992 item
2403 946 2454 991 et
2479 947 2768 991 austerum.
2796 935 2912 992 Non
2933 937 3074 992 enim
3102 953 3208 992 uno
3229 940 3301 992 uti
3317 954 3479 1008 opor-

1898 1037 1974 1083 tet
2022 1028 2180 1083 modo
2221 1043 2345 1099 erga
2386 1028 2628 1084 subditos
2657 1043 2862 1096 omnes,
2896 1029 3324 1099 quandoquidem
3380 1047 3480 1086 nec

1897 1118 2118 1174 medicis
2144 1135 2246 1174 una
2272 1134 2395 1189 erga
2429 1129 2656 1188 mgrotos
2694 1134 2880 1176 omnes
2922 1121 3035 1191 lege
3057 1123 3073 1154 ¹
3106 1122 3180 1176 uti
3209 1123 3478 1188 convenit,

1898 1228 2072 1282 neque
2100 1213 2439 1282 gubernatori
2463 1228 2620 1266 unam
2649 1220 2853 1266 tantum
2877 1228 2995 1267 cum
3017 1213 3188 1269 ventis
3210 1213 3480 1284 pugnandi

1896 1313 2064 1357 artem
2095 1302 2291 1358 callere
2322 1321 2334 1356 :
2365 1303 2560 1358 etenim
2607 1304 2742 1358 hanc
2777 1318 2988 1372 quoque
3033 1319 3220 1358 navem
3251 1303 3478 1358 assiduas

1899 1404 2241 1464 tempestates
2275 1395 2479 1466 jactant
2515 1396 2764 1465 undique.
2813 1397 3123 1466 llujusmodi
3151 1406 3324 1451 autem
3354 1413 3478 1465 pro-

1897 1489 2046 1543 cella:
2087 1503 2193 1544 non
2232 1491 2562 1544 extrinsecus
2601 1498 2802 1544 tantum
2842 1490 3174 1551 adoriuntur,
3203 1489 3295 1543 sed
3321 1489 3479 1544 etiam

1899 1581 2219 1636 intrinsecus
2245 1591 2549 1644 nascuntur,
2587 1580 2858 1651 multaque
2888 1597 3024 1651 opus
3051 1591 3134 1636 est
3159 1589 3269 1635 tum
3290 1589 3482 1634 attem-

1899 1673 2194 1742 peratione,
2221 1683 2330 1726 tttm
2357 1672 2645 1742 diligentia.

1972 1763 2024 1817 5.
2059 1762 2383 1817 Sacerdotem
2412 1763 2478 1815 aa'
2507 1763 2676 1816 omnia
2704 1771 2878 1832 aptum
2907 1779 3012 1816 esse
3039 1761 3234 1817 debere.
3261 1791 3332 1802 —-
3358 1762 3483 1816 lla‘c

1901 1869 2060 1925 porro
2090 1854 2298 1917 omnia,
2327 1855 2534 1908 diversa
2580 1855 2733 1922 licet,
2773 1854 2929 1910 tinem
2967 1856 3254 1926 respiciunt
3285 1871 3482 1924 unum,

1902 1962 2095 2016 nempe
2143 1947 2232 2002 Dei
2287 1946 2529 2018 gloriam,
2561 1956 2724 2018 atque
2765 1945 3018 2004 Ecclesiae
3055 1945 3482 2002 aedificationem.

1901 2038 2147 2108 Magnum
2176 2048 2258 2093 est
2284 2037 2664 2093 monachorum
2697 2045 2990 2105 certamen,
3018 2052 3310 2108 eorumque
3338 2037 3488 2094 labor

1902 2128 2102 2183 multus
2121 2145 2136 2182 :
2155 2127 2249 2182 sed
2278 2129 2322 2182 si
2349 2127 2470 2198 quis
2497 2127 2662 2198 probe
2689 2127 3111 2183 administratum
3131 2127 3484 2183 sacerdotium

1903 2235 2024 2276 cum
2061 2221 2270 2276 illorum
2297 2220 2567 2276 laboribus
2595 2219 2855 2286 conferat,
2882 2229 3084 2276 tantum
3115 2221 3344 2291 reperiet
3379 2221 3491 2277 dis-

1903 2311 2104 2367 crimen
2123 2352 2139 2377 ,
2169 2321 2424 2384 quantum
2452 2321 2534 2366 est
2562 2313 2702 2368 inter
2723 2311 2940 2368 idiotam
2961 2321 3015 2368 et
3034 2327 3212 2383 regem
3238 2312 3489 2367 interval-

1904 2403 2036 2458 lum.
2086 2401 2202 2459 Illic
2234 2403 2376 2458 enim
2417 2402 2627 2459 etiamsi
2662 2404 2858 2459 multus
2889 2404 3026 2458 adsit
3055 2403 3223 2469 labor,
3249 2412 3304 2458 at
3335 2417 3486 2458 com-

1905 2495 2082 2551 munis
2119 2496 2312 2551 animaa
2355 2497 2700 2568 corporisque
2740 2497 3101 2563 concertatio;
3157 2497 3266 2553 imo
3309 2496 3488 2567 potius

1907 2602 1971 2643 ex
2001 2588 2242 2657 corporis
2274 2588 2652 2644 exercitatione
2678 2603 2865 2659 magna
2895 2589 3090 2645 laboris
3120 2604 3244 2659 pars
3273 2589 3488 2659 perﬁci-

1907 2692 2022 2748 tur;
2072 2695 2136 2736 ac
2176 2681 2220 2736 si
2266 2679 2392 2735 illud
2433 2681 2710 2735 robustum
2741 2696 2844 2736 non
2877 2679 3068 2748 fuerit,
3096 2681 3207 2736 sola
3237 2689 3294 2735 et
3318 2680 3490 2736 otiosa

1905 2784 2090 2832 manet
2111 2774 2356 2830 alacritas
2381 2774 2567 2839 animi,
2587 2789 2708 2830 eum
2732 2788 2834 2828 non
2865 2774 3030 2843 possit
3059 2774 3110 2828 in
3142 2787 3277 2843 opus
3305 2774 3486 2838 exire;

1904 2867 2165 2936 siquidem
2193 2865 2464 2921 assiduum
2486 2865 2748 2936 jejunium
2770 2867 2812 2932 ’,
2838 2864 2982 2919 humi
3007 2864 3240 2931 cubatio,
3275 2863 3487 2933 vigilite,

1905 2959 2078 3014 balnei
2122 2959 2368 3032 privatio,
2414 2957 2578 3013 sudor
2623 2957 2829 3028 ingens,
2870 2965 3170 3027 cazteraque
3211 2955 3385 3010 omnia
3423 2955 3490 3008 ad

1904 3065 2098 3121 corpus
2116 3050 2490 3106 macerandum
2509 3051 2716 3114 idonea,
2733 3049 2912 3104 statim
2929 3049 2995 3104 de
3016 3049 3192 3104 medio
3212 3049 3488 3115 tolluntur,

1905 3160 2026 3200 cum
2053 3144 2103 3200 id
2129 3144 2270 3215 quod
2295 3143 2656 3214 castigandum
2677 3151 2794 3198 erat
2811 3142 3003 3197 robore
3022 3150 3200 3196 careat
3223 3160 3235 3196 :
3258 3141 3344 3197 hic
3363 3157 3492 3197 vero

1905 3237 2015 3291 sola
2057 3251 2292 3307 puraque
2341 3251 2428 3290 ars
2470 3234 2632 3289 animi
2681 3233 2995 3303 requiritur,
3043 3248 3214 3304 neque
3250 3233 3491 3302 corporis

1906 3327 2216 3384 habitudine
2243 3334 2325 3383 est
2348 3341 2503 3396 Opus,
2528 3335 2584 3380 ut
2603 3325 2765 3381 animi
2791 3325 2957 3380 virtus
2985 3325 3315 3380 exhibeatur.
3348 3323 3486 3392 Quid

1906 3423 2049 3477 enim
2079 3421 2232 3478 nobis
2259 3419 2467 3476 confert
2495 3418 2736 3490 corporis
2775 3416 2937 3473 robur
2956 3457 2971 3482 ,
3002 3426 3058 3472 ut
3088 3432 3156 3472 ne
3181 3425 3491 3487 arrogantes

1906 3513 2093 3579 simus,
2131 3527 2305 3582 neque
2347 3509 2607 3576 iracundi,
2640 3523 2812 3580 neque
2853 3508 3188 3578 petulantes;
3229 3508 3324 3562 sed
3361 3508 3492 3577 vigi-

1907 3606 2112 3670 lantes,
2164 3613 2560 3676 temperantes,
2616 3602 2824 3668 ornati,
2875 3602 3190 3672 ueterisque
3241 3601 3488 3657 omnibus

1910 3698 2118 3769 praediti
2147 3698 2340 3769 quibus
2368 3696 2557 3752 beatus
2585 3693 2782 3750 Paulus
2809 3695 2994 3764 optimi
3022 3692 3316 3757 sacerdotis
3354 3693 3491 3747 ima-

1905 3794 2081 3862 ginem
2108 3792 2259 3846 nobis
2279 3790 2517 3860 depinxit
2547 3789 2623 3860 (1.
2646 3787 2781 3842 Tim.
2807 3787 2860 3841 ὅ.
2889 3786 2970 3858 2).
2999 3786 3192 3842 Verum
3212 3785 3261 3840 id
3285 3784 3352 3840 de
3379 3799 3487 3840 mo-

1907 3884 2064 3939 nachi
2093 3884 2288 3939 virtute
2311 3881 2416 3938 diei
2447 3882 2628 3952 nequit
2655 3897 2669 3935 :
2701 3879 2794 3935 sed
2820 3877 3264 3950 quemadmodum
3292 3877 3375 3940 iis,
3399 3878 3489 3947 qui

1905 3993 1994 4033 res
2021 3975 2308 4047 stupendas
2336 3973 2612 4034 exhibent,
2641 3970 3006 4027 instrumentis
3031 3970 3210 4024 multis
3231 3979 3308 4024 εει
3332 3983 3487 4037 opus,

1906 4071 2142 4142 itemque
2181 4068 2332 4134 rotis,
2367 4066 2615 4122 funiculis
2651 4075 2706 4120 et
2745 4063 2952 4135 gladiis,
2988 4060 3332 4132 philosophus
3362 4073 3491 4114 vero

1907 4172 2071 4218 totam
2110 4164 2163 4217 in
2204 4170 2382 4216 mente
2410 4167 2576 4214 artem
2603 4155 2934 4212 reconditam
2965 4153 3126 4207 habet
3149 4151 3491 4221 externisque

1905 4254 2066 4311 rebus
2091 4268 2198 4307 non
2229 4251 2428 4320 indiget
2459 4267 2472 4302 :
2503 4250 2573 4302 ita
2598 4257 2652 4303 ct
2677 4247 2778 4301 hoc
2803 4246 2920 4300 loco
2946 4258 3006 4299 se
3031 4257 3120 4298 res
3148 4241 3327 4297 habet.
3356 4241 3488 4296 Nam

1904 4344 2197 4402 monachus
2221 4343 2433 4413 quidem
2459 4341 2700 4409 corporis
2737 4337 3100 4394 incolumitate
3123 4349 3259 4405 opus
3286 4333 3482 4401 habet,

1905 4438 2142 4506 itemque
2181 4435 2311 4489 locis
2348 4434 2413 4488 ad
2439 4434 2601 4488 vitam
2647 4430 2786 4485 hanc
2831 4426 3209 4484 instituendam
3253 4425 3484 4490 idoneis,

1903 4539 1964 4583 ut
1991 4542 2162 4597 neque
2189 4526 2345 4580 nimis
2364 4525 2432 4580 ab
2451 4522 2725 4579 hominum
2745 4518 3015 4574 consortio
3033 4527 3290 4584 remotus,
3312 4526 3489 4571 tamen

1905 4618 2206 4676 solitudinis
2250 4617 2484 4688 quietem
2531 4613 2888 4679 nanciscatur,
2918 4610 3240 4680 insuperque
3281 4617 3488 4678 tempe-

1907 4713 2037 4768 ratis
2061 4711 2185 4766 anni
2215 4709 2618 4781 tempestatibus
2644 4721 2750 4762 non
2776 4711 2955 4760 careat
2987 4720 3003 4759 :
3033 4700 3164 4757 nihil
3192 4701 3388 4772 quippe
3411 4701 3492 4757 sic

1908 4805 2239 4861 intolerabile
2281 4803 2352 4870 ei,
2396 4801 2484 4873 qui
2526 4799 2746 4872 jejuniis
2790 4803 3111 4861 maceratur,
3149 4808 3308 4866 quam
3348 4793 3490 4848 acris

1908 4899 2271 4969 intemperies.

1978 4991 2033 5045 ϐ.
2083 4988 2257 5060 Major
2299 4989 2458 5041 virtus
2501 4985 2556 5038 in
2615 4982 2850 5054 episcopo
2882 5017 2899 5046 ,
2947 4993 3099 5050 quam
3144 4975 3199 5029 in
3241 4975 3493 5028 monacho

1906 5079 2196 5150 requiritur.
2235 5107 2309 5120 -—
2346 5077 2464 5133 Non
2502 5075 2691 5144 loquor
2737 5071 2824 5126 hic
2845 5070 2912 5125 de
2949 5068 3175 5124 vestium
3226 5074 3282 5120 et
3318 5065 3494 5119 victus

1907 5181 2161 5242 apparatu
2185 5213 2203 5239 ,
2247 5185 2405 5241 quem
2433 5178 2492 5223 ut
2515 5166 2621 5223 sibi
2660 5161 2907 5220 monachi
2934 5159 3266 5232 suppeditent
3294 5199 3307 5223 ,
3337 5171 3489 5226 mag-

1907 5277 2109 5333 nopere
2153 5261 2433 5327 laborant,
2469 5259 2579 5313 suis
2605 5255 2703 5326 ipsi
2751 5253 2996 5308 manibus
3023 5251 3200 5305 omnia
3246 5248 3490 5304 conferre

1907 5354 2202 5409 studentes.
2250 5350 2512 5407 Sacerdos
2558 5356 2737 5402 autem
2781 5343 2979 5400 nullius
3023 5356 3208 5397 eorum
3236 5341 3288 5394 in
3334 5352 3490 5393 usum

1907 5461 2063 5501 suum
2093 5461 2230 5515 opus
2254 5442 2506 5504 habebit,
2535 5449 2717 5509 utpote
2747 5436 2836 5508 qui
2864 5450 2970 5490 non
2997 5433 3322 5508 peculiarem
3355 5431 3453 5485 sibi
3472 5473 3490 5493 ,

1907 5538 2002 5595 sed
2029 5549 2367 5593 communem
2411 5533 2572 5588 vitam
2607 5532 2771 5588 ducat
2814 5531 2866 5585 in
2895 5529 2960 5584 iis
2984 5527 3165 5591 rebus,
3197 5538 3313 5595 qme
3341 5522 3489 5577 dam-

1909 5646 2036 5686 num
2083 5644 2191 5685 non
2237 5627 2512 5682 aderant:
2561 5633 2829 5694 totamque
2879 5621 3153 5676 scientiam
3200 5617 3253 5671 in
3296 5616 3490 5671 aninnc

1974 5747 1988 5776 ί
2013 5742 2207 5801 Quidam
2228 5747 2356 5800 Mss,
2374 5752 2468 5790 uno
2487 5737 2648 5796 modo,
2672 5735 2770 5801 alii,
2788 5749 2880 5801 toto
2903 5732 3261 5787 mcdicmncnto.

1975 5809 1994 5838 ³
2030 5797 2144 5866 λιιι,
2160 5797 2355 5856 assidua
2369 5801 2576 5864 jejunio,
2601 5801 2647 5851 in
2674 5797 2862 5862 plurali.
