3942 6422
476 378 580 438 683

479 488 739 544 thesautis
790 491 1114 546 reconditam
1175 493 1387 549 habeat.
1442 495 1592 564 Quod
1635 497 1680 550 si
1727 498 1846 567 quis
1889 499 2052 556 vitam

477 578 620 635 illam
664 579 992 647 admiretur,
1022 599 1124 654 qua
1166 587 1286 655 quis
1331 587 1463 641 intra
1503 590 1737 659 seipsum
1785 606 2008 647 manens
2037 635 2053 659 ,

477 669 750 734 hominum
797 678 1122 730 consortium
1173 688 1483 743 aversatur,
1528 696 1628 751 ego
1675 697 1886 752 quoque
1929 684 2058 739 illud

476 765 750 834 sapientia:
777 767 1048 835 specimen
1077 784 1196 823 esse
1221 769 1425 837 fatear;
1457 787 1560 824 non
1607 782 1780 827 tamen
1810 773 2056 829 idoneum

480 865 849 924 argumentum
875 857 1086 912 virtutis
1110 860 1289 914 animi.
1331 860 1460 914 Nam
1486 863 1572 930 qui
1601 863 1652 916 in
1682 873 1833 932 portu
1863 864 1928 918 ad
1957 881 2056 935 gu-

477 943 761 1004 bernacula
797 947 980 1014 sedet,
1022 948 1255 1003 nondum
1285 950 1531 1005 idoneum
1559 953 1689 1007 artis
1714 967 1824 1008 sua:
1847 953 2055 1022 pericu-

480 1034 590 1089 lum
629 1035 748 1094 fecit
778 1056 791 1092 :
823 1054 941 1092 emn
981 1053 1106 1093 vero
1144 1040 1233 1109 qui
1275 1041 1327 1095 in
1365 1042 1542 1095 medio
1569 1043 1774 1113 pelago,
1809 1045 2060 1098 smviente

479 1132 815 1196 tempestate,
843 1143 1036 1184 navem
1062 1131 1270 1201 eripere
1296 1134 1482 1201 potuit,
1513 1150 1671 1188 nemo
1699 1144 1781 1189 est
1812 1137 1936 1206 quin
1965 1151 2060 1205 gu-

478 1216 813 1281 bernatorem
841 1222 1100 1291 Optimum
1129 1222 1291 1282 dicat.

549 1332 604 1386 7.
646 1331 822 1404 Longe
853 1335 1048 1391 diversa
1075 1336 1171 1390 vita
1197 1338 1418 1408 cpismpi
1444 1355 1474 1390 α
1501 1342 1804 1394 monastica.
1827 1371 1896 1380 —
1926 1340 2060 1395 Pro-

478 1425 602 1482 inde
629 1441 728 1481 nec
755 1427 1045 1482 monachus
1083 1428 1367 1484 admodum
1407 1431 1723 1498 laudandus,
1746 1433 1885 1502 quod
1915 1434 2055 1504 apud

477 1533 539 1574 se
574 1519 760 1575 vivens
798 1538 970 1591 neque
1007 1523 1263 1588 turbetur,
1298 1540 1467 1594 neque
1494 1526 1542 1579 in
1572 1527 1732 1580 multa
1762 1543 2060 1598 magnaque

478 1618 695 1677 peccata
737 1611 972 1676 labatur;
1024 1629 1194 1682 neque
1233 1615 1377 1669 enim
1422 1616 1618 1672 adsunt
1658 1634 1777 1688 qute
1825 1620 2060 1673 animant

482 1698 744 1753 lacessant
773 1711 822 1755 et
853 1701 1086 1756 inciti-nt.
1119 1702 1222 1758 Sed
1245 1705 1288 1759 si
1310 1705 1428 1774 quis
1453 1707 1644 1761 sesein
1673 1709 1854 1764 turbas
1877 1709 2059 1780 conje-

477 1791 632 1859 ccrit,
663 1802 716 1846 et
760 1794 1046 1849 multorum
1091 1795 1229 1851 ferre
1271 1808 1484 1866 peccata
1523 1810 1770 1866 coactus,
1812 1801 2062 1858 immous

476 1881 766 1953 ﬁrmusque
813 1887 1096 1946 manserit.
1144 1888 1197 1942 in
1244 1897 1556 1958 tempestate
1596 1892 1747 1962 quasi
1781 1892 2063 1964 tranquillo

478 1980 718 2041 tempore
758 1975 994 2030 animum
1037 1977 1337 2046 gubernans
1366 1994 1539 2046 suum,
1572 1981 1657 2036 hic
1696 1982 1835 2052 apud
1877 1999 2063 2038 omnes

480 2063 664 2131 plausu
703 2073 760 2119 et
794 2064 1142 2121 admiratione
1181 2067 1406 2137 dignus:
1438 2069 1684 2128 idonequ
1726 2073 1920 2144 quippe
1949 2074 2058 2129 vir-

479 2154 606 2208 tutis
634 2169 745 2209 sua:
773 2160 1194 2226 experimentum
1234 2159 1401 2214 dedit.
1443 2160 1522 2217 Ne
1549 2161 1723 2232 itaque
1752 2163 1982 2229 mireris,
2016 2165 2060 2219 si

480 2245 656 2300 forum
697 2248 1090 2317 multorumque
1115 2253 1440 2304 consortium
1470 2251 1750 2322 fugientes,
1781 2265 2061 2309 accusato-

481 2350 567 2389 res
598 2339 792 2394 multos
821 2355 926 2394 non
954 2340 1242 2395 habeamus
1273 2359 1285 2393 :
1315 2357 1487 2412 neque
1525 2342 1664 2398 enim
1707 2344 1751 2398 si
1790 2344 2063 2400 dormiens

481 2441 586 2480 non
625 2443 919 2498 peeearem,
959 2441 1050 2486 aut
1087 2447 1190 2488 non
1222 2433 1514 2489 colluctaus
1538 2451 1640 2489 non
1672 2435 1940 2502 caderem,
1971 2447 2064 2492 aut

480 2536 584 2574 non
611 2535 845 2589 pugnans
874 2538 978 2577 non
1007 2523 1212 2587 ferirer,
1235 2525 1352 2580 ideo
1383 2526 1564 2580 mirari
1587 2536 1878 2596 oporteret.
1908 2529 2058 2596 Quis,

479 2625 690 2676 (pueso,
735 2614 854 2681 quis
898 2614 1287 2684 improbitatem
1334 2633 1505 2672 meam
1547 2619 1800 2688 revelare,
1829 2621 2062 2690 poterit?

477 2717 546 2758 an
589 2712 803 2768 tectum,
841 2721 907 2761 an
949 2708 1128 2762 cedes?
1167 2709 1234 2762 At
1269 2723 1337 2764 ne
1363 2724 1546 2764 vocem
1571 2709 1784 2780 quidem
1815 2712 2061 2768 emittere

481 2796 703 2864 possint.
748 2799 830 2852 Au
872 2809 1042 2854 mater
1071 2801 1275 2870 potius,
1315 2803 1396 2855 cui
1433 2817 1521 2856 res
1546 2817 1735 2859 omnes
1758 2819 1892 2859 mea:
1922 2814 2062 2859 nota:

477 2888 635 2942 sunt?
679 2890 746 2943 At
781 2905 846 2946 ne
873 2906 992 2945 cum
1033 2893 1118 2946 illa
1158 2893 1370 2964 quidem
1415 2894 1545 2949 mihi
1585 2895 1910 2951 consortium
1957 2905 2057 2963 est,

480 2993 652 3047 neque
682 2979 819 3034 inter
851 2996 946 3036 nos
973 2982 1076 3036 ulla
1108 2999 1357 3053 umquam
1389 2984 1501 3038 rixa
1527 2986 1743 3040 subortu
1769 2995 1850 3042 est
1878 3005 1892 3042 :
1917 2987 2060 3058 quod

475 3071 682 3127 etiamsi
708 3073 988 3128 accidiSset
1007 3117 1022 3141 ,
1054 3076 1192 3129 nulla
1233 3085 1402 3130 mater
1429 3078 1507 3132 sic
1535 3079 1733 3132 amoris
1759 3089 1811 3134 et
1841 3079 2060 3135 affectus

474 3178 596 3229 erga
629 3165 827 3232 prolem
856 3181 1052 3235 expers
1083 3167 1259 3232 fuerit,
1292 3178 1352 3222 ut
1378 3184 1533 3238 quem
1574 3170 1869 3238 parturivit,
1902 3185 2064 3241 pepe-

477 3260 559 3318 r.t,
587 3256 850 3318 educavit,
876 3260 1014 3312 nulla
1045 3259 1346 3330 impellente
1366 3277 1522 3316 causa
1547 3262 1794 3332 nulloque
1813 3272 2057 3334 cogente,

473 3356 688 3402 accuset
732 3357 889 3419 atque
931 3351 1242 3406 criminetur
1283 3352 1420 3421 apud
1458 3368 1666 3409 omnes.
1712 3354 1841 3408 Nam
1873 3355 1915 3408 si
1941 3353 2060 3424 quis

473 3437 705 3504 alioquin
745 3437 882 3493 hanc
920 3441 1151 3494 animam
1187 3453 1422 3496 nostram
1457 3444 1737 3514 dil’genter
1779 3446 2061 3514 explorare

476 3526 724 3590 voluerit,
753 3528 892 3581 mala
929 3529 1091 3582 nmlta
1138 3531 1386 3600 reperiet,
1417 3531 1635 3602 ipseque
1676 3548 1778 3587 non
1823 3534 2056 3604 ignoras,

476 3615 565 3684 qui
606 3617 835 3672 maxime
877 3619 1114 3674 omnium
1160 3637 1256 3676 nos
1301 3621 1542 3678 laudibus
1586 3627 1727 3693 apud
1783 3626 2060 3680 universos

473 3708 665 3763 ciferre
703 3709 864 3764 soles.
910 3711 1060 3776 Quod
1103 3724 1278 3768 autem
1323 3729 1425 3769 non
1467 3716 1740 3770 modestia:
1777 3731 1936 3773 causa
1983 3719 2060 3773 sic

471 3799 680 3867 loquar,
729 3801 1010 3858 recordare
1054 3805 1261 3873 quoties
1305 3805 1396 3859 tibi
1437 3805 1682 3872 dixerim,
1738 3822 1857 3862 cum
1916 3808 2056 3863 idem

473 3905 652 3943 sermo
675 3905 817 3958 smpe
849 3893 982 3947 inter
1012 3909 1109 3948 nos
1138 3895 1412 3962 incideret,
1441 3897 1482 3950 si
1507 3899 1650 3968 optio
1667 3899 1794 3953 mihi
1815 3899 2054 3965 daretur,

475 3984 686 4037 ubinam
711 3986 878 4054 magis
898 3986 1266 4055 splendescere
1279 3989 1486 4056 vellem,
1508 3991 1558 4044 in
1584 3989 1904 4047 Ecclesiame
1921 4009 2060 4062 pra:-

473 4074 696 4136 fectura,
725 4091 790 4129 an
817 4075 868 4130 in
901 4079 1191 4132 monastica
1219 4081 1344 4146 vita,
1376 4096 1463 4135 me
1489 4082 1633 4149 prius
1663 4081 1786 4136 illud
1814 4083 1934 4136 vita:
1962 4098 2058 4153 ge-

473 4180 573 4218 nus
602 4167 747 4220 mille
771 4167 985 4222 calculis
1013 4171 1432 4238 antepositurnm
1461 4189 1474 4225 :
1504 4187 1678 4241 neque
1711 4173 1853 4226 enim
1897 4172 2056 4227 tinem

471 4255 723 4312 faciebam
775 4273 1020 4329 umquam
1067 4275 1160 4314 eos
1205 4261 1344 4328 apud
1388 4269 1440 4316 te
1476 4262 1820 4332 suspiciendi,
1851 4264 1941 4333 qui
1971 4263 2058 4316 illo

471 4349 767 4408 ministerio
813 4353 977 4420 probe
1026 4353 1169 4423 fungi
1219 4363 1454 4423 possent.
1518 4354 1887 4422 Quodautem
1929 4356 2056 4411 illud

469 4441 607 4508 quod
638 4442 766 4496 tanti
791 4442 1043 4497 faciebam
1067 4458 1170 4497 non
1193 4444 1552 4502 deelinaturus
1574 4444 1812 4512 fuissem,
1832 4446 1873 4498 si
1898 4447 2058 4501 modo

474 4531 574 4584 rite
599 4532 1022 4586 administrando
1053 4549 1148 4601 par
1175 4535 1415 4603 fuissem,
1444 4553 1602 4593 nemo
1629 4539 1921 4608 negaverit.
1957 4539 2058 4594 Ve-

472 4637 587 4674 rum
610 4623 734 4691 quid
766 4623 986 4679 faciam?
1029 4625 1168 4680 Nihil
1196 4627 1338 4681 enim
1367 4628 1542 4684 minus
1565 4638 1746 4699 aptum
1774 4629 1839 4683 ad
1867 4630 2056 4684 Eccle-

470 4713 564 4768 sia:
593 4715 982 4784 prurfecturam,
1007 4733 1163 4785 quam
1195 4720 1436 4773 socordia
1465 4730 1518 4775 et
1543 4721 1761 4784 incuria,
1787 4737 1946 4792 quam
1966 4723 2054 4776 alii

470 4812 905 4865 exercitationem
946 4813 1230 4882 quamdam
1259 4814 1623 4870 admirabilem
1665 4830 1784 4870 esse
1823 4823 2050 4884 putant:

469 4917 568 4970 ego
596 4919 719 4957 vero
751 4903 894 4956 illam
917 4919 1012 4958 ceu
1042 4904 1281 4958 velamen
1314 4905 1535 4976 ignavia:
1564 4921 1698 4962 mea:
1728 4905 1920 4971 habeo,
1948 4921 2052 4976 qua

468 4991 771 5048 defectuum
803 5009 1044 5049 meorum
1087 5005 1288 5064 partem
1328 4995 1614 5051 maximam
1639 4997 1850 5068 obtego,
1883 5011 2055 5066 neque

469 5099 590 5138 sese
628 5085 854 5154 prodere
893 5085 1082 5154 patior.
1125 5085 1257 5140 Nam
1284 5087 1370 5156 qui
1400 5095 1545 5140 tanto
1569 5096 1651 5141 est
1677 5087 1785 5140 etio
1815 5098 1868 5143 et
1894 5096 2055 5141 tanta:

466 5178 629 5244 quieti
667 5186 932 5241 aSsuetus,
971 5177 1310 5248 quantumvis
1347 5193 1534 5248 magna
1569 5179 1640 5234 sit
1681 5179 1932 5248 praeditus
1968 5180 2050 5234 in-

467 5266 615 5333 dole,
643 5269 844 5335 peritia:
869 5267 1079 5323 defectu
1105 5269 1282 5324 statim
1307 5269 1646 5338 perturbatur
1663 5278 1718 5323 et
1737 5271 1967 5339 angitur,
1991 5283 2054 5324 ac

471 5372 576 5417 non
605 5358 876 5424 minimam
900 5360 1108 5414 virtutis
1127 5360 1242 5430 ejus
1266 5369 1468 5429 partem
1493 5368 1693 5415 resecat
1720 5360 2056 5415 exercitatio-

471 5449 552 5513 nis
597 5448 793 5518 inopia.
839 5449 969 5503 Cum
1008 5457 1184 5505 autem
1224 5452 1381 5506 simul
1412 5462 1465 5506 et
1493 5451 1739 5506 tardioris
1771 5451 1966 5522 ingenii
1998 5461 2053 5507 et

470 5538 752 5592 verbormn
799 5542 1258 5612 certaminumque
1301 5543 1600 5612 hujusmodi
1642 5559 1834 5613 expers
1869 5543 2048 5609 fuerit,

469 5646 587 5700 qua:
613 5646 740 5690 smne
764 5643 940 5691 nostra
967 5634 1201 5688 conditio
1225 5644 1305 5690 est
1326 5677 1341 5702 ,
1376 5650 1406 5689 a
1447 5635 1708 5704 lapidibus
1736 5636 1864 5690 nihil
1893 5635 2049 5692 diffe-

473 5733 576 5786 ret,
598 5723 641 5775 si
677 5723 809 5788 hanc
834 5726 1084 5805 suscipiat
1109 5727 1642 5783 administrationem.
1684 5727 2044 5795 Quamobrem

473 5814 619 5889 pauci
646 5813 928 5875 admodum
955 5825 1096 5884 sum,
1127 5818 1215 5889 qui
1242 5834 1305 5879 ex
1336 5818 1577 5889 palaestra
1605 5819 1692 5874 illa
1719 5819 1769 5874 in
1799 5818 1912 5875 hate
1930 5834 2044 5875 cer-

1182 381 1240 438 S.
1269 383 1547 441 JOANNIS
1586 385 2063 443 CIIRYSOSTOMI
2101 387 2421 445 ARCHIEP.
2461 345 3000 447 CONSTANTINOP.

3681 393 3788 451 686

2167 503 2361 557 tantine
2381 501 2708 558 descendant
2736 520 2749 557 :
2777 519 2844 558 ex
2873 505 2934 557 iis
2955 518 3082 560 vero
3102 519 3237 574 com]
3257 504 3419 559 iures
3442 519 3578 559 sese
3601 509 3794 576 quales

2161 595 2268 649 sint
2297 595 2543 663 produnt,
2573 595 2751 649 animo
2772 597 3081 660 concidunt,
3114 613 3307 668 resque
3346 608 3409 654 et
3452 600 3709 671 ingratas
3736 613 3791 658 et

2161 686 2380 741 acerbas
2405 687 2542 742 ferre
2568 696 2848 756 coguntur.
2897 688 3083 757 Neque
3123 689 3173 744 id
3217 691 3423 745 mirutn
3461 692 3792 749 iusolensve

2163 790 2263 834 est.
2292 779 2421 833 Cum
2443 779 2584 834 enim
2613 781 2902 834 certamina
2930 782 3464 852 exercitationesque
3499 800 3613 838 non
3641 786 3788 841 circa

2163 886 2250 924 res
2275 871 2460 926 solitas
2491 880 2772 925 versantur
2793 913 2809 935 ,
2843 881 2953 926 tum
2987 872 3030 926 is
3055 873 3143 943 qui
3171 873 3428 928 decertat
3459 873 3536 928 ab
3566 875 3788 929 inexer-

2162 961 2336 1016 citatis
2387 961 2512 1015 nihil
2555 963 2751 1016 diﬂ'ert.
2815 963 3047 1018 Gloriam
3103 965 3154 1019 in
3207 966 3405 1034 primis
3463 977 3790 1025 contemnat

2163 1061 2371 1120 oportet
2408 1053 2470 1116 is,
2499 1054 2584 1122 qui
2617 1055 2666 1108 in
2693 1053 2793 1108 hoc
2819 1055 3047 1108 stadium
3076 1055 3386 1123 descendit,
3415 1058 3499 1112 ira
3533 1061 3787 1130 snperior

2163 1147 2251 1209 sit,
2277 1160 2372 1214 pru
2394 1145 2550 1199 lentia
2578 1147 2764 1216 plenus
2787 1148 2986 1210 multa;
3019 1147 3140 1202 huic
3165 1159 3346 1202 autem
3381 1150 3480 1220 qui
3518 1153 3784 1205 monasti-

2164 1250 2280 1290 cam
2321 1236 2660 1306 amplectitur
2695 1239 2880 1302 vitam,
2916 1241 3056 1292 nulla
3097 1242 3522 1296 exercitationis
3567 1245 3785 1298 occasio

2167 1328 2480 1396 proponitur
2508 1345 2520 1382 :
2549 1345 2721 1399 neque
2751 1329 2893 1384 enim
2928 1330 3124 1385 adsunt
3163 1332 3318 1386 multi
3342 1374 3360 1397 ,
3393 1333 3495 1402 qui
3537 1332 3694 1393 illum
3718 1334 3782 1389 ad

2166 1416 2296 1470 iram
2335 1419 2632 1482 concitent,
2662 1430 2718 1475 ut
2753 1420 2845 1476 ira:
2871 1420 2973 1474 vim
3012 1437 3261 1478 coercere
3289 1423 3526 1478 studeat
3567 1442 3582 1478 :
3613 1439 3782 1496 neque

2162 1508 2252 1576 qui
2295 1507 2442 1562 itlttm
2469 1508 2745 1575 mirentur,
2785 1510 2991 1580 ipsique
3033 1512 3304 1581 plaudunt,
3342 1522 3410 1567 ut
3458 1513 3778 1583 popularem

2164 1613 2346 1653 auram
2395 1601 2662 1670 respicere
2703 1603 2917 1658 discat:
2956 1605 3249 1672 prudentiae
3283 1613 3507 1671 autem,
3559 1623 3682 1676 qua:
3727 1608 3776 1664 in

2169 1688 2404 1743 Ecclesia
2446 1690 2863 1748 administranda
2903 1695 3193 1764 requiritur
3214 1739 3228 1761 ,
3259 1712 3371 1750 non
3406 1713 3613 1767 magna
3642 1698 3777 1767 apud

2167 1778 2285 1832 illos
2315 1796 2440 1835 cura
2468 1781 2710 1838 habetur.
2767 1785 2896 1840 Cum
2925 1786 3086 1856 igitur
3109 1786 3175 1841 ad
3200 1789 3514 1843 certamina
3546 1789 3774 1844 descen-

2164 1869 2378 1938 derint,
2429 1888 2653 1943 quorum
2698 1876 2898 1930 nullum
2941 1887 3099 1933 antea
3151 1879 3456 1947 periculum
3506 1880 3770 1947 fecerunt,

2167 1959 2391 2029 luerent,
2414 1963 2672 2034 vertigine
2693 1974 2746 2020 et
2768 1966 2976 2021 consilii
3007 1967 3182 2037 inopia
3210 1968 3471 2023 laborant
3496 1988 3510 2024 :
3536 1985 3602 2025 ac
3633 1987 3767 2040 pra:-

2168 2059 2404 2122 terquam
2425 2055 2566 2124 quod
2587 2053 2654 2109 ad
2676 2055 2924 2111 virtutem
2947 2058 3146 2112 nullum
3169 2073 3532 2129 progressum
3551 2061 3769 2125 faciunt,

2166 2144 2326 2198 etiam
2356 2159 2564 2211 eorum,
2595 2161 2716 2217 qua:
2748 2147 2895 2218 prius
2924 2149 3210 2219 habebant,
3239 2151 3574 2223 plerumque
3594 2152 3766 2223 jactu-

2167 2251 2278 2290 ram
2308 2236 2521 2291 faciunt.

2237 2329 2290 2384 8.
2328 2329 2553 2385 Facilior
2575 2331 2676 2385 vita
2709 2334 2942 2387 monachi
2987 2351 3138 2403 quam
3167 2336 3475 2390 sacerdotis.
3524 2367 3596 2376 —
3633 2335 3758 2390 Tum

2169 2420 2472 2477 BASILIUS
2501 2440 2514 2476 :
2543 2423 2679 2492 Quid
2707 2426 2908 2495 igitur?
2936 2442 3140 2494 aneos,
3173 2429 3258 2498 qui
3290 2429 3344 2482 in
3375 2429 3566 2484 medio
3589 2445 3758 2484 rerum

2165 2524 2457 2576 versantur,
2493 2516 2581 2586 qui
2611 2517 2678 2572 de
2707 2517 3052 2573 smcularibus
3076 2520 3300 2591 negotiis
3323 2536 3518 2577 curam
3550 2534 3754 2592 gemat,

2167 2606 2254 2675 qui
2283 2606 2332 2660 in
2364 2607 2497 2660 rixis
2523 2616 2577 2662 et
2607 2609 2868 2662 conviciis
2898 2619 3108 2665 aetatem
3137 2612 3544 2679 contriverunt,
3571 2613 3658 2682 qui
3684 2612 3757 2666 in-

2165 2699 2306 2768 genti
2335 2699 2653 2756 dexteritate
2688 2701 2828 2771 pleni
2872 2711 3028 2769 sunt,
3059 2703 3150 2773 qui
3180 2703 3396 2759 deliciis
3435 2719 3745 2767 assucvcm,

2168 2790 2417 2845 Ecclesia:
2471 2793 2710 2861 regimini
2763 2793 3151 2862 pruriiciemns?
3179 2795 3571 2851 CHRYSOST.
3618 2795 3748 2850 Bona

2167 2884 2325 2939 verba
2353 2925 2367 2949 ,
2396 2900 2578 2954 quteso
2601 2929 2615 2952 ,
2645 2900 2679 2940 0
2705 2887 2784 2940 vir
2814 2887 2987 2942 beate.
3020 2886 3083 2942 lii
3111 2887 3308 2958 quippe
3341 2903 3414 2943 ne
3441 2890 3494 2942 in
3527 2897 3745 2942 mentem

2163 2974 2376 3044 quidem
2405 2977 2584 3031 venire
2608 2975 2848 3042 debent,
2893 2991 3015 3032 cum
3060 2977 3129 3034 de
3169 2980 3518 3034 sacerdotum
3547 2978 3746 3033 delectu

2163 3067 2366 3135 agitur;
2399 3066 2492 3121 sed
2519 3067 2563 3121 si
2588 3068 2706 3136 quis
2727 3068 2778 3121 in
2804 3069 3040 3123 omnium
3068 3071 3346 3125 consortio
3375 3080 3433 3126 et
3459 3069 3741 3126 contuber-

2165 3157 2255 3212 nio
2303 3158 2470 3227 possit
2514 3160 2817 3227 puritatem,
2843 3159 3278 3230 tranquillitatem
3314 3201 3331 3227 ,
3364 3160 3698 3216 sanctitatem
3724 3197 3738 3220 ,

2167 3251 2472 3319 patientiam
2499 3259 2552 3305 ct
2573 3251 2932 3318 sobrietatem,
2965 3268 3170 3307 necnon
3201 3253 3303 3307 alia
3331 3270 3455 3324 qua:
3481 3250 3742 3308 monachis

2167 3345 2346 3400 insunt
2375 3345 2531 3405 bona.
2565 3346 2878 3401 intemerata
2911 3355 2966 3400 et
2996 3347 3312 3401 inconcussa
3355 3347 3528 3417 magis
3549 3388 3563 3412 ,
3595 3359 3740 3414 quam

2163 3438 2408 3494 monachi
2451 3439 2547 3508 ipsi
2593 3453 2826 3494 servare.
2867 3438 3304 3508 Quandoquidem
3337 3440 3382 3492 is
3413 3481 3428 3505 ,
3476 3438 3566 3508 qui
3615 3435 3741 3490 \itiis

2165 3531 2342 3584 multis
2371 3530 2572 3584 laborat
2608 3573 2622 3597 ,
2657 3546 2774 3584 cum
2803 3537 2972 3600 possit
2998 3530 3082 3583 illa
3113 3531 3164 3584 in
3191 3529 3490 3584 Solitudine
3531 3537 3698 3596 tegere
3723 3566 3737 3587 ,

2162 3635 2456 3692 curareque
2486 3637 2553 3676 ne
2584 3623 2634 3675 in
2657 3637 2789 3691 opus
2817 3631 3118 3691 erumpant,
3137 3621 3178 3674 si
3210 3636 3330 3675 cum
3365 3621 3513 3675 nullo
3537 3632 3738 3674 consor-

2167 3715 2294 3767 tium
2325 3714 2548 3779 habeat;
2579 3715 2643 3776 is,
2670 3714 2904 3785 inquam,
2928 3715 2971 3768 si
3005 3715 3056 3768 in
3085 3714 3314 3769 medium
3346 3712 3586 3783 prodeat,
3617 3705 3734 3767 nihil

2160 3804 2301 3858 aliud
2335 3805 2640 3870 lucrabitur,
2670 3805 2768 3861 nisi
2801 3814 2858 3859 ut
2883 3805 3228 3860 deridendmn
3253 3819 3312 3859 se
3343 3803 3606 3874 prepinet,
3633 3812 3734 3855 ma-

2159 3896 2345 3964 gisque
2376 3896 2790 3964 periclitabitur;
2822 3895 2964 3966 quod
3001 3895 3152 3949 nobis
3183 3893 3574 3965 propemodum
3601 3887 3729 3944 acci-

2163 3988 2351 4054 disset,
2376 3989 2477 4042 nisi
2502 3988 2592 4042 Dei
2624 3987 2950 4056 providentia
2993 3988 3167 4058 ignem
3197 4003 3226 4041 a
3252 3989 3432 4057 capite
3459 3993 3637 4040 nostro
3660 3981 3731 4034 ci-

2163 4078 2265 4133 tius
2291 4079 2575 4148 abegisset.
2604 4077 2787 4147 Neque
2813 4079 2954 4132 enim
2982 4078 3070 4148 qui
3101 4079 3180 4132 sic
3205 4077 3430 4132 affectus
3466 4083 3551 4130 est
3577 4074 3726 4127 latere

2165 4179 2336 4239 potest
2363 4211 2378 4236 ,
2412 4170 2583 4239 palam
2605 4171 2958 4236 constitutus,
3006 4169 3098 4225 sed
3129 4171 3216 4240 qui
3249 4171 3320 4225 sit
3347 4169 3526 4224 statim
3556 4165 3728 4233 depre-

2163 4261 2434 4316 henditur.
2455 4261 2531 4316 Ac
2547 4260 2992 4332 quemadmodum
3019 4262 3313 4316 metallieas
3336 4259 3584 4315 materias
3605 4252 3724 4324 ignis

2162 4354 2369 4424 prohat,
2399 4353 2479 4409 sic
2502 4354 2630 4408 cieri
2660 4353 2899 4422 probatio
2925 4352 3188 4408 humanos
3213 4353 3473 4413 discernit
3510 4350 3718 4404 animos.

2160 4448 2237 4500 Ac
2267 4446 2310 4500 si
2341 4445 2462 4515 quis
2492 4445 2796 4511 iracundus,
2823 4445 2870 4501 si
2898 4446 3140 4516 ignavus,
3163 4445 3207 4500 si
3235 4461 3388 4499 vana:
3422 4442 3601 4516 gloria:
3637 4451 3716 4491 cu-

2161 4537 2335 4607 pidus,
2360 4538 2403 4591 si
2431 4552 2707 4608 arrogans,
2735 4539 2846 4592 sive
2868 4539 2974 4592 alio
2999 4539 3246 4609 quopiam
3277 4539 3466 4593 morbo
3487 4536 3554 4590 sit
3578 4529 3716 4584 affec-

2162 4637 2267 4693 tus,
2290 4627 2469 4681 omnia
2501 4629 2686 4697 retegit
2707 4669 2722 4692 ,
2757 4627 2993 4696 vitiaque
3022 4643 3114 4681 sua
3144 4627 3383 4682 revelat:
3417 4639 3512 4680 nec
3535 4618 3715 4677 revelat

2161 4728 2386 4783 tantum,
2417 4719 2510 4774 sed
2530 4720 2771 4789 graviora
2793 4730 2846 4774 et
2865 4719 3158 4774 valentiora
3179 4717 3360 4772 efﬁcit.
3387 4714 3587 4770 Etenim
3607 4721 3716 4764 cor-

2161 4813 2303 4882 poris
2329 4813 2548 4868 vulnera
2581 4853 2597 4878 ,
2625 4811 2804 4866 attrita
2831 4853 2847 4878 ,
2896 4820 3084 4864 curato
3129 4810 3424 4864 difﬁciliora
3468 4803 3712 4861 evadunt:

2161 4905 2393 4975 itemque
2421 4905 2580 4959 animi
2608 4905 2798 4970 morbi,
2826 4905 2868 4958 si
2899 4903 3153 4972 perfrices
3179 4903 3476 4973 irritcsque,
3509 4907 3711 4959 exasl‘c'

2160 4998 2264 5052 rari
2311 5005 2700 5051 consueverunt
2732 5037 2748 5062 ,
2783 4995 2992 5064 illisque
3017 5004 3294 5063 correptos
3328 4995 3472 5062 plura
3508 4993 3709 5078 peccare

2157 5096 2369 5158 cogunt.
2403 5087 2530 5141 Nam
2557 5087 2621 5140 ad
2647 5085 2832 5156 gloria:
2876 5084 3179 5154 cupidinem
3225 5083 3449 5138 etfcrunt
3475 5083 3705 5172 culmum

2157 5181 2258 5235 sibi
2286 5195 2389 5233 non
2413 5179 2656 5241 attendit,
2690 5191 2895 5231 necnon
2923 5177 2986 5230 ad
3017 5175 3370 5245 arrogantiam
3392 5185 3443 5227 et
3475 5174 3700 5260 pecutllf‘

2156 5287 2272 5326 rum
2291 5269 2654 5339 cupiditatem,
2686 5268 2737 5321 in
2772 5267 2993 5322 delicias
3026 5281 3238 5335 quoque
3279 5261 3616 5335 pertrahunt,
3660 5261 3703 5301 ιη

2156 5364 2450 5435 ignaviam,
2508 5362 2559 5415 in
2611 5361 2918 5430 segnitiem,
2953 5358 3311 5431 paulatimque
3340 5355 3401 5409 ad
3433 5347 3664 5438 ulteriora
3683 5377 3695 5399 ,

2155 5430 2274 5523 qua:
2302 5453 2370 5507 ab
2399 5452 2500 5506 illis
2528 5452 2836 5522 gignuntur,
2869 5430 3026 5503 maia.
3061 5447 3223 5502 Multa
3254 5447 3443 5516 quippe
3469 5441 3515 5494 in
3545 5430 3696 5489 medio

2156 5554 2298 5612 sunt,
2329 5558 2448 5613 qua:
2475 5543 2678 5612 possint
2707 5540 2898 5595 anima:
2923 5537 3244 5609 diligentiam
3267 5537 3487 5592 solvere.
3519 5527 3694 5613 ῘΡ⁵¹Ψ¹⁶

2154 5651 2259 5705 que
2286 5609 2546 5688 ad'Deum
2570 5646 2784 5687 cursum
2815 5631 3005 5686 sistere
3043 5648 3055 5682 :
3084 5637 3243 5698 atque
3271 5628 3322 5681 in
3351 5619 3521 5694 primis
3551 5609 3692 5709 collo-

2151 5727 2274 5798 quia
2297 5741 2418 5783 cum
2437 5717 2766 5787 mulieribus.
2789 5723 2971 5794 Neque
2990 5731 3162 5792 potest
3178 5721 3399 5778 antistes
3420 5757 3433 5780 ,
3450 5709 3528 5781 qui
3555 5710 3690 5758 totum

2155 5819 2329 5891 gregis
2363 5834 2541 5876 curam
2574 5817 2812 5889 suscipit,
2843 5817 2973 5872 viris
3001 5824 3204 5872 tantum
3232 5806 3473 5870 curandis
3499 5803 3682 5872 opem”
