3942 6386
96 362 179 420 683
1329 365 1419 423 DE
1461 368 1922 429 SACERDOTIO.
1963 371 2098 442 LIB,
2137 370 2228 429 Vl.

94 478 553 552 λίκέκτρέπεσθαι
598 481 900 553 θαυμάζοι,
938 482 1039 554 τῆς
1088 483 1391 555 καρτερίας
1423 486 1523 556 μὲν
1562 488 1725 543 τοῦτο

91 570 250 638 δεῖγμα
291 569 381 623 καὶ
401 570 572 635 αὐτὸς
602 566 740 625 εἶναι
788 571 950 641 φαίην
985 570 1074 636 ἀν,
1117 572 1179 624 ού
1214 572 1324 644 μὴν
1367 573 1592 647 ἁπάσης
1621 577 1725 648 τῆς

93 658 297 729 ἀνδρείας
317 657 417 728 τῆς
441 659 503 711 ἐν
526 663 600 731 τῇ
624 660 764 731 ψυχῇ
808 662 1107 732 τεκμήριον
1139 661 1347 718 ἱκανόν.
1389 662 1449 717 Ὀ
1486 664 1587 735 μὲν
1615 665 1727 738 γάρ

95 750 191 801 εἴσω
213 744 433 816 λιμένων
465 747 563 800 ἐπὶ
588 748 697 800 τῶν
723 747 923 803 οἰάκων
958 749 1290 820 καθήμενος,
1318 748 1475 805 οῦπω
1509 752 1611 822 τῆς
1632 753 1728 807 τέ-

96 854 193 907 χνης
217 836 407 908 ἀκριϐῆ
437 837 631 892 δίδωσι
664 837 926 908 βάσανον·
959 838 1053 892 τὸν
1080 839 1137 893 δὲ
1175 840 1235 893 ἐν
1270 839 1421 912 μέσῳ
1452 841 1531 912 τῷ
1562 843 1728 897 πελά-

3410 368 3516 427 εει

1829 490 2051 553 τούτους
2083 488 2257 557 ὀλίγοι
2299 487 2709 559 διαφαίνονται⁶
2758 486 2811 541 οἰ
2857 484 2917 540 δὲ
2950 482 3166 548 πλείους
3204 483 3518 551 ἐλέγχονται

1828 578 1923 631 καὶ
1951 577 2376 639 καταπίπτουσι,
2404 576 2501 630 καὶ
2528 575 2834 648 πράγματα
2858 571 3226 643 ὑπομένουσιν
3253 571 3393 644 ἀηδῆ
3422 579 3518 625 και

1827 665 2061 738 χαλεπά.
2085 663 2195 717 Καὶ
2221 663 2372 717 οὐδὲν
2394 662 2647 726 ἀπεικός.
2679 663 2849 716 Ὅταν
2881 660 2989 732 γάρ
3015 659 3090 731 μή
3117 660 3248 731 περὶ
3277 658 3385 712 τῶν
3416 658 3519 712 αύο

1826 754 1935 809 τῶν
1964 755 2019 809 οῖ
2051 772 2112 812 τε
2141 753 2354 823 ἀγῶνες
2391 747 2495 807 ὦσι
2541 753 2639 808 καὶ
2675 752 2746 806 τά
2779 751 3084 823 γυμνάσια,
3126 749 3235 803 τῶν
3269 748 3523 819 ἀγυμνά-

1829 860 1971 897 στων
2010 843 2040 896 ὁ
2075 842 2482 913 ἀγωνιζόμενος
2525 841 2678 895 οὐδὲν
2726 841 3026 912 διενήνοχε.
3071 837 3243 909 Δόξης
3282 837 3522 909 μάλιστα

95 941 157 992 γει
185 924 266 978 καὶ
286 922 361 995 τῷ
399 925 638 995 χειμῶνι
667 926 961 997 δυνηθέντα
987 926 1254 982 διασῶσαι
1286 928 1349 981 τὸ
1376 928 1608 999 σκάφος,
1638 931 1728 984 οὐ·
1754 932 1804 986 υ
1827 930 1910 984 δεῖ
1956 933 2318 1002 καταφρονεῖν
2364 930 2455 983 τὸν
2497 929 2579 993 είς
2620 928 2782 983 τοῦτο
2830 928 3127 1001 ἐρχόμενον
3172 925 3234 980 τὸ
3280 925 3519 1009 στάδιον,

91 1014 172 1076 δεῖς
198 1013 332 1075 ὅστις
372 1014 476 1065 οὐκ
511 1012 583 1067 ἀν
621 1009 755 1069 εἶναι
794 1013 927 1086 φαίη
981 1013 1323 1087 κυϐερνήτην
1366 1015 1609 1089 ἄριστον.

142 1099 192 1164 ζ’.
219 1099 284 1152 υύ
298 1098 478 1153 τοίνυν
498 1103 638 1172 ἡμῖν
650 1100 770 1155 οὐδὲ
784 1101 878 1156 τὸν
896 1103 1129 1174 μοναχὸν
1146 1102 1489 1174 θαυμαστέον
1509 1116 1534 1145 ι
1555 1103 1622 1159 ἀν
1639 1103 1726 1177 εἴη

91 1186 181 1243 λίαν
198 1189 281 1241 καὶ
301 1189 417 1258 μεθ’
443 1189 775 1262 ὑπερϐολῆς,
803 1191 886 1244 ὅτι
906 1190 1083 1262 μένων
1106 1192 1190 1260 ἐφ’
1209 1191 1406 1245 ἐαυτοῦ
1429 1192 1488 1245 οὐ
1519 1193 1726 1265 ταράτ-

94 1292 219 1338 τεται,
243 1276 357 1330 οὐδὲ
373 1276 741 1349 διαμαρτάνει
768 1278 940 1331 πολλά
964 1278 1061 1332 κα)⁵
1088 1278 1299 1350 μεγάλα
1328 1280 1548 1352 ἀμαρτή
1558 1296 1724 1350 ματαο

96 1363 180 1418 οὐδέ
200 1363 301 1436 γὰρ
318 1364 433 1436 ἔχει
459 1364 534 1419 τά
566 1367 975 1438 παρακνίζοντα
1004 1366 1099 1422 καὶ
1129 1366 1468 1438 διεγείροντα
1503 1366 1603 1438 τὴν
1626 1367 1728 1438 ψυ-

99 1453 182 1522 χήν.
223 1450 352 1503 Ἀλλ’
371 1450 539 1516 εἴτις
567 1452 831 1525 πλήθεσιν
869 1453 1013 1517 ὅλοις
1042 1454 1234 1507 ἐαυτὸν
1264 1452 1605 1520 ἐνδεδωκὼς,
1634 1456 1729 1510 καὶ

97 1539 165 1603 1‘1;
187 1538 284 1594 τῶν
316 1538 532 1594 πολλῶν
565 1540 757 1612 φέρειν
783 1542 1059 1615 ἀμαρτίας
1092 1541 1489 1611 ἀναγκασθεὶς,
1515 1540 1729 1613 ἔμεινεν

96 1627 270 1698 ἀκλινὴς
290 1628 382 1682 καὶ
410 1630 677 1702 στερρὸς,
710 1630 902 1704 ὥσπερ
927 1632 986 1686 ἐν
1016 1630 1227 1704 γαλήνῃ
1257 1629 1337 1701 τῷ
1369 1629 1603 1701 χειμῶνι
1629 1629 1729 1702 τὴν

95 1714 226 1787 ψυχήν
249 1716 645 1788 διακυϐερνῶν,
676 1713 831 1784 οὗτος
864 1718 1182 1792 κροτεῖσθαι
1216 1718 1313 1773 καὶ
1346 1716 1729 1789 θαυμάζεσθαι

97 1804 209 1875 παρά
236 1802 445 1859 πάντων
495 1805 568 1860 ἂν
601 1808 687 1878 εἴη
718 1806 965 1871 δίκαιος⁹
1002 1806 1194 1877 ἱκανὴν
1223 1806 1333 1879 γὰρ
1379 1806 1482 1878 τῆς
1522 1806 1730 1869 οἰκείας

99 1892 292 1963 ἀνδρείας
325 1892 426 1964 τὴν
452 1893 789 1966 δοκιμασίαν
821 1894 1160 1962 ἐπεδείξατο,
1215 1896 1309 1967 Μή
1361 1894 1544 1949 τοίνυν
1595 1893 1730 1965 μηδέ

102 1980 219 2043 αὐτὸς
238 1979 540 2053 θαυμάσῃς,
576 1985 630 2035 εἰ
653 1982 751 2054 τὴν
773 1983 801 2023 δ
832 1982 1041 2055 ἀγοράν
1073 1981 1370 2052 φεύγοντες
1404 1984 1567 2054 ἡμεῖς
1590 2023 1606 2049 ,
1636 1983 1732 2036 καὶ

100 2065 170 2130 τὰς
191 2067 279 2121 τῶν
321 2068 538 2122 πολλῶν
588 2070 875 2134 συνουσίας
896 2112 912 2137 ,
960 2070 1062 2125 οὐκ
1101 2069 1299 2142 ἔχομεν
1334 2071 1464 2134 τοὺς
1496 2086 1734 2141 κατηγο·

108 2154 275 2225 ριῦντας
305 2155 573 2222 πολλούς·
612 2157 734 2213 ούδέ
775 2158 887 2231 γάρ
934 2159 982 2212 εἰ
1025 2158 1310 2213 καθεύδων
1336 2158 1437 2231 οὐχ
1474 2157 1731 2230 ἡμάρτα-

106 2259 180 2307 νον,
202 2244 290 2298 οὐδ’
314 2246 362 2299 εἰ
394 2245 471 2318 μή
504 2246 758 2301 παλαίων
786 2247 887 2301 ούκ
931 2246 1185 2316 ἔπιπτον,
1224 2247 1334 2301 οὐδ’
1369 2248 1420 2300 εἰ
1449 2246 1525 2318 μὴ
1560 2244 1733 2317 μαχό-

105 2347 216 2400 Ima;
235 2335 323 2389 οὐκ
354 2334 692 2408 ἐϐαλλόμην,
726 2335 1031 2406 θαυμάζειν
1060 2338 1249 2409 ἐχρῆν.
1282 2336 1381 2399 Τίς
1420 2334 1553 2408 γὰρ,
1585 2334 1729 2398 εἰπὲ,

102 2418 157 2480 τίς
173 2420 426 2492 δυνήσεται
456 2426 749 2478 κατειπεῖν
780 2425 874 2479 καὶ
904 2423 1256 2495 ἀποκαλύψαι
1291 2423 1390 2495 τὴν
1423 2422 1733 2495 μοχθηρίαν

105 2505 168 2574 τὴν
189 2508 336 2579 ἐμήνς
366 2512 395 2565 ὁ
424 2510 636 2582 ὄροφος
665 2505 818 2576 οὗτος
845 2512 939 2566 καὶ
971 2515 1000 2566 ὁ
1032 2511 1307 2578 οίκίσκος;
1356 2511 1498 2565 Ἀλλ’
1536 2511 1636 2564 οὐκ
1667 2509 1734 2564 ἀν

106 2590 285 2650 δύναιντο
308 2597 464 2670 ῥῆξαι
494 2603 710 2671 φωνήν.
741 2599 883 2653 Ἀλλ’
909 2602 942 2672 ή
975 2601 1160 2673 μήτηρ
1183 2602 1218 2673 ἡ
1252 2599 1489 2673 μάλιστα
1514 2598 1736 2653 πάντων

108 2679 223 2734 εἰάδία
242 2684 305 2738 τά
327 2686 464 2757 ἐμά;
497 2686 762 2742 Μάλιστα
807 2688 907 2759 μέν
935 2688 1057 2741 οὐδὲ
1103 2688 1242 2759 πρὸς
1279 2688 1450 2760 αὐτήν
1489 2687 1608 2741 ἐστί
1639 2685 1736 2758 μοί

106 2770 308 2838 τιιοινὸν,
337 2774 456 2827 ούδέ
489 2775 575 2840 εἰς
629 2774 964 2844 φιλονεικίαν
991 2775 1226 2847 ἧλθομεν
1270 2777 1518 2831 πώποτε.
1556 2775 1621 2829 Εἰ
1681 2775 1739 2828 δέ

107 2855 314 2915 καὶτοῦτο
336 2858 402 2935 ἡν
432 2862 681 2935 συμϐάν,
712 2863 941 2935 οὐδεμία
968 2863 1144 2929 οὕτως
1172 2865 1292 2918 ἐστὶ
1326 2865 1513 2937 μήτηρ
1537 2864 1738 2935 ἀστορ-

103 2959 166 3009 γος
186 2949 264 3002 καὶ
289 2952 644 3021 μισότεκνος,
673 2951 751 3016 ὼς
790 2951 1004 3020 τοῦτον,
1044 2952 1105 3007 δν
1142 2951 1298 3007 ὥδινε
1331 2953 1427 3007 καὶ
1454 2953 1611 3006 ἔτεκε
1644 2951 1740 3006 καὶ

103 3031 246 3106 ἔθρεψε
266 3048 287 3077 θ
312 3041 591 3113 μηδεμιᾶς
617 3039 1045 3113 ἀναγκαζούσης
1074 3043 1424 3115 προφάσεως,
1459 3041 1595 3114 μηδέ
1623 3040 1743 3113 βια-

104 3118 274 3192 ζομένου
314 3130 493 3195 τινὸς,
541 3128 800 3194 κακίζειν
850 3130 947 3184 καὶ
985 3130 1298 3186 διαϐάλλειν
1341 3129 1496 3202 παρά
1547 3131 1737 3184 πᾶσιν.

111 3211 220 3267 Ἐπεὶ
237 3215 309 3270 ὅτι
332 3234 413 3288 γε,
441 3220 497 3273 εῖ
521 3236 615 3283 τις
642 3219 740 3290 τὴν
767 3219 1045 3291 ἡμετέραν
1081 3217 1218 3291 πρὸς
1241 3218 1531 3290 ἀκρίϐειαν
1564 3218 1739 3273 ἐθέλοι

105 3297 352 3369 βασανίζειν
378 3306 591 3379 ψυχὴν,
625 3306 796 3361 πολλά
826 3307 996 3379 αὐτῆς
1026 3307 1250 3379 εὑρήσει
1274 3305 1347 3361 τά
1384 3305 1580 3380 σαθρὰ,
1617 3307 1739 3362 ούδέ

105 3388 220 3455 αὐτὸς
243 3393 444 3464 ἀγνοεῖς
478 3397 509 3449 ὁ
564 3394 806 3466 μάλιστα
852 3395 1072 3449 πάντων
1102 3396 1251 3467 ἡμᾶς
1280 3397 1395 3459 τοῖς
1432 3396 1740 3468 ἐγκωμίοις

104 3476 293 3553 ἐπαίρειν
316 3484 466 3557 παρά
495 3485 674 3539 πᾶσιν
713 3483 942 3548 εἰωθώς.
984 3484 1092 3537 Καὶ
1135 3485 1218 3538 ὅτι
1245 3501 1309 3553 γε
1334 3484 1396 3537 οὐ
1431 3485 1740 3557 μετριάζων

103 3565 229 3623 ταῦτα
260 3569 392 3640 λέγω
423 3571 545 3640 νῦν,
571 3570 891 3644 ἀνάμνησον
920 3571 1141 3636 σαυτὸν,
1182 3572 1374 3637 ὁσάκις
1406 3568 1563 3627 εἶπον
1604 3573 1742 3645 πρὸς

106 3655 161 3717 σὲ,
180 3656 313 3726 λόγου
336 3658 589 3714 τοιούτου
621 3660 917 3731 γενομένου
949 3659 1213 3725 πολλάκις
1240 3663 1375 3732 ἡμῖν
1397 3679 1414 3695 ο
1444 3664 1549 3727 ὅτι,
1580 3664 1635 3716 εἴ
1656 3681 1743 3729 τις

104 3743 260 3814 αἵρεσίν
286 3765 368 3819 μοι
392 3747 709 3821 προυτίθει,
735 3746 839 3802 ποῦ
865 3747 1069 3820 μᾶλλον
1090 3748 1385 3822 βουλοίμην
1405 3750 1738 3821 εὐδοκιμεῖν,

106 3830 147 3882 ἐν
165 3836 212 3904 τῇ
234 3836 319 3907 τῆς
351 3836 689 3909 Ἐκκλησίας
714 3837 1047 3910 προστασίᾳ,
1078 3837 1112 3909 ἢ
1141 3836 1285 3892 κατά
1320 3838 1414 3893 τὸν
1435 3838 1544 3895 τῶν
1576 3859 1741 3912 μονα-

106 3919 183 3987 χῶν
194 3920 303 3991 βίον,
327 3927 554 3998 μυρίαις
569 3924 641 3979 ἂν
661 3924 865 3997 ψήφοις
878 3926 941 3980 τὸ
965 3927 1132 3999 πρότε
1141 3927 1519 4001 ρονςέδεξάμην
1541 3929 1740 4001 ἔγωγε.

105 4006 259 4083 θῦγὰρ
292 4013 528 4069 διέλιπόν
563 4029 702 4067 ποτε
735 4013 1058 4086 μακαρίζων
1091 4015 1229 4087 πρὸς
1261 4015 1322 4069 σέ
1366 4017 1496 4081 τοὺς
1526 4017 1744 4089 ἐκείνης

103 4095 174 4165 τῆς
204 4098 459 4168 διακονίας
487 4102 803 4175 προστῆναι
832 4102 1164 4174 δυνηθέντας
1193 4105 1398 4171 καλῶς.
1434 4105 1560 4161 Ὅτι
1589 4106 1742 4181 [427]

102 4180 142 4236 δὲ
161 4187 271 4260 διιερ
291 4191 653 4265 ἐμακάριζον,
684 4192 784 4246 ούκ
815 4191 880 4246 ἀν
909 4191 1132 4263 ἔφυγον,
1160 4194 1365 4259 ἱκανῶς
1386 4193 1526 4270 ἔχων
1551 4180 1745 4268 μετελὲ

104 4270 204 4360 δεῖν,
225 4280 385 4346 οὐδεὶς
414 4283 660 4354 ἀντερεῖ.
706 4279 869 4336 Ἀλλά
906 4281 962 4334 τί
997 4281 1189 4348 πάθως
1222 4282 1392 4338 Οὐδὲν
1423 4283 1533 4360 γάρ
1572 4284 1748 4349 οὕτως

105 4359 321 4436 ἄχρηστον
345 4371 424 4434 εἰς
469 4368 808 4437 Ἐκκλησίας
853 4369 1198 4442 προστασίαν
1225 4370 1302 4436 ὡς
1334 4371 1473 4444 αὐτή
1505 4375 1539 4445 ἡ
1574 4373 1746 4445 ἀργία

106 4452 223 4524 ιιιὶὴ
262 4455 626 4530 ἀμελετησία,
671 4457 738 4530 ἡν
776 4457 955 4530 ἐτεροι
1012 4458 1114 4530 μὲν
1159 4459 1393 4531 ἀσκησίν
1440 4478 1563 4515 τινα
1608 4459 1746 4517 θαυ-

108 4541 270 4613 μαστὴν
309 4540 442 4600 εἷναι
476 4544 829 4617 νομίζουσιν’·
879 4545 992 4616 ἐγὼ
1033 4545 1092 4600 δὲ
1131 4547 1304 4620 αὐτὴν
1347 4548 1593 4621 ὡσπερεὶ
1642 4566 1749 4603 πα-

106 4628 374 4703 ραπέτασμα
423 4635 526 4706 τῆς
569 4632 781 4699 οἰκείας
829 4632 939 4705 ἔχω
992 4634 1364 4707 φαυλότητος,
1403 4636 1473 4691 τά
1523 4637 1748 4693 πλείονα

103 4712 186 4767 τῶν
217 4718 605 4795 ἐλαττωμάτων
654 4721 767 4777 τῶν
810 4723 1053 4794 ἐμαυτοῦ
1098 4723 1275 4797 ταύτῃ
1321 4727 1746 4795 συγκαλύπτων,

105 4805 179 4857 καὶ
197 4807 281 4863 οὐκ
320 4810 424 4865 ἐῶν
467 4810 780 4882 φαίνεσθαι.
831 4811 889 4866 '0
936 4812 1048 4884 γάρ
1073 4812 1375 4879 ἐνεθισθεὶς
1414 4811 1443 4853 δ
1475 4816 1750 4888 τοσαύτης

107 4889 348 4952 ἀπολαύειν
371 4900 815 4973 ἀπραγμοσύνης
832 4943 848 4968 ,
871 4901 968 4954 καὶ
997 4902 1058 4955 ἐν
1082 4902 1287 4974 ἡσυχίᾳ
1312 4902 1521 4974 διάγειν
1549 4905 1747 4974 πολλῇ.

109 4977 185 5032 γᾶν
207 4987 427 5059 μεγάλης
531 4988 771 5059 φύσεως,
803 4989 910 5042 ὑπὸ
936 4989 1038 5060 τῆς
1066 4989 1409 5061 ἀνασκησίας
1437 4990 1749 5064 θορυϐεῖται

116 5067 180 5154 tu}
193 5074 494 5144 ταράττεται
520 5118 536 5140 .
564 5078 661 5132 καὶ
703 5078 804 5148 τῆς
841 5077 1051 5142 οἰκείας
1083 5077 1372 5150 δυνάμεως
1416 5081 1748 5154 περικόπτει

118 5152 239 5248 Irim;
254 5162 321 5248 ρὺ
356 5164 554 5237 μικρὸν
575 5165 636 5218 τὸ
661 5164 1037 5237 ἀγύμναστον.
1069 5166 1238 5220 ’Ὅταν
1260 5167 1317 5219 δὲ
1341 5167 1478 5238 δμοῦ
1495 5152 1595 5223 καὶ
1624 5168 1753 5241 βρα-

116 5240 219 5307 διίις
313 5250 571 5318 διανοίας,
617 5251 849 5307 καὶτῶν
887 5252 1148 5308 τοιούτων
1182 5253 1359 5323 λόγων
1392 5256 1486 5309 καὶ
1520 5240 1750 5326 ἀγώνων

116 5328 306 5404 ἄπειρος,
338 5339 495 5395 τοῦτο
522 5341 587 5413 δὴ
614 5342 677 5395 τδ
713 5342 1009 5414 ἡμέτερον,
1043 5340 1156 5397 τῶν
1193 5342 1413 5397 λιθίνων
1435 5344 1590 5398 ούδέν
1618 5345 1750 5399 διοί-

111 5426 193 5513 ffu-
211 5423 395 5497 ταύτην
435 5428 731 5501 δεξάμενος
765 5429 865 5501 τὴν
898 5430 1238 5503 οἰκονομίαν.
1289 5431 1391 5485 Διά
1433 5431 1594 5487 τοῦτο
1639 5432 1749 5488 τῶν

111 5503 156 5570 ἒξ
180 5507 369 5585 ὲκείνης
401 5517 717 5590 ἐρχομένων
751 5518 849 5590 τῆς
879 5517 1221 5591 παλαίστρας
1257 5520 1337 5584 είς
1372 5520 1498 5586 τοὺς
1525 5521 1749 5591 ἀγῶνας

1828 1016 1998 1089 ὀργῆς
2025 1016 2298 1090 ἀνώτερον
2322 1013 2482 1083 εἶναι,
2510 1016 2777 1079 συνέσεως
2797 1014 3051 1086 ἔμπλεων
3072 1013 3297 1086 πολλῆς.
3331 1013 3524 1085 Τούτῳ

1827 1106 1883 1159 δὲ
1928 1104 2006 1178 τῷ
2047 1106 2138 1160 τὸν
2180 1107 2388 1178 μονήρη
2425 1105 2705 1179 στέργοντι
2742 1103 2856 1177 βίον
2887 1102 3114 1173 οὐδεμία
3141 1114 3164 1141 θ
3210 1102 3526 1173 γυμνασίας

1829 1194 2087 1259 ὑπόθεσις
2129 1194 2436 1266 πρόκειται.
2485 1193 2625 1247 Οῦτε
2658 1191 2768 1265 γάρ
2800 1193 2926 1257 τοὺς
2968 1188 3380 1267 παροξύνοντας
3406 1189 3526 1260 ἔχει

1831 1282 2087 1350 πολλοὺς,
2132 1282 2222 1336 ἴνα
2267 1281 2547 1354 μελετήσῃ
2583 1279 2839 1345 κολάζειν
2882 1278 2977 1332 τοῦ
3025 1278 3200 1349 θυμοῦ
3238 1278 3339 1348 τὴν
3367 1277 3528 1332 δύνα-

1834 1387 1926 1441 μιν
1944 1387 1958 1401 ·
1987 1368 2112 1424 οὗτε
2142 1370 2272 1435 τοὺς
2309 1369 2718 1441 μακαρίζοντας
2756 1366 2853 1421 καὶ⁷
2879 1364 3212 1441 κροτοῦντας
3235 1406 3249 1431 ,
3283 1364 3373 1420 ῖνα
3398 1383 3529 1420 παι-

1829 1457 1992 1530 δευθῇ
2023 1459 2152 1523 τοὺς
2182 1458 2336 1532 παρά
2376 1457 2486 1512 τῶν
2526 1455 2741 1511 πολλῶν
2771 1453 3052 1510 διαπτύειν
3096 1447 3201 1508 ὧδε
3233 1451 3524 1516 ἐπαίνους·

1829 1549 1931 1618 τῆς
1960 1563 2021 1601 τε
2054 1547 2115 1600 ἐν
2153 1550 2275 1612 ταῖς
2314 1545 2668 1618 Ἐκκλησίαις
2703 1542 3117 1615 ἀπαιτουμένης
3158 1540 3432 1604 συνέσεως
3463 1539 3528 1594 οὐ

1834 1634 2002 1699 πολὺς
2026 1635 2209 1700 αὐτοῖς
2240 1638 2269 1689 ό
2300 1635 2477 1704 λόγος.
2506 1635 2678 1689 Ὅταν
2706 1628 2802 1687 οὖν
2836 1631 3069 1685 ἔλθωσιν
3103 1630 3187 1694 είς
3220 1629 3349 1692 τοὺς
3377 1626 3528 1698 ἀγῶ-

1831 1739 1960 1789 νας,
2008 1715 2086 1777 ὧν
2133 1722 2210 1796 μὴ
2262 1722 2674 1795 μεμελετήκασι
2726 1721 2827 1793 τὴν
2884 1721 3103 1790 πεῖραν,
3154 1715 3527 1790 ἀποροῦνται,

1837 1809 2159 1880 ίλιγγιῶσιν,
2208 1811 2288 1875 είς
2329 1809 2638 1883 ἀμηχανίαν
2681 1807 3011 1862 ἐκπίπτουσι
3057 1804 3102 1870 τ,
3157 1803 3253 1858 καὶ
3283 1801 3422 1874 πρὸς
3450 1801 3530 1872 τῷ

1838 1897 2004 1968 μηδὲν
2038 1896 2316 1951 ἐπιδοῦναι
2349 1896 2486 1969 πρὸς
2533 1894 2757 1968 ἀρετὴν,
2798 1894 2894 1949 καὶ
2921 1892 3067 1965 άπερ
3101 1890 3319 1962 ἔχοντες
3360 1884 3530 1961 ἦλθον

1833 1984 2025 2039 πολλοὶ¹
2053 1984 2314 2049 πολλάκις
2340 1985 2653 2040 ἀπώλεσαν.

1900 2073 2100 2144 η’.Καἰ
2128 2074 2158 2127 ό
2181 2072 2561 2127 ΒΑΣΙΛΕΙΟΣ.
2595 2071 2662 2126 Τί
2690 2065 2786 2156 οῦν
2805 2086 2820 2137 ;
2842 2070 2970 2135 τοὺς
2991 2071 3051 2125 ἐν
3082 2071 3163 2145 τῷ
3200 2073 3353 2145 μέσῳ
3378 2087 3534 2144 στρε-

1835 2161 2126 2234 φομένους,
2174 2161 2269 2216 καὶ
2313 2161 2660 2233 πραγμάτων
2694 2160 3084 2234 φροντίζοντας
3115 2159 3407 2233 βιωτικῶν,
3437 2160 3537 2215 καὶ⁸

1832 2250 2238 2323 τετριμμένους
2263 2249 2400 2323 πρὸς
2427 2250 2612 2322 μάχας
2636 2250 2733 2305 καὶ
2760 2249 3051 2323 λοιδορίας,
3073 2251 3169 2304 καὶ
3199 2249 3402 2322 μυρίας
3424 2249 3535 2303 δει-

1834 2340 2058 2414 νότητος
2083 2341 2356 2412 γέμοντας
2374 2380 2389 2404 ,
2420 2341 2514 2393 καλ¹
2539 2341 2755 2412 τρυφᾷν
2782 2339 2995 2404 εἰδότας
3013 2378 3029 2403 ,
3061 2340 3434 2412 ἐπιστήσομεν
3457 2339 3528 2410 τῇ

1834 2430 1937 2502 τῆς
1980 2429 2314 2500 Ἐκκλησίας
2347 2429 2669 2501 οίκονομίᾳ;
2713 2429 2921 2484 ΧΡΥΣ.
2969 2426 3259 2499 Εὐφήμει,
3290 2426 3450 2500 ἔφην,
3487 2419 3536 2480 ὧ

1840 2518 2080 2591 μακάριε
2116 2517 2200 2572 σύ.
2238 2514 2477 2581 Τούτους
2504 2515 2614 2589 γάρ
2641 2518 2666 2558 5
2695 2516 2808 2571 οὐδ’
2843 2517 2924 2581 εἰς
2952 2516 3082 2571 νοῦν
3110 2515 3402 2587 βάλλεσθαι
3429 2514 3534 2580 δεῖ,

1840 2607 1971 2660 ὅταν
2018 2606 2209 2679 ἱερέων
2249 2605 2498 2673 ἐξέτασις
2649 2604 2766 2659 ἀλλ’
2798 2606 2854 2659 εἴ
2900 2623 2987 2669 τις
3040 2603 3181 2680 μετά
3224 2603 3318 2658 τοῦ
3366 2605 3537 2659 πᾶσιν

1838 2696 2052 2766 ὁμιλεῖν
2081 2694 2179 2748 καὶ
2214 2694 2758 2767 συναναστρέφεσθαι
2797 2695 3016 2750 δύναιτο
3048 2693 3149 2765 τὴν
3182 2693 3539 2766 καθαρότητα

1838 2783 1935 2837 καὶ
1988 2783 2089 2855 τὴν
2140 2781 2470 2855 ἀταραξίαν,
2508 2784 2607 2855 τήν
2654 2800 2715 2837 τε
2757 2782 3075 2855 ἁγιωσύνην
3119 2781 3214 2837 καὶ
3249 2780 3349 2853 τὴν
3396 2799 3540 2855 καρ-

1836 2870 2026 2943 τερίαν
2054 2871 2149 2924 καὶ
2175 2871 2356 2942 νῆψιν,
2411 2872 2507 2924 καὶ
2545 2870 2616 2925 τά
2650 2869 2790 2925 ἀλλα
2819 2869 2890 2925 τά
2922 2872 3036 2933 τοῖς
3074 2871 3331 2941 μοναχοῖς
3367 2884 3541 2940 προσ-

1838 2959 1967 3013 όντα
2028 2956 2246 3027 ἀγαθὰ,
2298 2958 2593 3028 φυλάττειν
2649 2956 2886 3030 ἀκέραια
2932 2957 3029 3011 καὶ
3104 2955 3541 3029 ἀπαρασάλευτα

1844 3047 2045 3118 μάλλον
2080 3046 2192 3099 τῶν
2233 3045 2642 3118 μεμονωμένων
2696 3045 2928 3099 ἐκείνων
2963 3045 3029 3085 h'
3077 3043 3153 3108 ὼς
3193 3045 3222 3099 ὅ
3256 3061 3321 3113 γε
3365 3042 3542 3097 πολλὰ

1844 3140 1945 3212 μὲν
1981 3138 2120 3210 ἔχων
2169 3135 2570 3209 ἐλαττώματα,
2622 3137 2921 3208 δυνάμενος
2958 3135 3017 3189 δέ
3066 3135 3207 3190 αύτά
3252 3137 3320 3207 τῇ
3361 3132 3540 3207 μονώ-

1842 3245 1926 3282 σει
1973 3225 2274 3282 καλύπτειν
2315 3225 2411 3278 καὶ
2448 3227 2623 3278 ποιεῖν
2651 3223 2913 3295 ἄπρακτα
2956 3222 3035 3295 τῷ
3075 3223 3263 3294 μηδενὶ
3303 3238 3542 3293 καταμι-

1839 3315 2035 3387 γνύναι
2085 3315 2311 3369 ἐαυτόψ
2338 3308 2495 3378 οὗτος
2535 3315 2615 3378 εἰς
2642 3314 2808 3385 μέσον
2853 3312 3049 3378 ἐλθὼν,
3099 3311 3252 3366 οὐδὲν
3285 3310 3476 3383 ἕτερον
3502 3308 3538 3381 ἢ

1839 3401 1903 3455 τὸ
1955 3399 2369 3471 καταγέλαστος
2424 3397 2687 3467 γενέσθαι
2734 3398 3009 3468 κερδανεῖ,
3062 3396 3158 3450 καὶ
3202 3392 3541 3450 κινδυνεύσει

1845 3485 2145 3558 μειζόνως·
2187 3484 2216 3539 ὃ
2257 3483 2458 3557 μικροῦ
2493 3484 2605 3537 δεῖν
2643 3483 2925 3555 ἐπάθομεν
2969 3482 3036 3537 ἂν
3070 3484 3256 3556 ἡμεῖς,
3305 3483 3356 3535 εἰ
3397 3480 3473 3552 μὴ
3505 3480 3542 3552 ἡ

1842 3575 1939 3628 τοῦ
1968 3574 2105 3628 Θεοῦ
2135 3573 2436 3645 κηδεμονία
2461 3572 2524 3627 τδ
2545 3571 2657 3646 πῦρ
2682 3572 2895 3643 ταχέως
2918 3572 3116 3643 ἀνέσχε
3138 3572 3240 3642 τῆς
3265 3568 3543 3642 ἡμετέρας

1843 3663 2109 3734 κεφαλῆς.
2135 3660 2289 3736 [428]
2313 3662 2387 3715 Ού
2406 3661 2516 3735 γάρ
2543 3660 2658 3715 ἔστι
2681 3660 2976 3731 λαθεῖντδν
3002 3659 3148 3715 οῦτω
3169 3658 3541 3730 διακείμενον,

1843 3753 1971 3807 ὅταν
1993 3753 2050 3805 ἐν
2067 3751 2145 3823 τῷ
2179 3749 2406 3823 φανεφῷ
2429 3751 2698 3822 καταστῇ,
2730 3748 2870 3803 ἀλλά
2894 3749 3129 3804 πάντοτε
3164 3749 3451 3820 ἐλέγχεται
3486 3747 3542 3814 ί,

1847 3840 1947 3894 καὶ
1994 3838 2252 3912 καθάπερ
2288 3842 2390 3903 τάς
2427 3837 2763 3910 μεταλλικὰς
2792 3836 2926 3903 ῦλας
2967 3835 3255 3909 δοκιμάζει
3302 3835 3364 3889 τὸ
3407 3833 3543 3907 πῦρ,

1847 3929 1999 3982 οὓτω
2032 3930 2126 3982 καὶ
2174 3930 2207 3999 ή
2249 3928 2344 3981 τοῦ
2390 3927 2596 3999 κλήρου
2654 3925 2889 3997 βάσανος
2932 3925 3035 3990 τάς
3082 3924 3192 3979 τῶν
3238 3921 3546 3993 ἀνθρώπων

1846 4017 2112 4089 διακρίνει
2140 4015 2355 4087 ψυχὰς,
2388 4015 2494 4070 κᾶν
2534 4014 2753 4087 ὀργίλος
2791 4031 2877 4078 τις
2913 4010 2985 4089 ᾖ,
3029 4013 3136 4068 κᾶν
3173 4010 3542 4084 μικρόψυχος,

1849 4105 1952 4159 κᾶν
1992 4104 2303 4175 φιλόδοξος,
2342 4103 2450 4159 κᾶν
2499 4102 2739 4168 ἀλαζὼν,
2778 4101 2880 4157 κᾶν
2926 4103 2954 4155 δ
2987 4118 3041 4154 τι
3083 4099 3285 4172 δήποτε
3318 4099 3543 4171 ἔτερον,

1850 4194 2069 4248 ἅπαντα
2113 4190 2451 4246 ἐκκαλύπτει
2487 4189 2535 4254 ἰ,
2572 4190 2668 4244 καὶ
2705 4191 2909 4260 γυμνοί
2946 4188 3163 4259 ταχέως
3199 4186 3266 4239 τά
3304 4182 3547 4239 ἐλαττώ-

1854 4298 2003 4354 ματα
2029 4299 2043 4313 ο
2080 4282 2141 4334 οὐ
2190 4282 2392 4351 γυμνοῖ
2434 4279 2492 4333 δὲ
2537 4279 2724 4350 μόνον,
2766 4276 2906 4331 ἀλλά
2936 4276 3033 4331 καὶ
3060 4271 3421 4347 χαλεπώτερα
3449 4273 3547 4328 καὶ⁸

1855 4368 2185 4441 ἰσχυρότερα
2236 4367 2375 4421 αύτά
2414 4366 2734 4439 καθίστησι.
2771 4365 2883 4420 Καὶ
2912 4366 3023 4438 γὰρ
3050 4364 3120 4418 τά
3147 4362 3243 4417 τοῦ
3289 4362 3546 4432 σώματος

1849 4458 2148 4532 τραύματα
2191 4455 2640 4530 προστριϐόμενα
2673 4453 2905 4509 δυσίατα
2945 4452 3176 4523 γίνεται.
3213 4450 3311 4505 καὶ
3343 4449 3413 4505 τά
3442 4449 3547 4521 τῆς

1851 4548 2030 4620 ψυχῆς
2053 4545 2202 4619 πάθη
2232 4544 2533 4617 κνιζόμενα
2554 4544 2649 4599 καὶ
2668 4542 3084 4615 παροξυνόμενα
3114 4540 3315 4614 μᾶλλον
3332 4536 3549 4613 ἀγριαί-

1852 4635 2040 4690 νεσθαι
2068 4635 2307 4705 πέφυκε,
2344 4632 2592 4698 καὶτοὺς
2620 4631 2845 4706 ἔχοντας
2873 4629 3012 4685 αὐτά
3042 4629 3266 4684 πλείονα
3298 4626 3549 4700 ἁμαρτά-

1853 4740 1967 4778 νειν
1999 4721 2267 4794 βιάζεται.
2305 4721 2419 4775 Καὶ
2441 4723 2554 4792 γὰρ
2587 4721 2669 4784 είς
2695 4718 2877 4790 ἔρωτα
2909 4717 3071 4788 δόξης
3105 4717 3323 4789 ἐπαίρει
3354 4715 3449 4770 τὸν
3472 4713 3551 4786 μὴ

1857 4813 2219 4886 προσέχοντα,
2248 4810 2346 4865 καὶ
2384 4812 2465 4875 εἰς
2489 4807 2836 4876 ἀλαζονείαν,
2861 4809 2959 4862 καὶ
2980 4808 3062 4871 εἰς
3089 4805 3391 4878 χρημάτων
3424 4805 3550 4857 ἐπι-

1852 4901 2057 4971 θυμίαν
2079 4916 2093 4932 ο
2124 4900 2394 4972 ὑποσύρει
2431 4898 2490 4952 δέ
2524 4898 2620 4953 καὶ
2646 4898 2728 4962 εἰς
2756 4897 2973 4969 τρυφὴν
3012 4895 3107 4948 καὶ
3131 4897 3213 4959 είς
3242 4893 3426 4947 ἄνεσιν
3456 4893 3550 4947 καὶ

1854 4988 2159 5062 ῥαθυμίαν,
2196 4989 2293 5043 καὶ
2335 4987 2480 5044 κατά
2523 4986 2722 5060 μικρὸν
2759 4987 2841 5051 εἰς
2866 4986 2939 5040 τὰ
2970 4982 3286 5056 περαιτέρω
3319 4981 3549 5046 τούτων,

1853 5078 1953 5131 καὶ
1980 5079 2045 5132 ἐκ
2075 5076 2284 5131 τούτων
2309 5075 2610 5148 τικτόμενα
2646 5074 2816 5130 κακά.
2846 5072 3026 5127 Πολλά
3064 5072 3173 5144 γάρ
3193 5073 3341 5125 ἐστιν
3375 5071 3434 5125 ἐν
3471 5069 3553 5142 τῷ

1860 5165 2015 5238 μέσῳ
2035 5166 2106 5220 τά
2129 5166 2408 5234 δυνάμενα
2426 5164 2606 5236 ψυχῆς
2627 5162 2918 5235 ἀκρίϐειαν
2944 5160 3194 5225 ἐκλῦσαι,
3224 5159 3319 5214 καὶ
3341 5159 3434 5214 τὸν
3459 5159 3558 5215 ἐπὶ

1854 5254 1989 5309 Θεὸν
2022 5254 2282 5325 διακόψαι
2312 5253 2341 5294 κ
2377 5252 2580 5325 δρόμον
2602 5268 2616 5283 ·
2649 5252 2747 5305 καὶ
2778 5249 2995 5322 πρῶτον
3025 5248 3285 5303 ἁπάντων
3324 5248 3382 5300 αί
3413 5245 3554 5318 πρὸς

1851 5341 1952 5409 τὰς
1977 5344 2251 5413 γυναῖκας
2271 5341 2506 5415 ὁμιλίαι.
2536 5339 2673 5395 Οὐδὲ
2702 5338 2811 5411 γάρ
2841 5336 2957 5393 ἔστι
2988 5336 3079 5392 τὸν
3104 5334 3429 5408 προεστῶτα
3458 5333 3553 5388 καὶ

1968 5449 2070 5500 Alii
2101 5448 2495 5539 οὐδεμιᾶς.]ηΐι·α
2517 5449 2673 5499 Savil.
2694 5453 2749 5497 et
2770 5447 2962 5509 aliquot
3003 5458 3122 5496 mss.
3166 5444 3280 5495 οὔτε
3302 5443 3415 5500 τοὺς
3437 5441 3554 5493 θειν-

1853 5513 2082 5573 μάζοντας
2103 5513 2185 5561 καὶ
2206 5513 2507 5575 κροτοῦντας.

1918 5572 1944 5651 ξ
2089 5575 2168 5645 εἰς
2175 5573 2442 5651 ἀμηχανίας
2463 5571 2769 5635 ἐμπίπτουσι.

1918 5638 1944 5699 ξε
1970 5637 2065 5699 Alii
2086 5637 2361 5699 τοῦτο-γάρ.

1916 5695 1945 5735 ι
1970 5696 2108 5759 Unus
2141 5695 2328 5759 μᾶλλον
2339 5696 2435 5745 τῶν
2459 5696 2751 5759 φαινομένων
2768 5695 2982 5746 ἐκείνων.

1919 5768 1935 5798 ι
1979 5757 2076 5809 Alii
2099 5757 2222 5808 ἀλλά
2241 5757 2397 5807 πάντα
2418 5757 2528 5807 τότε
2549 5757 2618 5807 ἐλ.

1922 5834 1936 5871 Ι
1971 5819 2067 5870 ΑΙίὶ
2094 5821 2219 5870 ἅπαν
2246 5821 2351 5868 ἐκκ.

1919 5882 1946 5921 ι
1981 5880 2079 5934 ΔΙίὶ
2100 5883 2179 5933 τὸν
2205 5883 2277 5931 ἐπ’
2295 5881 2473 5939 εὐθείας
2497 5881 2739 5947 διακόψαι.
