3942 6404
352 325 461 382 685

352 440 559 505 παντὸς
591 438 687 494 τοῦ
733 438 987 512 ποιμνίου
1036 439 1337 514 κηδόμενον
1374 439 1468 494 τοῦ
1519 439 1622 512 μὲν
1669 437 1777 493 τῶν
1829 437 2041 510 ἀνδρῶν

350 527 729 600 ἐπιμελεῖσθαι
764 528 991 600 μέρους,
1028 527 1089 583 τὸ
1122 527 1179 581 δὲ
1222 527 1332 582 τῶν
1378 525 1655 596 γυναικῶν
1686 529 1939 600 παρορᾷν
1962 542 1976 556 ⁸
2012 528 2043 581 δ

354 618 595 690 μάλιστα
616 619 788 672 δεῖται
815 618 1073 691 προνοίας
1101 618 1346 681 πλείονος
1370 616 1458 671 διὰ
1483 617 1546 671 τὸ
1574 616 1711 689 πρὸς
1736 617 1834 681 τὰς
1860 617 2042 690 ἀμαρ-

349 705 479 769 τίας
502 705 781 760 εὐόλισθον
800 723 815 737 ο
843 706 980 761 ἀλλά
1010 705 1207 760 δεῖκαὶ
1234 707 1335 778 τῆς
1365 705 1570 760 τούτων
1596 705 1831 777 ὑγιείας,
1866 708 1916 759 εἰ
1947 708 2044 761 καὶ

357 795 436 869 μὴ
466 795 531 848 ὲκ
564 794 833 861 πλείονος,
862 795 978 849 ἀλλ’
1010 794 1103 850 οὖν
1132 795 1192 861 ἐξ
1222 795 1345 868 ῖσης
1378 795 1687 866 φροντίζειν
1716 795 1815 867 τῆς
1848 796 2045 867 μοίρας

354 883 447 937 τὸν
481 881 719 954 λαχόντα
756 885 855 956 τὴν
884 885 1194 954 ἐπισκοπὴν
1228 882 1473 940 διοικεῖν.
1517 885 1629 938 Kal
1659 883 1769 958 7&9
1816 886 2043 939 έπισκο-
2080 916 2083 919 -

351 971 572 1026 πεῖσθαι
600 971 771 1037 αὐτάς
800 972 963 1045 ἡνίκα
995 973 1062 1026 ἀν
1091 972 1364 1044 κάμνωσι,
1396 973 1492 1026 καὶ
1520 973 1856 1044 παρακαλεῖν
1880 971 2044 1045 ἡνίκα

346 1060 420 1116 ἃν
445 1060 702 1126 πενθῶσι,
728 1061 825 1116 καὶ
848 1060 1202 1133 ἐπιπλήττειν
1224 1059 1620 1135 ρᾳθυμούσαις.
1646 1064 1741 1116 καὶ
1770 1061 1986 1135 βοηθεῖν
2012 1075 2041 1105 ι

350 1148 863 1219 καταπονουμέναις
894 1149 1130 1222 ἀνάγκη.
1156 1148 1376 1204 Τούτων
1401 1150 1458 1203 δὲ
1487 1151 1809 1222 γινομένων,
1839 1150 2043 1215 πολλὰς

356 1236 424 1290 ἂν
454 1234 605 1308 εὕροι
626 1236 727 1300 τάς
749 1236 1136 1308 παρεισδύσεις
1157 1240 1186 1290 ό
1213 1238 1469 1310 πονηρὸς,
1502 1239 1551 1292 εἰ
1580 1238 1657 1311 μὴ
1682 1238 2042 1313 ἠκριϐωμένῃ

352 1340 439 1389 τις
467 1325 665 1379 ἑαυτὸν
698 1327 957 1397 τειχίσειε
984 1326 1228 1398 φυλακῇ.
1265 1328 1378 1382 Kal
1406 1330 1515 1400 7&9
1543 1327 1820 1400 ὀφθαλμὸς
1857 1328 2043 1398 βάλλει

352 1414 450 1466 καὶ
480 1412 703 1485 θορυϐεῖ
728 1413 929 1486 ψυχὴν,
954 1415 1054 1486 οὐχ
1076 1417 1104 1468 ό
1127 1414 1227 1486 τῆς
1244 1415 1549 1471 ἀκολάστου
1575 1416 1757 1488 μόνον,
1784 1416 1923 1472 ἀλλά
1947 1418 2044 1472 καὶ

348 1504 383 1555 ὁ
409 1501 511 1573 τῆς
550 1500 865 1576 σώφρονος,
898 1505 993 1558 καὶ
1025 1505 1308 1559 κολακεῖαι
1353 1505 1722 1577 μαλάσσουσι,
1763 1506 1860 1560 καὶ
1886 1507 2043 1579 τιμαὶ⁵

352 1590 815 1646 καταδουλοῦνται
840 1610 854 1623 ·
884 1593 980 1646 καὶ
998 1594 1189 1666 ἀγάπη
1220 1592 1440 1659 ζέουσα.
1469 1594 1630 1650 τοῦτο
1652 1595 1718 1667 δὴ
1742 1595 1803 1650 τὸ
1823 1596 2042 1651 πάντων

348 1681 529 1734 αἴτιον
558 1678 668 1735 τῶν
701 1680 947 1750 ἀγαθῶν,
991 1680 1206 1753 μυρίων
1246 1681 1420 1737 αἴτιον
1467 1683 1660 1754 γέγονε
1698 1683 1891 1739 κακῶν
1926 1686 2043 1749 τοῖς

345 1767 454 1821 οὐκ
478 1766 659 1839 ὀρθῶς
701 1769 1077 1842 χρησαμένοις
1119 1771 1283 1843 αὐτῇ.
1337 1771 1476 1844 Ἤδη
1524 1771 1582 1826 δὲ
1619 1772 1717 1826 καὶ
1759 1772 2042 1845 φροντίδες

354 1861 605 1930 συνεχεῖς
650 1860 936 1934 ἧμϐλυναν
975 1861 1037 1917 τὸ
1079 1861 1180 1933 τῆς
1219 1861 1461 1927 διανοίας
1494 1861 1612 1928 ὀξύ,
1647 1864 1745 1918 καὶ⁵
1789 1863 2040 1935 μολίϐδου

354 1948 658 2020 βαρύτερον
690 1949 783 2003 τὸν
820 1951 1027 2015 πτηνὸν
1058 1952 1501 2024 ἀπειργάσαντο-
1538 1952 1636 2006 καὶ
1665 1952 1836 2025 θυμὸς
1862 1953 1921 2007 δὲ
1948 1954 2044 2007 καὶ

351 2035 682 2105 προσπεσὼν
712 2038 926 2092 καπνοῦ
954 2038 1114 2111 δίκην
1141 2038 1213 2092 τά
1236 2038 1387 2094 ἔνδον
1417 2040 1682 2112 κατέσχεν
1708 2040 1947 2096 ἅπαντα.
1975 2041 2042 2095 Τί

351 2117 418 2171 ἀν
444 2135 530 2183 τις
557 2117 708 2188 λέγοι
748 2119 848 2185 τάς
881 2119 1077 2187 λοιπὰς
1107 2121 1315 2194 βλάϐας
1346 2124 1398 2191 δ,
1422 2123 1522 2189 τὰς
1564 2123 1775 2198 ὕϐρεις,
1811 2123 1911 2190 τάς
1944 2126 2043 2179 ἔπι

349 2205 569 2278 ηρείας,
589 2207 688 2273 τάς
722 2208 984 2281 μέμψεις,
1007 2211 1110 2277 τὰς
1140 2212 1292 2284 παρά
1314 2212 1422 2267 τῶν
1453 2212 1739 2293 μειζόνων,
1766 2214 1863 2279 τὰς
1891 2215 2044 2288 παρά

350 2295 462 2349 τῶν
490 2295 814 2365 ἐλαττόνων,
857 2300 957 2366 τὰς
978 2300 1130 2373 παρά
1162 2301 1271 2357 τῶν
1306 2302 1569 2372 συνετῶν,
1605 2301 1707 2367 τὰς
1738 2302 1891 2379 παρά
1932 2303 2044 2359 τῶν

350 2384 627 2442 ἀσυνέτων
649 2403 664 2453 ;

421 2556 486 2610 θ’.
541 2557 716 2612 Τοῦτο
753 2557 864 2632 7&9
899 2559 966 2632 δὴ
1002 2561 1241 2632 μάλιστα
1279 2562 1340 2616 τὸ
1377 2563 1535 2632 γένος
1586 2563 1698 2618 τῶν
1734 2564 1907 2637 ὀρθῆς
1934 2566 2043 2621 ἀπ-

349 2648 739 2720 εστερημένων
788 2650 1027 2722 κρίσεως
1075 2652 1450 2725 μεμψίμοιρόν
1497 2653 1557 2708 τὲ
1596 2655 1749 2720 ἐστι,
1798 2658 1894 2710 καὶ
1941 2656 2046 2711 οὐκ

349 2734 418 2790 ἂν
465 2736 704 2802 εὐκόλως
752 2737 1051 2809 ἀπολογίας
1100 2741 1391 2813 ἀνάσχοιτό
1444 2760 1597 2797 ποτε.
1652 2744 1758 2798 Τὸν
1806 2745 1864 2798 δὲ
1906 2762 2043 2819 προ-

349 2823 564 2880 εστῶτα
596 2825 779 2891 καλῶς
809 2828 930 2881 οὐδὲ
966 2828 1171 2884 τούτων
1209 2829 1292 2884 δεῖ
1323 2834 1710 2904 καταφρονεῖν,
1738 2832 1875 2887 ἀλλά
1908 2834 2045 2905 πρὸς

349 2913 600 2978 ἅπαντας
622 2915 752 2987 περὶ
784 2908 859 2971 ὧν
893 2915 958 2971 ἂν
1000 2917 1299 2987 ἐγκαλῶσι,
1328 2918 1645 2975 διαλύεσθαι
1674 2921 1815 2994 μετὰ
1841 2923 2045 2995 πολλῆς

349 3001 453 3073 τῆς
484 3004 793 3069 ἐπιεικείας
825 3007 922 3061 καὶ
966 3008 1275 3079 πραότητος
1295 3049 1310 3074 ,
1345 3009 1793 3080 συγγινώσκοντα
1843 3013 2045 3084 μᾶλλον

351 3093 542 3158 αὐτοῖς
580 3097 681 3166 τῆς
711 3095 908 3165 ἀλόγου
950 3098 1215 3169 μέμψεως
1248 3100 1280 3171 ἢ
1311 3099 1730 3169 ἀγανακτοῦντα
1763 3104 1858 3157 καὶ
1892 3104 2048 3176 ὀργι-

352 3179 605 3255 ζόμενον.
642 3184 704 3237 El
747 3183 858 3257 7&9
889 3188 917 3240 ὁ
953 3187 1228 3259 μακάριος
1264 3188 1512 3254 Παῦλος,
1560 3190 1635 3263 μὴ
1680 3191 1884 3264 κλοπῆς
1918 3189 2052 3245 ὑπό-

352 3291 500 3328 νοιαν
570 3270 710 3346 λάϐῃ
741 3273 894 3346 παρά
934 3277 1048 3339 τοῖς
1080 3276 1375 3348 μαθηταῖς,
1417 3277 1614 3343 ἔδεισε,
1644 3279 1743 3333 καὶ
1764 3278 1853 3333 διὰ
1885 3279 2046 3334 τοῦτο

352 3358 659 3427 προσέλαϐε
690 3360 788 3415 καὶ
818 3361 1039 3433 ἐτέρους
1059 3365 1139 3427 είς
1155 3364 1254 3437 τὴν
1279 3364 1390 3420 τῶν
1420 3366 1722 3438 χρημάτων
1744 3367 2043 3434 διακονίαν,

354 3443 493 3499 Ἵνα
516 3446 604 3516 μή
634 3464 726 3514 τις
755 3445 915 3518 ἡμᾶς
930 3451 1313 3519 μωμήσηται,
1345 3458 1533 3525 φησὶν,
1566 3456 1636 3510 ἐν
1657 3454 1733 3524 τῇ
1763 3456 2047 3525 ἁδρότητι

354 3533 541 3603 ταύτῃ
571 3533 650 3603 τῇ
686 3533 1126 3607 διακονουμένῃ
1162 3540 1265 3609 ὑφ’
1308 3540 1506 3613 ἡμῶνο
1552 3541 1707 3616 [429]
1741 3543 1861 3607 πῶς
1894 3544 2047 3614 ἡμᾶς

352 3622 415 3674 οὐ
457 3622 637 3677 πάντα
668 3622 752 3677 δεῖ
779 3628 955 3679 ποιεῖν
1005 3626 1149 3681 ὥστε
1198 3627 1299 3692 τάς
1342 3631 1589 3703 πονηρὰς
1627 3633 1876 3703 ἀναιρεῖν
1907 3632 2048 3687 ὑπο-

351 3713 504 3783 φίας,
535 3713 639 3769 κᾶν
670 3714 907 3785 ψευδεῖς,
940 3717 1043 3772 κᾶν
1067 3719 1346 3789 ἀλόγιστοι
1372 3722 1715 3792 τυγχάνωσιν
1742 3718 1921 3788 οὖσαι,
1944 3722 2049 3778 κᾶν

356 3802 565 3875 σφόδρα
620 3806 721 3876 τῆς
768 3805 1052 3877 ἡμετέρας
1101 3807 1350 3879 ἀπέχωσι
1394 3809 1588 3881 δόξηςς
1647 3810 1878 3876 Οὐδενὸς
1935 3811 2047 3885 7&9

355 3892 754 3964 ἁμαρτήματος
781 3893 1036 3949 τοσοῦτον
1058 3897 1222 3967 ἡμεῖς
1243 3898 1656 3970 ἀφεστήκαμεν,
1683 3900 1808 3953 ὅσον
1833 3899 2049 3972 κλοπῆς

353 3981 382 4033 ό
410 3978 642 4045 Παῦλος.
674 3980 817 4035 Ἀλλ’
847 3981 997 4051 ὅμως
1030 3984 1125 4037 καὶ
1157 3983 1412 4040 τοσοῦτον
1444 3985 1778 4058 ἀφεστηκὼς
1810 3988 1910 4059 τῆς
1949 4005 2050 4042 πο-

355 4070 528 4140 νηρᾶς
576 4068 785 4139 ταύτης
818 4068 1106 4141 πράξεως,
1155 4072 1277 4126 οὐδὲ
1309 4072 1485 4139 οὑτως
1516 4074 1764 4146 ἠμέλησε
1796 4075 1897 4147 τῆς
1935 4074 2048 4130 τῶν

357 4156 571 4212 πολλῶν
606 4157 886 4224 ὑπονοίας,
924 4159 1102 4214 καίτοι
1128 4160 1250 4216 λίαν
1276 4159 1447 4233 οὔσης
1470 4161 1670 4232 ἀλόγου
1711 4164 1807 4217 καὶ
1838 4162 2048 4235 μανιώ-

353 4245 480 4311 δους
505 4263 520 4279 ο
555 4247 726 4319 μανία
758 4257 781 4288 c
809 4248 919 4327 γὰρ
960 4245 1032 4322 ἦν
1061 4250 1305 4305 τοιοῦτον
1332 4224 1673 4308 ὑποπτεῦσαί
1704 4270 1758 4307 τι
1789 4224 1925 4325 πέρῖ
1948 4253 2049 4325 τῆς

360 4338 642 4411 μακαρίας
674 4340 771 4394 καὶ
800 4340 1125 4413 θαυμαστῆς
1164 4342 1383 4414 ἐκείνης
1421 4344 1688 4416 κεφαλῆς.
1732 4344 1872 4399 Ἀλλ’
1897 4346 2049 4416 ὅμως

356 4427 510 4481 οὐδὲν
534 4423 699 4501 ἦττον
731 4429 824 4484 καὶ
858 4430 1065 4502 ταύτης
1097 4430 1197 4503 τῆς
1220 4431 1458 4502 ὑποψίας
1491 4434 1591 4504 τῆς
1619 4433 1795 4498 οὕτως
1818 4434 2046 4503 ἀλόγου,

357 4515 451 4568 καὶ
478 4514 546 4585 ἢν
581 4515 759 4581 οὐδεὶς
791 4516 857 4571 ἂν
895 4517 972 4589 μὴ
1002 4519 1333 4589 παραπαίων
1371 4518 1725 4583 ὑπώπτευσε,
1762 4522 2049 4594 πόρρωθεν

357 4603 573 4670 ἀναιρεῖ
613 4604 713 4669 τὰς
760 4605 974 4670 αἰτίαςο
1022 4608 1118 4660 καὶ
1154 4609 1215 4662 οὐ
1256 4607 1515 4663 διέπτυσε
1550 4608 1649 4680 τὴν
1680 4608 1789 4665 τῶν
1835 4589 2050 4665 πολλῶν
2073 4589 2110 4607 ἢ

354 4689 567 4752 ἄνοιαν,
590 4691 714 4747 οὐδὲ
733 4687 875 4746 εἷπε
906 4692 1027 4747 Τίνι
1046 4694 1154 4767 7&9
1180 4693 1247 4750 ἂν
1269 4695 1490 4750 ἐπέλθοι
1511 4698 1645 4751 ποτὲ
1671 4697 1899 4752 τοιαῦτα
1919 4699 2052 4771 περὶ

355 4778 518 4851 ἡμῶν
550 4780 820 4846 ὑπονοεῖν,
850 4784 946 4836 καὶ
965 4783 1073 4837 ἀπὸ
1096 4782 1205 4838 τῶν
1235 4784 1480 4857 σημείων
1502 4786 1599 4840 καὶ
1621 4785 1733 4838 ἀπὸ
1751 4786 1853 4856 τῆς
1878 4788 2051 4842 ἐπιει-

357 4869 516 4934 κείας
545 4869 646 4941 τῆς
681 4872 741 4925 ὲν
775 4870 852 4942 τῷ
892 4872 994 4944 βίῳ
1043 4873 1264 4928 πάντων
1304 4876 1456 4946 ἡμᾶς
1498 4873 1594 4929 καὶ
1637 4875 1927 4947 τιμώντων
1955 4877 2052 4932 καὶ

358 4958 795 5032 θαυμαζόντων;
835 4961 953 5016 ἀλλ’
987 4962 1133 5017 ἅπαν
1174 4963 1511 5029 τούναντίον,
1544 4965 1638 5018 καὶ
1673 4964 1926 5019 ὑπείδετο
1955 4965 2051 5021 καὶ

359 5048 730 5121 προσεδόκησε
761 5048 790 5089 ἀ
822 5050 1031 5123 ταύτην
1050 5051 1151 5124 τὴν
1178 5051 1427 5124 πονηράν
1450 5052 1730 5119 ὑπόνοιαν,
1756 5056 1853 5109 καὶ
1876 5055 2050 5127 πρόρ-

359 5139 509 5211 ριζον
556 5139 728 5211 αὐτὴν
758 5141 1059 5210 ἀνέσπασε,
1108 5142 1309 5214 μᾶλλον
1353 5141 1413 5196 δὲ
1445 5143 1568 5198 οὐδὲ
1617 5142 1781 5213 φῦναι
1811 5144 1912 5216 τὴν
1954 5144 2054 5216 ἀρ-

357 5223 462 5296 χὴν
507 5224 707 5298 ἀφῆκε.
756 5227 855 5283 Διά
891 5229 975 5296 τί;
1020 5231 1408 5300 Προνοοῦμεν
1451 5232 1597 5302 γὰρ,
1633 5230 1804 5301 φησὶ,
1852 5232 2049 5298 καλὰ,

357 5314 432 5369 οὐ
453 5313 647 5383 μόνον
668 5316 925 5372 ἐνώπιον
945 5319 1190 5387 Κυρίου,
1219 5319 1384 5376 ἀλλὰ
1412 5319 1513 5374 οιαὶ
1540 5318 1801 5375 ἐνώπιον
1830 5318 2055 5388 ἀνθρώ-

356 5414 511 5457 πων.
559 5401 811 5477 Τοσαύτη
860 5405 963 5471 δεῖ,
1011 5405 1214 5477 μᾶλλον
1253 5407 1310 5462 δὲ
1359 5408 1454 5464 καὶ
1498 5408 1706 5464 πλείονι
1749 5407 2053 5480 κεχρῆσθαι

422 5587 450 5615 ⁸
474 5587 682 5648 Quidam
716 5605 832 5642 mss.
858 5593 1143 5652 ἐπιϐοηθεῖν.

418 5646 449 5689 δ
475 5653 677 5699 Aliquot
702 5668 817 5699 mss.
840 5671 910 5699 nc
931 5658 1056 5699 εἴποι
1081 5659 1165 5699 τάξ
1193 5658 1248 5699 ἐκ
1265 5661 1349 5699 τῆς
1371 5655 1425 5699 λῦ

421 5653 449 5689 δ
475 5653 677 5714 Aliquot
702 5668 817 5704 mss.
840 5671 911 5712 τις
931 5658 1056 5705 εἴποι
1081 5659 1165 5713 τὰς
1193 5658 1248 5706 ἐκ
1265 5661 1349 5716 τῆς
1371 5655 1522 5714 λύπης
1550 5656 1743 5720 βλάϐας.

421 5719 445 5792 ξ
604 5717 788 5792 μανίας.
816 5717 925 5792 θερι
953 5720 1109 5792 Sayﬂ.
1130 5724 1184 5768 et
1217 5719 1554 5792 εψὶκεφοιλῇςζ
1571 5717 1748 5792 Mql‘el.
1769 5721 1942 5792 ψυχῆς.

418 5785 448 5818 ι
471 5776 565 5827 Alii
609 5780 690 5827 καὶ
722 5781 911 5843 προεῖδε
945 5783 1027 5831 καὶ
1060 5798 1203 5845 προσ.
1237 5780 1367 5832 Infra
1392 5776 1503 5832 IaliiV
1529 5781 1681 5843 ama;
1716 5776 2053 5846 προνοούμενοι

361 5838 467 5911 κάρα

1135 323 1195 380 S.
1227 322 1516 381 JOANNIS
1549 321 1687 380 CRB
1698 320 2012 380 YSOSTON

2224 319 2407 385 .HIEP.
2437 321 2991 381 ΟΟΝΒΤΑΝΤΙΝΟΡ.

2152 438 2384 512 σπουδῇ,
2407 438 2550 494 ὥστε
2572 440 2648 513 μὴ
2674 441 2839 514 μόνον
2856 439 3153 513 αίρομένας
3178 440 3469 512 κατασπᾷν
3494 441 3592 497 καὶ
3608 442 3871 496 κωλύειν

2149 526 2248 590 τὰς
2282 527 2473 600 φήμας
2507 528 2606 594 τὰς
2634 529 2736 584 οὐκ
2762 529 2999 600 ἀγαθὰς,
3030 528 3167 584 ἀλλά
3195 530 3291 583 καὶ
3316 529 3604 603 πόρρωθεν
3617 530 3755 584 ὅθεν
3788 530 3871 586 δν

2151 616 2400 685 γένοιντο
2429 620 2692 690 προορᾷν,
2733 619 2829 674 καὶ
2861 619 2964 683 τὰς
2995 617 3302 690 προφάσεις
3337 617 3399 683 ἐξ
3443 611 3520 672 ῶν
3558 618 3869 675 τίκτονταε

2152 709 2528 777 προαναιρεῖν,
2560 706 2657 759 καὶ
2683 705 2759 779 μὴ
2794 711 3114 780 περιμένειν
3134 706 3306 771 αὐτάς
3333 706 3624 777 συστῆναι,
3653 708 3764 761 καὶ
3800 709 3872 760 ὲν

2149 795 2263 857 τοῖς
2308 791 2419 846 τῶν
2461 793 2671 848 πολλῶν
2711 793 3176 867 διαθρυλληθῆναι
3215 794 3468 866 στόμασι.
3518 795 3870 866 Τηνικαῦτα

2149 880 2259 953 7&9
2291 879 2415 936 οὐτε
2442 881 2677 956 εὐπορον
2697 882 2867 948 αὐτάς
2897 882 3162 954 ἀφανίσαι
3187 882 3395 948 λοιπὸν,
3423 881 3561 938 ἀλλά
3589 884 3690 939 καὶ
3719 884 3871 939 λίαν

2148 966 2429 1043 δυσχερὲς,
2463 970 2608 1043 τάχα
2631 971 2691 1025 δὲ
2725 971 2820 1026 καὶ
2846 971 3140 1026 ἀδύνατον
3168 970 3295 1026 οὔτε
3330 973 3569 1044 ἀζήμιον
3591 971 3670 1044 τῷ
3701 973 3864 1045 μετά

2148 1058 2249 1126 τὴν
2274 1057 2385 1112 τῶν
2413 1059 2625 1114 πολλῶν
2673 1057 2879 1131 βλάϐην
2909 1059 3067 1114 τοῦτο
3093 1059 3373 1130 γενέσθαι.
3402 1060 3568 1116 Ἀλλά
3599 1061 3716 1133 7&9
3753 1062 3867 1131 μέ-

2149 1162 2243 1218 χρι
2270 1145 2417 1212 τίνος
2446 1147 2509 1201 οὑ
2551 1149 2822 1219 στήσομαι
2848 1146 3061 1202 διώκων
3088 1148 3331 1221 ἀκίχητα
3351 1165 3366 1215 ;
3389 1149 3452 1204 τὸ
3474 1148 3587 1220 7&9
3617 1149 3863 1213 ἁπάσας

2147 1233 2250 1298 τὰς
2297 1235 2416 1289 ἐκεῖ
2460 1234 2782 1309 δυσχερείας
2818 1235 3167 1305 καταλέγειν,
3201 1236 3357 1292 οὐδὲν
3387 1236 3576 1310 ἕτερόν
3611 1239 3780 1292 ἐστιν
3824 1237 3863 1308 ἢ

2151 1321 2390 1393 πέλαγος
2435 1325 2785 1396 ἀναμετρεῖν.
2830 1325 2943 1379 Καὶ
2987 1324 3096 1396 γὰρ
3133 1324 3263 1380 ὅταν
3303 1341 3387 1387 τις
3426 1325 3592 1390 αὐτὸς
3634 1325 3864 1389 παντὸς

2151 1409 2468 1484 καθαρεύσῃ
2516 1410 2754 1477 πάθους,
2787 1412 2817 1466 ὃ
2846 1411 2958 1466 τῶν
2993 1412 3275 1467 ἀδυνάτων
3306 1414 3477 1477 ιστὶν,
3510 1413 3602 1485 [va
3628 1413 3703 1467 1&
3732 1413 3864 1468 τῶν

2148 1498 2328 1554 ἀλλων
2359 1498 2716 1572 έπανορθώσῃ
2752 1500 3094 1572 πταίσματα,
3133 1501 3307 1573 μυρία
3333 1500 3632 1573 ὑπομένειν
3662 1503 3864 1571 ἀναγ-

2149 1586 2379 1652 κάζεται
2404 1588 2586 1643 δεινά·
2621 1588 3030 1660 προστεθέντων
3062 1590 3123 1645 δὲ
3160 1590 3255 1644 καὶ
3277 1589 3388 1646 τῶν
3428 1590 3650 1645 οίκείων
3675 1606 3861 1661 νοση-

2151 1676 2363 1748 μάτων,
2389 1676 2489 1733 θέα
2517 1677 2618 1750 τὴν
2645 1676 2881 1733 ἄϐυσσον
2907 1676 3017 1732 τῶν
3047 1676 3224 1732 πόνων
3255 1678 3479 1734 καὶτῶν
3510 1678 3857 1751 φροντίδων,

2150 1765 2245 1820 καὶ
2272 1766 2376 1820 ὅσα
2406 1766 2639 1838 πάσχειν
2678 1768 2896 1838 ἀνάγκη
2923 1767 3035 1821 τῶν
3073 1784 3133 1821 τε
3163 1768 3382 1824 οίκείων
3411 1768 3511 1822 καὶ
3534 1767 3653 1823 τῶν
3684 1768 3862 1823 ἀλλο-

2148 1854 2315 1927 τρίων
2349 1855 2674 1927 βουλόμενον
2701 1856 3086 1929 περιγενέσθαι
3121 1857 3331 1914 κακῶν.

2223 2030 2274 2082 ι’.
2311 2026 2423 2080 Kal
2458 2027 2488 2081 ό
2520 2024 2898 2091 ΒΑΣΙΛΕΙΟΣ,
2928 2025 3043 2081 Νῦν
3075 2027 3158 2095 δὲ,
3198 2026 3386 2100 φησὶν,
3416 2026 3593 2093 οὐδείς
3620 2044 3711 2082 σοι
3738 2027 3855 2082 τῶν

2149 2111 2329 2167 πόνων
2366 2112 2572 2168 τούτων
2597 2111 2771 2182 ἀγὼν,
2807 2113 2929 2168 οὐδὲ
2958 2115 3245 2185 φροντίδας
3272 2126 3295 2157 ο
3325 2113 3492 2186 ἔχεις,
3532 2113 3680 2170 κατά
3713 2129 3855 2169 σαυ-

2148 2196 2241 2252 τὸν
2269 2197 2365 2253 ῶν.
2397 2200 2735 2254 ΧΡΥΣΟΣΤ.
2770 2200 2922 2271 Ἕχω
2952 2201 3071 2271 μὲν,
3096 2200 3256 2274 ἔφην,
3289 2202 3386 2256 καὶ
3411 2200 3509 2255 νῦν
3529 2217 3543 2233 ⁸
3577 2198 3703 2264 πῶς
3742 2202 3855 2271 7&9

2150 2287 2321 2355 ἐστιν,
2348 2288 2636 2363 ἄνθρωπον
2662 2288 2792 2344 ὄντα
2817 2288 3022 2345 καὶτὸν
3043 2290 3387 2362 πολύμοχθον
3404 2289 3594 2344 τοῦτον
3618 2288 3856 2359 βιοῦντα

2151 2373 2287 2446 βίον,
2337 2376 2636 2448 φροντίδων
2690 2376 3043 2449 ἀπηλλάχθαι
3085 2377 3184 2431 καὶ
3228 2376 3511 2447 ἀγωνίας;
3559 2376 3703 2431 Ἀλλ’
3750 2377 3857 2431 οὐκ

2150 2463 2300 2519 ἔστιν
2330 2465 2445 2519 ἴσον
2471 2467 2552 2531 εἰς
2596 2464 2834 2536 πέλαγος
2871 2467 3101 2538 ἄπειρον
3133 2467 3422 2545 ἐμπεσεῖν,
3465 2465 3562 2521 καὶ
3593 2465 3857 2537 ποταμὸν

2151 2553 2494 2626 παραπλεῖν
2528 2554 2785 2610 τοσοῦτον
2816 2554 2929 2627 7&9
2967 2554 3178 2610 τούτων
3231 2555 3505 2610 κάκείνων
3539 2554 3655 2609 τῶν
3690 2572 3857 2626 φρον-

2150 2643 2309 2697 τίδων
2337 2643 2399 2697 τὸ
2432 2642 2617 2715 μέσον.
2646 2643 2763 2698 Νῦν
2795 2644 2893 2718 μὲν
2923 2645 3035 2716 7&9
3066 2646 3115 2700 εί
3145 2644 3247 2716 μὲν
3270 2644 3564 2715 δυνηθείην
3594 2645 3696 2700 καὶ
3728 2643 3854 2698 ἑτέ-

2155 2748 2270 2806 ροις
2303 2731 2558 2801 γενέσθαι
2592 2735 2883 2806 χρήσιμος,
2927 2733 3225 2805 βουλοίμην
3273 2732 3340 2787 ἂν
3378 2734 3475 2788 καὶ
3518 2733 3723 2800 αὐτὸς,
3756 2732 3854 2788 καὶ

2152 2819 2359 2891 πολλῆς
2407 2837 2499 2889 μοι
2529 2820 2688 2874 τοῦτο
2715 2820 2877 2892 ἔργον
2915 2821 3080 2893 εὐχῆς
3100 2837 3114 2851 ·
3156 2822 3206 2874 εί
3235 2820 3294 2874 δὲ
3337 2821 3439 2874 οὐκ
3466 2820 3616 2875 ἐστιν
3652 2821 3853 2893 ἔτερον

2151 2908 2367 2979 ὀνῆσαι,
2413 2908 2649 2980 ἐμαυτὸν
2681 2908 2814 2978 γοῦν
2847 2909 2943 2964 ὲάν
2979 2908 3271 2979 ἐγγένηται
3311 2907 3580 2965 διασῶσαι
3608 2908 3715 2965 καὶ
3752 2906 3850 2964 τοῦ

2152 2998 2423 3062 κλύδωνος
2446 2996 2670 3065 ἐξελεῖν,
2694 2997 3113 3070 ἀρκεσθήσομαι
3140 2996 3339 3069 τούτῳ.
3366 2992 3522 3064 Εἶτα,
3559 2997 3729 3052 τοῦτο
3745 2997 3851 3052 οἴει

2155 3085 2332 3159 μέγα,
2371 3085 2556 3158 φησὶν,
2587 3081 2749 3151 εἶναι,
2798 3087 2827 3140 ό
2859 3086 3241 3151 ΒΑΣΙΛΕΙΟΣ,
3276 3087 3413 3151 ὅλως
3450 3085 3507 3140 δὲ
3542 3086 3641 3141 καὶ
3670 3086 3850 3158 σωθή-

2155 3173 2341 3229 σεσθαι
2374 3172 2648 3246 νομίζεις,
2682 3173 2886 3245 ἑτέρων
2913 3172 3144 3246 μηδενὶ(
3180 3175 3475 3246 γενόμενος
3531 3177 3845 3249 χρήσιμοςς

2152 3264 2488 3319 ΧΡΥΣΟΣΤ.
2526 3262 2680 3337 1450]
2715 3258 2791 3318 Εὖ
2821 3264 2916 3318 καὶ
2942 3262 3147 3328 καλῶς,
3198 3264 3361 3336 ἔφην,
3402 3264 3635 3336 εἴρηκας
3662 3281 3678 3297 ·
3729 3263 3845 3318 οὐδὲ

2152 3352 2263 3425 γὰρ
2292 3352 2454 3415 αὐτὸς
2479 3351 2639 3406 τοῦτο
2661 3350 2943 3406 πιστεύειν
2970 3350 3105 3423 ἔχω,
3132 3354 3219 3406 ὅτι
3251 3351 3521 3417 σώζεσθαι
3545 3351 3733 3407 ἔνεστι
3757 3352 3848 3406 τὸν

2152 3441 2308 3496 οὐδὲν
2334 3442 2414 3505 είς
2435 3441 2534 3513 τὴν
2563 3441 2658 3495 τοῦ
2686 3439 2915 3512 πλησίον
2943 3440 3224 3511 κάμνοντα
3247 3442 3546 3514 σωτηρίαν.
3571 3441 3714 3496 Οὐδὲ
3742 3441 3849 3514 γὰρ

2155 3531 2367 3584 ἐκεῖνον
2392 3527 2486 3582 τὸν
2515 3527 2751 3583 δείλαιον
2784 3526 2966 3599 ώνησέ
2996 3546 3052 3582 τι
3084 3528 3148 3581 τὸ
3182 3528 3258 3600 μὴ
3292 3527 3524 3599 μειῶσαι
3550 3528 3614 3583 τὸ
3645 3530 3850 3585 τάλαν-

2152 3633 2268 3684 τον,
2327 3616 2464 3671 ἀλλά
2499 3616 2594 3670 καὶ
2624 3615 2873 3670 ἀπώλεσε
2916 3615 2980 3670 τδ
3022 3614 3098 3688 μὴ
3143 3616 3432 3670 πλεονάσαι
3475 3616 3572 3671 καὶ
3620 3615 3850 3671 διπλοῦν

2154 3708 2566 3780 προσενεγκεῖν.
2602 3704 2751 3777 Πλὴν
2780 3705 2897 3760 ἀλλ’
2933 3705 3351 3775 ἐπιεικεστέραν
3386 3722 3479 3777 μοι
3516 3704 3619 3778 τὴν
3665 3722 3846 3777 τιμω-

2158 3794 2282 3867 ρίαν
2309 3787 2469 3865 οἷμαι
2493 3792 2714 3848 ῑσεσθαι
2738 3791 3131 3865 ἐγκαλουμένῳ
3158 3793 3247 3847 διὰ
3279 3793 3333 3847 τί
3379 3793 3457 3865 μὴ
3483 3792 3581 3847 καὶ
3618 3793 3847 3865 ἐτέρους

2154 3883 2358 3949 ἔσωσα,
2375 3882 2408 3954 ἥ
2424 3882 2474 3936 εί
2489 3882 2584 3936 καὶ
2597 3882 2625 3924 σ
2645 3882 2733 3935 ἑτέ
2741 3898 2871 3953 ρους
2886 3882 2981 3936 καὶ
2995 3881 3233 3953 ἐμαυτὸν
3255 3879 3681 3953 προσαπώλεσα,
3709 3879 3844 3934 πολὺ

2154 3970 2355 4044 χείρων
2398 3969 2689 4042 γενόμενος
2723 3967 2868 4041 μετά
2905 3969 3007 4042 τὴν
3036 3968 3309 4041 τοσαύτην
3349 3971 3536 4041 τιμήν.
3582 3967 3704 4023 Νῦν
3753 3967 3845 4040 μὲν

2153 4059 2265 4133 7&9
2303 4057 2578 4131 τοσαύτην
2623 4056 2845 4112 ἔσεσθαί
2890 4074 2982 4129 μοι
3012 4057 3257 4112 πιστεύω
3293 4056 3395 4130 τὴν
3426 4056 3670 4122 κόλασιν,
3714 4058 3844 4126 ὅσην

2154 4149 2381 4204 ἀπαιτεῖ
2405 4147 2515 4202 τῶν
2555 4146 2971 4222 ἁμαρτημάτων
2998 4146 3059 4202 τὸ
3093 4145 3355 4218 μέγεθοςο
3403 4145 3545 4217 μεεά
3567 4146 3627 4201 δὲ
3665 4146 3737 4203 τδ
3766 4144 3845 4200 δέ·

2157 4236 2353 4303 ξασθαι
2393 4234 2493 4308 τὴν
2530 4236 2735 4309 ἀρχὴν,
2765 4236 2828 4290 οὐ
2869 4234 3066 4306 διπλῆν
3099 4235 3262 4307 μόνον
3297 4234 3393 4289 καὶ
3420 4234 3675 4307 τριπλῆν,
3710 4234 3844 4290 ἀλλά

2155 4327 2252 4383 καὶ
2276 4324 2737 4391 πολλαπλασίονα,
2763 4322 2842 4396 τῷ
2860 4341 2922 4378 τε
2952 4323 3205 4388 πλείονας
3232 4323 3608 4389 σκανδαλίσαι,
3644 4325 3749 4378 καὶ
3773 4321 3845 4392 τῷ

2159 4414 2300 4488 μετά
2343 4414 2568 4487 μείζονα
2599 4414 2767 4486 τιμὴν
2800 4411 3182 4485 προσκροῦσαι
3220 4411 3300 4484 τῷ
3333 4412 3660 4485 τετιμηκότι
3702 4410 3841 4483 Θεῷ.

2208 4510 2275 4558 ια’
2287 4543 2300 4558 .
2316 4502 2416 4556 Διά
2427 4520 2507 4556 τοι
2523 4501 2682 4556 τοῦτο
2698 4499 2914 4555 καὶτῶν
2931 4500 3282 4573 Ἰσραηλιτῶν
3303 4501 3665 4573 σφοδρότερον
3680 4516 3845 4571 κατη-

2156 4592 2359 4665 γορῶν,
2392 4593 2567 4663 τούτῳ
2587 4589 2861 4644 δείκνυσιν
2887 4590 3084 4651 αὐτοὺς
3107 4588 3352 4661 μείζονος
3376 4590 3541 4654 ὄντας
3568 4588 3843 4651 κολάσεως

2157 4685 2345 4752 ἀξίους
2376 4682 2456 4755 τῷ
2492 4683 2632 4754 μετά
2658 4682 2727 4737 τά
2751 4684 2881 4754 παρ’
2907 4681 3072 4744 αὐτοῦ
3102 4682 3407 4754 γενομένας
3430 4684 3512 4747 είς
3539 4683 3748 4747 αὐτοὺς
3772 4698 3845 4736 τι-

2161 4778 2270 4847 μάς
2300 4774 2590 4844 ἁμαρτεῖν,
2630 4769 2764 4825 ποτὲ
2792 4769 2892 4841 μὲν
2919 4770 3123 4839 λέγων·
3152 4770 3331 4839 Πλὴν
3362 4770 3521 4841 ὑμᾶς
3555 4771 3759 4842 ἔγνων
3781 4769 3843 4825 ἐκ

2159 4861 2377 4917 πασῶν
2400 4860 2522 4915 τῶν
2548 4857 2765 4930 φυλῶν
2789 4856 2897 4925 τῆς
2920 4857 3056 4927 γῆς,
3088 4856 3188 4914 διὰ
3218 4859 3397 4913 τοῦτο
3421 4859 3732 4927 ἐκδικήσω
3756 4857 3840 4927 ἐφ’

2159 4952 2317 5023 ὑμᾶς
2341 4951 2447 5015 τὰς
2469 4948 2750 5015 ἀσεϐείας
2770 4946 2801 4987 ιι
2833 4946 3029 5016 ὑμῶν’
3058 4947 3189 5001 ποτὲ
3218 4947 3277 5002 δέ
3297 4965 3312 4980 ο
3345 4949 3610 5003 Ἐλαόον
3633 4948 3706 5003 ἐκ
3732 4946 3842 5003 τῶν

2158 5041 2308 5096 υἱῶν
2350 5037 2519 5108 ὑμῶν
2563 5038 2646 5100 είς
2694 5035 3045 5105 προφήτας,
3090 5036 3190 5090 καί
3235 5036 3307 5091 ἐκ
3339 5035 3460 5090 τῶν
3503 5036 3841 5092 νεανίσκων

2158 5128 2328 5201 ὑμῶν
2354 5130 2443 5193 εἰς
2478 5126 2801 5197 ἁγιασμόν.
2840 5124 2950 5178 Kal
2983 5123 3097 5197 πρὸ·
3132 5123 3240 5179 τῶν
3280 5123 3579 5196 προφητῶν
3614 5124 3710 5179 ἐπὶ
3739 5122 3841 5178 τῶν

2161 5220 2366 5276 θυσιῶν
2400 5216 2573 5283 δεῖξαι
2615 5213 2941 5286 βουλόμενος
2967 5214 3050 5267 ὅτι
3088 5213 3158 5268 τὰ
3197 5213 3574 5287 ἁμαρτήματα
3622 5211 3840 5286 μείζονα

2160 5308 2442 5381 ἐκδέχεται
2488 5305 2669 5377 πολλῷ
2705 5303 2806 5376 τὴν
2846 5302 3138 5374 τιμωρίαν,
3182 5304 3313 5358 ὅταν
3361 5304 3466 5358 ὑπὸ
3510 5302 3620 5358 τῶν
3656 5302 3841 5376 ἱερέων

2162 5399 2403 5471 γίνηται,
2443 5396 2627 5469 ἧόταν
2652 5395 2759 5450 ὑπὸ
2783 5391 2892 5447 τῶν
2917 5392 3166 5461 ἰδιωτῶν,
3203 5394 3534 5466 προστάττει
3573 5390 3839 5460 τοσαύτην

2225 5592 2246 5614 ⁸
2271 5590 2423 5641 εενὶι.
2447 5593 2502 5639 et
2516 5588 2723 5638 maxima
2748 5598 2861 5649 pars
2881 5598 2995 5649 mss.
3023 5584 3079 5632 οὗ
3105 5583 3175 5649 δεῖ
3197 5599 3284 5649 σοι.
3306 5581 3500 5649 πόνων,
3511 5579 3637 5649 Δοὐδὲ
3658 5575 3836 5649 φροντί-

2162 5656 2261 5710 δας.
2288 5653 2463 5703 Morel.
2488 5652 2641 5707 οὐδείς
2663 5666 2741 5698 σοι
2752 5641 2855 5696 ’τῶν
2878 5648 3036 5696 πόνων
3058 5646 3241 5695 τούτων
3264 5642 3409 5702 ἀγὼν,
3450 5641 3559 5692 οὐδὲ

2233 5713 2253 5755 ί
2283 5714 2381 5776 Alii
2406 5714 2553 5776 ἑτέρῳ
2579 5710 2758 5776 μηδενί.

2228 5781 2254 5818 Β
2277 5772 2373 5826 Alii
2396 5771 2632 5831 ἔσωσα,’ἦ
2658 5771 2783 5821 διατί
2805 5772 2901 5820 καί.

2228 5838 2257 5878 ³
2283 5840 2382 5890 Alii
2405 5838 2489 5894 τὰς
2514 5835 2716 5891 ἀδικίας.
