3942 6400
271 384 371 441 685

274 499 418 562 dare,
448 467 708 552 muli‘ercs
721 509 853 552 vero
883 494 1151 565 negligere
1176 510 1189 546 :
1219 507 1321 562 qua
1344 492 1395 544 in
1418 506 1478 546 re
1502 491 1706 560 majore
1728 504 1864 560 opus

275 601 356 646 est
395 588 735 658 providentia
756 628 772 655 ,
804 585 945 658 quod
983 585 1050 640 ad
1082 583 1410 656 peccandum
1439 582 1525 637 hic
1550 595 1711 637 sexus
1740 596 1865 650 pro-

277 683 429 737 clivis
454 682 558 742 sit;
593 680 688 735 sed
728 687 938 748 oportet
974 691 1099 732 eum
1141 676 1229 745 qui
1248 676 1612 746 episcopatum
1639 674 1865 728 sortitus

275 775 378 837 sit,
428 787 616 826 earum
646 769 895 825 curandae
923 767 1311 830 incolumitati,
1339 769 1384 821 si
1417 781 1522 821 non
1551 765 1810 835 majorem
1844 805 1862 831 ,

199 889 204 894 ε
275 872 420 918 certe
437 878 619 932 parem
636 860 1046 916 sollicitudinem
1072 858 1398 928 impendere.
1415 857 1646 913 Necesse
1672 857 1867 926 quippe

275 963 355 1007 est
378 953 502 1006 illas
529 954 760 1008 invisere
788 959 1143 1022 aegrotantes,
1175 951 1439 1005 consolari
1480 949 1751 1019 lugentes,
1784 947 1865 1001 in-

272 1058 496 1113 crepare
549 1043 837 1109 socordes,
891 1044 1080 1112 juvare
1149 1042 1471 1097 laborantes.
1550 1042 1685 1095 Dum
1750 1040 1866 1095 haec

274 1153 404 1191 vero
434 1136 588 1203 ﬁunt,
609 1137 805 1192 multos
827 1135 1116 1205 adrependi
1146 1136 1318 1190 aditus
1339 1136 1572 1189 inveniet
1601 1135 1865 1204 malignus

273 1229 385 1292 ille,
420 1227 521 1282 nisi
552 1228 672 1297 quis
711 1237 963 1281 accurata
1014 1241 1073 1282 se
1117 1227 1360 1282 custodia
1392 1227 1617 1281 muniat.
1652 1225 1862 1278 Etenim

271 1337 380 1376 non
411 1321 691 1390 impudicae
717 1321 910 1387 solum,
935 1320 1029 1375 sed
1053 1319 1256 1390 pudicae
1279 1321 1442 1374 etiam
1475 1318 1712 1392 mulieris
1737 1333 1865 1372 ocu-

271 1414 356 1467 lus
381 1412 616 1466 animum
647 1410 802 1475 ferit,
827 1411 1160 1466 adulationes
1187 1412 1502 1475 emolliunt,
1537 1410 1771 1464 honores
1807 1410 1860 1463 in

270 1506 583 1560 servitutem
634 1505 925 1575 redigunt:
971 1505 1274 1574 caritasque
1308 1503 1552 1568 fervens,
1598 1501 1862 1557 bonorum

269 1610 432 1650 causa
459 1595 718 1660 omnium,
751 1610 852 1649 non
876 1605 1022 1650 recte
1049 1595 1137 1649 illa
1157 1595 1429 1650 utentibus
1450 1595 1709 1648 malorum
1741 1608 1861 1647 om-

273 1687 420 1741 nium
451 1701 608 1740 causa
654 1686 904 1742 eflieitur.
956 1687 1256 1757 Aliquando
1281 1687 1440 1742 etiam
1477 1686 1860 1741 sollicitudines

270 1776 580 1847 frequentes
625 1778 822 1832 mentis
870 1793 1096 1832 acumen
1146 1778 1401 1832 hebetant
1431 1820 1444 1844 ,
1481 1778 1860 1846 volucremque

270 1869 491 1939 plumbo
513 1869 817 1940 graviorem
835 1870 1083 1925 reddunt.
1098 1870 1340 1940 Denique
1366 1871 1462 1935 ira,
1486 1887 1603 1941 qum
1619 1871 1855 1924 animum

269 1961 528 2014 invaserit
556 2001 574 2028 ,
628 1959 760 2015 fumi
791 1961 959 2015 instar
987 1961 1240 2017 interiora
1271 1961 1479 2018 obtinet
1502 1963 1700 2017 omnia.
1729 1962 1859 2030 Quis

271 2049 485 2105 tandem
537 2051 740 2122 reliqua
789 2061 1066 2108 recenseat
1106 2053 1297 2106 damna
1345 2052 1364 2086 ³
1398 2094 1413 2120 ,
1465 2053 1812 2108 contumeliis
1841 2093 1856 2119 ,

269 2145 570 2209 molestias,
603 2146 986 2217 querimonias,
1018 2157 1128 2202 tum
1157 2147 1458 2217 digniorum
1481 2189 1496 2213 ,
1526 2157 1635 2200 tum
1667 2147 1858 2218 vulga-

265 2236 428 2302 rium,
460 2247 568 2291 tum
593 2237 968 2306 prudentium,
1002 2249 1110 2292 tum
1141 2237 1603 2308 imprudentium?

335 2328 392 2383 9.
423 2326 545 2382 Non
581 2345 690 2382 esse
715 2329 1124 2384 condemnandus
1153 2331 1286 2401 vulgi
1343 2331 1653 2400 suspiciones
1703 2331 1854 2384 etiam

265 2421 447 2490 falsas.
478 2447 548 2460 -—
574 2422 685 2476 lloc
714 2422 857 2477 enim
886 2423 1117 2477 maxime
1145 2438 1314 2492 genus
1341 2438 1528 2477 eorum
1555 2465 1568 2487 ,
1591 2424 1681 2494 qui
1709 2435 1857 2478 recto

261 2514 427 2567 animi
448 2513 652 2582 judicio
680 2525 886 2580 carent,
913 2515 1148 2584 querelis
1177 2515 1414 2570 deditum
1441 2524 1543 2580 est,
1577 2530 1678 2570 nec
1699 2515 1856 2570 facile

260 2609 664 2664 excusationem
707 2609 957 2665 admittit.
1001 2610 1232 2664 Probum
1270 2625 1401 2665 vero
1448 2610 1741 2664 antistitem
1787 2625 1857 2664 ne

261 2700 364 2755 hos
388 2701 602 2773 quidem
632 2711 976 2757 contemnere
1003 2718 1098 2772 par
1121 2713 1204 2757 est
1225 2745 1240 2770 ,
1283 2703 1378 2759 sed
1401 2703 1540 2773 apud
1569 2718 1757 2758 omnes
1785 2703 1856 2759 de

261 2794 457 2849 oblatis
486 2794 947 2849 criminationibus
993 2810 1113 2850 sese
1162 2811 1390 2866 purgare
1416 2837 1431 2862 ,
1484 2796 1644 2867 idque
1685 2796 1854 2851 multa

261 2900 388 2940 cum
413 2887 662 2941 comitate
688 2896 742 2941 et
767 2887 1179 2942 mansuetudine
1195 2929 1211 2954 ,
1241 2888 1449 2958 iniquas
1470 2889 1646 2958 potius
1674 2888 1854 2943 crimi-

262 2977 507 3033 nationes
531 2978 923 3033 condonantem
947 3019 962 3044 ,
995 2994 1152 3048 quam
1178 2980 1392 3048 indigne
1419 2989 1474 3034 et
1511 2995 1652 3049 {egre
1673 2979 1854 3034 feren-

263 3078 392 3122 tem.
422 3067 478 3123 Si
507 3069 648 3123 enim
681 3069 867 3124 beatus
888 3068 1084 3124 Paulus
1111 3085 1175 3122 ne
1201 3069 1254 3123 in
1295 3068 1420 3124 furti
1448 3069 1587 3139 apud
1617 3069 1851 3139 discipu-

261 3158 344 3211 los
381 3158 735 3226 suspicionem
786 3160 992 3213 veniret
1023 3160 1230 3225 timuit,
1284 3159 1508 3230 idcoque
1535 3169 1590 3214 et
1633 3160 1768 3214 alios
1798 3159 1852 3214 iu

260 3249 607 3319 pecuniarum
628 3249 1144 3305 administrationem
1171 3267 1351 3306 secum
1393 3251 1718 3321 assumpsit:
1771 3250 1854 3306 Ne

261 3341 395 3410 quis,
428 3340 617 3410 inquit,
643 3357 734 3394 nos
762 3341 1005 3412 vituperet
1034 3343 1087 3395 in
1115 3342 1211 3395 hac
1235 3342 1548 3413 plenitudine
1576 3384 1591 3408 ,
1619 3358 1732 3412 qua:
1757 3343 1854 3396 mi-

258 3433 508 3486 nistratur
535 3449 566 3486 α
591 3432 731 3487 nobis
753 3432 831 3501 (2.
861 3431 979 3488 Cor.
1000 3433 1053 3489 8.
1080 3433 1172 3498 ΞΟ)
1195 3451 1210 3499 ;
1251 3433 1518 3505 quomodo
1541 3450 1644 3489 non
1673 3435 1851 3489 omnia

260 3538 290 3576 a
319 3523 474 3578 nobis
501 3524 705 3594 agenda
728 3534 890 3589 sunt,
917 3534 978 3579 ut
1006 3541 1197 3595 pravas
1221 3528 1554 3597 suspiciones
1578 3527 1646 3583 de
1674 3529 1851 3583 medio

260 3617 528 3680 tollamus,
555 3618 656 3672 etsi
689 3618 834 3672 falstr.
858 3619 984 3684 illa},
1016 3628 1068 3675 et
1089 3621 1133 3674 si
1163 3620 1406 3675 abSnrda:
1424 3620 1639 3688 fuerint,
1660 3623 1852 3677 etiam-

258 3708 303 3762 si
326 3708 395 3761 ab
421 3709 814 3772 existimatione
844 3720 1022 3765 nostra
1053 3713 1210 3782 longe
1237 3713 1345 3768 sint
1371 3715 1603 3768 alienae?
1629 3717 1669 3769 A
1702 3717 1850 3770 nullo

257 3800 455 3871 quippe
483 3817 577 3856 nos
606 3811 824 3871 peccato
845 3812 1050 3858 tantum
1078 3807 1364 3872 absumus,
1383 3818 1637 3878 quantum
1658 3810 1851 3864 Paulus

255 3907 287 3945 a
337 3891 512 3947 furto:
549 3902 782 3948 attamen
832 3911 951 3952 cum
991 3911 1022 3949 a
1067 3913 1229 3966 pravo
1275 3898 1577 3968 hujusmodi
1611 3900 1849 3957 facinore

253 3982 393 4046 adeo
419 3995 655 4041 remotus
685 3995 861 4054 esset,
908 4003 976 4042 ne
1015 3987 1093 4043 sic
1120 3989 1329 4059 quidem
1359 3993 1644 4047 multorum
1668 3994 1848 4064 διιερὶ-

253 4075 465 4133 cionem
515 4077 794 4146 neglexit,
847 4080 1057 4134 etiamsi
1109 4081 1395 4138 admodum
1423 4085 1656 4155 iniquam
1684 4096 1845 4157 atque

257 4165 524 4222 insanam.
554 4168 760 4224 Insania
790 4171 929 4225 enim
955 4172 1143 4228 fuisset
1171 4175 1273 4229 tale
1299 4176 1568 4245 quidpiam
1588 4179 1846 4248 suspicari

251 4256 322 4312 de
349 4257 504 4312 beato
535 4260 626 4314 illo
653 4270 707 4315 et
734 4261 1046 4317 admirando
1072 4266 1246 4332 capite
1275 4269 1296 4299 ³
1329 4284 1342 4320 :
1381 4268 1728 4324 nihilominus
1757 4280 1841 4325 ta-

254 4364 380 4403 men
413 4349 500 4405 ille
547 4352 867 4423 suspicionis
903 4363 1010 4408 tam
1049 4355 1296 4411 absurdae
1326 4398 1340 4422 ,
1385 4374 1504 4428 qua:
1549 4362 1758 4414 nonnisi
1788 4363 1840 4416 in

255 4441 446 4497 furiosi
469 4444 766 4515 cujuspiam
798 4456 1032 4503 mentem
1058 4450 1239 4505 venire
1269 4460 1506 4520 poterat,
1533 4455 1846 4511 occasiones

249 4535 347 4590 diu
370 4545 494 4592 ante
507 4539 664 4593 tollit:
687 4555 858 4609 neque
883 4557 1011 4597 vero
1038 4544 1179 4613 vulgi
1207 4548 1532 4615 contempsit
1557 4547 1840 4616 insaniam,

252 4646 432 4701 neque
459 4631 630 4687 dixit:
659 4631 753 4688 Cui
783 4651 1031 4705 umquam
1063 4637 1114 4691 in
1150 4648 1382 4694 mentem
1410 4640 1586 4695 veniat
1628 4642 1746 4696 talia
1778 4643 1848 4699 de

252 4724 410 4778 nobis
439 4725 697 4794 suspicari
715 4767 729 4791 ,
759 4727 973 4797 quando
999 4730 1232 4785 universi
1262 4746 1360 4786 nos
1387 4743 1495 4785 tum
1515 4733 1723 4804 asignis
1747 4734 1848 4788 mi-

252 4816 554 4886 raculisque
587 4857 602 4881 ,
637 4827 746 4872 tum
775 4833 804 4872 a
833 4820 1096 4889 probitate
1142 4821 1264 4877 vitae
1311 4822 1500 4878 honori
1530 4833 1586 4880 et
1613 4825 1848 4880 admira-

253 4909 392 4962 tioni
424 4907 664 4965 habent?
690 4912 780 4967 sed
809 4923 993 4968 contra
1023 4914 1113 4970 ille
1166 4925 1222 4970 et
1270 4918 1571 4986 suspicatus
1599 4930 1680 4974 est
1723 4919 1744 4952 ³
1791 4929 1845 4976 et

249 5001 588 5065 exspectavit
619 5000 756 5057 hanc
785 5005 900 5059 fore
928 5005 1122 5059 malam
1150 5007 1532 5076 suspicionem,
1573 5019 1627 5066 et
1655 5011 1846 5067 radici-

253 5097 340 5143 tus
368 5089 514 5143 illam
542 5093 770 5157 avulsit;
804 5099 912 5150 imo
943 5097 1116 5165 potius
1145 5098 1288 5152 illam
1321 5117 1388 5156 ne
1408 5103 1606 5157 exoriri
1628 5104 1844 5172 quidem

250 5197 443 5250 passus
470 5192 572 5239 est.
594 5185 815 5252 Quare?
845 5188 1179 5245 Providemus
1203 5233 1219 5256 ,
1264 5191 1436 5264 inquit
1467 5237 1482 5260 ,
1514 5194 1647 5250 bona
1677 5239 1692 5264 ,
1741 5214 1842 5252 non

249 5285 452 5330 tantum
489 5293 662 5331 coram
706 5278 926 5336 Domino
958 5325 973 5350 ,
1006 5283 1095 5337 sed
1133 5285 1282 5337 etiam
1339 5303 1510 5341 coram
1559 5289 1843 5344 hominibus

253 5365 430 5436 (Rom.
467 5367 554 5423 12.
589 5370 679 5441 17)
732 5371 958 5429 Tantum
987 5375 1223 5440 scilicet,
1271 5376 1379 5432 imo
1421 5380 1592 5449 majus
1630 5390 1844 5452 oportet

1860 2293 1871 2317 l

302 5565 332 5635 _’
373 5568 711 5640 Prouverbis,’
735 5570 848 5640 ouis
889 5572 1086 5622 tandem
1128 5572 1317 5635 reliqua
1348 5584 1600 5640 recenseat
1641 5579 1840 5640 damna,

250 5625 434 5738 (agitque;
469 5635 598 5690 διες-ο
623 5625 952 5696 φαίδίιαηιηα,
986 5649 1096 5698 quw
1132 5649 1196 5686 ex
1234 5625 1541 5699 aegritudine
1555 5625 1840 5705 essentia};

324 5707 349 5736 ,l
406 5728 416 5738 ,

317 5753 335 5824 ξ
369 5750 601 5824 Sicsavil.
629 5753 804 5824 etalii;
839 5757 1024 5819 March,
1049 5757 1341 5813 admiranda
1360 5762 1535 5813 anima.

318 5814 336 5844 ³
373 5813 456 5864 alii
495 5814 741 5872 praevidit.

1451 376 1537 432 DE
1573 373 2024 435 SACERDOTIO.
2068 375 2199 432 LIB.
2240 377 2328 433 Vl.

3459 387 3567 444 686

1977 491 2212 545 studium
2242 490 2499 547 adhibere
2523 535 2536 557 ,
2562 500 2620 547 ut
2645 508 2750 547 non
2779 494 2938 550 modo
2966 498 3160 551 malam
3182 496 3454 552 subortam
3486 502 3565 554 fa-

1976 597 2119 636 mam
2160 597 2436 638 arceamus
2461 624 2476 648 ,
2522 584 2614 638 sed
2643 585 2804 639 etiam
2835 595 2892 639 ut
2918 587 3102 656 procul
3133 589 3518 656 prospiciamus
3547 631 3563 654 ,

1979 677 2116 730 unde
2143 692 2204 731 ea
2234 677 2361 731 oriri
2385 677 2552 745 possit
2578 693 2591 729 :
2620 687 2671 731 et
2689 681 2998 734 occasiones
3021 681 3394 748 przcscindere,
3422 681 3567 736 unde

1975 783 2036 823 ea
2069 770 2304 824 nascitur
2323 810 2337 834 ,
2381 784 2553 840 neque
2591 783 2906 838 exspectare
2933 773 3059 826 dum
3081 773 3483 843 percrebrescat
3509 782 3566 829 et

1977 861 2027 915 in
2055 861 2193 930 vulgi
2224 876 2317 914 ore
2343 871 2604 915 versetur.
2651 861 2798 916 Tunc
2831 867 2974 919 enim
3005 879 3110 918 non
3153 863 3306 919 facile
3333 876 3415 919 est
3441 880 3562 921 eam

1974 952 2185 1017 delere,
2237 954 2346 1006 imo
2390 954 2679 1008 admodum
2707 954 2924 1010 difticile
2946 995 2962 1021 ,
2994 954 3237 1026 forteque
3265 956 3412 1010 nulla
3444 966 3561 1010 arte

1975 1043 2087 1098 ﬁeri
2119 1045 2285 1112 possit
2305 1061 2319 1106 ;
2350 1059 2522 1114 neque
2537 1046 2772 1114 periculo
2787 1055 2955 1108 vacat,
2975 1062 3040 1100 ne
3057 1047 3344 1101 multorum
3363 1047 3562 1102 damno

1975 1143 2100 1190 tunc
2125 1137 2232 1189 fiat.
2263 1136 2366 1190 Sed
2397 1152 2674 1206 quousque
2708 1137 2920 1192 tandem
2945 1138 3272 1194 immorabor
3298 1139 3349 1193 in
3381 1155 3562 1208 perse-

1971 1227 2198 1296 quendis
2216 1227 2300 1294 iis,
2323 1243 2442 1297 quae
2463 1230 2674 1298 assequi
2694 1229 2911 1285 minime
2932 1232 3129 1298 possim
3151 1231 3176 1283 ἲ
3199 1247 3323 1285 nam
3345 1247 3557 1297 omnes,

1938 1333 2090 1390 qua:
2129 1318 2238 1372 illic
2278 1329 2605 1385 occurrunt,
2655 1320 2998 1376 difﬁcultates
3045 1337 3330 1377 recensere
3361 1363 3376 1388 ,
3425 1322 3559 1376 nihil

1968 1410 2111 1464 aliud
2169 1410 2371 1477 fuerit,
2421 1427 2577 1480 quam
2631 1412 2850 1482 pelagus
2901 1413 3075 1482 ipsum
3125 1415 3378 1469 dimetiri.
3424 1414 3558 1469 Nam

1944 1501 2180 1563 ,eliamsi
2220 1501 2339 1570 quis
2367 1501 2434 1556 ab
2473 1504 2617 1556 omni
2644 1503 2807 1556 animi
2836 1503 3151 1574 :rgritudine
3194 1519 3355 1573 purus
3380 1513 3557 1570 esset,

1969 1595 2110 1664 quod
2140 1595 2357 1649 minime
2391 1595 2501 1650 ﬁeri
2527 1605 2720 1665 potest,
2741 1605 2799 1650 ut
2827 1597 3052 1652 aliorum
3081 1597 3272 1653 delicta
3303 1599 3554 1669 corrigat,

1969 1687 2247 1742 innumera
2271 1688 2379 1758 pati
2406 1688 2615 1756 cogitur
2640 1688 2796 1742 mala.
2823 1689 3025 1755 Quibus
3049 1690 3093 1744 si
3119 1689 3283 1744 addas
3312 1692 3560 1760 preprias

1967 1778 2310 1847 tcgritudincs
2338 1818 2354 1844 ,
2410 1779 2531 1833 vide
2580 1779 2708 1833 mihi
2757 1779 2998 1833 laborum
3035 1779 3558 1850 sollicitudinumquc

1965 1869 2215 1940 abyssum
2242 1870 2511 1939 ingentem
2543 1911 2558 1935 ,
2605 1881 2660 1925 et
2693 1881 2888 1940 quanta
2916 1870 3132 1926 ferenda
3163 1871 3271 1926 sint
3309 1872 3360 1926 in
3393 1887 3556 1942 supc-

1966 1963 2150 2016 randis
2179 1964 2406 2034 propriis
2427 1963 2723 2034 alienisque
2752 1965 2914 2018 vitiis.

2041 2057 2125 2110 l0.
2158 2055 2276 2110 Non
2301 2057 2473 2126 magni
2501 2073 2609 2110 esse
2637 2058 2820 2126 negotii
2840 2057 3060 2126 seipsum
3085 2072 3301 2112 servare.
3322 2084 3394 2098 —-
3419 2056 3554 2110 Tum

1965 2147 2292 2203 BASILIUS.
2326 2148 2478 2202 Nunc
2503 2163 2652 2211 vero,
2679 2149 2866 2218 inquit,
2900 2149 3104 2203 nullum
3127 2147 3220 2202 tibi
3253 2149 3442 2202 horum
3470 2148 3554 2202 la-

1867 2231 1875 2306 ξ
1962 2239 2151 2295 borum
2179 2249 2486 2305 certamen;
2519 2248 2573 2294 et
2607 2241 2752 2294 curis
2772 2255 2965 2306 vacas,
3011 2241 3138 2295 dum
3181 2249 3352 2295 tecum
3391 2241 3552 2296 vivis.

1961 2329 2334 2385 CIIRYSOST.
2359 2329 2566 2385 Adsunt
2593 2341 2649 2386 et
2678 2347 2818 2386 nunc
2845 2347 3004 2394 curae,
3033 2333 3267 2402 inquam.
3291 2333 3388 2399 Qui
3408 2333 3553 2386 enim

1963 2422 2074 2477 lieri
2107 2432 2279 2490 potest
2309 2422 2580 2477 hominem
2611 2422 2750 2477 hanc
2781 2437 3140 2477 aerumnosam
3167 2423 3329 2477 vitam
3353 2422 3554 2476 ducen-

1966 2521 2073 2567 tem
2096 2513 2238 2566 curis
2259 2514 2626 2583 angustiisque
2643 2513 2872 2568 vacare?
2895 2513 3089 2568 Verum
3115 2529 3218 2568 nou
3240 2513 3378 2567 idem
3403 2514 3554 2568 labor

1961 2613 2064 2671 est,
2110 2605 2428 2659 immensum
2476 2606 2528 2660 in
2574 2605 2790 2676 pelagus
2829 2605 3084 2671 incidere,
3116 2614 3170 2660 et
3201 2605 3398 2659 flumen
3445 2613 3553 2659 tra-

1954 2695 2122 2765 jicere
2147 2714 2160 2750 :
2190 2711 2286 2766 par
2312 2697 2510 2766 quippe
2536 2707 2619 2751 est
2660 2697 2797 2752 inter
2823 2698 2918 2752 has
2961 2706 3016 2752 ct
3058 2697 3176 2752 illas
3204 2713 3360 2752 curas
3389 2698 3553 2752 inter-

1959 2788 2180 2842 vallum.
2229 2787 2488 2858 Equidem
2534 2789 2579 2843 si
2630 2804 2844 2862 possem
2890 2789 3115 2844 aliorum
3161 2791 3365 2845 servire
3406 2805 3554 2845 com-

1959 2878 2158 2943 modis,
2193 2879 2244 2933 id
2273 2880 2462 2934 vellem
2487 2895 2551 2935 ac
2578 2881 2758 2934 multis
2778 2882 2916 2936 votis
2937 2891 3244 2951 exoptarem
3273 2899 3286 2936 :
3314 2882 3395 2935 sin
3419 2881 3552 2934 alios

1953 2969 2143 3039 juvare
2182 2986 2288 3025 non
2319 2973 2540 3040 possim,
2569 2983 2623 3027 at
2653 2973 2784 3027 mihi
2821 2982 2967 3028 certe
2995 2974 3125 3028 satis
3153 2988 3274 3030 esse
3317 2973 3513 3043 putabo
3533 3015 3548 3039 ,

1956 3062 2000 3115 si
2029 3077 2113 3114 me
2141 3077 2358 3116 servare
2387 3073 2440 3116 et
2465 3078 2530 3117 ex
2561 3062 2808 3118 ﬂuctibus
2827 3079 3018 3118 eruere
3045 3065 3265 3132 possim.
3296 3064 3550 3131 Putasne,

1958 3153 2129 3222 inquit
2158 3151 2485 3218 BASlLlUS,
2515 3163 2566 3209 te
2586 3156 2810 3210 salutem
2831 3158 3083 3226 consequi
3109 3171 3286 3225 posse,
3306 3159 3392 3226 qui
3419 3158 3551 3212 alio-

1957 3261 2074 3299 rnm
2117 3245 2384 3300 neminem
2426 3247 2532 3301 ulla
2575 3249 2626 3301 iu
2676 3263 2735 3303 re
2768 3248 3010 3318 juveris?
3035 3249 3414 3306 CHRYSOST.
3443 3252 3551 3320 Op-

1957 3338 2105 3404 time,
2127 3340 2361 3408 inquam,
2389 3338 2603 3394 dixisti:
2629 3355 2802 3410 neque
2829 3342 2974 3396 enim
3003 3341 3053 3395 id
3074 3341 3296 3398 credere
3319 3344 3547 3408 valeam,

1956 3445 2114 3500 posse
2149 3432 2453 3501 quempiam
2503 3432 2730 3487 salutem
2761 3433 3040 3501 consequi,
3083 3435 3173 3504 qui
3215 3434 3280 3488 ad
3323 3435 3550 3504 proximi

1954 3527 2036 3580 sui
2060 3526 2284 3581 salutem
2314 3527 2446 3582 nihil
2475 3542 2727 3596 mnquam
2758 3528 2948 3597 egerit.
2977 3527 3091 3581 Non
3121 3529 3264 3582 enim
3291 3529 3550 3583 miserum

1942 3617 2105 3671 .illum
2139 3617 2313 3686 jnvit,
2359 3617 2500 3687 quod
2548 3617 2804 3672 talentum
2857 3634 2963 3673 non
3017 3619 3297 3674 minuisset
3330 3618 3547 3689 (Matt/1.

1953 3709 2044 3765 25.
2075 3710 2197 3780 24);
2226 3709 2336 3764 imo
2365 3722 2417 3764 et
2445 3709 2678 3778 perdidit
2699 3709 2857 3776 illud,
2889 3710 3034 3780 quod
3067 3726 3172 3764 non
3201 3712 3458 3773 auxisset,
3485 3725 3550 3766 ac

1953 3804 2171 3874 duplum
2215 3811 2560 3872 reportasset.
2609 3801 2991 3858 Verumtamen
3037 3801 3164 3856 mihi
3217 3802 3384 3856 levius
3435 3801 3550 3857 fore

1951 3897 2272 3967 supplicium
2325 3896 2573 3952 existimo
2593 3938 2608 3962 ,
2636 3911 2754 3950 cum
2782 3895 3075 3952 accusabor
3103 3894 3246 3965 quod
3276 3909 3381 3949 non
3411 3895 3550 3948 alio-

1952 4005 2071 4044 rum
2098 3977 2324 4056 salutem
2347 3990 2696 4058 procurarim,
2725 4003 2884 4056 quam
2905 3987 2950 4042 si
2979 3996 3035 4043 et
3056 3987 3190 4041 alios
3206 3997 3258 4041 et
3281 3987 3547 4055 meipsum

1952 4080 2327 4150 perdidissem,
2351 4081 2517 4133 multo
2556 4079 2792 4134 deterior
2822 4079 3043 4134 effectus
3073 4087 3194 4148 post
3221 4087 3424 4132 tantum
3455 4093 3548 4132 su-

1950 4180 2191 4239 sccptum
2217 4171 2496 4224 honorem.
2513 4169 2662 4224 Nunc
2684 4171 2825 4223 enim
2856 4179 3058 4223 tantum
3082 4168 3213 4223 mihi
3239 4167 3401 4223 credo
3430 4167 3548 4222 fore

1950 4265 2288 4332 supplicium,
2308 4273 2563 4332 quantum
2588 4271 2926 4331 peccatorum
2949 4261 3259 4332 magnitudo
3277 4260 3542 4330 postulat;

1949 4365 2232 4424 postquam
2258 4363 2436 4408 autem
2463 4353 2837 4424 praefecturam
2862 4354 3000 4408 hanc
3024 4353 3404 4421 suscepissem,
3434 4367 3544 4405 non

1947 4446 2169 4515 duplum
2203 4445 2362 4500 modo
2410 4445 2720 4515 triplumve,
2763 4445 2857 4501 sed
2890 4445 3199 4515 multiplex,
3231 4444 3374 4515 quod
3419 4443 3543 4514 plu-

1949 4538 2097 4592 ribus
2125 4537 2448 4594 oﬂ‘endiculo
2474 4537 2694 4592 fuissem
2714 4579 2728 4601 ,
2756 4537 3008 4607 quodque
3031 4535 3290 4606 majorem
3316 4536 3543 4606 adeptus

1948 4629 2260 4701 dignitatem
2291 4631 2456 4685 Deum
2483 4647 2571 4685 me
2598 4630 2948 4685 honorantem
2977 4629 3342 4684 olfendissem.

2020 4724 2108 4778 Η.
2131 4722 2422 4776 Graviorem
2445 4738 2642 4792 poenam
2665 4738 2866 4776 manere
2891 4730 3094 4792 peccata
3119 4721 3457 4775 sacerdotum.
3475 4750 3544 4764 ——

1947 4815 2286 4886 Quapropter
2313 4815 2582 4870 Israelitas
2608 4817 2977 4870 vehementius
3019 4830 3300 4881 accusans,
3327 4829 3393 4868 eo
3421 4813 3544 4869 illos

1947 4907 2151 4975 majore
2174 4905 2364 4976 dignos
2388 4907 2652 4976 supplicio
2672 4906 2917 4969 exhibet,
2949 4905 3090 4975 quod
3117 4915 3235 4974 post
3257 4905 3452 4957 multos
3474 4904 3544 4958 ab

1947 5011 2006 5052 se
2033 5007 2312 5068 susceptos
2343 4998 2576 5053 honores
2603 5007 2940 5068 peccassent,
2971 4997 3131 5051 modo
3165 4996 3351 5050 dicens
3383 5011 3397 5047 :
3439 4993 3538 5048 γε·

1945 5099 2227 5144 rumtamen
2261 5105 2347 5144 vos
2375 5089 2490 5144 novi
2523 5105 2587 5144 ea:
2623 5091 2852 5143 omnibus
2891 5087 3118 5142 tribubus
3157 5097 3304 5140 terra
3327 5101 3346 5138 :
3388 5102 3543 5156 prop-

1957 5192 2090 5237 terea
2111 5181 2374 5237 vindicabo
2391 5199 2546 5253 super
2560 5197 2644 5236 vos
2659 5182 2941 5251 impietates
2959 5187 2973 5212 ¹
2992 5190 3181 5234 vestras
3194 5178 3370 5250 (Amos
3389 5178 3441 5231 5.
3457 5177 3535 5245 2);

1947 5275 2108 5330 modo
2133 5286 2311 5332 autem
2338 5293 2353 5331 :
2381 5275 2561 5345 Accepi
2585 5291 2647 5329 ea:
2674 5275 2795 5344 ﬁliis
2816 5276 2990 5328 vestris
3013 5275 3065 5328 in
3087 5273 3390 5343 prophetas,
3411 5281 3456 5325 et
3479 5287 3541 5325 ea:

1937 5367 2205 5436 juvenibus
2247 5368 2423 5422 vestris
2463 5369 2517 5420 in
2553 5367 3004 5434 sanctiﬁcationem
3041 5364 3152 5435 (Id.
3196 5365 3251 5418 2.
3302 5365 3412 5432 ll).
3471 5363 3540 5418 Et

1947 5467 2073 5514 ante
2111 5459 2490 5530 prophetarum
2537 5467 2777 5528 tempora
2822 5473 2945 5513 cum
2981 5458 3050 5514 de
3089 5457 3366 5512 sacrificiis
3408 5471 3534 5528 age-

1947 5563 2098 5609 retur
2135 5551 2420 5608 ostendere
2463 5552 2683 5618 volens,
2735 5562 2954 5622 peccata
2996 5553 3150 5622 longe
3187 5549 3373 5618 majori
3411 5565 3538 5620 sup-

1946 5644 2106 5715 plicio
2153 5643 2398 5714 expiari,
2441 5659 2561 5698 cum
2603 5659 2632 5699 a
2677 5643 3081 5710 sacerdotibus,
3131 5658 3288 5713 quam
3336 5658 3457 5696 cum
3502 5660 3532 5696 a

2011 5828 2026 5858 ⁸
2066 5824 2169 5885 ΑΜ,
2190 5821 2463 5886 ittjttstt'tias.
