3942 6436
444 397 550 454 687

445 509 666 581 privatis
689 513 1064 580 perpetrantur
1084 543 1099 569 ,
1133 500 1373 572 praecipit
1405 507 1606 552 tantum
1653 510 1748 564 pro
1778 491 2032 548 sacerdo-

448 603 589 656 tibus
618 597 799 653 offerri
833 595 1152 650 sacrificium
1177 635 1190 656 ,
1231 600 1485 660 quantum
1519 603 1613 657 pro
1654 585 1904 640 universo
1936 597 2032 652 po-

443 694 570 763 pulo
595 690 778 764 (Leuit.
823 690 878 743 4.
905 689 957 742 '5.
1000 685 1110 755 η).
1156 683 1307 752 Quod
1351 680 1485 735 nihil
1530 676 1798 748 signiﬁcat
1844 673 2028 740 aliud,

445 799 604 854 quam
651 779 948 835 sacerdotis
989 777 1203 830 vulnera
1253 772 1455 840 majore
1504 767 1704 826 auxilio
1755 765 2030 836 indigere,

443 886 602 946 atque
633 885 811 936 tanta,
839 879 1037 942 quanto
1074 867 1359 937 conjuncta
1388 863 1549 919 simul
1577 860 1811 916 universi
1851 858 2032 928 pepuli

446 971 667 1024 vulnera
715 965 951 1034 indigent
1003 980 1016 1014 :
1066 973 1227 1029 porro
1271 955 1462 1022 majori
1513 966 1847 1022 nequaquam
1897 948 2034 1002 indi-

443 1067 651 1132 gerent,
675 1057 777 1111 nisi
798 1053 1040 1126 graviora
1065 1057 1246 1106 essent
1273 1066 1285 1102 :
1309 1047 1553 1118 graviora
1577 1052 1754 1098 autem
1780 1048 1905 1095 sunt
1927 1055 2032 1094 non

449 1165 634 1206 natura
661 1163 780 1213 sua,
807 1145 902 1200 sed
929 1143 1184 1214 dignitate
1203 1138 1497 1197 sacerdotis
1516 1136 1602 1190 illa
1629 1133 1910 1188 admittere
1933 1146 2032 1186 au-

443 1241 620 1297 dentis
647 1237 760 1309 (Id.
798 1237 888 1290 ει.
935 1235 1012 1303 9).
1043 1233 1109 1288 Ει
1137 1229 1262 1302 quid
1295 1229 1485 1298 loquor
1533 1225 1602 1282 de
1651 1225 1778 1279 viris
1805 1223 1906 1278 hoc
1933 1223 2034 1277 mi-

446 1331 722 1387 nisterinm
755 1322 1239 1397 pertractantibus?
1267 1320 1401 1387 Nam
1431 1327 1488 1372 et
1513 1315 1848 1373 sacerdotum
1879 1314 2024 1380 ﬁliae,

441 1423 635 1494 quibus
677 1419 809 1475 nihil
833 1433 955 1474 cum
985 1412 1287 1470 sacerdotio
1319 1423 1626 1475 commune,
1677 1414 1894 1478 propter
1946 1421 2040 1476 pa-

447 1527 653 1571 ternam
683 1522 862 1566 tamen
898 1508 1208 1580 dignitatem
1232 1513 1573 1576 peccatorum
1605 1514 1822 1555 suorum
1868 1500 2037 1552 multo

444 1604 776 1660 acerbiorem
803 1615 1013 1670 puniant
1043 1597 1272 1652 subeunt
1304 1593 1479 1668 (Deut.
1501 1591 1615 1662 29.).
1646 1593 1726 1644 Ae
1751 1599 2035 1659 peccatum

444 1696 658 1765 quidem
681 1709 866 1750 earum
895 1705 1127 1762 peccans
1148 1689 1375 1743 aliarum
1395 1701 1460 1743 ex
1485 1684 1704 1756 privatis
1726 1682 2038 1754 parentibus

447 1796 827 1859 prognatarum
881 1799 976 1856 par
1028 1792 1081 1839 et
1129 1781 1336 1852 :equale
1389 1789 1472 1834 est
1517 1797 1529 1832 :
1581 1793 1704 1833 nam
1753 1775 2038 1832 fornicatio

445 1881 712 1951 utrimque
739 1887 822 1934 est
847 1895 861 1932 :
893 1876 987 1933 sed
1011 1874 1331 1946 supplicium
1359 1873 1515 1942 longe
1543 1869 1779 1940 gravius.

517 1971 604 2026 η.
647 1968 908 2040 Exemplis
948 1965 1191 2037 probatur
1228 1963 1506 2018 timendum
1543 1971 1590 2016 et
1633 1959 1908 2015 dolendum
1937 1975 2042 2013 esse

445 2061 712 2116 sacerdoti.
749 2088 827 2101 —
876 2056 1062 2112 Viden’
1108 2070 1268 2125 quam
1317 2052 1529 2108 abunde
1573 2051 1815 2107 declaret
1857 2050 2037 2114 Deus,

447 2154 602 2222 longe
651 2152 909 2219 majorem
947 2163 1007 2204 se
1047 2162 1261 2218 poenam
1288 2161 1322 2202 a
1348 2145 1626 2216 principe,
1659 2158 1820 2213 quam
1848 2157 1875 2194 a
1908 2142 2041 2196 sub-

445 2245 571 2298 ditis
599 2243 926 2313 exposcere?
953 2240 1134 2310 Neque
1161 2239 1304 2294 enim
1332 2237 1423 2308 qui
1468 2239 1518 2291 in
1551 2234 1850 2291 sacerdotis
1875 2233 2036 2288 ﬁliam

450 2336 615 2405 patris
655 2349 817 2388 causa
858 2333 1106 2404 gravius,
1148 2345 1309 2401 quam
1357 2329 1412 2384 in
1456 2329 1590 2385 alias
1639 2326 2039 2391 animadvertit,

447 2443 605 2491 eum,
639 2425 729 2496 qui
774 2425 848 2480 illi
895 2422 1317 2478 additamentum
1370 2435 1545 2490 paenae
1593 2429 1874 2488 procurat,
1927 2416 2040 2487 pari

447 2536 568 2574 cum
609 2519 731 2572 aliis
761 2532 915 2587 paena
963 2517 1182 2586 plectet,
1213 2513 1308 2568 sed
1351 2512 1519 2566 multo
1558 2511 1806 2580 graviore
1839 2528 1852 2562 :
1883 2509 2042 2579 idque

446 2613 565 2682 jure
591 2625 656 2666 ac
684 2610 895 2664 merito.
928 2607 1042 2662 Non
1067 2608 1210 2661 enim
1238 2605 1492 2660 dannuun
1534 2604 1587 2658 in
1616 2603 1732 2673 ipso
1766 2601 1884 2656 solo
1909 2616 2040 2655 cou-

447 2705 609 2765 sistit.
633 2703 726 2758 sed
749 2702 912 2756 etiam
937 2701 1312 2764 inﬁrmiorum,
1339 2698 1428 2768 qui
1453 2698 1504 2750 in
1529 2696 1704 2766 ipsum
1729 2694 2041 2763 respiciunt,

448 2797 660 2849 animos
686 2793 887 2863 dejicit.
921 2792 1034 2847 lloc
1068 2793 1240 2860 ipsum
1285 2789 1480 2844 docere
1508 2789 1524 2820 ί
1553 2802 1675 2841 cum
1718 2785 1883 2840 vellet
1912 2785 2045 2838 Eze-

449 2889 624 2946 chiel.
656 2887 854 2941 arietes
893 2885 961 2940 ab
987 2885 1176 2938 ovibus
1211 2883 1470 2938 discernit
1511 2881 1561 2935 in
1588 2879 1789 2948 judicio
1829 2875 2040 2948 (Ezech.

456 2983 545 3039 54.
586 2980 696 3051 17).
739 2980 820 3034 An
851 2978 941 3033 tibi
972 2993 1114 3032 nunc
1153 2976 1397 3030 videmur
1423 2976 1545 3043 jure
1593 2971 1872 3026 timuisse?
1902 2969 2035 3024 Nam

453 3085 649 3144 przetcr
678 3073 787 3136 illa,
817 3085 937 3140 qua:
965 3069 1105 3124 dicta
1128 3075 1271 3132 sunt,
1302 3080 1624 3136 quamquam
1651 3063 1874 3117 multum
1905 3075 2047 3115 nunc

453 3167 688 3222 laborem
711 3164 894 3218 subire
915 3169 1147 3232 oportet,
1169 3175 1234 3213 ne
1261 3159 1330 3213 ab
1351 3157 1512 3211 animi
1535 3155 1812 3211 aﬂ‘eetibus
1827 3153 2046 3207 omnino

453 3269 794 3330 prosternar,
829 3263 1065 3310 attamen
1093 3253 1328 3307 laborem
1355 3250 1612 3320 suscipio,
1643 3263 1742 3304 nec
1769 3257 2043 3302 certamen

453 3348 806 3416 subterfugio.
850 3344 1059 3399 Etenim
1088 3359 1116 3396 a
1157 3356 1288 3396 vana
1330 3341 1546 3411 quidem
1585 3338 1754 3410 gloria
1791 3351 1931 3392 nunc
1955 3351 2046 3390 ca-

457 3443 602 3512 pior;
629 3449 866 3492 attamen
911 3451 1055 3506 sa‘pe
1092 3434 1383 3504 resipisco,
1413 3441 1470 3488 et
1507 3448 1595 3487 me
1632 3440 1844 3501 captum
1883 3429 2047 3485 fuisse

455 3536 648 3588 video:
689 3529 957 3586 interdum
997 3543 1125 3583 vero
1166 3527 1217 3580 in
1255 3526 1568 3580 servitutem
1617 3523 1892 3578 redactum
1931 3522 2048 3576 ani-

458 3643 603 3682 mum
629 3627 866 3693 increpo.
897 3619 1160 3678 Absurde:
1185 3618 1464 3691 cupidines
1491 3633 1578 3673 me
1607 3617 1771 3671 etiam
1800 3630 1941 3670 nunc
1969 3615 2049 3670 in-

455 3725 695 3777 cessunt,
739 3715 835 3770 sed
873 3729 992 3784 qua:
1021 3711 1386 3767 remissiorem
1415 3708 1686 3764 flammam
1727 3709 2044 3771 accendant,

454 3809 596 3880 quod
624 3806 861 3862 externis
885 3804 1054 3860 oculis
1081 3801 1305 3857 materia
1332 3801 1476 3855 nulla
1498 3800 1604 3871 igni
1630 3807 1752 3869 apta
1773 3807 2045 3869 suppetat.

459 3904 496 3955 A
533 3899 940 3955 maledictorum
968 3895 1164 3966 probro
1194 3901 1249 3948 et
1276 3893 1459 3946 auditu
1489 3905 1712 3962 prorsus
1740 3905 1893 3956 vaco,
1925 3905 2048 3945 cum

458 3994 612 4060 nulli,
645 3992 735 4063 qui
763 4006 848 4046 me
872 3990 1232 4060 alloquuntur,
1259 3985 1476 4041 adsint:
1506 3999 1679 4054 neque
1705 3984 1847 4039 enim
1879 3983 1935 4038 hi
1960 3999 2051 4053 pa-

461 4087 625 4140 rietes
669 4084 915 4138 emitlere
951 4095 1136 4135 vocem
1165 4087 1383 4148 queant.
1411 4075 1517 4134 Sed
1559 4091 1658 4132 nec
1687 4077 1754 4130 ab
1804 4077 1880 4130 ira
1911 4085 2049 4130 tem-

461 4190 651 4247 perare
692 4187 933 4246 possum,
965 4171 1178 4227 etiamsi
1222 4169 1400 4224 nullus
1427 4167 1568 4224 adsit
1602 4168 1690 4236 qui
1721 4174 2004 4237 exasperet
2033 4181 2049 4222 :

460 4267 760 4336 iniquorum
814 4263 1011 4334 quippe
1058 4261 1295 4315 virorum
1351 4259 1696 4329 ipsorumque
1748 4256 2045 4312 facinorum

461 4355 720 4414 tnemoria
745 4355 984 4409 animum
1030 4351 1162 4407 mihi
1191 4351 1550 4406 intumescere
1590 4348 1748 4415 facit;
1786 4363 1974 4403 verum
2000 4346 2052 4403 id

461 4466 566 4503 non
597 4463 768 4518 usque
810 4448 862 4502 in
905 4448 1108 4501 linem:
1143 4445 1322 4499 statim
1367 4445 1511 4499 enim
1555 4443 1728 4513 ipsum
1773 4439 2051 4496 ardentem

459 4539 876 4610 compescimus,
899 4546 955 4594 et
974 4537 1038 4591 ad
1057 4535 1440 4606 quiescendum
1467 4533 1800 4597 deducimus,
1831 4532 1881 4586 in
1901 4531 2056 4587 nobis

465 4635 596 4704 ipsis
641 4633 918 4693 dicentes.
985 4630 1274 4684 admodum
1328 4628 1587 4682 insnlsmn
1629 4628 1650 4658 ³
1695 4635 2056 4696 extremarque

463 4724 696 4779 miseria:
717 4737 859 4787 esse,
893 4720 1018 4776 dum
1047 4729 1228 4775 nostra
1255 4718 1552 4773 omittimus
1583 4717 1743 4784 mala,
1773 4717 1840 4771 de
1864 4715 2055 4772 alienis

465 4826 574 4870 tam
591 4814 831 4869 curiosos
853 4828 992 4869 esse.
1016 4812 1214 4866 Verum
1243 4810 1286 4865 si
1318 4809 1382 4864 ad
1408 4809 1615 4864 turbam
1643 4825 1732 4864 me
1757 4807 2053 4874 conferam,

466 4906 868 4975 innumerisquc
891 4903 1202 4959 tumultibus
1221 4917 1472 4972 occupcr,
1485 4901 1597 4971 jam
1620 4918 1725 4957 non
1751 4900 2058 4971 lmjusmodi

464 4999 831 5055 admonitione
871 4995 1066 5067 perfrui
1099 5007 1306 5066 potero,
1350 5011 1523 5064 neque
1547 4996 1898 5065 cogitationes
1938 4996 2058 5049 illas

469 5109 554 5147 me
586 5092 750 5161 probe
783 5090 1124 5145 iristitucntes
1150 5088 1390 5157 reperire
1422 5105 1434 5140 :
1481 5085 1575 5141 sed
1605 5086 2054 5155 quemadmodum

467 5186 536 5247 ii,
582 5185 670 5254 qui
698 5199 795 5253 per
820 5180 1109 5251 praecipitia
1141 5180 1221 5234 vel
1251 5178 1463 5233 fluentis
1487 5179 1786 5248 aliquibus,
1815 5178 1898 5233 vel
1950 5179 2056 5233 alio

467 5277 696 5348 quodam
713 5271 1187 5338 modo’ducuntur,
1214 5275 1510 5343 proximam
1530 5273 1740 5344 quidem
1767 5267 2054 5343 perniciem

470 5367 766 5437 prtcvidcre
795 5375 1039 5435 possunt,
1071 5366 1323 5420 auxilium
1355 5381 1482 5420 vero
1513 5366 1713 5420 nullum
1757 5366 1862 5421 sibi
1888 5381 2051 5421 exco-
2091 5400 2130 5415 ς.

465 5463 637 5531 gitare
665 5460 876 5513 valent:
909 5459 985 5513 sic
1022 5469 1076 5514 et
1119 5475 1237 5528 ego,
1278 5459 1320 5514 si
1368 5459 1418 5513 in
1449 5467 1648 5514 tantum
1682 5458 2052 5530 a‘gritudinunt

531 5621 547 5651 ί
587 5615 727 5666 savil.
755 5623 805 5665 et
829 5616 928 5676 alii,
953 5615 1216 5667 ostendere.

529 5683 549 5713 ¹
590 5679 690 5737 alii,
715 5678 927 5728 nmium.

532 5744 550 5774 ³
680 5739 837 5809 mret.
867 5751 915 5790 ct
938 5740 1050 5802 alii;
1078 5740 1164 5790 scd
1190 5741 1327 5792 savii.
1373 5749 1419 5790 ct
1461 5739 1640 5803 aliquot
1664 5749 1793 5802 .\tss.,
1815 5740 1910 5790 ulta
1932 5751 2050 5801 qua-

468 5808 585 5852 dmtt
607 5809 898 5858 rtet‘t‘ssuulc.

1193 387 1249 443 S.
1291 383 1570 442 JOANNIS
1607 376 2043 436 ειιιιῑδυδτωτ

2149 372 2439 430 tliClllEl’.
2479 375 3017 436 CONSTANTINOP.

2397 243 2429 262 υ

3635 383 3734 442 688

2141 492 2420 546 tumultum
2453 492 2706 559 incidam,
2735 493 3050 564 supplicium
3095 493 3313 564 quidem
3339 496 3584 566 quotidie
3608 503 3735 558 mihi

2137 584 2318 653 augeri
2356 597 2580 639 cernere
2613 593 2834 654 potero:
2867 585 2920 640 in
2955 585 3159 655 meipso
3195 596 3382 642 autem
3413 591 3654 659 cogitare
3682 603 3736 648 ut

2134 690 2280 732 nunc
2308 678 2503 747 cogito,
2535 692 2598 732 ac
2626 677 2865 734 furentes
2892 678 3057 734 animi
3085 679 3319 749 impetus
3351 671 3613 751 frtenare,
3632 701 3732 740 non

2138 767 2212 823 ita
2243 768 2396 825 facile
2424 770 2528 824 erit
2561 771 2711 836 mihi,
2740 781 2799 825 ut
2825 771 2972 840 prius
3000 781 3135 827 erat.
3175 772 3305 828 Mihi
3334 760 3538 846 quippe
3567 777 3737 834 anima

2138 872 2220 916 est
2241 862 2470 928 infirma,
2501 862 2709 932 pusilla,
2738 873 3002 932 captuque
3043 863 3230 928 facilis,
3275 879 3390 919 non
3445 865 3532 921 bis
3572 869 3738 923 solum

2139 951 2444 1018 affectibus,
2477 951 2572 1008 sed
2617 961 2670 1007 et
2715 954 2952 1008 omnium
2999 953 3375 1022 acerbissimo,
3419 970 3616 1026 nempe
3662 957 3741 1012 in-

2141 1044 2301 1099 vidia:
2329 1062 2342 1098 :
2372 1060 2547 1115 neque
2591 1045 2680 1100 illa
2721 1046 3093 1112 contumelias,
3126 1062 3301 1117 neque
3356 1047 3598 1104 honores
3625 1065 3740 1106 mo-

2140 1136 2326 1191 derate
2347 1136 2488 1192 ferre
2514 1137 2692 1205 novit;
2718 1138 2812 1193 sed
2839 1146 2894 1192 et
2918 1137 3022 1193 illis
3041 1138 3330 1194 admodum
3362 1139 3664 1207 extollitur,
3687 1152 3739 1198 et

2141 1228 2226 1283 his
2253 1227 2408 1283 valde
2449 1228 2787 1298 deprimitur.
2815 1228 3272 1299 Quemadmodum
3321 1245 3458 1302 ergo
3492 1230 3620 1287 fera:
3644 1233 3739 1287 im-

2143 1335 2348 1389 manes,
2377 1320 2505 1376 dum
2534 1335 2760 1390 corpore
2786 1321 2921 1377 bene
2948 1323 3126 1377 valent
3150 1337 3216 1378 ac
3239 1323 3506 1393 gestiunt,
3532 1338 3592 1380 se
3611 1325 3730 1380 ado-

2142 1412 2342 1465 rientes
2386 1411 2540 1466 facile
2584 1411 2838 1477 vincunt,
2880 1413 2924 1466 si
2974 1414 3202 1467 maxime
3233 1413 3270 1469 ii
3323 1413 3527 1469 inﬁrmi
3565 1415 3738 1472 sintet

2144 1505 2372 1573 imperiti
2396 1523 2410 1568 ;
2439 1507 2483 1560 si
2506 1507 2623 1576 quis
2652 1523 2782 1561 vero
2812 1507 2928 1561 illas
2953 1507 3092 1562 fame
3125 1508 3438 1575 macerarit,
3469 1507 3594 1564 hinc
3621 1523 3736 1564 eve-

2144 1601 2222 1651 nit
2247 1607 2303 1651 ut
2325 1598 2531 1652 illarum
2576 1597 2724 1653 furor
2762 1601 3031 1670 sopiatur,
3062 1601 3370 1670 viriumque
3403 1616 3593 1670 magna
3625 1617 3739 1670 pars

2143 1689 2518 1758 exstinguatur
2551 1705 2565 1741 :
2589 1689 2666 1744 sic
2685 1697 2742 1744 et
2755 1690 2922 1744 animi
2948 1689 3271 1762 all‘cctusqui
3291 1691 3604 1747 imbecillos
3622 1692 3737 1748 red-

2143 1779 2240 1841 dit,
2273 1781 2492 1836 eosdem
2527 1790 2688 1836 rectae
2725 1782 2919 1837 rationi
2947 1783 3198 1853 subjicit;
3222 1784 3268 1838 si
3299 1784 3426 1854 quis
3455 1794 3640 1839 contra
3664 1784 3739 1839 di-

2147 1870 2374 1940 ligenter
2411 1871 2640 1938 aluerit,
2695 1873 2996 1944 graviorem
3035 1874 3135 1928 sibi
3188 1873 3455 1930 adversus
3503 1889 3597 1930 eos
3645 1890 3738 1946 pu-

2142 1978 2301 2032 gnam
2330 1971 2503 2032 parat,
2532 1973 2587 2020 et
2616 1964 2686 2018 ita
2727 1964 2995 2020 terribiles
3026 1975 3041 2005 ι
3063 1965 3258 2034 reddit,
3307 1975 3369 2021 ut
3391 1967 3446 2021 in
3491 1966 3739 2022 servitute

2143 2070 2207 2110 ac
2229 2067 2372 2112 metu
2397 2065 2559 2112 totam
2584 2058 2744 2113 vitam
2771 2058 2948 2115 ducat.
2977 2058 3232 2128 Quantam
3257 2060 3422 2131 igitur
3453 2060 3736 2117 belluarum

2148 2146 2336 2202 harum
2383 2149 2672 2205 alimenta?
2722 2151 2884 2206 Vana:
2926 2152 3110 2222 gloria:
3156 2152 3379 2222 quidem
3429 2152 3658 2209 honores
3691 2163 3738 2210 et

2147 2239 2356 2305 laudes,
2405 2242 2725 2311 arrogantiae
2770 2257 2901 2298 vero
2926 2243 3164 2312 potentia
3209 2252 3266 2299 et
3309 2243 3588 2313 dignitatis
3630 2260 3737 2297 ma-

2145 2333 2366 2404 gnitudo
2387 2375 2400 2398 ,
2433 2334 2616 2390 livoris
2641 2335 2867 2390 aliorum
2894 2336 3178 2392 celebritas
3195 2379 3210 2403 ,
3237 2338 3485 2392 avaritia:
3518 2336 3736 2407 largien-

2151 2427 2280 2480 tium
2330 2425 2662 2494 liberalitas,
2691 2427 2916 2482 luxuriae
2957 2427 3195 2495 deliciae,
3224 2436 3280 2483 et
3326 2428 3584 2498 frequens
3623 2443 3733 2481 mu-

2151 2521 2346 2576 lierum
2388 2519 2758 2575 consuetudo:
2791 2528 2845 2575 et
2869 2519 2947 2574 sic
2973 2519 3116 2574 aliud
3143 2520 3210 2575 ab
3241 2520 3353 2574 alio
3391 2519 3618 2574 fovetur.
3652 2517 3735 2572 Ha:

2148 2625 2310 2681 porro
2329 2626 2517 2667 omnes
2544 2611 2733 2666 bellua:
2761 2626 2848 2666 me
2869 2611 2922 2665 in
2941 2627 3120 2666 rerum
3145 2611 3386 2667 medium
3409 2612 3735 2667 accedentem

2150 2702 2432 2768 invadent,
2465 2703 2701 2758 animam
2737 2718 2911 2762 meam
2954 2703 3327 2772 dilaniabunt,
3371 2712 3626 2760 terrorem
3664 2704 3734 2758 in-

2153 2798 2393 2862 cutient,
2421 2806 2476 2853 et
2517 2797 2732 2867 gravius
2769 2796 2901 2851 mihi
2929 2795 3186 2852 adversus
3213 2795 3304 2850 illa
3346 2796 3550 2853 bellum
3595 2809 3732 2865 para-

2148 2888 2312 2947 bunt:
2348 2887 2436 2944 hic
2457 2902 2583 2944 vero
2601 2886 2806 2944 sedenti
2840 2886 2994 2953 mihi,
3018 2901 3208 2958 magna
3225 2901 3364 2943 sane
3384 2887 3615 2942 adhibita
3631 2885 3732 2940 vio-

2149 2979 2347 3044 lentia,
2380 2979 2464 3032 vix
2513 2977 2894 3048 subjicientur;
2920 2978 3273 3048 subjicientur
3314 2987 3494 3034 tamen
3522 2992 3614 3048 per
3651 2975 3733 3031 Dei

2144 3072 2404 3142 gratiam,
2439 3071 2508 3125 ita
2557 3080 2614 3124 ut
2641 3078 2837 3140 prmter
2880 3070 3127 3124 latratum
3173 3071 3311 3126 nihil
3355 3070 3474 3141 plus
3503 3068 3732 3124 habeant.

2149 3163 2274 3219 Ideo
2305 3161 2446 3218 hanc
2489 3161 2868 3218 domunculam
2920 3163 3126 3228 incolo,
3158 3163 3364 3217 nemini
3412 3161 3612 3218 aditum
3640 3159 3732 3221 do,

2149 3272 2272 3311 cum
2317 3256 2534 3311 nemine
2561 3255 2891 3311 consortium
2931 3253 3372 3326 colloquiumque
3413 3254 3638 3315 misceo,
3670 3250 3734 3305 sic

2149 3347 2411 3418 milesque
2430 3347 2563 3424 alias
2585 3346 2987 3402 criminationes
3012 3345 3327 3400 innumeras
3347 3344 3570 3400 audiens
3591 3339 3732 3396 facile

2150 3438 2280 3502 fero,
2329 3453 2462 3507 quas
2509 3438 2736 3492 libenter
2778 3435 2992 3506 quidem
3037 3437 3440 3506 abstergerem;
3477 3449 3594 3489 cum
3618 3443 3732 3486 vero

2151 3547 2256 3584 non
2287 3530 2509 3600 possim,
2555 3529 2834 3584 excrucior
2861 3529 3146 3599 doleoque.
3191 3527 3384 3599 Neque
3431 3527 3570 3583 enim
3615 3521 3731 3579 mihi

2151 3623 2305 3677 facile
2335 3631 2417 3676 est
2466 3621 2628 3677 simul
2656 3620 2933 3676 hominum
2963 3620 3357 3676 consuetudine
3395 3621 3491 3687 uti,
3514 3615 3730 3689 atquein

2154 3716 2405 3786 praesenti
2427 3715 2717 3770 securitate
2742 3729 2960 3768 manere
2987 3731 3002 3768 :
3027 3713 3380 3783 quamobrem
3408 3724 3463 3768 te
3487 3724 3612 3780 rogo
3638 3705 3728 3761 mei

2153 3807 2330 3877 potius
2383 3813 2527 3858 tanta
2560 3804 2839 3874 intercepti
2866 3803 3180 3860 difﬁcultate
3229 3802 3556 3862 miserearis.
3587 3811 3728 3869 quam

2155 3914 2242 3953 tne
2271 3895 2617 3952 calutnnieris
2648 3914 2662 3950 :
2690 3906 2746 3951 at
2779 3895 3015 3952 nondum
3070 3895 3123 3950 id
3153 3895 3246 3950 tibi
3296 3894 3614 3965 persuadere
3642 3905 3727 3959 po-

2157 3990 2252 4044 tui.
2285 3989 2518 4059 Tcmpus
2546 3990 2724 4058 itaque
2750 3997 2853 4055 est,
2887 3998 2944 4043 ut
2969 3987 3112 4060 quod
3138 4004 3306 4043 unum
3335 3987 3465 4043 mihi
3492 3989 3724 4055 superest

2153 4096 2443 4146 arcanum,
2471 4079 2521 4134 id
2569 4081 2619 4133 in
2653 4088 2703 4135 te
2743 4080 2956 4134 tandem
2997 4077 3305 4145 effundam;
3333 4076 3481 4149 quod
3523 4076 3728 4129 fortasse

2159 4173 2342 4227 multis
2378 4171 2688 4226 incredibile
2718 4170 2997 4227 videatur:
3024 4186 3200 4241 neque
3226 4179 3411 4226 tamen
3434 4169 3488 4224 in
3511 4163 3725 4223 medium

2157 4265 2395 4334 proferre
2421 4264 2660 4335 pudebit.
2691 4263 2915 4318 Etiamsi
2944 4264 3087 4319 enim
3116 4263 3259 4333 quod
3289 4263 3529 4318 dicturus
3547 4271 3656 4314 sum
3679 4259 3728 4309 et

2158 4357 2314 4415 malae
2338 4355 2681 4412 conscientia:
2711 4365 2765 4410 et
2799 4355 3202 4410 innumerorum
3244 4355 3558 4411 delictorum
3588 4359 3729 4416 argu-

2135 4453 2398 4506 ‘mentum
2445 4449 2550 4516 sit,
2601 4464 2724 4504 cum
2763 4448 2814 4504 is
2859 4447 2950 4520 qui
2979 4461 3079 4502 nos
3117 4446 3450 4517 judicaturus
3487 4451 3568 4499 est
3605 4439 3726 4494 Deus

2159 4543 2337 4596 omnia
2359 4548 2610 4595 accurate
2640 4539 2870 4607 noverit,
2897 4537 3025 4610 quid
3047 4538 3184 4593 ultra
3208 4539 3366 4594 nobis
3380 4553 3444 4594 ex
3471 4532 3726 4590 hominum

2161 4631 2457 4702 ignorantia
2500 4631 2730 4686 conferri
2763 4631 2989 4700 poterit?
3018 4629 3157 4696 Quid
3201 4639 3286 4685 est
3311 4631 3470 4701 igitur
3500 4624 3622 4682 illud
3651 4635 3728 4674 ar-

2160 4724 2393 4779 canmn?
2419 4724 2501 4778 Ab
2529 4739 2596 4779 eo
2637 4723 2754 4794 ipso
2779 4723 2886 4787 die,
2919 4738 3026 4793 quo
3062 4723 3192 4778 mihi
3222 4721 3361 4778 hanc
3387 4717 3726 4789 suspicionem

2161 4815 2415 4887 injecisti,
2438 4830 2582 4884 smpe
2603 4814 2694 4869 fuit
2727 4814 3025 4884 periculum
3057 4823 3115 4870 ut
3136 4814 3237 4870 hoc
3265 4826 3461 4882 corpus
3489 4807 3610 4864 mihi
3640 4816 3725 4874 pe-

2161 4909 2304 4963 nitus
2346 4907 2763 4974 dissolveretur;
2797 4915 2975 4963 tantus
3014 4909 3174 4962 timor
3218 4916 3498 4976 tantusque
3543 4909 3727 4954 πιωτοτ

2161 5000 2398 5054 animum
2457 5014 2636 5053 meum
2690 4999 2990 5068 occupavit.
3041 4999 3247 5055 Mecum
3301 4998 3444 5054 enim
3491 4999 3724 5062 reputans

2160 5090 2357 5147 Christi
2385 5104 2598 5159 sponsm
2620 5091 2864 5160 gloriam,
2893 5091 3252 5158 sanctitatem,
3275 5086 3594 5160 spiritualem
3617 5079 3723 5151 pul-

2161 5181 2518 5237 chritudinem
2541 5223 2558 5250 ,
2590 5183 2950 5253 prudentiam,
2981 5193 3226 5239 ornatum
3248 5223 3264 5250 ,
3310 5193 3529 5250 meaque
3562 5170 3722 5231 consi-

2159 5273 2358 5328 derans
2390 5273 2546 5334 mala,
2575 5288 2680 5328 non
2706 5275 2980 5328 cessaham
3011 5274 3151 5328 illam
3180 5272 3397 5338 deflere,
3430 5281 3611 5337 meque
3633 5260 3720 5316 mi-

2160 5381 2340 5419 serum
2390 5364 2594 5432 dicere,
2634 5379 2698 5420 ae
2739 5364 3048 5436 frequenter
3093 5381 3348 5435 gemens,
3393 5361 3716 5424 haerensque.

2163 5458 2285 5511 talia
2329 5473 2539 5513 mecum
2591 5458 2884 5527 loquebar:
2933 5459 3063 5525 Quis
3106 5457 3314 5513 consilii
3359 5454 3510 5522 hujus
3553 5452 3720 5501 auctor

2161 5547 2302 5602 fuit?
2369 5547 2493 5618 quid
2556 5558 2758 5603 tantum
2822 5548 3061 5618 peccavit
3129 5548 3366 5603 Ecclesia
3427 5540 3558 5599 Dei?
3609 5545 3715 5603 (ιιιω

2163 5651 2306 5698 tanta
2362 5656 2450 5696 res
2502 5641 2781 5696 Dominum
2833 5642 2948 5714 rj'ts
2985 5642 3352 5706 exacerbavit,
3407 5646 3459 5692 ut
3498 5627 3715 5688 omnium

2228 5802 2245 5834 ⁸
2282 5799 2384 5861 Alii.
2405 5797 2733 5851 terribiliora.
