3942 6358
155 314 235 376 σῃ
1414 297 1506 356 DE
1544 291 2001 354 SACERDOTIO.
2037 291 2173 350 ,LIB.
2216 291 2309 349 Vl.

143 434 272 505 ’ὑπὲρ
311 429 427 487 τῶν
461 428 670 502 ἱερέων
712 421 1082 499 προσάγεσθαι
1121 418 1220 482 τὴν
1257 414 1474 505 θυσίαν,
1498 415 1644 505 δσην
1674 411 1817 505 ὑπὲρ

161 501 333 584 παντὸς
361 518 462 574 τοῦ
496 501 657 571 λαοῦ.
686 514 860 569 Τοῦτο
885 513 941 566 δὲ
963 510 1117 565 οὐδὲν
1144 507 1332 578 ἕτερον
1365 501 1651 574 δηλοῦντός
1672 501 1823 552 ἐστιν

161 610 279 684 ήότι
304 605 565 680 μείζονος
598 602 851 676 βοηθείας
876 600 1045 655 δεῖται
1066 596 1136 650 τὰ
1161 594 1257 648 τοῦ
1295 590 1823 684 ἱερέωςῌτραύματα,

159 678 237 753 καὶ
259 678 557 769 τοσαύτης,
585 695 721 764 ὅσης
751 687 886 761 ὁμοῦ
915 686 986 741 τὰ
1018 684 1222 749 παντὸς
1253 681 1352 769 τοῦ
1382 678 1543 769 λαοῦ·
1574 678 1826 769 μείζονος

160 788 203 842 δὲ
223 786 319 840 οὐκ
356 784 426 839 ἂν
456 763 650 847 ἐδεῖτο,
679 763 732 833 εί
763 777 838 850 μὴ
866 774 1225 849 χαλεπώτερα
1249 766 1345 843 ἦν·
1378 765 1735 840 χαλεπώτερα
1767 763 1825 816 δὲ

160 874 372 944 γίνεται,
400 871 464 926 οὐ
485 873 554 942 τῇ
581 868 764 939 φύσει,
787 865 922 921 ἀλλά
941 866 1010 936 τῇ
1034 860 1161 933 ἀξία
1182 872 1208 900 ι
1237 856 1331 912 τοῦ
1355 854 1666 944 τολμῶντος
1684 852 1827 944 αὐτά

163 941 334 1036 ίερέως
369 941 708 1033 βαρούμενα.
745 953 858 1008 Καὶ
897 952 951 1007 τί
980 950 1123 1019 λέγω
1146 949 1279 1036 τοὺς
1322 943 1534 1036 ἀνδρας
1559 942 1685 1036 τοὺς
1710 941 1825 1036 ’τὴν

160 1028 488 1122 λέιτουργίαν
533 1028 853 1118 μετιόντας;
885 1041 953 1094 Δί
988 1038 1098 1111 γάρ
1137 1033 1437 1104 Θυγατέρες
1466 1029 1584 1122 τῶνΔ
1612 1028 1826 1122 ἱερέων,

160 1134 235 1204 αἷς
256 1117 439 1201 οὐδεὶς
468 1117 606 1208 πρὸς
632 1134 733 1204 τὴν
773 1127 1073 1201 ἱερωσύνην
1111 1124 1290 1193 λόγος,
1330 1124 1480 1193 ὅμως
1511 1118 1601 1173 διά
1633 1117 1700 1171 τὸ
1723 1132 1828 1208 πα-

157 1227 331 1301 τρικὸν
363 1204 580 1296 ἀξίωμα
601 1222 711 1276 τῶν
739 1217 919 1274 αὐτῶν
949 1212 1367 1301 ἁμαρτημάτων
1406 1208 1541 1301 πολὺ
1571 1204 1827 1301 πικροτέο

162 1294 247 1390 ραν
278 1294 545 1385 ὑπέχουσι
585 1310 687 1381 τὴν
725 1305 1030 1379 τιμωρίαν
1067 1302 1163 1390 καλ.
1202 1299 1265 1390 τό
1303 1297 1402 1370 μὲν
1445 1294 1826 1390 πλημμέλημα

159 1380 257 1459 ίσον
302 1380 501 1463 αὑταῖς
535 1398 632 1452 καὶ
660 1398 781 1460 ταῖς
819 1392 927 1448 τῶν
972 1389 1196 1445 ἰδιωτῶν
1233 1385 1557 1458 θυγατράσι,
1599 1380 1826 1452 πορνεία

155 1493 252 1566 γὰρ
284 1491 600 1563 ἀμφότερα,
636 1486 698 1541 τδ
727 1485 785 1539 δὲ
815 1481 1095 1552 ἐπιτίμιον
1122 1475 1304 1548 πολλῷ
1327 1474 1534 1529 τούτων
1572 1468 1827 1545 χαλεπώο

153 1598 324 1654 τερον.

218 1760 303 1832 ιβ’.
349 1759 517 1832 Ὁρᾷς
547 1756 665 1830 μεθ’
695 1754 825 1828 ὅσης
853 1767 935 1808 σοι
956 1749 1230 1808 δείκνυσιν
1259 1743 1565 1820 ὑπερϐολῆς
1590 1745 1619 1799 ὁ
1645 1742 1777 1807 Θεὸς
1799 1741 1826 1783 δ

150 1852 226 1905 ὅτι
261 1848 449 1920 πολλῷ
490 1839 712 1901 πλείονα
746 1843 857 1897 τῶν
886 1841 1207 1913 ἀρχομένων
1232 1837 1450 1890 ἀπαιτεί
1477 1834 1568 1887 τὸν
1593 1832 1830 1905 ἄρχοντα

150 1934 546 2009 τιμωρίανςού
567 1932 680 2005 γάρ
701 1933 877 2003 δήπου
903 1928 1042 2000 ότήν
1058 1926 1268 1981 ἐκείνου
1294 1921 1573 1994 θυγατέρα
1597 1920 1664 1975 δι’
1695 1921 1831 1974 ἐκεῖ·

147 2043 231 2080 νον
247 2024 516 2097 μειζόνως
528 2021 639 2075 τῶν
654 2019 830 2076 ἀλλων
839 2017 1105 2081 κολάζων,
1123 2014 1211 2068 τὸν
1228 2013 1322 2067 καλ⁸
1338 2011 1521 2082 ἐκείνη
1537 2009 1639 2080 τῆς
1657 2025 1831 2097 προσ-

149 2096 319 2184 θήκης
350 2111 465 2164 τῶν
512 2107 760 2180 βασάνων
798 2106 970 2159 αἴτιον
1013 2104 1136 2173 ίσην
1162 2104 1276 2164 τοῖς
1304 2098 1518 2162 πολλοῖς
1541 2109 1563 2137 ο
1601 2096 1832 2168 εἰσπρά-

152 2204 296 2269 ξεται
325 2201 510 2271 δίκην,
540 2198 676 2253 ἀλλά
699 2196 883 2268 πολλῷ
909 2194 1134 2269 μείζονα
1154 2211 1169 2224 ·
1189 2193 1282 2246 καὶ
1310 2190 1455 2263 μάλα
1481 2207 1544 2260 γε
1582 2191 1828 2252 εἰκότως.

150 2293 220 2345 υύ
242 2292 356 2363 γὰρ
373 2291 456 2354 είς
478 2287 640 2341 αὐτὸν
653 2285 1000 2359 περιίσταται
1020 2282 1180 2353 μόνον
1203 2283 1234 2351 ή
1259 2278 1324 2351 ξη
1335 2277 1454 2350 μία,
1476 2277 1611 2333 ἀλλά
1630 2276 1832 2339 καὶτὰς

146 2381 254 2435 τῶν
282 2378 703 2450 ἀσθενεστέρων
736 2374 831 2430 καὶ
860 2375 942 2437 εἰς
974 2369 1135 2426 αὑτὸν
1169 2369 1474 2441 βλεπόντων
1504 2365 1833 2420 καταϐάλλει

146 2468 347 2539 ψυχάς.
402 2465 576 2521 Τοῦτο
632 2464 726 2518 καὶ
779 2465 808 2516 ὁ
858 2458 1119 2531 Ίεζεκιὴλ
1171 2457 1377 2522 διδάξαι
1409 2456 1437 2495 ιι
1486 2454 1832 2525 βουλόμενος,

144 2556 417 2628 διίστησιν
447 2556 543 2609 ἀπ’
570 2551 813 2624 ἀλλήλων
842 2550 940 2621 τὴν
971 2547 1077 2600 τῶν
1111 2545 1282 2619 κριῶν
1307 2546 1402 2598 καὶ
1437 2544 1536 2615 τὴν
1560 2542 1671 2596 τῶν
1703 2559 1834 2613 προ-

145 2647 325 2700 ϐάτων
370 2645 574 2716 κρίσιν.
614 2638 763 2713 1rA9é
806 2656 888 2692 σοι
931 2635 1195 2706 δοκοῦμεν
1244 2632 1402 2700 λόγον
1441 2631 1634 2703 ἔχοντα
1662 2648 1832 2699 πεφο-

142 2735 350 2805 ϐἧσθαι
373 2732 571 2803 φόϐον;
606 2730 749 2801 H96;
779 2728 887 2798 γάρ
914 2729 1028 2789 τοῖς
1052 2722 1366 2796 εἰρημένοις
1390 2721 1486 2775 νῦν
1521 2720 1622 2791 μὲν
1653 2721 1702 2773 εί
1738 2720 1834 2773 καὶ

143 2821 344 2875 πολλοῦ
392 2839 485 2892 μοι
518 2820 601 2873 δεῖ
633 2819 793 2872 πόνου
829 2816 968 2886 1:96;
1017 2815 1079 2867 τὸ
1117 2812 1193 2884 μὴ
1234 2812 1297 2882 δὴ
1352 2809 1830 2880 καταγωνισθῆναι

140 2910 330 2965 τέλεον
353 2910 463 2962 ὑπό
492 2907 602 2960 τῶν
628 2908 726 2978 τῆς
755 2904 935 2975 ψυχῆς
974 2901 1185 2965 παθῶν,
1232 2900 1348 2953 ἀλλ’
1381 2900 1532 2969 ὅμως
1564 2897 1835 2967 ἀνέχομαι

141 3000 239 3053 τὸν
280 2997 469 3063 πόνον,
519 2995 615 3049 καὶ
653 2995 716 3047 οὐ
768 2993 958 3063 φεύγω
1006 2990 1099 3043 τὸν
1144 2987 1352 3056 ἀγῶνα.
1414 2988 1523 3039 Καὶ
1572 2985 1682 3055 γάρ
1729 2985 1836 3038 ὑπὸ

143 3084 463 3150 κενοδοξίας
512 3082 805 3151 ἀλίσκομαι
865 3079 964 3149 μὲν
1015 3078 1110 3130 καὶ
1139 3074 1291 3147 [451]
1321 3073 1437 3137 νῦν,
1486 3072 1748 3142 ἀναφέρω
1780 3072 1837 3124 δὲ

143 3173 438 3235 πολλάκις,
479 3170 574 3224 καὶ
608 3170 690 3222 ὅτι
715 3168 886 3222 ἑάλων
928 3165 1167 3237 συνορῶ·
1203 3164 1319 3217 ἐστι
1357 3162 1414 3215 δὲ
1452 3163 1541 3214 ὅτε
1575 3162 1671 3215 καὶ
1715 3161 1838 3213 ἐπι-

142 3259 294 3331 τιμῶ
355 3262 420 3331 τῇ
474 3256 802 3327 δουλωθείσῃ
850 3254 1019 3326 ψυχῇ.
1073 3250 1392 3323 Ἐπιθυμίαι
1447 3265 1539 3320 μοι
1592 3245 1836 3321 προσπί-

143 3367 354 3404 πτουσι
386 3349 486 3420 μὲν
516 3349 706 3404 ἄτοποι
743 3347 838 3400 καὶ
888 3345 1005 3409 νῦν,
1041 3344 1155 3398 ἀλλ’
1188 3341 1495 3415 ἀργοτέραν
1537 3341 1837 3396 ἀνάπτουσι

142 3438 246 3510 τὴν
296 3439 500 3508 φλόγα,
556 3435 664 3490 τῶν
715 3433 1014 3505 ὀφθαλμῶν
1058 3431 1166 3487 τῶν
1226 3430 1426 3498 ἔξωθεν
1471 3431 1572 3484 οὐκ
1605 3431 1838 3501 ἐχόντων

144 3526 515 3581 ἐπιλαϐέσθαι
553 3524 653 3594 τῆς
701 3522 793 3576 τοῦ
845 3521 1018 3591 πυρὸς
1065 3520 1231 3590 ὐλης·
1276 3517 1370 3572 τοῦ
1413 3519 1470 3573 δὲ
1519 3519 1705 3583 κακῶς
1748 3521 1839 3573 τὸν

143 3615 302 3669 δεῖνα
335 3614 539 3683 λέγειν,
577 3613 668 3666 καὶ
692 3611 980 3682 λεγόμενον
1022 3610 1263 3673 ἀκούειν,
1303 3608 1664 3680 ἀπήλλαγμαι
1701 3627 1839 3662 παν-

142 3704 349 3768 τελῶς,
380 3703 492 3756 τῶν
521 3699 917 3770 διαλεγομένων
955 3698 1017 3752 οὐ
1049 3698 1367 3769 παρόντωνο
1410 3697 1473 3750 οὐ
1520 3697 1630 3768 γάρ
1659 3696 1724 3769 δὴ
1753 3692 1842 3752 οὐ·

122 3807 232 3844 -τοι
261 3793 313 3844 οἱ
342 3793 515 3861 τοῖχοι
558 3787 787 3841 δύναιντ’
820 3786 886 3839 ἂν
913 3788 1133 3855 ἀφεῖναι
1158 3786 1365 3857 φωνήν.
1412 3786 1553 3839 Ἀλλ’
1597 3787 1717 3858 οὐχὶ
1746 3786 1841 3841 καὶ

145 3879 247 3952 τὴν
298 3878 481 3952 ὀργὴν
536 3875 736 3948 ὁμοίως
784 3874 1007 3929 δυνατὸν
1051 3873 1352 3943 διαφυγεῖν,
1399 3874 1580 3927 καίτοι
1627 3890 1692 3943 γε
1733 3874 1842 3929 τῶν

142 3969 572 4041 παροξυνόντων
596 3965 697 4019 οὐκ
728 3963 916 4020 ὅντων.
947 3964 1152 4035 Μνήμη
1185 3964 1294 4033 γὰρ
1321 3963 1587 4027 πολλάκις
1627 3964 1842 4037 ἀνδρῶν

141 4059 379 4111 ἀτόπων
428 4052 832 4129 προσπεσοῦσα,
874 4052 968 4107 καὶ
1007 4052 1117 4105 τῶν
1154 4052 1246 4106 ὑπ’
1293 4050 1474 4105 αὐτῶν
1508 4053 1842 4125 γενομένων,

142 4146 384 4214 ἐξοιδεῖν
408 4160 499 4214 μοι
528 4142 627 4213 τὴν
655 4141 883 4212 καρδίαν
920 4144 1083 4204 ποιεῖ,
1108 4140 1247 4211 πλὴν
1277 4138 1391 4194 ἀλλ’
1423 4140 1523 4194 οὐκ
1545 4142 1625 4206 είς
1651 4139 1805 4206 τέλος
1824 4157 1839 4172 ⁶

140 4233 370 4305 ταχέως
408 4228 517 4301 γὰρ
550 4229 720 4301 αὐτὴν
759 4227 1200 4299 φλεγμαίνουσαν
1251 4228 1711 4301 καταστέλλομεν,
1749 4226 1843 4285 καὶ

142 4320 425 4390 πείθομεν
450 4317 740 4389 ἡσυχάζειν
768 4318 1016 4381 εἰπόντες
1049 4317 1132 4370 ὅτι
1161 4315 1281 4369 λίαν
1309 4315 1641 4388 ἀσύμφωνον
1682 4329 1705 4358 ο
1748 4319 1845 4373 καὶ

140 4409 254 4480 τῆς
282 4409 524 4478 ἐσχάτης
550 4405 896 4477 ἀθλιότητος,
934 4404 1004 4458 τά
1036 4407 1215 4459 οἰκεῖα
1263 4405 1502 4474 ἀφέντας
1549 4405 1715 4472 κακὰ,
1774 4407 1861 4462 τά

144 4496 265 4550 τῶν
303 4494 535 4567 πλησίον
580 4493 1060 4567 περιεργάζεσθαι.
1102 4493 1243 4546 Ἀλλ’
1275 4495 1377 4546 οὐκ
1421 4496 1503 4556 εἰς
1538 4494 1602 4547 τὸ
1639 4494 1844 4567 πλῆθος

146 4582 357 4641 ἐλθὼν.
402 4584 499 4637 καὶ
540 4585 663 4647 ταῖς
701 4581 922 4654 μυρίαις
970 4581 1306 4652 ἀποληφθεὶς
1347 4584 1637 4652 ταραχαῖς,
1687 4583 1848 4656 δυνή-

148 4689 331 4744 σομαι
363 4670 565 4743 ταύτης
590 4669 881 4726 ἀπολαύειν
906 4670 1006 4741 τῆς
1037 4668 1342 4734 νουθεσίας,
1365 4670 1487 4724 οὐδὲ
1510 4672 1637 4737 τούς
1675 4672 1847 4727 ταῦτα

146 4760 648 4829 παιδαγωγοῦντας
676 4759 971 4830 λογισμοὺς
1000 4761 1211 4829 εὑρεῖν·
1238 4759 1352 4812 ἀλλ’
1393 4759 1583 4831 ὥσπερ
1617 4761 1666 4813 οἱ
1702 4762 1846 4816 κατά

148 4846 432 4920 κρημνῶν
456 4845 560 4901 ὑπό
594 4861 740 4910 τινος
787 4845 1053 4917 ῥεύματος
1079 4845 1110 4917 ή
1137 4846 1231 4898 καὶ
1264 4845 1466 4917 ἑτέρως
1491 4842 1794 4917 ὠθούμενοι
1826 4846 1846 4888 ί

149 4938 263 5006 τὴν
292 4936 395 5007 μὲν
431 4933 728 4998 ἀπώλειαν,
753 4935 832 4999 εἰς
858 4935 924 5005 ἢν
947 4932 1262 4998 τελευτῶσι,
1302 4936 1542 5005 προορᾷν
1568 4934 1846 4999 δύνανται,

154 5022 426 5095 βοήθειαν
455 5022 512 5076 δέ
545 5039 668 5076 τινα
705 5023 939 5075 ἐπινοεῖν
974 5022 1073 5074 οὐκ
1123 5019 1337 5091 ἔχουσιν
1363 5038 1375 5051 ·
1411 5020 1555 5074 οὕτω
1602 5024 1698 5076 καῖ
1752 5025 1850 5076 αὑ-

153 5110 257 5176 τὸς
293 5113 377 5177 εἰς
404 5112 498 5166 τὸν
526 5112 694 5165 πολὺν
707 5111 816 5165 τῶν
847 5098 1035 5166 παθῶν
1060 5111 1289 5183 θόρυϐον
1311 5111 1590 5181 ἐμπεσὼν,
1621 5112 1719 5183 τὴν
1750 5113 1850 5184 μὲν

155 5202 395 5258 κόλασιν
422 5200 545 5255 καθ’
579 5200 819 5271 ἑκάστην
838 5199 1145 5270 αὐξομένην
1179 5217 1270 5269 μοι
1301 5198 1401 5271 τὴν
1441 5201 1658 5272 ἡμέραν
1684 5200 1850 5273 δυνή-

228 5395 259 5426 ⁸
281 5395 454 5455 Aliqui
478 5393 583 5442 ἀλλ’
608 5392 702 5440 ὑπὸ
723 5397 807 5451 τῆς
829 5392 998 5448 ἀξίας.¹

229 5456 261 5498 δ
286 5452 397 5506 Ᾱιὶἷ
408 5455 618 5517 δείκνυσι
634 5460 719 5517 τῇς
741 5455 1014 5517 περιουσίας
1032 5455 1059 5501 ὁ
1085 5452 1222 5509 θεός.

229 5523 254 5550 ε
282 5518 380 5568 Alii
399 5518 510 5575 ἴσην
531 5515 631 5571 τοῖς
654 5515 832 5572 ἄλλοις.

228 5581 258 5621 ά
283 5581 435 5629 Savﬂ.
464 5584 520 5628 el
539 5579 625 5628 alii
662 5578 823 5632 δεῖξαι.

232 5656 261 5703 ε
284 5642 383 5691 Alﬁ
401 5641 696 5703 ἀσύμφορον.
726 5638 849 5687 Infra
868 5639 953 5703 am
989 5634 1174 5703 μυρίαις
1198 5633 1510 5703 ἀπολειφθείς.

231 5699 260 5742 σ
285 5703 438 5753 Savil.
461 5695 513 5751 ei
532 5695 723 5762 ili'quol
748 5713 861 5748 man.
883 5701 913 5758 ἢ
938 5695 1015 5748 καὶ
1040 5695 1197 5762 ἐτέρας
1220 5695 1425 5760 ἀνάγκης
1446 5695 1722 5760 ὠθούμενοι.
1745 5696 1852 5752 Mo-

161 5761 266 5814 nl.
291 5771 345 5815 ει
366 5765 449 5816 alii
473 5764 504 5825 ἡ
527 5761 806 5826 καὶέτέρως
823 5761 908 5811 ὠθ.

3502 288 3610 348 688

1933 425 2096 480 σομαι
2126 411 2378 481 συνορᾷν,
2423 410 2480 463 ἐν
2518 406 2745 480 ἐμαυτῷ
2799 407 2856 462 δὲ
2909 405 3165 476 γενέσθαι
3212 404 3462 478 καθάπερ
3511 407 3610 461 καὶ

1929 498 2047 566 νῦν,
2079 500 2174 552 καὶ
2200 498 2524 569 ἐπιτιμῆσαι
2566 496 2832 551 πάντοθεν
2880 497 2993 560 τοῖς
3048 495 3322 567 νοσήμασι
3372 493 3609 555 λυττῶσι

1928 586 2160 651 τούτοις,
2204 587 2306 640 οὐκ
2363 585 2443 639 ἔτι
2490 584 2695 657 ὁμοίως
2740 584 2972 657 εὐπορον
3006 585 3150 656 ἐμοὶ,
3205 582 3460 654 καθάπερ
3515 585 3612 638 καὶ

1930 674 2214 745 πρότερον.
2261 674 2414 746 Ἐμοὶ
2441 673 2549 746 γὰρ
2581 672 2726 745 ψυχή
2757 674 2843 738 τίς
2882 676 3031 727 ἐστιν
3060 672 3293 744 ἀσθενὴς
3313 672 3407 726 καὶ
3438 672 3613 743 μικρά

1930 764 2024 817 καὶ
2055 763 2378 834 εὐχείρωτος
2402 764 2462 816 οὐ
2490 762 2702 826 τούτοις
2733 763 2892 834 μόνον
2923 765 3035 826 τοῖς
3065 763 3315 830 πάθεσιν,
3348 760 3485 815 ἀλλά
3515 761 3612 814 καὶ

1928 851 2008 922 τῷ
2042 854 2261 906 πάντων
2308 851 2621 924 πικροτέρῳ
2674 851 2876 922 φθόνῳ,
2926 852 3022 904 καὶ
3068 849 3194 904 οὐτε
3252 849 3441 922 ὕϐρεις
3485 848 3613 902 οὔτε

1928 938 2097 1011 τιμάς
2130 939 2368 1012 μετρίως
2393 939 2681 993 ἐπίσταται
2717 939 2926 1010 φέρειν,
2959 937 3095 992 ἀλλά
3147 937 3265 1009 μεθ’
3306 936 3615 1009 ὑπερϐολῆς

1932 1028 2135 1083 ἐκεῖναί
2169 1044 2228 1080 τε
2258 1027 2578 1099 ἐπαίρουσιν
2632 1027 2824 1099 αὐτὴν,
2867 1027 2964 1081 καὶ
3017 1024 3370 1079 ταπεινοῦσιν
3425 1018 3608 1080 αὗται.

1934 1115 2148 1187 ’Ὥσπερ
2203 1111 2298 1169 οὖν
2339 1113 2503 1186 θηρία
2548 1113 2780 1186 χαλεπά,
2835 1114 2965 1167 ὅταν
3017 1113 3116 1183 μὲν
3167 1113 3460 1184 εὐσωματῇ
3517 1113 3614 1166 καὶ

1933 1205 2160 1276 σφριγᾷ,
2188 1203 2296 1258 τῶν
2323 1204 2461 1275 πρὸς
2482 1204 2619 1257 αὐτὰ
2648 1202 2970 1273 μαχομένων
2999 1204 3210 1272 κρατεῖ,
3242 1201 3335 1253 καὶ
3378 1200 3617 1271 μάλιστα

1931 1292 2061 1346 ὅταν
2112 1291 2362 1356 ἀσθενεῖς
2409 1286 2512 1345 ὦσι
2566 1292 2660 1345 καὶ
2710 1292 2949 1362 ἄπειροι,
2979 1291 3027 1342 εί
3058 1287 3114 1341 δέ
3138 1304 3224 1351 τις
3274 1287 3416 1342 αὐτά
3466 1288 3615 1360 λιμῷ

1934 1380 2275 1452 κατατήξειε,
2321 1380 2412 1434 τόν
2450 1397 2509 1433 τε
2557 1379 2726 1450 θυμὸν
2775 1380 2960 1441 αὐτοῖς
3024 1377 3296 1448 ἐκοίμισε,
3367 1376 3464 1431 καὶ
3510 1376 3616 1449 τῆς

1931 1467 2213 1540 δυνάμεως
2238 1470 2300 1523 τὸ
2325 1470 2489 1523 πλέον
2522 1468 2765 1533 ἔσϐεσεν,
2794 1467 2869 1533 ὡς
2894 1469 2985 1521 καὶ
3011 1467 3103 1522 τὸν
3132 1467 3206 1539 μὴ
3228 1466 3347 1520 λίαν
3369 1470 3617 1536 γενναῖον

1930 1558 2291 1625 ἀναδέξασθαι
2329 1559 2420 1613 τὸν
2454 1559 2594 1630 πρὸς
2616 1557 2794 1612 ταῦτα
2814 1559 3002 1627 ἀγῶνα
3030 1558 3125 1612 καὶ
3155 1557 3392 1629 πόλεμον
3413 1573 3427 1587 ο
3470 1555 3616 1610 οὕτω

1933 1649 2029 1703 καὶ
2056 1648 2124 1702 τά
2146 1647 2293 1720 πάθη
2318 1648 2420 1720 τῆς
2452 1647 2654 1718 ψυχῆς,
2685 1649 2714 1700 ό
2750 1647 2850 1718 μὲν
2878 1645 3081 1717 ἀσθενῆ
3111 1645 3302 1711 ποιῶν,
3327 1645 3618 1717 ὑποχείρια

1931 1740 2044 1802 τοῖς
2081 1737 2261 1809 ὀρθοῖς
2286 1739 2321 1778 ε’
2356 1720 2497 1791 αὐτά
2532 1736 2713 1808 τίθησι
2739 1734 3051 1807 λογισμοῖς’
3090 1738 3118 1789 ὁ
3149 1734 3205 1788 δὲ
3232 1735 3447 1807 τρέφων
3492 1735 3618 1788 ἐπι-

1937 1823 2117 1896 μελῶς
2180 1825 2567 1897 χαλεπωτέραν
2613 1818 2761 1894 αὑτῷ
2809 1824 2906 1894 τὴν
2952 1821 3089 1894 πρὸς
3130 1821 3269 1877 αὐτά
3326 1819 3620 1893 καθίστησι

1938 1913 2139 1985 μάχην,
2180 1914 2275 1968 καὶ
2306 1912 2479 1978 οὑτως
2517 1912 2669 1985 αὑτῷ
2710 1910 2920 1983 φοϐερὰ
2946 1911 2973 1951 h
3016 1908 3410 1983 ἀπεργάζεται,
3452 1911 3528 1975 ὼς
3562 1913 3621 1965 ἐν

1934 2001 2147 2074 δουλείᾳ
2169 2002 2264 2055 καὶ
2297 2002 2470 2072 δειλία
2506 2001 2596 2055 τὸν
2624 2002 2802 2055 πάντα
2841 1998 3033 2070 χρόνον
3060 1997 3231 2070 βιοῦν.
3265 1999 3363 2062 Τίς
3386 1993 3479 2052 οὖν
3506 1997 3617 2051 τῶν

1936 2089 2142 2162 θηρίων
2190 2088 2393 2143 τούτων
2443 2091 2477 2161 ή
2529 2088 2744 2161 τροφή;
2804 2086 3127 2151 Κενοδοξίας
3174 2087 3272 2158 μὲν
3318 2087 3478 2157 τιμαὶ
3524 2085 3622 2139 καὶ

1936 2178 2170 2240 ἔπαινοι,
2211 2177 2469 2241 ἀπονοίας
2496 2178 2553 2232 δέ
2583 2176 2802 2244 ἐξουσία
2850 2177 2945 2229 καὶ
2993 2174 3316 2238 δυναστείας
3353 2173 3609 2245 μέγεθος,

1938 2266 2236 2339 βασκανίας
2286 2264 2343 2318 δὲ
2375 2267 2431 2319 αἱ
2476 2265 2584 2319 τῶν
2630 2264 2860 2336 πλησίον
2901 2263 3309 2334 εὐδοκιμήσεις,
3346 2262 3620 2333 φιλαργυ-

1937 2357 2059 2429 ρίας
2099 2356 2155 2409 αί
2201 2354 2310 2408 τῶν
2355 2354 2702 2427 παρεχόντων
2753 2353 3078 2424 φιλοτιμίαι,
3110 2351 3408 2415 ἀκολασίας
3437 2350 3620 2422 τρυφὴ

1937 2445 2030 2499 καὶ
2083 2444 2140 2496 αί
2188 2446 2430 2515 συνεχεῖς
2476 2443 2584 2496 τῶν
2629 2442 2906 2511 γυναικῶν
2949 2440 3244 2505 ἐντεύξεις,
3301 2438 3398 2492 καὶ
3431 2439 3621 2509 ἕτερον

1936 2533 2146 2603 ἑτέρου.
2174 2531 2360 2586 Πάντα
2389 2531 2447 2585 δὲ
2477 2530 2650 2585 ταῦτα
2682 2532 2762 2594 είς
2797 2530 2897 2603 μὲν
2940 2528 3004 2583 τὸ
3044 2529 3208 2600 μέσον
3246 2527 3455 2580 ἐλθόντι
3489 2542 3623 2594 0:90-

1936 2621 2078 2692 δρῶς
2118 2619 2459 2692 ἐπιθήσεται,
2510 2619 2602 2672 καὶ
2668 2617 2937 2691 σπαράξει
2987 2634 3076 2689 μοι
3131 2617 3230 2688 τήν
3279 2614 3484 2686 ψυχὴν,
3524 2613 3623 2667 καὶ

1940 2709 2146 2782 φοϐερά
2175 2709 2347 2769 ἔσται,
2387 2710 2482 2762 καὶ
2521 2703 2903 2779 χαλεπώτερόν
2957 2723 3047 2777 μοι
3100 2705 3194 2758 τὸν
3246 2704 3388 2777 πρὸς
3442 2702 3622 2756 ταῦτα

1940 2799 2157 2869 ποιήσει
2203 2796 2457 2869 πόλεμον.
2507 2796 2772 2851 Ἐνταῦθα
2800 2795 2857 2849 δέ
2899 2792 3198 2864 καθημένῳ
3238 2792 3378 2863 μετά
3420 2790 3624 2861 πολλῆς

1943 2886 2043 2956 μὲν
2075 2886 2169 2940 καὶ
2196 2885 2370 2950 οὑτως
2398 2887 2805 2957 ὑποταγήσεται
2842 2884 2983 2955 βίας,
3020 2882 3429 2952 ὑποταγήσεται
3452 2880 3497 2933 δ’
3528 2877 3625 2933 οὖν

1937 2974 2087 3044 ὅμως
2114 2975 2179 3044 τῇ
2207 2973 2301 3026 τοῦ
2348 2972 2483 3027 Θεοῦ
2511 2972 2715 3044 χάριτι,
2752 2974 2848 3025 καὶ
2877 2973 2976 3041 τῆς
3008 2969 3217 3040 ὑλακῆς
3256 2969 3441 3033 αὐτοῖς
3467 2968 3625 3021 οὐδὲν

1939 3061 2094 3115 ἔσται
2122 3061 2302 3114 πλέον.
2353 3059 2451 3114 Διά
2506 3060 2680 3113 ταῦτα
2712 3060 2805 3113 τὸν
2836 3059 3081 3113 οἰκίσκον
3129 3057 3384 3123 φυλάττω
3432 3051 3625 3109 τοῦτον

1940 3148 2036 3202 καὶ
2078 3147 2335 3220 ἀπρόῖτος
2378 3148 2471 3203 καὶ
2520 3144 2884 3218 ἀκοινώνητός
2932 3147 3045 3216 είμι
3078 3143 3227 3218 [ίὸἓ]
3259 3144 3355 3197 καὶ
3396 3144 3625 3196 ἀσυνου-

1945 3236 2182 3300 σίαστος,
2233 3235 2328 3289 καὶ
2373 3234 2572 3308 μυρίας
2606 3234 2801 3306 ἐτέρας
2834 3234 3088 3297 τοιαύτας
3125 3232 3361 3303 μέμψεις
3402 3230 3624 3285 ἀκούειν

1941 3324 2227 3395 ἀνέχομαι·
2280 3323 2453 3395 ἡδέως
2502 3322 2600 3394 μέν
2637 3322 2702 3377 ἂν
2744 3322 2916 3386 αὐτάς
2949 3321 3413 3393 ἀποτριψάμενος,
3456 3318 3535 3390 τῷ
3565 3315 3627 3372 δέ

1946 3413 2021 3485 μὴ
2050 3409 2308 3466 δύνασθαι
2345 3412 2672 3483 δακνόμενος
2711 3411 2805 3464 καὶ
2835 3409 3035 3479 ἀλγῶν.
3085 3407 3220 3463 Οὐδέ
3249 3409 3358 3481 γὰρ
3387 3405 3622 3478 εὐπορόν

1948 3517 2059 3573 μοι,
2087 3498 2400 3573 ὁμιλητικόν
2423 3517 2478 3553 τε
2500 3498 2636 3571 ὁμοῦ
2666 3498 2945 3567 γενέσθαι,
2973 3498 3068 3552 καὶ
3094 3497 3188 3550 ἐπὶ
3218 3497 3319 3567 τῆς
3342 3494 3628 3568 παρούσης

1943 3587 2245 3659 ἀσφαλείας
2291 3590 2494 3660 μένειν.
2543 3589 2623 3642 Δι’
2666 3588 2693 3642 ὃ
2744 3589 2840 3642 καὶ
2885 3586 3047 3640 αὐτόν
3083 3604 3140 3639 σε
3174 3583 3499 3655 παρακαλῶ,
3533 3583 3628 3638 τὸν

1944 3673 2051 3731 ὑπὸ
2086 3675 2354 3748 τοσαύτης
2384 3677 2704 3749 δυσχερείας
2750 3674 3153 3747 ἐπειλημμένον
3208 3673 3376 3726 ἐλεεῖν
3427 3670 3629 3742 μᾶλλον

1947 3765 1979 3836 ἢ
2007 3762 2315 3818 διαϐάλλειν
2333 3780 2347 3795 ’
2385 3764 2498 3817 ἀλλ’
2521 3764 2734 3816 οὐδέπω
2765 3780 2823 3816 σε
2847 3762 3125 3833 πείθομεν.
3160 3758 3371 3813 Οὐκοῦν
3391 3758 3509 3830 ῶρα
3537 3775 3630 3830 μοι

1947 3853 2154 3918 λοιπὸν,
2195 3851 2224 3906 ὃ
2263 3852 2424 3924 μόνον
2476 3849 2622 3922 εἶχον
2682 3851 3018 3922 ἀπόρρητον,
3066 3848 3202 3920 πρὸς
3252 3846 3311 3900 σὲ
3350 3844 3632 3900 καὶτοῦτο

1948 3944 2220 4000 ἐκϐαλεῖν.
2257 3945 2369 3999 Καὶ
2401 3944 2531 4006 ἴσως
2573 3942 2674 4013 μὲν
2707 3941 2936 3995 ἄπιστον
2988 3934 3131 3993 εἶναι
3184 3937 3327 4001 δόξει
3381 3935 3628 4000 πολλοῖς

1948 4031 2061 4100 ἐγὼ
2080 4033 2138 4087 δὲ
2176 4032 2309 4085 αὐτὸ
2336 4031 2459 4085 οὐδὲ
2480 4029 2652 4094 οὑτως
2681 4032 2762 4093 είς
2793 4028 2958 4101 μέσον
2988 4029 3234 4096 ἐνεγκεῖν
3274 4025 3634 4096 αἰσχυνθήσο-

1955 4139 2072 4192 μαι.
2128 4122 2190 4173 Εἰ
2232 4119 2343 4191 γὰρ
2398 4118 2493 4172 καὶ
2551 4119 2793 4188 πονηρᾶς
2858 4115 3217 4187 συνειδήσεως
3269 4113 3363 4167 καὶ
3417 4112 3631 4185 μυρίων

1950 4209 2368 4280 ἁμαρτημάτων
2417 4207 2636 4277 ἔλεγχος
2667 4206 2729 4258 τὺ
2757 4205 3048 4274 λεγόμενον
3084 4199 3141 4277 ᾗ,
3188 4201 3282 4255 τοῦ
3346 4200 3632 4272 μέλλοντος

1949 4299 2099 4370 ἡμᾶς
2141 4297 2348 4369 κρίνειν
2385 4296 2521 4348 Θεοῦ
2566 4294 2742 4348 πάντα
2792 4293 2994 4355 εἰδότος
3049 4289 3312 4356 ἀκριϐῶς,
3365 4288 3419 4342 τί
3468 4289 3633 4342 πλέον

1953 4387 2084 4456 ήμῖν
2105 4387 2168 4438 ἐκ
2198 4386 2295 4454 τῆς
2322 4382 2430 4436 τῶν
2462 4381 2765 4454 ἀνθρώπων
2794 4380 3016 4448 ἀγνοίας
3057 4377 3376 4448 ἐγγενέσθαι
3408 4377 3635 4448 δυνήσε-

1950 4489 2071 4543 ται;
2113 4472 2177 4527 Τί
2205 4468 2298 4526 οὖν
2327 4473 2444 4524 ἐστι
2467 4471 2530 4524 τὸ
2560 4470 2900 4542 ἀπόρρητον;
2952 4468 3086 4521 Ἀπὸ
3109 4467 3209 4537 τῆς
3244 4467 3460 4537 ἡμέρας
3486 4468 3633 4520 ἐκεί-

1953 4577 2070 4634 νης,
2103 4554 2221 4634 ἐνῇ
2255 4562 2457 4630 ταύτην
2483 4558 2744 4630 ἐνέθηκάς
2785 4571 2874 4628 μοι
2915 4556 3014 4628 τὴν
3059 4554 3317 4625 ὑποψίαν,
3366 4554 3631 4618 πολλάκις

1955 4649 2298 4705 ἐκινδύνευσέ
2330 4664 2420 4719 μοι
2453 4647 2834 4718 παραλυθῆναι
2859 4644 2920 4698 τὸ
2952 4645 3111 4716 σῶμα
3133 4645 3315 4698 τέλεον
3338 4661 3351 4674 ·
3378 4642 3636 4706 τοσοῦτος

1959 4738 2058 4810 μὲν
2074 4737 2258 4808 φόϐος,
2292 4732 2530 4806 τοσαύτη
2560 4734 2616 4788 δέ
2650 4733 2859 4803 ἀθυμία
2905 4735 3138 4803 κατέτχε
3170 4748 3272 4803 μου
3298 4730 3400 4803 τήν
3429 4729 3631 4800 ψυχήν.

1954 4828 2068 4900 Τῆς
2100 4828 2209 4897 γὰρ
2237 4825 2474 4896 Χριστοῦ
2495 4820 2715 4896 νύμφης
2739 4822 2837 4894 τὴν
2865 4818 3024 4889 δόξαν
3068 4817 3288 4886 ἐννοῶν,
3330 4813 3429 4891 τὴν
3463 4820 3635 4886 ἁγιω-

1960 4916 2144 4987 σύνην,
2175 4911 2236 4968 τὸ
2265 4911 2459 4977 κάλλος
2486 4913 2545 4966 τὸ
2577 4911 2970 4982 πνευματικὸν,
3003 4911 3100 4982 τὴν
3135 4911 3371 4971 σύνεσιν,
3409 4909 3508 4979 τὴν
3544 4905 3635 4958 εὐ-

1956 5002 2210 5073 κοσμίαν,
2246 5001 2342 5056 καὶ
2380 5001 2449 5055 τά
2483 5000 2722 5073 ἐμαυτοῦ
2755 4998 3103 5072 λογιζόμενος
3134 4996 3301 5059 κακά,
3338 4994 3400 5049 οὐ
3428 4990 3635 5064 διελίμ-

1957 5107 2125 5146 πανον
2152 5088 2367 5161 ἐκείνην
2394 5107 2453 5142 τε
2493 5089 2728 5154 πενθῶν,
2768 5089 2860 5143 καὶ
2905 5088 3140 5159 ἐμαυτὸν
3188 5082 3511 5149 ταλανίζων,
3541 5082 3637 5136 καὶ

1960 5181 2160 5234 στένων
2202 5179 2440 5250 συνεχῶς
2495 5175 2589 5232 καὶ
2640 5178 2915 5249 διαπορῶν
2966 5176 3103 5249 πρὸς
3155 5175 3395 5246 ἐμαυτὸν
3449 5173 3636 5243 ἔλεγον

1957 5269 2157 5322 ταῦτα’
2191 5267 2288 5331 Τίς
2315 5264 2423 5339 ἆρα
2453 5267 2627 5321 ταῦτα
2656 5263 3075 5328 συνεϐούλευσες
3108 5263 3161 5317 τί
3183 5262 3436 5318 τοσοῦτον
3460 5265 3636 5335 ἦμαρ.

1957 5373 2049 5411 τεν
2072 5359 2106 5428 ή
2128 5354 2224 5409 τοῦ
2267 5355 2401 5408 Θεοῦ
2436 5350 2767 5430 Ἐκκλησία-ς
2801 5355 2854 5409 τί
2881 5353 3199 5424 τηλικοῦτον
3234 5348 3517 5424 παρώξυνε
3546 5351 3638 5406 τὸν

1958 5445 2127 5516 αὐτῆς
2153 5442 2453 5514 Δεσπότην,
2482 5441 2557 5506 ὼς
2578 5442 2658 5514 τῷ
2679 5444 2893 5498 πάντων
2923 5442 3237 5514 ἀτιμοτάτῳ
3263 5440 3637 5514 παραδοθῆναι

2023 5641 2050 5680 ε
2070 5638 2207 5688 Hanc
2225 5638 2585 5687 correctionem
2607 5650 2635 5687 ο
2649 5634 2798 5691 Savil.
2813 5634 3024 5689 mutual]
3041 5650 3228 5687 sumus.
3247 5633 3527 5699 Legebamu-
3541 5626 3633 5678 ὕπὸ

1956 5702 2055 5758 τοῖς
2076 5700 2244 5810 ὀῖθοῖς.
2275 5698 2407 5747 Enn.

2011 5764 2036 5801 ιι
2073 5764 2108 5810 Δ
2138 5760 2169 5810 il
2194 5760 2406 5810 σοϐιοώτ

2011 5764 2036 5801 οι
2072 5760 2169 5812 Alii
2194 5760 2511 5826 φοϐερώτερα.
