3942 6358
194 355 290 415 689

189 467 696 541 ignominiosiesimo
741 465 870 522 mihi
924 462 1255 527 traderetur,
1310 468 1366 516 et
1412 468 1611 514 tantam
1669 473 1764 527 pa-

192 571 386 617 teretur
433 558 753 614 infamiam?
809 557 933 611 ιιωο
983 554 1292 625 frequenter
1335 568 1541 608 mecum
1594 551 1769 606 remul-

193 667 357 719 vens,
425 665 552 706 cum
622 647 950 719 indignitatis
1026 654 1187 700 tantae
1257 659 1326 699 ne
1389 643 1764 713 cogitationem

190 744 397 814 quidem
444 742 593 798 ferre
647 755 895 811 possem,
942 738 1093 808 quasi
1141 736 1398 791 attonitus
1446 743 1503 789 et
1545 743 1767 802 stupore

191 834 462 905 perculsus
487 874 502 897 ,
533 847 633 889 nec
661 831 842 886 videre
871 845 967 885 nec
996 827 1180 883 audire
1205 825 1472 898 quidpiam
1503 834 1761 895 poteram.

189 926 316 982 Cum
359 940 450 981 me
495 926 597 979 hoc
623 922 782 976 animi
829 918 1116 991 deliquium
1159 917 1431 972 desereret
1463 913 1765 987 (interdum

191 1018 380 1090 quippe
402 1015 731 1083 desistebat),
750 1009 1105 1067 succedebant
1133 1009 1381 1078 lacrymte
1400 1014 1454 1061 et
1479 1005 1763 1061 ntmstitia:

193 1125 294 1166 tum
340 1120 462 1181 post
491 1110 839 1181 laet-ymarum
869 1104 1167 1160 satietatem
1212 1101 1402 1160 iterum
1451 1097 1768 1152 adventabat

191 1206 380 1268 timor,
421 1210 653 1257 mentem
704 1197 959 1260 turbans,
1002 1191 1228 1248 tumultu
1273 1189 1485 1260 replens
1526 1203 1590 1243 ac
1632 1202 1765 1243 eon-

188 1295 410 1349 cutiens.
441 1290 497 1346 In
525 1299 658 1346 astu
699 1295 845 1342 tanto
876 1283 1198 1355 praeteritum
1243 1277 1475 1349 transegi
1519 1286 1763 1347 tempus;

190 1396 236 1441 tu
282 1399 414 1441 vero
457 1381 775 1455 ignorabas,
817 1386 874 1433 et
917 1377 969 1429 in
1018 1371 1396 1442 tranquillitate
1438 1385 1523 1424 me
1564 1367 1767 1424 versari

188 1477 530 1532 arbitrabare.
554 1474 621 1526 At
646 1485 784 1524 nunc
810 1467 902 1522 tibi
927 1467 1119 1520 animae
1142 1478 1276 1517 mea:
1304 1459 1590 1531 procellam
1618 1472 1768 1514 reve-

188 1568 291 1621 lare
337 1564 554 1620 tentabo
584 1577 601 1615 :
632 1560 754 1614 hinc
797 1556 1020 1613 fortasse
1064 1553 1191 1607 mihi
1215 1592 1232 1617 ,
1282 1549 1470 1620 positis
1510 1546 1764 1603 erimina-

188 1658 417 1714 tionibus
437 1694 456 1722 ,
484 1658 692 1709 veniam
719 1649 1000 1706 concedes.
1040 1645 1141 1715 Qui
1169 1643 1310 1699 illam
1340 1643 1430 1698 tibi
1454 1681 1473 1709 ,
1499 1641 1588 1713 qui
1614 1640 1766 1696 dete-

185 1767 305 1823 gere
328 1746 578 1820 possim?
602 1746 659 1802 Si
686 1743 899 1815 quidem
924 1741 1068 1797 clare
1096 1737 1276 1793 videre
1299 1735 1463 1791 velles
1486 1774 1502 1802 ,
1533 1747 1637 1788 non
1662 1733 1767 1789 alio

186 1844 343 1900 modo
369 1855 602 1913 possem,
618 1852 776 1910 quam
799 1850 893 1892 eor
905 1829 1202 1903 detegendo
1219 1843 1397 1884 meum
1418 1844 1432 1883 :
1450 1841 1570 1882 eum
1588 1833 1765 1880 autem

185 1939 233 1993 id
258 1936 378 1993 ﬁeri
422 1941 686 2004 nequeat,
727 1943 824 2000 per
848 1928 1129 1983 obscuram
1170 1919 1455 1995 quamdam
1484 1918 1765 1988 imaginem

185 2045 279 2101 pro
320 2028 574 2083 facultate
597 2038 716 2079 mea
746 2019 1011 2076 nitestiti'e
1038 2031 1171 2071 mete
1199 2012 1409 2069 interim
1434 2010 1637 2065 fumum
1667 2007 1763 2064 tibi

182 2100 467 2189 depingere
491 2114 752 2177 conabor;
777 2119 831 2166 tu
846 2124 975 2165 vero
989 2123 1054 2163 ex
1078 2107 1190 2177 ipsa
1208 2104 1437 2175 imagine
1458 2100 1765 2159 mastitiam

181 2210 351 2266 solum
400 2206 623 2275 colligas
670 2209 899 2273 oportet.
949 2198 1319 2268 Supponamus
1368 2205 1490 2247 esse
1538 2189 1766 2260 puellam

179 2301 388 2357 cuidam
415 2298 757 2367 desponsam,
774 2291 914 2362 regis
940 2289 1029 2361 qui
1058 2286 1305 2342 universo
1332 2282 1447 2338 orbi
1462 2281 1767 2358 dominetur

180 2393 340 2447 tiliam
367 2430 384 2455 ,
416 2384 755 2444 inenarrabili
800 2378 1188 2454 puichritudiue
1210 2416 1227 2443 ,
1261 2376 1330 2429 ita
1374 2381 1433 2427 ut
1480 2373 1765 2426 humanam

181 2480 525 2541 transcendat
565 2486 804 2534 naturam
828 2515 845 2542 ,
873 2481 929 2529 et
970 2472 1070 2526 hac
1111 2470 1165 2524 in
1207 2482 1267 2522 re
1306 2473 1473 2521 totum
1504 2461 1767 2517 muliebre

176 2590 345 2647 genus
374 2584 572 2642 magno
596 2566 882 2623 admodum
908 2560 1215 2619 discrimine
1251 2566 1468 2628 superet
1497 2569 1512 2609 :
1545 2553 1612 2608 ad
1651 2553 1767 2609 hzec

177 2643 340 2723 animi
370 2664 567 2717 virtute
593 2668 737 2715 tanta
761 2699 776 2725 ,
804 2663 864 2711 ut
887 2656 1125 2709 virorum
1152 2664 1322 2721 genus
1347 2661 1531 2703 eorum
1560 2644 1650 2715 qui
1680 2643 1766 2699 vel

176 2769 298 2814 ante
346 2756 597 2819 fuerunt,
645 2750 728 2807 vel
774 2756 895 2819 post
934 2744 1091 2801 futuri
1133 2752 1258 2799 sunt
1280 2782 1296 2809 ,
1342 2741 1502 2809 longo
1543 2743 1663 2807 post
1705 2750 1768 2793 se

177 2847 466 2905 intervallo
520 2843 818 2913 relinquat;
878 2849 1192 2906 morumque
1246 2832 1524 2887 honestate
1578 2842 1766 2883 omnes

173 2937 533 3011 philosophia:
580 2932 832 2989 terminos
878 2926 1139 2991 excedat,
1184 2921 1444 2992 facieique
1488 2925 1768 2974 venustate

174 3042 500 3101 corporeum
543 3039 755 3084 otnnem
795 3020 1045 3076 decorem
1089 3015 1342 3071 obscuret
1384 3028 1399 3065 :
1442 3022 1768 3080 procumque

174 3100 295 3195 ejus
324 3137 434 3177 non
465 3120 533 3174 ob
561 3132 623 3174 ea
655 3123 875 3178 tantum,
906 3124 1024 3181 quae
1051 3107 1304 3169 diximus,
1333 3100 1552 3171 virginis
1583 3112 1768 3154 amore

176 3190 377 3272 ardere
398 3254 414 3278 ,
441 3211 535 3267 sed
577 3218 835 3281 praeterea
875 3204 983 3259 alio
1009 3199 1190 3256 nescio
1227 3210 1333 3266 quo
1357 3208 1479 3264 erga
1508 3192 1651 3246 illam
1682 3190 1768 3245 fu-

176 3325 302 3366 rore
328 3306 472 3361 afﬁci
497 3345 511 3369 ,
542 3304 610 3358 ita
640 3310 696 3355 ut
722 3296 1085 3354 insanissimos
1108 3331 1125 3359 ,
1154 3290 1241 3361 qui
1273 3301 1522 3357 umquam
1550 3282 1764 3348 fuerint,

178 3407 454 3455 amatores
480 3394 633 3463 longe
659 3402 805 3445 retro
834 3386 1135 3453 relinquat:
1160 3380 1285 3435 hinc
1310 3388 1568 3447 ponamus
1594 3373 1767 3435 illum,

178 3492 261 3547 sic
285 3500 476 3543 amore
502 3484 835 3555 ﬂagrantem,
860 3473 1106 3532 alicunde
1129 3470 1416 3535 audivisse,
1450 3466 1685 3521 futurum
1712 3471 1770 3518 ut

178 3583 420 3656 puellam
449 3579 589 3633 illam
619 3575 688 3630 ab
713 3587 774 3629 se
796 3570 1094 3627 adamatam
1118 3605 1134 3632 ,
1160 3562 1430 3618 vilissima:
1453 3556 1771 3614 conditionis

179 3655 267 3733 vir
287 3720 305 3746 ,
335 3670 584 3746 ignobilis
605 3708 621 3735 ,
663 3681 889 3737 corpore
918 3661 1135 3718 mutilus
1157 3699 1171 3721 ,
1199 3655 1543 3722 omniumque
1571 3661 1772 3705 morta-

182 3774 316 3828 lium
359 3745 716 3833 nequissimus
745 3761 798 3815 in
828 3769 1049 3813 uxorem
1089 3752 1265 3807 ducat.
1296 3752 1379 3803 An
1407 3747 1498 3802 tibi
1526 3745 1770 3815 exiguam

184 3862 393 3919 doloris
446 3855 612 3911 nostri
664 3849 945 3921 imaginem
989 3836 1529 3914 reprzesentavimus?
1571 3835 1774 3890 satisne

180 3956 285 4010 erit
311 3950 598 4020 imaginem
640 3944 915 4011 hucusque
933 3935 1218 3993 deduxisse
1235 3932 1261 3985 τ
1287 3931 1416 3985 Mea:
1440 3925 1770 3983 declaranda

182 4018 462 4102 maestitia:
486 4039 614 4095 satis
635 4050 756 4093 esse
780 4044 927 4105 puto,
951 4031 1102 4097 cujus
1118 4027 1271 4080 unius
1295 4035 1452 4078 causa
1470 4018 1775 4088 exemplum

180 4138 289 4193 hoc
338 4131 699 4190 adhibuimus.
742 4125 812 4180 llt
851 4131 1027 4177 autem
1071 4128 1242 4172 metus
1283 4111 1623 4183 stuporisquc
1668 4106 1776 4163 mei

179 4222 609 4298 magnitudinem
658 4217 752 4272 tibi
800 4212 970 4268 oculis
1023 4206 1337 4277 subjiciam,
1389 4201 1456 4256 ad
1499 4199 1650 4298 aliud.
1688 4210 1775 4251 me

179 4287 413 4376 conitere
455 4309 779 4379 exemplum.
822 4305 1088 4360 Ponamus
1133 4294 1423 4352 exercitum
1471 4287 1772 4359 peditibus,

180 4407 463 4481 equitibus
515 4399 843 4469 nauticisque
903 4393 1029 4447 viris
1085 4390 1397 4443 instructum
1447 4395 1462 4435 :
1513 4394 1578 4436 ac
1630 4393 1777 4434 mare

183 4501 410 4573 quidem
427 4493 632 4564 operiat
646 4488 945 4545 triremium
958 4493 1229 4543 numerus;
1245 4488 1558 4542 rursumque
1573 4484 1781 4540 campo-

183 4560 310 4647 rum
341 4560 610 4659 planities,
629 4578 994 4646 montiumque
1020 4570 1244 4626 vertices
1258 4574 1519 4659 occupent
1544 4560 1778 4631 peditum

184 4648 539 4752 equitumque
566 4671 852 4743 phalanges
884 4682 899 4718 :
931 4677 1005 4719 aes
1027 4672 1296 4715 armorum
1311 4648 1454 4709 'solis
1494 4649 1779 4721 splendore

186 4743 472 4834 relucent,
510 4778 669 4836 atque
698 4761 820 4816 hinc
845 4756 1054 4814 emissis
1076 4751 1237 4808 radiis
1264 4749 1533 4819 galearum
1560 4743 1779 4814 clypeo-

188 4876 423 4932 rumque
452 4852 749 4913 coruscatio
777 4851 1013 4904 vibretur
1043 4863 1057 4899 :
1089 4843 1356 4898 hastarum
1388 4837 1583 4908 fragor,
1612 4847 1781 4903 equo~

132 4960 139 4963 ἡ
190 4929 426 5023 rumque
470 4946 707 5003 hinnitus
747 4940 814 4995 ad
850 4930 1030 5009 ipsum
1074 4933 1261 4990 etclum
1307 4929 1503 4984 feratur
1547 4941 1561 4978 :
1612 4937 1783 4993 neque

194 5019 371 5109 mare,
389 5058 561 5113 neque
578 5050 716 5095 terra
733 5042 1005 5107 appareat,
1022 5028 1115 5086 sed
1133 5041 1206 5083 tes
1226 5034 1280 5079 et
1304 5024 1496 5079 ferrum
1516 5019 1745 5089 undique
1764 5030 1779 5070 :

195 5140 438 5211 ipsisque
456 5111 798 5189 bellatortbus
809 5123 1019 5185 adversi
1031 5121 1145 5177 acie
1158 5121 1407 5171 instructa
1424 5121 1564 5168 stent
1581 5111 1779 5172 hostes,

196 5199 299 5288 feri
351 5199 568 5298 quidam
624 5230 903 5289 trucesque
954 5211 1073 5267 viri.
1132 5210 1294 5263 lustct
1343 5207 1450 5273 jam
1507 5199 1786 5254 conﬂictus

197 5293 414 5393 tempus
438 5335 452 5370 :
477 5317 601 5372 hinc
626 5321 834 5383 raptum
862 5306 1122 5380 quiSpiatn
1151 5299 1563 5361 adolescentem,
1587 5293 1637 5346 in
1659 5305 1788 5360 agro

197 5382 526 5475 educatum,
557 5405 647 5478 qui
690 5382 882 5473 prmlcr
912 5393 1236 5468 pastoritiam
1285 5389 1447 5461 lyram
1496 5394 1548 5438 et
1596 5382 1787 5452 pedum

202 5502 337 5558 nihil
369 5472 596 5570 prorsus
611 5472 744 5549 sciat
775 5508 792 5547 :
822 5490 1099 5559 ipsumque
1129 5489 1392 5537 armatura
1418 5491 1558 5532 terea
1584 5472 1788 5540 induat,

203 5608 269 5649 ac
337 5561 430 5661 per
494 5596 664 5643 totum
727 5580 1017 5636 exercitum
1083 5569 1488 5631 circumducat,
1545 5561 1792 5619 ostendat

207 5656 508 5754 manipulos
561 5673 1053 5743 mampulorumque
1104 5664 1392 5724 ductores,
1448 5656 1788 5728 sagittarios,

213 5746 530 5836 funditores,
561 5767 808 5823 ordinum
852 5760 1152 5833 pra-lectos,
1184 5754 1370 5819 duces,
1400 5746 1791 5820 cataphractos,

1400 346 1487 402 DE
1522 340 1971 403 SACERDOTiO.
2012 338 2139 396 LIB.
2186 339 2269 395 Vl.

3356 346 3463 403 690

1877 453 2103 525 equites,
2141 452 2483 524 iaculatores,
2519 453 2785 521 triremes,
2819 455 3113 512 triremium
3152 457 3454 527 ρι’ωῐιιοιηη,

1872 546 2102 602 munitos
2118 545 2312 601 ibidem
2331 547 2547 614 milites,
2564 548 2926 603 machinarum
2941 551 3205 604 navalium
3224 552 3453 621 capiam:

1870 637 2117 695 Ostendat
2141 639 2266 695 item
2292 638 2523 697 hostium
2546 640 2715 695 aciem
2739 641 3062 708 universam,
3082 642 3459 699 fonnidolosos

1870 739 2138 800 aspectus,
2172 746 2438 787 armorum
2483 742 2791 801 apparatum
2819 732 3110 801 diversum,
3142 736 3458 790 immensam

1871 821 2302 884 multitudinem.
2362 822 2566 887 valles,
2630 822 2738 878 alta
2804 825 3135 894 praecipitia,
3194 828 3455 882 montium

1871 912 2122 968 scabrosa
2170 929 2185 965 :
2231 912 2476 967 ostendat
2517 913 2642 967 item
2687 912 2827 982 apud
2872 912 3204 971 adversarios
3248 918 3459 986 equites

1870 1004 2184 1076 quibusdam
2229 1005 2509 1075 praestigiis
2535 1005 2779 1060 volantes
2804 1045 2820 1068 ,
2861 1014 2914 1060 et
2941 1006 3312 1077 cataphractos
3357 1023 3459 1079 per

1868 1112 2048 1152 aerem
2062 1096 2286 1158 delatos.
2299 1096 2578 1166 omnisque
2593 1097 2965 1165 incantationis
2976 1100 3078 1152 vim
3090 1100 3451 1171 speciemque:

1869 1198 2145 1243 recenseat
2162 1187 2260 1257 ipsi
2276 1187 2535 1243 bellorum
2551 1186 2897 1250 calamitates.
2917 1187 3192 1243 missilium
3217 1190 3412 1245 nubent
3432 1231 3450 1257 ,

1870 1278 2098 1333 telorum
2128 1277 2375 1353 imbrem,
2393 1276 2519 1332 hinc
2543 1292 2785 1347 magnam
2807 1279 3082 1348 caliginem
3109 1287 3164 1333 et
3180 1280 3449 1345 tenebras,

1870 1368 2300 1425 obscurissimam
2330 1377 2563 1436 noctem,
2594 1383 2753 1439 quam
2783 1369 3092 1438 sagittarum
3122 1369 3203 1424 vis
3230 1370 3450 1436 efﬁciat,

1870 1460 1940 1515 ita
1984 1470 2041 1515 ut
2082 1460 2171 1515 illa
2215 1467 2358 1515 tanta
2399 1457 2693 1529 frequentia
2738 1461 2945 1515 solares
2980 1459 3158 1514 radios
3197 1468 3399 1515 avertat
3433 1477 3452 1516 :

1869 1551 2142 1622 pulverem
2172 1566 2276 1605 non
2322 1550 2537 1613 minus,
2581 1564 2739 1619 quam
2790 1550 3077 1618 tenebras,
3122 1551 3307 1607 oculos
3350 1551 3451 1605 ob-

1869 1653 2212 1708 seurantem,
2266 1640 2538 1712 sanguinis
2589 1642 2770 1708 rivos,
2827 1640 3127 1695 cadentium
3181 1642 3448 1712 gemitus,

1869 1736 2122 1791 stantium
2177 1734 2440 1789 clamores
2465 1775 2481 1800 ,
2539 1742 2922 1804 prostratorum
2985 1747 3206 1787 acervos
3231 1773 3246 1799 ,
3307 1742 3454 1789 rotas

1868 1828 2125 1898 sanguine
2167 1828 2355 1881 tinctas
2379 1867 2393 1889 ,
2434 1840 2599 1895 equos
2640 1840 2762 1880 cum
2808 1825 3108 1880 scssoribus
3151 1825 3448 1893 praecipites

1869 1928 2018 1975 actos
2043 1934 2074 1973 a
2101 1917 2440 1973 multitudine
2480 1916 2797 1973 cadaverum
2818 1957 2836 1985 ,
2881 1927 3076 1972 terram
3103 1918 3306 1972 mixtim
3336 1918 3451 1973 huic

1868 2010 2049 2066 omnia
2087 2018 2352 2065 tenentem
2377 2050 2393 2074 ,
2421 2008 2729 2079 sanguinem
2752 2047 2771 2075 ,
2799 2022 2954 2062 arcus
2977 2049 2992 2072 ,
3020 2009 3162 2070 tela,
3191 2023 3450 2077 equorum

1869 2100 2113 2172 ungulas,
2135 2100 2512 2169 hominumque
2528 2099 2700 2170 capita
2717 2099 2873 2154 simul
2895 2098 3122 2168 jacentis
3141 2109 3195 2154 et
3211 2097 3448 2163 brachia,

1868 2194 2063 2249 collum
2088 2235 2103 2259 ,
2131 2192 2311 2246 tibiam
2336 2233 2352 2258 ,
2382 2199 2565 2260 pectus
2607 2189 2895 2245 dissectum
2921 2228 2936 2253 ,
2963 2188 3225 2245 cerebeila
3263 2187 3454 2259 gladiis

1869 2283 2122 2340 haerentia
2148 2324 2165 2350 ,
2199 2283 2286 2339 teli
2331 2281 2607 2353 cuspidem
2649 2281 2919 2336 eﬂ’ractam
2945 2321 2962 2344 ,
2992 2281 3311 2351 oculumque
3351 2296 3453 2335 ceu

1871 2375 2199 2430 inflbulatum
2252 2373 2535 2429 habentem
2583 2386 2598 2426 :
2647 2381 2863 2427 enarret
2906 2373 3034 2428 item
3086 2373 3283 2428 nautici
3328 2373 3452 2429 belli

1869 2468 2030 2535 mala,
2048 2467 2294 2522 triremes
2318 2466 2449 2520 alias
2480 2466 2669 2520 mediis
2694 2465 2745 2519 in
2775 2463 3019 2520 lluchbus
3043 2463 3449 2536 conﬂagrantes,

1868 2560 2003 2615 alias
2042 2573 2164 2613 cum
2209 2557 2462 2613 militibus
2510 2556 2639 2625 ipsis
2678 2556 2989 2622 demersas,
3042 2554 3294 2611 ﬂuctuum
3339 2555 3454 2611 fra-

1868 2665 2090 2721 gorem,
2141 2659 2418 2704 nautarum
2476 2648 2798 2713 tumultum,
2846 2647 3071 2701 militum
3122 2647 3452 2713 clamorem,

1870 2741 2009 2796 unda
2055 2740 2413 2811 sanguineque
2444 2741 2659 2793 mixtam
2703 2753 2945 2808 spumam
2973 2779 2987 2803 ,
3019 2737 3369 2809 eamdemque
3398 2739 3452 2793 in

1870 2830 2094 2886 navibus
2136 2830 2292 2884 simul
2342 2828 2588 2883 omnibus
2637 2828 3018 2897 irrumpentem
3044 2868 3061 2895 ,
3108 2827 3161 2882 in
3206 2827 3455 2884 tabulatis

1869 2920 2166 2989 cadavera,
2213 2920 2316 2976 alia
2362 2921 2487 2975 item
2532 2918 2773 2974 demersa
2800 2959 2815 2984 ,
2863 2919 2966 2973 alia
3013 2919 3450 2988 supernatantia,

1870 3012 1971 3067 alia
1997 3019 2131 3066 aestu
2174 3011 2339 3065 maris
2361 3009 2429 3063 ad
2472 3009 2619 3063 littus
2659 3009 2876 3078 appulsa
2901 3047 2918 3072 ,
2947 3008 3049 3062 alia
3094 3008 3146 3062 in
3174 3008 3303 3077 ipsis
3344 3006 3454 3063 ξιιμ

1870 3105 2044 3161 ctibus
2073 3103 2282 3170 obruta,
2301 3118 2419 3173 qua:
2445 3101 2782 3157 navibusiter
2804 3099 3052 3155 claudant
3071 3115 3085 3152 :
3103 3100 3457 3170 omnibusque

1872 3196 1996 3252 belli
2020 3195 2289 3266 tragoediis
2316 3201 2563 3249 accurate
2590 3191 2857 3254 exhibitis,
2881 3190 3039 3245 addat
3057 3200 3113 3246 et
3136 3190 3458 3261 captivitatis

1872 3288 2240 3355 calamitates,
2287 3295 2343 3342 et
2391 3285 2534 3340 omni
2586 3293 2758 3339 morte
2802 3282 3072 3339 duriorem
3118 3284 3454 3338 servitutem.

1872 3381 1968 3436 His
1991 3393 2153 3452 porro
2189 3377 2342 3432 dictis
2364 3417 2380 3441 ,
2407 3376 2594 3447 jubeat
2627 3390 2819 3445 equum
2849 3373 3025 3427 statim
3053 3372 3447 3436 conscendere,

1875 3473 2217 3543 universique
2259 3469 2399 3526 illius
2427 3469 2693 3525 exercitus
2734 3467 2922 3522 ducem
2967 3479 3146 3534 agere.
3178 3467 3260 3519 An
3303 3472 3451 3534 putat

1874 3563 2329 3620 adolescentulum
2363 3561 2509 3615 illum
2527 3559 2610 3615 vel
2628 3559 2795 3613 solam
2815 3556 3006 3612 horum
3045 3557 3401 3611 narrationem
3432 3562 3451 3593 ι

1877 3656 2015 3712 ferre
2045 3669 2201 3725 posse
2224 3694 2239 3719 ,
2284 3667 2348 3709 ac
2390 3666 2496 3707 non
2540 3652 2716 3720 potius
2745 3648 2828 3703 vel
2857 3663 2886 3701 a
2918 3647 3089 3716 primo
3119 3648 3194 3701 rei
3237 3654 3457 3715 aspectu

1876 3748 2058 3802 animo
2077 3745 2408 3801 defectorum
2428 3741 2583 3797 esse?

1950 3839 2037 3893 15.
2074 3834 2225 3891 Omni
2268 3849 2438 3905 pugna
2465 3831 2874 3887 vehementiorem
2916 3844 3023 3883 esse
3057 3826 3244 3881 diaboli
3270 3826 3323 3879 in
3368 3841 3464 3879 nos

1879 3927 2141 3985 «rituum.
2160 3954 2233 3968 --
2246 3926 2324 3981 Ac
2339 3939 2407 3979 ne
2431 3932 2584 3993 putes
2608 3937 2694 3976 mc
2706 3936 2822 3980 rem
2847 3919 3091 3974 oratiOne
3111 3916 3457 3985 amplificare,

1878 4033 2014 4074 neve
2053 4018 2175 4087 quia
2218 4014 2321 4072 hoc
2342 4027 2568 4083 corpore
2594 4026 2692 4067 ceu
2717 4010 2946 4080 quodam
2987 4023 3202 4065 carcere
3228 4007 3415 4062 inclusi
3441 4046 3458 4069 ,

1881 4110 2222 4166 iavisibilium
2254 4107 2382 4162 nihil
2413 4120 2630 4175 prorsus
2670 4117 2893 4159 cernere
2921 4115 3202 4171 possumus
3225 4139 3241 4164 ,
3271 4112 3464 4168 magna

1879 4216 2001 4258 esse
2015 4201 2178 4255 ducas
2200 4214 2282 4262 ea,
2301 4213 2421 4268 qua:
2435 4212 2465 4251 a
2483 4211 2567 4250 me
2581 4195 2719 4250 dicta
2741 4205 2883 4248 sunt.
2904 4192 3067 4247 Multo
3091 4191 3191 4246 hac
3207 4190 3462 4258 majorem

1880 4302 1937 4348 et
1962 4291 2350 4347 horriltiliorem
2379 4302 2607 4358 pugnam
2632 4285 2862 4351 videres,
2893 4284 2937 4338 si
2965 4280 3464 4352 caliginosissimam

1882 4384 2077 4441 diaboli
2122 4383 2327 4449 aciem,
2375 4381 2738 4449 furiosumque
2783 4377 3089 4432 conﬂictum
3134 4375 3303 4430 oculis
3348 4374 3467 4429 istis

1882 4491 2106 4533 cernere
2147 4488 2350 4545 posses.
2379 4472 2495 4528 Non
2537 4473 2680 4527 enim
2725 4471 2834 4527 illic
2863 4470 3058 4525 ferrum
3097 4475 3187 4522 aut
3213 4482 3289 4521 ars
3310 4508 3326 4534 ,
3358 4483 3464 4520 non

1883 4570 2047 4641 equi,
2079 4582 2267 4625 currus
2308 4574 2365 4621 et
2403 4574 2534 4621 rotae
2559 4607 2575 4632 ,
2610 4579 2714 4619 non
2757 4563 2892 4634 ignis
2933 4570 2990 4617 et
3026 4561 3131 4616 tela
3153 4601 3172 4630 ,
3203 4575 3307 4613 non
3353 4559 3470 4612 lucc

1888 4663 2142 4727 visibilia;
2164 4661 2258 4716 sed
2276 4660 2375 4714 alia
2395 4659 2561 4714 multo
2587 4656 2668 4710 his
2687 4654 3000 4711 terribiliora
3021 4654 3468 4707 machinzuncnta.

1887 4754 2220 4811 Adversariis
2247 4752 2364 4806 istis
2396 4749 2525 4805 nihil
2552 4762 2685 4818 opus
2710 4756 2792 4803 est
2823 4747 3038 4801 thorace
3062 4786 3077 4809 ,
3105 4760 3209 4798 non
3237 4742 3427 4813 clypeo
3452 4783 3467 4803 ,

1888 4861 1993 4901 non
2020 4843 2237 4900 ensibus
2261 4852 2316 4895 et
2341 4841 2505 4896 hastis
2530 4855 2546 4904 ;
2576 4839 2668 4894 sed
2696 4838 2781 4894 vel
2805 4838 2951 4893 solus
2973 4832 3314 4891 exsecranda:
3336 4830 3469 4887 aciei

1889 4947 2136 5006 aspectus
2186 4933 2417 4989 animam
2447 4931 2738 4985 dissolvere
2792 4928 2998 4998 possit,
3031 4925 3132 4980 nisi
3184 4920 3471 4979 admodum

1888 5040 2148 5098 generosa
2176 5024 2333 5079 fuerit
2359 5067 2372 5087 ,
2403 5032 2455 5077 et
2483 5038 2591 5092 pra:
2618 5020 2811 5075 virtute
2840 5018 3051 5088 prepria
3082 5016 3243 5069 multa
3269 5013 3474 5066 fruatur

1890 5135 1920 5172 a
1954 5119 2060 5173 Deo
2105 5114 2455 5187 providentia.
2487 5115 2562 5168 Ae
2605 5111 2653 5166 si
2696 5111 2808 5164 fieri
2857 5118 3036 5178 posset
3063 5116 3121 5159 ut
3163 5105 3265 5158 hoc
3310 5112 3473 5173 exuto

1891 5226 2155 5280 corpore,
2181 5208 2266 5265 vel
2311 5222 2430 5261 cum
2476 5205 2590 5274 ipso
2632 5217 2896 5273 corpore,
2924 5199 3208 5266 eonspicne
3252 5210 3315 5251 ac
3359 5195 3475 5248 sine

1896 5301 2085 5356 timore
2128 5306 2292 5353 totam
2322 5296 2437 5365 ejus
2480 5294 2648 5349 aciem
2695 5301 2750 5346 et
2795 5290 2989 5345 bellum
3020 5296 3202 5343 contra
3248 5300 3345 5340 nos
3391 5284 3476 5338 in-

1894 5400 2152 5446 structum
2200 5388 2328 5458 ipsis
2356 5385 2524 5440 oculis
2564 5397 2812 5438 cerneres
2844 5398 2858 5433 :
2890 5379 3098 5435 videres
3141 5378 3321 5447 utique
3370 5391 3475 5431 nou

1895 5479 2166 5551 sanguinis
2215 5484 2479 5533 torrentes
2501 5515 2518 5542 ,
2549 5489 2655 5528 non
2706 5471 2965 5526 cadavera
2990 5506 3007 5537 ,
3038 5468 3131 5522 sed
3180 5467 3477 5521 animarum

1897 5575 2078 5630 ruinas
2118 5579 2292 5626 tantas
2314 5610 2327 5634 ,
2356 5567 2598 5638 adeoque
2637 5562 2817 5635 gravia
2845 5561 3064 5616 vulnera
3089 5600 3105 5626 ,
3137 5567 3194 5613 ut
3238 5564 3346 5611 tota
3392 5555 3479 5611 illa

1963 5750 1980 5780 ⁸
2016 5748 2088 5797 Sic
2108 5741 2271 5794 lorel.
2292 5754 2308 5806 ;
2329 5738 2420 5792 sed
2436 5737 2575 5788 savii.
2602 5742 2653 5786 et
2673 5731 2855 5798 aliquot
2884 5738 3013 5794 uss,
3030 5706 3419 5780 ordinationem.
3490 5714 3493 5719 “
