3942 6408
512 454 639 509 belli
689 452 1015 525 descriptio,
1063 466 1222 524 quam
1271 452 1431 508 mede
1476 450 1750 520 expressi,
1807 463 2090 518 puerorum

511 545 900 601 oblectamenta
948 554 1006 601 et
1053 544 1162 599 ludi
1211 559 1331 600 esse
1360 542 1638 597 videantur
1689 540 1900 612 potius,
1931 555 2090 610 quam

1229 339 1285 395 S.
1326 334 1604 395 JOANNIS
1642 334 2114 392 Clll‘ni’SOSTOll!
2151 331 2467 392 ARCIIIIP.
2510 331 3026 391 CONSTANTINOP

3670 336 3768 394 ωε

2197 454 2250 505 tn
2276 464 2436 504 musa
2466 459 2589 504 sunt
2614 447 3076 504 innumerabilium
3104 449 3415 521 malorum),
3445 449 3497 505 id
3525 460 3664 507 certe
3686 452 3766 522 iis,

2196 541 2285 610 qui
2317 556 2422 595 non
2450 554 2663 609 semper
2688 540 2944 610 vigilant,
2973 540 3139 609 magis
3180 539 3403 596 dubium
3433 541 3589 611 hujus
3621 560 3768 614 quam

513 636 755 691 bellum:
791 646 895 689 tam
939 637 1087 691 multi
1131 635 1335 690 scilicet
1376 635 1411 689 ii
1454 641 1579 689 sunt
1603 632 1693 702 qui
1732 632 1966 703 quotidie
2012 632 2171 725 τωο
2198 632 2341 687 illius
2388 632 2509 687 belli
2561 641 2808 688 eventum
2858 630 3002 686 facit.
3058 631 3155 687 llic
3206 632 3367 702 igitur
3420 648 3519 688 nos
3570 635 3771 691 volebas

515 730 743 785 riuntur.
765 727 1000 783 Vulnera
1024 738 1201 781 autent
1226 742 1329 781 non
1352 725 1592 781 eamdem
1622 725 1857 779 inierunt
1880 738 2089 788 necem,

515 819 607 877 scd
635 829 897 890 quantum
917 828 999 873 est
1039 817 1180 875 inter
1205 817 1437 872 animam
1466 824 1522 871 et
1546 829 1742 884 corpus
1765 814 2050 868 discrimen
2073 852 2089 877 ,

517 917 659 965 tanta
703 922 786 965 est
828 911 966 965 inter
1008 910 1143 963 hanc
1184 916 1240 964 et
1281 907 1425 963 illam
1454 907 1767 962 diﬂ'erentia.
1797 903 1927 960 Nam
1970 919 2090 959 cum

511 1004 690 1057 anima
721 1002 921 1072 plagam
951 1002 1142 1071 accipit
1181 1009 1236 1055 et
1270 1001 1452 1068 cadit,
1490 1014 1597 1054 non
1624 999 1744 1054 sine
1769 1014 1930 1054 sensu
1951 998 2095 1068 jacet

515 1103 573 1149 nt
615 1108 846 1162 corpus;
874 1092 968 1148 sed
1007 1092 1118 1162 jam
1159 1092 1283 1148 inde
1323 1109 1388 1148 ex
1415 1094 1551 1147 mala
1593 1092 1917 1148 conscientia
1959 1107 2090 1146 cen-

516 1183 775 1250 tabescit,
807 1192 927 1253 post
950 1183 1149 1237 obitum
1181 1198 1310 1237 vero
1331 1223 1348 1249 ,
1370 1182 1557 1254 judicii
1584 1191 1824 1251 tempore
1845 1222 1861 1247 ,
1890 1191 2094 1237 :eterno

515 1273 740 1328 traditur
765 1274 1043 1344 supplicio.
1073 1275 1226 1343 Quod
1251 1274 1295 1330 si
1337 1276 1458 1346 quis
1485 1274 1553 1330 de
1589 1274 1897 1329 vulneribus
1924 1289 1954 1327 a
1982 1273 2098 1329 dia-

515 1361 638 1416 bolo
682 1363 893 1418 inﬂictis
935 1364 1066 1418 nihil
1110 1364 1328 1428 deleat.
1377 1364 1547 1432 majus
1589 1363 1686 1433 ipsi
1729 1363 1980 1418 damnum
2027 1378 2092 1419 ex

516 1453 802 1509 indolentia
831 1454 916 1509 illa
944 1454 1197 1524 inﬂigitur
1227 1472 1241 1509 :
1273 1470 1429 1525 quem
1454 1455 1594 1509 enim
1641 1455 1785 1523 prior
1810 1455 1960 1524 plaga
1990 1470 2094 1509 non

518 1545 765 1611 mordet,
811 1546 855 1599 is
878 1545 1166 1601 secundam
1195 1554 1250 1601 ct
1273 1544 1498 1600 subinde
1523 1544 1678 1599 aliam
1710 1542 1860 1598 facile
1887 1545 2097 1612 recipit.

515 1635 787 1705 Siquidem
830 1635 1062 1692 nefarius
1102 1636 1189 1692 ille
1219 1651 1389 1705 usque
1430 1634 1495 1688 ad
1525 1645 1828 1691 extremum
1874 1634 2095 1688 halitum

516 1742 804 1797 numquam
846 1728 1005 1783 linem
1034 1725 1256 1783 feriendi
1296 1724 1423 1780 facit
1445 1766 1462 1793 ,
1491 1724 1536 1779 si
1578 1724 1822 1794 supinam
1866 1724 2100 1779 inveniat

515 1820 745 1873 animam
769 1858 786 1879 .
819 1819 1129 1889 prioresque
1177 1818 1355 1889 plagas
1402 1824 1829 1873 contemnentem
1855 1832 1870 1880 ;
1899 1817 2098 1872 etenim

514 1912 560 1966 si
601 1910 879 1966 conﬂictus
925 1911 1139 1966 modum
1187 1909 1488 1980 expendere
1532 1909 1700 1976 velis,
1750 1908 1892 1964 hunc
1934 1907 2098 1965 vehe-

516 2003 869 2069 mentiorem,
923 2002 1357 2072 callidioremque
1413 2000 1668 2071 reperias.
1721 2000 1905 2070 Neque
1954 2000 2098 2055 enim

514 2093 793 2162 quisquam
821 2102 922 2155 est.
947 2094 1036 2162 qui
1066 2093 1267 2148 fraudis
1293 2102 1347 2147 et
1370 2091 1476 2147 doli
1505 2100 1675 2146 tantas
1701 2093 1909 2159 species
1936 2093 2096 2156 norit,

516 2192 742 2253 quantas
789 2184 877 2240 ille
918 2185 1224 2240 scelestus:
1257 2199 1428 2255 neqne
1480 2184 1782 2240 inimicitias
1825 2184 1944 2254 quis
1990 2193 2129 2238 tamr

518 2276 878 2345 implacabiles
902 2291 1153 2332 exercere
1182 2276 1345 2345 possit
1370 2285 1555 2331 contra
1581 2275 1680 2330 sibi
1710 2274 2098 2330 infensissimos

519 2365 719 2428 hostes,
738 2376 965 2436 quantas
981 2366 1241 2435 malignus
1267 2367 1356 2423 ille
1381 2367 1587 2422 daemon
1603 2376 1787 2422 contra
1813 2366 2099 2421 lnnnanam

518 2468 784 2513 naturam.
814 2459 1060 2514 Animum
1103 2468 1280 2515 autem
1305 2459 1351 2515 si
1391 2459 1509 2529 quis
1545 2460 1925 2513 examinaverit
1949 2499 1964 2524 ,
1995 2472 2103 2525 quo

518 2564 747 2619 pugnam
774 2549 1095 2616 committit,
1126 2559 1273 2606 certe
1310 2551 1587 2605 ridiculum
1612 2548 1817 2620 putabit
1857 2546 2102 2603 homines

520 2640 619 2709 ipsi
667 2639 766 2694 hac
807 2655 859 2693 ιη
913 2650 1061 2711 parte
1104 2640 1360 2697 conferri.
1396 2640 1486 2696 Sin
1529 2639 1957 2694 iracundissimus
1987 2647 2100 2692 tru-

517 2730 1012 2803 culentissimasque
1053 2730 1196 2787 feras
1224 2733 1482 2801 quispiam
1513 2731 1750 2802 deligens
1775 2770 1791 2798 ,
1822 2746 1915 2786 eas
1962 2730 2103 2785 illius

519 2823 740 2879 insaniae
791 2838 1102 2896 comparare
1156 2824 1420 2892 voluerit,
1477 2823 1927 2878 mansuetissimus
1980 2821 2101 2877 illas

520 2913 1037 2985 humanissimasque
1062 2930 1181 2970 cum
1209 2916 1298 2970 illo
1320 2923 1659 2985 comparatas
1682 2930 1802 2969 csse
1829 2912 2098 2969 inveniet:

522 3013 723 3060 tantum
777 3005 868 3060 ille
922 3004 1154 3061 furerem
1207 3005 1408 3075 spirat,
1465 3018 1586 3059 cum
1637 3004 1841 3058 animas
1894 3011 2104 3057 uestras

517 3095 779 3151 aduritur.
806 3095 1001 3167 Pugnae
1045 3111 1203 3165 porro
1233 3095 1505 3151 hominum
1534 3095 1694 3150 breve
1739 3102 1948 3164 tempus
1976 3102 2098 3161 est;

520 3188 629 3245 imo
656 3187 707 3242 in
734 3187 833 3242 hac
860 3186 1115 3242 brevitate
1142 3187 1398 3257 temporis
1426 3186 1607 3241 multa:
1633 3185 1824 3240 dantur
1851 3185 2097 3239 induciae.

519 3277 632 3333 Nox
659 3280 854 3350 quippe
879 3279 1262 3348 superveniens
1286 3319 1301 3343 ,
1328 3287 1381 3333 et
1404 3277 1679 3333 occidendi
1704 3276 1855 3331 labor
1874 3318 1892 3343 ,
1916 3284 1975 3331 et
1997 3276 2101 3330 cibi

519 3370 761 3440 capiendi
816 3379 1023 3439 tempus
1046 3411 1063 3436 ,
1092 3372 1301 3440 aliaque
1354 3371 1520 3424 multa
1545 3412 1558 3433 ,
1591 3369 1742 3422 militi
1793 3366 2100 3439 quiescendi

522 3470 835 3533 potestatem
867 3462 1066 3517 faciunt
1086 3503 1103 3528 ,
1132 3463 1205 3517 ita
1230 3471 1288 3516 ut
1311 3472 1632 3516 armaturam
1660 3476 1873 3515 omnem
1900 3475 2002 3514 esu
2021 3468 2059 3512 ιι
2080 3496 2097 3525 ,

523 3567 812 3622 parumque
850 3553 1113 3622 respiret,
1142 3566 1305 3621 seque
1334 3550 1453 3607 cibo
1494 3562 1728 3621 petoque
1756 3550 1958 3606 relieiat
1980 3591 1996 3614 ,
2039 3565 2104 3604 ac

522 3643 705 3698 multis
731 3642 850 3697 aliis
891 3643 1053 3698 rebus
1096 3643 1343 3711 pristinas
1373 3643 1511 3697 vires
1537 3650 1835 3712 recuperet.
1879 3639 1936 3696 In
1965 3641 2103 3696 bello

521 3744 698 3791 autem
742 3744 928 3790 contra
955 3735 1241 3805 malignum
1289 3735 1436 3788 illum
1476 3749 1763 3805 numquam
1808 3735 1928 3789 licet
1954 3749 2101 3788 arma

523 3840 722 3895 ponere
745 3866 760 3889 ,
804 3840 902 3881 nec
929 3839 1175 3880 somnum
1219 3839 1413 3892 capere
1452 3839 1573 3879 eum
1604 3825 1692 3894 qui
1721 3823 1849 3879 velit
1891 3838 2104 3893 semper

523 3916 885 3972 invulneratus
924 3931 1062 3971 esse.
1091 3917 1171 3970 Ex
1211 3915 1418 3971 duobus
1442 3915 1582 3970 enim
1611 3931 1771 3969 unum
1803 3916 2104 3970 necessarie

522 4008 683 4078 eligat
705 4016 914 4080 oportet
937 4047 953 4078 ,
983 4017 1041 4063 nt
1063 4019 1156 4063 aut
1181 4008 1335 4064 cadat
1359 4018 1416 4065 et
1443 4017 1626 4078 pereat
1649 4009 1811 4065 armis
1836 4009 2062 4063 nudatus
2085 4049 2100 4073 ,

520 4110 613 4154 aut
654 4109 889 4155 armatus
934 4109 1042 4156 stet
1083 4101 1363 4172 vigiletque
1406 4114 1640 4173 semper.
1686 4099 1818 4155 Nam
1867 4100 1956 4155 ille
1998 4109 2106 4155 stat

524 4202 779 4263 perpetuo
803 4208 923 4249 cum
948 4194 1065 4249 acie
1090 4209 1207 4258 sua,
1226 4203 1463 4249 nostram
1485 4193 1763 4265 segnitiem
1788 4193 2100 4257 observans,

522 4282 800 4353 majusque
839 4284 1072 4339 studium
1098 4284 1163 4338 ad
1194 4293 1430 4339 uestram
1474 4284 1764 4353 perniciem
1804 4282 2102 4350 adhibens,

514 4388 679 4443 quam
706 4390 803 4430 nos
827 4375 901 4428 ad‘
918 4377 1143 4431 salutem
1183 4384 1441 4431 nostram.
1471 4378 1550 4431 Ac
1575 4375 1715 4446 quod
1745 4389 1774 4428 a
1805 4374 1960 4429 nobis
1996 4389 2102 4429 non

522 4466 762 4521 videatur
783 4509 799 4532 ,
828 4467 1073 4537 quodque
1095 4468 1383 4538 derepente
1408 4468 1664 4537 irrumpat
1691 4466 1849 4538 (qua:
1873 4464 2104 4521 maxime

2197 723 2396 777 milites
2420 721 2613 777 Christi
2640 722 2879 777 ducere?
2909 723 2977 776 At
3002 722 3103 777 hoc
3127 721 3314 777 luisset
3356 722 3570 778 diabolo
3594 726 3768 782 ducem

2196 828 2318 867 esse
2337 854 2351 868 .
2370 828 2493 867 nam
2510 828 2631 869 cum
2658 813 2721 879 is,
2741 814 2830 884 qui
2848 813 3008 869 debet
3028 814 3161 868 alios
3186 813 3252 868 ad
3278 814 3478 870 bellum
3499 815 3768 885 instruere,

2198 903 2435 973 ipsisque
2479 919 2743 973 imperare
2766 943 2782 970 ,
2813 904 3051 959 omnium
3081 905 3512 974 imperitissimus
3540 910 3773 962 tuttrmis-

2198 995 2470 1065 simusque
2496 1004 2579 1049 est
2602 1035 2618 1060 ,
2646 995 2907 1065 imperitia
2950 1010 3045 1049 sua
3073 995 3414 1051 concreditos
3448 997 3549 1050 sibi
3591 998 3773 1054 milites

2200 1084 2466 1154 prodens,
2500 1084 2711 1140 diabolo
2748 1086 2917 1156 magis
2939 1125 2954 1150 ,
2998 1101 3155 1157 quam
3183 1084 3399 1141 Christo
3425 1091 3613 1142 ducem
3653 1089 3769 1159 agit.

2198 1175 2279 1229 Tu
2332 1190 2458 1230 vero
2508 1174 2635 1244 quid
2691 1175 3032 1246 ingemiscis.
3081 1175 3209 1247 quid
3260 1176 3617 1249 lacrymaris?
3666 1180 3769 1235 Non

2198 1267 2340 1321 enim
2364 1282 2486 1336 qua:
2513 1267 2579 1322 ad
2610 1283 2696 1322 me
2725 1269 2991 1338 pertinent
3016 1282 3158 1323 nunc
3185 1268 3439 1341 lacrymis
3462 1269 3616 1340 digna
3637 1281 3768 1338 sunt,

2199 1358 2294 1413 sed
2338 1358 2530 1428 gaudio
2554 1367 2610 1413 et
2650 1359 2850 1414 lmtitia.
2883 1359 3215 1418 BASILIUS.
3246 1362 3316 1415 Al
3340 1375 3449 1416 non
3477 1361 3600 1415 item
3626 1378 3731 1418 mea
3751 1401 3768 1430 ,

2199 1448 2389 1520 inquit,
2407 1448 2502 1505 sed
2528 1450 2700 1519 potius
2717 1453 2982 1506 sexcentis
3010 1461 3133 1505 sunt
3161 1451 3320 1521 digna
3351 1451 3666 1520 planetibus.
3686 1452 3770 1507 Vix

2199 1542 2341 1597 enim
2394 1541 2650 1597 hat-tenus
2700 1541 3130 1597 animadvertere
3182 1541 3371 1611 potui,
3430 1543 3483 1597 in
3536 1552 3769 1611 quantum

2200 1634 2463 1688 malorum
2491 1648 2578 1689 me
2619 1634 2933 1702 cenjeceris.
2974 1633 3246 1703 Siquidem
3275 1634 3399 1690 ideo
3440 1643 3492 1689 te
3515 1635 3769 1701 adieram,

2201 1732 2260 1779 ut
2283 1724 2411 1795 quid
2438 1724 2871 1779 criminatoribus
2902 1726 3005 1780 tuis
3032 1725 3161 1780 mihi
3189 1724 3618 1796 reSpendendum
3644 1735 3772 1782 esset

2201 1815 2498 1871 ediscerem
2532 1832 2546 1869 :
2580 1825 2635 1870 tu
2681 1832 2809 1872 vero
2856 1832 2942 1872 me
2985 1816 3211 1871 dimittis
3252 1832 3440 1872 curam
3488 1818 3641 1872 aliam
3683 1834 3768 1887 pro

2202 1907 2303 1962 alia
2332 1906 2594 1977 injiciens.
2622 1907 2738 1962 Non
2780 1906 2924 1962 enim
2947 1908 3058 1978 jam
3087 1907 3215 1962 mihi
3259 1923 3407 1962 ειη-ω
3432 1919 3515 1963 est
3535 1908 3655 1979 quid
3678 1909 3769 1963 illis

2204 2014 2301 2069 pro
2327 2005 2380 2054 te
2406 1998 2757 2070 respondeam
2782 2038 2799 2064 ,
2826 2000 2922 2054 sed
2964 2015 3124 2069 quam
3165 1999 3235 2054 ad
3264 2000 3432 2054 Deum
3462 2000 3652 2067 parabo
3687 2015 3770 2069 pro

2204 2106 2291 2146 me
2318 2105 2523 2162 proque
2550 2091 2702 2145 malis
2727 2091 2862 2145 meis
2884 2090 3270 2145 defensionem.
3290 2091 3556 2146 Czcterum
3583 2100 3630 2145 te
3657 2104 3771 2160 rego

2202 2191 2259 2239 et
2286 2182 2511 2238 obsecro
2533 2223 2549 2248 ,
2580 2183 2625 2236 si
2666 2198 2767 2253 qua
2800 2182 2893 2236 tibi
2939 2190 3025 2238 Cal
3052 2197 3231 2237 rerum
3280 2197 3521 2237 mearum
3549 2197 3665 2235 cura
3685 2221 3701 2246 ,
3728 2180 3769 2234 si

2202 2290 2306 2345 qua
2352 2276 2404 2328 in
2432 2274 2646 2329 Christo
2689 2274 2981 2329 consolatio
3018 2274 3297 2346 (Philipp.
3343 2274 3401 2329 2.
3450 2277 3476 2331 ί
3503 2275 3522 2345 )
3548 2315 3565 2341 ,
3593 2275 3635 2329 si
3675 2289 3766 2344 qua

2204 2367 2409 2421 viscera
2453 2375 2508 2421 et
2559 2366 3054 2421 commiserationes
3097 2364 3343 2436 (etenim
3388 2364 3526 2420 nosti
3568 2378 3648 2420 me
3691 2372 3768 2417 tua

2205 2455 2541 2525 potissimum
2559 2470 2719 2526 opera
2749 2455 2800 2509 in
2820 2456 2919 2510 hec
2945 2456 3233 2525 periculum
3251 2456 3551 2524 conjectum
3567 2453 3762 2524 fuisse):

2205 2563 2420 2604 manum
2466 2549 2594 2602 mihi
2639 2549 2879 2619 porrigas
2901 2589 2917 2613 ,
2950 2549 3039 2603 illa
3080 2548 3271 2605 dicens
3299 2547 3636 2618 faciensque,
3662 2560 3765 2615 qua:

2204 2655 2304 2696 nos
2344 2638 2633 2695 emendare
2673 2638 2922 2711 possint:
2957 2653 3025 2708 pe
3064 2638 3306 2694 animum
3337 2639 3588 2702 inducas,
3629 2644 3681 2690 ut
3708 2632 3766 2687 ad

2203 2731 2572 2789 brevissimum
2591 2746 2688 2788 nos
2705 2742 2910 2802 tempus
2924 2730 3168 2798 deseras;
3185 2733 3281 2786 sed
3301 2746 3442 2786 nunc
3459 2730 3618 2800 magis
3630 2742 3764 2797 quam

2206 2825 2352 2895 prius
2373 2838 2657 2879 commune
2682 2824 2753 2879 sit
2780 2822 2933 2878 nobis
2957 2822 3391 2878 contubernium.
3416 2816 3763 2877 CHRYSOST.

2204 2914 2320 2987 Ego
2362 2924 2537 2972 autem
2565 2915 2631 2971 ad
2668 2915 2785 2971 hanc
2807 2916 2969 2972 verba
3009 2916 3298 2972 subridens
3331 2935 3345 2971 :
3378 2917 3444 2972 Et
3469 2930 3568 2986 qua
3606 2914 3654 2968 in
3677 2926 3761 2975 re,

2205 3006 2442 3078 inquam,
2464 3007 2557 3062 tibi
2584 3007 2700 3062 usui
2728 3021 2847 3064 esse
2862 3008 3063 3077 possim
3092 3007 3142 3061 in
3171 3017 3316 3063 tanta
3343 3008 3433 3062 illa
3463 3006 3762 3076 negotiorum

2205 3097 2388 3152 mele?
2414 3096 2697 3159 Caeterum.
2728 3099 2850 3168 quia
2881 3097 2934 3153 id
2964 3098 3057 3152 tibi
3084 3099 3138 3153 in
3166 3109 3294 3154 vote
3315 3107 3419 3165 est,
3449 3099 3585 3154 bene
3607 3094 3761 3150 animo

2203 3201 2359 3251 este,
2407 3203 2442 3244 ο
2487 3187 2741 3244 dilectum
2786 3188 2917 3244 mihi
2959 3198 3120 3259 caput
3159 3206 3174 3243 :
3221 3205 3332 3259 quo
3372 3190 3514 3245 enim
3553 3196 3763 3255 tmpore

2202 3295 2234 3335 a
2264 3281 2405 3335 curis
2450 3279 2753 3348 hujusmodi
2797 3279 2891 3335 tibi
2936 3282 3203 3351 respirare
3243 3281 3460 3345 licebit,
3489 3278 3642 3334 adero
3680 3274 3757 3329 tibi

2206 3378 2362 3439 teque
2389 3370 2744 3436 consolabor,
2790 3378 3045 3440 quantum
3074 3372 3128 3424 in
3171 3386 3259 3425 me
3303 3376 3407 3425 erit
3448 3369 3584 3424 nulla
3609 3366 3690 3421 tibi
3716 3365 3760 3417 in

2205 3477 2265 3516 re
2306 3460 2607 3518 defuturus.
2635 3461 2715 3516 Ad
2742 3462 2857 3517 haec
2900 3462 2991 3516 ille
3015 3462 3181 3533 magis
3224 3462 3563 3533 illacrymans
3598 3455 3760 3525 surgit-

2206 3550 2321 3621 Ego
2375 3566 2505 3607 vero
2559 3552 2731 3607 virum
2785 3552 3135 3622 complexus,
3191 3562 3459 3622 caputque
3509 3545 3761 3604 deoscula-

2204 3653 2291 3700 tus
2313 3685 2330 3709 ,
2359 3644 2532 3714 ipsum
2558 3644 2754 3700 deduxi
2800 3644 3039 3700 hortatus
3061 3686 3077 3711 ,
3111 3654 3169 3699 ut
3210 3644 3353 3714 quod
3379 3642 3633 3698 acciderat
3666 3636 3759 3690 fer-

2206 3740 2330 3792 titer
2373 3737 2575 3804 ferret,
2623 3736 2706 3792 his
2751 3737 2977 3793 verbis:
3008 3737 3285 3792 Fiduciam
3337 3738 3388 3792 in
3436 3734 3637 3790 Christe
3679 3729 3758 3782 ba-

2205 3830 2307 3885 beo
2338 3871 2354 3893 ,
2410 3830 2500 3900 qui
2545 3838 2598 3885 te
2645 3830 2859 3885 vocavit
2901 3829 3120 3899 suisque
3169 3829 3408 3899 praefecit
3449 3826 3628 3881 ovibus
3655 3861 3669 3883 ,
3716 3829 3760 3870 to

2205 3929 2406 3974 tantam
2451 3936 2520 3974 ex
2576 3918 2678 3975 hoc
2727 3919 3025 3975 ministerio
3066 3919 3448 3990 acquisiturum
3494 3913 3713 3970 liduciam
3741 3946 3757 3971 ,

2205 4019 2265 4066 ut
2305 4026 2402 4066 nos
2446 4013 2530 4067 illa
2573 4010 2661 4068 die
2709 4012 3070 4084 periclitantes
3113 4013 3167 4067 in
3210 4023 3412 4068 aeterna
3455 3999 3758 4065 tabernae!“a

2206 4103 2432 4172 recipias
2473 4104 2513 4158 ⁸.

2271 4349 2287 4411 ξ
2324 4354 2373 4396 tn
2397 4346 2491 4397 liae
2513 4346 2695 4411 addunt
2708 4346 2905 4411 quidam
2925 4341 3121 4411 codices
3146 4343 3287 4411 hanc
3308 4340 3386 4411 vel
3430 4328 3757 4411 similem

2208 4393 2381 4469 solam,
2399 4393 3162 4473 me;gi“;.;s.;aaamaarg
3181 4393 3372 4473 nam
3399 4401 3499 4461 net”,
3517 4395 3591 4459 cui
3608 4393 3758 4456 σιονειισ

2210 4459 2326 4531 etc.,
2350 4459 2495 4534 quam
2513 4472 2562 4519 in
2585 4470 2681 4520 ﬂue
2706 4470 3005 4519 homiliartnn
3029 4469 3203 4532 passim
3225 4459 3461 4517 videmus.

532 4683 3748 4737 9W

1420 4723 1767 4735 —_——-—

1801 4723 2141 4737 -——-—

1170 4864 1250 4925 IN
1293 4858 1707 4925 HOMILIAM
1750 4857 1913 4926 CUM
1953 4860 2417 4927 PRESBYTER
2465 4858 2647 4925 FUIT
2688 4837 3168 4930 OBDINATU'S.

589 5047 741 5106 Hanc
797 5049 1029 5121 primam
1087 5047 1280 5103 habuit
1335 5046 1621 5101 homiliam
1678 5047 2109 5121 Chrysostemus

520 5148 809 5210 postquam
862 5153 893 5192 a
928 5133 1190 5193 Flaviano
1226 5135 1531 5192 Antiochia:
1569 5137 1830 5210 episcopo
1879 5140 1932 5195 in
1974 5157 2099 5212 pre-

519 5234 800 5303 sbyterum
833 5230 1081 5287 adiectus
1106 5239 1160 5285 et
1188 5229 1479 5286 ordinatus
1531 5230 1654 5293 fuit,
1706 5231 1928 5288 ineunte
1954 5234 2106 5289 vide-

515 5323 644 5378 licet
679 5338 825 5378 anno
856 5320 1003 5389 586;
1054 5332 1296 5394 tuncque
1343 5322 1579 5393 primum
1624 5324 1942 5380 concionari
1994 5338 2108 5381 cte—

516 5415 640 5485 pit,
690 5428 817 5469 cum
879 5414 1158 5478 antehac,
1215 5422 1275 5468 ut
1323 5412 1439 5483 ipse
1503 5414 1614 5481 ait,
1670 5414 1775 5471 hac
1840 5417 2107 5484 palmstra:

516 5519 693 5574 genus
751 5519 1029 5574 nunquam
1081 5505 1370 5577 attigisset.
1437 5504 1672 5571 Quando
1740 5516 1922 5562 autem
2005 5509 2109 5562 hoc

522 5595 759 5664 primum
822 5606 938 5651 tum
1015 5598 1382 5670 eloquentiae.
1464 5611 1577 5655 tum
1651 5599 1933 5655 modestia:
1996 5612 2110 5655 sum

519 5684 793 5754 specimen
816 5686 984 5757 dedit,
1016 5689 1491 5756 adelescentulu:=,
1524 5689 1901 5761 μειρακίσκθςν
1944 5700 2062 5746 erat
2089 5709 2101 5720 '

2212 5049 2317 5105 hoc
2352 5063 2548 5120 nempe
2590 5064 2648 5105 se
2682 5048 2906 5106 nomine
2939 5065 3050 5105 non
3101 5049 3270 5107 semel
3320 5042 3547 5122 appellat
3587 5043 3636 5098 in
3680 5037 3763 5093 hac
3831 5060 3834 5064 ~

2211 5141 2474 5196 humilia:
2511 5152 2854 5212 quanquam,
2894 5142 2941 5199 si
2970 5142 3139 5200 ducto
3188 5144 3396 5201 calculo
3445 5150 3610 5195 annos
3657 5129 3761 5184 vita:

2212 5234 2361 5290 illius
2395 5250 2771 5300 numeremus,
2820 5247 2984 5294 natus
3013 5253 3160 5293 anno
3186 5254 3312 5293 cum
3338 5232 3632 5292 tardissime
3653 5212 3759 5279 3‘7.

2212 5337 2272 5383 υι
2312 5327 2366 5381 in
2402 5326 2525 5382 Vm
2570 5329 2689 5397 eius
2735 5325 2988 5401 pluribus
3029 5338 3522 5390 commonstratur,
3566 5316 3757 5375 ordina-

2211 5428 2411 5489 tusque
2477 5420 2765 5494 presbyter
2823 5423 3046 5480 ineunte
3108 5422 3259 5491 386,
3317 5409 3754 5494 qtladrttgesittltm1

2209 5511 2433 5568 circiter
2463 5514 2644 5571 aetatis
2672 5518 2856 5587 ageret
2900 5530 3102 5570 annum
3134 5535 3148 5570 :
3186 5524 3357 5588 usqtte
3387 5511 3517 5568 adeo
3537 5499 3756 5572 exploras

2212 5613 2326 5659 tum
2362 5619 2484 5660 esse
2529 5605 2712 5671 debet,
2774 5625 2838 5664 ex
2889 5608 3203 5679 hujusmodi
3257 5604 3449 5671 verbis,
3511 5588 3751 5671 pueruluS.

2206 5694 2656 5766 adolescentulus,
2682 5711 2737 5758 cl
2775 5701 3017 5759 vicissim
3063 5716 3241 5771 senex,
3273 5708 3517 5757 extremm
3538 5690 3747 5746 senectus
