  <div class='ocr_page' id='page_1' title='image "/cluster/home/n/w/nwhite01/storage/ocr_20150623/48:no.1:pt.2/coo.31924054869478/172.png"; bbox 0 0 3942 6372; ppageno 0'>
   <div class='ocr_carea' id='block_1_1' title="bbox 131 358 2266 426">
    <p class='ocr_par' dir='ltr' id='par_1_1' title="bbox 131 358 2266 426">
     <span class='ocr_line' id='line_1_1' title="bbox 131 358 2266 426; baseline -0.007 -1"><span class='ocrx_word' id='word_1_1' title='bbox 131 371 208 426; x_wconf 60' lang='lat' dir='ltr'><strong>lilii</strong></span> <span class='ocrx_word' id='word_1_2' title='bbox 1378 358 1469 413; x_wconf 86' lang='lat' dir='ltr'>DE</span> <span class='ocrx_word' id='word_1_3' title='bbox 1505 358 1965 417; x_wconf 80' lang='lat' dir='ltr'>SACERDOTIO.</span> <span class='ocrx_word' id='word_1_4' title='bbox 2008 358 2133 414; x_wconf 80' lang='lat' dir='ltr'>LIB.</span> <span class='ocrx_word' id='word_1_5' title='bbox 2183 358 2266 412; x_wconf 80' lang='lat' dir='ltr'><strong>Vl.</strong></span> 
     </span>
    </p>
   </div>
   <div class='ocr_carea' id='block_1_2' title="bbox 132 473 1769 553">
    <p class='ocr_par' dir='ltr' id='par_1_2' title="bbox 132 473 1769 553">
     <span class='ocr_line' id='line_1_2' title="bbox 132 473 1769 553; baseline -0.004 -17"><span class='ocrx_word' id='word_1_6' title='bbox 132 482 212 553; x_wconf 79' lang='grc' dir='ltr'>τήν</span> <span class='ocrx_word' id='word_1_7' title='bbox 246 479 439 534; x_wconf 83' lang='grc' dir='ltr'>ἐκείνου</span> <span class='ocrx_word' id='word_1_8' title='bbox 484 475 790 550; x_wconf 78' lang='grc' dir='ltr'>παράταξιν</span> <span class='ocrx_word' id='word_1_9' title='bbox 838 476 934 529; x_wconf 73' lang='grc' dir='ltr'>καὶ</span> <span class='ocrx_word' id='word_1_10' title='bbox 982 474 1074 529; x_wconf 78' lang='grc' dir='ltr'>τὸν</span> <span class='ocrx_word' id='word_1_11' title='bbox 1127 473 1267 547; x_wconf 80' lang='grc' dir='ltr'>πρὸς</span> <span class='ocrx_word' id='word_1_12' title='bbox 1322 476 1475 546; x_wconf 83' lang='grc' dir='ltr'>ἡμᾶς</span> <span class='ocrx_word' id='word_1_13' title='bbox 1531 475 1769 547; x_wconf 88' lang='grc' dir='ltr'>πόλεμον</span> 
     </span>
    </p>
   </div>
   <div class='ocr_carea' id='block_1_3' title="bbox 130 560 1766 639">
    <p class='ocr_par' dir='ltr' id='par_1_3' title="bbox 130 560 1766 639">
     <span class='ocr_line' id='line_1_3' title="bbox 130 560 1766 639; baseline -0.002 -17"><span class='ocrx_word' id='word_1_14' title='bbox 130 565 519 639; x_wconf 68' lang='grc' dir='ltr'>ὀφθαλμοφανῶς</span> <span class='ocrx_word' id='word_1_15' title='bbox 553 566 679 619; x_wconf 79' lang='grc' dir='ltr'>ἰδεῖν</span> <span class='ocrx_word' id='word_1_16' title='bbox 702 604 719 630; x_wconf 87' lang='grc'>,</span> <span class='ocrx_word' id='word_1_17' title='bbox 752 560 891 628; x_wconf 83' lang='grc' dir='ltr'>εἶδες</span> <span class='ocrx_word' id='word_1_18' title='bbox 931 561 998 617; x_wconf 81' lang='grc' dir='ltr'>ἂν</span> <span class='ocrx_word' id='word_1_19' title='bbox 1029 564 1090 617; x_wconf 88' lang='grc' dir='ltr'>οὑ</span> <span class='ocrx_word' id='word_1_20' title='bbox 1131 563 1471 636; x_wconf 69' lang='grc' dir='ltr'>χειμάρρους</span> <span class='ocrx_word' id='word_1_21' title='bbox 1498 564 1766 635; x_wconf 83' lang='grc' dir='ltr'>αἱμάτων,</span> 
     </span>
    </p>
   </div>
   <div class='ocr_carea' id='block_1_4' title="bbox 130 649 1771 724">
    <p class='ocr_par' dir='ltr' id='par_1_4' title="bbox 130 649 1771 724">
     <span class='ocr_line' id='line_1_4' title="bbox 130 649 1771 724; baseline -0.002 -16"><span class='ocrx_word' id='word_1_22' title='bbox 130 656 226 709; x_wconf 82' lang='grc' dir='ltr'>οὐδὲ</span> <span class='ocrx_word' id='word_1_23' title='bbox 248 652 461 724; x_wconf 82' lang='grc' dir='ltr'>σώματα</span> <span class='ocrx_word' id='word_1_24' title='bbox 488 651 678 724; x_wconf 86' lang='grc' dir='ltr'>νεκρά,</span> <span class='ocrx_word' id='word_1_25' title='bbox 714 649 850 706; x_wconf 83' lang='grc' dir='ltr'>ἀλλά</span> <span class='ocrx_word' id='word_1_26' title='bbox 881 650 1068 722; x_wconf 77' lang='grc' dir='ltr'>ψυχῶν</span> <span class='ocrx_word' id='word_1_27' title='bbox 1099 649 1371 721; x_wconf 80' lang='grc' dir='ltr'>πτώματα</span> <span class='ocrx_word' id='word_1_28' title='bbox 1392 650 1650 712; x_wconf 84' lang='grc' dir='ltr'>τοσαῦτα,</span> <span class='ocrx_word' id='word_1_29' title='bbox 1677 653 1771 705; x_wconf 79' lang='grc' dir='ltr'>καὶ</span> 
     </span>
    </p>
   </div>
   <div class='ocr_carea' id='block_1_5' title="bbox 128 738 1772 817">
    <p class='ocr_par' dir='ltr' id='par_1_5' title="bbox 128 738 1772 817">
     <span class='ocr_line' id='line_1_5' title="bbox 128 738 1772 817; baseline -0.003 -19"><span class='ocrx_word' id='word_1_30' title='bbox 128 741 379 817; x_wconf 83' lang='grc' dir='ltr'>τραύματα</span> <span class='ocrx_word' id='word_1_31' title='bbox 412 739 553 795; x_wconf 74' lang='grc' dir='ltr'>οὕτω</span> <span class='ocrx_word' id='word_1_32' title='bbox 581 739 795 812; x_wconf 83' lang='grc' dir='ltr'>χαλεπὰ</span> <span class='ocrx_word' id='word_1_33' title='bbox 815 779 830 804; x_wconf 96' lang='grc'>,</span> <span class='ocrx_word' id='word_1_34' title='bbox 865 740 941 803; x_wconf 86' lang='grc' dir='ltr'>ὼς</span> <span class='ocrx_word' id='word_1_35' title='bbox 971 738 1191 794; x_wconf 75' lang='grc' dir='ltr'>ἃπασαν</span> <span class='ocrx_word' id='word_1_36' title='bbox 1238 739 1456 812; x_wconf 86' lang='grc' dir='ltr'>ἐκείνην</span> <span class='ocrx_word' id='word_1_37' title='bbox 1490 738 1584 794; x_wconf 88' lang='grc' dir='ltr'>τοῦ</span> <span class='ocrx_word' id='word_1_38' title='bbox 1612 739 1772 793; x_wconf 89' lang='grc' dir='ltr'>πολέ-</span> 
     </span>
    </p>
   </div>
   <div class='ocr_carea' id='block_1_6' title="bbox 130 826 1771 902">
    <p class='ocr_par' dir='ltr' id='par_1_6' title="bbox 130 826 1771 902">
     <span class='ocr_line' id='line_1_6' title="bbox 130 826 1771 902; baseline -0.002 -18"><span class='ocrx_word' id='word_1_39' title='bbox 130 849 209 902; x_wconf 84' lang='grc' dir='ltr'>μου</span> <span class='ocrx_word' id='word_1_40' title='bbox 232 830 320 902; x_wconf 87' lang='grc' dir='ltr'>τὴν</span> <span class='ocrx_word' id='word_1_41' title='bbox 351 828 672 901; x_wconf 79' lang='grc' dir='ltr'>ὑπογραφὴν</span> <span class='ocrx_word' id='word_1_42' title='bbox 693 869 708 893; x_wconf 93' lang='grc'>,</span> <span class='ocrx_word' id='word_1_43' title='bbox 737 828 806 899; x_wconf 78' lang='grc' dir='ltr'>ἣν</span> <span class='ocrx_word' id='word_1_44' title='bbox 854 828 980 900; x_wconf 83' lang='grc' dir='ltr'>ἄρτι</span> <span class='ocrx_word' id='word_1_45' title='bbox 1009 826 1226 901; x_wconf 81' lang='grc' dir='ltr'>διῆλθον</span> <span class='ocrx_word' id='word_1_46' title='bbox 1256 827 1395 899; x_wconf 82' lang='grc' dir='ltr'>πρὸς</span> <span class='ocrx_word' id='word_1_47' title='bbox 1445 827 1527 893; x_wconf 86' lang='grc' dir='ltr'>σέ,</span> <span class='ocrx_word' id='word_1_48' title='bbox 1563 828 1771 882; x_wconf 85' lang='grc' dir='ltr'>παίδων</span> 
     </span>
    </p>
   </div>
   <div class='ocr_carea' id='block_1_7' title="bbox 127 912 1768 990">
    <p class='ocr_par' dir='ltr' id='par_1_7' title="bbox 127 912 1768 990">
     <span class='ocr_line' id='line_1_7' title="bbox 127 912 1768 990; baseline -0.001 -17"><span class='ocrx_word' id='word_1_49' title='bbox 127 918 257 974; x_wconf 82' lang='grc' dir='ltr'>τινῶν</span> <span class='ocrx_word' id='word_1_50' title='bbox 282 930 305 959; x_wconf 72' lang='grc'><strong>⁸</strong></span> <span class='ocrx_word' id='word_1_51' title='bbox 334 917 622 990; x_wconf 81' lang='grc' dir='ltr'>ἀθύρματα</span> <span class='ocrx_word' id='word_1_52' title='bbox 654 912 794 971; x_wconf 74' lang='grc' dir='ltr'>εἶναι</span> <span class='ocrx_word' id='word_1_53' title='bbox 833 916 1075 988; x_wconf 87' lang='grc' dir='ltr'>νομίσαι,</span> <span class='ocrx_word' id='word_1_54' title='bbox 1107 918 1202 970; x_wconf 73' lang='grc' dir='ltr'>καὶ</span> <span class='ocrx_word' id='word_1_55' title='bbox 1244 917 1469 971; x_wconf 76' lang='grc' dir='ltr'>παιδιὰν</span> <span class='ocrx_word' id='word_1_56' title='bbox 1502 916 1703 988; x_wconf 80' lang='grc' dir='ltr'>μᾶλλον</span> <span class='ocrx_word' id='word_1_57' title='bbox 1735 916 1768 988; x_wconf 82' lang='grc' dir='ltr'>ἢ</span> 
     </span>
    </p>
   </div>
   <div class='ocr_carea' id='block_1_8' title="bbox 128 1006 1771 1080">
    <p class='ocr_par' dir='ltr' id='par_1_8' title="bbox 128 1006 1771 1080">
     <span class='ocr_line' id='line_1_8' title="bbox 128 1006 1771 1080; baseline -0.002 -17"><span class='ocrx_word' id='word_1_58' title='bbox 128 1011 355 1080; x_wconf 56' lang='grc' dir='ltr'>πόλεμον</span> <span class='ocrx_word' id='word_1_59' title='bbox 397 1007 643 1062; x_wconf 87' lang='grc' dir='ltr'>τοσοῦτοι</span> <span class='ocrx_word' id='word_1_60' title='bbox 693 1009 743 1062; x_wconf 76' lang='grc' dir='ltr'>οἱ</span> <span class='ocrx_word' id='word_1_61' title='bbox 788 1006 912 1061; x_wconf 88' lang='grc' dir='ltr'>καθ’</span> <span class='ocrx_word' id='word_1_62' title='bbox 959 1006 1199 1078; x_wconf 82' lang='grc' dir='ltr'>ἑκάστην</span> <span class='ocrx_word' id='word_1_63' title='bbox 1250 1007 1618 1078; x_wconf 87' lang='grc' dir='ltr'>πληττόμενοι</span> <span class='ocrx_word' id='word_1_64' title='bbox 1670 1006 1771 1078; x_wconf 77' lang='grc' dir='ltr'>τὴν</span> 
     </span>
    </p>
   </div>
   <div class='ocr_carea' id='block_1_9' title="bbox 127 1093 1771 1169">
    <p class='ocr_par' dir='ltr' id='par_1_9' title="bbox 127 1093 1771 1169">
     <span class='ocr_line' id='line_1_9' title="bbox 127 1093 1771 1169; baseline -0.003 -18"><span class='ocrx_word' id='word_1_65' title='bbox 127 1098 321 1169; x_wconf 76' lang='grc' dir='ltr'>ἡμέραν.</span> <span class='ocrx_word' id='word_1_66' title='bbox 351 1095 430 1149; x_wconf 84' lang='grc' dir='ltr'>Τά</span> <span class='ocrx_word' id='word_1_67' title='bbox 478 1094 534 1149; x_wconf 91' lang='grc' dir='ltr'>δέ</span> <span class='ocrx_word' id='word_1_68' title='bbox 563 1094 860 1167; x_wconf 86' lang='grc' dir='ltr'>τραύματα</span> <span class='ocrx_word' id='word_1_69' title='bbox 886 1095 986 1147; x_wconf 77' lang='grc' dir='ltr'>οὐκ</span> <span class='ocrx_word' id='word_1_70' title='bbox 1024 1093 1147 1164; x_wconf 83' lang='grc' dir='ltr'>ίσην</span> <span class='ocrx_word' id='word_1_71' title='bbox 1191 1094 1488 1164; x_wconf 80' lang='grc' dir='ltr'>ἐργάζεται</span> <span class='ocrx_word' id='word_1_72' title='bbox 1536 1094 1637 1165; x_wconf 84' lang='grc' dir='ltr'>τὴν</span> <span class='ocrx_word' id='word_1_73' title='bbox 1683 1093 1771 1146; x_wconf 81' lang='grc' dir='ltr'>νέ-</span> 
     </span>
    </p>
   </div>
   <div class='ocr_carea' id='block_1_10' title="bbox 126 1181 1771 1254">
    <p class='ocr_par' dir='ltr' id='par_1_10' title="bbox 126 1181 1771 1254">
     <span class='ocr_line' id='line_1_10' title="bbox 126 1181 1771 1254; baseline -0.003 -15"><span class='ocrx_word' id='word_1_74' title='bbox 126 1202 314 1253; x_wconf 81' lang='grc' dir='ltr'>κρωσιν,</span> <span class='ocrx_word' id='word_1_75' title='bbox 344 1184 457 1239; x_wconf 83' lang='grc' dir='ltr'>ἀλλ’</span> <span class='ocrx_word' id='word_1_76' title='bbox 490 1185 610 1238; x_wconf 84' lang='grc' dir='ltr'>ὅσον</span> <span class='ocrx_word' id='word_1_77' title='bbox 640 1184 820 1254; x_wconf 78' lang='grc' dir='ltr'>ψυχῆς</span> <span class='ocrx_word' id='word_1_78' title='bbox 851 1183 947 1236; x_wconf 63' lang='grc' dir='ltr'>καλ⁸</span> <span class='ocrx_word' id='word_1_79' title='bbox 982 1181 1236 1247; x_wconf 81' lang='grc' dir='ltr'>σώματος</span> <span class='ocrx_word' id='word_1_80' title='bbox 1262 1182 1326 1234; x_wconf 80' lang='grc' dir='ltr'>τὸ</span> <span class='ocrx_word' id='word_1_81' title='bbox 1353 1182 1544 1253; x_wconf 87' lang='grc' dir='ltr'>μέσον,</span> <span class='ocrx_word' id='word_1_82' title='bbox 1576 1181 1771 1235; x_wconf 86' lang='grc' dir='ltr'>τοσοῦ-</span> 
     </span>
    </p>
   </div>
   <div class='ocr_carea' id='block_1_11' title="bbox 126 1269 1773 1342">
    <p class='ocr_par' dir='ltr' id='par_1_11' title="bbox 126 1269 1773 1342">
     <span class='ocr_line' id='line_1_11' title="bbox 126 1269 1773 1342; baseline -0.002 -16"><span class='ocrx_word' id='word_1_83' title='bbox 126 1294 195 1327; x_wconf 75' lang='grc' dir='ltr'>τοι</span> <span class='ocrx_word' id='word_1_84' title='bbox 222 1273 424 1341; x_wconf 82' lang='grc' dir='ltr'>ἐκείνης</span> <span class='ocrx_word' id='word_1_85' title='bbox 456 1272 551 1325; x_wconf 76' lang='grc' dir='ltr'>καὶ</span> <span class='ocrx_word' id='word_1_86' title='bbox 602 1270 807 1339; x_wconf 83' lang='grc' dir='ltr'>ταύτης</span> <span class='ocrx_word' id='word_1_87' title='bbox 839 1270 901 1324; x_wconf 78' lang='grc' dir='ltr'>τὸ</span> <span class='ocrx_word' id='word_1_88' title='bbox 933 1270 1209 1339; x_wconf 85' lang='grc' dir='ltr'>διάφορον.</span> <span class='ocrx_word' id='word_1_89' title='bbox 1240 1270 1413 1324; x_wconf 85' lang='grc' dir='ltr'>Ὅταν</span> <span class='ocrx_word' id='word_1_90' title='bbox 1467 1270 1576 1341; x_wconf 89' lang='grc' dir='ltr'>γὰρ</span> <span class='ocrx_word' id='word_1_91' title='bbox 1626 1269 1773 1342; x_wconf 85' lang='grc' dir='ltr'>λάϐῃ</span> 
     </span>
    </p>
   </div>
   <div class='ocr_carea' id='block_1_12' title="bbox 126 1358 1773 1434">
    <p class='ocr_par' dir='ltr' id='par_1_12' title="bbox 126 1358 1773 1434">
     <span class='ocr_line' id='line_1_12' title="bbox 126 1358 1773 1434; baseline -0.002 -18"><span class='ocrx_word' id='word_1_92' title='bbox 126 1367 202 1434; x_wconf 75' lang='grc' dir='ltr'>τὴν</span> <span class='ocrx_word' id='word_1_93' title='bbox 227 1362 430 1434; x_wconf 82' lang='grc' dir='ltr'>πληγὴν</span> <span class='ocrx_word' id='word_1_94' title='bbox 466 1362 499 1433; x_wconf 80' lang='grc' dir='ltr'>ἡ</span> <span class='ocrx_word' id='word_1_95' title='bbox 532 1361 680 1432; x_wconf 79' lang='grc' dir='ltr'>ψυχὴ</span> <span class='ocrx_word' id='word_1_96' title='bbox 732 1360 828 1414; x_wconf 75' lang='grc' dir='ltr'>καὶ</span> <span class='ocrx_word' id='word_1_97' title='bbox 871 1359 1014 1431; x_wconf 81' lang='grc' dir='ltr'>πέσῃ</span> <span class='ocrx_word' id='word_1_98' title='bbox 1038 1399 1053 1423; x_wconf 96' lang='grc'>,</span> <span class='ocrx_word' id='word_1_99' title='bbox 1102 1360 1164 1413; x_wconf 82' lang='grc' dir='ltr'>ού</span> <span class='ocrx_word' id='word_1_100' title='bbox 1199 1362 1379 1413; x_wconf 88' lang='grc' dir='ltr'>κεῖται</span> <span class='ocrx_word' id='word_1_101' title='bbox 1426 1358 1682 1429; x_wconf 84' lang='grc' dir='ltr'>καθάπερ</span> <span class='ocrx_word' id='word_1_102' title='bbox 1710 1358 1773 1413; x_wconf 79' lang='grc' dir='ltr'>τὸ</span> 
     </span>
    </p>
   </div>
   <div class='ocr_carea' id='block_1_13' title="bbox 128 1446 1771 1522">
    <p class='ocr_par' dir='ltr' id='par_1_13' title="bbox 128 1446 1771 1522">
     <span class='ocr_line' id='line_1_13' title="bbox 128 1446 1771 1522; baseline -0.002 -18"><span class='ocrx_word' id='word_1_103' title='bbox 128 1452 252 1522; x_wconf 83' lang='grc' dir='ltr'>σῶμα</span> <span class='ocrx_word' id='word_1_104' title='bbox 283 1450 730 1520; x_wconf 84' lang='grc' dir='ltr'>ἁνεπαισθὴτως,</span> <span class='ocrx_word' id='word_1_105' title='bbox 783 1448 921 1502; x_wconf 88' lang='grc' dir='ltr'>ἀλλὰ</span> <span class='ocrx_word' id='word_1_106' title='bbox 967 1447 1314 1518; x_wconf 79' lang='grc' dir='ltr'>βασανίζεται</span> <span class='ocrx_word' id='word_1_107' title='bbox 1371 1448 1469 1518; x_wconf 87' lang='grc' dir='ltr'>μὲν</span> <span class='ocrx_word' id='word_1_108' title='bbox 1519 1446 1771 1501; x_wconf 86' lang='grc' dir='ltr'>ἐντεῦθεν</span> 
     </span>
    </p>
   </div>
   <div class='ocr_carea' id='block_1_14' title="bbox 128 1535 1772 1611">
    <p class='ocr_par' dir='ltr' id='par_1_14' title="bbox 128 1535 1772 1611">
     <span class='ocr_line' id='line_1_14' title="bbox 128 1535 1772 1611; baseline -0.002 -19"><span class='ocrx_word' id='word_1_109' title='bbox 128 1541 204 1610; x_wconf 69' lang='grc' dir='ltr'>ἥδη</span> <span class='ocrx_word' id='word_1_110' title='bbox 228 1542 286 1610; x_wconf 83' lang='grc' dir='ltr'>τῇ</span> <span class='ocrx_word' id='word_1_111' title='bbox 328 1539 540 1611; x_wconf 79' lang='grc' dir='ltr'>πονηρᾷ</span> <span class='ocrx_word' id='word_1_112' title='bbox 586 1537 890 1607; x_wconf 82' lang='grc' dir='ltr'>συνειδήσει</span> <span class='ocrx_word' id='word_1_113' title='bbox 923 1535 1206 1607; x_wconf 76' lang='grc' dir='ltr'>τηκομένη</span> <span class='ocrx_word' id='word_1_114' title='bbox 1230 1552 1244 1565; x_wconf 91' lang='grc'><strong>·</strong></span> <span class='ocrx_word' id='word_1_115' title='bbox 1284 1535 1424 1606; x_wconf 87' lang='grc' dir='ltr'>μετά</span> <span class='ocrx_word' id='word_1_116' title='bbox 1467 1535 1526 1588; x_wconf 84' lang='grc' dir='ltr'>δέ</span> <span class='ocrx_word' id='word_1_117' title='bbox 1556 1535 1657 1606; x_wconf 84' lang='grc' dir='ltr'>τὴν</span> <span class='ocrx_word' id='word_1_118' title='bbox 1686 1536 1772 1588; x_wconf 84' lang='grc' dir='ltr'>ἐν·</span> 
     </span>
    </p>
   </div>
   <div class='ocr_carea' id='block_1_15' title="bbox 127 1620 1773 1698">
    <p class='ocr_par' dir='ltr' id='par_1_15' title="bbox 127 1620 1773 1698">
     <span class='ocr_line' id='line_1_15' title="bbox 127 1620 1773 1698; baseline -0.003 -18"><span class='ocrx_word' id='word_1_119' title='bbox 127 1628 243 1682; x_wconf 82' lang='grc' dir='ltr'>Θὲνδε</span> <span class='ocrx_word' id='word_1_120' title='bbox 270 1627 611 1698; x_wconf 83' lang='grc' dir='ltr'>ἀπαλλαγήν,</span> <span class='ocrx_word' id='word_1_121' title='bbox 652 1626 794 1680; x_wconf 86' lang='grc' dir='ltr'>κατὰ</span> <span class='ocrx_word' id='word_1_122' title='bbox 821 1625 913 1679; x_wconf 77' lang='grc' dir='ltr'>τὸν</span> <span class='ocrx_word' id='word_1_123' title='bbox 941 1625 1044 1695; x_wconf 78' lang='grc' dir='ltr'>τῆς</span> <span class='ocrx_word' id='word_1_124' title='bbox 1076 1624 1314 1696; x_wconf 87' lang='grc' dir='ltr'>κρίσεως</span> <span class='ocrx_word' id='word_1_125' title='bbox 1347 1622 1543 1692; x_wconf 78' lang='grc' dir='ltr'>καιρὸν</span> <span class='ocrx_word' id='word_1_126' title='bbox 1570 1620 1773 1675; x_wconf 88' lang='grc' dir='ltr'>ἀθανά-</span> 
     </span>
    </p>
   </div>
   <div class='ocr_carea' id='block_1_16' title="bbox 126 1709 1773 1787">
    <p class='ocr_par' dir='ltr' id='par_1_16' title="bbox 126 1709 1773 1787">
     <span class='ocr_line' id='line_1_16' title="bbox 126 1709 1773 1787; baseline -0.003 -20"><span class='ocrx_word' id='word_1_127' title='bbox 126 1734 183 1785; x_wconf 77' lang='grc' dir='ltr'>τῳ</span> <span class='ocrx_word' id='word_1_128' title='bbox 207 1715 536 1787; x_wconf 76' lang='grc' dir='ltr'>παραδίδοται</span> <span class='ocrx_word' id='word_1_129' title='bbox 560 1712 824 1786; x_wconf 72' lang='grc' dir='ltr'>τιμωρίᾳ.</span> <span class='ocrx_word' id='word_1_130' title='bbox 857 1714 920 1767; x_wconf 82' lang='grc' dir='ltr'>Εἰ</span> <span class='ocrx_word' id='word_1_131' title='bbox 950 1713 1006 1766; x_wconf 89' lang='grc' dir='ltr'>δέ</span> <span class='ocrx_word' id='word_1_132' title='bbox 1035 1730 1119 1776; x_wconf 88' lang='grc' dir='ltr'>τις</span> <span class='ocrx_word' id='word_1_133' title='bbox 1144 1712 1468 1783; x_wconf 84' lang='grc' dir='ltr'>ἀναλγήτως</span> <span class='ocrx_word' id='word_1_134' title='bbox 1499 1711 1613 1780; x_wconf 79' lang='grc' dir='ltr'>ἔχοι</span> <span class='ocrx_word' id='word_1_135' title='bbox 1634 1709 1773 1780; x_wconf 84' lang='grc' dir='ltr'>πρὸς</span> 
     </span>
    </p>
   </div>
   <div class='ocr_carea' id='block_1_17' title="bbox 128 1797 1773 1875">
    <p class='ocr_par' dir='ltr' id='par_1_17' title="bbox 128 1797 1773 1875">
     <span class='ocr_line' id='line_1_17' title="bbox 128 1797 1773 1875; baseline -0.004 -19"><span class='ocrx_word' id='word_1_136' title='bbox 128 1806 200 1867; x_wconf 66' lang='grc' dir='ltr'>τὰς</span> <span class='ocrx_word' id='word_1_137' title='bbox 220 1802 302 1857; x_wconf 80' lang='grc' dir='ltr'>τοῦ</span> <span class='ocrx_word' id='word_1_138' title='bbox 335 1805 583 1858; x_wconf 87' lang='grc' dir='ltr'>διαϐόλου</span> <span class='ocrx_word' id='word_1_139' title='bbox 618 1804 834 1875; x_wconf 80' lang='grc' dir='ltr'>πληγὰς</span> <span class='ocrx_word' id='word_1_140' title='bbox 856 1844 869 1865; x_wconf 94' lang='grc'>,</span> <span class='ocrx_word' id='word_1_141' title='bbox 906 1801 1089 1873; x_wconf 74' lang='grc' dir='ltr'>μεῖζον</span> <span class='ocrx_word' id='word_1_142' title='bbox 1125 1800 1233 1854; x_wconf 79' lang='grc' dir='ltr'>ὑπὸ</span> <span class='ocrx_word' id='word_1_143' title='bbox 1271 1801 1372 1870; x_wconf 85' lang='grc' dir='ltr'>τῆς</span> <span class='ocrx_word' id='word_1_144' title='bbox 1411 1797 1773 1868; x_wconf 79' lang='grc' dir='ltr'>ἀναισθησίας</span> 
     </span>
    </p>
   </div>
   <div class='ocr_carea' id='block_1_18' title="bbox 129 1886 1770 1963">
    <p class='ocr_par' dir='ltr' id='par_1_18' title="bbox 129 1886 1770 1963">
     <span class='ocr_line' id='line_1_18' title="bbox 129 1886 1770 1963; baseline -0.001 -19"><span class='ocrx_word' id='word_1_145' title='bbox 129 1893 282 1963; x_wconf 76' lang='grc' dir='ltr'>ἐκείνῳ</span> <span class='ocrx_word' id='word_1_146' title='bbox 312 1893 518 1960; x_wconf 88' lang='grc' dir='ltr'>γίνεται</span> <span class='ocrx_word' id='word_1_147' title='bbox 546 1893 609 1945; x_wconf 75' lang='grc' dir='ltr'>τὸ</span> <span class='ocrx_word' id='word_1_148' title='bbox 644 1892 847 1945; x_wconf 76' lang='grc' dir='ltr'>δεινόν’</span> <span class='ocrx_word' id='word_1_149' title='bbox 888 1890 915 1942; x_wconf 86' lang='grc' dir='ltr'>ὁ</span> <span class='ocrx_word' id='word_1_150' title='bbox 948 1888 1057 1959; x_wconf 81' lang='grc' dir='ltr'>γὰρ</span> <span class='ocrx_word' id='word_1_151' title='bbox 1091 1887 1184 1942; x_wconf 72' lang='grc' dir='ltr'>ἐπὶ</span> <span class='ocrx_word' id='word_1_152' title='bbox 1213 1890 1278 1960; x_wconf 83' lang='grc' dir='ltr'>τῇ</span> <span class='ocrx_word' id='word_1_153' title='bbox 1317 1886 1561 1958; x_wconf 72' lang='grc' dir='ltr'>προτέρα</span> <span class='ocrx_word' id='word_1_154' title='bbox 1588 1886 1770 1957; x_wconf 78' lang='grc' dir='ltr'>πληγῇ</span> 
     </span>
    </p>
   </div>
   <div class='ocr_carea' id='block_1_19' title="bbox 135 1975 1772 2051">
    <p class='ocr_par' dir='ltr' id='par_1_19' title="bbox 135 1975 1772 2051">
     <span class='ocr_line' id='line_1_19' title="bbox 135 1975 1772 2051; baseline -0.002 -20"><span class='ocrx_word' id='word_1_155' title='bbox 135 1982 187 2051; x_wconf 69' lang='grc' dir='ltr'>μὴ</span> <span class='ocrx_word' id='word_1_156' title='bbox 207 1982 429 2051; x_wconf 70' lang='grc' dir='ltr'>δηχθεὶς,</span> <span class='ocrx_word' id='word_1_157' title='bbox 463 1981 706 2043; x_wconf 71' lang='grc' dir='ltr'>εὐκόλως</span> <span class='ocrx_word' id='word_1_158' title='bbox 749 1979 964 2048; x_wconf 87' lang='grc' dir='ltr'>δέχεται</span> <span class='ocrx_word' id='word_1_159' title='bbox 1004 1977 1032 2017; x_wconf 68' lang='grc' dir='ltr'>δ</span> <span class='ocrx_word' id='word_1_160' title='bbox 1065 1978 1161 2029; x_wconf 71' lang='grc' dir='ltr'>καὶ</span> <span class='ocrx_word' id='word_1_161' title='bbox 1190 1976 1479 2048; x_wconf 82' lang='grc' dir='ltr'>δευτέραν,</span> <span class='ocrx_word' id='word_1_162' title='bbox 1510 1975 1605 2028; x_wconf 79' lang='grc' dir='ltr'>καὶ</span> <span class='ocrx_word' id='word_1_163' title='bbox 1655 1977 1772 2045; x_wconf 85' lang='grc' dir='ltr'>μετ’</span> 
     </span>
    </p>
   </div>
   <div class='ocr_carea' id='block_1_20' title="bbox 134 2063 1775 2142">
    <p class='ocr_par' dir='ltr' id='par_1_20' title="bbox 134 2063 1775 2142">
     <span class='ocr_line' id='line_1_20' title="bbox 134 2063 1775 2142; baseline -0.002 -22"><span class='ocrx_word' id='word_1_164' title='bbox 134 2071 300 2140; x_wconf 76' lang='grc' dir='ltr'>ἐκείνην</span> <span class='ocrx_word' id='word_1_165' title='bbox 332 2070 564 2142; x_wconf 73' lang='grc' dir='ltr'>Δἑτέραν.</span> <span class='ocrx_word' id='word_1_166' title='bbox 601 2070 675 2123; x_wconf 82' lang='grc' dir='ltr'>Ού</span> <span class='ocrx_word' id='word_1_167' title='bbox 725 2068 835 2139; x_wconf 79' lang='grc' dir='ltr'>γὰρ</span> <span class='ocrx_word' id='word_1_168' title='bbox 881 2066 1233 2138; x_wconf 86' lang='grc' dir='ltr'>διαλιμπάνει</span> <span class='ocrx_word' id='word_1_169' title='bbox 1276 2065 1439 2138; x_wconf 81' lang='grc' dir='ltr'>μέχρι</span> <span class='ocrx_word' id='word_1_170' title='bbox 1488 2063 1639 2138; x_wconf 71' lang='grc'>[455]</span> <span class='ocrx_word' id='word_1_171' title='bbox 1680 2066 1775 2117; x_wconf 70' lang='grc' dir='ltr'>καὶ</span> 
     </span>
    </p>
   </div>
   <div class='ocr_carea' id='block_1_21' title="bbox 133 2152 1774 2228">
    <p class='ocr_par' dir='ltr' id='par_1_21' title="bbox 133 2152 1774 2228">
     <span class='ocr_line' id='line_1_21' title="bbox 133 2152 1774 2228; baseline -0.001 -21"><span class='ocrx_word' id='word_1_172' title='bbox 133 2158 203 2225; x_wconf 72' lang='grc' dir='ltr'>τῆς</span> <span class='ocrx_word' id='word_1_173' title='bbox 224 2158 436 2228; x_wconf 67' lang='grc' dir='ltr'>ἐσχάτης</span> <span class='ocrx_word' id='word_1_174' title='bbox 465 2157 746 2228; x_wconf 81' lang='grc' dir='ltr'>ἀναπνοῆς</span> <span class='ocrx_word' id='word_1_175' title='bbox 787 2155 962 2210; x_wconf 83' lang='grc' dir='ltr'>παίων</span> <span class='ocrx_word' id='word_1_176' title='bbox 990 2158 1018 2208; x_wconf 82' lang='grc' dir='ltr'>ὁ</span> <span class='ocrx_word' id='word_1_177' title='bbox 1052 2154 1250 2226; x_wconf 79' lang='grc' dir='ltr'>μιαρὸς</span> <span class='ocrx_word' id='word_1_178' title='bbox 1275 2193 1290 2218; x_wconf 90' lang='grc'>,</span> <span class='ocrx_word' id='word_1_179' title='bbox 1330 2154 1458 2207; x_wconf 82' lang='grc' dir='ltr'>ὅταν</span> <span class='ocrx_word' id='word_1_180' title='bbox 1491 2152 1629 2223; x_wconf 80' lang='grc' dir='ltr'>εῦρῃ</span> <span class='ocrx_word' id='word_1_181' title='bbox 1673 2153 1774 2222; x_wconf 61' lang='grc' dir='ltr'>ψυ-</span> 
     </span>
    </p>
   </div>
   <div class='ocr_carea' id='block_1_22' title="bbox 134 2241 1770 2317">
    <p class='ocr_par' dir='ltr' id='par_1_22' title="bbox 134 2241 1770 2317">
     <span class='ocr_line' id='line_1_22' title="bbox 134 2241 1770 2317; baseline -0.012 -5"><span class='ocrx_word' id='word_1_182' title='bbox 134 2246 205 2313; x_wconf 69' lang='grc' dir='ltr'>Ζῆν</span> <span class='ocrx_word' id='word_1_183' title='bbox 233 2246 433 2311; x_wconf 63' lang='grc' dir='ltr'>ὑπτίαν,</span> <span class='ocrx_word' id='word_1_184' title='bbox 463 2246 562 2300; x_wconf 75' lang='grc' dir='ltr'>καὶ</span> <span class='ocrx_word' id='word_1_185' title='bbox 589 2246 700 2298; x_wconf 88' lang='grc' dir='ltr'>τῶν</span> <span class='ocrx_word' id='word_1_186' title='bbox 729 2245 1011 2317; x_wconf 76' lang='grc' dir='ltr'>προτέρων</span> <span class='ocrx_word' id='word_1_187' title='bbox 1041 2242 1497 2314; x_wconf 75' lang='grc' dir='ltr'>καταφρονοῦσαν</span> <span class='ocrx_word' id='word_1_188' title='bbox 1524 2241 1770 2313; x_wconf 86' lang='grc' dir='ltr'>πληγῶν.</span> 
     </span>
    </p>
   </div>
   <div class='ocr_carea' id='block_1_23' title="bbox 135 2329 1772 2406">
    <p class='ocr_par' dir='ltr' id='par_1_23' title="bbox 135 2329 1772 2406">
     <span class='ocr_line' id='line_1_23' title="bbox 135 2329 1772 2406; baseline -0.001 -22"><span class='ocrx_word' id='word_1_189' title='bbox 135 2334 177 2384; x_wconf 81' lang='grc' dir='ltr'>ΕΞ</span> <span class='ocrx_word' id='word_1_190' title='bbox 203 2334 248 2385; x_wconf 75' lang='grc' dir='ltr'>δέ</span> <span class='ocrx_word' id='word_1_191' title='bbox 279 2336 363 2386; x_wconf 67' lang='grc' dir='ltr'>καὶ</span> <span class='ocrx_word' id='word_1_192' title='bbox 403 2336 503 2405; x_wconf 85' lang='grc' dir='ltr'>τῆς</span> <span class='ocrx_word' id='word_1_193' title='bbox 552 2334 832 2406; x_wconf 83' lang='grc' dir='ltr'>συμϐολῆς</span> <span class='ocrx_word' id='word_1_194' title='bbox 876 2333 969 2386; x_wconf 85' lang='grc' dir='ltr'>τὸν</span> <span class='ocrx_word' id='word_1_195' title='bbox 999 2333 1202 2402; x_wconf 82' lang='grc' dir='ltr'>τρόπον</span> <span class='ocrx_word' id='word_1_196' title='bbox 1232 2329 1508 2397; x_wconf 77' lang='grc' dir='ltr'>ἐξετάζειν</span> <span class='ocrx_word' id='word_1_197' title='bbox 1547 2330 1772 2394; x_wconf 78' lang='grc' dir='ltr'>ἐθέλοις,</span> 
     </span>
    </p>
   </div>
   <div class='ocr_carea' id='block_1_24' title="bbox 134 2419 1771 2496">
    <p class='ocr_par' dir='ltr' id='par_1_24' title="bbox 134 2419 1771 2496">
     <span class='ocr_line' id='line_1_24' title="bbox 134 2419 1771 2496; baseline 0.001 -24"><span class='ocrx_word' id='word_1_198' title='bbox 134 2422 232 2474; x_wconf 76' lang='grc' dir='ltr'>πολὺ</span> <span class='ocrx_word' id='word_1_199' title='bbox 262 2422 453 2496; x_wconf 81' lang='grc' dir='ltr'>ταύτην</span> <span class='ocrx_word' id='word_1_200' title='bbox 485 2436 507 2463; x_wconf 77' lang='grc' dir='ltr'>ε</span> <span class='ocrx_word' id='word_1_201' title='bbox 545 2422 916 2495; x_wconf 73' lang='grc' dir='ltr'>σφοδροτέραν</span> <span class='ocrx_word' id='word_1_202' title='bbox 959 2422 1054 2475; x_wconf 77' lang='grc' dir='ltr'>καὶ</span> <span class='ocrx_word' id='word_1_203' title='bbox 1091 2420 1491 2490; x_wconf 79' lang='grc' dir='ltr'>ποικιλωτέραν</span> <span class='ocrx_word' id='word_1_204' title='bbox 1521 2419 1652 2482; x_wconf 81' lang='grc' dir='ltr'>ἴδοις</span> <span class='ocrx_word' id='word_1_205' title='bbox 1685 2419 1771 2473; x_wconf 84' lang='grc' dir='ltr'>ἄν.</span> 
     </span>
    </p>
   </div>
   <div class='ocr_carea' id='block_1_25' title="bbox 134 2502 1772 2583">
    <p class='ocr_par' dir='ltr' id='par_1_25' title="bbox 134 2502 1772 2583">
     <span class='ocr_line' id='line_1_25' title="bbox 134 2502 1772 2583; baseline 0 -23"><span class='ocrx_word' id='word_1_206' title='bbox 134 2509 232 2563; x_wconf 69' lang='grc' dir='ltr'>θῦτε</span> <span class='ocrx_word' id='word_1_207' title='bbox 275 2512 373 2583; x_wconf 76' lang='grc' dir='ltr'>γάρ</span> <span class='ocrx_word' id='word_1_208' title='bbox 418 2511 636 2580; x_wconf 81' lang='grc' dir='ltr'>κλοπῆς</span> <span class='ocrx_word' id='word_1_209' title='bbox 687 2511 779 2564; x_wconf 76' lang='grc' dir='ltr'>καὶ</span> <span class='ocrx_word' id='word_1_210' title='bbox 812 2511 962 2563; x_wconf 80' lang='grc' dir='ltr'>δόλου</span> <span class='ocrx_word' id='word_1_211' title='bbox 990 2509 1259 2572; x_wconf 80' lang='grc' dir='ltr'>τοσαύτας</span> <span class='ocrx_word' id='word_1_212' title='bbox 1294 2525 1378 2570; x_wconf 88' lang='grc' dir='ltr'>τις</span> <span class='ocrx_word' id='word_1_213' title='bbox 1413 2502 1552 2559; x_wconf 73' lang='grc' dir='ltr'>οἶδεν</span> <span class='ocrx_word' id='word_1_214' title='bbox 1598 2507 1772 2570; x_wconf 77' lang='grc' dir='ltr'>ἰδέας,</span> 
     </span>
    </p>
   </div>
   <div class='ocr_carea' id='block_1_26' title="bbox 131 2596 1775 2673">
    <p class='ocr_par' dir='ltr' id='par_1_26' title="bbox 131 2596 1775 2673">
     <span class='ocr_line' id='line_1_26' title="bbox 131 2596 1775 2673; baseline -0.001 -25"><span class='ocrx_word' id='word_1_215' title='bbox 131 2598 222 2660; x_wconf 75' lang='grc' dir='ltr'>ὅςας</span> <span class='ocrx_word' id='word_1_216' title='bbox 246 2602 440 2664; x_wconf 79' lang='grc' dir='ltr'>ἐκεῖνος</span> <span class='ocrx_word' id='word_1_217' title='bbox 476 2603 514 2654; x_wconf 77' lang='grc' dir='ltr'><strong>ὁ</strong></span> <span class='ocrx_word' id='word_1_218' title='bbox 546 2601 740 2672; x_wconf 87' lang='grc' dir='ltr'>μιαρός</span> <span class='ocrx_word' id='word_1_219' title='bbox 764 2617 778 2630; x_wconf 94' lang='grc'><strong>·</strong></span> <span class='ocrx_word' id='word_1_220' title='bbox 805 2598 981 2673; x_wconf 85' lang='grc' dir='ltr'>ταύτῃ</span> <span class='ocrx_word' id='word_1_221' title='bbox 1018 2597 1149 2667; x_wconf 87' lang='grc' dir='ltr'>γοῦν</span> <span class='ocrx_word' id='word_1_222' title='bbox 1193 2596 1294 2668; x_wconf 83' lang='grc' dir='ltr'>τὴν</span> <span class='ocrx_word' id='word_1_223' title='bbox 1322 2596 1543 2649; x_wconf 82' lang='grc' dir='ltr'>πλείονα</span> <span class='ocrx_word' id='word_1_224' title='bbox 1578 2596 1775 2665; x_wconf 85' lang='grc' dir='ltr'>κέκτη-</span> 
     </span>
    </p>
   </div>
   <div class='ocr_carea' id='block_1_27' title="bbox 130 2683 1776 2761">
    <p class='ocr_par' dir='ltr' id='par_1_27' title="bbox 130 2683 1776 2761">
     <span class='ocr_line' id='line_1_27' title="bbox 130 2683 1776 2761; baseline 0.001 -25"><span class='ocrx_word' id='word_1_225' title='bbox 130 2703 189 2738; x_wconf 79' lang='grc' dir='ltr'>ται</span> <span class='ocrx_word' id='word_1_226' title='bbox 214 2686 422 2758; x_wconf 77' lang='grc' dir='ltr'>δύναμιν</span> <span class='ocrx_word' id='word_1_227' title='bbox 447 2705 461 2721; x_wconf 89' lang='grc'><strong>·</strong></span> <span class='ocrx_word' id='word_1_228' title='bbox 519 2689 646 2743; x_wconf 75' lang='grc' dir='ltr'>οὔτε</span> <span class='ocrx_word' id='word_1_229' title='bbox 694 2688 894 2761; x_wconf 83' lang='grc' dir='ltr'>ἐχθραν</span> <span class='ocrx_word' id='word_1_230' title='bbox 928 2705 1015 2751; x_wconf 90' lang='grc' dir='ltr'>τις</span> <span class='ocrx_word' id='word_1_231' title='bbox 1048 2685 1222 2750; x_wconf 68' lang='grc' dir='ltr'>οὕτως</span> <span class='ocrx_word' id='word_1_232' title='bbox 1257 2686 1568 2757; x_wconf 83' lang='grc' dir='ltr'>ἀκήρυκτον</span> <span class='ocrx_word' id='word_1_233' title='bbox 1617 2683 1776 2738; x_wconf 86' lang='grc' dir='ltr'>δύνα-</span> 
     </span>
    </p>
   </div>
   <div class='ocr_carea' id='block_1_28' title="bbox 129 2771 1774 2851">
    <p class='ocr_par' dir='ltr' id='par_1_28' title="bbox 129 2771 1774 2851">
     <span class='ocr_line' id='line_1_28' title="bbox 129 2771 1774 2851; baseline 0 -25"><span class='ocrx_word' id='word_1_234' title='bbox 129 2776 227 2826; x_wconf 66' lang='lat' dir='ltr'>md</span> <span class='ocrx_word' id='word_1_235' title='bbox 253 2777 386 2846; x_wconf 80' lang='grc' dir='ltr'>ἐχειν</span> <span class='ocrx_word' id='word_1_236' title='bbox 421 2778 572 2851; x_wconf 71' lang='grc' dir='ltr'>πρὸς</span> <span class='ocrx_word' id='word_1_237' title='bbox 598 2779 725 2843; x_wconf 67' lang='grc' dir='ltr'>τοὺς</span> <span class='ocrx_word' id='word_1_238' title='bbox 762 2778 901 2848; x_wconf 80' lang='grc' dir='ltr'>ἄγαν</span> <span class='ocrx_word' id='word_1_239' title='bbox 931 2775 1379 2846; x_wconf 81' lang='grc' dir='ltr'>πολεμιωτάτους</span> <span class='ocrx_word' id='word_1_240' title='bbox 1412 2771 1560 2842; x_wconf 75' lang='grc' dir='ltr'>αὐτῷ</span> <span class='ocrx_word' id='word_1_241' title='bbox 1590 2814 1601 2831; x_wconf 90' lang='grc'>,</span> <span class='ocrx_word' id='word_1_242' title='bbox 1641 2774 1774 2843; x_wconf 76' lang='grc' dir='ltr'>ὅσην</span> 
     </span>
    </p>
   </div>
   <div class='ocr_carea' id='block_1_29' title="bbox 129 2862 1770 2940">
    <p class='ocr_par' dir='ltr' id='par_1_29' title="bbox 129 2862 1770 2940">
     <span class='ocr_line' id='line_1_29' title="bbox 129 2862 1770 2940; baseline -0.003 -22"><span class='ocrx_word' id='word_1_243' title='bbox 129 2865 228 2932; x_wconf 67' lang='grc' dir='ltr'>πρὸς</span> <span class='ocrx_word' id='word_1_244' title='bbox 255 2866 342 2938; x_wconf 78' lang='grc' dir='ltr'>τὴν</span> <span class='ocrx_word' id='word_1_245' title='bbox 369 2868 730 2940; x_wconf 77' lang='grc' dir='ltr'>ἀνθρωπείαν</span> <span class='ocrx_word' id='word_1_246' title='bbox 761 2866 924 2937; x_wconf 84' lang='grc' dir='ltr'>φύσιν</span> <span class='ocrx_word' id='word_1_247' title='bbox 965 2867 993 2919; x_wconf 88' lang='grc' dir='ltr'>ό</span> <span class='ocrx_word' id='word_1_248' title='bbox 1027 2864 1265 2935; x_wconf 74' lang='grc' dir='ltr'>πονηρὸς</span> <span class='ocrx_word' id='word_1_249' title='bbox 1292 2863 1503 2933; x_wconf 88' lang='grc' dir='ltr'>δαίμων</span> <span class='ocrx_word' id='word_1_250' title='bbox 1542 2862 1770 2925; x_wconf 82' lang='grc' dir='ltr'>ἐκεῖνος.</span> 
     </span>
    </p>
   </div>
   <div class='ocr_carea' id='block_1_30' title="bbox 127 2947 1776 3028">
    <p class='ocr_par' dir='ltr' id='par_1_30' title="bbox 127 2947 1776 3028">
     <span class='ocr_line' id='line_1_30' title="bbox 127 2947 1776 3028; baseline -0.002 -23"><span class='ocrx_word' id='word_1_251' title='bbox 127 2952 207 3005; x_wconf 71' lang='grc' dir='ltr'>Καὶ</span> <span class='ocrx_word' id='word_1_252' title='bbox 229 2955 313 3026; x_wconf 82' lang='grc' dir='ltr'>τήν</span> <span class='ocrx_word' id='word_1_253' title='bbox 343 2955 667 3028; x_wconf 81' lang='grc' dir='ltr'>προθυμίαν</span> <span class='ocrx_word' id='word_1_254' title='bbox 694 2955 752 3010; x_wconf 83' lang='grc' dir='ltr'>δὲ</span> <span class='ocrx_word' id='word_1_255' title='bbox 784 2955 940 3015; x_wconf 75' lang='grc' dir='ltr'>εἴτις</span> <span class='ocrx_word' id='word_1_256' title='bbox 973 2952 1243 3017; x_wconf 83' lang='grc' dir='ltr'>ἐξετάζοι,</span> <span class='ocrx_word' id='word_1_257' title='bbox 1290 2950 1409 3021; x_wconf 83' lang='grc' dir='ltr'>μεθ’</span> <span class='ocrx_word' id='word_1_258' title='bbox 1435 2947 1504 3023; x_wconf 81' lang='grc' dir='ltr'>ἦς</span> <span class='ocrx_word' id='word_1_259' title='bbox 1541 2949 1776 3021; x_wconf 81' lang='grc' dir='ltr'>μάχεται</span> 
     </span>
    </p>
   </div>
   <div class='ocr_carea' id='block_1_31' title="bbox 126 3038 1776 3118">
    <p class='ocr_par' dir='ltr' id='par_1_31' title="bbox 126 3038 1776 3118">
     <span class='ocr_line' id='line_1_31' title="bbox 126 3038 1776 3118; baseline 0 -27"><span class='ocrx_word' id='word_1_260' title='bbox 126 3040 319 3112; x_wconf 80' lang='grc' dir='ltr'>ἐκεῖνος,</span> <span class='ocrx_word' id='word_1_261' title='bbox 370 3044 694 3118; x_wconf 79' lang='grc' dir='ltr'>ἀνθρώποις</span> <span class='ocrx_word' id='word_1_262' title='bbox 746 3043 845 3114; x_wconf 86' lang='grc' dir='ltr'>μέν</span> <span class='ocrx_word' id='word_1_263' title='bbox 880 3040 1112 3096; x_wconf 78' lang='grc' dir='ltr'>ἐνταῦθα</span> <span class='ocrx_word' id='word_1_264' title='bbox 1144 3042 1237 3093; x_wconf 78' lang='grc' dir='ltr'>καὶ</span> <span class='ocrx_word' id='word_1_265' title='bbox 1289 3040 1499 3107; x_wconf 89' lang='grc' dir='ltr'>γελοῖον</span> <span class='ocrx_word' id='word_1_266' title='bbox 1546 3038 1776 3108; x_wconf 85' lang='grc' dir='ltr'>περιϐα-</span> 
     </span>
    </p>
   </div>
   <div class='ocr_carea' id='block_1_32' title="bbox 126 3125 1775 3204">
    <p class='ocr_par' dir='ltr' id='par_1_32' title="bbox 126 3125 1775 3204">
     <span class='ocr_line' id='line_1_32' title="bbox 126 3125 1775 3204; baseline -0.006 -17"><span class='ocrx_word' id='word_1_267' title='bbox 126 3128 207 3183; x_wconf 75' lang='grc' dir='ltr'>λεῖν</span> <span class='ocrx_word' id='word_1_268' title='bbox 227 3149 238 3163; x_wconf 89' lang='grc'><strong>·</strong></span> <span class='ocrx_word' id='word_1_269' title='bbox 260 3135 302 3187; x_wconf 85' lang='grc' dir='ltr'>εί</span> <span class='ocrx_word' id='word_1_270' title='bbox 323 3135 377 3189; x_wconf 89' lang='grc' dir='ltr'>δέ</span> <span class='ocrx_word' id='word_1_271' title='bbox 404 3153 488 3199; x_wconf 91' lang='grc' dir='ltr'>τις</span> <span class='ocrx_word' id='word_1_272' title='bbox 542 3134 613 3188; x_wconf 80' lang='grc' dir='ltr'>τὰ</span> <span class='ocrx_word' id='word_1_273' title='bbox 651 3131 996 3204; x_wconf 80' lang='grc' dir='ltr'>όργιλὼτατα</span> <span class='ocrx_word' id='word_1_274' title='bbox 1023 3130 1118 3184; x_wconf 73' lang='grc' dir='ltr'>καὶ</span> <span class='ocrx_word' id='word_1_275' title='bbox 1151 3129 1503 3198; x_wconf 84' lang='grc' dir='ltr'>ἀπηνέστατα</span> <span class='ocrx_word' id='word_1_276' title='bbox 1532 3126 1641 3179; x_wconf 90' lang='grc' dir='ltr'>τῶν</span> <span class='ocrx_word' id='word_1_277' title='bbox 1676 3125 1775 3194; x_wconf 78' lang='grc' dir='ltr'>θη-</span> 
     </span>
    </p>
   </div>
   <div class='ocr_carea' id='block_1_33' title="bbox 128 3215 1771 3293">
    <p class='ocr_par' dir='ltr' id='par_1_33' title="bbox 128 3215 1771 3293">
     <span class='ocr_line' id='line_1_33' title="bbox 128 3215 1771 3293; baseline -0.004 -20"><span class='ocrx_word' id='word_1_278' title='bbox 128 3219 227 3289; x_wconf 74' lang='grc' dir='ltr'>ρίων</span> <span class='ocrx_word' id='word_1_279' title='bbox 263 3223 624 3293; x_wconf 79' lang='grc' dir='ltr'>ἐκλεξάμενος</span> <span class='ocrx_word' id='word_1_280' title='bbox 673 3219 1003 3274; x_wconf 85' lang='grc' dir='ltr'>ἀντιτιθέναι</span> <span class='ocrx_word' id='word_1_281' title='bbox 1053 3218 1195 3271; x_wconf 88' lang='grc' dir='ltr'>θέλοι</span> <span class='ocrx_word' id='word_1_282' title='bbox 1229 3220 1296 3288; x_wconf 82' lang='grc' dir='ltr'>τῇ</span> <span class='ocrx_word' id='word_1_283' title='bbox 1354 3215 1546 3268; x_wconf 85' lang='grc' dir='ltr'>τούτου</span> <span class='ocrx_word' id='word_1_284' title='bbox 1586 3215 1771 3285; x_wconf 82' lang='grc' dir='ltr'>μανίᾳ,</span> 
     </span>
    </p>
   </div>
   <div class='ocr_carea' id='block_1_34' title="bbox 126 3304 1772 3381">
    <p class='ocr_par' dir='ltr' id='par_1_34' title="bbox 126 3304 1772 3381">
     <span class='ocr_line' id='line_1_34' title="bbox 126 3304 1772 3381; baseline -0.004 -18"><span class='ocrx_word' id='word_1_285' title='bbox 126 3312 356 3379; x_wconf 81' lang='grc' dir='ltr'>πραότατα</span> <span class='ocrx_word' id='word_1_286' title='bbox 384 3314 526 3366; x_wconf 73' lang='grc' dir='ltr'>ὄντα</span> <span class='ocrx_word' id='word_1_287' title='bbox 558 3311 653 3364; x_wconf 72' lang='grc' dir='ltr'>καὶ</span> <span class='ocrx_word' id='word_1_288' title='bbox 675 3307 1009 3381; x_wconf 81' lang='grc' dir='ltr'>ἡμερώτατα</span> <span class='ocrx_word' id='word_1_289' title='bbox 1038 3308 1265 3378; x_wconf 81' lang='grc' dir='ltr'>εὑρήσει</span> <span class='ocrx_word' id='word_1_290' title='bbox 1298 3308 1363 3377; x_wconf 83' lang='grc' dir='ltr'>τῇ</span> <span class='ocrx_word' id='word_1_291' title='bbox 1393 3304 1680 3376; x_wconf 83' lang='grc' dir='ltr'>παραϐολῇ</span> <span class='ocrx_word' id='word_1_292' title='bbox 1709 3316 1732 3343; x_wconf 74' lang='grc' dir='ltr'>ε</span> <span class='ocrx_word' id='word_1_293' title='bbox 1757 3318 1772 3332; x_wconf 81' lang='grc'><strong><em>⁸</em></strong></span> 
     </span>
    </p>
   </div>
   <div class='ocr_carea' id='block_1_35' title="bbox 126 3392 1775 3468">
    <p class='ocr_par' dir='ltr' id='par_1_35' title="bbox 126 3392 1775 3468">
     <span class='ocr_line' id='line_1_35' title="bbox 126 3392 1775 3468; baseline -0.001 -21"><span class='ocrx_word' id='word_1_294' title='bbox 126 3399 332 3454; x_wconf 77' lang='grc' dir='ltr'>τοσοῦτον</span> <span class='ocrx_word' id='word_1_295' title='bbox 361 3396 529 3463; x_wconf 75' lang='grc' dir='ltr'>οὗτος</span> <span class='ocrx_word' id='word_1_296' title='bbox 555 3401 679 3452; x_wconf 84' lang='grc' dir='ltr'>πνεῖ</span> <span class='ocrx_word' id='word_1_297' title='bbox 709 3398 900 3468; x_wconf 86' lang='grc' dir='ltr'>θυμὸν,</span> <span class='ocrx_word' id='word_1_298' title='bbox 935 3399 1057 3459; x_wconf 89' lang='grc' dir='ltr'>ταῖς</span> <span class='ocrx_word' id='word_1_299' title='bbox 1087 3395 1387 3466; x_wconf 79' lang='grc' dir='ltr'>ἡμετέραις</span> <span class='ocrx_word' id='word_1_300' title='bbox 1416 3392 1775 3465; x_wconf 87' lang='grc' dir='ltr'>προσϐάλλων</span> 
     </span>
    </p>
   </div>
   <div class='ocr_carea' id='block_1_36' title="bbox 124 3481 1773 3559">
    <p class='ocr_par' dir='ltr' id='par_1_36' title="bbox 124 3481 1773 3559">
     <span class='ocr_line' id='line_1_36' title="bbox 124 3481 1773 3559; baseline -0.002 -23"><span class='ocrx_word' id='word_1_301' title='bbox 124 3485 296 3556; x_wconf 71' lang='grc' dir='ltr'>ψυχαῖς.</span> <span class='ocrx_word' id='word_1_302' title='bbox 328 3492 433 3543; x_wconf 72' lang='grc' dir='ltr'>Καὶ</span> <span class='ocrx_word' id='word_1_303' title='bbox 455 3491 484 3543; x_wconf 86' lang='grc' dir='ltr'>ὁ</span> <span class='ocrx_word' id='word_1_304' title='bbox 527 3489 625 3559; x_wconf 84' lang='grc' dir='ltr'>τῆς</span> <span class='ocrx_word' id='word_1_305' title='bbox 660 3487 837 3557; x_wconf 82' lang='grc' dir='ltr'>μάχης</span> <span class='ocrx_word' id='word_1_306' title='bbox 857 3486 915 3539; x_wconf 83' lang='grc' dir='ltr'>δὲ</span> <span class='ocrx_word' id='word_1_307' title='bbox 933 3484 1125 3556; x_wconf 87' lang='grc' dir='ltr'>χρόνος</span> <span class='ocrx_word' id='word_1_308' title='bbox 1150 3482 1387 3537; x_wconf 84' lang='grc' dir='ltr'>ἐνταῦθα</span> <span class='ocrx_word' id='word_1_309' title='bbox 1423 3482 1520 3552; x_wconf 82' lang='grc' dir='ltr'>μὲν</span> <span class='ocrx_word' id='word_1_310' title='bbox 1544 3481 1773 3552; x_wconf 81' lang='grc' dir='ltr'>βραχὺς,</span> 
     </span>
    </p>
   </div>
   <div class='ocr_carea' id='block_1_37' title="bbox 126 3569 1776 3648">
    <p class='ocr_par' dir='ltr' id='par_1_37' title="bbox 126 3569 1776 3648">
     <span class='ocr_line' id='line_1_37' title="bbox 126 3569 1776 3648; baseline -0.003 -22"><span class='ocrx_word' id='word_1_311' title='bbox 126 3576 195 3626; x_wconf 80' lang='grc' dir='ltr'>καὶ</span> <span class='ocrx_word' id='word_1_312' title='bbox 217 3578 264 3627; x_wconf 83' lang='grc' dir='ltr'>ἐν</span> <span class='ocrx_word' id='word_1_313' title='bbox 294 3577 362 3648; x_wconf 78' lang='grc' dir='ltr'>τῷ</span> <span class='ocrx_word' id='word_1_314' title='bbox 386 3577 594 3647; x_wconf 64' lang='grc' dir='ltr'>βραχεῖ</span> <span class='ocrx_word' id='word_1_315' title='bbox 621 3575 679 3628; x_wconf 85' lang='grc' dir='ltr'>δέ</span> <span class='ocrx_word' id='word_1_316' title='bbox 715 3574 865 3644; x_wconf 81' lang='grc' dir='ltr'>αὐτῷ</span> <span class='ocrx_word' id='word_1_317' title='bbox 897 3573 1088 3626; x_wconf 71' lang='grc' dir='ltr'>πολλαὶ</span> <span class='ocrx_word' id='word_1_318' title='bbox 1116 3573 1171 3625; x_wconf 90' lang='grc' dir='ltr'>αἱ</span> <span class='ocrx_word' id='word_1_319' title='bbox 1206 3571 1509 3641; x_wconf 84' lang='grc' dir='ltr'>ἀνακωχαί.</span> <span class='ocrx_word' id='word_1_320' title='bbox 1533 3571 1643 3622; x_wconf 62' lang='grc' dir='ltr'>Καὶ</span> <span class='ocrx_word' id='word_1_321' title='bbox 1665 3569 1776 3640; x_wconf 80' lang='grc' dir='ltr'>γάρ</span> 
     </span>
    </p>
   </div>
   <div class='ocr_carea' id='block_1_38' title="bbox 124 3659 1777 3731">
    <p class='ocr_par' dir='ltr' id='par_1_38' title="bbox 124 3659 1777 3731">
     <span class='ocr_line' id='line_1_38' title="bbox 124 3659 1777 3731; baseline -0.001 -17"><span class='ocrx_word' id='word_1_322' title='bbox 124 3664 195 3715; x_wconf 70' lang='grc' dir='ltr'>καὶ</span> <span class='ocrx_word' id='word_1_323' title='bbox 234 3665 317 3731; x_wconf 74' lang='grc' dir='ltr'>νὺξ</span> <span class='ocrx_word' id='word_1_324' title='bbox 361 3663 681 3719; x_wconf 74' lang='grc' dir='ltr'>ἐπελθοῦσα</span> <span class='ocrx_word' id='word_1_325' title='bbox 706 3708 718 3729; x_wconf 93' lang='grc'>,</span> <span class='ocrx_word' id='word_1_326' title='bbox 752 3664 844 3717; x_wconf 76' lang='grc' dir='ltr'>καὶ</span> <span class='ocrx_word' id='word_1_327' title='bbox 875 3665 904 3716; x_wconf 85' lang='grc' dir='ltr'>ὁ</span> <span class='ocrx_word' id='word_1_328' title='bbox 948 3661 1044 3715; x_wconf 85' lang='grc' dir='ltr'>τοῦ</span> <span class='ocrx_word' id='word_1_329' title='bbox 1093 3659 1321 3730; x_wconf 78' lang='grc' dir='ltr'>σφάζειν</span> <span class='ocrx_word' id='word_1_330' title='bbox 1370 3660 1648 3729; x_wconf 86' lang='grc' dir='ltr'>κάματος,</span> <span class='ocrx_word' id='word_1_331' title='bbox 1681 3660 1777 3712; x_wconf 78' lang='grc' dir='ltr'>καὶ</span> 
     </span>
    </p>
   </div>
   <div class='ocr_carea' id='block_1_39' title="bbox 124 3745 1778 3824">
    <p class='ocr_par' dir='ltr' id='par_1_39' title="bbox 124 3745 1778 3824">
     <span class='ocr_line' id='line_1_39' title="bbox 124 3745 1778 3824; baseline -0.007 -16"><span class='ocrx_word' id='word_1_332' title='bbox 124 3752 282 3822; x_wconf 68' lang='grc' dir='ltr'>τροφῆς</span> <span class='ocrx_word' id='word_1_333' title='bbox 304 3754 490 3824; x_wconf 71' lang='grc' dir='ltr'>καιρὸς</span> <span class='ocrx_word' id='word_1_334' title='bbox 525 3792 541 3816; x_wconf 88' lang='grc'>,</span> <span class='ocrx_word' id='word_1_335' title='bbox 572 3753 667 3805; x_wconf 75' lang='grc' dir='ltr'>καὶ</span> <span class='ocrx_word' id='word_1_336' title='bbox 695 3750 867 3804; x_wconf 86' lang='grc' dir='ltr'>πολλὰ</span> <span class='ocrx_word' id='word_1_337' title='bbox 898 3749 1063 3819; x_wconf 80' lang='grc' dir='ltr'>ἐτερα</span> <span class='ocrx_word' id='word_1_338' title='bbox 1100 3746 1455 3802; x_wconf 75' lang='grc' dir='ltr'>διαναπαύειν</span> <span class='ocrx_word' id='word_1_339' title='bbox 1486 3745 1578 3798; x_wconf 79' lang='grc' dir='ltr'>τὸν</span> <span class='ocrx_word' id='word_1_340' title='bbox 1615 3762 1778 3817; x_wconf 70' lang='lat' dir='ltr'><strong>etpa-</strong></span> 
     </span>
    </p>
   </div>
   <div class='ocr_carea' id='block_1_40' title="bbox 123 3833 1778 3911">
    <p class='ocr_par' dir='ltr' id='par_1_40' title="bbox 123 3833 1778 3911">
     <span class='ocr_line' id='line_1_40' title="bbox 123 3833 1778 3911; baseline -0.002 -21"><span class='ocrx_word' id='word_1_341' title='bbox 123 3838 277 3910; x_wconf 63' lang='grc' dir='ltr'>τώτην</span> <span class='ocrx_word' id='word_1_342' title='bbox 301 3842 576 3911; x_wconf 71' lang='grc' dir='ltr'>πέφυκεν,</span> <span class='ocrx_word' id='word_1_343' title='bbox 612 3840 687 3902; x_wconf 81' lang='grc' dir='ltr'>ὡς</span> <span class='ocrx_word' id='word_1_344' title='bbox 716 3841 809 3892; x_wconf 75' lang='grc' dir='ltr'>καὶ</span> <span class='ocrx_word' id='word_1_345' title='bbox 851 3838 1117 3891; x_wconf 87' lang='grc' dir='ltr'>ἀποδῦναι</span> <span class='ocrx_word' id='word_1_346' title='bbox 1152 3837 1251 3906; x_wconf 76' lang='grc' dir='ltr'>τήν</span> <span class='ocrx_word' id='word_1_347' title='bbox 1284 3833 1652 3904; x_wconf 82' lang='grc' dir='ltr'>παντευχίαν,</span> <span class='ocrx_word' id='word_1_348' title='bbox 1681 3834 1778 3886; x_wconf 79' lang='grc' dir='ltr'>καὶ</span> 
     </span>
    </p>
   </div>
   <div class='ocr_carea' id='block_1_41' title="bbox 129 3918 1775 4001">
    <p class='ocr_par' dir='ltr' id='par_1_41' title="bbox 129 3918 1775 4001">
     <span class='ocr_line' id='line_1_41' title="bbox 129 3918 1775 4001; baseline -0.004 -21"><span class='ocrx_word' id='word_1_349' title='bbox 129 3926 416 3984; x_wconf 78' lang='grc' dir='ltr'>ἀναπνεῦσαι</span> <span class='ocrx_word' id='word_1_350' title='bbox 449 3930 469 3970; x_wconf 76' lang='grc' dir='ltr'><em>τ</em></span> <span class='ocrx_word' id='word_1_351' title='bbox 511 3928 747 4001; x_wconf 78' lang='grc' dir='ltr'>μικρὸν,</span> <span class='ocrx_word' id='word_1_352' title='bbox 783 3928 877 3980; x_wconf 73' lang='grc' dir='ltr'>καὶ</span> <span class='ocrx_word' id='word_1_353' title='bbox 906 3926 1040 3996; x_wconf 84' lang='grc' dir='ltr'>σίτῳ</span> <span class='ocrx_word' id='word_1_354' title='bbox 1095 3926 1191 3977; x_wconf 80' lang='grc' dir='ltr'>καὶ</span> <span class='ocrx_word' id='word_1_355' title='bbox 1239 3923 1388 3993; x_wconf 84' lang='grc' dir='ltr'>ποτῷ</span> <span class='ocrx_word' id='word_1_356' title='bbox 1437 3918 1775 3991; x_wconf 76' lang='grc' dir='ltr'>καταψύξαι,</span> 
     </span>
    </p>
   </div>
   <div class='ocr_carea' id='block_1_42' title="bbox 127 4008 1779 4091">
    <p class='ocr_par' dir='ltr' id='par_1_42' title="bbox 127 4008 1779 4091">
     <span class='ocr_line' id='line_1_42' title="bbox 127 4008 1779 4091; baseline -0.005 -23"><span class='ocrx_word' id='word_1_357' title='bbox 127 4016 198 4068; x_wconf 75' lang='grc' dir='ltr'>καὶ</span> <span class='ocrx_word' id='word_1_358' title='bbox 233 4019 426 4091; x_wconf 82' lang='grc' dir='ltr'>ἑτέροις</span> <span class='ocrx_word' id='word_1_359' title='bbox 477 4016 697 4079; x_wconf 85' lang='grc' dir='ltr'>πολλοῖς</span> <span class='ocrx_word' id='word_1_360' title='bbox 729 4015 825 4085; x_wconf 84' lang='grc' dir='ltr'>τὴν</span> <span class='ocrx_word' id='word_1_361' title='bbox 856 4013 1131 4086; x_wconf 86' lang='grc' dir='ltr'>προτέραν</span> <span class='ocrx_word' id='word_1_362' title='bbox 1159 4009 1575 4081; x_wconf 83' lang='grc' dir='ltr'>ἀνακτήσασθαι</span> <span class='ocrx_word' id='word_1_363' title='bbox 1617 4008 1779 4062; x_wconf 86' lang='grc' dir='ltr'>δύνα-</span> 
     </span>
    </p>
   </div>
   <div class='ocr_carea' id='block_1_43' title="bbox 128 4096 1778 4176">
    <p class='ocr_par' dir='ltr' id='par_1_43' title="bbox 128 4096 1778 4176">
     <span class='ocr_line' id='line_1_43' title="bbox 128 4096 1778 4176; baseline -0.004 -21"><span class='ocrx_word' id='word_1_364' title='bbox 128 4119 214 4170; x_wconf 88' lang='grc' dir='ltr'>μιν.</span> <span class='ocrx_word' id='word_1_365' title='bbox 250 4108 367 4162; x_wconf 75' lang='grc' dir='ltr'>Ἐπὶ</span> <span class='ocrx_word' id='word_1_366' title='bbox 388 4108 444 4161; x_wconf 81' lang='grc' dir='ltr'>δὲ</span> <span class='ocrx_word' id='word_1_367' title='bbox 477 4105 578 4160; x_wconf 87' lang='grc' dir='ltr'>τοῦ</span> <span class='ocrx_word' id='word_1_368' title='bbox 611 4103 849 4176; x_wconf 84' lang='grc' dir='ltr'>πονηροῦ</span> <span class='ocrx_word' id='word_1_369' title='bbox 896 4103 999 4156; x_wconf 77' lang='grc' dir='ltr'>οὐκ</span> <span class='ocrx_word' id='word_1_370' title='bbox 1024 4101 1139 4154; x_wconf 80' lang='grc' dir='ltr'>ἐστι</span> <span class='ocrx_word' id='word_1_371' title='bbox 1164 4099 1235 4153; x_wconf 79' lang='grc' dir='ltr'>τὰ</span> <span class='ocrx_word' id='word_1_372' title='bbox 1261 4098 1402 4152; x_wconf 86' lang='grc' dir='ltr'>ὅπλα</span> <span class='ocrx_word' id='word_1_373' title='bbox 1442 4096 1778 4150; x_wconf 86' lang='grc' dir='ltr'>καταθέσθαι</span> 
     </span>
    </p>
   </div>
   <div class='ocr_carea' id='block_1_44' title="bbox 124 4187 1778 4264">
    <p class='ocr_par' dir='ltr' id='par_1_44' title="bbox 124 4187 1778 4264">
     <span class='ocr_line' id='line_1_44' title="bbox 124 4187 1778 4264; baseline -0.004 -20"><span class='ocrx_word' id='word_1_374' title='bbox 124 4192 243 4257; x_wconf 82' lang='grc' dir='ltr'>ποτὲ,</span> <span class='ocrx_word' id='word_1_375' title='bbox 269 4197 364 4249; x_wconf 81' lang='grc' dir='ltr'>οὐκ</span> <span class='ocrx_word' id='word_1_376' title='bbox 394 4196 546 4250; x_wconf 79' lang='grc' dir='ltr'>ἐστιν</span> <span class='ocrx_word' id='word_1_377' title='bbox 582 4193 750 4247; x_wconf 79' lang='grc' dir='ltr'>ὕπνον</span> <span class='ocrx_word' id='word_1_378' title='bbox 783 4190 1022 4264; x_wconf 78' lang='grc' dir='ltr'>ἄρασθαι</span> <span class='ocrx_word' id='word_1_379' title='bbox 1064 4191 1153 4243; x_wconf 90' lang='grc' dir='ltr'>τὸν</span> <span class='ocrx_word' id='word_1_380' title='bbox 1183 4188 1509 4259; x_wconf 84' lang='grc' dir='ltr'>βουλόμενον</span> <span class='ocrx_word' id='word_1_381' title='bbox 1534 4187 1778 4258; x_wconf 75' lang='grc' dir='ltr'>ἄτρωτον</span> 
     </span>
    </p>
   </div>
   <div class='ocr_carea' id='block_1_45' title="bbox 124 4275 1778 4351">
    <p class='ocr_par' dir='ltr' id='par_1_45' title="bbox 124 4275 1778 4351">
     <span class='ocr_line' id='line_1_45' title="bbox 124 4275 1778 4351; baseline -0.005 -17"><span class='ocrx_word' id='word_1_382' title='bbox 124 4280 271 4346; x_wconf 77' lang='grc' dir='ltr'>μένειν</span> <span class='ocrx_word' id='word_1_383' title='bbox 301 4284 618 4348; x_wconf 84' lang='grc' dir='ltr'>διαπαντός.</span> <span class='ocrx_word' id='word_1_384' title='bbox 650 4282 893 4351; x_wconf 81' lang='grc' dir='ltr'>Ἀνάγκη</span> <span class='ocrx_word' id='word_1_385' title='bbox 915 4279 1024 4351; x_wconf 85' lang='grc' dir='ltr'>γὰρ</span> <span class='ocrx_word' id='word_1_386' title='bbox 1061 4278 1209 4332; x_wconf 88' lang='grc' dir='ltr'>δυοῖν</span> <span class='ocrx_word' id='word_1_387' title='bbox 1247 4275 1497 4346; x_wconf 85' lang='grc' dir='ltr'>θάτερον,</span> <span class='ocrx_word' id='word_1_388' title='bbox 1533 4275 1565 4345; x_wconf 80' lang='grc' dir='ltr'>ἢ</span> <span class='ocrx_word' id='word_1_389' title='bbox 1592 4275 1778 4328; x_wconf 83' lang='grc' dir='ltr'>πεσεῖν</span> 
     </span>
    </p>
   </div>
   <div class='ocr_carea' id='block_1_46' title="bbox 166 4434 1778 4506">
    <p class='ocr_par' dir='ltr' id='par_1_46' title="bbox 166 4434 1778 4506">
     <span class='ocr_line' id='line_1_46' title="bbox 166 4434 1778 4506; baseline -0.005 -16"><span class='ocrx_word' id='word_1_390' title='bbox 166 4442 188 4469; x_wconf 80' lang='grc'><strong>⁸</strong></span> <span class='ocrx_word' id='word_1_391' title='bbox 206 4441 346 4494; x_wconf 71' lang='lat' dir='ltr'><strong>Sari].</strong></span> <span class='ocrx_word' id='word_1_392' title='bbox 386 4452 436 4496; x_wconf 88' lang='lat' dir='ltr'>et</span> <span class='ocrx_word' id='word_1_393' title='bbox 478 4446 678 4506; x_wconf 84' lang='lat' dir='ltr'><strong>aliquot</strong></span> <span class='ocrx_word' id='word_1_394' title='bbox 712 4457 836 4506; x_wconf 57' lang='lat' dir='ltr'><strong>mss,</strong></span> <span class='ocrx_word' id='word_1_395' title='bbox 853 4439 1185 4506; x_wconf 16' lang='grc' dir='ltr'>παίδωνγτινά,</span> <span class='ocrx_word' id='word_1_396' title='bbox 1213 4437 1387 4487; x_wconf 82' lang='lat' dir='ltr'>Morel.</span> <span class='ocrx_word' id='word_1_397' title='bbox 1413 4443 1466 4485; x_wconf 93' lang='lat' dir='ltr'>et</span> <span class='ocrx_word' id='word_1_398' title='bbox 1490 4436 1570 4485; x_wconf 78' lang='lat' dir='ltr'><strong>alii</strong></span> <span class='ocrx_word' id='word_1_399' title='bbox 1594 4434 1778 4483; x_wconf 86' lang='grc' dir='ltr'>παίδων</span> 
     </span>
    </p>
   </div>
   <div class='ocr_carea' id='block_1_47' title="bbox 119 4504 1168 4565">
    <p class='ocr_par' dir='ltr' id='par_1_47' title="bbox 119 4504 1168 4565">
     <span class='ocr_line' id='line_1_47' title="bbox 119 4504 1168 4565; baseline -0.007 -10"><span class='ocrx_word' id='word_1_400' title='bbox 119 4507 247 4565; x_wconf 72' lang='grc' dir='ltr'>τινῶν.</span> <span class='ocrx_word' id='word_1_401' title='bbox 274 4506 459 4556; x_wconf 85' lang='lat' dir='ltr'><strong>Ibidem</strong></span> <span class='ocrx_word' id='word_1_402' title='bbox 488 4504 620 4556; x_wconf 80' lang='lat' dir='ltr'><strong>unus</strong></span> <span class='ocrx_word' id='word_1_403' title='bbox 645 4508 726 4554; x_wconf 86' lang='grc' dir='ltr'>καὶ</span> <span class='ocrx_word' id='word_1_404' title='bbox 751 4505 948 4565; x_wconf 83' lang='grc' dir='ltr'>παίγνια</span> <span class='ocrx_word' id='word_1_405' title='bbox 972 4504 1168 4565; x_wconf 81' lang='grc' dir='ltr'>μᾶλλον.</span> 
     </span>
    </p>
   </div>
   <div class='ocr_carea' id='block_1_48' title="bbox 163 4564 1178 4631">
    <p class='ocr_par' dir='ltr' id='par_1_48' title="bbox 163 4564 1178 4631">
     <span class='ocr_line' id='line_1_48' title="bbox 163 4564 1178 4631; baseline -0.006 -16"><span class='ocrx_word' id='word_1_406' title='bbox 163 4564 345 4631; x_wconf 41' lang='grc' dir='ltr'>θεαί-ιι.</span> <span class='ocrx_word' id='word_1_407' title='bbox 372 4577 424 4617; x_wconf 88' lang='lat' dir='ltr'>et</span> <span class='ocrx_word' id='word_1_408' title='bbox 442 4571 529 4619; x_wconf 85' lang='lat' dir='ltr'><strong>alii</strong></span> <span class='ocrx_word' id='word_1_409' title='bbox 554 4570 762 4631; x_wconf 85' lang='grc' dir='ltr'>δέχεται,</span> <span class='ocrx_word' id='word_1_410' title='bbox 785 4564 956 4615; x_wconf 72' lang='grc' dir='ltr'>Μστθι.</span> <span class='ocrx_word' id='word_1_411' title='bbox 976 4564 1178 4620; x_wconf 82' lang='grc' dir='ltr'>δέξεται.</span> 
     </span>
    </p>
   </div>
   <div class='ocr_carea' id='block_1_49' title="bbox 166 4629 512 4689">
    <p class='ocr_par' dir='ltr' id='par_1_49' title="bbox 166 4629 512 4689">
     <span class='ocr_line' id='line_1_49' title="bbox 166 4629 512 4689; baseline 0.006 -12"><span class='ocrx_word' id='word_1_412' title='bbox 166 4629 187 4689; x_wconf 72' lang='lat'>°_</span> <span class='ocrx_word' id='word_1_413' title='bbox 212 4630 300 4678; x_wconf 77' lang='lat' dir='ltr'><strong>Alii</strong></span> <span class='ocrx_word' id='word_1_414' title='bbox 318 4632 512 4689; x_wconf 84' lang='grc' dir='ltr'>ταύτης.</span> 
     </span>
    </p>
   </div>
   <div class='ocr_carea' id='block_1_50' title="bbox 164 4686 604 4751">
    <p class='ocr_par' dir='ltr' id='par_1_50' title="bbox 164 4686 604 4751">
     <span class='ocr_line' id='line_1_50' title="bbox 164 4686 604 4751; baseline 0 -13"><span class='ocrx_word' id='word_1_415' title='bbox 164 4686 188 4726; x_wconf 74' lang='grc' dir='ltr'><em>ά</em></span> <span class='ocrx_word' id='word_1_416' title='bbox 216 4690 304 4740; x_wconf 77' lang='lat' dir='ltr'><strong>Alii</strong></span> <span class='ocrx_word' id='word_1_417' title='bbox 329 4686 604 4751; x_wconf 79' lang='grc' dir='ltr'>δυνήσεται.</span> 
     </span>
    </p>
   </div>
   <div class='ocr_carea' id='block_1_51' title="bbox 168 4752 646 4817">
    <p class='ocr_par' dir='ltr' id='par_1_51' title="bbox 168 4752 646 4817">
     <span class='ocr_line' id='line_1_51' title="bbox 168 4752 646 4817; baseline 0.002 -17"><span class='ocrx_word' id='word_1_418' title='bbox 168 4752 294 4817; x_wconf 54' lang='lat' dir='ltr'><strong>{Alii</strong></span> <span class='ocrx_word' id='word_1_419' title='bbox 317 4753 364 4802; x_wconf 83' lang='grc' dir='ltr'>ἐν</span> <span class='ocrx_word' id='word_1_420' title='bbox 380 4761 440 4817; x_wconf 77' lang='grc' dir='ltr'>τῇ</span> <span class='ocrx_word' id='word_1_421' title='bbox 462 4753 646 4817; x_wconf 84' lang='grc' dir='ltr'>παραϐ.</span> 
     </span>
    </p>
   </div>
   <div class='ocr_carea' id='block_1_52' title="bbox 168 4771 1433 4872">
    <p class='ocr_par' dir='ltr' id='par_1_52' title="bbox 168 4771 1433 4872">
     <span class='ocr_line' id='line_1_52' title="bbox 168 4771 1433 4872; baseline -0.005 -8"><span class='ocrx_word' id='word_1_422' title='bbox 168 4771 304 4864; x_wconf 58' lang='grc' dir='ltr'>ί</span> <span class='ocrx_word' id='word_1_423' title='bbox 317 4771 944 4871; x_wconf 48' lang='grc' dir='ltr'>εέῑτὲεῗῇῗαὲαναπνεῦσαι,</span> <span class='ocrx_word' id='word_1_424' title='bbox 976 4817 1028 4861; x_wconf 85' lang='lat' dir='ltr'><strong>el</strong></span> <span class='ocrx_word' id='word_1_425' title='bbox 1051 4821 1162 4859; x_wconf 81' lang='lat' dir='ltr'><strong>mox</strong></span> <span class='ocrx_word' id='word_1_426' title='bbox 1184 4809 1433 4872; x_wconf 68' lang='grc' dir='ltr'>ἀναψῦξαι.</span> 
     </span>
    </p>
   </div>
   <div class='ocr_carea' id='block_1_53' title="bbox 3453 364 3563 419">
    <p class='ocr_par' dir='ltr' id='par_1_53' title="bbox 3453 364 3563 419">
     <span class='ocr_line' id='line_1_53' title="bbox 3453 364 3563 419; baseline 0.018 -2"><span class='ocrx_word' id='word_1_427' title='bbox 3453 364 3563 419; x_wconf 78' lang='grc'>692</span> 
     </span>
    </p>
   </div>
   <div class='ocr_carea' id='block_1_54' title="bbox 1871 472 3565 551">
    <p class='ocr_par' dir='ltr' id='par_1_54' title="bbox 1871 472 3565 551">
     <span class='ocr_line' id='line_1_54' title="bbox 1871 472 3565 551; baseline 0.002 -22"><span class='ocrx_word' id='word_1_428' title='bbox 1871 475 1966 529; x_wconf 77' lang='grc' dir='ltr'>καὶ</span> <span class='ocrx_word' id='word_1_429' title='bbox 1996 473 2294 529; x_wconf 84' lang='grc' dir='ltr'>ἀπολέσθαι</span> <span class='ocrx_word' id='word_1_430' title='bbox 2335 472 2726 545; x_wconf 85' lang='grc' dir='ltr'>γυμνωθέντα,</span> <span class='ocrx_word' id='word_1_431' title='bbox 2762 474 2795 547; x_wconf 81' lang='grc' dir='ltr'>ἢ</span> <span class='ocrx_word' id='word_1_432' title='bbox 2825 475 2914 530; x_wconf 80' lang='grc' dir='ltr'>διά</span> <span class='ocrx_word' id='word_1_433' title='bbox 2946 479 3149 544; x_wconf 80' lang='grc' dir='ltr'>παντὸς</span> <span class='ocrx_word' id='word_1_434' title='bbox 3173 478 3565 551; x_wconf 74' lang='grc' dir='ltr'>καθωπλισμὲο</span> 
     </span>
    </p>
   </div>
   <div class='ocr_carea' id='block_1_55' title="bbox 1871 561 3564 641">
    <p class='ocr_par' dir='ltr' id='par_1_55' title="bbox 1871 561 3564 641">
     <span class='ocr_line' id='line_1_55' title="bbox 1871 561 3564 641; baseline 0.002 -22"><span class='ocrx_word' id='word_1_435' title='bbox 1871 583 1960 620; x_wconf 90' lang='grc' dir='ltr'>νον</span> <span class='ocrx_word' id='word_1_436' title='bbox 1993 563 2206 618; x_wconf 89' lang='grc' dir='ltr'>ἐστῶτα</span> <span class='ocrx_word' id='word_1_437' title='bbox 2238 563 2266 605; x_wconf 74' lang='grc'><strong>⁸</strong></span> <span class='ocrx_word' id='word_1_438' title='bbox 2304 562 2399 616; x_wconf 78' lang='grc' dir='ltr'>καὶ</span> <span class='ocrx_word' id='word_1_439' title='bbox 2452 563 2795 635; x_wconf 80' lang='grc' dir='ltr'>ἐγρηγορότα</span> <span class='ocrx_word' id='word_1_440' title='bbox 2846 561 3008 622; x_wconf 83' lang='grc' dir='ltr'>εἶναι.</span> <span class='ocrx_word' id='word_1_441' title='bbox 3048 569 3160 622; x_wconf 82' lang='grc' dir='ltr'>Καὶ</span> <span class='ocrx_word' id='word_1_442' title='bbox 3190 568 3302 641; x_wconf 70' lang='grc' dir='ltr'>γὰρ</span> <span class='ocrx_word' id='word_1_443' title='bbox 3354 569 3564 633; x_wconf 87' lang='grc' dir='ltr'>ἐκεῖνος</span> 
     </span>
    </p>
   </div>
   <div class='ocr_carea' id='block_1_56' title="bbox 1870 651 3564 728">
    <p class='ocr_par' dir='ltr' id='par_1_56' title="bbox 1870 651 3564 728">
     <span class='ocr_line' id='line_1_56' title="bbox 1870 651 3564 728; baseline 0.004 -23"><span class='ocrx_word' id='word_1_444' title='bbox 1870 652 2163 716; x_wconf 81' lang='grc' dir='ltr'>διαπαντὸς</span> <span class='ocrx_word' id='word_1_445' title='bbox 2218 651 2418 722; x_wconf 81' lang='grc' dir='ltr'>ἐστηκε</span> <span class='ocrx_word' id='word_1_446' title='bbox 2466 651 2608 723; x_wconf 85' lang='grc' dir='ltr'>μετά</span> <span class='ocrx_word' id='word_1_447' title='bbox 2660 653 2760 725; x_wconf 82' lang='grc' dir='ltr'>τῆς</span> <span class='ocrx_word' id='word_1_448' title='bbox 2811 653 2978 708; x_wconf 72' lang='grc' dir='ltr'>αὑτοῦ</span> <span class='ocrx_word' id='word_1_449' title='bbox 3038 656 3433 728; x_wconf 82' lang='grc' dir='ltr'>παρατάξεως,</span> <span class='ocrx_word' id='word_1_450' title='bbox 3463 657 3564 722; x_wconf 87' lang='grc' dir='ltr'>τὰς</span> 
     </span>
    </p>
   </div>
   <div class='ocr_carea' id='block_1_57' title="bbox 1870 739 3562 818">
    <p class='ocr_par' dir='ltr' id='par_1_57' title="bbox 1870 739 3562 818">
     <span class='ocr_line' id='line_1_57' title="bbox 1870 739 3562 818; baseline 0.004 -25"><span class='ocrx_word' id='word_1_451' title='bbox 1870 740 2150 813; x_wconf 86' lang='grc' dir='ltr'>ἡμετέρας</span> <span class='ocrx_word' id='word_1_452' title='bbox 2201 739 2472 811; x_wconf 75' lang='grc' dir='ltr'>ῥᾳθυμίας</span> <span class='ocrx_word' id='word_1_453' title='bbox 2521 739 2859 813; x_wconf 82' lang='grc' dir='ltr'>παρατηρῶν</span> <span class='ocrx_word' id='word_1_454' title='bbox 2885 782 2900 806; x_wconf 89' lang='grc'>,</span> <span class='ocrx_word' id='word_1_455' title='bbox 2940 741 3165 799; x_wconf 86' lang='grc' dir='ltr'>πλείονά</span> <span class='ocrx_word' id='word_1_456' title='bbox 3200 763 3261 799; x_wconf 88' lang='grc' dir='ltr'>τε</span> <span class='ocrx_word' id='word_1_457' title='bbox 3292 746 3562 818; x_wconf 81' lang='grc' dir='ltr'>εἰσφέρων</span> 
     </span>
    </p>
   </div>
   <div class='ocr_carea' id='block_1_58' title="bbox 1874 832 3565 908">
    <p class='ocr_par' dir='ltr' id='par_1_58' title="bbox 1874 832 3565 908">
     <span class='ocr_line' id='line_1_58' title="bbox 1874 832 3565 908; baseline 0.003 -22"><span class='ocrx_word' id='word_1_458' title='bbox 1874 832 2111 904; x_wconf 85' lang='grc' dir='ltr'>σπουδὴν</span> <span class='ocrx_word' id='word_1_459' title='bbox 2142 835 2218 896; x_wconf 84' lang='grc' dir='ltr'>είς</span> <span class='ocrx_word' id='word_1_460' title='bbox 2260 832 2360 904; x_wconf 87' lang='grc' dir='ltr'>τὴν</span> <span class='ocrx_word' id='word_1_461' title='bbox 2388 832 2668 904; x_wconf 82' lang='grc' dir='ltr'>ἡμετέραν</span> <span class='ocrx_word' id='word_1_462' title='bbox 2714 832 2993 889; x_wconf 85' lang='grc' dir='ltr'>ἀπώλειαν</span> <span class='ocrx_word' id='word_1_463' title='bbox 3015 877 3029 900; x_wconf 95' lang='grc'>,</span> <span class='ocrx_word' id='word_1_464' title='bbox 3060 834 3093 907; x_wconf 81' lang='grc' dir='ltr'>ἢ</span> <span class='ocrx_word' id='word_1_465' title='bbox 3139 837 3220 901; x_wconf 84' lang='grc' dir='ltr'>είς</span> <span class='ocrx_word' id='word_1_466' title='bbox 3254 835 3352 908; x_wconf 81' lang='grc' dir='ltr'>τὴν</span> <span class='ocrx_word' id='word_1_467' title='bbox 3384 854 3565 907; x_wconf 84' lang='grc' dir='ltr'>σωτη-</span> 
     </span>
    </p>
   </div>
   <div class='ocr_carea' id='block_1_59' title="bbox 1878 920 3562 994">
    <p class='ocr_par' dir='ltr' id='par_1_59' title="bbox 1878 920 3562 994">
     <span class='ocr_line' id='line_1_59' title="bbox 1878 920 3562 994; baseline 0.002 -19"><span class='ocrx_word' id='word_1_468' title='bbox 1878 923 1997 993; x_wconf 92' lang='grc' dir='ltr'>ρίαν</span> <span class='ocrx_word' id='word_1_469' title='bbox 2026 923 2189 992; x_wconf 82' lang='grc' dir='ltr'>ἡμεῖς</span> <span class='ocrx_word' id='word_1_470' title='bbox 2235 920 2335 991; x_wconf 88' lang='grc' dir='ltr'>τὴν</span> <span class='ocrx_word' id='word_1_471' title='bbox 2383 920 2617 974; x_wconf 77' lang='grc' dir='ltr'>ἑαυτῶν.</span> <span class='ocrx_word' id='word_1_472' title='bbox 2647 922 2758 974; x_wconf 76' lang='grc' dir='ltr'>Καὶ</span> <span class='ocrx_word' id='word_1_473' title='bbox 2789 921 2851 975; x_wconf 82' lang='grc' dir='ltr'>τὸ</span> <span class='ocrx_word' id='word_1_474' title='bbox 2896 923 2972 994; x_wconf 84' lang='grc' dir='ltr'>μὴ</span> <span class='ocrx_word' id='word_1_475' title='bbox 3016 923 3249 993; x_wconf 77' lang='grc' dir='ltr'>ὁρᾶσθαι</span> <span class='ocrx_word' id='word_1_476' title='bbox 3290 924 3349 979; x_wconf 86' lang='grc' dir='ltr'>δέ</span> <span class='ocrx_word' id='word_1_477' title='bbox 3397 925 3562 979; x_wconf 82' lang='grc' dir='ltr'>αὐτὸν</span> 
     </span>
    </p>
   </div>
   <div class='ocr_carea' id='block_1_60' title="bbox 1874 1006 3563 1083">
    <p class='ocr_par' dir='ltr' id='par_1_60' title="bbox 1874 1006 3563 1083">
     <span class='ocr_line' id='line_1_60' title="bbox 1874 1006 3563 1083; baseline 0.003 -20"><span class='ocrx_word' id='word_1_478' title='bbox 1874 1010 1964 1080; x_wconf 83' lang='grc' dir='ltr'>ὑφ’</span> <span class='ocrx_word' id='word_1_479' title='bbox 1989 1008 2169 1081; x_wconf 87' lang='grc' dir='ltr'>ἡμῶν,</span> <span class='ocrx_word' id='word_1_480' title='bbox 2198 1008 2292 1062; x_wconf 75' lang='grc' dir='ltr'>καὶ</span> <span class='ocrx_word' id='word_1_481' title='bbox 2327 1008 2390 1061; x_wconf 82' lang='grc' dir='ltr'>τὸ</span> <span class='ocrx_word' id='word_1_482' title='bbox 2431 1006 2693 1080; x_wconf 78' lang='grc' dir='ltr'>ἐξαπίνης</span> <span class='ocrx_word' id='word_1_483' title='bbox 2720 1009 3062 1065; x_wconf 79' lang='grc' dir='ltr'>ἐπιτίθεσθαι</span> <span class='ocrx_word' id='word_1_484' title='bbox 3096 1012 3154 1083; x_wconf 80' lang='grc' dir='ltr'>(ἀ</span> <span class='ocrx_word' id='word_1_485' title='bbox 3186 1012 3422 1083; x_wconf 86' lang='grc' dir='ltr'>μάλιστα</span> <span class='ocrx_word' id='word_1_486' title='bbox 3452 1012 3563 1069; x_wconf 86' lang='grc' dir='ltr'>τῶν</span> 
     </span>
    </p>
   </div>
   <div class='ocr_carea' id='block_1_61' title="bbox 1877 1097 3564 1173">
    <p class='ocr_par' dir='ltr' id='par_1_61' title="bbox 1877 1097 3564 1173">
     <span class='ocr_line' id='line_1_61' title="bbox 1877 1097 3564 1173; baseline 0.003 -22"><span class='ocrx_word' id='word_1_487' title='bbox 1877 1099 2087 1171; x_wconf 85' lang='grc' dir='ltr'>μυρίων</span> <span class='ocrx_word' id='word_1_488' title='bbox 2113 1099 2259 1151; x_wconf 76' lang='grc' dir='ltr'>ἐστὶν</span> <span class='ocrx_word' id='word_1_489' title='bbox 2287 1097 2438 1151; x_wconf 83' lang='grc' dir='ltr'>αἴτια</span> <span class='ocrx_word' id='word_1_490' title='bbox 2472 1097 2678 1168; x_wconf 85' lang='grc' dir='ltr'>κακῶν)</span> <span class='ocrx_word' id='word_1_491' title='bbox 2712 1101 2823 1162; x_wconf 88' lang='grc' dir='ltr'>τοῖς</span> <span class='ocrx_word' id='word_1_492' title='bbox 2849 1100 2948 1152; x_wconf 78' lang='grc' dir='ltr'>οὐκ</span> <span class='ocrx_word' id='word_1_493' title='bbox 2978 1101 3311 1173; x_wconf 85' lang='grc' dir='ltr'>ἐγρηγορόσι</span> <span class='ocrx_word' id='word_1_494' title='bbox 3337 1103 3564 1157; x_wconf 84' lang='grc' dir='ltr'>διαπαν-</span> 
     </span>
    </p>
   </div>
   <div class='ocr_carea' id='block_1_62' title="bbox 1872 1184 3563 1257">
    <p class='ocr_par' dir='ltr' id='par_1_62' title="bbox 1872 1184 3563 1257">
     <span class='ocr_line' id='line_1_62' title="bbox 1872 1184 3563 1257; baseline 0.003 -18"><span class='ocrx_word' id='word_1_495' title='bbox 1872 1187 1964 1251; x_wconf 73' lang='grc' dir='ltr'>τὸς</span> <span class='ocrx_word' id='word_1_496' title='bbox 1992 1187 2126 1240; x_wconf 80' lang='grc' dir='ltr'>πολὺ</span> <span class='ocrx_word' id='word_1_497' title='bbox 2157 1185 2348 1240; x_wconf 86' lang='grc' dir='ltr'>τοῦτον</span> <span class='ocrx_word' id='word_1_498' title='bbox 2382 1184 2735 1257; x_wconf 83' lang='grc' dir='ltr'>ἀπορώτερον</span> <span class='ocrx_word' id='word_1_499' title='bbox 2759 1186 2968 1241; x_wconf 89' lang='grc' dir='ltr'>ἐκείνου</span> <span class='ocrx_word' id='word_1_500' title='bbox 3009 1188 3253 1241; x_wconf 88' lang='grc' dir='ltr'>δείκνυσι</span> <span class='ocrx_word' id='word_1_501' title='bbox 3282 1190 3373 1243; x_wconf 80' lang='grc' dir='ltr'>τὸν</span> <span class='ocrx_word' id='word_1_502' title='bbox 3400 1190 3563 1244; x_wconf 82' lang='grc' dir='ltr'>πόλε-</span> 
     </span>
    </p>
   </div>
   <div class='ocr_carea' id='block_1_63' title="bbox 1878 1270 3565 1349">
    <p class='ocr_par' dir='ltr' id='par_1_63' title="bbox 1878 1270 3565 1349">
     <span class='ocr_line' id='line_1_63' title="bbox 1878 1270 3565 1349; baseline 0.003 -23"><span class='ocrx_word' id='word_1_503' title='bbox 1878 1292 1997 1347; x_wconf 86' lang='grc' dir='ltr'>μον.</span> <span class='ocrx_word' id='word_1_504' title='bbox 2022 1274 2293 1329; x_wconf 83' lang='grc' dir='ltr'>Ἐνταῦθα</span> <span class='ocrx_word' id='word_1_505' title='bbox 2339 1270 2433 1328; x_wconf 84' lang='grc' dir='ltr'>οῦν</span> <span class='ocrx_word' id='word_1_506' title='bbox 2476 1276 2626 1346; x_wconf 85' lang='grc' dir='ltr'>ἡμᾶς</span> <span class='ocrx_word' id='word_1_507' title='bbox 2660 1274 2852 1345; x_wconf 81' lang='grc' dir='ltr'>ήθελες</span> <span class='ocrx_word' id='word_1_508' title='bbox 2898 1279 3226 1348; x_wconf 88' lang='grc' dir='ltr'>στρατηγεῖν</span> <span class='ocrx_word' id='word_1_509' title='bbox 3254 1280 3367 1342; x_wconf 89' lang='grc' dir='ltr'>τοῖς</span> <span class='ocrx_word' id='word_1_510' title='bbox 3394 1295 3565 1349; x_wconf 90' lang='grc' dir='ltr'>στρα-</span> 
     </span>
    </p>
   </div>
   <div class='ocr_carea' id='block_1_64' title="bbox 1870 1360 3565 1438">
    <p class='ocr_par' dir='ltr' id='par_1_64' title="bbox 1870 1360 3565 1438">
     <span class='ocr_line' id='line_1_64' title="bbox 1870 1360 3565 1438; baseline 0.001 -19"><span class='ocrx_word' id='word_1_511' title='bbox 1870 1363 2096 1428; x_wconf 84' lang='grc' dir='ltr'>τιώταις</span> <span class='ocrx_word' id='word_1_512' title='bbox 2125 1363 2221 1417; x_wconf 87' lang='grc' dir='ltr'>τοῦ</span> <span class='ocrx_word' id='word_1_513' title='bbox 2245 1363 2519 1436; x_wconf 86' lang='grc' dir='ltr'>Χριστοῦ;</span> <span class='ocrx_word' id='word_1_514' title='bbox 2557 1360 2722 1415; x_wconf 82' lang='grc' dir='ltr'>Ἀλλὰ</span> <span class='ocrx_word' id='word_1_515' title='bbox 2754 1362 2832 1434; x_wconf 87' lang='grc' dir='ltr'>τῷ</span> <span class='ocrx_word' id='word_1_516' title='bbox 2860 1363 3094 1434; x_wconf 88' lang='grc' dir='ltr'>διαϐόλῳ</span> <span class='ocrx_word' id='word_1_517' title='bbox 3123 1364 3282 1419; x_wconf 88' lang='grc' dir='ltr'>τοῦτο</span> <span class='ocrx_word' id='word_1_518' title='bbox 3302 1362 3370 1438; x_wconf 81' lang='grc' dir='ltr'>ἦν</span> <span class='ocrx_word' id='word_1_519' title='bbox 3400 1384 3565 1438; x_wconf 89' lang='grc' dir='ltr'>στρα-</span> 
     </span>
    </p>
   </div>
   <div class='ocr_carea' id='block_1_65' title="bbox 1872 1452 3566 1526">
    <p class='ocr_par' dir='ltr' id='par_1_65' title="bbox 1872 1452 3566 1526">
     <span class='ocr_line' id='line_1_65' title="bbox 1872 1452 3566 1526; baseline 0.001 -20"><span class='ocrx_word' id='word_1_520' title='bbox 1872 1458 2079 1525; x_wconf 87' lang='grc' dir='ltr'>τηγεῖν.</span> <span class='ocrx_word' id='word_1_521' title='bbox 2130 1454 2299 1507; x_wconf 88' lang='grc' dir='ltr'>Ὅταν</span> <span class='ocrx_word' id='word_1_522' title='bbox 2349 1452 2456 1526; x_wconf 83' lang='grc' dir='ltr'>γὰρ</span> <span class='ocrx_word' id='word_1_523' title='bbox 2511 1453 2541 1505; x_wconf 87' lang='grc' dir='ltr'>ὁ</span> <span class='ocrx_word' id='word_1_524' title='bbox 2577 1452 2886 1506; x_wconf 86' lang='grc' dir='ltr'>διατάττειν</span> <span class='ocrx_word' id='word_1_525' title='bbox 2937 1455 3032 1507; x_wconf 76' lang='grc' dir='ltr'>καὶ</span> <span class='ocrx_word' id='word_1_526' title='bbox 3067 1454 3383 1526; x_wconf 85' lang='grc' dir='ltr'>διακοσμεῖν</span> <span class='ocrx_word' id='word_1_527' title='bbox 3436 1456 3566 1519; x_wconf 79' lang='grc' dir='ltr'>τοὺς</span> 
     </span>
    </p>
   </div>
   <div class='ocr_carea' id='block_1_66' title="bbox 1872 1542 3565 1614">
    <p class='ocr_par' dir='ltr' id='par_1_66' title="bbox 1872 1542 3565 1614">
     <span class='ocr_line' id='line_1_66' title="bbox 1872 1542 3565 1614; baseline 0 -17"><span class='ocrx_word' id='word_1_528' title='bbox 1872 1543 2096 1608; x_wconf 77' lang='grc' dir='ltr'>λοιποὺς</span> <span class='ocrx_word' id='word_1_529' title='bbox 2119 1542 2375 1611; x_wconf 85' lang='grc' dir='ltr'>ὀφείλων,</span> <span class='ocrx_word' id='word_1_530' title='bbox 2410 1542 2629 1596; x_wconf 88' lang='grc' dir='ltr'>πάντων</span> <span class='ocrx_word' id='word_1_531' title='bbox 2658 1542 3020 1614; x_wconf 87' lang='grc' dir='ltr'>ἀπειρότατος</span> <span class='ocrx_word' id='word_1_532' title='bbox 3049 1546 3144 1598; x_wconf 68' lang='grc' dir='ltr'>καὶ</span> <span class='ocrx_word' id='word_1_533' title='bbox 3168 1545 3565 1604; x_wconf 71' lang='grc' dir='ltr'>ἀσθενέστατος</span> 
     </span>
    </p>
   </div>
   <div class='ocr_carea' id='block_1_67' title="bbox 1871 1629 3565 1707">
    <p class='ocr_par' dir='ltr' id='par_1_67' title="bbox 1871 1629 3565 1707">
     <span class='ocr_line' id='line_1_67' title="bbox 1871 1629 3565 1707; baseline -0.002 -22"><span class='ocrx_word' id='word_1_534' title='bbox 1871 1629 1938 1707; x_wconf 82' lang='grc' dir='ltr'>ᾖ,</span> <span class='ocrx_word' id='word_1_535' title='bbox 1974 1634 2209 1705; x_wconf 79' lang='grc' dir='ltr'>προδοὺς</span> <span class='ocrx_word' id='word_1_536' title='bbox 2250 1630 2356 1684; x_wconf 75' lang='grc' dir='ltr'>ὑπὸ</span> <span class='ocrx_word' id='word_1_537' title='bbox 2403 1630 2504 1699; x_wconf 79' lang='grc' dir='ltr'>τῆς</span> <span class='ocrx_word' id='word_1_538' title='bbox 2550 1630 2809 1699; x_wconf 82' lang='grc' dir='ltr'>ἀπειρίας</span> <span class='ocrx_word' id='word_1_539' title='bbox 2858 1632 2984 1691; x_wconf 70' lang='grc' dir='ltr'>τοὺς</span> <span class='ocrx_word' id='word_1_540' title='bbox 3031 1634 3457 1695; x_wconf 84' lang='grc' dir='ltr'>πιστευθέντας,</span> <span class='ocrx_word' id='word_1_541' title='bbox 3489 1634 3565 1686; x_wconf 83' lang='grc' dir='ltr'>τῶ</span> 
     </span>
    </p>
   </div>
   <div class='ocr_carea' id='block_1_68' title="bbox 1875 1719 3563 1792">
    <p class='ocr_par' dir='ltr' id='par_1_68' title="bbox 1875 1719 3563 1792">
     <span class='ocr_line' id='line_1_68' title="bbox 1875 1719 3563 1792; baseline -0.001 -17"><span class='ocrx_word' id='word_1_542' title='bbox 1875 1721 2108 1792; x_wconf 89' lang='grc' dir='ltr'>διαϐόλῳ</span> <span class='ocrx_word' id='word_1_543' title='bbox 2162 1720 2361 1790; x_wconf 84' lang='grc' dir='ltr'>μᾶλλον</span> <span class='ocrx_word' id='word_1_544' title='bbox 2414 1719 2822 1792; x_wconf 83' lang='grc' dir='ltr'>ἐστρατήγησεν</span> <span class='ocrx_word' id='word_1_545' title='bbox 2866 1719 3007 1791; x_wconf 81' lang='grc' dir='ltr'>ἢτῷ</span> <span class='ocrx_word' id='word_1_546' title='bbox 3050 1720 3293 1792; x_wconf 71' lang='grc' dir='ltr'>Χριστῷ.</span> <span class='ocrx_word' id='word_1_547' title='bbox 3328 1720 3484 1774; x_wconf 63' lang='grc' dir='ltr'>Ἀλλά</span> <span class='ocrx_word' id='word_1_548' title='bbox 3513 1728 3563 1774; x_wconf 78' lang='grc' dir='ltr'>τί</span> 
     </span>
    </p>
   </div>
   <div class='ocr_carea' id='block_1_69' title="bbox 1878 1805 3565 1879">
    <p class='ocr_par' dir='ltr' id='par_1_69' title="bbox 1878 1805 3565 1879">
     <span class='ocr_line' id='line_1_69' title="bbox 1878 1805 3565 1879; baseline -0.002 -15"><span class='ocrx_word' id='word_1_549' title='bbox 1878 1810 2086 1873; x_wconf 85' lang='grc' dir='ltr'>στένεις</span> <span class='ocrx_word' id='word_1_550' title='bbox 2109 1851 2122 1873; x_wconf 95' lang='grc'>,</span> <span class='ocrx_word' id='word_1_551' title='bbox 2158 1809 2212 1861; x_wconf 89' lang='grc' dir='ltr'>τί</span> <span class='ocrx_word' id='word_1_552' title='bbox 2245 1805 2503 1878; x_wconf 79' lang='grc' dir='ltr'>δακρύεις</span> <span class='ocrx_word' id='word_1_553' title='bbox 2527 1822 2542 1871; x_wconf 90' lang='grc'>;</span> <span class='ocrx_word' id='word_1_554' title='bbox 2569 1807 2630 1859; x_wconf 87' lang='grc' dir='ltr'>ού</span> <span class='ocrx_word' id='word_1_555' title='bbox 2657 1807 2765 1879; x_wconf 85' lang='grc' dir='ltr'>γὰρ</span> <span class='ocrx_word' id='word_1_556' title='bbox 2800 1806 3015 1877; x_wconf 86' lang='grc' dir='ltr'>θρήνων</span> <span class='ocrx_word' id='word_1_557' title='bbox 3056 1808 3182 1871; x_wconf 80' lang='grc' dir='ltr'>ἄξια</span> <span class='ocrx_word' id='word_1_558' title='bbox 3224 1808 3291 1861; x_wconf 90' lang='grc' dir='ltr'>τά</span> <span class='ocrx_word' id='word_1_559' title='bbox 3314 1811 3434 1860; x_wconf 86' lang='grc' dir='ltr'>κατ’</span> <span class='ocrx_word' id='word_1_560' title='bbox 3465 1808 3565 1879; x_wconf 77' lang='grc' dir='ltr'>ἐμέ</span> 
     </span>
    </p>
   </div>
   <div class='ocr_carea' id='block_1_70' title="bbox 1875 1894 3567 1967">
    <p class='ocr_par' dir='ltr' id='par_1_70' title="bbox 1875 1894 3567 1967">
     <span class='ocr_line' id='line_1_70' title="bbox 1875 1894 3567 1967; baseline -0.003 -16"><span class='ocrx_word' id='word_1_561' title='bbox 1875 1897 1992 1963; x_wconf 88' lang='grc' dir='ltr'>νῦν,</span> <span class='ocrx_word' id='word_1_562' title='bbox 2019 1897 2134 1951; x_wconf 81' lang='grc' dir='ltr'>ἀλλ’</span> <span class='ocrx_word' id='word_1_563' title='bbox 2161 1894 2504 1966; x_wconf 81' lang='grc' dir='ltr'>εὐφροσύνης</span> <span class='ocrx_word' id='word_1_564' title='bbox 2525 1894 2618 1947; x_wconf 78' lang='grc' dir='ltr'>καὶ</span> <span class='ocrx_word' id='word_1_565' title='bbox 2649 1896 2843 1967; x_wconf 80' lang='grc' dir='ltr'>χαρᾶς.</span> <span class='ocrx_word' id='word_1_566' title='bbox 2876 1895 3254 1948; x_wconf 82' lang='grc' dir='ltr'>ΒΛΣΙΛΕΙΟΣ.</span> <span class='ocrx_word' id='word_1_567' title='bbox 3278 1894 3420 1948; x_wconf 84' lang='grc' dir='ltr'>Ἀλλ’</span> <span class='ocrx_word' id='word_1_568' title='bbox 3444 1896 3567 1967; x_wconf 77' lang='grc' dir='ltr'>οὐχὶ</span> 
     </span>
    </p>
   </div>
   <div class='ocr_carea' id='block_1_71' title="bbox 1876 1982 3563 2057">
    <p class='ocr_par' dir='ltr' id='par_1_71' title="bbox 1876 1982 3563 2057">
     <span class='ocr_line' id='line_1_71' title="bbox 1876 1982 3563 2057; baseline -0.001 -18"><span class='ocrx_word' id='word_1_569' title='bbox 1876 1988 1969 2040; x_wconf 80' lang='grc' dir='ltr'>καὶ</span> <span class='ocrx_word' id='word_1_570' title='bbox 2007 1986 2076 2039; x_wconf 82' lang='grc' dir='ltr'>τὰ</span> <span class='ocrx_word' id='word_1_571' title='bbox 2104 1985 2235 2057; x_wconf 72' lang='grc' dir='ltr'>ἐμὰ,</span> <span class='ocrx_word' id='word_1_572' title='bbox 2269 1984 2454 2054; x_wconf 77' lang='grc' dir='ltr'>φησὶν,</span> <span class='ocrx_word' id='word_1_573' title='bbox 2498 1982 2635 2037; x_wconf 87' lang='grc' dir='ltr'>ἀλλά</span> <span class='ocrx_word' id='word_1_574' title='bbox 2665 1982 2874 2054; x_wconf 90' lang='grc' dir='ltr'>μυρίων</span> <span class='ocrx_word' id='word_1_575' title='bbox 2905 1983 3032 2049; x_wconf 81' lang='grc' dir='ltr'>ἄξια</span> <span class='ocrx_word' id='word_1_576' title='bbox 3063 1984 3239 2037; x_wconf 86' lang='grc' dir='ltr'>ταῦτα</span> <span class='ocrx_word' id='word_1_577' title='bbox 3267 1984 3516 2038; x_wconf 87' lang='grc' dir='ltr'>κοπετῶν</span> <span class='ocrx_word' id='word_1_578' title='bbox 3548 2001 3563 2015; x_wconf 74' lang='grc'><strong><em>⁸</em></strong></span> 
     </span>
    </p>
   </div>
   <div class='ocr_carea' id='block_1_72' title="bbox 1877 2066 3568 2144">
    <p class='ocr_par' dir='ltr' id='par_1_72' title="bbox 1877 2066 3568 2144">
     <span class='ocr_line' id='line_1_72' title="bbox 1877 2066 3568 2144; baseline -0.003 -17"><span class='ocrx_word' id='word_1_579' title='bbox 1877 2074 1971 2128; x_wconf 86' lang='grc' dir='ltr'>νῦν</span> <span class='ocrx_word' id='word_1_580' title='bbox 1999 2072 2109 2144; x_wconf 81' lang='grc' dir='ltr'>γὰρ</span> <span class='ocrx_word' id='word_1_581' title='bbox 2141 2071 2296 2143; x_wconf 88' lang='grc' dir='ltr'>μόλις</span> <span class='ocrx_word' id='word_1_582' title='bbox 2323 2070 2598 2142; x_wconf 77' lang='grc' dir='ltr'>ἠδυνήθην</span> <span class='ocrx_word' id='word_1_583' title='bbox 2630 2070 2860 2123; x_wconf 86' lang='grc' dir='ltr'>συνιδεῖν</span> <span class='ocrx_word' id='word_1_584' title='bbox 2891 2066 2948 2123; x_wconf 79' lang='grc' dir='ltr'>οἷ</span> <span class='ocrx_word' id='word_1_585' title='bbox 2974 2070 3081 2124; x_wconf 89' lang='grc' dir='ltr'>τῶν</span> <span class='ocrx_word' id='word_1_586' title='bbox 3112 2070 3297 2124; x_wconf 86' lang='grc' dir='ltr'>κακῶν</span> <span class='ocrx_word' id='word_1_587' title='bbox 3332 2089 3400 2142; x_wconf 90' lang='grc' dir='ltr'>με</span> <span class='ocrx_word' id='word_1_588' title='bbox 3430 2074 3568 2144; x_wconf 73' lang='grc' dir='ltr'>ἤγα-</span> 
     </span>
    </p>
   </div>
   <div class='ocr_carea' id='block_1_73' title="bbox 1876 2158 3568 2232">
    <p class='ocr_par' dir='ltr' id='par_1_73' title="bbox 1876 2158 3568 2232">
     <span class='ocr_line' id='line_1_73' title="bbox 1876 2158 3568 2232; baseline -0.002 -17"><span class='ocrx_word' id='word_1_589' title='bbox 1876 2178 1993 2230; x_wconf 86' lang='grc' dir='ltr'>γες.</span> <span class='ocrx_word' id='word_1_590' title='bbox 2025 2160 2170 2229; x_wconf 82' lang='grc' dir='ltr'>Ἐγὼ</span> <span class='ocrx_word' id='word_1_591' title='bbox 2197 2160 2295 2232; x_wconf 80' lang='grc' dir='ltr'>μὲν</span> <span class='ocrx_word' id='word_1_592' title='bbox 2343 2159 2452 2231; x_wconf 78' lang='grc' dir='ltr'>γὰρ</span> <span class='ocrx_word' id='word_1_593' title='bbox 2486 2158 2736 2229; x_wconf 80' lang='grc' dir='ltr'>εἰσῆλθον</span> <span class='ocrx_word' id='word_1_594' title='bbox 2768 2159 2903 2229; x_wconf 74' lang='grc' dir='ltr'>πρὸς</span> <span class='ocrx_word' id='word_1_595' title='bbox 2963 2158 3021 2211; x_wconf 89' lang='grc' dir='ltr'>σέ</span> <span class='ocrx_word' id='word_1_596' title='bbox 3047 2200 3061 2224; x_wconf 90' lang='grc'>,</span> <span class='ocrx_word' id='word_1_597' title='bbox 3113 2159 3141 2212; x_wconf 81' lang='grc' dir='ltr'><em>ὃ</em></span> <span class='ocrx_word' id='word_1_598' title='bbox 3182 2176 3234 2212; x_wconf 89' lang='grc' dir='ltr'>τι</span> <span class='ocrx_word' id='word_1_599' title='bbox 3270 2159 3398 2213; x_wconf 86' lang='grc' dir='ltr'>ποτὲ</span> <span class='ocrx_word' id='word_1_600' title='bbox 3427 2161 3568 2231; x_wconf 71' lang='grc' dir='ltr'>ὑπὲρ</span> 
     </span>
    </p>
   </div>
   <div class='ocr_carea' id='block_1_74' title="bbox 1880 2247 3569 2321">
    <p class='ocr_par' dir='ltr' id='par_1_74' title="bbox 1880 2247 3569 2321">
     <span class='ocr_line' id='line_1_74' title="bbox 1880 2247 3569 2321; baseline -0.001 -18"><span class='ocrx_word' id='word_1_601' title='bbox 1880 2253 1974 2303; x_wconf 80' lang='grc' dir='ltr'>σοῦ</span> <span class='ocrx_word' id='word_1_602' title='bbox 2029 2250 2165 2321; x_wconf 74' lang='grc' dir='ltr'>πρὸς</span> <span class='ocrx_word' id='word_1_603' title='bbox 2216 2250 2344 2313; x_wconf 78' lang='grc' dir='ltr'>τοὺς</span> <span class='ocrx_word' id='word_1_604' title='bbox 2403 2248 2770 2316; x_wconf 85' lang='grc' dir='ltr'>ἐγκαλοῦντας</span> <span class='ocrx_word' id='word_1_605' title='bbox 2824 2247 3279 2319; x_wconf 83' lang='grc' dir='ltr'>ἀπολογήσομαι,</span> <span class='ocrx_word' id='word_1_606' title='bbox 3315 2247 3569 2319; x_wconf 85' lang='grc' dir='ltr'>δεόμενος</span> 
     </span>
    </p>
   </div>
   <div class='ocr_carea' id='block_1_75' title="bbox 1882 2337 3570 2410">
    <p class='ocr_par' dir='ltr' id='par_1_75' title="bbox 1882 2337 3570 2410">
     <span class='ocr_line' id='line_1_75' title="bbox 1882 2337 3570 2410; baseline 0 -19"><span class='ocrx_word' id='word_1_607' title='bbox 1882 2339 2106 2409; x_wconf 75' lang='grc' dir='ltr'>μαθεῖν’</span> <span class='ocrx_word' id='word_1_608' title='bbox 2146 2339 2210 2391; x_wconf 83' lang='grc' dir='ltr'>σὺ</span> <span class='ocrx_word' id='word_1_609' title='bbox 2258 2337 2316 2390; x_wconf 87' lang='grc' dir='ltr'>δέ</span> <span class='ocrx_word' id='word_1_610' title='bbox 2354 2355 2423 2409; x_wconf 89' lang='grc' dir='ltr'>με</span> <span class='ocrx_word' id='word_1_611' title='bbox 2457 2338 2766 2409; x_wconf 85' lang='grc' dir='ltr'>ἐκπέμπεις</span> <span class='ocrx_word' id='word_1_612' title='bbox 2799 2337 2993 2408; x_wconf 80' lang='grc' dir='ltr'>ἑτέραν</span> <span class='ocrx_word' id='word_1_613' title='bbox 3023 2338 3138 2391; x_wconf 82' lang='grc' dir='ltr'>ἀνθ’</span> <span class='ocrx_word' id='word_1_614' title='bbox 3173 2338 3367 2409; x_wconf 84' lang='grc' dir='ltr'>ἐτέρας</span> <span class='ocrx_word' id='word_1_615' title='bbox 3412 2356 3570 2410; x_wconf 80' lang='grc' dir='ltr'>φρον-</span> 
     </span>
    </p>
   </div>
   <div class='ocr_carea' id='block_1_76' title="bbox 1877 2426 3570 2497">
    <p class='ocr_par' dir='ltr' id='par_1_76' title="bbox 1877 2426 3570 2497">
     <span class='ocr_line' id='line_1_76' title="bbox 1877 2426 3570 2497; baseline -0.001 -16"><span class='ocrx_word' id='word_1_616' title='bbox 1877 2428 1998 2481; x_wconf 89' lang='grc' dir='ltr'>τίδα</span> <span class='ocrx_word' id='word_1_617' title='bbox 2039 2427 2235 2491; x_wconf 86' lang='grc' dir='ltr'>ἐνθείς.</span> <span class='ocrx_word' id='word_1_618' title='bbox 2270 2426 2345 2479; x_wconf 87' lang='grc' dir='ltr'>Ού</span> <span class='ocrx_word' id='word_1_619' title='bbox 2376 2426 2486 2497; x_wconf 81' lang='grc' dir='ltr'>γὰρ</span> <span class='ocrx_word' id='word_1_620' title='bbox 2534 2426 2614 2479; x_wconf 83' lang='grc' dir='ltr'>ἔτι</span> <span class='ocrx_word' id='word_1_621' title='bbox 2650 2443 2740 2497; x_wconf 85' lang='grc' dir='ltr'>μοι</span> <span class='ocrx_word' id='word_1_622' title='bbox 2786 2426 2970 2496; x_wconf 87' lang='grc' dir='ltr'>μέλλει</span> <span class='ocrx_word' id='word_1_623' title='bbox 2994 2467 3010 2492; x_wconf 95' lang='grc'>,</span> <span class='ocrx_word' id='word_1_624' title='bbox 3038 2426 3091 2479; x_wconf 91' lang='grc' dir='ltr'>τί</span> <span class='ocrx_word' id='word_1_625' title='bbox 3141 2426 3277 2497; x_wconf 75' lang='grc' dir='ltr'>πρὸς</span> <span class='ocrx_word' id='word_1_626' title='bbox 3324 2427 3570 2490; x_wconf 79' lang='grc' dir='ltr'>ἐκείνους</span> 
     </span>
    </p>
   </div>
   <div class='ocr_carea' id='block_1_77' title="bbox 1879 2514 3569 2588">
    <p class='ocr_par' dir='ltr' id='par_1_77' title="bbox 1879 2514 3569 2588">
     <span class='ocr_line' id='line_1_77' title="bbox 1879 2514 3569 2588; baseline -0.001 -18"><span class='ocrx_word' id='word_1_627' title='bbox 1879 2517 2020 2588; x_wconf 81' lang='grc' dir='ltr'>ὑπὲρ</span> <span class='ocrx_word' id='word_1_628' title='bbox 2051 2517 2169 2580; x_wconf 86' lang='grc' dir='ltr'>σοῦ,</span> <span class='ocrx_word' id='word_1_629' title='bbox 2207 2514 2343 2569; x_wconf 86' lang='grc' dir='ltr'>ἀλλά</span> <span class='ocrx_word' id='word_1_630' title='bbox 2376 2514 2430 2567; x_wconf 88' lang='grc' dir='ltr'>τί</span> <span class='ocrx_word' id='word_1_631' title='bbox 2462 2514 2598 2586; x_wconf 79' lang='grc' dir='ltr'>πρὸς</span> <span class='ocrx_word' id='word_1_632' title='bbox 2619 2515 2710 2568; x_wconf 75' lang='grc' dir='ltr'>τὸν</span> <span class='ocrx_word' id='word_1_633' title='bbox 2731 2515 2864 2568; x_wconf 80' lang='grc' dir='ltr'>Θεὸν</span> <span class='ocrx_word' id='word_1_634' title='bbox 2900 2516 3039 2585; x_wconf 81' lang='grc' dir='ltr'>ὑπὲρ</span> <span class='ocrx_word' id='word_1_635' title='bbox 3065 2514 3305 2586; x_wconf 85' lang='grc' dir='ltr'>ἐμαυτοῦ</span> <span class='ocrx_word' id='word_1_636' title='bbox 3336 2518 3433 2569; x_wconf 72' lang='grc' dir='ltr'>καὶ</span> <span class='ocrx_word' id='word_1_637' title='bbox 3459 2515 3569 2568; x_wconf 85' lang='grc' dir='ltr'>τῶν</span> 
     </span>
    </p>
   </div>
   <div class='ocr_carea' id='block_1_78' title="bbox 1879 2602 3567 2677">
    <p class='ocr_par' dir='ltr' id='par_1_78' title="bbox 1879 2602 3567 2677">
     <span class='ocr_line' id='line_1_78' title="bbox 1879 2602 3567 2677; baseline -0.002 -18"><span class='ocrx_word' id='word_1_638' title='bbox 1879 2605 2029 2677; x_wconf 88' lang='grc' dir='ltr'>ἐμῶν</span> <span class='ocrx_word' id='word_1_639' title='bbox 2061 2605 2476 2677; x_wconf 85' lang='grc' dir='ltr'>ἀπολογήσομαι</span> <span class='ocrx_word' id='word_1_640' title='bbox 2507 2604 2716 2658; x_wconf 87' lang='grc' dir='ltr'>κακῶν.</span> <span class='ocrx_word' id='word_1_641' title='bbox 2745 2604 2894 2675; x_wconf 81' lang='grc' dir='ltr'>Πλὴν</span> <span class='ocrx_word' id='word_1_642' title='bbox 2925 2603 3064 2658; x_wconf 84' lang='grc' dir='ltr'>ἀλλά</span> <span class='ocrx_word' id='word_1_643' title='bbox 3104 2602 3199 2659; x_wconf 88' lang='grc' dir='ltr'>σοῦ</span> <span class='ocrx_word' id='word_1_644' title='bbox 3250 2604 3445 2676; x_wconf 88' lang='grc' dir='ltr'>δέομαι</span> <span class='ocrx_word' id='word_1_645' title='bbox 3474 2605 3567 2657; x_wconf 71' lang='grc' dir='ltr'>καὶ</span> 
     </span>
    </p>
   </div>
   <div class='ocr_carea' id='block_1_79' title="bbox 1877 2695 3570 2767">
    <p class='ocr_par' dir='ltr' id='par_1_79' title="bbox 1877 2695 3570 2767">
     <span class='ocr_line' id='line_1_79' title="bbox 1877 2695 3570 2767; baseline 0 -17"><span class='ocrx_word' id='word_1_646' title='bbox 1877 2695 2146 2751; x_wconf 87' lang='grc' dir='ltr'>ἀντιϐολῶ</span> <span class='ocrx_word' id='word_1_647' title='bbox 2167 2738 2183 2763; x_wconf 92' lang='grc'>,</span> <span class='ocrx_word' id='word_1_648' title='bbox 2218 2696 2273 2749; x_wconf 85' lang='grc' dir='ltr'>εῐ</span> <span class='ocrx_word' id='word_1_649' title='bbox 2296 2713 2350 2749; x_wconf 89' lang='grc' dir='ltr'>τι</span> <span class='ocrx_word' id='word_1_650' title='bbox 2391 2714 2475 2749; x_wconf 91' lang='grc' dir='ltr'>σοι</span> <span class='ocrx_word' id='word_1_651' title='bbox 2505 2696 2657 2767; x_wconf 88' lang='grc' dir='ltr'>μέλει</span> <span class='ocrx_word' id='word_1_652' title='bbox 2686 2695 2795 2749; x_wconf 87' lang='grc' dir='ltr'>τῶν</span> <span class='ocrx_word' id='word_1_653' title='bbox 2829 2696 3003 2766; x_wconf 87' lang='grc' dir='ltr'>ἐμῶν,</span> <span class='ocrx_word' id='word_1_654' title='bbox 3040 2696 3095 2749; x_wconf 82' lang='grc' dir='ltr'>εί</span> <span class='ocrx_word' id='word_1_655' title='bbox 3113 2713 3199 2760; x_wconf 90' lang='grc' dir='ltr'>τις</span> <span class='ocrx_word' id='word_1_656' title='bbox 3222 2696 3570 2767; x_wconf 85' lang='grc' dir='ltr'>παράκλησις</span> 
     </span>
    </p>
   </div>
   <div class='ocr_carea' id='block_1_80' title="bbox 1878 2783 3570 2858">
    <p class='ocr_par' dir='ltr' id='par_1_80' title="bbox 1878 2783 3570 2858">
     <span class='ocr_line' id='line_1_80' title="bbox 1878 2783 3570 2858; baseline 0.001 -21"><span class='ocrx_word' id='word_1_657' title='bbox 1878 2787 1935 2838; x_wconf 90' lang='grc' dir='ltr'>ἐν</span> <span class='ocrx_word' id='word_1_658' title='bbox 1961 2784 2214 2858; x_wconf 82' lang='grc' dir='ltr'>Χριστῷ,</span> <span class='ocrx_word' id='word_1_659' title='bbox 2246 2784 2365 2838; x_wconf 83' lang='grc' dir='ltr'>είτι</span> <span class='ocrx_word' id='word_1_660' title='bbox 2394 2783 2739 2856; x_wconf 86' lang='grc' dir='ltr'>παραμύθιον</span> <span class='ocrx_word' id='word_1_661' title='bbox 2772 2784 2994 2856; x_wconf 86' lang='grc' dir='ltr'>ἀγάπης</span> <span class='ocrx_word' id='word_1_662' title='bbox 3019 2825 3032 2844; x_wconf 85' lang='grc'>.</span> <span class='ocrx_word' id='word_1_663' title='bbox 3057 2784 3111 2838; x_wconf 84' lang='grc' dir='ltr'>εἴ</span> <span class='ocrx_word' id='word_1_664' title='bbox 3134 2802 3257 2838; x_wconf 87' lang='grc' dir='ltr'>τινα</span> <span class='ocrx_word' id='word_1_665' title='bbox 3284 2785 3570 2855; x_wconf 81' lang='grc' dir='ltr'>σπλάγχνα</span> 
     </span>
    </p>
   </div>
   <div class='ocr_carea' id='block_1_81' title="bbox 1878 2869 3569 2944">
    <p class='ocr_par' dir='ltr' id='par_1_81' title="bbox 1878 2869 3569 2944">
     <span class='ocr_line' id='line_1_81' title="bbox 1878 2869 3569 2944; baseline -0.002 -18"><span class='ocrx_word' id='word_1_666' title='bbox 1878 2873 1974 2926; x_wconf 71' lang='grc' dir='ltr'>καὶ</span> <span class='ocrx_word' id='word_1_667' title='bbox 2002 2871 2277 2944; x_wconf 72' lang='grc' dir='ltr'>οἰκτιρμοί</span> <span class='ocrx_word' id='word_1_668' title='bbox 2310 2869 2427 2942; x_wconf 70' lang='grc' dir='ltr'>(καὶ</span> <span class='ocrx_word' id='word_1_669' title='bbox 2463 2871 2572 2943; x_wconf 83' lang='grc' dir='ltr'>γὰρ</span> <span class='ocrx_word' id='word_1_670' title='bbox 2627 2869 2804 2934; x_wconf 82' lang='grc' dir='ltr'>οἶδας,</span> <span class='ocrx_word' id='word_1_671' title='bbox 2835 2872 2918 2924; x_wconf 77' lang='grc' dir='ltr'>ὅτι</span> <span class='ocrx_word' id='word_1_672' title='bbox 2962 2889 3028 2942; x_wconf 89' lang='grc' dir='ltr'>με</span> <span class='ocrx_word' id='word_1_673' title='bbox 3084 2871 3319 2942; x_wconf 87' lang='grc' dir='ltr'>μάλιστα</span> <span class='ocrx_word' id='word_1_674' title='bbox 3348 2873 3569 2926; x_wconf 81' lang='grc' dir='ltr'>πάντων</span> 
     </span>
    </p>
   </div>
   <div class='ocr_carea' id='block_1_82' title="bbox 1880 2958 3566 3032">
    <p class='ocr_par' dir='ltr' id='par_1_82' title="bbox 1880 2958 3566 3032">
     <span class='ocr_line' id='line_1_82' title="bbox 1880 2958 3566 3032; baseline 0.001 -20"><span class='ocrx_word' id='word_1_675' title='bbox 1880 2960 2042 3023; x_wconf 77' lang='grc' dir='ltr'>αὐτὸς</span> <span class='ocrx_word' id='word_1_676' title='bbox 2090 2962 2169 3023; x_wconf 87' lang='grc' dir='ltr'>είς</span> <span class='ocrx_word' id='word_1_677' title='bbox 2216 2959 2407 3013; x_wconf 83' lang='grc' dir='ltr'>τοῦτον</span> <span class='ocrx_word' id='word_1_678' title='bbox 2454 2959 2546 3012; x_wconf 79' lang='grc' dir='ltr'>τὸν</span> <span class='ocrx_word' id='word_1_679' title='bbox 2580 2958 2824 3013; x_wconf 89' lang='grc' dir='ltr'>κίνδυνον</span> <span class='ocrx_word' id='word_1_680' title='bbox 2868 2959 3134 3030; x_wconf 77' lang='grc' dir='ltr'>ἤγαγες),</span> <span class='ocrx_word' id='word_1_681' title='bbox 3166 2963 3325 3032; x_wconf 88' lang='grc' dir='ltr'>χεῖρα</span> <span class='ocrx_word' id='word_1_682' title='bbox 3356 2961 3566 3031; x_wconf 77' lang='grc' dir='ltr'>ὄρεξον,</span> 
     </span>
    </p>
   </div>
   <div class='ocr_carea' id='block_1_83' title="bbox 1879 3045 3564 3120">
    <p class='ocr_par' dir='ltr' id='par_1_83' title="bbox 1879 3045 3564 3120">
     <span class='ocr_line' id='line_1_83' title="bbox 1879 3045 3564 3120; baseline 0 -20"><span class='ocrx_word' id='word_1_683' title='bbox 1879 3048 1974 3101; x_wconf 79' lang='grc' dir='ltr'>καὶ</span> <span class='ocrx_word' id='word_1_684' title='bbox 1996 3048 2169 3116; x_wconf 87' lang='grc' dir='ltr'>λέγων</span> <span class='ocrx_word' id='word_1_685' title='bbox 2210 3048 2305 3102; x_wconf 73' lang='grc' dir='ltr'>καὶ</span> <span class='ocrx_word' id='word_1_686' title='bbox 2334 3048 2591 3119; x_wconf 87' lang='grc' dir='ltr'>πράττων</span> <span class='ocrx_word' id='word_1_687' title='bbox 2626 3045 2778 3119; x_wconf 75' lang='grc'>[456]</span> <span class='ocrx_word' id='word_1_688' title='bbox 2820 3046 2890 3100; x_wconf 83' lang='grc' dir='ltr'>τὰ</span> <span class='ocrx_word' id='word_1_689' title='bbox 2917 3048 3193 3117; x_wconf 89' lang='grc' dir='ltr'>δυνάμενα</span> <span class='ocrx_word' id='word_1_690' title='bbox 3220 3050 3369 3120; x_wconf 76' lang='grc' dir='ltr'>ἡμᾶς</span> <span class='ocrx_word' id='word_1_691' title='bbox 3406 3049 3564 3118; x_wconf 81' lang='grc' dir='ltr'>ἀνορ-</span> 
     </span>
    </p>
   </div>
   <div class='ocr_carea' id='block_1_84' title="bbox 1880 3134 3571 3209">
    <p class='ocr_par' dir='ltr' id='par_1_84' title="bbox 1880 3134 3571 3209">
     <span class='ocr_line' id='line_1_84' title="bbox 1880 3134 3571 3209; baseline 0 -20"><span class='ocrx_word' id='word_1_692' title='bbox 1880 3135 2007 3189; x_wconf 86' lang='grc' dir='ltr'>θοῦν</span> <span class='ocrx_word' id='word_1_693' title='bbox 2027 3151 2039 3163; x_wconf 92' lang='grc'><strong>·</strong></span> <span class='ocrx_word' id='word_1_694' title='bbox 2073 3135 2209 3207; x_wconf 88' lang='grc' dir='ltr'>μηδέ</span> <span class='ocrx_word' id='word_1_695' title='bbox 2236 3136 2446 3207; x_wconf 74' lang='grc' dir='ltr'>ἀνάσχῃ</span> <span class='ocrx_word' id='word_1_696' title='bbox 2477 3134 2614 3207; x_wconf 84' lang='grc' dir='ltr'>πρὸς</span> <span class='ocrx_word' id='word_1_697' title='bbox 2644 3134 2775 3203; x_wconf 86' lang='grc' dir='ltr'>γοῦν</span> <span class='ocrx_word' id='word_1_698' title='bbox 2801 3137 2863 3188; x_wconf 82' lang='grc' dir='ltr'>τὸ</span> <span class='ocrx_word' id='word_1_699' title='bbox 2890 3134 3230 3207; x_wconf 81' lang='grc' dir='ltr'>βραχύτατον</span> <span class='ocrx_word' id='word_1_700' title='bbox 3250 3138 3401 3209; x_wconf 85' lang='grc' dir='ltr'>ἡμᾶς</span> <span class='ocrx_word' id='word_1_701' title='bbox 3432 3136 3571 3189; x_wconf 85' lang='grc' dir='ltr'>ἀπο-</span> 
     </span>
    </p>
   </div>
   <div class='ocr_carea' id='block_1_85' title="bbox 1878 3222 3565 3295">
    <p class='ocr_par' dir='ltr' id='par_1_85' title="bbox 1878 3222 3565 3295">
     <span class='ocr_line' id='line_1_85' title="bbox 1878 3222 3565 3295; baseline -0.002 -17"><span class='ocrx_word' id='word_1_702' title='bbox 1878 3225 2058 3278; x_wconf 89' lang='grc' dir='ltr'>λιπεῖν</span> <span class='ocrx_word' id='word_1_703' title='bbox 2078 3266 2093 3291; x_wconf 92' lang='grc'>,</span> <span class='ocrx_word' id='word_1_704' title='bbox 2147 3223 2285 3278; x_wconf 81' lang='grc' dir='ltr'>ἀλλὰ</span> <span class='ocrx_word' id='word_1_705' title='bbox 2313 3224 2409 3277; x_wconf 88' lang='grc' dir='ltr'>νῦν</span> <span class='ocrx_word' id='word_1_706' title='bbox 2469 3222 2668 3294; x_wconf 84' lang='grc' dir='ltr'>μᾶλλον</span> <span class='ocrx_word' id='word_1_707' title='bbox 2698 3223 2730 3295; x_wconf 84' lang='grc' dir='ltr'>ἢ</span> <span class='ocrx_word' id='word_1_708' title='bbox 2764 3223 3030 3295; x_wconf 79' lang='grc' dir='ltr'>πρότερον</span> <span class='ocrx_word' id='word_1_709' title='bbox 3081 3223 3266 3287; x_wconf 74' lang='grc' dir='ltr'>κοινὰς</span> <span class='ocrx_word' id='word_1_710' title='bbox 3294 3222 3565 3277; x_wconf 72' lang='grc' dir='ltr'>ποιεῖσθαι</span> 
     </span>
    </p>
   </div>
   <div class='ocr_carea' id='block_1_86' title="bbox 1877 3309 3569 3383">
    <p class='ocr_par' dir='ltr' id='par_1_86' title="bbox 1877 3309 3569 3383">
     <span class='ocr_line' id='line_1_86' title="bbox 1877 3309 3569 3383; baseline 0 -19"><span class='ocrx_word' id='word_1_711' title='bbox 1877 3312 1977 3376; x_wconf 83' lang='grc' dir='ltr'>τὰς</span> <span class='ocrx_word' id='word_1_712' title='bbox 2005 3311 2311 3383; x_wconf 88' lang='grc' dir='ltr'>διατριϐάς.</span> <span class='ocrx_word' id='word_1_713' title='bbox 2354 3311 2691 3367; x_wconf 85' lang='grc' dir='ltr'>ΧΡΥΣΟΣΤ.</span> <span class='ocrx_word' id='word_1_714' title='bbox 2728 3309 2872 3381; x_wconf 87' lang='grc' dir='ltr'>Ἐγὼ</span> <span class='ocrx_word' id='word_1_715' title='bbox 2905 3312 2962 3365; x_wconf 86' lang='grc' dir='ltr'>δέ</span> <span class='ocrx_word' id='word_1_716' title='bbox 3008 3311 3326 3383; x_wconf 86' lang='grc' dir='ltr'>μειδιάσας,</span> <span class='ocrx_word' id='word_1_717' title='bbox 3370 3311 3480 3365; x_wconf 76' lang='grc' dir='ltr'>Καὶ</span> <span class='ocrx_word' id='word_1_718' title='bbox 3515 3312 3569 3364; x_wconf 92' lang='grc' dir='ltr'>τί</span> 
     </span>
    </p>
   </div>
   <div class='ocr_carea' id='block_1_87' title="bbox 1880 3400 3568 3476">
    <p class='ocr_par' dir='ltr' id='par_1_87' title="bbox 1880 3400 3568 3476">
     <span class='ocr_line' id='line_1_87' title="bbox 1880 3400 3568 3476; baseline -0.002 -19"><span class='ocrx_word' id='word_1_719' title='bbox 1880 3402 2279 3476; x_wconf 89' lang='grc' dir='ltr'>συμϐαλέσθαι,</span> <span class='ocrx_word' id='word_1_720' title='bbox 2305 3403 2463 3473; x_wconf 77' lang='grc' dir='ltr'>ἔφην,</span> <span class='ocrx_word' id='word_1_721' title='bbox 2500 3401 2553 3455; x_wconf 90' lang='grc' dir='ltr'>τί</span> <span class='ocrx_word' id='word_1_722' title='bbox 2581 3401 2639 3454; x_wconf 91' lang='grc' dir='ltr'>δέ</span> <span class='ocrx_word' id='word_1_723' title='bbox 2676 3418 2735 3454; x_wconf 89' lang='grc' dir='ltr'>σε</span> <span class='ocrx_word' id='word_1_724' title='bbox 2762 3402 2954 3471; x_wconf 75' lang='grc' dir='ltr'>ὀνῆσαι</span> <span class='ocrx_word' id='word_1_725' title='bbox 2979 3401 3280 3473; x_wconf 87' lang='grc' dir='ltr'>δυνήσομαι</span> <span class='ocrx_word' id='word_1_726' title='bbox 3308 3400 3445 3469; x_wconf 76' lang='grc' dir='ltr'>πρὸς</span> <span class='ocrx_word' id='word_1_727' title='bbox 3474 3418 3568 3454; x_wconf 87' lang='grc' dir='ltr'>το-</span> 
     </span>
    </p>
   </div>
   <div class='ocr_carea' id='block_1_88' title="bbox 1881 3478 3571 3565">
    <p class='ocr_par' dir='ltr' id='par_1_88' title="bbox 1881 3478 3571 3565">
     <span class='ocr_line' id='line_1_88' title="bbox 1881 3478 3571 3565; baseline -0.002 -19"><span class='ocrx_word' id='word_1_728' title='bbox 1881 3495 2070 3548; x_wconf 81' lang='grc' dir='ltr'>σοῦτον</span> <span class='ocrx_word' id='word_1_729' title='bbox 2100 3493 2442 3565; x_wconf 88' lang='grc' dir='ltr'>πραγμάτων</span> <span class='ocrx_word' id='word_1_730' title='bbox 2478 3491 2678 3560; x_wconf 67' lang='grc' dir='ltr'>ὅγκονλ</span> <span class='ocrx_word' id='word_1_731' title='bbox 2726 3478 2872 3561; x_wconf 85' lang='grc' dir='ltr'>Πλὴν</span> <span class='ocrx_word' id='word_1_732' title='bbox 2912 3490 3027 3544; x_wconf 88' lang='grc' dir='ltr'>ἀλλ’</span> <span class='ocrx_word' id='word_1_733' title='bbox 3058 3489 3245 3561; x_wconf 88' lang='grc' dir='ltr'>ἐπειδή</span> <span class='ocrx_word' id='word_1_734' title='bbox 3290 3506 3374 3542; x_wconf 91' lang='grc' dir='ltr'>σοι</span> <span class='ocrx_word' id='word_1_735' title='bbox 3411 3488 3571 3543; x_wconf 84' lang='grc' dir='ltr'>τοῦτο</span> 
     </span>
    </p>
   </div>
   <div class='ocr_carea' id='block_1_89' title="bbox 1880 3573 3569 3654">
    <p class='ocr_par' dir='ltr' id='par_1_89' title="bbox 1880 3573 3569 3654">
     <span class='ocr_line' id='line_1_89' title="bbox 1880 3573 3569 3654; baseline -0.003 -19"><span class='ocrx_word' id='word_1_736' title='bbox 1880 3582 1998 3653; x_wconf 78' lang='grc' dir='ltr'>ἡδὺ,</span> <span class='ocrx_word' id='word_1_737' title='bbox 2033 3582 2248 3654; x_wconf 78' lang='grc' dir='ltr'>θάρρει,</span> <span class='ocrx_word' id='word_1_738' title='bbox 2275 3573 2320 3634; x_wconf 80' lang='grc' dir='ltr'><strong>ὦ</strong></span> <span class='ocrx_word' id='word_1_739' title='bbox 2350 3579 2480 3651; x_wconf 87' lang='grc' dir='ltr'>φίλη</span> <span class='ocrx_word' id='word_1_740' title='bbox 2511 3578 2722 3651; x_wconf 87' lang='grc' dir='ltr'>κεφαλὴ</span> <span class='ocrx_word' id='word_1_741' title='bbox 2748 3596 2763 3611; x_wconf 76' lang='grc' dir='ltr'><strong><em>ο</em></strong></span> <span class='ocrx_word' id='word_1_742' title='bbox 2797 3579 2889 3633; x_wconf 81' lang='grc' dir='ltr'>τὸν</span> <span class='ocrx_word' id='word_1_743' title='bbox 2912 3580 3018 3651; x_wconf 83' lang='grc' dir='ltr'>γὰρ</span> <span class='ocrx_word' id='word_1_744' title='bbox 3039 3578 3233 3650; x_wconf 80' lang='grc' dir='ltr'>καιρὸν</span> <span class='ocrx_word' id='word_1_745' title='bbox 3267 3577 3387 3633; x_wconf 86' lang='grc' dir='ltr'>καθ’</span> <span class='ocrx_word' id='word_1_746' title='bbox 3410 3578 3469 3632; x_wconf 86' lang='grc' dir='ltr'>ὃν</span> <span class='ocrx_word' id='word_1_747' title='bbox 3502 3577 3569 3632; x_wconf 83' lang='grc' dir='ltr'>ἂν</span> 
     </span>
    </p>
   </div>
   <div class='ocr_carea' id='block_1_90' title="bbox 1880 3666 3566 3743">
    <p class='ocr_par' dir='ltr' id='par_1_90' title="bbox 1880 3666 3566 3743">
     <span class='ocr_line' id='line_1_90' title="bbox 1880 3666 3566 3743; baseline -0.002 -18"><span class='ocrx_word' id='word_1_748' title='bbox 1880 3672 1975 3743; x_wconf 82' lang='grc' dir='ltr'>ἐξῇ</span> <span class='ocrx_word' id='word_1_749' title='bbox 2001 3689 2082 3725; x_wconf 91' lang='grc' dir='ltr'>σοι</span> <span class='ocrx_word' id='word_1_750' title='bbox 2107 3670 2217 3725; x_wconf 91' lang='grc' dir='ltr'>τῶν</span> <span class='ocrx_word' id='word_1_751' title='bbox 2243 3669 2453 3724; x_wconf 87' lang='grc' dir='ltr'>ἐκεῖθεν</span> <span class='ocrx_word' id='word_1_752' title='bbox 2478 3668 2774 3739; x_wconf 89' lang='grc' dir='ltr'>φροντίδων</span> <span class='ocrx_word' id='word_1_753' title='bbox 2797 3669 3081 3731; x_wconf 86' lang='grc' dir='ltr'>ἀναπνεῖν,</span> <span class='ocrx_word' id='word_1_754' title='bbox 3113 3668 3208 3721; x_wconf 76' lang='grc' dir='ltr'>καὶ</span> <span class='ocrx_word' id='word_1_755' title='bbox 3232 3666 3566 3737; x_wconf 88' lang='grc' dir='ltr'>παρέσομαι,</span> 
     </span>
    </p>
   </div>
   <div class='ocr_carea' id='block_1_91' title="bbox 1881 3753 3569 3831">
    <p class='ocr_par' dir='ltr' id='par_1_91' title="bbox 1881 3753 3569 3831">
     <span class='ocr_line' id='line_1_91' title="bbox 1881 3753 3569 3831; baseline -0.005 -16"><span class='ocrx_word' id='word_1_756' title='bbox 1881 3760 1976 3815; x_wconf 75' lang='grc' dir='ltr'>καὶ</span> <span class='ocrx_word' id='word_1_757' title='bbox 2029 3757 2398 3831; x_wconf 83' lang='grc' dir='ltr'>παρακαλέσω</span> <span class='ocrx_word' id='word_1_758' title='bbox 2423 3798 2438 3821; x_wconf 95' lang='grc'>,</span> <span class='ocrx_word' id='word_1_759' title='bbox 2484 3758 2578 3810; x_wconf 79' lang='grc' dir='ltr'>καὶ</span> <span class='ocrx_word' id='word_1_760' title='bbox 2626 3754 2735 3809; x_wconf 90' lang='grc' dir='ltr'>τῶν</span> <span class='ocrx_word' id='word_1_761' title='bbox 2772 3757 2853 3818; x_wconf 83' lang='grc' dir='ltr'>είς</span> <span class='ocrx_word' id='word_1_762' title='bbox 2900 3754 3130 3827; x_wconf 91' lang='grc' dir='ltr'>δύναμιν</span> <span class='ocrx_word' id='word_1_763' title='bbox 3161 3753 3260 3826; x_wconf 82' lang='grc' dir='ltr'>τὴν</span> <span class='ocrx_word' id='word_1_764' title='bbox 3295 3753 3433 3826; x_wconf 83' lang='grc' dir='ltr'>ἐμὴν</span> <span class='ocrx_word' id='word_1_765' title='bbox 3479 3755 3569 3807; x_wconf 80' lang='grc' dir='ltr'>ἐλ-</span> 
     </span>
    </p>
   </div>
   <div class='ocr_carea' id='block_1_92' title="bbox 1880 3842 3567 3918">
    <p class='ocr_par' dir='ltr' id='par_1_92' title="bbox 1880 3842 3567 3918">
     <span class='ocr_line' id='line_1_92' title="bbox 1880 3842 3567 3918; baseline -0.003 -17"><span class='ocrx_word' id='word_1_766' title='bbox 1880 3848 2051 3918; x_wconf 78' lang='grc' dir='ltr'>λείψω</span> <span class='ocrx_word' id='word_1_767' title='bbox 2077 3846 2103 3884; x_wconf 74' lang='lat' dir='ltr'><strong>h</strong></span> <span class='ocrx_word' id='word_1_768' title='bbox 2136 3848 2308 3901; x_wconf 82' lang='grc' dir='ltr'>οὐδέν.</span> <span class='ocrx_word' id='word_1_769' title='bbox 2333 3846 2459 3899; x_wconf 73' lang='grc' dir='ltr'>Ἐπὶ</span> <span class='ocrx_word' id='word_1_770' title='bbox 2481 3844 2692 3909; x_wconf 88' lang='grc' dir='ltr'>τούτοις</span> <span class='ocrx_word' id='word_1_771' title='bbox 2724 3843 2888 3897; x_wconf 87' lang='grc' dir='ltr'>πλέον</span> <span class='ocrx_word' id='word_1_772' title='bbox 2910 3845 3116 3908; x_wconf 88' lang='grc' dir='ltr'>ἐκεῖνος</span> <span class='ocrx_word' id='word_1_773' title='bbox 3157 3842 3438 3915; x_wconf 83' lang='grc' dir='ltr'>δακρύσας</span> <span class='ocrx_word' id='word_1_774' title='bbox 3469 3845 3567 3898; x_wconf 87' lang='grc' dir='ltr'>ἀν-</span> 
     </span>
    </p>
   </div>
   <div class='ocr_carea' id='block_1_93' title="bbox 1884 3931 3568 4006">
    <p class='ocr_par' dir='ltr' id='par_1_93' title="bbox 1884 3931 3568 4006">
     <span class='ocr_line' id='line_1_93' title="bbox 1884 3931 3568 4006; baseline -0.005 -14"><span class='ocrx_word' id='word_1_775' title='bbox 1884 3940 2097 3992; x_wconf 86' lang='grc' dir='ltr'>ίσταται</span> <span class='ocrx_word' id='word_1_776' title='bbox 2116 3953 2133 3970; x_wconf 78' lang='grc' dir='ltr'>ο</span> <span class='ocrx_word' id='word_1_777' title='bbox 2163 3936 2274 4005; x_wconf 83' lang='grc' dir='ltr'>ἐγὼ</span> <span class='ocrx_word' id='word_1_778' title='bbox 2301 3934 2359 3989; x_wconf 88' lang='grc' dir='ltr'>δέ</span> <span class='ocrx_word' id='word_1_779' title='bbox 2389 3933 2537 4006; x_wconf 83' lang='grc' dir='ltr'>αὐτῷ</span> <span class='ocrx_word' id='word_1_780' title='bbox 2564 3932 2903 4004; x_wconf 76' lang='grc' dir='ltr'>περιχυθεὶς,</span> <span class='ocrx_word' id='word_1_781' title='bbox 2935 3933 3030 3986; x_wconf 78' lang='grc' dir='ltr'>καὶ</span> <span class='ocrx_word' id='word_1_782' title='bbox 3061 3932 3441 4003; x_wconf 87' lang='grc' dir='ltr'>καταφιλήσας</span> <span class='ocrx_word' id='word_1_783' title='bbox 3470 3931 3568 4003; x_wconf 82' lang='grc' dir='ltr'>τήν</span> 
     </span>
    </p>
   </div>
   <div class='ocr_carea' id='block_1_94' title="bbox 1881 4019 3569 4096">
    <p class='ocr_par' dir='ltr' id='par_1_94' title="bbox 1881 4019 3569 4096">
     <span class='ocr_line' id='line_1_94' title="bbox 1881 4019 3569 4096; baseline -0.004 -18"><span class='ocrx_word' id='word_1_784' title='bbox 1881 4024 2124 4096; x_wconf 86' lang='grc' dir='ltr'>κεφαλὴν</span> <span class='ocrx_word' id='word_1_785' title='bbox 2147 4064 2164 4090; x_wconf 96' lang='grc'>,</span> <span class='ocrx_word' id='word_1_786' title='bbox 2197 4020 2561 4094; x_wconf 76' lang='grc' dir='ltr'>προύπεμπον</span> <span class='ocrx_word' id='word_1_787' title='bbox 2582 4061 2596 4084; x_wconf 94' lang='grc'>,</span> <span class='ocrx_word' id='word_1_788' title='bbox 2624 4019 2960 4094; x_wconf 88' lang='grc' dir='ltr'>παρακαλῶν</span> <span class='ocrx_word' id='word_1_789' title='bbox 2998 4019 3263 4088; x_wconf 87' lang='grc' dir='ltr'>γενναίως</span> <span class='ocrx_word' id='word_1_790' title='bbox 3294 4021 3481 4092; x_wconf 84' lang='grc' dir='ltr'>φέρειν</span> <span class='ocrx_word' id='word_1_791' title='bbox 3508 4020 3569 4073; x_wconf 77' lang='grc' dir='ltr'>τὸ</span> 
     </span>
    </p>
   </div>
   <div class='ocr_carea' id='block_1_95' title="bbox 1883 4106 3569 4184">
    <p class='ocr_par' dir='ltr' id='par_1_95' title="bbox 1883 4106 3569 4184">
     <span class='ocr_line' id='line_1_95' title="bbox 1883 4106 3569 4184; baseline -0.004 -18"><span class='ocrx_word' id='word_1_792' title='bbox 1883 4111 2253 4184; x_wconf 78' lang='grc' dir='ltr'>συμϐεϐηκός.</span> <span class='ocrx_word' id='word_1_793' title='bbox 2286 4109 2537 4164; x_wconf 87' lang='grc' dir='ltr'>Πιστεύω</span> <span class='ocrx_word' id='word_1_794' title='bbox 2564 4109 2703 4180; x_wconf 80' lang='grc' dir='ltr'>γὰρ,</span> <span class='ocrx_word' id='word_1_795' title='bbox 2728 4108 2887 4179; x_wconf 77' lang='grc' dir='ltr'>ἔφην,</span> <span class='ocrx_word' id='word_1_796' title='bbox 2918 4107 2997 4178; x_wconf 85' lang='grc' dir='ltr'>τῷ</span> <span class='ocrx_word' id='word_1_797' title='bbox 3023 4107 3315 4160; x_wconf 87' lang='grc' dir='ltr'>καλέσαντί</span> <span class='ocrx_word' id='word_1_798' title='bbox 3348 4125 3407 4160; x_wconf 89' lang='grc' dir='ltr'>σε</span> <span class='ocrx_word' id='word_1_799' title='bbox 3435 4106 3569 4177; x_wconf 78' lang='grc' dir='ltr'>Χρι-</span> 
     </span>
    </p>
   </div>
   <div class='ocr_carea' id='block_1_96' title="bbox 1885 4194 3568 4273">
    <p class='ocr_par' dir='ltr' id='par_1_96' title="bbox 1885 4194 3568 4273">
     <span class='ocr_line' id='line_1_96' title="bbox 1885 4194 3568 4273; baseline -0.005 -19"><span class='ocrx_word' id='word_1_800' title='bbox 1885 4201 1996 4273; x_wconf 87' lang='grc' dir='ltr'>στῷ</span> <span class='ocrx_word' id='word_1_801' title='bbox 2015 4242 2029 4264; x_wconf 93' lang='grc'>,</span> <span class='ocrx_word' id='word_1_802' title='bbox 2056 4202 2152 4254; x_wconf 72' lang='grc' dir='ltr'>καὶ</span> <span class='ocrx_word' id='word_1_803' title='bbox 2176 4203 2290 4263; x_wconf 91' lang='grc' dir='ltr'>τοῖς</span> <span class='ocrx_word' id='word_1_804' title='bbox 2324 4198 2475 4261; x_wconf 77' lang='grc' dir='ltr'>ἰδίοις</span> <span class='ocrx_word' id='word_1_805' title='bbox 2505 4197 2863 4267; x_wconf 82' lang='grc' dir='ltr'>ἐπιστήσαντι</span> <span class='ocrx_word' id='word_1_806' title='bbox 2896 4195 3221 4266; x_wconf 87' lang='grc' dir='ltr'>προϐάτοις,</span> <span class='ocrx_word' id='word_1_807' title='bbox 3247 4195 3329 4247; x_wconf 83' lang='grc' dir='ltr'>ὅτι</span> <span class='ocrx_word' id='word_1_808' title='bbox 3365 4194 3568 4248; x_wconf 87' lang='grc' dir='ltr'>τοσαύ-</span> 
     </span>
    </p>
   </div>
   <div class='ocr_carea' id='block_1_97' title="bbox 1879 4280 3569 4357">
    <p class='ocr_par' dir='ltr' id='par_1_97' title="bbox 1879 4280 3569 4357">
     <span class='ocr_line' id='line_1_97' title="bbox 1879 4280 3569 4357; baseline -0.004 -17"><span class='ocrx_word' id='word_1_809' title='bbox 1879 4305 1980 4356; x_wconf 92' lang='grc' dir='ltr'>την</span> <span class='ocrx_word' id='word_1_810' title='bbox 2004 4290 2068 4341; x_wconf 85' lang='grc' dir='ltr'>ἐκ</span> <span class='ocrx_word' id='word_1_811' title='bbox 2094 4287 2194 4357; x_wconf 81' lang='grc' dir='ltr'>τῆς</span> <span class='ocrx_word' id='word_1_812' title='bbox 2221 4284 2499 4349; x_wconf 87' lang='grc' dir='ltr'>διακονίας</span> <span class='ocrx_word' id='word_1_813' title='bbox 2526 4283 2732 4353; x_wconf 88' lang='grc' dir='ltr'>ταύτης</span> <span class='ocrx_word' id='word_1_814' title='bbox 2762 4283 2940 4355; x_wconf 84' lang='grc' dir='ltr'>κτήσῃ</span> <span class='ocrx_word' id='word_1_815' title='bbox 2968 4281 3067 4352; x_wconf 86' lang='grc' dir='ltr'>τὴν</span> <span class='ocrx_word' id='word_1_816' title='bbox 3101 4280 3416 4353; x_wconf 76' lang='grc' dir='ltr'>παρρησίαν</span> <span class='ocrx_word' id='word_1_817' title='bbox 3436 4322 3449 4346; x_wconf 91' lang='grc'>,</span> <span class='ocrx_word' id='word_1_818' title='bbox 3493 4280 3569 4344; x_wconf 84' lang='grc' dir='ltr'>ὡς</span> 
     </span>
    </p>
   </div>
   <div class='ocr_carea' id='block_1_98' title="bbox 1881 4368 3568 4447">
    <p class='ocr_par' dir='ltr' id='par_1_98' title="bbox 1881 4368 3568 4447">
     <span class='ocr_line' id='line_1_98' title="bbox 1881 4368 3568 4447; baseline -0.005 -16"><span class='ocrx_word' id='word_1_819' title='bbox 1881 4376 1976 4431; x_wconf 82' lang='grc' dir='ltr'>καὶ</span> <span class='ocrx_word' id='word_1_820' title='bbox 2019 4377 2168 4447; x_wconf 81' lang='grc' dir='ltr'>ἡμᾶς</span> <span class='ocrx_word' id='word_1_821' title='bbox 2208 4374 2351 4428; x_wconf 87' lang='grc' dir='ltr'>κατά</span> <span class='ocrx_word' id='word_1_822' title='bbox 2394 4375 2493 4444; x_wconf 86' lang='grc' dir='ltr'>τὴν</span> <span class='ocrx_word' id='word_1_823' title='bbox 2525 4371 2740 4443; x_wconf 86' lang='grc' dir='ltr'>ἡμέραν</span> <span class='ocrx_word' id='word_1_824' title='bbox 2789 4370 3005 4441; x_wconf 86' lang='grc' dir='ltr'>ἐκείνην</span> <span class='ocrx_word' id='word_1_825' title='bbox 3043 4368 3453 4433; x_wconf 86' lang='grc' dir='ltr'>κινδυνεύοντας</span> <span class='ocrx_word' id='word_1_826' title='bbox 3488 4370 3568 4434; x_wconf 84' lang='grc' dir='ltr'>είς</span> 
     </span>
    </p>
   </div>
   <div class='ocr_carea' id='block_1_99' title="bbox 1880 4460 2898 4535">
    <p class='ocr_par' dir='ltr' id='par_1_99' title="bbox 1880 4460 2898 4535">
     <span class='ocr_line' id='line_1_99' title="bbox 1880 4460 2898 4535; baseline -0.005 -19"><span class='ocrx_word' id='word_1_827' title='bbox 1880 4464 1980 4535; x_wconf 80' lang='grc' dir='ltr'>τὴν</span> <span class='ocrx_word' id='word_1_828' title='bbox 2010 4463 2229 4518; x_wconf 86' lang='grc' dir='ltr'>αἰώνιόν</span> <span class='ocrx_word' id='word_1_829' title='bbox 2265 4480 2359 4517; x_wconf 92' lang='grc' dir='ltr'>σου</span> <span class='ocrx_word' id='word_1_830' title='bbox 2387 4460 2643 4526; x_wconf 80' lang='grc' dir='ltr'>δέξασθαι</span> <span class='ocrx_word' id='word_1_831' title='bbox 2670 4460 2898 4529; x_wconf 84' lang='grc' dir='ltr'>σκηνήν.</span> 
     </span>
    </p>
   </div>
   <div class='ocr_carea' id='block_1_100' title="bbox 1948 4542 3183 4610">
    <p class='ocr_par' dir='ltr' id='par_1_100' title="bbox 1948 4542 3183 4610">
     <span class='ocr_line' id='line_1_100' title="bbox 1948 4542 3183 4610; baseline -0.006 -9"><span class='ocrx_word' id='word_1_832' title='bbox 1948 4554 1973 4592; x_wconf 73' lang='grc' dir='ltr'><strong>Β</strong></span> <span class='ocrx_word' id='word_1_833' title='bbox 1999 4552 2098 4601; x_wconf 85' lang='lat' dir='ltr'><strong>Alii</strong></span> <span class='ocrx_word' id='word_1_834' title='bbox 2117 4551 2330 4610; x_wconf 75' lang='grc' dir='ltr'>ἑστάναι,</span> <span class='ocrx_word' id='word_1_835' title='bbox 2355 4550 2539 4599; x_wconf 85' lang='lat' dir='ltr'><strong>omisso</strong></span> <span class='ocrx_word' id='word_1_836' title='bbox 2555 4562 2670 4597; x_wconf 76' lang='lat' dir='ltr'><strong>mox</strong></span> <span class='ocrx_word' id='word_1_837' title='bbox 2695 4546 2832 4605; x_wconf 85' lang='grc' dir='ltr'>εἶναι,</span> <span class='ocrx_word' id='word_1_838' title='bbox 2864 4552 2918 4610; x_wconf 76' lang='lat' dir='ltr'>et</span> <span class='ocrx_word' id='word_1_839' title='bbox 2935 4546 3007 4595; x_wconf 79' lang='lat' dir='ltr'><strong>sic</strong></span> <span class='ocrx_word' id='word_1_840' title='bbox 3029 4542 3183 4610; x_wconf 48' lang='lat' dir='ltr'><strong>sai/il.</strong></span> 
     </span>
    </p>
   </div>
   <div class='ocr_carea' id='block_1_101' title="bbox 1949 4603 3568 4676">
    <p class='ocr_par' dir='ltr' id='par_1_101' title="bbox 1949 4603 3568 4676">
     <span class='ocr_line' id='line_1_101' title="bbox 1949 4603 3568 4676; baseline -0.006 -13"><span class='ocrx_word' id='word_1_841' title='bbox 1949 4614 1976 4652; x_wconf 64' lang='grc' dir='ltr'>ιι</span> <span class='ocrx_word' id='word_1_842' title='bbox 2003 4612 2104 4663; x_wconf 83' lang='lat' dir='ltr'><strong>Alii</strong></span> <span class='ocrx_word' id='word_1_843' title='bbox 2127 4603 2349 4676; x_wconf 76' lang='grc' dir='ltr'>ἐλλείψεί.</span> <span class='ocrx_word' id='word_1_844' title='bbox 2371 4611 2427 4660; x_wconf 92' lang='lat' dir='ltr'>In</span> <span class='ocrx_word' id='word_1_845' title='bbox 2442 4613 2548 4676; x_wconf 87' lang='lat' dir='ltr'><strong>_ﬁne</strong></span> <span class='ocrx_word' id='word_1_846' title='bbox 2566 4611 2753 4676; x_wconf 73' lang='lat' dir='ltr'><strong>addunt</strong></span> <span class='ocrx_word' id='word_1_847' title='bbox 2773 4603 2972 4676; x_wconf 64' lang='lat' dir='ltr'><strong>qnidam</strong></span> <span class='ocrx_word' id='word_1_848' title='bbox 2997 4607 3198 4676; x_wconf 63' lang='lat' dir='ltr'><strong>codices</strong></span> <span class='ocrx_word' id='word_1_849' title='bbox 3220 4605 3346 4676; x_wconf 58' lang='lat' dir='ltr'><strong>lianc</strong></span> <span class='ocrx_word' id='word_1_850' title='bbox 3376 4604 3476 4676; x_wconf 52' lang='lat' dir='ltr'>vel</span> <span class='ocrx_word' id='word_1_851' title='bbox 3500 4603 3568 4676; x_wconf 65' lang='lat' dir='ltr'>si:</span> 
     </span>
    </p>
   </div>
   <div class='ocr_carea' id='block_1_102' title="bbox 1881 4664 3569 4739">
    <p class='ocr_par' dir='ltr' id='par_1_102' title="bbox 1881 4664 3569 4739">
     <span class='ocr_line' id='line_1_102' title="bbox 1881 4664 3569 4739; baseline -0.007 -13"><span class='ocrx_word' id='word_1_852' title='bbox 1881 4679 2051 4726; x_wconf 85' lang='lat' dir='ltr'><strong>milem</strong></span> <span class='ocrx_word' id='word_1_853' title='bbox 2082 4664 2375 4739; x_wconf 72' lang='lat' dir='ltr'><strong>clausulam,</strong></span> <span class='ocrx_word' id='word_1_854' title='bbox 2387 4674 2551 4739; x_wconf 85' lang='grc' dir='ltr'>χάριτι</span> <span class='ocrx_word' id='word_1_855' title='bbox 2582 4672 2664 4721; x_wconf 82' lang='grc' dir='ltr'>καὶ</span> <span class='ocrx_word' id='word_1_856' title='bbox 2699 4664 3424 4739; x_wconf 55' lang='grc' dir='ltr'>οἰκτιρμοῖςποῦφιλανθρώπου</span> <span class='ocrx_word' id='word_1_857' title='bbox 3435 4664 3569 4739; x_wconf 70' lang='grc' dir='ltr'>Θεοῦ</span> 
     </span>
    </p>
   </div>
   <div class='ocr_carea' id='block_1_103' title="bbox 1882 4727 3569 4802">
    <p class='ocr_par' dir='ltr' id='par_1_103' title="bbox 1882 4727 3569 4802">
     <span class='ocr_line' id='line_1_103' title="bbox 1882 4727 3569 4802; baseline -0.005 -16"><span class='ocrx_word' id='word_1_858' title='bbox 1882 4740 2042 4801; x_wconf 81' lang='grc' dir='ltr'>ἡμῶν,</span> <span class='ocrx_word' id='word_1_859' title='bbox 2069 4738 2110 4800; x_wconf 83' lang='grc' dir='ltr'>ᾧ</span> <span class='ocrx_word' id='word_1_860' title='bbox 2131 4738 2301 4802; x_wconf 84' lang='grc' dir='ltr'>πρέπει</span> <span class='ocrx_word' id='word_1_861' title='bbox 2325 4727 2580 4796; x_wconf 74' lang='grc' dir='ltr'>δόἐᾶ,“ειο.</span> <span class='ocrx_word' id='word_1_862' title='bbox 2601 4746 2748 4798; x_wconf 85' lang='lat' dir='ltr'><strong>quam</strong></span> <span class='ocrx_word' id='word_1_863' title='bbox 2775 4727 2942 4782; x_wconf 73' lang='lat' dir='ltr'><strong>in&#39;t&#39;ine</strong></span> <span class='ocrx_word' id='word_1_864' title='bbox 2967 4727 3275 4781; x_wconf 82' lang='lat' dir='ltr'><strong>homlliarum</strong></span> <span class='ocrx_word' id='word_1_865' title='bbox 3298 4727 3477 4792; x_wconf 79' lang='lat' dir='ltr'><strong>passim</strong></span> <span class='ocrx_word' id='word_1_866' title='bbox 3498 4730 3569 4777; x_wconf 78' lang='lat' dir='ltr'>vi-</span> 
     </span>
    </p>
   </div>
   <div class='ocr_carea' id='block_1_104' title="bbox 1882 4804 2075 4850">
    <p class='ocr_par' dir='ltr' id='par_1_104' title="bbox 1882 4804 2075 4850">
     <span class='ocr_line' id='line_1_104' title="bbox 1882 4804 2075 4850; baseline -0.01 0"><span class='ocrx_word' id='word_1_867' title='bbox 1882 4804 2075 4850; x_wconf 63' lang='lat' dir='ltr'><strong>demus.</strong></span> 
     </span>
    </p>
   </div>
   <div class='ocr_carea' id='block_1_105' title="bbox 3286 4972 3464 4982">
    <p class='ocr_par' dir='ltr' id='par_1_105' title="bbox 3286 4972 3464 4982">
     <span class='ocr_line' id='line_1_105' title="bbox 3286 4972 3464 4982; baseline -0.011 0"><span class='ocrx_word' id='word_1_868' title='bbox 3286 4972 3464 4982; x_wconf 75' lang='lat'>_.———</span> 
     </span>
    </p>
   </div>
   <div class='ocr_carea' id='block_1_106' title="bbox 1628 5119 2031 5183">
    <p class='ocr_par' dir='ltr' id='par_1_106' title="bbox 1628 5119 2031 5183">
     <span class='ocr_line' id='line_1_106' title="bbox 1628 5119 2031 5183; baseline -0.007 1"><span class='ocrx_word' id='word_1_869' title='bbox 1628 5119 2031 5183; x_wconf 83' lang='lat' dir='ltr'>MONITUM.</span> 
     </span>
    </p>
   </div>
   <div class='ocr_carea' id='block_1_107' title="bbox 195 5280 1774 5360">
    <p class='ocr_par' dir='ltr' id='par_1_107' title="bbox 195 5280 1774 5360">
     <span class='ocr_line' id='line_1_107' title="bbox 195 5280 1774 5360; baseline -0.003 -18"><span class='ocrx_word' id='word_1_870' title='bbox 195 5288 276 5347; x_wconf 74' lang='lat' dir='ltr'><strong>tis.</strong></span> <span class='ocrx_word' id='word_1_871' title='bbox 310 5289 523 5344; x_wconf 83' lang='lat' dir='ltr'><strong>nullam</strong></span> <span class='ocrx_word' id='word_1_872' title='bbox 565 5303 727 5360; x_wconf 81' lang='lat' dir='ltr'>posse</span> <span class='ocrx_word' id='word_1_873' title='bbox 753 5285 1124 5352; x_wconf 79' lang='lat' dir='ltr'><strong>chronologiae</strong></span> <span class='ocrx_word' id='word_1_874' title='bbox 1162 5284 1431 5339; x_wconf 83' lang='lat' dir='ltr'><strong>rationem</strong></span> <span class='ocrx_word' id='word_1_875' title='bbox 1478 5283 1625 5339; x_wconf 83' lang='lat' dir='ltr'><strong>duci.</strong></span> <span class='ocrx_word' id='word_1_876' title='bbox 1655 5280 1774 5337; x_wconf 86' lang='lat' dir='ltr'><strong>Jam</strong></span> 
     </span>
    </p>
   </div>
   <div class='ocr_carea' id='block_1_108' title="bbox 194 5378 1778 5449">
    <p class='ocr_par' dir='ltr' id='par_1_108' title="bbox 194 5378 1778 5449">
     <span class='ocr_line' id='line_1_108' title="bbox 194 5378 1778 5449; baseline -0.004 -15"><span class='ocrx_word' id='word_1_877' title='bbox 194 5383 816 5438; x_wconf 75' lang='lat' dir='ltr'><strong>saneostendimuslioc</strong></span> <span class='ocrx_word' id='word_1_878' title='bbox 842 5378 1194 5449; x_wconf 84' lang='lat' dir='ltr'><strong>computandi</strong></span> <span class='ocrx_word' id='word_1_879' title='bbox 1253 5391 1423 5448; x_wconf 77' lang='lat' dir='ltr'><strong>genus</strong></span> <span class='ocrx_word' id='word_1_880' title='bbox 1488 5389 1778 5448; x_wconf 76' lang='lat' dir='ltr'>aggressos</span> 
     </span>
    </p>
   </div>
   <div class='ocr_carea' id='block_1_109' title="bbox 199 5466 1779 5545">
    <p class='ocr_par' dir='ltr' id='par_1_109' title="bbox 199 5466 1779 5545">
     <span class='ocr_line' id='line_1_109' title="bbox 199 5466 1779 5545; baseline -0.001 -21"><span class='ocrx_word' id='word_1_881' title='bbox 199 5471 338 5528; x_wconf 82' lang='lat' dir='ltr'><strong>viros</strong></span> <span class='ocrx_word' id='word_1_882' title='bbox 365 5476 562 5531; x_wconf 85' lang='lat' dir='ltr'><strong>doctos</strong></span> <span class='ocrx_word' id='word_1_883' title='bbox 625 5475 939 5545; x_wconf 77' lang='lat' dir='ltr'><strong>frequenter</strong></span> <span class='ocrx_word' id='word_1_884' title='bbox 1003 5473 1191 5542; x_wconf 87' lang='lat' dir='ltr'><strong>lapsos</strong></span> <span class='ocrx_word' id='word_1_885' title='bbox 1246 5484 1388 5524; x_wconf 81' lang='lat' dir='ltr'><strong>esse.</strong></span> <span class='ocrx_word' id='word_1_886' title='bbox 1437 5466 1561 5523; x_wconf 89' lang='lat' dir='ltr'>Uno</span> <span class='ocrx_word' id='word_1_887' title='bbox 1614 5467 1779 5522; x_wconf 79' lang='lat' dir='ltr'><strong>verbo</strong></span> 
     </span>
    </p>
   </div>
   <div class='ocr_carea' id='block_1_110' title="bbox 200 5559 1776 5639">
    <p class='ocr_par' dir='ltr' id='par_1_110' title="bbox 200 5559 1776 5639">
     <span class='ocr_line' id='line_1_110' title="bbox 200 5559 1776 5639; baseline -0.002 -21"><span class='ocrx_word' id='word_1_888' title='bbox 200 5567 540 5635; x_wconf 82' lang='lat' dir='ltr'>concludam,</span> <span class='ocrx_word' id='word_1_889' title='bbox 562 5578 850 5639; x_wconf 77' lang='lat' dir='ltr'>postquam</span> <span class='ocrx_word' id='word_1_890' title='bbox 876 5566 1116 5621; x_wconf 83' lang='lat' dir='ltr'><strong>vidimus</strong></span> <span class='ocrx_word' id='word_1_891' title='bbox 1138 5571 1369 5617; x_wconf 88' lang='lat' dir='ltr'><strong>matrem</strong></span> <span class='ocrx_word' id='word_1_892' title='bbox 1395 5559 1776 5632; x_wconf 83' lang='lat' dir='ltr'><strong>Chrysostomi</strong></span> 
     </span>
    </p>
   </div>
   <div class='ocr_carea' id='block_1_111' title="bbox 204 5656 1778 5732">
    <p class='ocr_par' dir='ltr' id='par_1_111' title="bbox 204 5656 1778 5732">
     <span class='ocr_line' id='line_1_111' title="bbox 204 5656 1778 5732; baseline -0.002 -22"><span class='ocrx_word' id='word_1_893' title='bbox 204 5657 287 5710; x_wconf 77' lang='lat' dir='ltr'><strong>vix</strong></span> <span class='ocrx_word' id='word_1_894' title='bbox 312 5661 793 5732; x_wconf 68' lang='lat' dir='ltr'><strong>quadragesimum</strong></span> <span class='ocrx_word' id='word_1_895' title='bbox 825 5659 1117 5730; x_wconf 85' lang='lat' dir='ltr'><strong>septimum</strong></span> <span class='ocrx_word' id='word_1_896' title='bbox 1148 5656 1327 5712; x_wconf 65' lang='lat' dir='ltr'><strong>aetatis</strong></span> <span class='ocrx_word' id='word_1_897' title='bbox 1361 5669 1563 5709; x_wconf 90' lang='lat' dir='ltr'><strong>annum</strong></span> <span class='ocrx_word' id='word_1_898' title='bbox 1591 5668 1778 5709; x_wconf 87' lang='lat' dir='ltr'><strong>emen-</strong></span> 
     </span>
    </p>
   </div>
   <div class='ocr_carea' id='block_1_112' title="bbox 203 5746 1780 5825">
    <p class='ocr_par' dir='ltr' id='par_1_112' title="bbox 203 5746 1780 5825">
     <span class='ocr_line' id='line_1_112' title="bbox 203 5746 1780 5825; baseline -0.003 -23"><span class='ocrx_word' id='word_1_899' title='bbox 203 5762 315 5804; x_wconf 77' lang='lat' dir='ltr'><strong>sam</strong></span> <span class='ocrx_word' id='word_1_900' title='bbox 344 5766 405 5807; x_wconf 85' lang='lat' dir='ltr'><strong>se</strong></span> <span class='ocrx_word' id='word_1_901' title='bbox 435 5762 593 5808; x_wconf 72' lang='lat' dir='ltr'><strong>aetate</strong></span> <span class='ocrx_word' id='word_1_902' title='bbox 616 5761 961 5825; x_wconf 77' lang='lat' dir='ltr'>provectam,</span> <span class='ocrx_word' id='word_1_903' title='bbox 988 5750 1390 5822; x_wconf 88' lang='grc' dir='ltr'>γεγηρακυῖαν,</span> <span class='ocrx_word' id='word_1_904' title='bbox 1426 5754 1481 5801; x_wconf 89' lang='lat' dir='ltr'>et</span> <span class='ocrx_word' id='word_1_905' title='bbox 1530 5746 1780 5814; x_wconf 77' lang='lat' dir='ltr'><strong>sepulcro</strong></span> 
     </span>
    </p>
   </div>
   <div class='ocr_carea' id='block_1_113' title="bbox 206 5840 1784 5918">
    <p class='ocr_par' dir='ltr' id='par_1_113' title="bbox 206 5840 1784 5918">
     <span class='ocr_line' id='line_1_113' title="bbox 206 5840 1784 5918; baseline -0.004 -20"><span class='ocrx_word' id='word_1_906' title='bbox 206 5847 509 5911; x_wconf 79' lang='lat' dir='ltr'><strong>proximam</strong></span> <span class='ocrx_word' id='word_1_907' title='bbox 543 5849 745 5914; x_wconf 84' lang='lat' dir='ltr'>dicere,</span> <span class='ocrx_word' id='word_1_908' title='bbox 777 5858 830 5903; x_wconf 87' lang='lat' dir='ltr'>et</span> <span class='ocrx_word' id='word_1_909' title='bbox 856 5848 1034 5918; x_wconf 89' lang='lat' dir='ltr'><strong>ipsum</strong></span> <span class='ocrx_word' id='word_1_910' title='bbox 1066 5845 1521 5916; x_wconf 80' lang='lat' dir='ltr'><strong>Chrysostomum</strong></span> <span class='ocrx_word' id='word_1_911' title='bbox 1551 5840 1784 5911; x_wconf 79' lang='lat' dir='ltr'><strong>quadra-</strong></span> 
     </span>
    </p>
   </div>
   <div class='ocr_carea' id='block_1_114' title="bbox 519 5960 1265 6028">
    <p class='ocr_par' dir='ltr' id='par_1_114' title="bbox 519 5960 1265 6028">
     <span class='ocr_line' id='line_1_114' title="bbox 519 5960 1265 6028; baseline -0.007 -5"><span class='ocrx_word' id='word_1_912' title='bbox 519 5965 789 6028; x_wconf 72' lang='lat' dir='ltr'>PATRUL.</span> <span class='ocrx_word' id='word_1_913' title='bbox 831 5964 947 6025; x_wconf 79' lang='lat' dir='ltr'>Gn.</span> <span class='ocrx_word' id='word_1_914' title='bbox 986 5960 1265 6023; x_wconf 74' lang='lat' dir='ltr'>XLVI&quot;.</span> 
     </span>
    </p>
   </div>
   <div class='ocr_carea' id='block_1_115' title="bbox 1887 5271 3465 5352">
    <p class='ocr_par' dir='ltr' id='par_1_115' title="bbox 1887 5271 3465 5352">
     <span class='ocr_line' id='line_1_115' title="bbox 1887 5271 3465 5352; baseline -0.01 -16"><span class='ocrx_word' id='word_1_915' title='bbox 1887 5282 2170 5351; x_wconf 71' lang='lat' dir='ltr'><strong>genarium</strong></span> <span class='ocrx_word' id='word_1_916' title='bbox 2197 5297 2256 5338; x_wconf 87' lang='lat' dir='ltr'><strong>se</strong></span> <span class='ocrx_word' id='word_1_917' title='bbox 2292 5279 2686 5352; x_wconf 89' lang='grc' dir='ltr'>μειρακίσκον,</span> <span class='ocrx_word' id='word_1_918' title='bbox 2717 5274 2998 5347; x_wconf 81' lang='lat' dir='ltr'><strong>puerulum</strong></span> <span class='ocrx_word' id='word_1_919' title='bbox 3041 5273 3127 5327; x_wconf 78' lang='lat' dir='ltr'><strong>vel</strong></span> <span class='ocrx_word' id='word_1_920' title='bbox 3168 5271 3465 5325; x_wconf 71' lang='lat' dir='ltr'><strong>adolescen-</strong></span> 
     </span>
    </p>
   </div>
   <div class='ocr_carea' id='block_1_116' title="bbox 1885 5360 3465 5446">
    <p class='ocr_par' dir='ltr' id='par_1_116' title="bbox 1885 5360 3465 5446">
     <span class='ocr_line' id='line_1_116' title="bbox 1885 5360 3465 5446; baseline -0.009 -16"><span class='ocrx_word' id='word_1_921' title='bbox 1885 5377 2099 5440; x_wconf 80' lang='lat' dir='ltr'><strong>tulum,</strong></span> <span class='ocrx_word' id='word_1_922' title='bbox 2150 5375 2462 5446; x_wconf 84' lang='lat' dir='ltr'><strong>appellare,</strong></span> <span class='ocrx_word' id='word_1_923' title='bbox 2520 5374 2589 5428; x_wconf 87' lang='lat' dir='ltr'><strong>ab</strong></span> <span class='ocrx_word' id='word_1_924' title='bbox 2642 5370 2956 5442; x_wconf 84' lang='lat' dir='ltr'><strong>hujusmodi</strong></span> <span class='ocrx_word' id='word_1_925' title='bbox 3014 5364 3273 5436; x_wconf 79' lang='lat' dir='ltr'><strong>temporis</strong></span> <span class='ocrx_word' id='word_1_926' title='bbox 3323 5360 3465 5415; x_wconf 88' lang='lat' dir='ltr'><strong>notis</strong></span> 
     </span>
    </p>
   </div>
   <div class='ocr_carea' id='block_1_117' title="bbox 1883 5467 2779 5537">
    <p class='ocr_par' dir='ltr' id='par_1_117' title="bbox 1883 5467 2779 5537">
     <span class='ocr_line' id='line_1_117' title="bbox 1883 5467 2779 5537; baseline -0.01 -14"><span class='ocrx_word' id='word_1_927' title='bbox 1883 5482 2114 5537; x_wconf 88' lang='lat' dir='ltr'><strong>prorsus</strong></span> <span class='ocrx_word' id='word_1_928' title='bbox 2140 5467 2519 5522; x_wconf 81' lang='lat' dir='ltr'><strong>abstineamus</strong></span> <span class='ocrx_word' id='word_1_929' title='bbox 2547 5470 2779 5533; x_wconf 82' lang='lat' dir='ltr'><strong>oportet.</strong></span> 
     </span>
    </p>
   </div>
   <div class='ocr_carea' id='block_1_118' title="bbox 1956 5551 3465 5627">
    <p class='ocr_par' dir='ltr' id='par_1_118' title="bbox 1956 5551 3465 5627">
     <span class='ocr_line' id='line_1_118' title="bbox 1956 5551 3465 5627; baseline -0.013 -13"><span class='ocrx_word' id='word_1_930' title='bbox 1956 5560 2150 5614; x_wconf 83' lang='lat' dir='ltr'><strong>Incerti</strong></span> <span class='ocrx_word' id='word_1_931' title='bbox 2172 5556 2457 5627; x_wconf 87' lang='lat' dir='ltr'><strong>cujusdam</strong></span> <span class='ocrx_word' id='word_1_932' title='bbox 2497 5551 2997 5623; x_wconf 84' lang='lat' dir='ltr'><strong>interpretationem</strong></span> <span class='ocrx_word' id='word_1_933' title='bbox 3030 5557 3113 5603; x_wconf 87' lang='lat' dir='ltr'><strong>sat</strong></span> <span class='ocrx_word' id='word_1_934' title='bbox 3151 5552 3465 5601; x_wconf 83' lang='lat' dir='ltr'><strong>accuratam</strong></span> 
     </span>
    </p>
   </div>
   <div class='ocr_carea' id='block_1_119' title="bbox 1883 5638 3467 5720">
    <p class='ocr_par' dir='ltr' id='par_1_119' title="bbox 1883 5638 3467 5720">
     <span class='ocr_line' id='line_1_119' title="bbox 1883 5638 3467 5720; baseline -0.011 -13"><span class='ocrx_word' id='word_1_935' title='bbox 1883 5661 1938 5707; x_wconf 88' lang='lat' dir='ltr'>et</span> <span class='ocrx_word' id='word_1_936' title='bbox 1966 5652 2293 5720; x_wconf 79' lang='lat' dir='ltr'><strong>elegantem,</strong></span> <span class='ocrx_word' id='word_1_937' title='bbox 2323 5649 2533 5717; x_wconf 88' lang='lat' dir='ltr'><strong>aliquot</strong></span> <span class='ocrx_word' id='word_1_938' title='bbox 2585 5655 2768 5702; x_wconf 84' lang='lat' dir='ltr'><strong>tamen</strong></span> <span class='ocrx_word' id='word_1_939' title='bbox 2829 5646 2883 5700; x_wconf 76' lang='lat' dir='ltr'><strong>En</strong></span> <span class='ocrx_word' id='word_1_940' title='bbox 2930 5642 3068 5698; x_wconf 84' lang='lat' dir='ltr'><strong>locis</strong></span> <span class='ocrx_word' id='word_1_941' title='bbox 3122 5638 3467 5696; x_wconf 83' lang='lat' dir='ltr'><strong>emendatam</strong></span> 
     </span>
    </p>
   </div>
   <div class='ocr_carea' id='block_1_120' title="bbox 1883 5745 2235 5801">
    <p class='ocr_par' dir='ltr' id='par_1_120' title="bbox 1883 5745 2235 5801">
     <span class='ocr_line' id='line_1_120' title="bbox 1883 5745 2235 5801; baseline 0.003 -2"><span class='ocrx_word' id='word_1_942' title='bbox 1883 5745 2235 5801; x_wconf 83' lang='lat' dir='ltr'><strong>retinuimus.</strong></span> 
     </span>
    </p>
   </div>
   <div class='ocr_carea' id='block_1_121' title="bbox 3078 5940 3149 6001">
    <p class='ocr_par' dir='ltr' id='par_1_121' title="bbox 3078 5940 3149 6001">
     <span class='ocr_line' id='line_1_121' title="bbox 3078 5940 3149 6001; baseline -0.014 0"><span class='ocrx_word' id='word_1_943' title='bbox 3078 5940 3149 6001; x_wconf 80' lang='grc'><strong>11</strong></span> 
     </span>
    </p>
   </div>
  </div>
