  <div class='ocr_page' id='page_1' title='image "/cluster/home/n/w/nwhite01/storage/ocr_20150623/48:no.1:pt.2/coo.31924054869478/173.png"; bbox 0 0 3942 6368; ppageno 0'>
   <div class='ocr_carea' id='block_1_1' title="bbox 405 333 507 391">
    <p class='ocr_par' dir='ltr' id='par_1_1' title="bbox 405 333 507 391">
     <span class='ocr_line' id='line_1_1' title="bbox 405 333 507 391; baseline -0.029 0"><span class='ocrx_word' id='word_1_1' title='bbox 405 333 507 391; x_wconf 73' lang='grc' dir='ltr'>6θῦ</span> 
     </span>
    </p>
   </div>
   <div class='ocr_carea' id='block_1_2' title="bbox 1148 330 3018 391">
    <p class='ocr_par' dir='ltr' id='par_1_2' title="bbox 1148 330 3018 391">
     <span class='ocr_line' id='line_1_2' title="bbox 1148 330 3018 391; baseline -0.001 -2"><span class='ocrx_word' id='word_1_2' title='bbox 1148 334 1211 389; x_wconf 86' lang='lat' dir='ltr'>S.</span> <span class='ocrx_word' id='word_1_3' title='bbox 1262 333 1544 391; x_wconf 74' lang='lat' dir='ltr'>JOANNIS</span> <span class='ocrx_word' id='word_1_4' title='bbox 1582 332 2070 388; x_wconf 72' lang='lat' dir='ltr'>(IIIRYSOSTOMI</span> <span class='ocrx_word' id='word_1_5' title='bbox 2110 330 2429 386; x_wconf 75' lang='lat' dir='ltr'>ARCHIEI’.</span> <span class='ocrx_word' id='word_1_6' title='bbox 2474 332 3018 389; x_wconf 69' lang='lat' dir='ltr'>CONSTANTINOP.</span> 
     </span>
    </p>
   </div>
   <div class='ocr_carea' id='block_1_3' title="bbox 3717 340 3810 400">
    <p class='ocr_par' dir='ltr' id='par_1_3' title="bbox 3717 340 3810 400">
     <span class='ocr_line' id='line_1_3' title="bbox 3717 340 3810 400; baseline 0.032 -3"><span class='ocrx_word' id='word_1_7' title='bbox 3717 340 3810 400; x_wconf 61' lang='lat'>69$</span> 
     </span>
    </p>
   </div>
   <div class='ocr_carea' id='block_1_4' title="bbox 506 554 3708 584">
    <p class='ocr_par' dir='ltr' id='par_1_4' title="bbox 506 554 3708 584">
     <span class='ocr_line' id='line_1_4' title="bbox 506 554 3708 584; baseline -0.002 -14"><span class='ocrx_word' id='word_1_8' title='bbox 506 554 3708 584; x_wconf 53' lang='lat' dir='ltr'><em>mm</em></span> 
     </span>
    </p>
   </div>
   <div class='ocr_carea' id='block_1_5' title="bbox 1242 895 3064 987">
    <p class='ocr_par' dir='ltr' id='par_1_5' title="bbox 1242 895 3064 987">
     <span class='ocr_line' id='line_1_5' title="bbox 1242 895 3064 987; baseline 0.002 -4"><span class='ocrx_word' id='word_1_9' title='bbox 1242 895 2067 984; x_wconf 86' lang='grc' dir='ltr'>ΧΡΥΣΟΣΤΟΜΟΥ</span> <span class='ocrx_word' id='word_1_10' title='bbox 2141 896 2536 984; x_wconf 89' lang='grc' dir='ltr'>ΟΜΙΛΙΑ</span> <span class='ocrx_word' id='word_1_11' title='bbox 2609 896 3064 987; x_wconf 67' lang='grc' dir='ltr'>ΠΡΩΤΗ³ν</span> 
     </span>
    </p>
   </div>
   <div class='ocr_carea' id='block_1_6' title="bbox 519 1160 3725 1235">
    <p class='ocr_par' dir='ltr' id='par_1_6' title="bbox 519 1160 3725 1235">
     <span class='ocr_line' id='line_1_6' title="bbox 519 1160 3725 1235; baseline 0.002 -21"><span class='ocrx_word' id='word_1_12' title='bbox 519 1165 657 1216; x_wconf 72' lang='grc' dir='ltr'>ὐσε</span> <span class='ocrx_word' id='word_1_13' title='bbox 690 1162 1090 1230; x_wconf 78' lang='grc' dir='ltr'>πρεσϐύτερος</span> <span class='ocrx_word' id='word_1_14' title='bbox 1129 1162 1569 1231; x_wconf 77' lang='grc' dir='ltr'>προεχειρίσθη,</span> <span class='ocrx_word' id='word_1_15' title='bbox 1611 1163 1696 1227; x_wconf 69' lang='grc' dir='ltr'>εἷς</span> <span class='ocrx_word' id='word_1_16' title='bbox 1734 1160 1973 1225; x_wconf 79' lang='grc' dir='ltr'>ἑαυτὸν,</span> <span class='ocrx_word' id='word_1_17' title='bbox 2014 1160 2111 1235; x_wconf 74' lang='grc' dir='ltr'>καὶ</span> <span class='ocrx_word' id='word_1_18' title='bbox 2140 1164 2228 1227; x_wconf 76' lang='grc' dir='ltr'>εις</span> <span class='ocrx_word' id='word_1_19' title='bbox 2267 1162 2375 1215; x_wconf 82' lang='grc' dir='ltr'>τὸν</span> <span class='ocrx_word' id='word_1_20' title='bbox 2414 1162 2774 1226; x_wconf 71' lang='grc' dir='ltr'>ἐπίσκοπον,</span> <span class='ocrx_word' id='word_1_21' title='bbox 2814 1162 2911 1215; x_wconf 79' lang='grc' dir='ltr'>καὶ</span> <span class='ocrx_word' id='word_1_22' title='bbox 2946 1163 3033 1227; x_wconf 82' lang='grc' dir='ltr'>εἰς</span> <span class='ocrx_word' id='word_1_23' title='bbox 3066 1161 3129 1214; x_wconf 85' lang='grc' dir='ltr'>τὸ</span> <span class='ocrx_word' id='word_1_24' title='bbox 3162 1160 3393 1228; x_wconf 79' lang='grc' dir='ltr'>πλῆθος</span> <span class='ocrx_word' id='word_1_25' title='bbox 3430 1162 3537 1216; x_wconf 79' lang='grc' dir='ltr'>τοῦ</span> <span class='ocrx_word' id='word_1_26' title='bbox 3567 1163 3725 1221; x_wconf 62' lang='grc' dir='ltr'>λαοῦ.</span> 
     </span>
    </p>
   </div>
   <div class='ocr_carea' id='block_1_7' title="bbox 473 1806 2074 1885">
    <p class='ocr_par' dir='ltr' id='par_1_7' title="bbox 473 1806 2074 1885">
     <span class='ocr_line' id='line_1_7' title="bbox 473 1806 2074 1885; baseline -0.003 -18"><span class='ocrx_word' id='word_1_27' title='bbox 473 1819 539 1867; x_wconf 82' lang='grc' dir='ltr'>α’.</span> <span class='ocrx_word' id='word_1_28' title='bbox 581 1809 730 1885; x_wconf 73' lang='grc' dir='ltr'>’Λρα</span> <span class='ocrx_word' id='word_1_29' title='bbox 758 1809 932 1881; x_wconf 80' lang='grc' dir='ltr'><strong>ἀληθῆ</strong></span> <span class='ocrx_word' id='word_1_30' title='bbox 963 1810 1027 1863; x_wconf 78' lang='grc' dir='ltr'>τά</span> <span class='ocrx_word' id='word_1_31' title='bbox 1060 1809 1342 1880; x_wconf 90' lang='grc' dir='ltr'>συμϐάντα</span> <span class='ocrx_word' id='word_1_32' title='bbox 1378 1812 1503 1881; x_wconf 78' lang='grc' dir='ltr'>περὶ</span> <span class='ocrx_word' id='word_1_33' title='bbox 1529 1812 1704 1881; x_wconf 56' lang='lat' dir='ltr'>mag;</span> <span class='ocrx_word' id='word_1_34' title='bbox 1734 1812 1827 1863; x_wconf 72' lang='grc' dir='ltr'>καὶ</span> <span class='ocrx_word' id='word_1_35' title='bbox 1854 1806 2074 1879; x_wconf 83' lang='grc' dir='ltr'>γέγονεν</span> 
     </span>
    </p>
   </div>
   <div class='ocr_carea' id='block_1_8' title="bbox 404 1894 2075 1969">
    <p class='ocr_par' dir='ltr' id='par_1_8' title="bbox 404 1894 2075 1969">
     <span class='ocr_line' id='line_1_8' title="bbox 404 1894 2075 1969; baseline -0.002 -15"><span class='ocrx_word' id='word_1_36' title='bbox 404 1903 567 1965; x_wconf 69' lang='grc' dir='ltr'>ὄντως</span> <span class='ocrx_word' id='word_1_37' title='bbox 597 1899 668 1953; x_wconf 90' lang='grc' dir='ltr'>τά</span> <span class='ocrx_word' id='word_1_38' title='bbox 720 1898 1062 1968; x_wconf 71' lang='grc' dir='ltr'>γεγενημένα</span> <span class='ocrx_word' id='word_1_39' title='bbox 1085 1937 1099 1961; x_wconf 92' lang='grc'>,</span> <span class='ocrx_word' id='word_1_40' title='bbox 1128 1898 1223 1951; x_wconf 82' lang='grc' dir='ltr'>καὶ</span> <span class='ocrx_word' id='word_1_41' title='bbox 1250 1897 1350 1950; x_wconf 86' lang='grc' dir='ltr'>οὐκ</span> <span class='ocrx_word' id='word_1_42' title='bbox 1374 1898 1766 1969; x_wconf 79' lang='grc' dir='ltr'>ἐξηπατήμεθα</span> <span class='ocrx_word' id='word_1_43' title='bbox 1789 1917 1803 1963; x_wconf 86' lang='lat'>;</span> <span class='ocrx_word' id='word_1_44' title='bbox 1837 1894 1956 1951; x_wconf 81' lang='grc' dir='ltr'>οὺδέ</span> <span class='ocrx_word' id='word_1_45' title='bbox 1980 1897 2075 1965; x_wconf 80' lang='grc' dir='ltr'>νὺξ</span> 
     </span>
    </p>
   </div>
   <div class='ocr_carea' id='block_1_9' title="bbox 404 1979 2076 2056">
    <p class='ocr_par' dir='ltr' id='par_1_9' title="bbox 404 1979 2076 2056">
     <span class='ocr_line' id='line_1_9' title="bbox 404 1979 2076 2056; baseline -0.002 -17"><span class='ocrx_word' id='word_1_46' title='bbox 404 1986 471 2039; x_wconf 82' lang='grc' dir='ltr'>τά</span> <span class='ocrx_word' id='word_1_47' title='bbox 517 1983 760 2056; x_wconf 84' lang='grc' dir='ltr'>παρόντα</span> <span class='ocrx_word' id='word_1_48' title='bbox 798 1979 892 2037; x_wconf 72' lang='grc' dir='ltr'>καὶ</span> <span class='ocrx_word' id='word_1_49' title='bbox 946 1982 1114 2052; x_wconf 78' lang='grc' dir='ltr'>ὄναρ,</span> <span class='ocrx_word' id='word_1_50' title='bbox 1152 1980 1264 2034; x_wconf 88' lang='grc' dir='ltr'>ἀλλ’</span> <span class='ocrx_word' id='word_1_51' title='bbox 1293 1983 1475 2053; x_wconf 80' lang='grc' dir='ltr'>ἡμέρα</span> <span class='ocrx_word' id='word_1_52' title='bbox 1525 1982 1693 2046; x_wconf 79' lang='grc' dir='ltr'>ὅντως</span> <span class='ocrx_word' id='word_1_53' title='bbox 1731 1982 1760 2021; x_wconf 73' lang='lat' dir='ltr'><strong>b</strong></span> <span class='ocrx_word' id='word_1_54' title='bbox 1793 1982 1910 2035; x_wconf 71' lang='grc' dir='ltr'>ἐστὶ</span> <span class='ocrx_word' id='word_1_55' title='bbox 1932 2024 1947 2049; x_wconf 86' lang='grc'>,</span> <span class='ocrx_word' id='word_1_56' title='bbox 1981 1983 2076 2036; x_wconf 76' lang='grc' dir='ltr'>καὶ</span> 
     </span>
    </p>
   </div>
   <div class='ocr_carea' id='block_1_10' title="bbox 404 2069 2073 2144">
    <p class='ocr_par' dir='ltr' id='par_1_10' title="bbox 404 2069 2073 2144">
     <span class='ocr_line' id='line_1_10' title="bbox 404 2069 2073 2144; baseline -0.005 -16"><span class='ocrx_word' id='word_1_57' title='bbox 404 2070 813 2144; x_wconf 78' lang='grc' dir='ltr'>ἐγρηγοροῦμεν</span> <span class='ocrx_word' id='word_1_58' title='bbox 856 2069 1131 2136; x_wconf 74' lang='grc' dir='ltr'>ἀπαντεςς</span> <span class='ocrx_word' id='word_1_59' title='bbox 1169 2071 1278 2123; x_wconf 83' lang='lat' dir='ltr'><strong><em>Kal</em></strong></span> <span class='ocrx_word' id='word_1_60' title='bbox 1301 2072 1384 2134; x_wconf 84' lang='grc' dir='ltr'>τίς</span> <span class='ocrx_word' id='word_1_61' title='bbox 1415 2070 1482 2124; x_wconf 80' lang='grc' dir='ltr'>ἂν</span> <span class='ocrx_word' id='word_1_62' title='bbox 1507 2069 1681 2124; x_wconf 90' lang='grc' dir='ltr'>ταῦτα</span> <span class='ocrx_word' id='word_1_63' title='bbox 1711 2069 2073 2136; x_wconf 77' lang='grc' dir='ltr'>πιστεύσειεν,</span> 
     </span>
    </p>
   </div>
   <div class='ocr_carea' id='block_1_11' title="bbox 402 2157 2075 2233">
    <p class='ocr_par' dir='ltr' id='par_1_11' title="bbox 402 2157 2075 2233">
     <span class='ocr_line' id='line_1_11' title="bbox 402 2157 2075 2233; baseline -0.003 -18"><span class='ocrx_word' id='word_1_64' title='bbox 402 2163 482 2215; x_wconf 72' lang='grc' dir='ltr'>ὅτι</span> <span class='ocrx_word' id='word_1_65' title='bbox 510 2160 723 2233; x_wconf 80' lang='grc' dir='ltr'>ἡμέρας</span> <span class='ocrx_word' id='word_1_66' title='bbox 746 2157 914 2228; x_wconf 83' lang='grc' dir='ltr'>οὐσης</span> <span class='ocrx_word' id='word_1_67' title='bbox 936 2198 951 2223; x_wconf 95' lang='grc'>,</span> <span class='ocrx_word' id='word_1_68' title='bbox 987 2158 1267 2229; x_wconf 83' lang='grc' dir='ltr'>νηφόντων</span> <span class='ocrx_word' id='word_1_69' title='bbox 1307 2157 1610 2229; x_wconf 84' lang='grc' dir='ltr'>ἀνθρώπων</span> <span class='ocrx_word' id='word_1_70' title='bbox 1647 2160 1741 2211; x_wconf 75' lang='grc' dir='ltr'>καὶ</span> <span class='ocrx_word' id='word_1_71' title='bbox 1774 2159 2075 2229; x_wconf 74' lang='grc' dir='ltr'>ἐγρηγορόο</span> 
     </span>
    </p>
   </div>
   <div class='ocr_carea' id='block_1_12' title="bbox 402 2244 2076 2319">
    <p class='ocr_par' dir='ltr' id='par_1_12' title="bbox 402 2244 2076 2319">
     <span class='ocr_line' id='line_1_12' title="bbox 402 2244 2076 2319; baseline -0.001 -18"><span class='ocrx_word' id='word_1_72' title='bbox 402 2267 531 2318; x_wconf 88' lang='grc' dir='ltr'>των,</span> <span class='ocrx_word' id='word_1_73' title='bbox 565 2247 919 2319; x_wconf 80' lang='grc' dir='ltr'>μειρακίσκος</span> <span class='ocrx_word' id='word_1_74' title='bbox 956 2244 1178 2317; x_wconf 81' lang='grc' dir='ltr'>εὐτελὴς</span> <span class='ocrx_word' id='word_1_75' title='bbox 1222 2246 1316 2299; x_wconf 76' lang='grc' dir='ltr'>καὶ</span> <span class='ocrx_word' id='word_1_76' title='bbox 1344 2245 1755 2318; x_wconf 79' lang='grc' dir='ltr'>ἀπερριμμένος</span> <span class='ocrx_word' id='word_1_77' title='bbox 1781 2246 1917 2317; x_wconf 78' lang='grc' dir='ltr'>πρὸς</span> <span class='ocrx_word' id='word_1_78' title='bbox 1944 2245 2076 2316; x_wconf 71' lang='grc' dir='ltr'>’ύψος</span> 
     </span>
    </p>
   </div>
   <div class='ocr_carea' id='block_1_13' title="bbox 404 2328 2075 2409">
    <p class='ocr_par' dir='ltr' id='par_1_13' title="bbox 404 2328 2075 2409">
     <span class='ocr_line' id='line_1_13' title="bbox 404 2328 2075 2409; baseline -0.004 -18"><span class='ocrx_word' id='word_1_79' title='bbox 404 2337 577 2409; x_wconf 84' lang='grc' dir='ltr'>ἀρχῆς</span> <span class='ocrx_word' id='word_1_80' title='bbox 622 2333 891 2406; x_wconf 82' lang='grc' dir='ltr'>ἀνηνέχθη</span> <span class='ocrx_word' id='word_1_81' title='bbox 944 2328 1207 2387; x_wconf 66' lang='grc' dir='ltr'>τοσοῦτον</span> <span class='ocrx_word' id='word_1_82' title='bbox 1228 2349 1243 2399; x_wconf 90' lang='lat'><strong>;</strong></span> <span class='ocrx_word' id='word_1_83' title='bbox 1273 2330 1366 2386; x_wconf 83' lang='grc' dir='ltr'>Ἐν</span> <span class='ocrx_word' id='word_1_84' title='bbox 1399 2330 1556 2386; x_wconf 75' lang='grc' dir='ltr'>νυκτὶ</span> <span class='ocrx_word' id='word_1_85' title='bbox 1615 2333 1714 2402; x_wconf 83' lang='grc' dir='ltr'>μὲν</span> <span class='ocrx_word' id='word_1_86' title='bbox 1766 2332 1876 2402; x_wconf 90' lang='grc' dir='ltr'>γάρ</span> <span class='ocrx_word' id='word_1_87' title='bbox 1923 2331 2075 2385; x_wconf 85' lang='grc' dir='ltr'>οὐδὲν</span> 
     </span>
    </p>
   </div>
   <div class='ocr_carea' id='block_1_14' title="bbox 404 2417 2077 2491">
    <p class='ocr_par' dir='ltr' id='par_1_14' title="bbox 404 2417 2077 2491">
     <span class='ocr_line' id='line_1_14' title="bbox 404 2417 2077 2491; baseline -0.004 -12"><span class='ocrx_word' id='word_1_88' title='bbox 404 2423 630 2487; x_wconf 79' lang='grc' dir='ltr'>ἀπεικὸς</span> <span class='ocrx_word' id='word_1_89' title='bbox 669 2423 739 2476; x_wconf 84' lang='grc' dir='ltr'>τὰ</span> <span class='ocrx_word' id='word_1_90' title='bbox 789 2420 1013 2476; x_wconf 88' lang='grc' dir='ltr'>τοιαῦτα</span> <span class='ocrx_word' id='word_1_91' title='bbox 1038 2420 1379 2485; x_wconf 86' lang='grc' dir='ltr'>συμϐαίνειν.</span> <span class='ocrx_word' id='word_1_92' title='bbox 1416 2419 1557 2490; x_wconf 82' lang='grc' dir='ltr'>Ἤδη</span> <span class='ocrx_word' id='word_1_93' title='bbox 1583 2419 1715 2489; x_wconf 88' lang='grc' dir='ltr'>γοῦν</span> <span class='ocrx_word' id='word_1_94' title='bbox 1752 2417 1905 2491; x_wconf 72' lang='grc'>[4571</span> <span class='ocrx_word' id='word_1_95' title='bbox 1932 2437 2077 2484; x_wconf 90' lang='grc' dir='ltr'>τινες</span> 
     </span>
    </p>
   </div>
   <div class='ocr_carea' id='block_1_15' title="bbox 404 2502 2075 2577">
    <p class='ocr_par' dir='ltr' id='par_1_15' title="bbox 404 2502 2075 2577">
     <span class='ocr_line' id='line_1_15' title="bbox 404 2502 2075 2577; baseline -0.002 -16"><span class='ocrx_word' id='word_1_96' title='bbox 404 2508 463 2561; x_wconf 79' lang='grc' dir='ltr'>τὸ</span> <span class='ocrx_word' id='word_1_97' title='bbox 489 2506 648 2577; x_wconf 88' lang='grc' dir='ltr'>σῶμα</span> <span class='ocrx_word' id='word_1_98' title='bbox 679 2504 951 2576; x_wconf 87' lang='grc' dir='ltr'>ἀνάπηροι</span> <span class='ocrx_word' id='word_1_99' title='bbox 978 2545 992 2569; x_wconf 95' lang='grc'>,</span> <span class='ocrx_word' id='word_1_100' title='bbox 1027 2505 1124 2558; x_wconf 78' lang='grc' dir='ltr'>καὶ</span> <span class='ocrx_word' id='word_1_101' title='bbox 1151 2504 1286 2576; x_wconf 87' lang='grc' dir='ltr'>μηδὲ</span> <span class='ocrx_word' id='word_1_102' title='bbox 1311 2504 1410 2575; x_wconf 82' lang='grc' dir='ltr'>τῆς</span> <span class='ocrx_word' id='word_1_103' title='bbox 1443 2503 1746 2571; x_wconf 80' lang='grc' dir='ltr'>ἀναγκαίας</span> <span class='ocrx_word' id='word_1_104' title='bbox 1778 2502 2075 2573; x_wconf 83' lang='grc' dir='ltr'>εὐποροῦν-</span> 
     </span>
    </p>
   </div>
   <div class='ocr_carea' id='block_1_16' title="bbox 373 2586 2076 2666">
    <p class='ocr_par' dir='ltr' id='par_1_16' title="bbox 373 2586 2076 2666">
     <span class='ocr_line' id='line_1_16' title="bbox 373 2586 2076 2666; baseline -0.004 -18"><span class='ocrx_word' id='word_1_105' title='bbox 373 2613 494 2659; x_wconf 68' lang='grc' dir='ltr'>,τες</span> <span class='ocrx_word' id='word_1_106' title='bbox 528 2595 734 2666; x_wconf 80' lang='grc' dir='ltr'>τροφῆς</span> <span class='ocrx_word' id='word_1_107' title='bbox 758 2633 774 2659; x_wconf 90' lang='grc'>,</span> <span class='ocrx_word' id='word_1_108' title='bbox 806 2593 1236 2664; x_wconf 83' lang='grc' dir='ltr'>καθευδήσαντες</span> <span class='ocrx_word' id='word_1_109' title='bbox 1281 2586 1421 2645; x_wconf 83' lang='grc' dir='ltr'>εἶδον</span> <span class='ocrx_word' id='word_1_110' title='bbox 1460 2592 1683 2653; x_wconf 79' lang='grc' dir='ltr'>ἐαυτούς</span> <span class='ocrx_word' id='word_1_111' title='bbox 1720 2592 1942 2663; x_wconf 80' lang='grc' dir='ltr'>ἀρτίους</span> <span class='ocrx_word' id='word_1_112' title='bbox 1985 2608 2076 2659; x_wconf 80' lang='grc' dir='ltr'>γε-</span> 
     </span>
    </p>
   </div>
   <div class='ocr_carea' id='block_1_17' title="bbox 404 2679 2077 2755">
    <p class='ocr_par' dir='ltr' id='par_1_17' title="bbox 404 2679 2077 2755">
     <span class='ocr_line' id='line_1_17' title="bbox 404 2679 2077 2755; baseline -0.002 -18"><span class='ocrx_word' id='word_1_113' title='bbox 404 2682 737 2755; x_wconf 78' lang='grc' dir='ltr'>γενημένους</span> <span class='ocrx_word' id='word_1_114' title='bbox 759 2683 854 2736; x_wconf 72' lang='grc' dir='ltr'>καὶ</span> <span class='ocrx_word' id='word_1_115' title='bbox 889 2682 1087 2746; x_wconf 82' lang='grc' dir='ltr'>καλοὺς</span> <span class='ocrx_word' id='word_1_116' title='bbox 1120 2681 1214 2735; x_wconf 72' lang='grc' dir='ltr'>καὶ</span> <span class='ocrx_word' id='word_1_117' title='bbox 1250 2681 1530 2752; x_wconf 80' lang='grc' dir='ltr'>τραπέζης</span> <span class='ocrx_word' id='word_1_118' title='bbox 1557 2679 1933 2743; x_wconf 81' lang='grc' dir='ltr'>ἀπολαύοντας</span> <span class='ocrx_word' id='word_1_119' title='bbox 1980 2679 2077 2750; x_wconf 84' lang='grc' dir='ltr'>βα-</span> 
     </span>
    </p>
   </div>
   <div class='ocr_carea' id='block_1_18' title="bbox 408 2765 2072 2841">
    <p class='ocr_par' dir='ltr' id='par_1_18' title="bbox 408 2765 2072 2841">
     <span class='ocr_line' id='line_1_18' title="bbox 408 2765 2072 2841; baseline -0.001 -19"><span class='ocrx_word' id='word_1_120' title='bbox 408 2769 621 2840; x_wconf 82' lang='grc' dir='ltr'>σιλικῆς</span> <span class='ocrx_word' id='word_1_121' title='bbox 639 2787 651 2800; x_wconf 69' lang='grc'><strong><em>³</em></strong></span> <span class='ocrx_word' id='word_1_122' title='bbox 675 2770 790 2824; x_wconf 80' lang='grc' dir='ltr'>ἀλλ’</span> <span class='ocrx_word' id='word_1_123' title='bbox 813 2765 882 2841; x_wconf 85' lang='grc' dir='ltr'>ἦν</span> <span class='ocrx_word' id='word_1_124' title='bbox 906 2769 1072 2832; x_wconf 79' lang='grc' dir='ltr'>ὐπνος</span> <span class='ocrx_word' id='word_1_125' title='bbox 1094 2770 1188 2822; x_wconf 76' lang='grc' dir='ltr'>καὶ</span> <span class='ocrx_word' id='word_1_126' title='bbox 1210 2767 1436 2838; x_wconf 82' lang='grc' dir='ltr'>ὀνείρων</span> <span class='ocrx_word' id='word_1_127' title='bbox 1455 2768 1639 2840; x_wconf 87' lang='grc' dir='ltr'>ἀπάτη</span> <span class='ocrx_word' id='word_1_128' title='bbox 1661 2767 1731 2820; x_wconf 87' lang='grc' dir='ltr'>τὰ</span> <span class='ocrx_word' id='word_1_129' title='bbox 1753 2768 2072 2839; x_wconf 82' lang='grc' dir='ltr'>φαινόμενα.</span> 
     </span>
    </p>
   </div>
   <div class='ocr_carea' id='block_1_19' title="bbox 409 2854 2077 2928">
    <p class='ocr_par' dir='ltr' id='par_1_19' title="bbox 409 2854 2077 2928">
     <span class='ocr_line' id='line_1_19' title="bbox 409 2854 2077 2928; baseline -0.002 -19"><span class='ocrx_word' id='word_1_130' title='bbox 409 2857 517 2911; x_wconf 83' lang='grc' dir='ltr'>Καὶ</span> <span class='ocrx_word' id='word_1_131' title='bbox 542 2855 653 2928; x_wconf 87' lang='grc' dir='ltr'>γάρ</span> <span class='ocrx_word' id='word_1_132' title='bbox 675 2856 899 2928; x_wconf 81' lang='grc' dir='ltr'>τοιαύτη</span> <span class='ocrx_word' id='word_1_133' title='bbox 927 2856 1037 2909; x_wconf 88' lang='grc' dir='ltr'>τῶν</span> <span class='ocrx_word' id='word_1_134' title='bbox 1061 2854 1355 2926; x_wconf 80' lang='grc' dir='ltr'>ὀνειράτων</span> <span class='ocrx_word' id='word_1_135' title='bbox 1375 2856 1409 2925; x_wconf 81' lang='grc' dir='ltr'><strong>ὴ</strong></span> <span class='ocrx_word' id='word_1_136' title='bbox 1439 2854 1601 2923; x_wconf 84' lang='grc' dir='ltr'>φύσις</span> <span class='ocrx_word' id='word_1_137' title='bbox 1622 2871 1636 2885; x_wconf 89' lang='grc'><strong>·</strong></span> <span class='ocrx_word' id='word_1_138' title='bbox 1662 2854 1968 2926; x_wconf 81' lang='grc' dir='ltr'>πανοῦργός</span> <span class='ocrx_word' id='word_1_139' title='bbox 1991 2854 2077 2917; x_wconf 91' lang='grc' dir='ltr'>τίς</span> 
     </span>
    </p>
   </div>
   <div class='ocr_carea' id='block_1_20' title="bbox 406 2939 2076 3015">
    <p class='ocr_par' dir='ltr' id='par_1_20' title="bbox 406 2939 2076 3015">
     <span class='ocr_line' id='line_1_20' title="bbox 406 2939 2076 3015; baseline -0.002 -18"><span class='ocrx_word' id='word_1_140' title='bbox 406 2946 522 2997; x_wconf 86' lang='grc' dir='ltr'>ἐστι</span> <span class='ocrx_word' id='word_1_141' title='bbox 574 2943 669 2998; x_wconf 75' lang='grc' dir='ltr'>καὶ</span> <span class='ocrx_word' id='word_1_142' title='bbox 722 2942 1041 3015; x_wconf 84' lang='grc' dir='ltr'>θαυμαστὴ,</span> <span class='ocrx_word' id='word_1_143' title='bbox 1086 2942 1183 2998; x_wconf 72' lang='grc' dir='ltr'>καὶ</span> <span class='ocrx_word' id='word_1_144' title='bbox 1232 2943 1346 3004; x_wconf 83' lang='grc' dir='ltr'>τοῖς</span> <span class='ocrx_word' id='word_1_145' title='bbox 1380 2939 1701 3013; x_wconf 77' lang='grc' dir='ltr'>παραδόξοις</span> <span class='ocrx_word' id='word_1_146' title='bbox 1753 2940 2076 3012; x_wconf 76' lang='grc' dir='ltr'>ἐντρυφῶσα</span> 
     </span>
    </p>
   </div>
   <div class='ocr_carea' id='block_1_21' title="bbox 406 3025 2075 3104">
    <p class='ocr_par' dir='ltr' id='par_1_21' title="bbox 406 3025 2075 3104">
     <span class='ocr_line' id='line_1_21' title="bbox 406 3025 2075 3104; baseline -0.004 -19"><span class='ocrx_word' id='word_1_147' title='bbox 406 3031 603 3104; x_wconf 78' lang='grc' dir='ltr'>χαίρει.</span> <span class='ocrx_word' id='word_1_148' title='bbox 649 3030 789 3084; x_wconf 84' lang='grc' dir='ltr'>Ἀλλ’</span> <span class='ocrx_word' id='word_1_149' title='bbox 819 3030 921 3085; x_wconf 87' lang='grc' dir='ltr'>οὐκ</span> <span class='ocrx_word' id='word_1_150' title='bbox 948 3033 1007 3085; x_wconf 84' lang='grc' dir='ltr'>ἐν</span> <span class='ocrx_word' id='word_1_151' title='bbox 1054 3030 1237 3102; x_wconf 81' lang='grc' dir='ltr'>ἡμέρᾳ</span> <span class='ocrx_word' id='word_1_152' title='bbox 1264 3029 1437 3083; x_wconf 89' lang='grc' dir='ltr'>ταῦτα</span> <span class='ocrx_word' id='word_1_153' title='bbox 1460 3069 1476 3095; x_wconf 92' lang='grc'>,</span> <span class='ocrx_word' id='word_1_154' title='bbox 1500 3028 1621 3082; x_wconf 79' lang='grc' dir='ltr'>οὐδὲ</span> <span class='ocrx_word' id='word_1_155' title='bbox 1649 3030 1737 3081; x_wconf 86' lang='grc' dir='ltr'>ἐπ’</span> <span class='ocrx_word' id='word_1_156' title='bbox 1767 3029 1939 3097; x_wconf 84' lang='grc' dir='ltr'>αὐτῆς</span> <span class='ocrx_word' id='word_1_157' title='bbox 1965 3025 2075 3080; x_wconf 88' lang='grc' dir='ltr'>τῶν</span> 
     </span>
    </p>
   </div>
   <div class='ocr_carea' id='block_1_22' title="bbox 407 3115 2081 3192">
    <p class='ocr_par' dir='ltr' id='par_1_22' title="bbox 407 3115 2081 3192">
     <span class='ocr_line' id='line_1_22' title="bbox 407 3115 2081 3192; baseline -0.002 -20"><span class='ocrx_word' id='word_1_158' title='bbox 407 3118 748 3192; x_wconf 76' lang='grc' dir='ltr'>πραγμάτων</span> <span class='ocrx_word' id='word_1_159' title='bbox 773 3119 871 3190; x_wconf 80' lang='grc' dir='ltr'>τῆς</span> <span class='ocrx_word' id='word_1_160' title='bbox 900 3118 1159 3187; x_wconf 78' lang='grc' dir='ltr'>ἀληθείας</span> <span class='ocrx_word' id='word_1_161' title='bbox 1181 3116 1342 3171; x_wconf 90' lang='grc' dir='ltr'>τοῦτο</span> <span class='ocrx_word' id='word_1_162' title='bbox 1367 3118 1510 3189; x_wconf 87' lang='grc' dir='ltr'>τάχα</span> <span class='ocrx_word' id='word_1_163' title='bbox 1541 3116 1835 3189; x_wconf 90' lang='grc' dir='ltr'>συμϐαῖνον</span> <span class='ocrx_word' id='word_1_164' title='bbox 1871 3115 1971 3169; x_wconf 77' lang='grc' dir='ltr'>ἴδοι</span> <span class='ocrx_word' id='word_1_165' title='bbox 1996 3132 2081 3178; x_wconf 89' lang='grc' dir='ltr'>τις</span> 
     </span>
    </p>
   </div>
   <div class='ocr_carea' id='block_1_23' title="bbox 406 3203 2078 3277">
    <p class='ocr_par' dir='ltr' id='par_1_23' title="bbox 406 3203 2078 3277">
     <span class='ocr_line' id='line_1_23' title="bbox 406 3203 2078 3277; baseline -0.003 -15"><span class='ocrx_word' id='word_1_166' title='bbox 406 3209 490 3262; x_wconf 75' lang='grc' dir='ltr'>ἀν.</span> <span class='ocrx_word' id='word_1_167' title='bbox 526 3206 687 3261; x_wconf 79' lang='grc' dir='ltr'>Ἀλλά</span> <span class='ocrx_word' id='word_1_168' title='bbox 718 3208 898 3262; x_wconf 86' lang='grc' dir='ltr'>πάντα</span> <span class='ocrx_word' id='word_1_169' title='bbox 935 3205 1032 3261; x_wconf 89' lang='grc' dir='ltr'>νῦν</span> <span class='ocrx_word' id='word_1_170' title='bbox 1068 3205 1266 3277; x_wconf 87' lang='grc' dir='ltr'>συνέϐη</span> <span class='ocrx_word' id='word_1_171' title='bbox 1312 3206 1408 3260; x_wconf 71' lang='grc' dir='ltr'>καὶ</span> <span class='ocrx_word' id='word_1_172' title='bbox 1433 3205 1625 3274; x_wconf 88' lang='grc' dir='ltr'>γέγονε</span> <span class='ocrx_word' id='word_1_173' title='bbox 1651 3206 1745 3260; x_wconf 72' lang='grc' dir='ltr'>καὶ</span> <span class='ocrx_word' id='word_1_174' title='bbox 1768 3204 1920 3268; x_wconf 81' lang='grc' dir='ltr'>τέλος</span> <span class='ocrx_word' id='word_1_175' title='bbox 1945 3203 2078 3274; x_wconf 77' lang='grc' dir='ltr'>ἔχει,</span> 
     </span>
    </p>
   </div>
   <div class='ocr_carea' id='block_1_24' title="bbox 408 3291 2076 3366">
    <p class='ocr_par' dir='ltr' id='par_1_24' title="bbox 408 3291 2076 3366">
     <span class='ocr_line' id='line_1_24' title="bbox 408 3291 2076 3366; baseline -0.002 -19"><span class='ocrx_word' id='word_1_176' title='bbox 408 3294 589 3359; x_wconf 82' lang='grc' dir='ltr'>καθὼς</span> <span class='ocrx_word' id='word_1_177' title='bbox 623 3294 903 3366; x_wconf 84' lang='grc' dir='ltr'>θεωρεῖτε,</span> <span class='ocrx_word' id='word_1_178' title='bbox 934 3291 1109 3348; x_wconf 89' lang='grc' dir='ltr'>ταῦτα</span> <span class='ocrx_word' id='word_1_179' title='bbox 1129 3293 1193 3365; x_wconf 88' lang='grc' dir='ltr'>δὴ</span> <span class='ocrx_word' id='word_1_180' title='bbox 1226 3293 1296 3346; x_wconf 79' lang='grc' dir='ltr'>τὰ</span> <span class='ocrx_word' id='word_1_181' title='bbox 1322 3292 1431 3347; x_wconf 91' lang='grc' dir='ltr'>τῶν</span> <span class='ocrx_word' id='word_1_182' title='bbox 1450 3293 1674 3364; x_wconf 86' lang='grc' dir='ltr'>ὀνείρων</span> <span class='ocrx_word' id='word_1_183' title='bbox 1707 3291 2039 3361; x_wconf 82' lang='grc' dir='ltr'>ἀπιστότερα</span> <span class='ocrx_word' id='word_1_184' title='bbox 2063 3304 2076 3320; x_wconf 79' lang='grc'><em>’</em></span> 
     </span>
    </p>
   </div>
   <div class='ocr_carea' id='block_1_25' title="bbox 405 3378 2081 3451">
    <p class='ocr_par' dir='ltr' id='par_1_25' title="bbox 405 3378 2081 3451">
     <span class='ocr_line' id='line_1_25' title="bbox 405 3378 2081 3451; baseline -0.001 -20"><span class='ocrx_word' id='word_1_185' title='bbox 405 3380 500 3434; x_wconf 71' lang='grc' dir='ltr'>καὶ</span> <span class='ocrx_word' id='word_1_186' title='bbox 533 3381 685 3444; x_wconf 83' lang='grc' dir='ltr'>πόλις</span> <span class='ocrx_word' id='word_1_187' title='bbox 720 3391 744 3419; x_wconf 75' lang='grc' dir='ltr'><strong>ο</strong></span> <span class='ocrx_word' id='word_1_188' title='bbox 779 3379 926 3434; x_wconf 74' lang='grc' dir='ltr'>οὓτω</span> <span class='ocrx_word' id='word_1_189' title='bbox 953 3380 1163 3451; x_wconf 86' lang='grc' dir='ltr'>μεγάλη</span> <span class='ocrx_word' id='word_1_190' title='bbox 1196 3380 1289 3434; x_wconf 73' lang='grc' dir='ltr'>καὶ</span> <span class='ocrx_word' id='word_1_191' title='bbox 1331 3378 1756 3451; x_wconf 81' lang='grc' dir='ltr'>πολυάνθρωπος</span> <span class='ocrx_word' id='word_1_192' title='bbox 1775 3418 1790 3444; x_wconf 92' lang='grc'>,</span> <span class='ocrx_word' id='word_1_193' title='bbox 1824 3378 1995 3449; x_wconf 83' lang='grc' dir='ltr'>δῆμός</span> <span class='ocrx_word' id='word_1_194' title='bbox 2021 3392 2081 3430; x_wconf 83' lang='grc' dir='ltr'>τε</span> 
     </span>
    </p>
   </div>
   <div class='ocr_carea' id='block_1_26' title="bbox 408 3463 2081 3537">
    <p class='ocr_par' dir='ltr' id='par_1_26' title="bbox 408 3463 2081 3537">
     <span class='ocr_line' id='line_1_26' title="bbox 408 3463 2081 3537; baseline -0.002 -18"><span class='ocrx_word' id='word_1_195' title='bbox 408 3466 720 3537; x_wconf 70' lang='grc' dir='ltr'>θαυμαστὸς</span> <span class='ocrx_word' id='word_1_196' title='bbox 773 3466 868 3519; x_wconf 78' lang='grc' dir='ltr'>καὶ</span> <span class='ocrx_word' id='word_1_197' title='bbox 917 3465 1091 3536; x_wconf 80' lang='grc' dir='ltr'>μέγας</span> <span class='ocrx_word' id='word_1_198' title='bbox 1142 3465 1429 3537; x_wconf 71' lang='grc' dir='ltr'>πρὸς,τὴν</span> <span class='ocrx_word' id='word_1_199' title='bbox 1479 3464 1756 3535; x_wconf 76' lang='grc' dir='ltr'>ἡμετέραν</span> <span class='ocrx_word' id='word_1_200' title='bbox 1806 3463 2081 3517; x_wconf 83' lang='grc' dir='ltr'>εὐτέλειαν</span> 
     </span>
    </p>
   </div>
   <div class='ocr_carea' id='block_1_27' title="bbox 409 3549 2079 3624">
    <p class='ocr_par' dir='ltr' id='par_1_27' title="bbox 409 3549 2079 3624">
     <span class='ocr_line' id='line_1_27' title="bbox 409 3549 2079 3624; baseline -0.002 -19"><span class='ocrx_word' id='word_1_201' title='bbox 409 3556 634 3624; x_wconf 79' lang='grc' dir='ltr'>κέχηνεν</span> <span class='ocrx_word' id='word_1_202' title='bbox 657 3591 673 3615; x_wconf 95' lang='grc'>,</span> <span class='ocrx_word' id='word_1_203' title='bbox 720 3552 795 3616; x_wconf 83' lang='grc' dir='ltr'>ὡς</span> <span class='ocrx_word' id='word_1_204' title='bbox 844 3552 986 3623; x_wconf 89' lang='grc' dir='ltr'>μέγα</span> <span class='ocrx_word' id='word_1_205' title='bbox 1030 3570 1084 3606; x_wconf 89' lang='grc' dir='ltr'>τι</span> <span class='ocrx_word' id='word_1_206' title='bbox 1129 3554 1225 3606; x_wconf 67' lang='grc' dir='ltr'>καὶ</span> <span class='ocrx_word' id='word_1_207' title='bbox 1258 3555 1507 3621; x_wconf 87' lang='grc' dir='ltr'>γενναῖον</span> <span class='ocrx_word' id='word_1_208' title='bbox 1536 3552 1901 3621; x_wconf 85' lang='grc' dir='ltr'>ἀκουσόμενος</span> <span class='ocrx_word' id='word_1_209' title='bbox 1948 3549 2079 3620; x_wconf 86' lang='grc' dir='ltr'>παρ’</span> 
     </span>
    </p>
   </div>
   <div class='ocr_carea' id='block_1_28' title="bbox 406 3638 2082 3711">
    <p class='ocr_par' dir='ltr' id='par_1_28' title="bbox 406 3638 2082 3711">
     <span class='ocr_line' id='line_1_28' title="bbox 406 3638 2082 3711; baseline -0.001 -17"><span class='ocrx_word' id='word_1_210' title='bbox 406 3641 585 3711; x_wconf 81' lang='grc' dir='ltr'>ήμῶν.</span> <span class='ocrx_word' id='word_1_211' title='bbox 623 3639 815 3694; x_wconf 80' lang='grc' dir='ltr'>Καίτοι</span> <span class='ocrx_word' id='word_1_212' title='bbox 844 3641 938 3693; x_wconf 75' lang='grc' dir='ltr'>καὶ</span> <span class='ocrx_word' id='word_1_213' title='bbox 972 3641 1021 3692; x_wconf 85' lang='grc' dir='ltr'>εί</span> <span class='ocrx_word' id='word_1_214' title='bbox 1050 3639 1193 3694; x_wconf 83' lang='grc' dir='ltr'>κατὰ</span> <span class='ocrx_word' id='word_1_215' title='bbox 1229 3640 1356 3703; x_wconf 82' lang='grc' dir='ltr'>τοὺς</span> <span class='ocrx_word' id='word_1_216' title='bbox 1388 3641 1648 3699; x_wconf 81' lang='grc' dir='ltr'>ἀεννάους</span> <span class='ocrx_word' id='word_1_217' title='bbox 1679 3638 1870 3710; x_wconf 82' lang='grc' dir='ltr'>ἐρρεον</span> <span class='ocrx_word' id='word_1_218' title='bbox 1918 3657 2082 3693; x_wconf 90' lang='grc' dir='ltr'>ποτα-</span> 
     </span>
    </p>
   </div>
   <div class='ocr_carea' id='block_1_29' title="bbox 411 3727 2079 3800">
    <p class='ocr_par' dir='ltr' id='par_1_29' title="bbox 411 3727 2079 3800">
     <span class='ocr_line' id='line_1_29' title="bbox 411 3727 2079 3800; baseline -0.001 -19"><span class='ocrx_word' id='word_1_219' title='bbox 411 3730 546 3797; x_wconf 82' lang='grc' dir='ltr'>μοὺς</span> <span class='ocrx_word' id='word_1_220' title='bbox 564 3768 579 3795; x_wconf 92' lang='grc'>,</span> <span class='ocrx_word' id='word_1_221' title='bbox 609 3729 704 3783; x_wconf 75' lang='grc' dir='ltr'>καὶ</span> <span class='ocrx_word' id='word_1_222' title='bbox 737 3730 911 3800; x_wconf 85' lang='grc' dir='ltr'>πηγαὶ</span> <span class='ocrx_word' id='word_1_223' title='bbox 940 3729 967 3769; x_wconf 72' lang='grc' dir='ltr'>ά</span> <span class='ocrx_word' id='word_1_224' title='bbox 1002 3729 1180 3797; x_wconf 89' lang='grc' dir='ltr'>λόγων</span> <span class='ocrx_word' id='word_1_225' title='bbox 1208 3728 1558 3784; x_wconf 85' lang='grc' dir='ltr'>ἐναπέκειντό</span> <span class='ocrx_word' id='word_1_226' title='bbox 1593 3744 1695 3799; x_wconf 90' lang='grc' dir='ltr'>μου</span> <span class='ocrx_word' id='word_1_227' title='bbox 1723 3727 1802 3799; x_wconf 86' lang='grc' dir='ltr'>τῷ</span> <span class='ocrx_word' id='word_1_228' title='bbox 1829 3727 2079 3798; x_wconf 86' lang='grc' dir='ltr'>στόματι,</span> 
     </span>
    </p>
   </div>
   <div class='ocr_carea' id='block_1_30' title="bbox 408 3814 2082 3888">
    <p class='ocr_par' dir='ltr' id='par_1_30' title="bbox 408 3814 2082 3888">
     <span class='ocr_line' id='line_1_30' title="bbox 408 3814 2082 3888; baseline -0.001 -18"><span class='ocrx_word' id='word_1_229' title='bbox 408 3816 676 3871; x_wconf 80' lang='grc' dir='ltr'>τοσούτων</span> <span class='ocrx_word' id='word_1_230' title='bbox 703 3816 899 3888; x_wconf 86' lang='grc' dir='ltr'>ἀθρόον</span> <span class='ocrx_word' id='word_1_231' title='bbox 929 3816 1345 3887; x_wconf 88' lang='grc' dir='ltr'>συνδραμόντων</span> <span class='ocrx_word' id='word_1_232' title='bbox 1376 3815 1513 3886; x_wconf 88' lang='grc' dir='ltr'>πρὸς</span> <span class='ocrx_word' id='word_1_233' title='bbox 1532 3816 1629 3885; x_wconf 80' lang='grc' dir='ltr'>τὴν</span> <span class='ocrx_word' id='word_1_234' title='bbox 1659 3814 1922 3885; x_wconf 82' lang='grc' dir='ltr'>ἀκρόασιν</span> <span class='ocrx_word' id='word_1_235' title='bbox 1944 3853 1959 3877; x_wconf 95' lang='grc'>,</span> <span class='ocrx_word' id='word_1_236' title='bbox 1986 3831 2082 3868; x_wconf 80' lang='grc' dir='ltr'>τα-</span> 
     </span>
    </p>
   </div>
   <div class='ocr_carea' id='block_1_31' title="bbox 408 3902 2082 3976">
    <p class='ocr_par' dir='ltr' id='par_1_31' title="bbox 408 3902 2082 3976">
     <span class='ocr_line' id='line_1_31' title="bbox 408 3902 2082 3976; baseline -0.001 -20"><span class='ocrx_word' id='word_1_237' title='bbox 408 3902 548 3974; x_wconf 84' lang='grc' dir='ltr'>χέως</span> <span class='ocrx_word' id='word_1_238' title='bbox 572 3904 840 3976; x_wconf 84' lang='grc' dir='ltr'>ἀνεστάλη</span> <span class='ocrx_word' id='word_1_239' title='bbox 873 3921 962 3975; x_wconf 89' lang='grc' dir='ltr'>μοι</span> <span class='ocrx_word' id='word_1_240' title='bbox 986 3903 1066 3975; x_wconf 83' lang='grc' dir='ltr'>τῷ</span> <span class='ocrx_word' id='word_1_241' title='bbox 1090 3902 1240 3974; x_wconf 86' lang='grc' dir='ltr'>φόϐῳ</span> <span class='ocrx_word' id='word_1_242' title='bbox 1265 3903 1327 3957; x_wconf 83' lang='grc' dir='ltr'>τὺ</span> <span class='ocrx_word' id='word_1_243' title='bbox 1356 3902 1590 3975; x_wconf 78' lang='grc' dir='ltr'>ῥεῖθρον,</span> <span class='ocrx_word' id='word_1_244' title='bbox 1624 3904 1721 3956; x_wconf 78' lang='grc' dir='ltr'>καὶ</span> <span class='ocrx_word' id='word_1_245' title='bbox 1743 3902 2082 3972; x_wconf 85' lang='grc' dir='ltr'>ἀνεχαίτισεν</span> 
     </span>
    </p>
   </div>
   <div class='ocr_carea' id='block_1_32' title="bbox 408 3989 2083 4062">
    <p class='ocr_par' dir='ltr' id='par_1_32' title="bbox 408 3989 2083 4062">
     <span class='ocr_line' id='line_1_32' title="bbox 408 3989 2083 4062; baseline -0.002 -17"><span class='ocrx_word' id='word_1_246' title='bbox 408 3991 474 4045; x_wconf 82' lang='grc' dir='ltr'>ἀν</span> <span class='ocrx_word' id='word_1_247' title='bbox 501 3992 584 4055; x_wconf 90' lang='grc' dir='ltr'>είς</span> <span class='ocrx_word' id='word_1_248' title='bbox 609 3991 852 4046; x_wconf 86' lang='grc' dir='ltr'>τούπίσω</span> <span class='ocrx_word' id='word_1_249' title='bbox 876 3991 945 4046; x_wconf 76' lang='grc' dir='ltr'>τὰ</span> <span class='ocrx_word' id='word_1_250' title='bbox 976 3992 1194 4062; x_wconf 84' lang='grc' dir='ltr'>νάματα</span> <span class='ocrx_word' id='word_1_251' title='bbox 1220 4009 1235 4023; x_wconf 76' lang='grc' dir='ltr'><strong>ο</strong></span> <span class='ocrx_word' id='word_1_252' title='bbox 1274 3993 1403 4046; x_wconf 85' lang='grc' dir='ltr'>ὅταν</span> <span class='ocrx_word' id='word_1_253' title='bbox 1435 3992 1491 4045; x_wconf 83' lang='grc' dir='ltr'>δέ</span> <span class='ocrx_word' id='word_1_254' title='bbox 1523 3991 1599 4062; x_wconf 82' lang='grc' dir='ltr'>μὴ</span> <span class='ocrx_word' id='word_1_255' title='bbox 1629 3989 1913 4061; x_wconf 76' lang='grc' dir='ltr'>ποταμῶν,</span> <span class='ocrx_word' id='word_1_256' title='bbox 1948 3990 2083 4061; x_wconf 79' lang='grc' dir='ltr'>μηδὲ</span> 
     </span>
    </p>
   </div>
   <div class='ocr_carea' id='block_1_33' title="bbox 412 4077 2084 4152">
    <p class='ocr_par' dir='ltr' id='par_1_33' title="bbox 412 4077 2084 4152">
     <span class='ocr_line' id='line_1_33' title="bbox 412 4077 2084 4152; baseline 0 -22"><span class='ocrx_word' id='word_1_257' title='bbox 412 4079 604 4151; x_wconf 83' lang='grc' dir='ltr'>πηγῶν</span> <span class='ocrx_word' id='word_1_258' title='bbox 634 4080 797 4151; x_wconf 82' lang='grc' dir='ltr'>μόνον</span> <span class='ocrx_word' id='word_1_259' title='bbox 816 4119 831 4144; x_wconf 91' lang='grc'>,</span> <span class='ocrx_word' id='word_1_260' title='bbox 864 4079 1000 4134; x_wconf 89' lang='grc' dir='ltr'>ἀλλά</span> <span class='ocrx_word' id='word_1_261' title='bbox 1035 4080 1169 4152; x_wconf 74' lang='grc' dir='ltr'>μηδὲ</span> <span class='ocrx_word' id='word_1_262' title='bbox 1198 4079 1433 4150; x_wconf 72' lang='grc' dir='ltr'>ψεκάδος</span> <span class='ocrx_word' id='word_1_263' title='bbox 1462 4091 1486 4118; x_wconf 81' lang='grc' dir='ltr'><strong>ο</strong></span> <span class='ocrx_word' id='word_1_264' title='bbox 1520 4078 1771 4142; x_wconf 81' lang='grc' dir='ltr'>εὐτελοῦς</span> <span class='ocrx_word' id='word_1_265' title='bbox 1808 4077 2084 4142; x_wconf 73' lang='grc' dir='ltr'>διασώζω-</span> 
     </span>
    </p>
   </div>
   <div class='ocr_carea' id='block_1_34' title="bbox 414 4165 2085 4241">
    <p class='ocr_par' dir='ltr' id='par_1_34' title="bbox 414 4165 2085 4241">
     <span class='ocr_line' id='line_1_34' title="bbox 414 4165 2085 4241; baseline -0.002 -20"><span class='ocrx_word' id='word_1_266' title='bbox 414 4183 513 4236; x_wconf 87' lang='grc' dir='ltr'>μεν</span> <span class='ocrx_word' id='word_1_267' title='bbox 538 4167 757 4238; x_wconf 78' lang='grc' dir='ltr'>μέτρον,</span> <span class='ocrx_word' id='word_1_268' title='bbox 776 4167 892 4231; x_wconf 88' lang='grc' dir='ltr'>πῶς</span> <span class='ocrx_word' id='word_1_269' title='bbox 915 4168 977 4222; x_wconf 92' lang='grc' dir='ltr'>οὐ</span> <span class='ocrx_word' id='word_1_270' title='bbox 998 4167 1115 4233; x_wconf 85' lang='grc' dir='ltr'>δέος</span> <span class='ocrx_word' id='word_1_271' title='bbox 1142 4167 1218 4241; x_wconf 81' lang='grc' dir='ltr'>μὴ</span> <span class='ocrx_word' id='word_1_272' title='bbox 1238 4170 1331 4223; x_wconf 75' lang='grc' dir='ltr'>καὶ</span> <span class='ocrx_word' id='word_1_273' title='bbox 1356 4168 1487 4222; x_wconf 85' lang='grc' dir='ltr'>αὐτὸ</span> <span class='ocrx_word' id='word_1_274' title='bbox 1503 4168 1566 4221; x_wconf 84' lang='grc' dir='ltr'>τὸ</span> <span class='ocrx_word' id='word_1_275' title='bbox 1591 4167 1787 4239; x_wconf 81' lang='grc' dir='ltr'>μικρὸν</span> <span class='ocrx_word' id='word_1_276' title='bbox 1809 4165 1910 4236; x_wconf 78' lang='grc' dir='ltr'>τῆς</span> <span class='ocrx_word' id='word_1_277' title='bbox 1935 4166 2085 4236; x_wconf 83' lang='grc' dir='ltr'>ἐπιρ-</span> 
     </span>
    </p>
   </div>
   <div class='ocr_carea' id='block_1_35' title="bbox 412 4254 2081 4329">
    <p class='ocr_par' dir='ltr' id='par_1_35' title="bbox 412 4254 2081 4329">
     <span class='ocr_line' id='line_1_35' title="bbox 412 4254 2081 4329; baseline -0.001 -20"><span class='ocrx_word' id='word_1_278' title='bbox 412 4256 541 4327; x_wconf 80' lang='grc' dir='ltr'>ῥοῆς</span> <span class='ocrx_word' id='word_1_279' title='bbox 573 4257 799 4329; x_wconf 76' lang='grc' dir='ltr'>ἐπιλίπῃ</span> <span class='ocrx_word' id='word_1_280' title='bbox 830 4256 911 4328; x_wconf 84' lang='grc' dir='ltr'>τῷ</span> <span class='ocrx_word' id='word_1_281' title='bbox 935 4257 1086 4328; x_wconf 86' lang='grc' dir='ltr'>φόϐῳ</span> <span class='ocrx_word' id='word_1_282' title='bbox 1112 4257 1406 4329; x_wconf 82' lang='grc' dir='ltr'>ξηρανθέν,</span> <span class='ocrx_word' id='word_1_283' title='bbox 1436 4258 1531 4311; x_wconf 76' lang='grc' dir='ltr'>καὶ</span> <span class='ocrx_word' id='word_1_284' title='bbox 1556 4257 1781 4328; x_wconf 89' lang='grc' dir='ltr'>γένηται</span> <span class='ocrx_word' id='word_1_285' title='bbox 1810 4256 2025 4319; x_wconf 74' lang='grc' dir='ltr'>ταύτὸν,</span> <span class='ocrx_word' id='word_1_286' title='bbox 2051 4254 2081 4308; x_wconf 86' lang='grc' dir='ltr'><strong>ὃ</strong></span> 
     </span>
    </p>
   </div>
   <div class='ocr_carea' id='block_1_36' title="bbox 413 4342 2082 4417">
    <p class='ocr_par' dir='ltr' id='par_1_36' title="bbox 413 4342 2082 4417">
     <span class='ocr_line' id='line_1_36' title="bbox 413 4342 2082 4417; baseline -0.002 -19"><span class='ocrx_word' id='word_1_287' title='bbox 413 4345 508 4398; x_wconf 82' lang='grc' dir='ltr'>καὶ</span> <span class='ocrx_word' id='word_1_288' title='bbox 528 4344 741 4399; x_wconf 75' lang='grc' dir='ltr'>ἐπὶτῶν</span> <span class='ocrx_word' id='word_1_289' title='bbox 763 4345 1030 4416; x_wconf 85' lang='grc' dir='ltr'>σωμάτων</span> <span class='ocrx_word' id='word_1_290' title='bbox 1054 4345 1375 4417; x_wconf 88' lang='grc' dir='ltr'>συμϐαίνειν</span> <span class='ocrx_word' id='word_1_291' title='bbox 1388 4346 1548 4400; x_wconf 76' lang='grc' dir='ltr'>εἴωθε</span> <span class='ocrx_word' id='word_1_292' title='bbox 1564 4362 1579 4411; x_wconf 87' lang='lat'><strong>;</strong></span> <span class='ocrx_word' id='word_1_293' title='bbox 1594 4344 1659 4399; x_wconf 88' lang='grc' dir='ltr'>Τί</span> <span class='ocrx_word' id='word_1_294' title='bbox 1680 4345 1738 4399; x_wconf 86' lang='grc' dir='ltr'>δὲ</span> <span class='ocrx_word' id='word_1_295' title='bbox 1755 4344 1966 4414; x_wconf 83' lang='grc' dir='ltr'>γίνεται</span> <span class='ocrx_word' id='word_1_296' title='bbox 1988 4342 2082 4395; x_wconf 82' lang='grc' dir='ltr'>ἐπὶ</span> 
     </span>
    </p>
   </div>
   <div class='ocr_carea' id='block_1_37' title="bbox 412 4430 2084 4504">
    <p class='ocr_par' dir='ltr' id='par_1_37' title="bbox 412 4430 2084 4504">
     <span class='ocr_line' id='line_1_37' title="bbox 412 4430 2084 4504; baseline 0.004 -21"><span class='ocrx_word' id='word_1_297' title='bbox 412 4430 521 4484; x_wconf 91' lang='grc' dir='ltr'>τῶν</span> <span class='ocrx_word' id='word_1_298' title='bbox 546 4431 845 4501; x_wconf 86' lang='grc' dir='ltr'>σωμάτων;</span> <span class='ocrx_word' id='word_1_299' title='bbox 871 4431 1049 4486; x_wconf 85' lang='grc' dir='ltr'>[Ιολλά</span> <span class='ocrx_word' id='word_1_300' title='bbox 1080 4433 1342 4498; x_wconf 84' lang='grc' dir='ltr'>πολλάκις</span> <span class='ocrx_word' id='word_1_301' title='bbox 1370 4433 1692 4504; x_wconf 79' lang='grc' dir='ltr'>κατέχοντες</span> <span class='ocrx_word' id='word_1_302' title='bbox 1713 4435 1782 4504; x_wconf 79' lang='grc' dir='ltr'>τῇ</span> <span class='ocrx_word' id='word_1_303' title='bbox 1804 4432 1969 4502; x_wconf 69' lang='grc' dir='ltr'>χειρὶ,</span> <span class='ocrx_word' id='word_1_304' title='bbox 1991 4432 2084 4484; x_wconf 72' lang='grc' dir='ltr'>καὶ</span> 
     </span>
    </p>
   </div>
   <div class='ocr_carea' id='block_1_38' title="bbox 412 4517 2087 4592">
    <p class='ocr_par' dir='ltr' id='par_1_38' title="bbox 412 4517 2087 4592">
     <span class='ocr_line' id='line_1_38' title="bbox 412 4517 2087 4592; baseline 0.001 -22"><span class='ocrx_word' id='word_1_305' title='bbox 412 4520 525 4582; x_wconf 85' lang='grc' dir='ltr'>τοῖς</span> <span class='ocrx_word' id='word_1_306' title='bbox 549 4517 830 4583; x_wconf 84' lang='grc' dir='ltr'>δακτύλοις</span> <span class='ocrx_word' id='word_1_307' title='bbox 850 4519 1008 4590; x_wconf 79' lang='grc' dir='ltr'>ἡμῶν</span> <span class='ocrx_word' id='word_1_308' title='bbox 1037 4521 1375 4590; x_wconf 79' lang='grc' dir='ltr'>σφίγγοντες,</span> <span class='ocrx_word' id='word_1_309' title='bbox 1404 4520 1730 4592; x_wconf 81' lang='grc' dir='ltr'>πτοηθέντες</span> <span class='ocrx_word' id='word_1_310' title='bbox 1762 4520 1979 4573; x_wconf 74' lang='grc' dir='ltr'>ἅπαντα</span> <span class='ocrx_word' id='word_1_311' title='bbox 2000 4521 2087 4584; x_wconf 80' lang='grc' dir='ltr'>ἐξ-</span> 
     </span>
    </p>
   </div>
   <div class='ocr_carea' id='block_1_39' title="bbox 414 4606 2086 4681">
    <p class='ocr_par' dir='ltr' id='par_1_39' title="bbox 414 4606 2086 4681">
     <span class='ocr_line' id='line_1_39' title="bbox 414 4606 2086 4681; baseline 0.001 -22"><span class='ocrx_word' id='word_1_312' title='bbox 414 4607 670 4677; x_wconf 80' lang='grc' dir='ltr'>εχέαμεν,</span> <span class='ocrx_word' id='word_1_313' title='bbox 697 4607 1079 4678; x_wconf 82' lang='grc' dir='ltr'>χαυνωθέντων</span> <span class='ocrx_word' id='word_1_314' title='bbox 1104 4609 1259 4681; x_wconf 85' lang='grc' dir='ltr'>ήμῶν</span> <span class='ocrx_word' id='word_1_315' title='bbox 1286 4608 1396 4664; x_wconf 89' lang='grc' dir='ltr'>τῶν</span> <span class='ocrx_word' id='word_1_316' title='bbox 1423 4610 1649 4681; x_wconf 85' lang='grc' dir='ltr'>νεύρων,</span> <span class='ocrx_word' id='word_1_317' title='bbox 1678 4607 1773 4663; x_wconf 72' lang='grc' dir='ltr'>καὶ</span> <span class='ocrx_word' id='word_1_318' title='bbox 1810 4606 1902 4661; x_wconf 88' lang='grc' dir='ltr'>τοῦ</span> <span class='ocrx_word' id='word_1_319' title='bbox 1935 4606 2086 4661; x_wconf 84' lang='grc' dir='ltr'>τόνου</span> 
     </span>
    </p>
   </div>
   <div class='ocr_carea' id='block_1_40' title="bbox 414 4693 2088 4768">
    <p class='ocr_par' dir='ltr' id='par_1_40' title="bbox 414 4693 2088 4768">
     <span class='ocr_line' id='line_1_40' title="bbox 414 4693 2088 4768; baseline -0.001 -19"><span class='ocrx_word' id='word_1_320' title='bbox 414 4694 513 4764; x_wconf 78' lang='grc' dir='ltr'>τῆς</span> <span class='ocrx_word' id='word_1_321' title='bbox 535 4693 738 4763; x_wconf 80' lang='grc' dir='ltr'>σαρκὸς</span> <span class='ocrx_word' id='word_1_322' title='bbox 769 4695 1146 4764; x_wconf 85' lang='grc' dir='ltr'>χαλασθέντος.</span> <span class='ocrx_word' id='word_1_323' title='bbox 1179 4696 1350 4751; x_wconf 88' lang='grc' dir='ltr'>Τοῦτο</span> <span class='ocrx_word' id='word_1_324' title='bbox 1375 4697 1440 4768; x_wconf 84' lang='grc' dir='ltr'>δὴ</span> <span class='ocrx_word' id='word_1_325' title='bbox 1464 4695 1580 4761; x_wconf 82' lang='grc' dir='ltr'>δέος</span> <span class='ocrx_word' id='word_1_326' title='bbox 1612 4696 1687 4766; x_wconf 78' lang='grc' dir='ltr'>μὴ</span> <span class='ocrx_word' id='word_1_327' title='bbox 1727 4695 1822 4748; x_wconf 78' lang='grc' dir='ltr'>καὶ</span> <span class='ocrx_word' id='word_1_328' title='bbox 1850 4695 2088 4765; x_wconf 85' lang='grc' dir='ltr'>τήμερον</span> 
     </span>
    </p>
   </div>
   <div class='ocr_carea' id='block_1_41' title="bbox 418 4781 2089 4855">
    <p class='ocr_par' dir='ltr' id='par_1_41' title="bbox 418 4781 2089 4855">
     <span class='ocr_line' id='line_1_41' title="bbox 418 4781 2089 4855; baseline 0.001 -21"><span class='ocrx_word' id='word_1_329' title='bbox 418 4783 641 4851; x_wconf 88' lang='grc' dir='ltr'>γένηται</span> <span class='ocrx_word' id='word_1_330' title='bbox 675 4784 767 4836; x_wconf 79' lang='grc' dir='ltr'>ἐπὶ</span> <span class='ocrx_word' id='word_1_331' title='bbox 794 4783 890 4853; x_wconf 87' lang='grc' dir='ltr'>τῆς</span> <span class='ocrx_word' id='word_1_332' title='bbox 924 4783 1100 4855; x_wconf 79' lang='grc' dir='ltr'>ψυχῆς</span> <span class='ocrx_word' id='word_1_333' title='bbox 1128 4785 1227 4855; x_wconf 81' lang='grc' dir='ltr'>τῆς</span> <span class='ocrx_word' id='word_1_334' title='bbox 1263 4784 1560 4855; x_wconf 85' lang='grc' dir='ltr'>ήμετέρας,</span> <span class='ocrx_word' id='word_1_335' title='bbox 1591 4784 1685 4837; x_wconf 71' lang='grc' dir='ltr'>καὶ</span> <span class='ocrx_word' id='word_1_336' title='bbox 1710 4783 1746 4837; x_wconf 76' lang='grc' dir='ltr'>ἃ</span> <span class='ocrx_word' id='word_1_337' title='bbox 1786 4781 1926 4853; x_wconf 82' lang='grc' dir='ltr'>μετὰ</span> <span class='ocrx_word' id='word_1_338' title='bbox 1957 4782 2089 4836; x_wconf 78' lang='grc' dir='ltr'>πολ-</span> 
     </span>
    </p>
   </div>
   <div class='ocr_carea' id='block_1_42' title="bbox 418 4870 2090 4944">
    <p class='ocr_par' dir='ltr' id='par_1_42' title="bbox 418 4870 2090 4944">
     <span class='ocr_line' id='line_1_42' title="bbox 418 4870 2090 4944; baseline 0.002 -23"><span class='ocrx_word' id='word_1_339' title='bbox 418 4870 510 4923; x_wconf 89' lang='grc' dir='ltr'>λοῦ</span> <span class='ocrx_word' id='word_1_340' title='bbox 559 4870 720 4924; x_wconf 90' lang='grc' dir='ltr'>πόνου</span> <span class='ocrx_word' id='word_1_341' title='bbox 774 4872 1149 4942; x_wconf 83' lang='grc' dir='ltr'>συνηγάγομεν</span> <span class='ocrx_word' id='word_1_342' title='bbox 1199 4873 1327 4944; x_wconf 86' lang='grc' dir='ltr'>ὑμῖν</span> <span class='ocrx_word' id='word_1_343' title='bbox 1374 4873 1621 4943; x_wconf 89' lang='grc' dir='ltr'>νοήματα</span> <span class='ocrx_word' id='word_1_344' title='bbox 1644 4910 1659 4936; x_wconf 94' lang='grc'>,</span> <span class='ocrx_word' id='word_1_345' title='bbox 1696 4871 1766 4925; x_wconf 85' lang='grc' dir='ltr'>τά</span> <span class='ocrx_word' id='word_1_346' title='bbox 1811 4871 1983 4942; x_wconf 86' lang='grc' dir='ltr'>μικρά</span> <span class='ocrx_word' id='word_1_347' title='bbox 2026 4870 2090 4943; x_wconf 86' lang='grc' dir='ltr'>δὴ</span> 
     </span>
    </p>
   </div>
   <div class='ocr_carea' id='block_1_43' title="bbox 417 4956 2092 5030">
    <p class='ocr_par' dir='ltr' id='par_1_43' title="bbox 417 4956 2092 5030">
     <span class='ocr_line' id='line_1_43' title="bbox 417 4956 2092 5030; baseline 0 -18"><span class='ocrx_word' id='word_1_348' title='bbox 417 4959 593 5013; x_wconf 87' lang='grc' dir='ltr'>ταῦτα</span> <span class='ocrx_word' id='word_1_349' title='bbox 627 4960 723 5014; x_wconf 72' lang='lat' dir='ltr'><strong><em>xal</em></strong></span> <span class='ocrx_word' id='word_1_350' title='bbox 764 4958 977 5030; x_wconf 81' lang='grc' dir='ltr'>εὐτελῆ,</span> <span class='ocrx_word' id='word_1_351' title='bbox 1000 4956 1122 5012; x_wconf 82' lang='grc' dir='ltr'>,ὑπὸ</span> <span class='ocrx_word' id='word_1_352' title='bbox 1166 4959 1267 5030; x_wconf 84' lang='grc' dir='ltr'>τῆς</span> <span class='ocrx_word' id='word_1_353' title='bbox 1298 4959 1535 5027; x_wconf 87' lang='grc' dir='ltr'>ἀγωνίας</span> <span class='ocrx_word' id='word_1_354' title='bbox 1578 4958 1857 5027; x_wconf 87' lang='grc' dir='ltr'>ἐλαθέντα,</span> <span class='ocrx_word' id='word_1_355' title='bbox 1887 4958 2092 5030; x_wconf 89' lang='grc' dir='ltr'>φροῦδα</span> 
     </span>
    </p>
   </div>
   <div class='ocr_carea' id='block_1_44' title="bbox 419 5045 2094 5119">
    <p class='ocr_par' dir='ltr' id='par_1_44' title="bbox 419 5045 2094 5119">
     <span class='ocr_line' id='line_1_44' title="bbox 419 5045 2094 5119; baseline -0.001 -20"><span class='ocrx_word' id='word_1_356' title='bbox 419 5048 743 5118; x_wconf 79' lang='grc' dir='ltr'>οἰχήσηται,</span> <span class='ocrx_word' id='word_1_357' title='bbox 788 5047 884 5102; x_wconf 63' lang='grc' dir='ltr'>καὶ⁴</span> <span class='ocrx_word' id='word_1_358' title='bbox 925 5047 1024 5119; x_wconf 86' lang='grc' dir='ltr'>τὴν</span> <span class='ocrx_word' id='word_1_359' title='bbox 1082 5046 1320 5102; x_wconf 89' lang='grc' dir='ltr'>διάνοιαν</span> <span class='ocrx_word' id='word_1_360' title='bbox 1366 5047 1520 5118; x_wconf 85' lang='grc' dir='ltr'>ήμῶν</span> <span class='ocrx_word' id='word_1_361' title='bbox 1552 5046 1571 5087; x_wconf 67' lang='grc' dir='ltr'><strong>ε</strong></span> <span class='ocrx_word' id='word_1_362' title='bbox 1604 5047 1823 5118; x_wconf 83' lang='grc' dir='ltr'>ἐρήμην</span> <span class='ocrx_word' id='word_1_363' title='bbox 1869 5045 2094 5100; x_wconf 89' lang='grc' dir='ltr'>καταλι-</span> 
     </span>
    </p>
   </div>
   <div class='ocr_carea' id='block_1_45' title="bbox 422 5134 2096 5207">
    <p class='ocr_par' dir='ltr' id='par_1_45' title="bbox 422 5134 2096 5207">
     <span class='ocr_line' id='line_1_45' title="bbox 422 5134 2096 5207; baseline 0 -21"><span class='ocrx_word' id='word_1_364' title='bbox 422 5134 592 5188; x_wconf 85' lang='grc' dir='ltr'>πόντα</span> <span class='ocrx_word' id='word_1_365' title='bbox 611 5135 852 5207; x_wconf 79' lang='grc' dir='ltr'>ἀποπτῇ.</span> <span class='ocrx_word' id='word_1_366' title='bbox 883 5135 974 5189; x_wconf 83' lang='grc' dir='ltr'>Διὸ</span> <span class='ocrx_word' id='word_1_367' title='bbox 999 5134 1190 5206; x_wconf 88' lang='grc' dir='ltr'>δέομαι</span> <span class='ocrx_word' id='word_1_368' title='bbox 1219 5134 1437 5188; x_wconf 87' lang='grc' dir='ltr'>πάντων</span> <span class='ocrx_word' id='word_1_369' title='bbox 1467 5136 1665 5206; x_wconf 88' lang='grc' dir='ltr'>ὁμοίως</span> <span class='ocrx_word' id='word_1_370' title='bbox 1696 5134 1872 5204; x_wconf 87' lang='grc' dir='ltr'>ὐμῶν,</span> <span class='ocrx_word' id='word_1_371' title='bbox 1903 5134 2096 5206; x_wconf 86' lang='grc' dir='ltr'>ἀρχόν-</span> 
     </span>
    </p>
   </div>
   <div class='ocr_carea' id='block_1_46' title="bbox 484 5271 1441 5326">
    <p class='ocr_par' dir='ltr' id='par_1_46' title="bbox 484 5271 1441 5326">
     <span class='ocr_line' id='line_1_46' title="bbox 484 5271 1441 5326; baseline 0.001 -2"><span class='ocrx_word' id='word_1_372' title='bbox 484 5271 501 5294; x_wconf 81' lang='grc'><strong><em>⁸</em></strong></span> <span class='ocrx_word' id='word_1_373' title='bbox 522 5273 707 5324; x_wconf 79' lang='lat' dir='ltr'><strong><em>Collata</em></strong></span> <span class='ocrx_word' id='word_1_374' title='bbox 730 5281 810 5324; x_wconf 70' lang='lat' dir='ltr'>est</span> <span class='ocrx_word' id='word_1_375' title='bbox 828 5287 938 5324; x_wconf 88' lang='lat' dir='ltr'>cum</span> <span class='ocrx_word' id='word_1_376' title='bbox 957 5275 1126 5325; x_wconf 81' lang='lat' dir='ltr'>codice</span> <span class='ocrx_word' id='word_1_377' title='bbox 1145 5274 1280 5326; x_wconf 83' lang='lat' dir='ltr'>Colb.</span> <span class='ocrx_word' id='word_1_378' title='bbox 1307 5274 1441 5325; x_wconf 81' lang='lat'>1050.</span> 
     </span>
    </p>
   </div>
   <div class='ocr_carea' id='block_1_47' title="bbox 488 5335 1327 5393">
    <p class='ocr_par' dir='ltr' id='par_1_47' title="bbox 488 5335 1327 5393">
     <span class='ocr_line' id='line_1_47' title="bbox 488 5335 1327 5393; baseline 0 -8"><span class='ocrx_word' id='word_1_379' title='bbox 488 5335 514 5374; x_wconf 83' lang='lat' dir='ltr'><strong>b</strong></span> <span class='ocrx_word' id='word_1_380' title='bbox 539 5335 724 5393; x_wconf 84' lang='grc' dir='ltr'>Ὄντως</span> <span class='ocrx_word' id='word_1_381' title='bbox 750 5337 896 5386; x_wconf 71' lang='lat' dir='ltr'>deest</span> <span class='ocrx_word' id='word_1_382' title='bbox 917 5338 969 5385; x_wconf 77' lang='lat' dir='ltr'><strong>in</strong></span> <span class='ocrx_word' id='word_1_383' title='bbox 1001 5337 1170 5386; x_wconf 81' lang='lat' dir='ltr'>codice</span> <span class='ocrx_word' id='word_1_384' title='bbox 1189 5336 1327 5387; x_wconf 85' lang='lat' dir='ltr'>Colb.</span> 
     </span>
    </p>
   </div>
   <div class='ocr_carea' id='block_1_48' title="bbox 483 5394 2099 5472">
    <p class='ocr_par' dir='ltr' id='par_1_48' title="bbox 483 5394 2099 5472">
     <span class='ocr_line' id='line_1_48' title="bbox 483 5394 2099 5472; baseline 0.001 -26"><span class='ocrx_word' id='word_1_385' title='bbox 483 5398 507 5427; x_wconf 61' lang='grc' dir='ltr'>θ</span> <span class='ocrx_word' id='word_1_386' title='bbox 527 5394 848 5472; x_wconf 49' lang='grc' dir='ltr'>⁸ς“.()11)λκαθιὶ›ς</span> <span class='ocrx_word' id='word_1_387' title='bbox 866 5399 998 5460; x_wconf 84' lang='grc' dir='ltr'>φατέ.</span> <span class='ocrx_word' id='word_1_388' title='bbox 1019 5396 1182 5447; x_wconf 88' lang='grc' dir='ltr'>Ταῦτα</span> <span class='ocrx_word' id='word_1_389' title='bbox 1198 5399 1275 5458; x_wconf 82' lang='grc' dir='ltr'>δὴ,</span> <span class='ocrx_word' id='word_1_390' title='bbox 1294 5396 1445 5446; x_wconf 79' lang='grc' dir='ltr'>ταῦτα</span> <span class='ocrx_word' id='word_1_391' title='bbox 1466 5398 1561 5447; x_wconf 89' lang='grc' dir='ltr'>τῶν</span> <span class='ocrx_word' id='word_1_392' title='bbox 1578 5398 1828 5462; x_wconf 83' lang='grc' dir='ltr'>ὀνειράτων</span> <span class='ocrx_word' id='word_1_393' title='bbox 1846 5400 2099 5448; x_wconf 86' lang='grc' dir='ltr'>ἀπιστότε-</span> 
     </span>
    </p>
   </div>
   <div class='ocr_carea' id='block_1_49' title="bbox 423 5459 2093 5595">
    <p class='ocr_par' dir='ltr' id='par_1_49' title="bbox 423 5459 2093 5595">
     <span class='ocr_line' id='line_1_49' title="bbox 423 5459 2093 5595; baseline 0 -26"><span class='ocrx_word' id='word_1_394' title='bbox 423 5459 908 5595; x_wconf 49' lang='grc' dir='ltr'>ῗαάοόὐῆῗλάἒννάως</span> <span class='ocrx_word' id='word_1_395' title='bbox 929 5521 1116 5595; x_wconf 73' lang='grc' dir='ltr'>ῥέοντας</span> <span class='ocrx_word' id='word_1_396' title='bbox 1132 5520 1393 5584; x_wconf 77' lang='grc' dir='ltr'>ποταμοὺς,</span> <span class='ocrx_word' id='word_1_397' title='bbox 1416 5521 1582 5582; x_wconf 83' lang='grc' dir='ltr'>πηγαί.</span> <span class='ocrx_word' id='word_1_398' title='bbox 1606 5520 1739 5569; x_wconf 78' lang='lat' dir='ltr'>Edit.</span> <span class='ocrx_word' id='word_1_399' title='bbox 1775 5521 1997 5577; x_wconf 84' lang='grc' dir='ltr'>ἀεννάους</span> <span class='ocrx_word' id='word_1_400' title='bbox 2016 5521 2093 5583; x_wconf 83' lang='grc' dir='ltr'>ἔῤ-</span> 
     </span>
    </p>
   </div>
   <div class='ocr_carea' id='block_1_50' title="bbox 427 5581 1073 5643">
    <p class='ocr_par' dir='ltr' id='par_1_50' title="bbox 427 5581 1073 5643">
     <span class='ocr_line' id='line_1_50' title="bbox 427 5581 1073 5643; baseline 0.008 -18"><span class='ocrx_word' id='word_1_401' title='bbox 427 5581 530 5642; x_wconf 80' lang='grc' dir='ltr'>ῥεον</span> <span class='ocrx_word' id='word_1_402' title='bbox 545 5582 891 5643; x_wconf 23' lang='grc' dir='ltr'>ποταμουςλκαὶ</span> <span class='ocrx_word' id='word_1_403' title='bbox 908 5581 1056 5643; x_wconf 80' lang='grc' dir='ltr'>πηγαί</span> <span class='ocrx_word' id='word_1_404' title='bbox 1062 5619 1073 5630; x_wconf 94' lang='grc'>.</span> 
     </span>
    </p>
   </div>
   <div class='ocr_carea' id='block_1_51' title="bbox 492 5640 2093 5705">
    <p class='ocr_par' dir='ltr' id='par_1_51' title="bbox 492 5640 2093 5705">
     <span class='ocr_line' id='line_1_51' title="bbox 492 5640 2093 5705; baseline -0.001 -16"><span class='ocrx_word' id='word_1_405' title='bbox 492 5640 685 5705; x_wconf 63' lang='lat'>90911;;</span> <span class='ocrx_word' id='word_1_406' title='bbox 697 5640 821 5705; x_wconf 83' lang='grc' dir='ltr'>ἀλλά</span> <span class='ocrx_word' id='word_1_407' title='bbox 840 5640 1066 5705; x_wconf 75' lang='grc' dir='ltr'>ψεκάδος.</span> <span class='ocrx_word' id='word_1_408' title='bbox 1096 5643 1269 5694; x_wconf 75' lang='lat' dir='ltr'>Morel.</span> <span class='ocrx_word' id='word_1_409' title='bbox 1302 5647 1358 5692; x_wconf 74' lang='lat' dir='ltr'><strong>et</strong></span> <span class='ocrx_word' id='word_1_410' title='bbox 1387 5643 1549 5705; x_wconf 52' lang='lat' dir='ltr'>Savil,</span> <span class='ocrx_word' id='word_1_411' title='bbox 1568 5643 1689 5691; x_wconf 81' lang='grc' dir='ltr'>ἀλλὰ</span> <span class='ocrx_word' id='word_1_412' title='bbox 1726 5643 1846 5705; x_wconf 87' lang='grc' dir='ltr'>μηδέ</span> <span class='ocrx_word' id='word_1_413' title='bbox 1869 5642 2093 5704; x_wconf 69' lang='grc' dir='ltr'>ψεκάδος.</span> 
     </span>
    </p>
   </div>
   <div class='ocr_carea' id='block_1_52' title="bbox 432 5700 1676 5765">
    <p class='ocr_par' dir='ltr' id='par_1_52' title="bbox 432 5700 1676 5765">
     <span class='ocr_line' id='line_1_52' title="bbox 432 5700 1676 5765; baseline 0.002 -16"><span class='ocrx_word' id='word_1_414' title='bbox 432 5700 715 5765; x_wconf 59' lang='grc' dir='ltr'>Ιηΐζσᾯᾳιῠ.</span> <span class='ocrx_word' id='word_1_415' title='bbox 730 5700 1000 5765; x_wconf 74' lang='grc' dir='ltr'>ἐπιλείπῃ...</span> <span class='ocrx_word' id='word_1_416' title='bbox 1027 5706 1107 5752; x_wconf 83' lang='grc' dir='ltr'>καὶ</span> <span class='ocrx_word' id='word_1_417' title='bbox 1129 5707 1317 5764; x_wconf 84' lang='grc' dir='ltr'>γένηται</span> <span class='ocrx_word' id='word_1_418' title='bbox 1337 5704 1505 5763; x_wconf 83' lang='grc' dir='ltr'>ταῦτα,</span> <span class='ocrx_word' id='word_1_419' title='bbox 1526 5704 1557 5751; x_wconf 84' lang='grc' dir='ltr'>ἃ</span> <span class='ocrx_word' id='word_1_420' title='bbox 1579 5705 1676 5751; x_wconf 84' lang='grc' dir='ltr'>καί.</span> 
     </span>
    </p>
   </div>
   <div class='ocr_carea' id='block_1_53' title="bbox 498 5761 2001 5827">
    <p class='ocr_par' dir='ltr' id='par_1_53' title="bbox 498 5761 2001 5827">
     <span class='ocr_line' id='line_1_53' title="bbox 498 5761 2001 5827; baseline -0.004 -14"><span class='ocrx_word' id='word_1_421' title='bbox 498 5761 517 5800; x_wconf 66' lang='grc' dir='ltr'><strong><em>ἵ</em></strong></span> <span class='ocrx_word' id='word_1_422' title='bbox 543 5762 676 5813; x_wconf 77' lang='lat' dir='ltr'>Cn&#39;lb.</span> <span class='ocrx_word' id='word_1_423' title='bbox 701 5761 972 5823; x_wconf 68' lang='grc' dir='ltr'>ἐλασθέντα,</span> <span class='ocrx_word' id='word_1_424' title='bbox 1005 5761 1184 5826; x_wconf 69' lang='grc' dir='ltr'>φροῦδα</span> <span class='ocrx_word' id='word_1_425' title='bbox 1218 5761 1415 5827; x_wconf 77' lang='grc' dir='ltr'>οἴχεται,</span> <span class='ocrx_word' id='word_1_426' title='bbox 1436 5761 1515 5813; x_wconf 83' lang='grc' dir='ltr'>καὶ</span> <span class='ocrx_word' id='word_1_427' title='bbox 1537 5768 1622 5822; x_wconf 80' lang='grc' dir='ltr'>τὴν</span> <span class='ocrx_word' id='word_1_428' title='bbox 1644 5765 1851 5812; x_wconf 70' lang='grc' dir='ltr'>διάνοιαν</span> <span class='ocrx_word' id='word_1_429' title='bbox 1873 5764 2001 5822; x_wconf 75' lang='grc' dir='ltr'>ἡμῖν.</span> 
     </span>
    </p>
   </div>
   <div class='ocr_carea' id='block_1_54' title="bbox 2176 1808 3816 1883">
    <p class='ocr_par' dir='ltr' id='par_1_54' title="bbox 2176 1808 3816 1883">
     <span class='ocr_line' id='line_1_54' title="bbox 2176 1808 3816 1883; baseline 0.002 -22"><span class='ocrx_word' id='word_1_430' title='bbox 2176 1826 2284 1863; x_wconf 90' lang='grc' dir='ltr'>των</span> <span class='ocrx_word' id='word_1_431' title='bbox 2327 1810 2419 1863; x_wconf 79' lang='grc' dir='ltr'>καὶ</span> <span class='ocrx_word' id='word_1_432' title='bbox 2467 1808 2803 1879; x_wconf 86' lang='grc' dir='ltr'>ἀρχομένων,</span> <span class='ocrx_word' id='word_1_433' title='bbox 2851 1809 2981 1879; x_wconf 78' lang='grc' dir='ltr'>ὅσην</span> <span class='ocrx_word' id='word_1_434' title='bbox 3022 1810 3150 1878; x_wconf 81' lang='grc' dir='ltr'>ἡμῖν</span> <span class='ocrx_word' id='word_1_435' title='bbox 3196 1809 3437 1877; x_wconf 89' lang='grc' dir='ltr'>ἀγωνίαν</span> <span class='ocrx_word' id='word_1_436' title='bbox 3478 1810 3740 1865; x_wconf 83' lang='grc' dir='ltr'>ἐν;ϐάλετε</span> <span class='ocrx_word' id='word_1_437' title='bbox 3763 1814 3816 1883; x_wconf 74' lang='grc' dir='ltr'>τῇ</span> 
     </span>
    </p>
   </div>
   <div class='ocr_carea' id='block_1_55' title="bbox 2177 1894 3817 1968">
    <p class='ocr_par' dir='ltr' id='par_1_55' title="bbox 2177 1894 3817 1968">
     <span class='ocr_line' id='line_1_55' title="bbox 2177 1894 3817 1968; baseline 0.002 -20"><span class='ocrx_word' id='word_1_438' title='bbox 2177 1895 2448 1965; x_wconf 84' lang='grc' dir='ltr'>συνδρομῇ</span> <span class='ocrx_word' id='word_1_439' title='bbox 2497 1896 2564 1965; x_wconf 80' lang='grc' dir='ltr'>τῇ</span> <span class='ocrx_word' id='word_1_440' title='bbox 2605 1894 2745 1947; x_wconf 83' lang='grc' dir='ltr'>κατὰ</span> <span class='ocrx_word' id='word_1_441' title='bbox 2786 1895 2884 1966; x_wconf 81' lang='grc' dir='ltr'>τὴν</span> <span class='ocrx_word' id='word_1_442' title='bbox 2921 1895 3205 1966; x_wconf 84' lang='grc' dir='ltr'>ἀκρόασιν,</span> <span class='ocrx_word' id='word_1_443' title='bbox 3253 1895 3504 1951; x_wconf 88' lang='grc' dir='ltr'>τοσοῦτον</span> <span class='ocrx_word' id='word_1_444' title='bbox 3551 1898 3817 1968; x_wconf 80' lang='grc' dir='ltr'>ἐμπνεῦσαι</span> 
     </span>
    </p>
   </div>
   <div class='ocr_carea' id='block_1_56' title="bbox 2176 1981 3819 2056">
    <p class='ocr_par' dir='ltr' id='par_1_56' title="bbox 2176 1981 3819 2056">
     <span class='ocr_line' id='line_1_56' title="bbox 2176 1981 3819 2056; baseline 0.001 -20"><span class='ocrx_word' id='word_1_445' title='bbox 2176 1982 2408 2054; x_wconf 90' lang='grc' dir='ltr'>θάρσους</span> <span class='ocrx_word' id='word_1_446' title='bbox 2437 1985 2566 2053; x_wconf 82' lang='grc' dir='ltr'>ἡμῖν</span> <span class='ocrx_word' id='word_1_447' title='bbox 2595 1981 2683 2035; x_wconf 81' lang='grc' dir='ltr'>διά</span> <span class='ocrx_word' id='word_1_448' title='bbox 2712 1981 2813 2052; x_wconf 81' lang='grc' dir='ltr'>τῆς</span> <span class='ocrx_word' id='word_1_449' title='bbox 2836 1982 3071 2049; x_wconf 77' lang='grc' dir='ltr'>σπουδῆς</span> <span class='ocrx_word' id='word_1_450' title='bbox 3103 1982 3203 2053; x_wconf 85' lang='grc' dir='ltr'>τῆς</span> <span class='ocrx_word' id='word_1_451' title='bbox 3245 1984 3386 2037; x_wconf 82' lang='grc' dir='ltr'>κατὰ</span> <span class='ocrx_word' id='word_1_452' title='bbox 3415 1984 3514 2048; x_wconf 84' lang='grc' dir='ltr'>τὰς</span> <span class='ocrx_word' id='word_1_453' title='bbox 3544 1985 3715 2056; x_wconf 87' lang='grc' dir='ltr'>εὐχὰς,</span> <span class='ocrx_word' id='word_1_454' title='bbox 3742 1988 3819 2038; x_wconf 79' lang='lat' dir='ltr'><strong><em>xal</em></strong></span> 
     </span>
    </p>
   </div>
   <div class='ocr_carea' id='block_1_57' title="bbox 2174 2068 3819 2143">
    <p class='ocr_par' dir='ltr' id='par_1_57' title="bbox 2174 2068 3819 2143">
     <span class='ocr_line' id='line_1_57' title="bbox 2174 2068 3819 2143; baseline 0.002 -19"><span class='ocrx_word' id='word_1_455' title='bbox 2174 2070 2430 2140; x_wconf 79' lang='grc' dir='ltr'>δεηθῆναι</span> <span class='ocrx_word' id='word_1_456' title='bbox 2468 2068 2563 2123; x_wconf 87' lang='grc' dir='ltr'>τοῦ</span> <span class='ocrx_word' id='word_1_457' title='bbox 2585 2068 2817 2131; x_wconf 80' lang='grc' dir='ltr'>διδόντος</span> <span class='ocrx_word' id='word_1_458' title='bbox 2850 2070 2997 2140; x_wconf 78' lang='grc' dir='ltr'>ῥῆμα</span> <span class='ocrx_word' id='word_1_459' title='bbox 3028 2073 3140 2134; x_wconf 80' lang='grc' dir='ltr'>τοῖς</span> <span class='ocrx_word' id='word_1_460' title='bbox 3165 2072 3662 2143; x_wconf 81' lang='grc' dir='ltr'>εὐαγγελιζομένοις</span> <span class='ocrx_word' id='word_1_461' title='bbox 3685 2073 3819 2127; x_wconf 84' lang='grc' dir='ltr'>δυνά-</span> 
     </span>
    </p>
   </div>
   <div class='ocr_carea' id='block_1_58' title="bbox 2178 2156 3820 2237">
    <p class='ocr_par' dir='ltr' id='par_1_58' title="bbox 2178 2156 3820 2237">
     <span class='ocr_line' id='line_1_58' title="bbox 2178 2156 3820 2237; baseline 0.002 -26"><span class='ocrx_word' id='word_1_462' title='bbox 2178 2175 2270 2228; x_wconf 86' lang='grc' dir='ltr'>μει</span> <span class='ocrx_word' id='word_1_463' title='bbox 2299 2156 2710 2237; x_wconf 34' lang='grc' dir='ltr'>πολλῇηδοῦναι</span> <span class='ocrx_word' id='word_1_464' title='bbox 2739 2158 2834 2210; x_wconf 80' lang='grc' dir='ltr'>καὶ</span> <span class='ocrx_word' id='word_1_465' title='bbox 2864 2157 2995 2227; x_wconf 81' lang='grc' dir='ltr'>ἡμῖν</span> <span class='ocrx_word' id='word_1_466' title='bbox 3024 2157 3181 2227; x_wconf 88' lang='grc' dir='ltr'>λόγον</span> <span class='ocrx_word' id='word_1_467' title='bbox 3208 2159 3264 2213; x_wconf 85' lang='grc' dir='ltr'>ἐν</span> <span class='ocrx_word' id='word_1_468' title='bbox 3301 2160 3502 2228; x_wconf 79' lang='grc' dir='ltr'>ἀνοίξει</span> <span class='ocrx_word' id='word_1_469' title='bbox 3533 2161 3622 2215; x_wconf 90' lang='grc' dir='ltr'>τοῦ</span> <span class='ocrx_word' id='word_1_470' title='bbox 3652 2163 3820 2231; x_wconf 82' lang='grc' dir='ltr'>στόμα-</span> 
     </span>
    </p>
   </div>
   <div class='ocr_carea' id='block_1_59' title="bbox 2173 2238 3815 2316">
    <p class='ocr_par' dir='ltr' id='par_1_59' title="bbox 2173 2238 3815 2316">
     <span class='ocr_line' id='line_1_59' title="bbox 2173 2238 3815 2316; baseline 0.002 -18"><span class='ocrx_word' id='word_1_471' title='bbox 2173 2258 2265 2309; x_wconf 84' lang='grc' dir='ltr'>τος</span> <span class='ocrx_word' id='word_1_472' title='bbox 2295 2245 2470 2316; x_wconf 83' lang='grc' dir='ltr'>ήμῶν.</span> <span class='ocrx_word' id='word_1_473' title='bbox 2512 2238 2736 2309; x_wconf 89' lang='grc' dir='ltr'>Πάντως</span> <span class='ocrx_word' id='word_1_474' title='bbox 2763 2245 2891 2316; x_wconf 84' lang='grc' dir='ltr'>ὑμῖν</span> <span class='ocrx_word' id='word_1_475' title='bbox 2920 2246 3080 2309; x_wconf 89' lang='grc' dir='ltr'>πόνος</span> <span class='ocrx_word' id='word_1_476' title='bbox 3102 2246 3276 2310; x_wconf 85' lang='grc' dir='ltr'>οὐδεὶς</span> <span class='ocrx_word' id='word_1_477' title='bbox 3305 2250 3579 2312; x_wconf 89' lang='grc' dir='ltr'>τοσούτοις</span> <span class='ocrx_word' id='word_1_478' title='bbox 3613 2245 3721 2302; x_wconf 78' lang='grc' dir='ltr'>οὖσι</span> <span class='ocrx_word' id='word_1_479' title='bbox 3739 2248 3815 2302; x_wconf 80' lang='grc' dir='ltr'>καὶ</span> 
     </span>
    </p>
   </div>
   <div class='ocr_carea' id='block_1_60' title="bbox 2175 2331 3817 2405">
    <p class='ocr_par' dir='ltr' id='par_1_60' title="bbox 2175 2331 3817 2405">
     <span class='ocr_line' id='line_1_60' title="bbox 2175 2331 3817 2405; baseline 0.002 -21"><span class='ocrx_word' id='word_1_480' title='bbox 2175 2331 2530 2403; x_wconf 88' lang='grc' dir='ltr'>τηλικούτοις,</span> <span class='ocrx_word' id='word_1_481' title='bbox 2567 2331 2685 2394; x_wconf 83' lang='grc' dir='ltr'>ἐνὸς</span> <span class='ocrx_word' id='word_1_482' title='bbox 2731 2332 3089 2401; x_wconf 86' lang='grc' dir='ltr'>μειρακίσκου</span> <span class='ocrx_word' id='word_1_483' title='bbox 3129 2333 3305 2405; x_wconf 85' lang='grc' dir='ltr'>ψυχὴν</span> <span class='ocrx_word' id='word_1_484' title='bbox 3354 2335 3435 2405; x_wconf 81' lang='grc' dir='ltr'>τῷ</span> <span class='ocrx_word' id='word_1_485' title='bbox 3479 2335 3622 2405; x_wconf 83' lang='grc' dir='ltr'>φόϐῳ</span> <span class='ocrx_word' id='word_1_486' title='bbox 3663 2333 3817 2389; x_wconf 86' lang='grc' dir='ltr'>διαλυ-</span> 
     </span>
    </p>
   </div>
   <div class='ocr_carea' id='block_1_61' title="bbox 2176 2418 3819 2493">
    <p class='ocr_par' dir='ltr' id='par_1_61' title="bbox 2176 2418 3819 2493">
     <span class='ocr_line' id='line_1_61' title="bbox 2176 2418 3819 2493; baseline 0.001 -21"><span class='ocrx_word' id='word_1_487' title='bbox 2176 2418 2361 2473; x_wconf 88' lang='grc' dir='ltr'>θεῖσαν</span> <span class='ocrx_word' id='word_1_488' title='bbox 2401 2418 2720 2487; x_wconf 82' lang='grc' dir='ltr'>ἐπισφίγξαι</span> <span class='ocrx_word' id='word_1_489' title='bbox 2768 2418 2964 2471; x_wconf 85' lang='grc' dir='ltr'>πάλιν·</span> <span class='ocrx_word' id='word_1_490' title='bbox 3004 2418 3201 2473; x_wconf 87' lang='grc' dir='ltr'>δίκαιοι</span> <span class='ocrx_word' id='word_1_491' title='bbox 3249 2421 3307 2474; x_wconf 81' lang='grc' dir='ltr'>δὲ</span> <span class='ocrx_word' id='word_1_492' title='bbox 3355 2421 3422 2476; x_wconf 83' lang='grc' dir='ltr'>ἂν</span> <span class='ocrx_word' id='word_1_493' title='bbox 3463 2421 3607 2493; x_wconf 71' lang='grc' dir='ltr'>εἴητε</span> <span class='ocrx_word' id='word_1_494' title='bbox 3649 2420 3819 2488; x_wconf 80' lang='grc' dir='ltr'>ταύτην</span> 
     </span>
    </p>
   </div>
   <div class='ocr_carea' id='block_1_62' title="bbox 2176 2504 3818 2580">
    <p class='ocr_par' dir='ltr' id='par_1_62' title="bbox 2176 2504 3818 2580">
     <span class='ocr_line' id='line_1_62' title="bbox 2176 2504 3818 2580; baseline 0.001 -20"><span class='ocrx_word' id='word_1_495' title='bbox 2176 2509 2306 2577; x_wconf 81' lang='grc' dir='ltr'>ἡμῖν</span> <span class='ocrx_word' id='word_1_496' title='bbox 2333 2508 2637 2577; x_wconf 84' lang='grc' dir='ltr'>παρασχεῖν</span> <span class='ocrx_word' id='word_1_497' title='bbox 2677 2504 2776 2575; x_wconf 83' lang='grc' dir='ltr'>τὴν</span> <span class='ocrx_word' id='word_1_498' title='bbox 2814 2504 3049 2576; x_wconf 71' lang='grc' dir='ltr'>αἴτησιν,</span> <span class='ocrx_word' id='word_1_499' title='bbox 3084 2507 3207 2560; x_wconf 78' lang='grc' dir='ltr'>ἐπεὶ</span> <span class='ocrx_word' id='word_1_500' title='bbox 3243 2508 3338 2561; x_wconf 80' lang='grc' dir='ltr'>καὶ</span> <span class='ocrx_word' id='word_1_501' title='bbox 3385 2509 3453 2562; x_wconf 79' lang='grc' dir='ltr'>δι’</span> <span class='ocrx_word' id='word_1_502' title='bbox 3480 2510 3619 2580; x_wconf 75' lang='grc' dir='ltr'>ὑμᾶς</span> <span class='ocrx_word' id='word_1_503' title='bbox 3639 2510 3719 2561; x_wconf 77' lang='grc' dir='ltr'>τὸν</span> <span class='ocrx_word' id='word_1_504' title='bbox 3742 2508 3818 2563; x_wconf 87' lang='grc' dir='ltr'>κύ-</span> 
     </span>
    </p>
   </div>
   <div class='ocr_carea' id='block_1_63' title="bbox 2175 2592 3817 2667">
    <p class='ocr_par' dir='ltr' id='par_1_63' title="bbox 2175 2592 3817 2667">
     <span class='ocr_line' id='line_1_63' title="bbox 2175 2592 3817 2667; baseline 0.002 -22"><span class='ocrx_word' id='word_1_505' title='bbox 2175 2594 2269 2647; x_wconf 86' lang='grc' dir='ltr'>ϐον</span> <span class='ocrx_word' id='word_1_506' title='bbox 2302 2593 2673 2666; x_wconf 72' lang='grc' dir='ltr'>ἀνερῤίψαμεν</span> <span class='ocrx_word' id='word_1_507' title='bbox 2725 2592 2932 2654; x_wconf 87' lang='grc' dir='ltr'>τοῦτον,</span> <span class='ocrx_word' id='word_1_508' title='bbox 2986 2593 3052 2646; x_wconf 84' lang='grc' dir='ltr'>δι’</span> <span class='ocrx_word' id='word_1_509' title='bbox 3096 2595 3240 2664; x_wconf 79' lang='grc' dir='ltr'>ὑμᾶς</span> <span class='ocrx_word' id='word_1_510' title='bbox 3288 2594 3384 2647; x_wconf 81' lang='grc' dir='ltr'>καὶ</span> <span class='ocrx_word' id='word_1_511' title='bbox 3432 2596 3531 2667; x_wconf 83' lang='grc' dir='ltr'>τὴν</span> <span class='ocrx_word' id='word_1_512' title='bbox 3582 2596 3817 2666; x_wconf 80' lang='grc' dir='ltr'>ὑμετέραν</span> 
     </span>
    </p>
   </div>
   <div class='ocr_carea' id='block_1_64' title="bbox 2180 2677 3817 2755">
    <p class='ocr_par' dir='ltr' id='par_1_64' title="bbox 2180 2677 3817 2755">
     <span class='ocr_line' id='line_1_64' title="bbox 2180 2677 3817 2755; baseline -0.001 -20"><span class='ocrx_word' id='word_1_513' title='bbox 2180 2683 2424 2752; x_wconf 88' lang='grc' dir='ltr'>ἀγάπην,</span> <span class='ocrx_word' id='word_1_514' title='bbox 2448 2677 2516 2752; x_wconf 81' lang='grc' dir='ltr'>ἧς</span> <span class='ocrx_word' id='word_1_515' title='bbox 2544 2681 2695 2733; x_wconf 83' lang='grc' dir='ltr'>οὐδὲν</span> <span class='ocrx_word' id='word_1_516' title='bbox 2727 2678 3045 2751; x_wconf 83' lang='grc' dir='ltr'>βιαιότερον,</span> <span class='ocrx_word' id='word_1_517' title='bbox 3071 2681 3191 2734; x_wconf 84' lang='grc' dir='ltr'>οὐδὲ</span> <span class='ocrx_word' id='word_1_518' title='bbox 3213 2682 3687 2755; x_wconf 83' lang='grc' dir='ltr'>τυραννικώτερον,</span> <span class='ocrx_word' id='word_1_519' title='bbox 3708 2683 3817 2735; x_wconf 80' lang='grc' dir='ltr'>ὅπου</span> 
     </span>
    </p>
   </div>
   <div class='ocr_carea' id='block_1_65' title="bbox 2177 2766 3816 2840">
    <p class='ocr_par' dir='ltr' id='par_1_65' title="bbox 2177 2766 3816 2840">
     <span class='ocr_line' id='line_1_65' title="bbox 2177 2766 3816 2840; baseline -0.002 -16"><span class='ocrx_word' id='word_1_520' title='bbox 2177 2788 2241 2840; x_wconf 91' lang='grc' dir='ltr'>γε</span> <span class='ocrx_word' id='word_1_521' title='bbox 2281 2771 2376 2824; x_wconf 75' lang='grc' dir='ltr'>καὶ</span> <span class='ocrx_word' id='word_1_522' title='bbox 2417 2770 2569 2839; x_wconf 77' lang='grc' dir='ltr'>ἡμᾶς</span> <span class='ocrx_word' id='word_1_523' title='bbox 2617 2767 2677 2820; x_wconf 87' lang='grc' dir='ltr'>οὐ</span> <span class='ocrx_word' id='word_1_524' title='bbox 2725 2766 2871 2837; x_wconf 84' lang='grc' dir='ltr'>μάλα</span> <span class='ocrx_word' id='word_1_525' title='bbox 2920 2767 3200 2839; x_wconf 80' lang='grc' dir='ltr'>ἐμπείρως</span> <span class='ocrx_word' id='word_1_526' title='bbox 3240 2768 3465 2839; x_wconf 79' lang='grc' dir='ltr'>ἔχοντας</span> <span class='ocrx_word' id='word_1_527' title='bbox 3509 2771 3600 2824; x_wconf 83' lang='grc' dir='ltr'>τοῦ</span> <span class='ocrx_word' id='word_1_528' title='bbox 3641 2770 3816 2837; x_wconf 86' lang='grc' dir='ltr'>λέγειν,</span> 
     </span>
    </p>
   </div>
   <div class='ocr_carea' id='block_1_66' title="bbox 2176 2855 3817 2927">
    <p class='ocr_par' dir='ltr' id='par_1_66' title="bbox 2176 2855 3817 2927">
     <span class='ocr_line' id='line_1_66' title="bbox 2176 2855 3817 2927; baseline -0.002 -15"><span class='ocrx_word' id='word_1_529' title='bbox 2176 2858 2353 2927; x_wconf 86' lang='grc' dir='ltr'>λέγειν</span> <span class='ocrx_word' id='word_1_530' title='bbox 2396 2858 2677 2923; x_wconf 82' lang='grc' dir='ltr'>ἀνέπεισε,</span> <span class='ocrx_word' id='word_1_531' title='bbox 2718 2856 2811 2908; x_wconf 79' lang='grc' dir='ltr'>καὶ</span> <span class='ocrx_word' id='word_1_532' title='bbox 2857 2856 2993 2927; x_wconf 82' lang='grc' dir='ltr'>πρὸς</span> <span class='ocrx_word' id='word_1_533' title='bbox 3035 2855 3097 2909; x_wconf 82' lang='grc' dir='ltr'>τὸ</span> <span class='ocrx_word' id='word_1_534' title='bbox 3129 2856 3227 2927; x_wconf 84' lang='grc' dir='ltr'>τῆς</span> <span class='ocrx_word' id='word_1_535' title='bbox 3258 2856 3605 2923; x_wconf 82' lang='grc' dir='ltr'>διδασκαλίας</span> <span class='ocrx_word' id='word_1_536' title='bbox 3644 2858 3817 2912; x_wconf 86' lang='grc' dir='ltr'>στάδιον</span> 
     </span>
    </p>
   </div>
   <div class='ocr_carea' id='block_1_67' title="bbox 2175 2942 3819 3017">
    <p class='ocr_par' dir='ltr' id='par_1_67' title="bbox 2175 2942 3819 3017">
     <span class='ocr_line' id='line_1_67' title="bbox 2175 2942 3819 3017; baseline -0.003 -17"><span class='ocrx_word' id='word_1_537' title='bbox 2175 2944 2544 3001; x_wconf 83' lang='grc' dir='ltr'>ἀποδύσασθαι</span> <span class='ocrx_word' id='word_1_538' title='bbox 2601 2942 3020 3014; x_wconf 83' lang='grc' dir='ltr'>παρεσκεύασε,</span> <span class='ocrx_word' id='word_1_539' title='bbox 3083 2944 3259 2997; x_wconf 90' lang='grc' dir='ltr'>καίτοι</span> <span class='ocrx_word' id='word_1_540' title='bbox 3310 2946 3538 3017; x_wconf 81' lang='grc' dir='ltr'>μηδέπω</span> <span class='ocrx_word' id='word_1_541' title='bbox 3598 2946 3819 3016; x_wconf 81' lang='grc' dir='ltr'>πρότερον</span> 
     </span>
    </p>
   </div>
   <div class='ocr_carea' id='block_1_68' title="bbox 2177 3030 3819 3104">
    <p class='ocr_par' dir='ltr' id='par_1_68' title="bbox 2177 3030 3819 3104">
     <span class='ocr_line' id='line_1_68' title="bbox 2177 3030 3819 3104; baseline -0.002 -17"><span class='ocrx_word' id='word_1_542' title='bbox 2177 3035 2383 3088; x_wconf 86' lang='grc' dir='ltr'>τούτων</span> <span class='ocrx_word' id='word_1_543' title='bbox 2442 3032 2759 3102; x_wconf 78' lang='grc' dir='ltr'>ἁψαμένους</span> <span class='ocrx_word' id='word_1_544' title='bbox 2808 3030 2916 3085; x_wconf 85' lang='grc' dir='ltr'>τῶν</span> <span class='ocrx_word' id='word_1_545' title='bbox 2971 3031 3390 3104; x_wconf 83' lang='grc' dir='ltr'>παλαισμάτων,</span> <span class='ocrx_word' id='word_1_546' title='bbox 3424 3035 3536 3088; x_wconf 86' lang='grc' dir='ltr'>ἀλλ’</span> <span class='ocrx_word' id='word_1_547' title='bbox 3586 3035 3664 3088; x_wconf 78' lang='grc' dir='ltr'>ἀεὶ</span> <span class='ocrx_word' id='word_1_548' title='bbox 3709 3031 3819 3103; x_wconf 82' lang='grc' dir='ltr'>μετὰ</span> 
     </span>
    </p>
   </div>
   <div class='ocr_carea' id='block_1_69' title="bbox 2178 3119 3819 3195">
    <p class='ocr_par' dir='ltr' id='par_1_69' title="bbox 2178 3119 3819 3195">
     <span class='ocr_line' id='line_1_69' title="bbox 2178 3119 3819 3195; baseline -0.002 -19"><span class='ocrx_word' id='word_1_549' title='bbox 2178 3122 2288 3176; x_wconf 87' lang='grc' dir='ltr'>τῶν</span> <span class='ocrx_word' id='word_1_550' title='bbox 2312 3119 2595 3192; x_wconf 83' lang='grc' dir='ltr'>ἀκροατῶν</span> <span class='ocrx_word' id='word_1_551' title='bbox 2632 3120 3014 3190; x_wconf 83' lang='grc' dir='ltr'>ταττομένους,</span> <span class='ocrx_word' id='word_1_552' title='bbox 3060 3121 3153 3174; x_wconf 73' lang='grc' dir='ltr'>καὶ</span> <span class='ocrx_word' id='word_1_553' title='bbox 3190 3121 3292 3191; x_wconf 84' lang='grc' dir='ltr'>τῆς</span> <span class='ocrx_word' id='word_1_554' title='bbox 3336 3121 3681 3195; x_wconf 84' lang='grc' dir='ltr'>ἀπράγμονος</span> <span class='ocrx_word' id='word_1_555' title='bbox 3707 3122 3819 3173; x_wconf 86' lang='grc' dir='ltr'>ἀπο-</span> 
     </span>
    </p>
   </div>
   <div class='ocr_carea' id='block_1_70' title="bbox 2180 3207 3818 3282">
    <p class='ocr_par' dir='ltr' id='par_1_70' title="bbox 2180 3207 3818 3282">
     <span class='ocr_line' id='line_1_70' title="bbox 2180 3207 3818 3282; baseline -0.002 -19"><span class='ocrx_word' id='word_1_556' title='bbox 2180 3210 2442 3272; x_wconf 88' lang='grc' dir='ltr'>λαύοντας</span> <span class='ocrx_word' id='word_1_557' title='bbox 2461 3209 2712 3280; x_wconf 84' lang='grc' dir='ltr'>ἡσυχίας.</span> <span class='ocrx_word' id='word_1_558' title='bbox 2748 3207 2910 3261; x_wconf 81' lang='grc' dir='ltr'>Ἀλλά</span> <span class='ocrx_word' id='word_1_559' title='bbox 2937 3207 3021 3272; x_wconf 91' lang='grc' dir='ltr'>τίς</span> <span class='ocrx_word' id='word_1_560' title='bbox 3049 3208 3191 3261; x_wconf 72' lang='grc' dir='ltr'>οὕτω</span> <span class='ocrx_word' id='word_1_561' title='bbox 3228 3208 3466 3282; x_wconf 80' lang='grc' dir='ltr'>σκληρὸς</span> <span class='ocrx_word' id='word_1_562' title='bbox 3496 3213 3586 3264; x_wconf 73' lang='grc' dir='ltr'>καὶ</span> <span class='ocrx_word' id='word_1_563' title='bbox 3611 3210 3818 3275; x_wconf 80' lang='grc' dir='ltr'>δυσάγω-</span> 
     </span>
    </p>
   </div>
   <div class='ocr_carea' id='block_1_71' title="bbox 2180 3295 3817 3369">
    <p class='ocr_par' dir='ltr' id='par_1_71' title="bbox 2180 3295 3817 3369">
     <span class='ocr_line' id='line_1_71' title="bbox 2180 3295 3817 3369; baseline -0.003 -17"><span class='ocrx_word' id='word_1_564' title='bbox 2180 3316 2299 3367; x_wconf 91' lang='grc' dir='ltr'>γος,</span> <span class='ocrx_word' id='word_1_565' title='bbox 2325 3297 2401 3360; x_wconf 84' lang='grc' dir='ltr'>ὡς</span> <span class='ocrx_word' id='word_1_566' title='bbox 2424 3296 2515 3352; x_wconf 77' lang='grc' dir='ltr'>τὸν</span> <span class='ocrx_word' id='word_1_567' title='bbox 2539 3297 2804 3369; x_wconf 86' lang='grc' dir='ltr'>ὑμέτερον</span> <span class='ocrx_word' id='word_1_568' title='bbox 2842 3295 3098 3364; x_wconf 87' lang='grc' dir='ltr'>σύλλογον</span> <span class='ocrx_word' id='word_1_569' title='bbox 3123 3299 3248 3368; x_wconf 78' lang='grc' dir='ltr'>σιγῇ</span> <span class='ocrx_word' id='word_1_570' title='bbox 3279 3298 3588 3369; x_wconf 84' lang='grc' dir='ltr'>παρελθεῖν,</span> <span class='ocrx_word' id='word_1_571' title='bbox 3613 3297 3698 3351; x_wconf 78' lang='grc' dir='ltr'>καὶ</span> <span class='ocrx_word' id='word_1_572' title='bbox 3721 3296 3817 3366; x_wconf 86' lang='grc' dir='ltr'>θερ-</span> 
     </span>
    </p>
   </div>
   <div class='ocr_carea' id='block_1_72' title="bbox 2184 3380 3819 3457">
    <p class='ocr_par' dir='ltr' id='par_1_72' title="bbox 2184 3380 3819 3457">
     <span class='ocr_line' id='line_1_72' title="bbox 2184 3380 3819 3457; baseline -0.003 -18"><span class='ocrx_word' id='word_1_573' title='bbox 2184 3387 2317 3457; x_wconf 85' lang='grc' dir='ltr'>μοὺς</span> <span class='ocrx_word' id='word_1_574' title='bbox 2366 3383 2541 3455; x_wconf 83' lang='grc' dir='ltr'>εὑρὼν</span> <span class='ocrx_word' id='word_1_575' title='bbox 2592 3384 2910 3455; x_wconf 85' lang='grc' dir='ltr'>ἀκροάσεως</span> <span class='ocrx_word' id='word_1_576' title='bbox 2959 3383 3217 3455; x_wconf 76' lang='grc' dir='ltr'>ἐραστὰς.</span> <span class='ocrx_word' id='word_1_577' title='bbox 3254 3385 3327 3455; x_wconf 83' lang='grc' dir='ltr'>μὴ</span> <span class='ocrx_word' id='word_1_578' title='bbox 3373 3384 3694 3457; x_wconf 81' lang='grc' dir='ltr'>προσειπεῖν,</span> <span class='ocrx_word' id='word_1_579' title='bbox 3740 3380 3819 3434; x_wconf 80' lang='grc' dir='ltr'>κᾶν</span> 
     </span>
    </p>
   </div>
   <div class='ocr_carea' id='block_1_73' title="bbox 2181 3465 3821 3545">
    <p class='ocr_par' dir='ltr' id='par_1_73' title="bbox 2181 3465 3821 3545">
     <span class='ocr_line' id='line_1_73' title="bbox 2181 3465 3821 3545; baseline -0.005 -17"><span class='ocrx_word' id='word_1_580' title='bbox 2181 3474 2436 3528; x_wconf 81' lang='grc' dir='ltr'>ἀπάντων</span> <span class='ocrx_word' id='word_1_581' title='bbox 2457 3472 2553 3526; x_wconf 86' lang='grc' dir='ltr'>ἀνθ</span> <span class='ocrx_word' id='word_1_582' title='bbox 2564 3471 2758 3542; x_wconf 84' lang='grc' dir='ltr'>ρώπων</span> <span class='ocrx_word' id='word_1_583' title='bbox 2784 3472 3124 3542; x_wconf 82' lang='grc' dir='ltr'>ἀφωνότερος</span> <span class='ocrx_word' id='word_1_584' title='bbox 3143 3470 3296 3545; x_wconf 67' lang='grc'>[458]</span> <span class='ocrx_word' id='word_1_585' title='bbox 3387 3491 3402 3540; x_wconf 91' lang='lat'><strong>;</strong></span> <span class='ocrx_word' id='word_1_586' title='bbox 3421 3472 3733 3543; x_wconf 85' lang='grc' dir='ltr'>Ἐϐουλόμην</span> <span class='ocrx_word' id='word_1_587' title='bbox 3748 3465 3821 3521; x_wconf 82' lang='grc' dir='ltr'>οὖν</span> 
     </span>
    </p>
   </div>
   <div class='ocr_carea' id='block_1_74' title="bbox 2182 3556 3821 3632">
    <p class='ocr_par' dir='ltr' id='par_1_74' title="bbox 2182 3556 3821 3632">
     <span class='ocr_line' id='line_1_74' title="bbox 2182 3556 3821 3632; baseline -0.005 -18"><span class='ocrx_word' id='word_1_588' title='bbox 2182 3559 2397 3632; x_wconf 89' lang='grc' dir='ltr'>πρῶτον</span> <span class='ocrx_word' id='word_1_589' title='bbox 2431 3559 2489 3611; x_wconf 91' lang='grc' dir='ltr'>ἐν</span> <span class='ocrx_word' id='word_1_590' title='bbox 2517 3559 2814 3629; x_wconf 77' lang='grc' dir='ltr'>Ἐκκλησία</span> <span class='ocrx_word' id='word_1_591' title='bbox 2844 3556 3051 3629; x_wconf 87' lang='grc' dir='ltr'>μέλλων</span> <span class='ocrx_word' id='word_1_592' title='bbox 3078 3559 3295 3628; x_wconf 86' lang='grc' dir='ltr'>ἀφιέναι</span> <span class='ocrx_word' id='word_1_593' title='bbox 3324 3559 3506 3629; x_wconf 90' lang='grc' dir='ltr'>λόγον,</span> <span class='ocrx_word' id='word_1_594' title='bbox 3541 3561 3644 3613; x_wconf 88' lang='grc' dir='ltr'>τῶν</span> <span class='ocrx_word' id='word_1_595' title='bbox 3672 3572 3821 3628; x_wconf 81' lang='grc' dir='ltr'>προοι·</span> 
     </span>
    </p>
   </div>
   <div class='ocr_carea' id='block_1_75' title="bbox 2185 3642 3820 3718">
    <p class='ocr_par' dir='ltr' id='par_1_75' title="bbox 2185 3642 3820 3718">
     <span class='ocr_line' id='line_1_75' title="bbox 2185 3642 3820 3718; baseline -0.004 -17"><span class='ocrx_word' id='word_1_596' title='bbox 2185 3648 2325 3718; x_wconf 91' lang='grc' dir='ltr'>μίων</span> <span class='ocrx_word' id='word_1_597' title='bbox 2352 3645 2701 3717; x_wconf 82' lang='grc' dir='ltr'>ἀπάρξασθαι</span> <span class='ocrx_word' id='word_1_598' title='bbox 2748 3645 2825 3717; x_wconf 80' lang='grc' dir='ltr'>τῷ</span> <span class='ocrx_word' id='word_1_599' title='bbox 2869 3646 2969 3717; x_wconf 84' lang='grc' dir='ltr'>τὴν</span> <span class='ocrx_word' id='word_1_600' title='bbox 3008 3646 3262 3714; x_wconf 86' lang='grc' dir='ltr'>γλῶσσαν</span> <span class='ocrx_word' id='word_1_601' title='bbox 3296 3648 3432 3717; x_wconf 81' lang='grc' dir='ltr'>ἡμῖν</span> <span class='ocrx_word' id='word_1_602' title='bbox 3464 3646 3659 3717; x_wconf 87' lang='grc' dir='ltr'>ταύτην</span> <span class='ocrx_word' id='word_1_603' title='bbox 3687 3642 3820 3696; x_wconf 77' lang='grc' dir='ltr'>δεδωο</span> 
     </span>
    </p>
   </div>
   <div class='ocr_carea' id='block_1_76' title="bbox 2182 3730 3821 3806">
    <p class='ocr_par' dir='ltr' id='par_1_76' title="bbox 2182 3730 3821 3806">
     <span class='ocr_line' id='line_1_76' title="bbox 2182 3730 3821 3806; baseline 0.001 -19"><span class='ocrx_word' id='word_1_604' title='bbox 2182 3735 2299 3787; x_wconf 89' lang='grc' dir='ltr'>κότι</span> <span class='ocrx_word' id='word_1_605' title='bbox 2326 3733 2445 3804; x_wconf 86' lang='grc' dir='ltr'>Θεῷ</span> <span class='ocrx_word' id='word_1_606' title='bbox 2463 3750 2476 3763; x_wconf 89' lang='grc'><strong>·</strong></span> <span class='ocrx_word' id='word_1_607' title='bbox 2507 3734 2602 3785; x_wconf 74' lang='grc' dir='ltr'>καὶ</span> <span class='ocrx_word' id='word_1_608' title='bbox 2632 3733 2739 3803; x_wconf 84' lang='grc' dir='ltr'>γὰρ</span> <span class='ocrx_word' id='word_1_609' title='bbox 2768 3732 2941 3796; x_wconf 72' lang='grc' dir='ltr'>οὕτως</span> <span class='ocrx_word' id='word_1_610' title='bbox 2970 3731 3097 3786; x_wconf 73' lang='grc' dir='ltr'>ἔδει.</span> <span class='ocrx_word' id='word_1_611' title='bbox 3133 3734 3207 3785; x_wconf 85' lang='grc' dir='ltr'>Οὐ</span> <span class='ocrx_word' id='word_1_612' title='bbox 3234 3733 3341 3806; x_wconf 79' lang='grc' dir='ltr'>γὰρ</span> <span class='ocrx_word' id='word_1_613' title='bbox 3376 3734 3442 3805; x_wconf 78' lang='grc' dir='ltr'>δὴ</span> <span class='ocrx_word' id='word_1_614' title='bbox 3475 3733 3627 3805; x_wconf 88' lang='grc' dir='ltr'>μόνον</span> <span class='ocrx_word' id='word_1_615' title='bbox 3652 3730 3821 3788; x_wconf 74' lang='grc' dir='ltr'>ἅλωνος</span> 
     </span>
    </p>
   </div>
   <div class='ocr_carea' id='block_1_77' title="bbox 2182 3816 3821 3892">
    <p class='ocr_par' dir='ltr' id='par_1_77' title="bbox 2182 3816 3821 3892">
     <span class='ocr_line' id='line_1_77' title="bbox 2182 3816 3821 3892; baseline -0.004 -19"><span class='ocrx_word' id='word_1_616' title='bbox 2182 3820 2275 3874; x_wconf 78' lang='grc' dir='ltr'>καὶ</span> <span class='ocrx_word' id='word_1_617' title='bbox 2298 3820 2482 3891; x_wconf 81' lang='grc' dir='ltr'>ληνοῦ,</span> <span class='ocrx_word' id='word_1_618' title='bbox 2508 3820 2644 3874; x_wconf 87' lang='grc' dir='ltr'>ἀλλά</span> <span class='ocrx_word' id='word_1_619' title='bbox 2671 3821 2765 3873; x_wconf 80' lang='grc' dir='ltr'>καὶ</span> <span class='ocrx_word' id='word_1_620' title='bbox 2787 3819 2962 3888; x_wconf 89' lang='grc' dir='ltr'>λόγων</span> <span class='ocrx_word' id='word_1_621' title='bbox 2986 3820 3329 3890; x_wconf 86' lang='grc' dir='ltr'>ἀπάρχεσθαι</span> <span class='ocrx_word' id='word_1_622' title='bbox 3353 3822 3438 3874; x_wconf 80' lang='grc' dir='ltr'>δεῖ</span> <span class='ocrx_word' id='word_1_623' title='bbox 3466 3821 3543 3892; x_wconf 83' lang='grc' dir='ltr'>τῷ</span> <span class='ocrx_word' id='word_1_624' title='bbox 3571 3819 3720 3887; x_wconf 86' lang='grc' dir='ltr'>λόγῳ,</span> <span class='ocrx_word' id='word_1_625' title='bbox 3747 3816 3821 3866; x_wconf 75' lang='grc' dir='ltr'>καὶ</span> 
     </span>
    </p>
   </div>
   <div class='ocr_carea' id='block_1_78' title="bbox 2181 3902 3820 3980">
    <p class='ocr_par' dir='ltr' id='par_1_78' title="bbox 2181 3902 3820 3980">
     <span class='ocr_line' id='line_1_78' title="bbox 2181 3902 3820 3980; baseline -0.002 -21"><span class='ocrx_word' id='word_1_626' title='bbox 2181 3906 2353 3976; x_wconf 90' lang='grc' dir='ltr'>λόγων</span> <span class='ocrx_word' id='word_1_627' title='bbox 2378 3906 2558 3977; x_wconf 87' lang='grc' dir='ltr'>πολλῷ</span> <span class='ocrx_word' id='word_1_628' title='bbox 2583 3907 2801 3978; x_wconf 79' lang='grc' dir='ltr'>μᾶλλον,</span> <span class='ocrx_word' id='word_1_629' title='bbox 2829 3908 2863 3978; x_wconf 84' lang='grc' dir='ltr'>ἢ</span> <span class='ocrx_word' id='word_1_630' title='bbox 2896 3908 3243 3977; x_wconf 87' lang='grc' dir='ltr'>δραγμάτων.</span> <span class='ocrx_word' id='word_1_631' title='bbox 3280 3909 3393 3962; x_wconf 76' lang='grc' dir='ltr'>Καὶ</span> <span class='ocrx_word' id='word_1_632' title='bbox 3415 3909 3524 3980; x_wconf 74' lang='grc' dir='ltr'>γὰρ</span> <span class='ocrx_word' id='word_1_633' title='bbox 3548 3909 3636 3961; x_wconf 78' lang='grc' dir='ltr'>καὶ</span> <span class='ocrx_word' id='word_1_634' title='bbox 3663 3907 3775 3976; x_wconf 79' lang='grc' dir='ltr'>ἡμῖν</span> <span class='ocrx_word' id='word_1_635' title='bbox 3799 3902 3820 3941; x_wconf 76' lang='grc'><strong><em>⁸</em></strong></span> 
     </span>
    </p>
   </div>
   <div class='ocr_carea' id='block_1_79' title="bbox 2181 3990 3825 4069">
    <p class='ocr_par' dir='ltr' id='par_1_79' title="bbox 2181 3990 3825 4069">
     <span class='ocr_line' id='line_1_79' title="bbox 2181 3990 3825 4069; baseline -0.002 -21"><span class='ocrx_word' id='word_1_636' title='bbox 2181 3995 2509 4067; x_wconf 89' lang='grc' dir='ltr'>οίκειότερος</span> <span class='ocrx_word' id='word_1_637' title='bbox 2539 3990 2696 4059; x_wconf 76' lang='grc' dir='ltr'>οὗτος</span> <span class='ocrx_word' id='word_1_638' title='bbox 2751 3997 2779 4048; x_wconf 87' lang='grc' dir='ltr'><strong>ὁ</strong></span> <span class='ocrx_word' id='word_1_639' title='bbox 2804 3995 3036 4064; x_wconf 83' lang='grc' dir='ltr'>καρπὸς,</span> <span class='ocrx_word' id='word_1_640' title='bbox 3082 3995 3175 4048; x_wconf 72' lang='grc' dir='ltr'>καὶ</span> <span class='ocrx_word' id='word_1_641' title='bbox 3220 3996 3371 4066; x_wconf 83' lang='grc' dir='ltr'>αὐτῷ</span> <span class='ocrx_word' id='word_1_642' title='bbox 3412 3994 3825 4069; x_wconf 76' lang='grc' dir='ltr'>προσφιλέστερος</span> 
     </span>
    </p>
   </div>
   <div class='ocr_carea' id='block_1_80' title="bbox 2181 4075 3824 4155">
    <p class='ocr_par' dir='ltr' id='par_1_80' title="bbox 2181 4075 3824 4155">
     <span class='ocr_line' id='line_1_80' title="bbox 2181 4075 3824 4155; baseline -0.005 -19"><span class='ocrx_word' id='word_1_643' title='bbox 2181 4082 2259 4154; x_wconf 81' lang='grc' dir='ltr'>τῷ</span> <span class='ocrx_word' id='word_1_644' title='bbox 2288 4082 2584 4152; x_wconf 84' lang='grc' dir='ltr'>τιμωμένῳ</span> <span class='ocrx_word' id='word_1_645' title='bbox 2608 4081 2747 4153; x_wconf 80' lang='grc' dir='ltr'>Θεῷ.</span> <span class='ocrx_word' id='word_1_646' title='bbox 2782 4082 2988 4155; x_wconf 88' lang='grc' dir='ltr'>Βότρυν</span> <span class='ocrx_word' id='word_1_647' title='bbox 3019 4084 3117 4153; x_wconf 84' lang='grc' dir='ltr'>μὲν</span> <span class='ocrx_word' id='word_1_648' title='bbox 3155 4084 3263 4155; x_wconf 83' lang='grc' dir='ltr'>γὰρ</span> <span class='ocrx_word' id='word_1_649' title='bbox 3300 4085 3398 4137; x_wconf 74' lang='grc' dir='ltr'>καὶ</span> <span class='ocrx_word' id='word_1_650' title='bbox 3428 4084 3658 4153; x_wconf 83' lang='grc' dir='ltr'>ἄσταχυν</span> <span class='ocrx_word' id='word_1_651' title='bbox 3690 4075 3824 4145; x_wconf 87' lang='grc' dir='ltr'>λαγό-</span> 
     </span>
    </p>
   </div>
   <div class='ocr_carea' id='block_1_81' title="bbox 2183 4162 3826 4241">
    <p class='ocr_par' dir='ltr' id='par_1_81' title="bbox 2183 4162 3826 4241">
     <span class='ocr_line' id='line_1_81' title="bbox 2183 4162 3826 4241; baseline -0.005 -20"><span class='ocrx_word' id='word_1_652' title='bbox 2183 4186 2270 4233; x_wconf 91' lang='grc' dir='ltr'>νες</span> <span class='ocrx_word' id='word_1_653' title='bbox 2297 4169 2589 4240; x_wconf 86' lang='grc' dir='ltr'>ἐκφέρουσι</span> <span class='ocrx_word' id='word_1_654' title='bbox 2621 4168 2744 4240; x_wconf 81' lang='grc' dir='ltr'>γῆς,</span> <span class='ocrx_word' id='word_1_655' title='bbox 2774 4171 2867 4222; x_wconf 73' lang='grc' dir='ltr'>καὶ</span> <span class='ocrx_word' id='word_1_656' title='bbox 2904 4169 3193 4240; x_wconf 86' lang='grc' dir='ltr'>τρέφουσιν</span> <span class='ocrx_word' id='word_1_657' title='bbox 3224 4169 3450 4239; x_wconf 75' lang='grc' dir='ltr'>ὄμϐρων</span> <span class='ocrx_word' id='word_1_658' title='bbox 3476 4165 3729 4241; x_wconf 76' lang='grc' dir='ltr'>ἐπιρροαὶ,</span> <span class='ocrx_word' id='word_1_659' title='bbox 3751 4162 3826 4215; x_wconf 82' lang='grc' dir='ltr'>καί</span> 
     </span>
    </p>
   </div>
   <div class='ocr_carea' id='block_1_82' title="bbox 2182 4252 3827 4327">
    <p class='ocr_par' dir='ltr' id='par_1_82' title="bbox 2182 4252 3827 4327">
     <span class='ocr_line' id='line_1_82' title="bbox 2182 4252 3827 4327; baseline -0.007 -17"><span class='ocrx_word' id='word_1_660' title='bbox 2182 4255 2435 4327; x_wconf 87' lang='grc' dir='ltr'>γηπόνων</span> <span class='ocrx_word' id='word_1_661' title='bbox 2493 4254 2855 4327; x_wconf 86' lang='grc' dir='ltr'>θεραπεύουσι</span> <span class='ocrx_word' id='word_1_662' title='bbox 2897 4258 3111 4327; x_wconf 78' lang='grc' dir='ltr'>χεῖρεςο</span> <span class='ocrx_word' id='word_1_663' title='bbox 3166 4255 3335 4326; x_wconf 85' lang='grc' dir='ltr'>ὕμνον</span> <span class='ocrx_word' id='word_1_664' title='bbox 3387 4257 3445 4310; x_wconf 86' lang='grc' dir='ltr'>δὲ</span> <span class='ocrx_word' id='word_1_665' title='bbox 3493 4256 3631 4326; x_wconf 77' lang='grc' dir='ltr'>ἱερὸν</span> <span class='ocrx_word' id='word_1_666' title='bbox 3681 4252 3827 4304; x_wconf 86' lang='grc' dir='ltr'>τίκτει</span> 
     </span>
    </p>
   </div>
   <div class='ocr_carea' id='block_1_83' title="bbox 2188 4340 3826 4417">
    <p class='ocr_par' dir='ltr' id='par_1_83' title="bbox 2188 4340 3826 4417">
     <span class='ocr_line' id='line_1_83' title="bbox 2188 4340 3826 4417; baseline -0.007 -17"><span class='ocrx_word' id='word_1_667' title='bbox 2188 4346 2286 4417; x_wconf 80' lang='grc' dir='ltr'>μὲν</span> <span class='ocrx_word' id='word_1_668' title='bbox 2313 4344 2568 4398; x_wconf 86' lang='grc' dir='ltr'>εὐλάϐεια</span> <span class='ocrx_word' id='word_1_669' title='bbox 2597 4345 2798 4415; x_wconf 78' lang='grc' dir='ltr'>ψυχῆς,</span> <span class='ocrx_word' id='word_1_670' title='bbox 2826 4345 3016 4417; x_wconf 85' lang='grc' dir='ltr'>τρέφει</span> <span class='ocrx_word' id='word_1_671' title='bbox 3040 4345 3095 4397; x_wconf 82' lang='grc' dir='ltr'>δὲ</span> <span class='ocrx_word' id='word_1_672' title='bbox 3125 4345 3365 4408; x_wconf 77' lang='grc' dir='ltr'>συνειδὸς</span> <span class='ocrx_word' id='word_1_673' title='bbox 3408 4344 3625 4415; x_wconf 83' lang='grc' dir='ltr'>ἀγαθὸν,</span> <span class='ocrx_word' id='word_1_674' title='bbox 3652 4340 3826 4409; x_wconf 79' lang='grc' dir='ltr'>δέχεται</span> 
     </span>
    </p>
   </div>
   <div class='ocr_carea' id='block_1_84' title="bbox 2186 4424 3827 4504">
    <p class='ocr_par' dir='ltr' id='par_1_84' title="bbox 2186 4424 3827 4504">
     <span class='ocr_line' id='line_1_84' title="bbox 2186 4424 3827 4504; baseline -0.004 -17"><span class='ocrx_word' id='word_1_675' title='bbox 2186 4433 2243 4488; x_wconf 77' lang='grc' dir='ltr'>δὲ</span> <span class='ocrx_word' id='word_1_676' title='bbox 2282 4434 2363 4496; x_wconf 84' lang='grc' dir='ltr'>είς</span> <span class='ocrx_word' id='word_1_677' title='bbox 2408 4434 2478 4486; x_wconf 86' lang='grc' dir='ltr'>τὰ</span> <span class='ocrx_word' id='word_1_678' title='bbox 2514 4436 2737 4504; x_wconf 87' lang='grc' dir='ltr'>ταμιεῖα</span> <span class='ocrx_word' id='word_1_679' title='bbox 2773 4432 2883 4486; x_wconf 90' lang='grc' dir='ltr'>τῶν</span> <span class='ocrx_word' id='word_1_680' title='bbox 2927 4431 3171 4504; x_wconf 83' lang='grc' dir='ltr'>οὐρανῶν</span> <span class='ocrx_word' id='word_1_681' title='bbox 3206 4433 3235 4485; x_wconf 87' lang='grc' dir='ltr'>ό</span> <span class='ocrx_word' id='word_1_682' title='bbox 3282 4431 3438 4494; x_wconf 86' lang='grc' dir='ltr'>Θεός.</span> <span class='ocrx_word' id='word_1_683' title='bbox 3466 4434 3612 4502; x_wconf 87' lang='grc' dir='ltr'>Ὂσῳ</span> <span class='ocrx_word' id='word_1_684' title='bbox 3659 4428 3709 4480; x_wconf 80' lang='grc' dir='ltr'>δὲ</span> <span class='ocrx_word' id='word_1_685' title='bbox 3748 4424 3827 4491; x_wconf 76' lang='grc' dir='ltr'>γῆς</span> 
     </span>
    </p>
   </div>
   <div class='ocr_carea' id='block_1_85' title="bbox 2186 4506 3826 4590">
    <p class='ocr_par' dir='ltr' id='par_1_85' title="bbox 2186 4506 3826 4590">
     <span class='ocr_line' id='line_1_85' title="bbox 2186 4506 3826 4590; baseline -0.001 -18"><span class='ocrx_word' id='word_1_686' title='bbox 2186 4519 2424 4590; x_wconf 87' lang='grc' dir='ltr'>ἀμείνων</span> <span class='ocrx_word' id='word_1_687' title='bbox 2462 4519 2630 4590; x_wconf 72' lang='grc' dir='ltr'>ψυχὴ,</span> <span class='ocrx_word' id='word_1_688' title='bbox 2676 4516 2917 4589; x_wconf 85' lang='grc' dir='ltr'>τοσούτῳ</span> <span class='ocrx_word' id='word_1_689' title='bbox 2962 4518 3055 4570; x_wconf 75' lang='grc' dir='ltr'>καὶ</span> <span class='ocrx_word' id='word_1_690' title='bbox 3109 4516 3244 4588; x_wconf 75' lang='grc' dir='ltr'>αὕτη</span> <span class='ocrx_word' id='word_1_691' title='bbox 3299 4516 3525 4586; x_wconf 78' lang='grc' dir='ltr'>βελτίων</span> <span class='ocrx_word' id='word_1_692' title='bbox 3572 4513 3765 4580; x_wconf 78' lang='grc' dir='ltr'>ἐκείνης</span> <span class='ocrx_word' id='word_1_693' title='bbox 3800 4506 3826 4573; x_wconf 75' lang='grc' dir='ltr'>ἡ</span> 
     </span>
    </p>
   </div>
   <div class='ocr_carea' id='block_1_86' title="bbox 2189 4597 3828 4678">
    <p class='ocr_par' dir='ltr' id='par_1_86' title="bbox 2189 4597 3828 4678">
     <span class='ocr_line' id='line_1_86' title="bbox 2189 4597 3828 4678; baseline -0.006 -19"><span class='ocrx_word' id='word_1_694' title='bbox 2189 4606 2349 4678; x_wconf 88' lang='grc' dir='ltr'>φορά.</span> <span class='ocrx_word' id='word_1_695' title='bbox 2379 4606 2480 4659; x_wconf 88' lang='grc' dir='ltr'>Διά</span> <span class='ocrx_word' id='word_1_696' title='bbox 2502 4624 2583 4659; x_wconf 89' lang='grc' dir='ltr'>τοι</span> <span class='ocrx_word' id='word_1_697' title='bbox 2616 4606 2775 4658; x_wconf 87' lang='grc' dir='ltr'>τοῦτο</span> <span class='ocrx_word' id='word_1_698' title='bbox 2814 4606 2911 4658; x_wconf 75' lang='grc' dir='ltr'>καὶ</span> <span class='ocrx_word' id='word_1_699' title='bbox 2948 4604 3055 4657; x_wconf 88' lang='grc' dir='ltr'>τῶν</span> <span class='ocrx_word' id='word_1_700' title='bbox 3095 4603 3390 4675; x_wconf 86' lang='grc' dir='ltr'>προφητῶν</span> <span class='ocrx_word' id='word_1_701' title='bbox 3422 4622 3525 4667; x_wconf 86' lang='grc' dir='ltr'>τις,</span> <span class='ocrx_word' id='word_1_702' title='bbox 3568 4603 3698 4670; x_wconf 80' lang='grc' dir='ltr'>ἀνὴρ</span> <span class='ocrx_word' id='word_1_703' title='bbox 3726 4597 3828 4650; x_wconf 85' lang='grc' dir='ltr'>θαυ-</span> 
     </span>
    </p>
   </div>
   <div class='ocr_carea' id='block_1_87' title="bbox 2193 4685 3828 4763">
    <p class='ocr_par' dir='ltr' id='par_1_87' title="bbox 2193 4685 3828 4763">
     <span class='ocr_line' id='line_1_87' title="bbox 2193 4685 3828 4763; baseline -0.006 -19"><span class='ocrx_word' id='word_1_704' title='bbox 2193 4690 2395 4763; x_wconf 85' lang='grc' dir='ltr'>μαστὸς</span> <span class='ocrx_word' id='word_1_705' title='bbox 2423 4691 2517 4744; x_wconf 70' lang='grc' dir='ltr'>καὶ</span> <span class='ocrx_word' id='word_1_706' title='bbox 2538 4691 2729 4760; x_wconf 86' lang='grc' dir='ltr'>μέγας,</span> <span class='ocrx_word' id='word_1_707' title='bbox 2761 4689 2921 4761; x_wconf 81' lang='grc' dir='ltr'>Ὠσηὲ</span> <span class='ocrx_word' id='word_1_708' title='bbox 2945 4689 3115 4760; x_wconf 73' lang='grc' dir='ltr'>ὄνομα</span> <span class='ocrx_word' id='word_1_709' title='bbox 3138 4688 3304 4759; x_wconf 81' lang='grc' dir='ltr'>αὐτῷ,</span> <span class='ocrx_word' id='word_1_710' title='bbox 3326 4691 3442 4754; x_wconf 83' lang='grc' dir='ltr'>τοῖς</span> <span class='ocrx_word' id='word_1_711' title='bbox 3463 4688 3539 4759; x_wconf 83' lang='grc' dir='ltr'>τῷ</span> <span class='ocrx_word' id='word_1_712' title='bbox 3564 4685 3675 4755; x_wconf 79' lang='grc' dir='ltr'>θεῷ</span> <span class='ocrx_word' id='word_1_713' title='bbox 3693 4693 3828 4753; x_wconf 84' lang='grc' dir='ltr'>προσ·</span> 
     </span>
    </p>
   </div>
   <div class='ocr_carea' id='block_1_88' title="bbox 2191 4763 3830 4851">
    <p class='ocr_par' dir='ltr' id='par_1_88' title="bbox 2191 4763 3830 4851">
     <span class='ocr_line' id='line_1_88' title="bbox 2191 4763 3830 4851; baseline -0.006 -19"><span class='ocrx_word' id='word_1_714' title='bbox 2191 4780 2513 4851; x_wconf 86' lang='grc' dir='ltr'>κεκρουκόσι</span> <span class='ocrx_word' id='word_1_715' title='bbox 2573 4779 2675 4832; x_wconf 66' lang='grc' dir='ltr'>καὶ</span> <span class='ocrx_word' id='word_1_716' title='bbox 2724 4778 3008 4849; x_wconf 82' lang='grc' dir='ltr'>μέλλουσιν</span> <span class='ocrx_word' id='word_1_717' title='bbox 3073 4777 3228 4830; x_wconf 74' lang='grc' dir='ltr'>ἵλεων</span> <span class='ocrx_word' id='word_1_718' title='bbox 3283 4779 3641 4846; x_wconf 84' lang='grc' dir='ltr'>καταστήσειν</span> <span class='ocrx_word' id='word_1_719' title='bbox 3692 4763 3830 4822; x_wconf 83' lang='grc' dir='ltr'>ἀὐτὸν</span> 
     </span>
    </p>
   </div>
   <div class='ocr_carea' id='block_1_89' title="bbox 2192 4853 3827 4939">
    <p class='ocr_par' dir='ltr' id='par_1_89' title="bbox 2192 4853 3827 4939">
     <span class='ocr_line' id='line_1_89' title="bbox 2192 4853 3827 4939; baseline -0.006 -19"><span class='ocrx_word' id='word_1_720' title='bbox 2192 4869 2447 4939; x_wconf 83' lang='grc' dir='ltr'>παραινεῖ</span> <span class='ocrx_word' id='word_1_721' title='bbox 2474 4866 2660 4939; x_wconf 86' lang='grc' dir='ltr'>φέρειν</span> <span class='ocrx_word' id='word_1_722' title='bbox 2698 4865 2816 4937; x_wconf 88' lang='grc' dir='ltr'>μεθ’</span> <span class='ocrx_word' id='word_1_723' title='bbox 2849 4865 3059 4919; x_wconf 77' lang='grc' dir='ltr'>ἑαυτῶν</span> <span class='ocrx_word' id='word_1_724' title='bbox 3094 4866 3144 4926; x_wconf 76' lang='lat' dir='ltr'>h,</span> <span class='ocrx_word' id='word_1_725' title='bbox 3171 4866 3289 4935; x_wconf 75' lang='grc' dir='ltr'>οὐχὶ</span> <span class='ocrx_word' id='word_1_726' title='bbox 3329 4865 3467 4936; x_wconf 87' lang='grc' dir='ltr'>βοῶν</span> <span class='ocrx_word' id='word_1_727' title='bbox 3504 4863 3708 4933; x_wconf 84' lang='grc' dir='ltr'>ἀγέλας,</span> <span class='ocrx_word' id='word_1_728' title='bbox 3735 4853 3827 4909; x_wconf 76' lang='grc' dir='ltr'>οὐδὲ</span> 
     </span>
    </p>
   </div>
   <div class='ocr_carea' id='block_1_90' title="bbox 2195 4941 3828 5027">
    <p class='ocr_par' dir='ltr' id='par_1_90' title="bbox 2195 4941 3828 5027">
     <span class='ocr_line' id='line_1_90' title="bbox 2195 4941 3828 5027; baseline -0.009 -18"><span class='ocrx_word' id='word_1_729' title='bbox 2195 4955 2524 5027; x_wconf 88' lang='grc' dir='ltr'>σεμιδάλεως</span> <span class='ocrx_word' id='word_1_730' title='bbox 2575 4953 2751 5025; x_wconf 87' lang='grc' dir='ltr'>μέτρα</span> <span class='ocrx_word' id='word_1_731' title='bbox 2798 4954 2933 5008; x_wconf 88' lang='grc' dir='ltr'>τόσα</span> <span class='ocrx_word' id='word_1_732' title='bbox 2984 4954 3079 5007; x_wconf 74' lang='grc' dir='ltr'>καὶ</span> <span class='ocrx_word' id='word_1_733' title='bbox 3122 4954 3274 5017; x_wconf 85' lang='grc' dir='ltr'>τόσα,</span> <span class='ocrx_word' id='word_1_734' title='bbox 3332 4954 3453 5007; x_wconf 81' lang='grc' dir='ltr'>οὐδὲ</span> <span class='ocrx_word' id='word_1_735' title='bbox 3496 4950 3717 5024; x_wconf 84' lang='grc' dir='ltr'>τρυγόνα</span> <span class='ocrx_word' id='word_1_736' title='bbox 3757 4941 3828 4996; x_wconf 78' lang='grc' dir='ltr'>καὶ</span> 
     </span>
    </p>
   </div>
   <div class='ocr_carea' id='block_1_91' title="bbox 2195 5028 3826 5116">
    <p class='ocr_par' dir='ltr' id='par_1_91' title="bbox 2195 5028 3826 5116">
     <span class='ocr_line' id='line_1_91' title="bbox 2195 5028 3826 5116; baseline -0.004 -18"><span class='ocrx_word' id='word_1_737' title='bbox 2195 5042 2537 5116; x_wconf 72' lang='grc' dir='ltr'>περιστεράν,</span> <span class='ocrx_word' id='word_1_738' title='bbox 2568 5042 2690 5095; x_wconf 85' lang='grc' dir='ltr'>οὐδὲ</span> <span class='ocrx_word' id='word_1_739' title='bbox 2722 5042 2850 5096; x_wconf 83' lang='grc' dir='ltr'>ἄλλο</span> <span class='ocrx_word' id='word_1_740' title='bbox 2878 5060 2947 5094; x_wconf 65' lang='grc' dir='ltr'>τιη</span> <span class='ocrx_word' id='word_1_741' title='bbox 2966 5042 3073 5095; x_wconf 90' lang='grc' dir='ltr'>τῶν</span> <span class='ocrx_word' id='word_1_742' title='bbox 3102 5041 3357 5094; x_wconf 90' lang='grc' dir='ltr'>τοιούτων</span> <span class='ocrx_word' id='word_1_743' title='bbox 3394 5040 3544 5093; x_wconf 84' lang='grc' dir='ltr'>οὐδέν</span> <span class='ocrx_word' id='word_1_744' title='bbox 3565 5054 3580 5068; x_wconf 75' lang='grc' dir='ltr'><strong><em>ο</em></strong></span> <span class='ocrx_word' id='word_1_745' title='bbox 3610 5034 3734 5090; x_wconf 71' lang='grc' dir='ltr'>ἀλλὰ</span> <span class='ocrx_word' id='word_1_746' title='bbox 3756 5028 3826 5116; x_wconf 64' lang='grc' dir='ltr'>τίί</span> 
     </span>
    </p>
   </div>
   <div class='ocr_carea' id='block_1_92' title="bbox 2196 5113 3830 5200">
    <p class='ocr_par' dir='ltr' id='par_1_92' title="bbox 2196 5113 3830 5200">
     <span class='ocr_line' id='line_1_92' title="bbox 2196 5113 3830 5200; baseline -0.013 -13"><span class='ocrx_word' id='word_1_747' title='bbox 2196 5113 2429 5200; x_wconf 68' lang='grc' dir='ltr'>Φέρετέ</span> <span class='ocrx_word' id='word_1_748' title='bbox 2440 5129 2570 5200; x_wconf 82' lang='grc' dir='ltr'>μεθ’</span> <span class='ocrx_word' id='word_1_749' title='bbox 2612 5129 2846 5184; x_wconf 84' lang='grc' dir='ltr'>ἑαυτῶν</span> <span class='ocrx_word' id='word_1_750' title='bbox 2877 5132 3123 5199; x_wconf 74' lang='grc' dir='ltr'>λόγους,</span> <span class='ocrx_word' id='word_1_751' title='bbox 3174 5129 3329 5199; x_wconf 87' lang='grc' dir='ltr'>φησί.</span> <span class='ocrx_word' id='word_1_752' title='bbox 3381 5128 3492 5181; x_wconf 85' lang='lat' dir='ltr'><strong><em>Kal</em></strong></span> <span class='ocrx_word' id='word_1_753' title='bbox 3546 5124 3665 5179; x_wconf 86' lang='grc' dir='ltr'>ποία</span> <span class='ocrx_word' id='word_1_754' title='bbox 3703 5113 3830 5174; x_wconf 78' lang='grc' dir='ltr'>θυσία</span> 
     </span>
    </p>
   </div>
   <div class='ocr_carea' id='block_1_93' title="bbox 2195 5201 3829 5288">
    <p class='ocr_par' dir='ltr' id='par_1_93' title="bbox 2195 5201 3829 5288">
     <span class='ocr_line' id='line_1_93' title="bbox 2195 5201 3829 5288; baseline -0.007 -17"><span class='ocrx_word' id='word_1_755' title='bbox 2195 5220 2387 5288; x_wconf 85' lang='grc' dir='ltr'>λόγος;</span> <span class='ocrx_word' id='word_1_756' title='bbox 2421 5217 2549 5280; x_wconf 74' lang='grc' dir='ltr'>ἴσως</span> <span class='ocrx_word' id='word_1_757' title='bbox 2591 5216 2735 5270; x_wconf 86' lang='grc' dir='ltr'>εῖποι</span> <span class='ocrx_word' id='word_1_758' title='bbox 2771 5233 2854 5279; x_wconf 92' lang='grc' dir='ltr'>τις</span> <span class='ocrx_word' id='word_1_759' title='bbox 2897 5216 2984 5271; x_wconf 86' lang='grc' dir='ltr'>ἀν.</span> <span class='ocrx_word' id='word_1_760' title='bbox 3031 5216 3275 5285; x_wconf 86' lang='grc' dir='ltr'>Μεγίστη</span> <span class='ocrx_word' id='word_1_761' title='bbox 3317 5215 3417 5284; x_wconf 83' lang='grc' dir='ltr'>μὲν</span> <span class='ocrx_word' id='word_1_762' title='bbox 3454 5208 3566 5276; x_wconf 76' lang='grc' dir='ltr'>οὖν⁹</span> <span class='ocrx_word' id='word_1_763' title='bbox 3594 5201 3829 5288; x_wconf 57' lang='grc' dir='ltr'>ἀγαπητξ.</span> 
     </span>
    </p>
   </div>
   <div class='ocr_carea' id='block_1_94' title="bbox 2198 5285 3831 5374">
    <p class='ocr_par' dir='ltr' id='par_1_94' title="bbox 2198 5285 3831 5374">
     <span class='ocr_line' id='line_1_94' title="bbox 2198 5285 3831 5374; baseline -0.009 -13"><span class='ocrx_word' id='word_1_764' title='bbox 2326 5304 2650 5374; x_wconf 86' lang='grc' dir='ltr'>σεμνοτάτη,</span> <span class='ocrx_word' id='word_1_765' title='bbox 2679 5304 2773 5356; x_wconf 81' lang='grc' dir='ltr'>καὶ</span> <span class='ocrx_word' id='word_1_766' title='bbox 2801 5302 2910 5356; x_wconf 90' lang='grc' dir='ltr'>τῶν</span> <span class='ocrx_word' id='word_1_767' title='bbox 2940 5302 3114 5357; x_wconf 86' lang='grc' dir='ltr'>ἀλλων</span> <span class='ocrx_word' id='word_1_768' title='bbox 3138 5300 3363 5355; x_wconf 87' lang='grc' dir='ltr'>ἀπασῶν</span> <span class='ocrx_word' id='word_1_769' title='bbox 3387 5299 3624 5370; x_wconf 86' lang='grc' dir='ltr'>βελτίων.</span> <span class='ocrx_word' id='word_1_770' title='bbox 3652 5291 3747 5347; x_wconf 80' lang='grc' dir='ltr'>Καὶ</span> <span class='ocrx_word' id='word_1_771' title='bbox 3768 5285 3831 5374; x_wconf 65' lang='grc' dir='ltr'>τίς</span> 
     </span>
    </p>
   </div>
   <div class='ocr_carea' id='block_1_95' title="bbox 2198 5372 3832 5467">
    <p class='ocr_par' dir='ltr' id='par_1_95' title="bbox 2198 5372 3832 5467">
     <span class='ocr_line' id='line_1_95' title="bbox 2198 5372 3832 5467; baseline -0.011 -20"><span class='ocrx_word' id='word_1_772' title='bbox 2198 5374 2373 5447; x_wconf 79' lang='grc' dir='ltr'>ταῦτά</span> <span class='ocrx_word' id='word_1_773' title='bbox 2421 5407 2618 5462; x_wconf 87' lang='grc' dir='ltr'>φησιν;</span> <span class='ocrx_word' id='word_1_774' title='bbox 2664 5390 2835 5450; x_wconf 85' lang='grc' dir='ltr'>Αὐτὸς</span> <span class='ocrx_word' id='word_1_775' title='bbox 2880 5390 2908 5442; x_wconf 89' lang='grc' dir='ltr'>ὁ</span> <span class='ocrx_word' id='word_1_776' title='bbox 2949 5389 3121 5444; x_wconf 90' lang='grc' dir='ltr'>ταῦτα</span> <span class='ocrx_word' id='word_1_777' title='bbox 3170 5389 3404 5459; x_wconf 84' lang='grc' dir='ltr'>μάλιστα</span> <span class='ocrx_word' id='word_1_778' title='bbox 3460 5387 3665 5440; x_wconf 83' lang='grc' dir='ltr'>πάντων</span> <span class='ocrx_word' id='word_1_779' title='bbox 3708 5372 3832 5467; x_wconf 57' lang='grc' dir='ltr'>εἱδὼξ</span> 
     </span>
    </p>
   </div>
   <div class='ocr_carea' id='block_1_96' title="bbox 2201 5461 3832 5551">
    <p class='ocr_par' dir='ltr' id='par_1_96' title="bbox 2201 5461 3832 5551">
     <span class='ocr_line' id='line_1_96' title="bbox 2201 5461 3832 5551; baseline -0.004 -17"><span class='ocrx_word' id='word_1_780' title='bbox 2201 5461 2539 5551; x_wconf 15' lang='grc' dir='ltr'>ἀκριϐῶς,νὸ</span> <span class='ocrx_word' id='word_1_781' title='bbox 2589 5479 2833 5546; x_wconf 90' lang='grc' dir='ltr'>γενναῖος</span> <span class='ocrx_word' id='word_1_782' title='bbox 2877 5477 2972 5528; x_wconf 71' lang='grc' dir='ltr'>καὶ</span> <span class='ocrx_word' id='word_1_783' title='bbox 3023 5476 3197 5546; x_wconf 82' lang='grc' dir='ltr'>μέγας</span> <span class='ocrx_word' id='word_1_784' title='bbox 3245 5475 3427 5529; x_wconf 87' lang='grc' dir='ltr'>Δαυῖδ.</span> <span class='ocrx_word' id='word_1_785' title='bbox 3477 5471 3566 5543; x_wconf 85' lang='grc' dir='ltr'>Τῷ</span> <span class='ocrx_word' id='word_1_786' title='bbox 3609 5467 3707 5537; x_wconf 78' lang='grc' dir='ltr'>γὰρ</span> <span class='ocrx_word' id='word_1_787' title='bbox 3739 5461 3832 5551; x_wconf 51' lang='grc' dir='ltr'>θεῷ</span> 
     </span>
    </p>
   </div>
   <div class='ocr_carea' id='block_1_97' title="bbox 2205 5548 3833 5638">
    <p class='ocr_par' dir='ltr' id='par_1_97' title="bbox 2205 5548 3833 5638">
     <span class='ocr_line' id='line_1_97' title="bbox 2205 5548 3833 5638; baseline -0.002 -19"><span class='ocrx_word' id='word_1_788' title='bbox 2205 5548 2333 5620; x_wconf 81' lang='grc' dir='ltr'>ποτε</span> <span class='ocrx_word' id='word_1_789' title='bbox 2367 5566 2761 5638; x_wconf 88' lang='grc' dir='ltr'>εὐχαριστήρια</span> <span class='ocrx_word' id='word_1_790' title='bbox 2790 5563 2932 5617; x_wconf 87' lang='grc' dir='ltr'>θύων</span> <span class='ocrx_word' id='word_1_791' title='bbox 2964 5564 3057 5618; x_wconf 76' lang='grc' dir='ltr'>ἐπὶ</span> <span class='ocrx_word' id='word_1_792' title='bbox 3097 5565 3222 5635; x_wconf 81' lang='grc' dir='ltr'>νίκῃ</span> <span class='ocrx_word' id='word_1_793' title='bbox 3270 5561 3505 5633; x_wconf 89' lang='grc' dir='ltr'>πολέμου</span> <span class='ocrx_word' id='word_1_794' title='bbox 3539 5548 3833 5629; x_wconf 77' lang='grc' dir='ltr'>γεγενημένη</span> 
     </span>
    </p>
   </div>
   <div class='ocr_carea' id='block_1_98' title="bbox 2271 5704 3155 5767">
    <p class='ocr_par' dir='ltr' id='par_1_98' title="bbox 2271 5704 3155 5767">
     <span class='ocr_line' id='line_1_98' title="bbox 2271 5704 3155 5767; baseline -0.001 -14"><span class='ocrx_word' id='word_1_795' title='bbox 2271 5708 2295 5743; x_wconf 72' lang='lat'>3</span> <span class='ocrx_word' id='word_1_796' title='bbox 2318 5705 2455 5767; x_wconf 81' lang='lat' dir='ltr'><strong><em>Colb.</em></strong></span> <span class='ocrx_word' id='word_1_797' title='bbox 2482 5705 2779 5767; x_wconf 83' lang='grc' dir='ltr'>δραγμάτων,</span> <span class='ocrx_word' id='word_1_798' title='bbox 2807 5704 2910 5767; x_wconf 84' lang='grc' dir='ltr'>ὅσῳ</span> <span class='ocrx_word' id='word_1_799' title='bbox 2927 5706 3008 5753; x_wconf 75' lang='grc' dir='ltr'>καὶ</span> <span class='ocrx_word' id='word_1_800' title='bbox 3026 5705 3155 5767; x_wconf 79' lang='grc' dir='ltr'>ἡμῖν.</span> 
     </span>
    </p>
   </div>
   <div class='ocr_carea' id='block_1_99' title="bbox 2274 5766 3422 5829">
    <p class='ocr_par' dir='ltr' id='par_1_99' title="bbox 2274 5766 3422 5829">
     <span class='ocr_line' id='line_1_99' title="bbox 2274 5766 3422 5829; baseline 0 -14"><span class='ocrx_word' id='word_1_801' title='bbox 2274 5766 2299 5803; x_wconf 70' lang='lat' dir='ltr'><strong>h</strong></span> <span class='ocrx_word' id='word_1_802' title='bbox 2317 5766 2451 5815; x_wconf 81' lang='lat' dir='ltr'>Colb.</span> <span class='ocrx_word' id='word_1_803' title='bbox 2479 5767 2692 5827; x_wconf 71' lang='grc' dir='ltr'>παραινεῖ</span> <span class='ocrx_word' id='word_1_804' title='bbox 2714 5766 3074 5829; x_wconf 52' lang='grc' dir='ltr'>λέγωνίψέρετε</span> <span class='ocrx_word' id='word_1_805' title='bbox 3110 5767 3207 5827; x_wconf 73' lang='grc' dir='ltr'>μεθ’</span> <span class='ocrx_word' id='word_1_806' title='bbox 3231 5768 3422 5815; x_wconf 73' lang='grc' dir='ltr'>ἑαυτῶν.</span> 
     </span>
    </p>
   </div>
  </div>
