3942 6418
361 297 474 357 695

1215 315 1470 384 SERMO,
1505 317 1647 375 CUM
1683 316 2095 374 PRESBYTER
2132 318 2295 375 FUIT
2334 317 2730 379 ORDlNATUS

3514 317 3619 375 69/:

2094 438 2123 457 μ

1127 786 1973 883 CHRYSOSTOMI
2085 790 2611 886 HOMILIA
2709 798 2742 884 ι
2799 778 2867 917 ¹,

813 1066 944 1124 Cum
976 1069 1243 1137 presbyter
1269 1069 1369 1137 fuit
1399 1069 1698 1130 ordinatus,
1733 1068 1796 1121 de
1828 1084 1903 1131 se,
1937 1085 1998 1121 ac
2024 1069 2088 1121 de
2117 1070 2376 1140 episcopo,
2412 1071 2574 1141 deque
2596 1072 2778 1142 populi
2807 1072 3168 1131 multitudine.

394 1559 451 1612 1.
487 1557 631 1613 Num
668 1572 795 1613 vera
831 1565 955 1612 sunt
987 1572 1107 1627 qua:
1158 1556 1313 1611 nobis
1335 1553 1826 1609 acciderunt‘lnnm
1849 1568 1935 1605 re-

319 1652 437 1721 ipsa
484 1660 641 1721 gesta
685 1659 846 1712 sunt,
873 1665 973 1705 nec
1003 1650 1121 1705 falsi
1150 1664 1354 1711 sumus,
1407 1662 1581 1716 neque
1624 1660 1744 1714 quae
1789 1656 1928 1698 nunc

322 1746 464 1798 ﬁunt
500 1752 631 1797 sunt
694 1757 796 1796 nox
835 1752 891 1796 et
933 1741 1278 1796 somnia‘lan
1335 1754 1462 1794 vere
1491 1740 1511 1769 ²
1556 1737 1673 1792 dies
1699 1744 1781 1790 est
1807 1776 1824 1801 ,
1875 1742 1930 1787 et

318 1837 619 1905 vigilamus
643 1834 872 1889 omnes?
907 1835 973 1889 Et
1011 1835 1131 1905 quis
1159 1833 1343 1887 credat
1383 1830 1523 1900 quod
1553 1832 1603 1884 in
1631 1829 1718 1885 die
1740 1868 1756 1894 ,
1805 1840 1926 1883 eum

319 1926 494 1980 sobrii
523 1934 647 1979 sunt
694 1940 758 1979 ac
781 1925 1003 1995 vigilant
1034 1925 1279 1979 homines
1305 1963 1321 1990 ,
1369 1921 1682 1976 adolescens
1732 1918 1927 1973 inﬁma:

320 2017 495 2072 sortis
524 2029 580 2071 et
616 2017 854 2086 ahjeetus
878 2017 944 2071 ad
977 2025 1180 2071 tantum
1201 2015 1473 2086 dignitatis
1504 2014 1770 2081 fastigium
1802 2011 1928 2071 sub-

323 2122 519 2167 vectus
563 2112 672 2166 sit?
710 2111 843 2167 Nam
888 2121 1045 2167 nocte
1088 2111 1211 2166 talia
1258 2110 1499 2164 accidere
1548 2108 1682 2164 nihil
1725 2108 1796 2161 sit
1841 2107 1926 2159 in-

317 2204 611 2259 credibile.
643 2205 778 2260 Tum
824 2206 966 2261 enim
999 2204 1214 2276 quidam
1241 2212 1296 2258 et
1342 2217 1570 2273 corpore
1627 2201 1832 2267 mutili,
1872 2208 1928 2255 et

319 2294 458 2349 adeo
485 2304 850 2362 tenues,utne
876 2295 1211 2351 necessarius
1235 2293 1453 2363 quidem
1470 2292 1922 2363 suppetatvictus,

320 2392 371 2445 in
389 2392 607 2446 somnis
622 2392 723 2447 sibi
745 2393 994 2448 videntur
1008 2392 1229 2462 integris
1252 2390 1587 2455 membris,et
1611 2388 1851 2454 formosi,
1872 2396 1926 2441 et

320 2485 488 2555 regali
525 2484 627 2541 frui
656 2500 839 2541 mensa
872 2504 885 2540 :
911 2487 1005 2541 sed
1033 2501 1151 2556 quae
1182 2483 1497 2538 videbantur
1523 2488 1926 2547 somnus,erant

319 2588 365 2631 et
412 2577 811 2631 insomniorum
841 2577 1068 2631 ludibria
1113 2593 1128 2630 :
1163 2575 1427 2645 siquidem
1459 2573 1574 2628 haec
1611 2582 1696 2627 est
1736 2580 1923 2625 natura

319 2668 662 2722 Somniorum
692 2709 707 2735 ,
736 2667 886 2723 vafra
935 2669 1181 2739 quaedam
1231 2683 1294 2722 ac
1329 2677 1542 2722 versuta
1572 2681 1663 2721 res
1704 2674 1787 2720 est
1814 2705 1829 2730 ,
1861 2679 1925 2719 ac

317 2759 693 2830 prodigiorum
725 2760 914 2815 artifex
940 2802 955 2826 ,
986 2760 1184 2831 gaudet
1225 2759 1378 2814 novis
1429 2766 1483 2812 et
1526 2757 1924 2813 incredibilibus

316 2850 627 2905 simulacris
655 2852 901 2906 illudere.
931 2852 1001 2906 At
1026 2866 1156 2906 vero
1179 2865 1279 2906 nec
1308 2850 1537 2905 interdiu
1566 2890 1581 2915 ,
1608 2863 1710 2903 nec
1734 2862 1921 2902 revera

317 2942 435 3012 quis
465 2959 726 3013 umquam
748 2943 922 3000 videat
947 2944 1051 2999 hoc
1068 2944 1329 3020 accidere.
1356 2943 1552 2998 Verum
1574 2943 1750 2996 omnia
1780 2955 1921 2995 nunc

316 3033 697 3104 contigerunt,
754 3035 890 3090 facta
943 3044 1098 3101 sunt,
1128 3035 1362 3106 perfecta
1389 3044 1546 3101 sunt,
1573 3033 1920 3104 quemadmo-

323 3123 448 3180 dum
469 3125 715 3189 videtis;
747 3125 863 3180 harc
887 3168 902 3191 ,
935 3126 1151 3196 inquam
1185 3167 1200 3194 ,
1233 3126 1564 3181 somniorum
1591 3126 1718 3178 visis
1742 3124 1918 3178 incre-

316 3215 572 3271 dibiliora
605 3234 617 3270 :
648 3226 701 3270 et
725 3218 911 3272 civitas
944 3225 1102 3272 tanta:
1129 3217 1525 3288 magnitudinis,
1548 3225 1655 3271 tam
1681 3216 1921 3284 frequen-

318 3316 441 3369 tata.
461 3310 700 3380 populus
720 3319 773 3364 et
797 3311 992 3365 multus
1011 3319 1065 3365 et
1091 3310 1435 3365 admirandus
1451 3309 1518 3364 ad
1544 3324 1717 3363 meam
1748 3308 1920 3362 inhiat

317 3401 669 3471 exiguitatem
703 3443 717 3467 ,
752 3411 1017 3472 tamquam
1048 3417 1077 3456 a
1118 3402 1273 3457 nobis
1297 3416 1546 3471 magnum
1575 3399 1824 3472 quiddam
1855 3414 1919 3454 ac

319 3494 643 3563 prem-larum
690 3494 984 3549 auditurus.
1027 3494 1186 3564 Atqui
1239 3493 1449 3548 etiamsi
1502 3492 1634 3546 mihi
1681 3490 1915 3545 amnium

319 3601 467 3641 more
526 3587 838 3654 perenuium
882 3585 1170 3656 proﬂueret
1213 3587 1385 3640 oratio
1408 3627 1423 3648 ,
1455 3586 1606 3656 sique
1627 3584 1914 3640 verborum

320 3674 503 3731 fontes
550 3684 732 3730 essent
781 3676 837 3728 in
881 3691 977 3731 ore
1011 3690 1150 3741 meo,
1183 3675 1429 3747 proﬁnus
1452 3691 1519 3730 ex
1546 3683 1707 3729 tantm
1734 3674 1914 3728 multi-

319 3766 527 3820 tudinis
548 3765 615 3820 ad
639 3766 961 3821 audiendum
991 3781 1256 3822 concursu
1284 3776 1432 3822 metu
1479 3767 1761 3822 sisteretur
1788 3783 1916 3838 pro-

318 3857 546 3912 ﬂuvium
566 3898 581 3921 ,
618 3864 678 3913 et
706 3868 848 3913 retro
875 3857 1072 3915 ﬂuenta
1121 3859 1409 3914 resilirent.
1435 3858 1587 3914 Nunc
1615 3874 1743 3914 vero
1794 3875 1916 3913 cum

320 3956 530 4001 tantum
576 3947 812 4003 absimus
840 3963 869 4002 a
914 3948 1195 4007 ﬂuminum
1240 3964 1304 4005 ac
1352 3949 1576 4004 fontium
1607 3950 1759 4021 copia
1792 3991 1807 4016 ,
1860 3959 1917 4006 ut

321 4054 418 4094 nec
441 4039 657 4109 exigua:
676 4040 925 4110 pluviolae
966 4041 1392 4097 mediocritatem
1417 4043 1758 4099 obtineamus
1776 4084 1793 4110 ,
1825 4044 1914 4114 qui

323 4128 433 4183 ﬁeri
472 4130 683 4198 possit,
716 4139 772 4185 ut
793 4146 880 4186 me
922 4146 1031 4186 non
1057 4132 1268 4188 deﬁciat
1302 4141 1409 4187 tam
1452 4134 1675 4205 exiguus
1700 4134 1874 4189 ﬂuxus
1898 4175 1914 4199 ,

322 4227 464 4275 metu
518 4219 818 4286 arefactus,
846 4221 1094 4293 idemque
1140 4223 1388 4286 eveniat,
1435 4224 1577 4294 quod
1632 4224 1686 4279 in
1721 4239 1914 4294 corpo-

324 4308 473 4365 ribus
525 4310 665 4365 solet
720 4312 1012 4367 accidere?
1040 4313 1178 4381 Quid
1223 4314 1416 4368 accidit
1461 4315 1513 4369 in
1551 4316 1916 4385 corporibus?

323 4397 487 4454 Multa
528 4399 832 4471 frequenter
864 4419 982 4473 quae
1029 4420 1190 4459 manu
1236 4413 1513 4471 tenemus,
1569 4422 1691 4476 qua:
1736 4407 1917 4477 digitis

322 4493 670 4563 stringimus,
707 4509 818 4564 pra:
862 4504 1007 4551 metu
1030 4496 1189 4552 nobis
1216 4497 1471 4553 excidunt
1495 4500 1674 4552 omnia
1697 4539 1712 4565 ,
1742 4498 1918 4553 disso-

327 4580 450 4638 lutis
506 4585 681 4638 nervis
728 4586 965 4654 nostris,
1014 4589 1369 4658 corporisque
1431 4591 1617 4661 vigore
1663 4590 1912 4646 remisso.

329 4671 515 4729 Itidem
542 4675 671 4730 mihi
700 4675 940 4746 profecto
966 4694 1107 4734 nunc
1154 4690 1328 4735 metus
1375 4690 1460 4737 est
1479 4724 1493 4745 ,
1527 4695 1595 4737 ne
1621 4682 1758 4751 idem
1786 4696 1915 4739 eve-

328 4765 437 4820 niat
479 4766 531 4820 in
556 4770 735 4823 animo
779 4780 965 4826 nostro
991 4812 1007 4839 ,
1037 4772 1284 4828 videlicet
1328 4789 1396 4828 ne
1437 4789 1555 4844 quae
1600 4775 1769 4830 multo
1795 4790 1912 4833 cum

329 4854 512 4913 labore
537 4862 982 4931 excogitavimus,
1019 4879 1339 4935 quamquam
1380 4874 1436 4921 et
1471 4868 1587 4921 hmo
1632 4880 1762 4922 sane
1790 4883 1917 4936 per-

330 4961 489 5015 quam
529 4952 683 5007 exilia
736 4954 993 5024 parvique
1065 4957 1366 5021 momenti,
1395 4973 1509 5028 pra:
1571 4974 1769 5028 pavore
1817 4974 1912 5014 ve-

334 5041 480 5097 niant
551 5044 603 5098 in
663 5045 1021 5115 oblivionem,
1067 5057 1123 5103 et
1188 5059 1510 5105 evanescant
1578 5051 1914 5121 abeuntque,

333 5135 564 5191 animum
591 5147 830 5193 nostrum
872 5140 1141 5196 desertum
1183 5143 1558 5212 relinquentia.
1586 5144 1921 5215 Quapropter

337 5226 534 5291 pariter
575 5243 794 5295 omnes,
840 5241 948 5285 tum
1006 5246 1106 5288 vos
1156 5235 1246 5302 qui
1301 5250 1424 5288 cum
1467 5235 1693 5303 imperio
1736 5236 1868 5289 estis
1897 5276 1914 5301 ,

339 5325 449 5371 tum
496 5336 591 5375 vos
638 5322 729 5392 qui
781 5325 980 5393 paretis
1021 5325 1284 5395 imperio,
1327 5327 1552 5380 obsecro
1595 5344 1609 5380 :
1659 5336 1714 5381 ut
1753 5343 1916 5396 quan-

342 5416 444 5461 tam
504 5412 656 5467 nobis
737 5415 1056 5470 anxietatem
1133 5416 1393 5482 injecistis
1453 5425 1633 5470 vestro
1702 5416 1769 5470 ad
1825 5433 1920 5471 au-

342 5497 586 5556 diendum
638 5519 942 5571 concursu,
991 5506 1317 5560 tantumdem
1372 5506 1525 5562 nobis
1566 5507 1800 5563 audaciae
1836 5510 1917 5563 in-

407 5657 422 5687 ι
456 5659 623 5710 Pollam
648 5670 725 5713 est
746 5679 852 5715 cum
876 5667 1046 5717 culice
1062 5668 1190 5715 Colb.
1221 5655 1356 5716 1050.

408 5719 426 5748 ¹
462 5728 550 5771 Vox
571 5760 585 5783 ,
606 5738 729 5785 vero,
753 5728 897 5780 deest
921 5731 967 5779 in
991 5730 1160 5779 codice
1184 5727 1311 5777 Coln.

2037 1556 2207 1621 apiret
2233 1569 2451 1623 precum
2476 1566 2774 1616 vestrarum
2806 1560 3076 1633 diligentia
3106 1607 3122 1632 ,
3155 1566 3201 1621 si
3229 1570 3426 1637 rogetis
3456 1572 3622 1639 illum,

2036 1642 2125 1711 qui
2157 1643 2247 1698 dat
2291 1660 2593 1703 sermonem
2624 1654 3114 1721 evangelizantibus
3139 1658 3333 1714 virtute
3356 1663 3542 1729 multa,
3574 1674 3627 1720 ut

2041 1733 2195 1787 nobis
2225 1750 2436 1806 quoque
2462 1738 2552 1793 det
2577 1755 2879 1797 sermonem
2905 1746 2955 1799 in
2994 1749 3270 1815 apertione
3310 1751 3420 1806 oris
3462 1757 3629 1810 noStri

2039 1823 2214 1894 (Ρεαι.
2246 1828 2335 1883 67.
2379 1830 2447 1883 l9.
2478 1847 2493 1894 ;
2525 1829 2715 1901 Ephes.
2747 1834 2799 1888 6.
2846 1835 2957 1907 l9).
2990 1836 3176 1895 Nullus
3207 1842 3429 1898 ornuiao
3478 1846 3629 1903 vobis

2039 1924 2113 1970 tot
2139 1933 2201 1973 ac
2240 1920 2397 1974 tantis
2428 1921 2555 1977 viris
2593 1923 2743 1978 labor
2762 1926 2865 1981 erit
2906 1927 3062 1983 unius
3090 1931 3449 1991 adolescentis
3505 1939 3623 1994 aui-

2036 2023 2183 2063 mum
2234 2010 2425 2067 timore
2471 2013 2788 2071 dissolutum
2816 2016 2993 2079 denuo
3022 2021 3345 2079 conﬁrmare
3378 2043 3391 2079 :
3420 2028 3545 2096 qttiu
3575 2040 3629 2087 et

2038 2114 2132 2169 par
2160 2101 2322 2157 fuerit
2349 2144 2365 2167 ,
2393 2113 2449 2159 ut
2478 2106 2622 2176 quod
2655 2124 2795 2162 nunc
2826 2111 3085 2179 petimus,
3116 2118 3379 2183 pra'swtis
3417 2137 3430 2173 :
3461 2136 3629 2189 quauc

2034 2194 2320 2265 doquidem
2353 2206 2552 2253 tantam
2584 2199 2752 2254 aleam
2793 2203 3089 2259 subivimus
3131 2216 3348 2277 propter
3395 2225 3489 2265 vos
3541 2229 3629 2266 ve-

1984 2318 1989 2323 ι
2033 2296 2306 2359 stratoque
2349 2290 2648 2354 caritatem,
2688 2308 2793 2362 qua
2831 2295 2965 2349 nihil
3003 2297 3286 2353 violentius
3333 2311 3425 2355 aut
3462 2303 3629 2373 impe-

2032 2379 2254 2443 riosius,
2285 2389 2344 2433 ut
2389 2396 2510 2450 qua:
2560 2399 2660 2438 nos
2702 2399 2806 2438 non
2843 2387 3128 2442 admodum
3171 2390 3381 2447 dicendi
3426 2398 3629 2465 peritos

2033 2472 2100 2524 ad
2147 2470 2432 2526 dicendum
2463 2476 2760 2543 pertraxit,
2802 2477 3085 2549 effecitque
3137 2489 3197 2536 ut
3252 2483 3318 2537 ad
3368 2484 3629 2544 doctrinae

2031 2561 2260 2616 stadimn
2298 2564 2567 2619 exiremus
2593 2605 2609 2630 ,
2667 2565 2790 2621 licet
2817 2569 3046 2624 antehac
3078 2570 3181 2626 hoc
3227 2574 3489 2643 palaestrae
3535 2594 3627 2649 ge-

2032 2671 2133 2713 nus
2178 2673 2464 2727 numquam
2504 2659 2867 2728 attigerimus,
2908 2662 3003 2716 sed
3044 2678 3259 2734 semper
3302 2666 3358 2723 in
3416 2671 3626 2725 audito-

2030 2764 2148 2802 rum
2180 2749 2370 2804 ordine
2425 2750 2610 2820 quieto
2656 2753 2870 2808 silentio
2912 2754 3015 2810 frui
3066 2757 3357 2814 soleamus.
3419 2760 3619 2819 Verum

2030 2839 2151 2907 quis
2200 2840 2269 2893 sit
2312 2839 2447 2895 adeo
2477 2842 2644 2897 durus
2700 2852 2754 2897 et
2783 2845 3169 2912 intraCtabilis,
3212 2858 3272 2904 ut
3313 2851 3474 2907 istum
3525 2870 3614 2911 vc-

2029 2938 2196 2984 strum
2222 2941 2543 2987 conventum
2572 2934 2787 2990 silentio
2816 2947 3188 3005 prmtereat,et
3212 2941 3412 2998 amicos
3435 2956 3621 3003 nactus

2026 3021 2275 3077 audiendi
2321 3025 2497 3079 studio
2533 3024 2824 3096 ﬂagrantes
2865 3043 2972 3083 non
3024 3031 3356 3101 alloquatur,
3406 3037 3612 3094 etiamst

2027 3115 2265 3169 omnium
2318 3116 2595 3172 hominum
2639 3129 2783 3175 esset
2835 3121 3089 3190 loquendi
3140 3124 3620 3196 imperitissimus?

2027 3204 2317 3276 Cupiebam
2372 3208 2619 3278 equidem
2672 3210 2898 3281 primum
2945 3213 2996 3266 in
3049 3215 3287 3273 Ecclesia
3335 3218 3615 3291 dicturus,

2028 3300 2410 3368 prooemiorum
2458 3302 2718 3371 primitias
2744 3303 2817 3359 illi
2847 3303 3025 3362 dicare
3044 3348 3061 3374 ,
3088 3308 3178 3377 qui
3203 3309 3435 3380 linguam
3458 3317 3615 3371 nullis

2026 3392 2166 3447 hanc
2193 3393 2376 3458 dedit,
2408 3395 2658 3451 nimirum
2690 3397 2824 3458 Deo.
2860 3398 3034 3468 Atque
3064 3400 3135 3455 ita
3163 3415 3292 3458 sane
3322 3402 3438 3460 ﬁeri
3463 3420 3627 3477 opor-

2024 3486 2127 3542 tuit
2155 3504 2169 3540 :
2196 3502 2368 3557 neque
2397 3489 2544 3545 enim
2574 3504 2716 3545 areae
2762 3498 2965 3547 tantum
2991 3507 3055 3548 ac
3084 3494 3363 3551 torcularis
3382 3538 3398 3563 ,
3429 3515 3616 3556 verum

2023 3579 2185 3637 etiam
2212 3579 2496 3639 verborum
2537 3581 2798 3651 primitias
2821 3592 3035 3653 oportet
3063 3585 3229 3641 verbo
3260 3590 3565 3657 persolvere
3593 3634 3609 3657 ,
3646 3578 3653 3589 “

2022 3673 2299 3747 multoque
2328 3674 2499 3744 magis
2527 3675 2811 3729 verborum
2838 3691 2995 3746 quam
3026 3677 3440 3747 manipulorum.
3478 3682 3615 3750 Quin

2022 3764 2184 3820 etiam
2211 3773 2268 3820 ut
2301 3765 2369 3820 ad
2399 3780 2495 3820 nos
2545 3765 2633 3821 hic
2661 3764 2866 3822 fructus
2911 3768 3077 3837 magis
3103 3769 3373 3839 pertinet,
3403 3774 3473 3828 ita
3519 3775 3615 3844 ipsi

2023 3857 2136 3911 Deo
2159 3855 2250 3926 qui
2281 3856 2573 3912 honoratur
2590 3858 2858 3927 acceptior
2879 3868 2980 3912 est.
3008 3858 3229 3913 Botrum
3257 3861 3398 3916 enim
3425 3871 3481 3918 et
3507 3865 3616 3934 sui-

2019 3961 2140 4003 cam
2189 3962 2288 4005 suo
2319 3957 2456 4003 terra
2493 3950 2691 4004 emittit
2730 3949 2968 4019 gremio,
3010 3950 3104 4003 alit
3156 3951 3458 4022 pluviarum
3490 3956 3613 4012 irri-

2023 4041 2165 4110 gatio
2188 4080 2204 4107 ,
2230 4040 2359 4095 colit
2385 4040 2740 4110 agricolarum
2774 4054 2997 4096 manus:
3025 4049 3081 4094 at
3114 4056 3325 4099 sacrum
3354 4044 3610 4115 hymnum

2023 4132 2163 4200 parit
2205 4131 2368 4186 animi
2421 4132 2630 4199 pietas,
2663 4130 2757 4184 alit
2798 4131 2934 4186 bona
2972 4132 3334 4199 conscientia,
3383 4133 3523 4188 Deus
3564 4137 3614 4190 in

2022 4221 2254 4275 caelestia
2305 4220 2495 4290 recipit
2537 4223 2728 4275 horrea
2775 4236 2789 4272 :
2835 4234 2997 4287 porro
3034 4230 3234 4289 quanto
3278 4226 3617 4291 praestantior

2022 4323 2104 4367 est
2141 4312 2350 4366 animus
2388 4319 2524 4365 terra
2554 4353 2567 4373 ,
2605 4319 2752 4363 tanto
2786 4310 2876 4364 hic
2918 4310 3008 4363 illo
3047 4310 3239 4365 melior
3265 4323 3348 4367 est
3383 4328 3613 4382 proven-

2024 4415 2129 4459 tus.
2161 4402 2497 4472 Quapropter
2524 4410 2577 4456 et
2600 4400 3251 4471 prophetarumquispiatn
3286 4402 3369 4457 vir
3388 4418 3612 4475 magnus

2022 4507 2077 4553 et
2115 4496 2477 4560 admirandus,
2510 4510 2705 4549 nomen
2733 4493 2808 4548 illi
2836 4493 2995 4560 Osee,
3022 4508 3117 4549 eos
3140 4495 3229 4565 qui
3257 4495 3424 4555 Deum
3445 4497 3614 4554 oﬂen-

2022 4591 2249 4655 derant,
2293 4589 2659 4659 parabantque
2707 4587 2855 4643 illum
2880 4586 2980 4642 sibi
3023 4587 3310 4657 propitium
3340 4589 3565 4647 reddere
3598 4635 3614 4655 ,

2022 4685 2338 4740 adhortatur
2367 4682 2407 4748 ι,
2439 4691 2498 4736 ιιι
2526 4680 2700 4735 ferant
2741 4694 2923 4736 secum
2977 4695 3086 4735 non
3124 4689 3365 4737 armenta
3408 4681 3569 4739 boum
3593 4724 3610 4751 ,

2023 4793 2197 4849 neque
2222 4776 2412 4832 similae
2442 4789 2721 4831 mensuras
2747 4781 2825 4828 tot
2853 4780 2944 4827 aut
2974 4780 3053 4828 tot
3074 4815 3090 4840 ,
3120 4788 3295 4845 neque
3322 4781 3607 4842 turturem,

2023 4884 2197 4940 neque
2237 4867 2537 4923 columbam
2569 4906 2586 4931 ,
2616 4880 2788 4933 neque
2829 4863 2974 4919 aliud
3003 4864 3287 4934 quidquam
3319 4865 3614 4925 istiusmodi

2023 4975 2206 5015 rerum
2239 4976 2253 5012 :
2283 4957 2377 5013 sed
2401 4956 2526 5028 quid
2552 4956 2576 5008 ?
2606 4956 2761 5011 Ferte
2778 4954 3031 5008 vobiscum
3057 4953 3203 5008 verba
3236 4952 3392 5026 (Osee
3420 4955 3506 5009 M.
3535 4952 3613 5026 3).

2029 5052 2217 5121 inquit.
2273 5051 2343 5106 Et
2387 5049 2545 5119 quale
2579 5047 2901 5101 sacriﬁcium
2929 5087 2944 5109 ,
2991 5044 3188 5100 dixerit
3226 5043 3448 5115 aliquis,
3492 5057 3618 5103 sunt

2023 5142 2236 5196 verba?
2266 5141 2553 5196 Maximum
2582 5138 2794 5206 quidem
2816 5177 2833 5203 ,
2874 5150 2908 5189 o
2930 5134 3204 5189 carissime
3228 5173 3243 5200 ,
3272 5149 3338 5188 ac
3379 5134 3614 5204 splendi-

2024 5236 2302 5290 dissimum
2331 5274 2347 5298 ,
2382 5229 2699 5298 eaaterisque
2725 5226 2973 5281 omnibus
3010 5225 3369 5296 praestantius.
3410 5225 3477 5280 Et
3499 5225 3616 5298 quis

2027 5326 2126 5380 ista
2170 5323 2344 5378 dicit?
2377 5321 2457 5374 his
2498 5319 2745 5373 nimirum
2790 5317 2879 5384 qui
2914 5316 3028 5369 htec
3074 5315 3250 5370 omnia
3274 5315 3422 5375 novit
3445 5318 3617 5370 maxi—

2026 5433 2113 5472 me
2141 5425 2298 5485 atque
2335 5410 2672 5468 exactissime
2696 5450 2710 5473 ,
2756 5407 3000 5462 videlicet
3032 5407 3400 5477 magnanimus
3440 5405 3526 5462 ille
3554 5423 3615 5461 ac

2029 5522 2252 5580 magnus
2276 5505 2461 5560 David.
2503 5504 2549 5558 Is
2577 5502 2717 5556 enim
2740 5516 2860 5555 cum
2887 5499 3172 5571 aliquando
3193 5499 3305 5555 Deo
3323 5500 3612 5571 gratiaru'n

2091 5728 2109 5759 ί
2145 5724 2292 5783 σουλ,
2330 5721 2614 5773 adhortatur
2637 5720 2801 5770 dicens
2831 5732 2847 5769 :
2878 5724 3013 5771 Ferte
3027 5716 3289 5771 'wbiuum.
