3942 6370
315 280 419 332 [lilii

314 404 559 458 actiones
599 400 902 457 immolaret
924 414 1021 470 pro
1047 399 1269 455 victoria
1293 414 1450 471 quam
1492 416 1558 456 ex
1586 402 1739 457 hoste
1765 399 1907 456 tule-

310 502 438 560 rat,
470 493 539 548 ita
571 491 737 548 ferme
767 492 1033 563 loquitur:
1065 489 1310 545 Laudabo
1339 508 1519 546 nomen
1548 489 1649 545 Dei
1673 491 1773 546 mei
1793 508 1909 546 cum

309 588 509 642 cantico
537 602 558 642 :
580 585 917 657 magni/icabo
941 602 1055 640 eum
1093 585 1148 638 in
1179 586 1329 639 laude
1354 584 1470 657 (Ps.
1502 585 1594 641 68.
1640 584 1755 653 51).
1784 583 1906 639 Mox

312 679 470 749 hujus
498 678 742 734 sacrilicii
765 678 1124 748 praistantiam
1158 677 1312 732 nobis
1346 677 1627 744 aperiens,
1651 675 1901 747 subjecit,

312 773 377 827 Et
409 771 625 844 placebit
657 770 762 826 Deo
791 786 949 842 supra
976 769 1186 824 uitulum
1226 769 1479 822 novellum
1503 809 1518 832 ,
1546 785 1737 822 cornua
1783 784 1904 836 pro-

310 866 576 920 ducentem
605 873 653 918 et
692 863 911 934 ungulas
937 860 1042 934 (Ib.
1088 876 1137 915 υ.
1166 859 1280 930 52).
1323 858 1615 929 Cupiebam
1657 858 1816 928 igitur
1847 867 1903 914 et

308 958 422 1026 ipse
465 956 625 1011 hodie
656 954 751 1008 bas
772 962 1007 1009 mactare
1036 952 1308 1016 victimas,
1355 960 1410 1006 et
1437 951 1604 1006 altare
1625 950 1901 1020 spirituale

307 1049 454 1103 hisce
479 1055 759 1102 cruentare
800 1044 993 1100 hostiis
1013 1085 1027 1109 ,
1055 1044 1150 1099 sed
1185 1043 1310 1113 quid
1365 1042 1599 1097 faciam?
1631 1041 1723 1096 Vir
1776 1041 1897 1111 qui-

303 1143 425 1194 dam
455 1141 673 1209 sapiens
688 1139 901 1193 obturat
921 1136 1052 1192 mihi
1069 1151 1152 1204 os,
1171 1136 1510 1205 deterretque
1529 1134 1717 1189 dicens
1739 1151 1751 1187 :
1774 1132 1897 1188 Non

301 1242 374 1286 rst
409 1231 635 1301 speciosa
656 1230 768 1284 laus
794 1230 849 1283 in
875 1243 964 1284 ore
985 1226 1261 1299 peccatoris
1285 1225 1473 1298 (Eccli.
1499 1227 1583 1281 15.
1598 1224 1677 1297 9).
1695 1225 1896 1292 Quem-

298 1322 590 1377 admodum
635 1320 778 1376 enim
830 1320 884 1374 iu
932 1317 1146 1374 coronis
1176 1333 1281 1372 non
1321 1326 1404 1372 sat
1441 1326 1524 1373 est
1564 1316 1725 1372 liores
1777 1332 1895 1373 esse

301 1428 464 1486 puros
484 1457 497 1477 ,
541 1414 642 1467 nisi
671 1428 799 1482 pura
829 1412 899 1466 sit
932 1419 987 1465 et
1018 1424 1211 1465 manus
1250 1424 1346 1464 eas
1389 1418 1714 1464 contexens:
1738 1409 1815 1465 sic
1841 1418 1895 1464 et

300 1510 351 1561 in
373 1503 544 1561 sacris
588 1504 801 1574 hymnis
826 1510 1038 1573 oportet
1068 1518 1172 1555 non
1204 1500 1365 1555 verba
1388 1508 1591 1555 tantum
1622 1515 1745 1556 esse
1769 1501 1852 1571 pia
1871 1541 1889 1566 ,

303 1596 657 1653 verumetiam
680 1594 916 1649 animum
939 1592 1169 1666 hymnos
1189 1592 1663 1647 conciuentem.At
1688 1591 1733 1646 is
1759 1592 1889 1647 mihi

299 1692 539 1759 impurus
582 1697 665 1743 est
689 1729 704 1754 ,
731 1688 939 1743 liducitc
968 1702 1165 1741 vacuus
1199 1727 1214 1751 ,
1253 1694 1435 1757 utpOte
1462 1686 1750 1742 multorum
1777 1685 1893 1759 ple-

296 1799 398 1839 nus
442 1785 725 1839 scelerum.
758 1782 924 1837 Porro
968 1781 1046 1837 sic
1084 1780 1290 1837 allectis
1320 1797 1425 1835 non
1459 1780 1574 1836 huic
1599 1781 1759 1835 modo
1805 1782 1889 1835 lex

293 1876 508 1932 obturat
538 1889 600 1929 os
620 1915 636 1939 ,
666 1873 1017 1928 verumetiam
1041 1873 1142 1927 alia
1183 1872 1429 1941 quaedam
1468 1872 1557 1927 illa
1585 1872 1849 1926 vetustior
1870 1913 1885 1935 ,

293 1980 348 2024 ct
375 1977 501 2023 ante
538 1968 681 2022 illam
730 1967 1062 2036 lata,quam
1108 1975 1162 2019 ct
1218 1966 1389 2036 ipsum
1439 1964 1638 2034 adjecit
1681 1964 1764 2031 is,
1796 1964 1889 2034 qui

294 2062 454 2117 modo
484 2061 639 2118 nobis
678 2061 746 2115 de
794 2059 1075 2115 sacrificiis
1104 2060 1357 2129 loquutus
1404 2067 1489 2112 cst
1524 2058 1709 2112 David.
1754 2057 1885 2113 Cum

292 2156 453 2209 cnim’
481 2155 588 2208 ait:
613 2153 846 2207 Laudate
869 2152 1141 2207 Dominum
1163 2153 1226 2207 de
1251 2154 1388 2207 cadis
1412 2194 1427 2217 ,
1459 2152 1663 2206 laudate
1690 2169 1805 2208 eum
1833 2153 1887 2206 in

290 2249 499 2302 excelsis
526 2246 697 2317 (Psal.
730 2246 855 2301 148.
887 2244 941 2318 1)
968 2263 981 2301 :
1010 2254 1065 2301 et
1110 2246 1269 2315 paulo
1292 2254 1414 2316 post
1444 2261 1627 2301 rursus
1649 2246 1836 2302 dicens
1869 2262 1881 2300 :

295 2337 522 2393 Laudate
548 2337 824 2392 Dominum
867 2338 932 2391 de
983 2345 1117 2392 terra
1145 2353 1166 2393 :
1207 2353 1328 2392 cum
1372 2345 1653 2409 utramque
1699 2339 1885 2394 invitat

289 2438 620 2496 creaturam,
653 2437 707 2483 et
736 2445 854 2499 qua:
883 2442 1093 2483 sursum
1124 2437 1228 2495 est,
1256 2438 1311 2484 et
1334 2444 1452 2500 qua:
1480 2428 1711 2496 inferne,
1758 2445 1883 2485 scn-

288 2521 497 2576 sibilem
519 2529 680 2591 atque
706 2520 1127 2591 intelligibilem,
1159 2521 1501 2589 conspicuam
1532 2531 1585 2576 et
1616 2522 1885 2590 inconspi-

276 2626 462 2676 cuam,
508 2628 627 2683 qua:
656 2628 818 2683 supra
858 2612 1019 2666 caelos
1047 2621 1129 2666 est
1156 2621 1213 2667 et
1255 2628 1374 2682 qua:
1404 2613 1505 2666 sub
1533 2614 1667 2666 caelo
1690 2653 1705 2677 ,
1738 2620 1792 2667 et
1818 2628 1881 2667 cx

274 2713 511 2775 utraque
553 2705 777 2759 chorum
822 2705 1098 2759 constituit
1155 2720 1355 2769 unum;
1397 2712 1557 2773 atque
1610 2704 1679 2757 ita
1729 2703 1884 2774 jubet

289 2795 500 2867 hymnis
547 2797 820 2852 celebrare
871 2811 1052 2867 regem
1105 2796 1510 2860 universorum,
1546 2811 1879 2866 nequaquam

276 2888 530 2942 invitavit
564 2896 939 2958 peccatorem,
988 2887 1085 2942 sed
1131 2896 1186 2942 et
1224 2887 1311 2941 hic
1340 2886 1417 2940 illi
1450 2888 1588 2941 fores
1633 2888 1877 2943 occlusit.

336 2981 410 3035 "2.
442 2978 691 3033 Pcccator
736 2979 804 3032 ad
833 2979 1150 3033 laudandum
1186 2978 1353 3033 Deum
1379 2995 1481 3033 non
1527 2989 1779 3033 evocatur.
1811 3010 1881 3020 —

282 3072 570 3138 Caeterum,
607 3083 663 3127 ut
706 3072 857 3127 vobis
887 3072 1026 3142 quod
1065 3071 1189 3127 dico
1221 3073 1309 3127 fiat
1355 3072 1676 3139 evidentius,
1704 3074 1878 3144 ipsum

286 3164 545 3233 psalmum
604 3164 673 3220 ab
720 3165 871 3220 initio
900 3165 1048 3219 vobis
1094 3164 1466 3235 praelegemus.
1501 3164 1734 3219 Laudate
1772 3163 1883 3219 Do-

284 3259 475 3312 minum
522 3258 584 3312 de
634 3258 801 3324 oretis,
849 3258 1055 3313 laudate
1119 3274 1233 3311 eum
1288 3259 1343 3311 in
1384 3258 1627 3323 excelsis;
1674 3259 1881 3312 laudate

284 3364 399 3401 eum
447 3364 620 3402 omnes
659 3348 826 3418 angeli
862 3349 1011 3419 ejus;
1041 3348 1246 3402 laudate
1280 3365 1394 3401 eum
1438 3365 1609 3403 omnes
1662 3348 1881 3404 Virtutes

282 3441 413 3511 ejus.
461 3439 618 3494 Vides
666 3440 886 3510 angelos
916 3439 1238 3495 laudantes?
1287 3440 1437 3496 vides
1489 3441 1879 3510 archangelos?

282 3532 433 3587 vides
469 3530 755 3586 Cherubim
781 3541 838 3586 et
856 3529 1143 3601 Seraphim
1164 3573 1179 3596 ,
1206 3546 1443 3587 sunnnas
1470 3530 1587 3587 illas
1616 3533 1880 3587 virtutes?

280 3625 412 3679 Cum
441 3624 587 3679 enim
615 3624 709 3689 ait,
742 3622 929 3678 Omnes
964 3622 1184 3678 Virtutes
1214 3624 1343 3696 ejus,
1376 3623 1683 3681 universum
1708 3639 1879 3695 popu-

283 3716 686 3771 lum‘cmlestem
735 3715 1130 3785 complectitur.
1159 3715 1420 3771 Numcubi
1452 3716 1601 3774 vides
1634 3726 1879 3786 peccato-

284 3808 440 3862 rcm?
480 3809 556 3863 'Et
583 3808 854 3879 quomodo
882 3852 897 3875 ,
929 3809 1124 3864 dixerit
1178 3810 1404 3879 aliquis,
1436 3811 1487 3864 in
1514 3811 1648 3866 caelo
1695 3812 1879 3868 videre

283 3902 542 3967 possum?
567 3902 704 3971 Ergo
734 3917 831 3970 age
859 3901 911 3955 in
944 3909 1139 3955 terram
1170 3901 1560 3959 descendamus
1587 3944 1601 3968 ,
1629 3903 1697 3960 ad
1740 3904 1877 3961 alte-

283 4008 394 4047 ram
420 3992 806 4064 choripartem
844 4001 1179 4048 transeuntes
1202 4036 1214 4056 ,
1246 4009 1344 4049 nec
1389 3995 1474 4048 hic
1505 4011 1689 4050 rursus
1720 3997 1874 4051 vide-

279 4083 361 4140 his
403 4094 760 4155 peccatorem.
806 4083 1038 4138 Laudate
1066 4083 1343 4139 Dominum
1372 4087 1434 4141 de
1463 4096 1596 4141 terra
1634 4087 1878 4143 dracones

276 4186 327 4228 et
374 4192 547 4230 omnes
579 4176 786 4246 abyssi,
819 4176 989 4231 bestia:
1040 4187 1087 4230 et
1128 4179 1294 4231 omnia
1323 4195 1540 4249 pecora,
1568 4180 1773 4249 reptilia
1829 4190 1877 4236 et

279 4267 505 4322 volucres
534 4277 768 4337 pennata:
793 4267 914 4339 (Ps.
948 4269 1070 4324 HS.
1123 4270 1236 4341 l0).
1273 4270 1421 4325 Haud
1480 4272 1673 4327 frustra
1702 4289 1876 4344 neque

280 4369 522 4434 temere,
554 4361 680 4414 dum
714 4360 828 4414 haec
856 4362 1048 4431 loquor
1071 4404 1084 4428 ,
1118 4363 1379 4418 intersilui
1412 4365 1568 4435 :quia
1598 4376 1653 4420 et
1682 4368 1876 4421 mentis

279 4452 529 4521 cogitatio
567 4463 711 4506 metu
753 4451 976 4508 confusa
1007 4464 1121 4520 est,
1152 4455 1219 4509 ad
1246 4472 1456 4510 amaras
1499 4473 1667 4527 usque
1698 4459 1874 4530 lacry-

282 4556 396 4595 mas
421 4555 747 4612 gravemque
773 4543 1028 4612 cju‘lalum
1057 4543 1169 4600 fere
1213 4546 1486 4614 perducta.
1517 4548 1653 4615 Quid
1707 4550 1873 4616 enim,

277 4634 507 4688 obsecro
531 4674 547 4699 ,
597 4634 770 4704 possit
795 4649 915 4690 esse
940 4635 1352 4693 miserabilius?
1380 4639 1588 4709 Scorpii
1605 4681 1619 4703 ,
1652 4655 1876 4711 serpen-

278 4738 358 4781 tes
394 4740 460 4782 ac
482 4723 746 4781 dracones
776 4727 1065 4783 invitantur
1093 4729 1157 4784 ad
1191 4729 1512 4786 laudandum
1541 4749 1662 4788 cum
1690 4749 1724 4789 ra
1769 4751 1875 4804 quo

277 4817 479 4875 conditi
524 4827 649 4874 sunt
676 4837 689 4874 2
717 4818 864 4875 solus
912 4830 1164 4892 peccator
1209 4823 1278 4878 ab
1314 4825 1414 4879 hac
1474 4841 1625 4881 sacra
1676 4828 1873 4885 chorea

277 4916 559 4968 submotus
599 4920 716 4980 est,
763 4911 922 4984 idque
964 4914 1084 4985 jure
1114 4915 1337 4984 optimo.

350 5003 624 5060 Peccatum
650 5006 788 5061 mala
817 5006 993 5062 bestia.
1015 5007 1240 5063 —Mala
1280 5018 1335 5063 et
1373 5009 1534 5065 ell‘era
1576 5010 1744 5067 bestia
1792 5028 1877 5068 eat

284 5106 589 5167 peccatum,
620 5114 726 5154 non
757 5099 971 5169 quidem
1013 5099 1067 5154 in
1093 5115 1350 5156 conserva
1399 5116 1624 5173 corpora
1675 5106 1874 5161 malum

283 5188 581 5259 proferens,
629 5191 728 5248 sed
771 5191 823 5247 in
865 5194 1034 5265 ipsam
1071 5194 1285 5275 Domini
1328 5196 1550 5267 gloriam
1595 5196 1876 5257 ellundens

286 5281 537 5339 malitiam
558 5300 571 5337 :
592 5280 814 5354 Propter
832 5302 939 5351 vos,
971 5286 1174 5357 inquit,
1196 5271 1404 5344 "nomen
1445 5306 1613 5345 meum
1640 5291 1877 5363 blasphe-

287 5378 464 5423 matur
496 5371 550 5423 in
575 5371 814 5440 gentibus
847 5372 1005 5442 (Isai.
1043 5375 1135 5430 52.
1167 5375 1237 5444 5;
1269 5376 1423 5434 Rom.
1454 5380 1509 5435 2.
1537 5380 1651 5451 24).
1686 5381 1876 5454 quue

286 5467 635 5527 peccatorem
667 5469 949 5534 tamquam
979 5481 1010 5521 e
1039 5481 1199 5524 sacra
1225 5472 1403 5540 patria
1437 5473 1616 5545 abegit
1636 5491 1701 5531 ex
1740 5479 1874 5531 orbe

281 5564 555 5609 terrarqu
587 5555 878 5626 propheta,
916 5568 972 5615 et
1001 5561 1264 5619 exsulare
1302 5565 1480 5637 coegit
1519 5585 1534 5622 :
1587 5576 1752 5638 atque
1786 5570 1864 5624 uti
1901 5580 1909 5588 ‘

288 5645 520 5699 musicus
548 5646 782 5715 optimus
814 5663 849 5704 e
886 5649 1088 5706 cithara
1139 5652 1276 5708 bene
1320 5655 1587 5711 modulata
1616 5658 1870 5714 chordam

286 5734 554 5792 dissonam
600 5748 837 5809 resecat,
885 5757 954 5797 ne
994 5743 1316 5815 reliquarum
1361 5760 1549 5802 vocum
1593 5747 1867 5807 harmonia

1042 281 1099 337 S.
1139 279 1419 337 JO.\NNIS
1456 279 1930 340 CllllYSOSTOMl
1969 286 2291 346 ARClllEP.
2330 290 2868 353 CONSTAN'I'INOP.

3503 310 3606 369 696

2019 402 2272 471 vitietur;
2312 416 2368 461 et
2397 409 2596 477 peritus
2620 413 2751 467 artis
2779 412 3019 470 medicus
3048 417 3342 473 membrum
3374 426 3611 493 putrefa-

2014 503 2157 550 ctum
2183 508 2422 568 amputat
2441 540 2458 563 ,
2504 517 2572 556 ne
2611 503 2728 560 haec
2758 506 2869 562 lues
2898 507 2964 562 ad
2989 518 3181 565 caetera
3213 514 3451 569 membra
3480 532 3609 573 sana

2014 590 2582 650 transiliatzeunulem
2630 596 2695 651 ad
2741 599 2957 654 modum
2991 602 3245 672 propheta
3279 604 3435 664 fecit.
3481 609 3608 665 dum

2010 681 2171 735 veluti
2201 683 2458 739 chordam
2486 685 2755 743 dissouam
2783 706 2847 745 ac
2873 692 3034 746 veluti
3067 696 3370 750 membrum
3402 714 3605 769 trgrmn
3666 692 3685 705 ’

2007 774 2076 829 ab
2117 776 2366 831 universo
2413 790 2671 836 creaturae
2708 796 2934 852 corpore
2983 796 3319 853 peccatorem
3374 804 3602 847 resecat.

2007 866 2143 935 Quid
2185 869 2342 939 igitur
2366 871 2519 926 nobis
2549 872 2847 929 faciendum
2875 877 2996 931 est?
3035 877 3386 949 Posteaquam
3416 884 3602 952 rejecti

2005 973 2190 1041 sumus
2210 1003 2224 1025 ,
2258 971 2603 1032 posteaquam
2636 968 2825 1021 resecti
2857 981 3077 1036 sumus,
3105 972 3325 1026 omnino
3351 974 3604 1032 sileamus

2004 1061 2218 1119 oportet
2246 1071 2259 1106 :
2287 1053 2375 1110 die
2406 1056 2586 1127 igitur,
2616 1057 2873 1125 obsecro,
2906 1076 3032 1115 num
3065 1064 3400 1120 tacebimus?
3428 1084 3602 1138 neque

2002 1140 2264 1211 quispiam
2291 1146 2447 1200 nobis
2474 1149 2745 1216 permittet
2770 1148 2982 1221 hymnis
3009 1152 3286 1209 celebrare
3315 1156 3601 1214 Dominum

2002 1236 2283 1290 nostrum?
2304 1253 2503 1309 ergone
2520 1239 2711 1294 frustra
2733 1250 2941 1297 vestras
2960 1258 3143 1313 preces
3165 1245 3234 1299 im
3243 1247 3496 1315 ploravim
3506 1265 3568 1304 us
3585 1268 3598 1314 ;

1999 1322 2196 1380 frustra
2241 1328 2307 1382 ad
2364 1339 2537 1385 vestra
2591 1331 2929 1404 confugimus
2979 1336 3311 1405 patrocinia?
3348 1339 3504 1393 Absit
3544 1353 3600 1395 ut

1999 1415 2195 1473 frustra
2222 1437 2235 1475 τ
2261 1421 2434 1489 reperi
2462 1423 2642 1489 enim,
2674 1425 2849 1494 reperi
2892 1435 2947 1481 et
2994 1426 3221 1483 alterum
3266 1428 3598 1499 gloriﬁcandi

2001 1508 2244 1573 modum,
2276 1515 2468 1566 vestris
2494 1513 2547 1567 in
2575 1513 2674 1569 hac
2702 1513 3039 1572 htcsitatione
3069 1519 3335 1588 precibus,
3365 1535 3464 1576 ceu
3493 1522 3597 1575 ful-

1994 1598 2215 1667 guribus
2246 1601 2297 1654 in
2323 1601 2550 1672 caligine
2578 1605 3293 1675 apparentibuszconservos
3318 1610 3547 1666 laudabo
3576 1613 3593 1644 ί

1995 1689 2098 1745 Fas
2144 1692 2289 1745 enim
2339 1702 2422 1747 est
2473 1704 2528 1749 et
2575 1710 2864 1749 conservos
2911 1706 3125 1753 nostros
3171 1698 3419 1768 laudare,
3470 1704 3594 1772 qui-

1996 1778 2094 1834 bus
2125 1782 2355 1838 laudatis
2386 1784 2525 1839 haud
2554 1785 2770 1841 dubium
2800 1797 2908 1852 est,
2943 1788 3069 1857 quin
3103 1804 3162 1844 ea
3187 1790 3355 1859 gloria
3384 1793 3450 1847 ad
3485 1794 3593 1848 Do-

1994 1873 2196 1926 minum
2227 1883 2461 1931 transeat
2487 1877 2729 1932 omnino.
2759 1878 2909 1944 Quod
2954 1891 3132 1934 autem
3161 1881 3286 1936 hinc
3311 1883 3580 1953 gloriﬁce—

1994 1970 2100 2031 tur,
2132 1966 2290 2019 docet
2319 1967 2429 2037 ipse
2457 1968 2699 2024 Christus
2739 1969 2924 2026 dicens
2957 1988 2969 2024 :
3004 1970 3192 2026 Luceat
3220 1975 3242 2005 ²
3297 1978 3389 2028 tua:
3425 1987 3591 2031 uestra

1989 2070 2164 2109 coram
2209 2056 2524 2123 hominibus,
2570 2070 2626 2113 ut
2672 2060 2872 2114 videant
2923 2077 3079 2133 opera
3117 2076 3280 2117 uestra
3323 2064 3488 2133 bona,
3536 2078 3587 2121 et

1989 2146 2271 2217 gloriﬁcent
2299 2147 2509 2203 Patrem
2534 2161 2753 2205 uestrum
2779 2153 2866 2223 qui
2903 2153 2956 2207 in
3003 2154 3141 2208 cazlis
3170 2165 3242 2209 est
3276 2155 3501 2228 (Matth.
3530 2160 3585 2213 5.

1991 2238 2105 2309 16).
2131 2239 2207 2294 En
2231 2240 2367 2296 alter
2395 2241 2723 2313 gloriﬁcandi
2746 2245 2937 2300 modus
2957 2288 2972 2311 ,
3003 2262 3111 2316 quo
3135 2257 3188 2302 et
3215 2252 3480 2318 peccatori
3509 2253 3590 2305 fas

1987 2342 2073 2387 est
2115 2335 2188 2387 uti
2210 2375 2226 2399 ,
2269 2344 2327 2389 ut
2354 2335 2524 2405 legem
2559 2347 2734 2392 tamen
2766 2354 2872 2393 non
2903 2339 3085 2395 violet.

2059 2424 2113 2479 3.
2160 2423 2467 2480 Flavianum
2512 2426 2824 2498 Episcopum
2868 2429 3345 2497 laudat.—Qnem
3393 2432 3613 2501 igitur,

1987 2528 2147 2583 quem
2174 2555 2188 2579 ,
2248 2516 2462 2586 inquam
2490 2558 2506 2582 ,
2565 2533 2946 2574 conservorum
2995 2521 3360 2576 laudabimus?
3415 2524 3587 2587 Quem

1987 2605 2148 2658 alium
2169 2646 2185 2672 ,
2238 2620 2399 2676 quam
2444 2607 2590 2661 illum
2632 2624 2971 2665 communem
3004 2610 3161 2681 hujus
3188 2612 3370 2681 patria:
3396 2604 3587 2670 docto-

1987 2709 2134 2759 rem,
2167 2704 2221 2751 et
2251 2712 2347 2766 per
2371 2698 2595 2767 patriam
2624 2699 2861 2755 universi
2889 2700 3034 2756 orbis
3062 2704 3364 2757 terrarum?
3387 2704 3587 2771 Quem-

1985 2787 2272 2843 admodum
2313 2790 2454 2845 enim
2501 2806 2599 2846 vos
2628 2792 2718 2846 ille
2760 2792 2943 2848 docuit
2982 2804 3039 2847 ut
3068 2810 3237 2864 usque
3261 2795 3326 2849 ad
3356 2804 3585 2852 mortem

1986 2895 2083 2949 pro
2121 2882 2344 2937 veritate
2377 2883 2591 2937 staretis
2617 2901 2631 2937 :
2657 2885 2725 2937 ita
2751 2893 2808 2938 et
2836 2900 2932 2940 vos
2958 2886 3093 2941 alios
3118 2885 3363 2942 homines
3393 2887 3584 2944 docui-

1985 2975 2113 3037 stis,
2141 2989 2171 3029 a
2200 2974 2305 3028 vita
2341 2973 2500 3030 citius
2537 2992 2697 3046 quam
2741 2992 2771 3029 a
2817 2979 3013 3047 pietate
3058 2979 3413 3035 recedendum
3438 2996 3580 3036 esse.

1986 3063 2160 3119 Vultis
2204 3066 2364 3135 igitur
2395 3066 2467 3120 illi
2503 3067 2725 3136 posthac
2760 3068 2972 3123 laudum
3000 3084 3226 3125 eoronas
3254 3071 3586 3142 plectamus?

1985 3155 2242 3211 Volebam
2268 3157 2513 3227 equidem
2545 3166 2599 3213 et
2638 3159 2751 3228 ipse
2772 3201 2786 3224 ,
2820 3159 2914 3214 sed
2946 3161 3103 3216 video
3134 3174 3280 3218 recte
3317 3162 3582 3219 factorum

1986 3250 2209 3320 pelagus
2251 3250 2526 3306 immensa:
2558 3252 2963 3321 profunditatis,
2997 3270 3292 3325 vereorque
3311 3272 3379 3311 ne
3403 3272 3585 3312 sermo

1985 3349 2168 3397 uoster
2185 3341 2253 3395 ad
2278 3340 2499 3397 fundum
2528 3342 2759 3410 delatus,
2775 3359 2885 3414 pra:
2907 3346 3270 3403 imbecillitate
3290 3363 3394 3403 non
3413 3350 3586 3420 possit

1985 3430 2036 3485 in
2084 3432 2247 3486 altum
2295 3448 2596 3489 recurrere.
2648 3431 2871 3505 Oportet
2910 3437 3054 3491 enim
3102 3446 3310 3494 vetusta
3359 3454 3583 3497 narrare

1984 3524 2256 3590 facinora,
2298 3527 2788 3596 peregrinationes,
2832 3529 3060 3599 vigilias,
3111 3544 3302 3598 curas,
3343 3530 3582 3601 judicia,

1983 3632 2208 3688 pugnas,
2239 3627 2440 3689 troptca
2466 3621 2702 3689 tropaeis,
2733 3621 2985 3676 victorias
3006 3623 3241 3679 victoriis
3259 3626 3581 3692 cumulatas,

1982 3722 2071 3763 res
2097 3717 2277 3778 gestas
2305 3725 2413 3765 non
2448 3720 2688 3766 nostram
2718 3712 2914 3778 modo,
2945 3713 3040 3770 sed
3066 3725 3119 3769 et
3144 3730 3360 3772 omnem
3392 3717 3586 3773 huma-

1984 3814 2106 3855 nam
2152 3801 2387 3872 linguam
2429 3813 2763 3872 superantes,
2809 3820 3037 3876 quteque
3077 3821 3263 3863 vocem
3304 3810 3585 3879 requirunt

1981 3893 2279 3962 apostolico
2305 3894 2496 3963 spiritu
2522 3896 2842 3951 concitatam
2864 3936 2879 3964 ,
2930 3897 3020 3967 qui
3051 3906 3226 3968 potest
3250 3901 3429 3955 omnia
3469 3910 3580 3956 tum

1979 3984 2177 4055 eloqui,
2199 3992 2311 4040 tum
2332 3985 2529 4042 docere
2550 4004 2562 4041 :
2584 3986 2679 4041 sed
2704 3988 2840 4043 hanc
2856 3999 3061 4057 partem
3085 4000 3578 4059 praetercurreutes,

1983 4078 2050 4132 ad
2080 4067 2305 4134 alteram
2350 4095 2470 4149 qua:
2523 4079 2700 4134 minus
2745 4080 2907 4136 habet
2954 4083 3175 4151 periculi
3225 4084 3578 4150 accedemus,

1983 4184 2141 4239 quam
2172 4170 2259 4225 vel
2283 4172 2472 4242 exigua
2500 4172 2697 4241 scapha
2728 4172 2854 4228 licet
2880 4176 3184 4245 enavigare.

2051 4258 2336 4316 Flavianus
2358 4262 2411 4316 in
2441 4262 2592 4317 domo
2613 4273 2908 4335 sumptuosa
2923 4266 3186 4321 educatus.
3205 4297 3276 4308 —
3295 4269 3407 4340 Age
3422 4268 3584 4340 igitur

1979 4352 2048 4410 de
2090 4355 2444 4424 temperantia
2482 4356 2664 4412 dicere
2694 4358 3051 4423 tentabimus,
3096 4362 3371 4431 quomodo
3408 4365 3581 4420 ventri

1982 4447 2284 4519 imperarit,
2311 4449 2584 4519 quomodo
2611 4449 2834 4506 delicias
2858 4454 3277 4522 contempserit,
3310 4456 3583 4526 quomodo

1980 4552 2221 4593 mensam
2252 4550 2621 4609 sumptuosam
2647 4539 2929 4610 deriscrit,
2963 4543 3122 4613 idque
3164 4559 3287 4600 cum
3332 4546 3383 4601 in
3418 4547 3585 4603 domo

1979 4639 2291 4703 sumptuosa
2313 4642 2457 4688 esset
2481 4634 2757 4689 educatus.
2782 4635 2912 4689 Nam
2951 4636 3144 4691 mirum
3173 4653 3280 4692 non
3308 4648 3424 4704 est,
3455 4655 3581 4695 eum

1979 4724 2066 4792 qui
2090 4724 2144 4779 in
2163 4734 2473 4795 paupertate
2492 4726 2645 4791 vixit,
2663 4725 2730 4780 ad
2750 4726 2890 4781 hanc
2905 4728 3199 4797 squalidam
3229 4744 3584 4802 asperamque

1979 4816 2163 4870 venire
2183 4816 2367 4883 vitam,
2391 4815 2822 4887 quandoquidem
2847 4818 2893 4872 is
2915 4817 3076 4874 habet
3095 4819 3264 4890 ipsam
3296 4833 3583 4892 pauperta-

1982 4911 2087 4958 tem
2109 4906 2559 4975 peregrinationis
2584 4921 2649 4963 ac
2672 4907 2772 4962 vias
2785 4909 3060 4973 comitem,
3083 4923 3203 4979 qua;
3225 4910 3300 4965 illi
3317 4913 3582 4968 sarcinam

1982 4995 2034 5050 in
2063 4995 2182 5052 dies
2207 4995 2380 5051 reddit
2417 4996 2699 5052 leviorem.
2734 4999 2807 5052 At
2829 4998 2918 5069 qui
2946 4998 3047 5054 fuit
3068 4999 3373 5057 divitiarum
3407 5002 3584 5058 domi-

1980 5103 2082 5142 nus
2101 5128 2116 5152 ,
2158 5086 2301 5141 haud
2342 5087 2497 5143 facile
2525 5103 2650 5145 sese
2674 5089 2742 5145 ab
2768 5089 2981 5146 illarum
3005 5091 3235 5161 explicet
3260 5095 3583 5164 complexu:

1981 5186 2187 5233 tantum
2216 5179 2565 5249 cupiditatum
2589 5195 2814 5236 examen
2834 5181 3069 5237 animam
3091 5183 3235 5238 illam
3259 5184 3586 5240 circumval~

1981 5270 2140 5325 lavit:
2162 5278 2267 5325 tam
2292 5272 2470 5341 gravis
2494 5280 2550 5327 et
2573 5273 2865 5343 caliginosa
2884 5273 3171 5330 affectuum
3192 5276 3364 5332 nubes
3388 5278 3587 5335 mentis

1980 5360 2126 5417 illius
2151 5362 2335 5418 oculos
2359 5362 2598 5431 obducit,
2630 5373 2690 5420 ut
2718 5379 2825 5420 non
2850 5364 2991 5421 sinat
3009 5365 3077 5421 ad
3108 5366 3299 5422 etclam
3328 5368 3585 5424 intuitum

2044 5578 2064 5615 ³
2098 5577 2254 5630 Verba
2274 5580 2400 5646 haec,
2423 5593 2671 5646 conservos
2692 5580 2919 5646 laudabo,
2940 5583 3122 5635 desunt
3157 5585 3209 5636 in
3243 5585 3384 5646 Colb.
3409 5599 3504 5637 nec
3526 5588 3591 5638 ab

1981 5645 2254 5703 tuterprete
2274 5642 2404 5693 texta
2426 5653 2561 5702 sunt,
2579 5644 2669 5694 sed
2693 5642 2934 5696 habentur
2951 5645 3002 5694 in
3025 5646 3165 5697 Savil.
3191 5655 3243 5698 et
3265 5642 3430 5697 Morel.

2042 5703 2064 5733 ²
2097 5703 2329 5773 siesavil.
2358 5714 2410 5773 et
2438 5706 2624 5773 Mor_el_.,
2646 5707 2736 5773 sed
2759 5706 2888 5756 Colb.
2910 5718 2962 5758 et
2986 5710 3249 5773 interpres,
3272 5711 3591 5772 Quemadmo-

1983 5764 2100 5814 dum
2123 5763 2271 5829 igitur
2292 5774 2340 5817 et
2363 5768 2463 5831 ipse
2487 5763 2640 5828 dicit,
2667 5768 2841 5819 luceat.
