3942 6358
220 430 310 484 695

211 540 385 597 οὑτωσί
411 554 520 600 πως
557 535 772 602 ἔλεγεν·
823 529 1044 585 Αίνέσω
1077 529 1143 584 τὸ
1189 529 1374 600 ὄνομα
1415 526 1524 582 τοῦ
1559 524 1708 581 Θεοῦ
1736 543 1856 596 μου

207 630 315 699 μετ’
357 623 540 693 ᾠδῆς·
586 618 906 692 μεμιλυνῶ
957 616 1145 671 αὑτὸν
1186 618 1256 670 ἐν
1298 616 1543 670 αἰνέσει.
1585 610 1718 667 Εἶτα
1762 615 1859 684 τῆς

209 715 378 776 θυσίας
410 711 610 773 ταύτης
657 707 755 778 τὴν
796 704 1068 776 ὑπεροχὴν
1113 705 1245 774 ήμῖν
1289 700 1718 771 ἐνδεικνύμενος,
1761 701 1862 752 ἐπ-

208 806 389 874 ήγαγε·
431 798 541 852 Καὶ
588 798 792 865 ἁρέσει
833 792 914 858 τῷ
954 790 1075 857 Θεῷ
1111 790 1263 860 ὑπὲρ
1301 791 1541 859 μόσχον
1577 787 1721 842 νέον
1767 786 1865 841 κέ-

207 872 335 959 fata
364 885 689 954 ἐκφέροντα
722 882 819 935 καὶ
855 880 1071 945 ὁπλάς.
1115 878 1451 949 Ἐϐουλόμην
1487 877 1588 948 μὲν
1633 872 1727 931 οὖν
1769 876 1865 930 καὶ

208 976 348 1039 αὐτὸς
377 973 547 1027 ταῦτα
576 972 814 1042 τήμερον
846 966 1172 1023 καταϐαλεῖν
1200 968 1267 1020 τά
1310 966 1504 1036 ἱερεῖα,
1536 964 1631 1018 καὶ
1671 962 1735 1016 τὸ
1760 962 1868 1016 ¹θυ-

211 1064 501 1133 σιαστήριον
528 1059 633 1111 ἀπὸ
658 1057 764 1110 τῶν
791 1055 1048 1126 θυμάτων
1073 1053 1279 1107 τούτων
1297 1050 1527 1123 αἱμάξαι
1546 1050 1606 1104 τὸ
1623 1066 1869 1121 πνευμα-

209 1152 341 1205 τικόν
359 1167 372 1181 ·
395 1148 530 1203 ἀλλά
549 1146 601 1200 τί
625 1146 811 1210 πάθω;
836 1143 1005 1212 Σοφός
1032 1158 1112 1205 τις
1137 1140 1275 1214 ἀνὴρ
1297 1137 1636 1210 ἐπιστομίζει
1661 1156 1749 1209 με,
1778 1138 1871 1190 καὶ

210 1237 349 1307 φοϐεῖ
376 1237 548 1304 λέγων
568 1251 583 1266 ·
622 1236 745 1303 Οὐχ
775 1231 984 1300 ὡραῖος
1020 1225 1188 1295 αίνος
1221 1229 1292 1281 ἐν
1319 1228 1571 1297 στόματι
1603 1226 1871 1295 ἀμαρτω-

207 1328 325 1383 λοῦ.
373 1325 639 1396 Καθάπερ
679 1323 787 1393 γὰρ
842 1319 1073 1374 ἐπὶτῶν
1126 1317 1404 1388 στεφάνων
1447 1316 1568 1387 οὐχ).
1618 1314 1687 1367 τὰ
1735 1311 1871 1383 ἄνθη

215 1415 355 1487 μόνον
379 1409 516 1466 εἶναι
538 1411 642 1482 χρὴ
677 1408 915 1479 καθαρὰ,
960 1406 1097 1461 ἀλλά
1119 1406 1214 1469 καὶ
1244 1404 1343 1476 τήν
1377 1403 1706 1472 ὑφαίνουσαν
1733 1399 1873 1453 αὑτά

212 1503 381 1573 χεῖρα·
421 1498 564 1551 οὑτω
608 1497 703 1549 καὶ
741 1495 833 1548 ἐπὶ
880 1493 988 1547 τῶν
1026 1492 1208 1562 ὓμνων
1256 1491 1365 1544 τῶν
1405 1488 1564 1563 ἱερῶν
1597 1487 1718 1558 οὐχ).
1748 1486 1875 1548 τοὺς

211 1571 383 1656 λόγους
428 1584 715 1647 εὐλαϐείας
770 1582 1017 1653 μετέχειν
1062 1579 1168 1652 χρὴ
1224 1578 1403 1650 μόνον,
1458 1575 1596 1631 ἀλλά
1637 1573 1733 1628 καὶ
1779 1571 1875 1644 τὴν

214 1677 497 1729 πλέκουσαν
524 1673 720 1734 αὐτοὺς
752 1670 950 1742 ψυχήν.
988 1668 1150 1739 Ἠμίν
1179 1667 1236 1720 δὲ
1274 1666 1473 1735 ἐναγής
1503 1664 1587 1726 τίς
1618 1664 1753 1723 ἐστι,
1785 1659 1877 1713 καὶ

214 1764 660 1836 ἀπαρρησίαστος,
701 1760 795 1813 καὶ
838 1757 1049 1811 πολλῶν
1090 1756 1339 1826 γέμουσα
1381 1754 1494 1836 ,τῶν
1542 1748 1877 1822 ἁμαρτημά-

214 1834 326 1907 των.
352 1834 487 1915 Τοὺς
523 1851 583 1903 δὲ
610 1847 750 1903 οὕτω
780 1844 1157 1916 διακειμένους
1203 1843 1302 1912 οὐχ
1345 1835 1500 1903 οὗτος
1537 1834 1878 1909 ἐπιστομίζει

218 1941 355 2011 μόνον
380 1942 408 1993 6
433 1938 620 2009 νόμος,
650 1933 787 1990 ἁλλὰ
814 1934 908 1987 καὶ
936 1932 1123 2001 ἕτερος
1153 1929 1509 2000 ἀρχαιότερος
1547 1926 1756 1980 ἐκείνου
1787 1923 1882 1977 καὶ

216 2030 305 2100 πρὸ
336 2027 543 2080 ἐκείνου
587 2022 784 2087 τεθείς.
824 2021 937 2075 Καὶ
968 2018 1077 2091 γὰρ
1121 2018 1216 2071 καὶ
1262 2013 1449 2070 τοῦτον
1489 2014 1805 2083 εἰσήνεγκεν
1854 2011 1883 2063 6

218 2099 449 2186 περὶτῶν
474 2112 679 2167 θυσιῶν
705 2113 836 2182 ἡμῖν
863 2108 989 2180 ἄρτι
1010 2105 1310 2177 διαλεχθεὶς
1332 2103 1495 2157 Δαυῒδ
1511 2120 1522 2131 ·
1554 2099 1724 2155 εἰπὼν
1751 2099 1881 2170 γὰρ,

216 2204 416 2258 Αἰνεῖτε
457 2202 571 2256 τὸν
609 2201 829 2269 Κύριον
855 2197 923 2251 ἐκ
957 2194 1078 2249 τῶν
1110 2190 1404 2262 οὐρανῶν,
1449 2189 1667 2244 αἱνεῒτε
1699 2186 1886 2241 αὐτὸν

216 2295 275 2346 ἐν
294 2293 408 2359 τοῖς
435 2292 726 2360 ὑψίστοις
745 2306 758 2319 ·
784 2288 879 2341 καὶ
917 2287 1033 2357 μετ’
1061 2283 1218 2352 ὀλίγα
1256 2281 1417 2335 πάλιν
1445 2277 1634 2343 είτιὼν,
1659 2275 1887 2331 Αἰνεῖτε

220 2386 307 2435 τὸν
327 2383 548 2448 Κύριον
571 2378 641 2432 ἐκ
672 2375 780 2445 τῆς
814 2374 946 2445 γῆς,
975 2374 1069 2427 καὶ
1107 2371 1203 2443 τήν
1228 2370 1406 2423 κτίσιν
1439 2367 1673 2429 καλέσας
1697 2363 1887 2418 ἑκατέ-

220 2489 323 2542 ραν,
347 2470 442 2541 τὴν
472 2469 612 2531 ἄνω,
636 2467 734 2539 τήν
764 2465 936 2527 κάτω,
959 2463 1059 2534 τὴν
1092 2460 1377 2530 αίσθητὴν,
1407 2458 1506 2529 τὴν
1535 2455 1756 2527 νοητὴν,
1787 2454 1886 2523 τήν

219 2558 501 2630 ὁρωμένην,
526 2556 629 2627 τὴν
652 2555 749 2624 οὐχ
770 2551 1076 2624 ὁρωμένην,
1097 2548 1195 2620 τὴν
1228 2547 1368 2616 ὑπὲρ
1399 2546 1488 2599 τὸν
1517 2543 1765 2616 οὐρανὸν,
1789 2542 1888 2611 τὴν

220 2648 309 2699 ὑπὸ
348 2646 433 2699 τὸν
465 2642 720 2716 οὐρανὸν,
752 2641 849 2695 καὶ
882 2639 1040 2711 χορὸν
1089 2638 1187 2690 ἕνα
1233 2637 1439 2705 στήσας
1490 2632 1549 2699 ἐξ
1597 2629 1885 2700 ἑκατέρας,

220 2736 299 2787 καὶ
323 2734 458 2787 οῦτω
480 2734 576 2786 τὸν
610 2729 833 2800 βασιλέα
871 2728 980 2781 τῶν
1009 2726 1145 2781 ὅλων
1186 2721 1738 2793 παρακελευσάμενος
1763 2718 1891 2770 ἀνυ-

224 2826 374 2892 μνείν,
403 2819 644 2891 οὐδαμοῦ
681 2818 772 2872 τὸν
805 2814 1126 2888 ἁμαρτωλὸν
1170 2812 1448 2875 ἐκάλεσεν,
1481 2810 1618 2864 ἀλλά
1661 2809 1757 2862 καὶ
1800 2811 1889 2862 ἐν⁹

222 2910 372 2964 ταῦθα
394 2908 545 2980 αὐτῷ
574 2908 674 2972 τὰς
704 2902 1215 2977 θύραςάπέκλεισε.

282 3080 421 3153 [ίόθ]
448 3082 511 3152 β’.
530 3079 646 3131 Καὶ
659 3078 747 3131 ἵνα
764 3075 1097 3145 σαφέστερον
1114 3072 1243 3143 ὑμῖν
1262 3070 1486 3140 γένηται
1502 3066 1889 3136 τὸλεγόμενον,

225 3152 363 3223 αὐτὸν
406 3172 534 3240 ὑμῖν
574 3165 782 3222 ἄνωθεν
824 3161 1207 3232 ἀναγνώσομαι
1252 3161 1342 3213 τὸν
1383 3156 1619 3228 ψαλμόν.
1665 3152 1893 3209 Αἰνεῖτε

225 3260 316 3313 τὸν
342 3258 567 3328 Κύριον
601 3256 671 3309 ἐκ
711 3253 832 3307 τῶν
870 3250 1165 3320 οὐρανῶν,
1224 3249 1409 3320 φησιν,
1458 3244 1676 3300 αἱνεῖτε
1706 3241 1895 3296 αὑτὸν

224 3347 280 3399 ἐν
303 3347 417 3413 τοῖς
439 3345 763 3415 ὑψίστοις·
794 3340 1012 3394 αἱνεῖτε
1055 3337 1263 3400 αὐτὸν,
1309 3335 1532 3400 πάντες
1565 3336 1619 3387 οὶ
1654 3331 1895 3401 ἄγγελοι

226 3434 389 3489 αὑτοῦ
408 3452 419 3464 ·
448 3432 675 3488 αίνεῖτε
703 3430 909 3494 αὐτόν,
942 3424 1132 3480 πᾶσαι
1163 3429 1220 3480 αἱ
1252 3418 1537 3492 δυνάμεις
1573 3419 1781 3473 αὑτοῦ.
1806 3413 1895 3470 Εἷ-

227 3522 300 3585 δες
344 3523 612 3592 ἀγγέλους
660 3518 963 3580 αἰνοῦντας,
1007 3511 1145 3577 εἶδες
1202 3512 1599 3585 ἀρχαγγέλους,
1642 3505 1784 3571 εἶδες
1826 3505 1897 3559 τὰ

227 3611 483 3682 Χερουϐὶμ
540 3609 640 3662 καὶ
693 3606 763 3659 τὰ
810 3603 1080 3677 Σεραφὶμ,
1132 3600 1232 3665 τάς
1279 3600 1556 3671 ἁνωτέρας
1602 3596 1894 3667 δυνάμεις;

230 3699 376 3751 Ὀταν
404 3698 513 3770 γὰρ
546 3697 699 3767 εἴπῃ,
729 3694 924 3749 Πᾶσαι
957 3694 1015 3745 αι
1048 3690 1334 3760 δυνάμεις
1366 3687 1578 3748 αὑτοῦ,
1604 3687 1782 3770 πάντα
1806 3683 1898 3736 τὸν

229 3784 324 3839 ἀνω
344 3769 761 3858 παραλαμϐάνει
781 3781 974 3852 δῆμον.
1007 3782 1098 3851 Μή
1126 3797 1228 3832 που
1252 3777 1345 3830 τὸν
1373 3774 1695 3847 ἁμαρτωλὸν
1722 3769 1859 3836 εἶδες
1881 3789 1895 3838 ;

231 3873 323 3926 Καὶ
348 3874 462 3938 πῶς
489 3868 563 3945 ἦν
593 3884 620 3912 ι
653 3871 710 3923 ἐν
737 3869 951 3941 οὐρανῷ
975 3868 1197 3922 δυνατὸν
1229 3865 1462 3935 ὀφθῆναι
1481 3885 1494 3934 ;
1515 3862 1681 3936 φησίν
1709 3877 1723 3891 ·
1755 3861 1899 3914 Οὐκ-

230 3960 309 4013 οῦν
344 3961 499 4032 δεῦρο
544 3959 643 4014 καὶ
693 3960 772 4023 είς
806 3958 906 4031 τὴν
952 3957 1054 4028 γῆν
1105 3973 1166 4009 σε
1216 3951 1643 4023 καταγάγωμεν,
1674 3948 1811 4019 πρὸς
1836 3947 1901 4001 τὸ

229 4049 396 4121 ἕτερον
431 4050 524 4105 τοῦ
581 4047 743 4120 χοροῦ
791 4045 1232 4118 μεταστήσαντες
1282 4041 1473 4113 μέρος·
1519 4040 1616 4093 καὶ
1653 4037 1772 4091 οὐδὲ
1814 4037 1902 4089 ἐν·

230 4138 386 4193 ταῦθα
416 4138 584 4195 αὐτὸν
616 4136 735 4205 ὕψει
770 4133 954 4188 πάλιν.
1001 4129 1230 4187 Αἰνεῖτε
1271 4129 1381 4183 τὸν
1421 4127 1644 4196 Κύριον
1680 4125 1751 4179 ἐκ
1789 4124 1903 4194 τῆς

232 4225 351 4295 τῆς,
387 4228 713 4297 δράκοντες
750 4223 848 4278 καί
903 4221 1092 4275 πᾶσαι
1130 4219 1422 4280 ἄϐυσσοι,
1467 4217 1540 4269 τὰ
1591 4215 1764 4282 θηρία
1802 4214 1903 4267 καὶ

234 4313 410 4368 πάντα
443 4316 518 4370 τὰ
550 4311 763 4378 κτήνη,
803 4312 1022 4380 ἑρπετὰ
1068 4308 1167 4360 καί
1226 4304 1468 4359 πετεινὰ
1513 4298 1797 4369 πτερωτά.
1827 4301 1902 4354 Οὐ

236 4457 332 4561 γὰρ
356 4457 623 4563 σύνεχύθη
651 4490 680 4530 δ
698 4457 801 4559 ’μόι
825 4457 932 4554 τῆς
957 4485 1198 4547 διανοίας
1222 4484 1251 4535 6
1272 4457 1563 4551 λογισμὸς,
1584 4457 1677 4532 καὶ
1707 4475 1905 4548 πικρὸν

236 4577 420 4646 ἐπῆλθε
458 4576 731 4649 δακρῦσαι
761 4576 856 4629 καὶ
897 4572 1131 4645 οἰμῶξαι
1172 4572 1333 4643 μέγα.
1367 4568 1431 4621 Τί
1465 4567 1576 4638 γὰρ
1613 4570 1675 4624 ἂν
1708 4565 1904 4633 γένοιτ·

237 4661 599 4737 ἐλεεινότερονς
626 4663 747 4716 εἰπέ
783 4679 907 4733 μοι·
950 4660 1209 4730 Σκορπίοι
1240 4658 1333 4711 καὶ
1378 4655 1523 4726 ἔχεις
1553 4655 1648 4706 καὶ
1678 4651 1909 4721 δράκον-

238 4765 316 4811 τες
346 4750 479 4820 πρὸς
509 4748 611 4820 τὴν
636 4748 915 4818 εὐφημίαν
960 4743 1253 4800 καλοῦνται
1298 4741 1393 4797 τοῦ
1421 4737 1782 4809 πεποιηκότος
1810 4738 1911 4791 αὐ-

238 4837 368 4902 τοὺς,
401 4839 560 4910 μόνος
588 4837 645 4890 δὲ
676 4838 705 4889 6
737 4835 1061 4907 ἁμαρτωλὸς
1096 4833 1195 4905 τῆς
1223 4833 1373 4904 ἱεράς
1410 4827 1616 4898 ταύτης
1644 4841 1910 4898 χοροστα-

240 4924 348 4989 σίας
378 4924 766 4981 ἀπολείπεται·
805 4925 901 4978 καὶ
929 4923 1175 4984 εἰκότως.

303 5013 495 5084 Θηρίον
533 5013 644 5085 γάρ
681 5016 799 5067 ἐστι
846 5009 1082 5083 πονηρὸν
1114 5010 1151 5080 ή
1190 5005 1437 5078 ἁμαρτία
1470 5005 1564 5059 καὶ
1609 5006 1909 5076 ἀνήμερον,

240 5099 329 5153 οὐκ
363 5103 442 5167 εἰς
470 5102 540 5157 τὰ
571 5101 827 5155 σύνδουλα
863 5099 973 5153 τῶν
1016 5097 1285 5169 σωμάτων
1330 5096 1430 5165 τὴν
1472 5093 1670 5148 κακίαν
1708 5093 1911 5147 ἐπιδει-

243 5187 512 5259 κνύμενον,
571 5188 685 5243 ἀλλ’
720 5190 800 5251 είς
841 5188 940 5258 τὴν
985 5185 1142 5252 δόξαν
1186 5185 1286 5254 τὴν
1322 5182 1648 5255 δεσποτικὴν
1684 5181 1775 5234 τὸν
1830 5181 1908 5233 ἰὸν

242 5273 333 5344 τῆς
378 5278 640 5350 πονηρίας
688 5275 897 5347 ἐκχέον.
943 5273 1024 5329 Δι’
1055 5272 1214 5344 ὑμᾶς
1240 5270 1370 5341 γὰρ,
1402 5271 1560 5341 φησὶ,
1608 5269 1675 5323 τὸ
1722 5268 1912 5338 ὄνομά

245 5378 348 5427 μου
378 5364 827 5434 βλασφημεῖται
872 5362 943 5416 ἐν
987 5362 1115 5426 τοῖς
1151 5359 1374 5413 ἔθνεσι.
1412 5357 1510 5410 Διά
1552 5357 1710 5410 τοῦτο
1748 5356 1912 5410 αὐτὸν

247 5445 421 5521 ὥσπερ
449 5449 510 5516 ἐξ
545 5454 696 5523 ἱερᾶς
742 5450 1019 5521 πατρίδος,
1061 5447 1163 5517 τῆς
1197 5445 1521 5516 οἰκουμένης
1562 5445 1842 5515 ἀπήλασεν
1884 5446 1913 5497 ό

254 5538 549 5609 προφήτης,
596 5539 691 5592 καὶ
739 5539 874 5610 πρὸς
916 5538 1018 5607 τὴν
1064 5532 1360 5606 ὑπερορίαν
1407 5529 1708 5601 ἀπῴκισεν,
1755 5531 1912 5584 οὑτω

250 5635 342 5677 που
382 5626 474 5680 καὶ
521 5628 549 5680 6
594 5626 855 5699 μουσικὸς
906 5624 1129 5696 ἄριστος
1169 5619 1510 5692 εὐαρμόστου
1543 5617 1774 5690 κιθάρας
1811 5618 1911 5691 τὴν

310 5816 334 5884 _-
355 5818 484 5884 (alb.
509 5822 650 5881 εἷδεςς
675 5822 778 5877 πῶς
797 5820 887 5884 γὰρ
908 5818 982 5884 ἢν·

309 5876 344 5950 δ’
358 5881 484 5950 (ξριι),
517 5869 738 5950 ἀλλᾶἠὶ
1032 5878 1143 5928 Mox
1166 5877 1296 5929 idem
1316 5874 1483 5939 πικρὸν
1505 5872 1727 5936 προῆλθε.
1751 5869 1908 5921 Paulo

254 5947 354 6000 μὲι
372 5941 496 5993 idem
518 5946 729 6010 τκόρπιοι
752 5945 835 6007 μὲν
854 5941 933 5991 καὶ
960 5941 1097 6005 ἔχεις.

1130 414 1383 483 SERMO,
1423 412 1566 469 CUM
1603 409 2014 466 PRESBYTER
2052 409 2213 465 FUIT
2253 406 2674 465 ORDINATUS.

3530 400 3645 456 036

1964 524 2283 597 ἁπηχοῦσαν
2327 522 2525 594 νευρὰν
2568 521 2885 592 ἀποτέμνει,
2930 520 3071 574 ὥστε
3102 520 3191 593 μή
3207 522 3286 591 τῇ,
3306 517 3412 571 τῶν
3439 516 3644 570 λοιπῶν

1964 613 2215 684 φθόγγων
2249 611 2485 685 ἁρμονίᾳ
2516 610 2888 682 λυμήνασθαι·
2926 608 3069 662 οὕτω
3106 608 3199 662 καὶ
3244 605 3424 678 ίατρδς
3470 621 3647 670 τεχνι-

1963 701 2057 764 κὸς
2099 700 2160 753 τὸ
2204 699 2439 773 σεσηπδς
2490 698 2747 752 ἐκκόπτει
2798 696 2981 768 μέλος,
3026 695 3168 750 ὥστε
3211 693 3285 766 μὴ
3311 693 3408 764 τήν
3438 692 3648 746 ἐκεῖθεν

1963 788 2141 860 λύμην
2184 790 2254 861 τῇ
2299 788 2407 841 τῶν
2437 786 2638 841 λοιπῶν
2681 785 2858 857 μελῶν
2892 783 3077 856 εὐεξία
3114 783 3464 855 ἐπιδραμεῖν·
3507 778 3649 832 οὕτω

1966 875 2061 929 καὶ
2111 876 2140 928 ὁ
2182 876 2466 946 προφήτης
2520 872 2773 944 ἐποίησεν
2830 871 3017 942 ῶσπερ
3066 868 3386 940 ἁπηχοῦσαν
3428 865 3648 937 νευρὰν.

1966 963 2062 1016 καὶ
2111 963 2300 1034 ὥσπερ
2342 962 2502 1035 μέλος
2533 962 2849 1033 νενοσηκὸς,
2894 961 2989 1016 τοῦ
3033 960 3232 1022 παντὸς
3273 956 3524 1027 σώματος
3555 955 3649 1022 τῆς

1968 1052 2199 1115 κτίσεως
2241 1051 2333 1104 τὸν
2378 1050 2700 1121 ἁμαρτωλὸν
2755 1048 3055 1118 ἀποκόψας.
3111 1045 3178 1101 Τί
3226 1046 3405 1099 τοίνυν
3451 1041 3517 1096 ἂν
3568 1040 3650 1107 είη

1972 1139 2244 1209 πρακτέον
2267 1140 2426 1210 ἡμῖν;
2470 1138 2656 1209 ἐπειδὴ
2682 1138 2791 1209 γὰρ
2816 1136 3097 1208 ἀπερρίφη
3107 1150 3225 1205 μεν,
3250 1129 3441 1201 ἐπειδὴ
3475 1127 3654 1193 ἐξεκόὲ

1973 1243 2050 1296 πη
2058 1243 2175 1297 μεν,
2189 1226 2399 1297 ἀνάγκη
2420 1226 2636 1288 πάντως
2655 1225 2832 1294 σιγᾷν.
2846 1224 3151 1293 Σιγήσομεν
3164 1214 3412 1282 οῦνςείπέ
3434 1232 3551 1285 μοι·
3565 1213 3657 1267 καὶ

1972 1313 2147 1377 οὐδεὶς
2161 1314 2195 1384 ή
2203 1314 2291 1382 μίν
2309 1313 2658 1384 συγχωρήσει
2683 1311 2773 1365 τὸν
2795 1309 3070 1378 Δεσπότην
3094 1307 3332 1378 ὑμνῆσαι
3354 1302 3447 1356 τὸν
3463 1300 3664 1372 ήμέτε-

1977 1419 2091 1473 ρον,
2109 1401 2225 1455 ἀλλ’
2246 1403 2369 1473 είκῆ
2391 1402 2489 1465 τὰς
2508 1401 2780 1472 ὑμετέρας
2802 1398 3142 1469 ἐκαλέσαμεν
3158 1392 3349 1465 εὑχάς;
3374 1391 3497 1460 είκῆ
3523 1386 3657 1457 πρδς

1975 1489 2075 1553 τὰς
2099 1489 2370 1561 ὑμετέρας
2394 1489 2776 1559 κατεφύγομεν
2807 1486 3135 1560 πρεσϐείας;
3160 1482 3276 1537 υὺκ
3300 1479 3443 1549 εἰκῆ,
3470 1480 3542 1547 μή
3569 1474 3658 1544 γέ-

1977 1593 2139 1631 νοιτο.
2180 1568 2352 1649 Εὗρον
2379 1577 2508 1648 γὰρ,
2538 1568 2697 1648 εὑρον
2736 1576 2829 1628 καὶ
2861 1574 3048 1645 ἕτερον
3087 1566 3392 1636 δοξολογίας
3437 1563 3658 1637 τρόπον.

1977 1663 2157 1719 αὐτῶν
2194 1664 2305 1717 τῶν
2332 1664 2614 1735 ὑμετέρων
2642 1663 2817 1733 εὐχῶν
2847 1660 3050 1733 μεταξὺ
3080 1671 3102 1698 ο
3134 1658 3234 1728 τῆς
3268 1653 3501 1722 ἀπορίας
3532 1650 3662 1706 ταύ-

1977 1769 2097 1823 της,
2135 1752 2322 1824 ὥσπερ
2360 1753 2416 1805 ἐν
2452 1752 2633 1805 σκότει
2682 1748 2953 1820 φανεισῶν
2997 1743 3328 1817 ἀστραπῶν·
3377 1738 3661 1792 ἐπαινέσοτ

1984 1856 2082 1910 μαι
2115 1840 2240 1903 τοὺς
2284 1839 2619 1901 συνδούλους.
2651 1839 2866 1906 Ἔξεστι
2892 1835 3002 1907 γάρ
3046 1835 3139 1886 καὶ
3178 1831 3303 1893 τοὺς
3341 1824 3660 1897 ὁμοδούλους

1983 1929 2225 1981 ἐπαινεῖν
2244 1944 2257 1958 ·
2294 1928 2498 1980 τούτων
2526 1926 2587 1980 δὲ
2622 1923 3046 1993 ἐπαινουμένων,
3083 1922 3163 1985 είς
3191 1917 3281 1972 τὸν
3321 1914 3600 1983 Δεσπότην
3629 1914 3662 1979 ὴ

1982 2015 2108 2080 δόξα
2137 2015 2451 2086 διαϐήσεται
2482 2014 2721 2078 πάντως.
2745 2014 2869 2066 Ὅτι
2890 2011 2946 2064 δέ
2975 2010 3067 2064 καὶ
3089 2006 3335 2062 ἐντεῦθεν
3364 2001 3672 2068 δοξάζεται.

1984 2106 2225 2158 δείκνυσι
2268 2103 2362 2157 καὶ
2411 2104 2573 2166 αὐτὸς
2614 2105 2642 2156 6
2680 2101 2912 2172 Χριστὸς
2962 2098 3164 2167 λέγων·
3213 2091 3513 2164 Λαμψὰτω
3539 2089 3564 2129 δ
3598 2088 3664 2141 τό

1984 2192 2111 2261 φῶς
2134 2192 2302 2262 ὑμῶν
2323 2190 2667 2261 ἔμπροσθεν
2690 2188 2809 2242 τῶν
2830 2187 3174 2256 ἀνθρώπων,
3207 2182 3366 2247 ὅπως
3397 2179 3567 2232 ἴδωσι
3595 2177 3667 2262 τὰ

1985 2260 2144 2333 καλὰ
2173 2260 2320 2348 ἔργα
2352 2260 2541 2347 ὑμῶν⁵
2587 2276 2686 2330 καὶ
2734 2272 3040 2339 δοξάσωσι
3085 2270 3196 2324 τὸν
3232 2264 3466 2334 Πατέρα
3503 2260 3671 2331 ὑμῶν

1984 2367 2092 2421 τὸν
2119 2367 2189 2421 ὲν
2216 2367 2341 2433 τοῖς
2365 2365 2664 2434 οὐρανοῖς.
2708 2362 2840 2416 Ἰδοὺ
2882 2360 3069 2415 λοιπὸν
3112 2358 3206 2413 καὶ
3242 2358 3428 2427 ἕτερος
3464 2351 3671 2417 δοξολο-

1986 2457 2112 2525 γίας
2141 2456 2373 2527 τρόπος,
2407 2455 2468 2507 ὃν
2512 2454 2607 2507 καὶ
2649 2449 2960 2525 ἁμαρτωλῷ
2987 2447 3209 2503 δυνατὸν
3242 2446 3440 2509 εἰπεῖν,
3470 2443 3565 2496 καὶ
3598 2439 3675 2511 μὴ

1987 2543 2303 2615 παραλῦσαι
2327 2544 2419 2597 τὸν
2444 2542 2631 2614 νόμον.

2059 2676 2127 2737 γ’.
2147 2668 2280 2720 Τίνα
2303 2664 2418 2730 οὖν,
2436 2666 2557 2720 τίνα
2572 2665 2681 2718 τῶν
2700 2662 2997 2719 συνδούλων
3020 2657 3415 2729 ἐπαινεσόμεθα
3433 2676 3447 2724 ;
3467 2656 3601 2709 Τίνα
3618 2654 3679 2707 δέ

1988 2757 2167 2820 ἄλλον,
2194 2756 2307 2810 ἁλλ’
2336 2756 2368 2827 ἢ
2396 2755 2487 2808 τὸν
2513 2754 2689 2809 κοινὸν
2727 2752 2827 2824 τῆς
2867 2751 3123 2821 πατρίδος
3151 2747 3491 2809 διδάσκαλον,
3524 2740 3675 2816 [MO]

1989 2846 2086 2899 καὶ
2110 2844 2198 2899 διὰ
2229 2844 2329 2913 τῆς
2363 2843 2619 2914 πατρίδος
2647 2843 2745 2913 τῆς
2778 2840 3104 2912 οἰκουμένης
3133 2837 3371 2908 ἀπάσης.
3406 2832 3683 2902 Καθάπερ

1990 2936 2099 3005 γὰρ
2126 2935 2270 3005 ὑμᾶς
2302 2927 2456 2997 οὗτος
2480 2931 2767 2985 ἐπαίδευσε
2794 2929 2956 3001 μέχρι
2994 2928 3225 2983 θανάτου
3249 2926 3392 2995 ὑπὲρ
3421 2924 3521 2993 τῆς
3554 2921 3680 2990 ἀλη-

1992 3021 2144 3084 θείας
2182 3019 2518 3093 ἐνίστασθαι⁹
2549 3017 2722 3081 οὑτως
2756 3016 2914 3087 ὑμεῖς
2956 3016 3083 3078 τοὺς
3124 3014 3317 3076 ἄλλους
3359 3006 3680 3080 ἀνθρώπους

1991 3109 2264 3174 ἐδιδάξατε
2282 3108 2381 3176 τῆς
2405 3106 2584 3177 ψυχῆς
2613 3104 2812 3175 μᾶλλον
2837 3103 2870 3174 ἢ
2892 3105 2991 3174 τῆς
3016 3101 3299 3165 εὐσεϐείας
3324 3095 3676 3166 ἀφίστασθαι.

1992 3196 2257 3250 Βούλεσθε
2293 3191 2387 3250 οὖν
2425 3193 2675 3248 ἐντεῦθεν
2709 3190 2856 3263 αὐτῷ
2884 3190 3165 3260 πλέξωμεν
3196 3188 3325 3250 τοὺς
3359 3186 3468 3240 τῶν
3502 3185 3679 3252 ἐγκω-

1998 3284 2134 3354 μίων
2184 3282 2517 3352 στεφάνους;
2554 3278 2888 3351 Ἐϐουλόμην
2929 3279 3023 3331 καὶ
3062 3275 3244 3339 αὐτὸς,
3292 3272 3405 3328 ἀλλ’
3438 3270 3550 3344 ὁρῶ
3590 3271 3687 3324 πέ-

1993 3372 2158 3440 λαγος
2197 3371 2395 3442 ἀχανὲς
2434 3366 2897 3440 κατορθωμάτων,
2935 3366 3027 3418 καὶ
3068 3364 3283 3417 δέδοικα
3315 3361 3389 3433 μὴ
3423 3359 3563 3431 πρὸς
3589 3357 3693 3411 τὺνρ

1998 3459 2248 3530 πυθμένα
2287 3456 2632 3527 κατενεχθεὶς
2678 3456 2706 3509 6
2747 3454 2903 3523 λόγος
2938 3452 3211 3522 ἀσθενήσῃ
3246 3449 3407 3504 πάλιν
3450 3446 3683 3516 ἀναδρα-

2000 3551 2140 3618 μεῖν.
2185 3546 2424 3616 Ἀνάγκη
2460 3543 2569 3615 γὰρ
2606 3541 2813 3596 παλαιὰ
2851 3538 3217 3612 διηγήσασθαι
3263 3534 3681 3608 κατορθώματα,

1997 3636 2328 3708 ἀποδημίας,
2361 3631 2690 3705 ἀγρυπνίας,
2723 3631 3032 3703 φροντίδας,
3061 3626 3307 3698 γνώμας,
3334 3625 3532 3696 μάχας,
3564 3623 3685 3695 τρό-

1999 3742 2136 3779 παια
2172 3722 2455 3796 τροπαίοις
2501 3721 2593 3774 καὶ
2641 3720 2797 3784 νίκας
2839 3719 3020 3780 νίκαις
3072 3716 3495 3786 συναπτομένας,
3538 3712 3683 3785 πρά-

1998 3830 2184 3886 γματα
2223 3813 2345 3883 οὐχὶ
2384 3811 2481 3881 τῆς
2525 3809 2801 3882 ἡμετέρας
2838 3808 3020 3879 μόνον,
3059 3804 3196 3859 ἀλλά
3242 3807 3337 3858 καὶ
3370 3802 3549 3871 πάσης
3591 3801 3686 3854 ἀν-

2001 3900 2279 3972 θρωπίνης
2307 3901 2529 3970 μείζονα
2559 3898 2827 3968 γλώττης,
2855 3895 3217 3964 ἀποστολικῆς
3242 3893 3472 3964 δεόμενα
3500 3888 3685 3960 φωνῆς

2001 3989 2273 4061 πνεύματι
2322 3987 2669 4059 κινουμένης,
2711 3981 2755 4055 ᾧ
2809 3987 2988 4041 πάντα
3023 3984 3117 4039 καὶ
3146 3984 3320 4036 εἰπεῖν
3350 3981 3445 4035 καὶ
3478 3977 3687 4044 διδάξαι

2001 4079 2242 4134 δυνατόν.
2288 4076 2450 4130 Ἀλλά
2508 4075 2668 4128 τοῦτο
2725 4073 3174 4146 παραδραμόντες
3227 4070 3289 4123 τὸ
3340 4068 3540 4141 μέρος,
3597 4067 3686 4135 ἐφ’

2002 4167 2187 4239 ἕτερον
2218 4164 2620 4234 ἀσφαλέστερον
2653 4161 2877 4233 ἥξομεν,
2911 4161 2940 4215 ὃ
2989 4163 3084 4214 καὶ
3118 4158 3330 4231 ἀκατίῳ
3365 4155 3688 4211 διαπλεῦσαι

2002 4254 2083 4308 ἔνι
2116 4253 2319 4325 μικρῷ.

2079 4376 2216 4447 Φέρε
2267 4370 2359 4428 οὑν
2411 4373 2537 4437 τοὺς
2580 4374 2712 4445 περὶ
2750 4358 3209 4443 τῆς-ἐγκρατείας
3245 4368 3557 4439 κινήσωμεν
3602 4366 3690 4420 λό-

2005 4480 2155 4532 γους,
2199 4463 2292 4515 καὶ
2320 4462 2565 4531 εἴπωμεν
2604 4459 2720 4523 πῶς
2760 4458 3030 4530 ἐκράτησε
3069 4456 3325 4528 γαστρὸς,
3367 4454 3483 4519 πῶς
3517 4455 3689 4526 ὑπερ-

2005 4553 2111 4606 εῖδε
2162 4550 2377 4623 τρυφῆς
2401 4589 2418 4615 ,
2475 4548 2594 4613 πῶς
2635 4547 2969 4615 κατεγέλασε
3013 4544 3292 4617 τραπέζης
3345 4542 3687 4607 πολυτελοῦς,

2007 4640 2101 4693 καὶ⁴
2150 4639 2323 4692 ταῦτα
2365 4639 2423 4690 ἐν
2472 4636 2686 4710 μεγάλῃ
2711 4646 2734 4675 θ
2772 4637 3001 4708 τραφεὶς
3050 4636 3219 4707 οἰκίᾳ.
3280 4634 3382 4686 Τὸν
3437 4631 3535 4703 μὲν
3583 4631 3691 4702 γὰρ

2008 4730 2067 4782 ἐν
2105 4727 2349 4799 πτωχείᾳ
2388 4726 2691 4797 βεϐιωκότα
2738 4725 3049 4796 θαυμαστὸν
3103 4725 3252 4779 οὐδὲν
3288 4723 3419 4795 πρὸς
3472 4721 3562 4774 τὸν
3596 4721 3693 4775 αὐ-

2008 4814 2235 4887 χμῶντα
2270 4813 2461 4869 τοῦτον
2498 4815 2591 4869 καὶ
2625 4813 2859 4885 σκληρδν
2894 4813 3008 4884 βίον
3054 4811 3260 4867 ἐλθεῖν·
3304 4811 3418 4882 ἔχει
3446 4807 3556 4879 γάρ
3592 4808 3692 4876 τὴν

2009 4903 2200 4959 πενίαν
2238 4902 2578 4974 συνέμπορον
2621 4903 2716 4956 καὶ
2758 4901 3161 4972 συνοδοιπόρον,
3186 4899 3247 4951 τὸ
3282 4898 3500 4969 φορτίον
3541 4894 3693 4965 αὐτῷ

2009 4995 2127 5045 κατ’
2152 4990 2390 5063 ἑκάστην
2433 4989 2891 5059 ὲπικουφίζουσαν
2924 4989 3022 5059 τὴν
3048 4987 3293 5061 ἡμέραν·
3319 4986 3347 5036 ὁ
3382 4984 3437 5038 δὲ
3463 4982 3692 5036 πλούτου

2010 5082 2300 5153 γενόμενος
2344 5080 2565 5153 κύριος,
2618 5080 2719 5133 οὐκ
2760 5079 2826 5133 ἂν
2873 5078 3076 5151 ῥαδίως,
3119 5075 3219 5137 τὰς
3272 5073 3481 5128 ἐκεῖθεν
3520 5071 3692 5136 λαϐὰς

2010 5170 2365 5224 ἀποδύσαιτο·
2400 5166 2657 5231 τοσοῦτος
2695 5166 2804 5221 τῶν
2841 5165 3162 5239 νοσημάτων
3194 5162 3360 5232 ἐσμὸς
3394 5159 3492 5232 τήν
3521 5160 3694 5214 τοιαύ-

2012 5275 2110 5329 την
2139 5257 2494 5330 περιίπταται
2524 5255 2720 5326 ψυχήν.
2746 5254 2838 5308 Διὸ
2863 5253 2952 5307 καὶ
2980 5250 3228 5322 καθάπερ
3251 5249 3410 5320 νέφος
3438 5249 3581 5319 παθη
3591 5249 3695 5319 μά-

2010 5363 2120 5401 των
2146 5345 2347 5400 πυκνὸν
2372 5345 2467 5398 κοιλ¹
2494 5342 2769 5415 γνοφῶδες
2803 5340 2823 5382 ί
2849 5341 2948 5404 τὰς
2976 5339 3075 5412 τῆς
3102 5338 3339 5402 διανοίας
3366 5337 3693 5412 διαφρὰττον

2073 5553 2261 5622 ομρριι).
2280 5552 2521 5622 ὑμετέρων
2538 5552 2731 5622 τρόπων
2746 5551 2941 5622 μεταξύ..
2966 5551 3090 5622 lpfra
3116 5550 3239 5606 haec,
3267 5549 3575 5622 ἐπαινεσομαι
3588 5546 3695 5622 τούξ

1962 5628 1973 5637 ’
2011 5608 2586 5674 συνδούλουςζόθεὶωιὶἠ
2612 5608 2870 5663 Colb.'nec
2892 5613 2953 5663 ab
2983 5612 3264 5673 interprete
3292 5611 3419 5659 lecta
3450 5614 3582 5666 sum,
3603 5608 3694 5656 scd

2011 5680 2262 5728 habentur
2286 5678 2336 5725 in
2361 5677 2514 5724 Savil.
2540 5683 2595 5726 et
2616 5675 2793 5724 Morel.

2074 5737 2103 5779 ἆ
2147 5738 2285 5806 Coll}.
2334 5737 2551 5806 ’πάντωςΓ
2609 5737 2805 5806 ’Ὠσπερ
2853 5736 2935 5806 οὑν
2981 5735 3074 5806 καὶ
3113 5734 3277 5806 αὐτόςΔ
3306 5749 3449 5806 φησι,
3474 5728 3692 5806 ,λαμψά-

2011 5820 2103 5861 τω,
2133 5808 2187 5850 ει
2218 5798 2292 5849 sic
2334 5800 2460 5861 legit.
2482 5800 2750 5860 interpres.
2775 5796 2930 5861 SaviL
2954 5803 3011 5861 ei
3030 5797 3203 5846 Morel.
3231 5801 3285 5843 ut
3307 5798 3357 5843 in
3383 5796 3542 5840 textu.

2075 5859 2098 5893 έ
2126 5864 2163 5911 Ε
2199 5859 2406 5917 Βονὶιίο,
2426 5873 2513 5922 pro
2533 5859 2661 5921 vulg.
2687 5860 2948 5909 πολυτελεῖ.
2974 5859 3111 5909 Εοιτ.

2080 5923 2103 5964 Ῡ
2126 5923 2264 5976 Colb.
2292 5913 2447 5985 ψυχὴν
2472 5921 2558 5971 καὶ
2577 5913 2714 5984 νέφος
2739 5922 3031 5985 παθημάτων
3055 5920 3173 5986 βαρὺ
3196 5920 3275 5967 καὶ
3294 5913 3517 5977 ζοφῶδες.
