3942 6382
305 434 405 490 697

298 550 469 621 ὂψεις,
509 551 610 605 οὐκ
646 551 840 623 ἀφίησι
891 551 1026 623 πρὸς
1075 549 1166 603 τὸν
1204 550 1427 620 οὐρανόν
1468 549 1614 613 ἰδεῖν,
1652 550 1788 603 ἀλλά
1829 550 1982 605 κάτω

292 638 474 693 νεύειν
504 640 769 712 βιάζεται,
815 641 910 694 καὶ
949 642 1085 712 προς
1127 640 1225 710 τὴν
1253 640 1356 709 γῆν
1404 639 1711 709 κεχηνέναι.
1745 640 1855 695 Καὶ
1883 643 1981 696 οὐκ

298 728 465 793 ἐστιν,
506 726 607 783 οὐκ
653 729 800 783 ἔστιν
833 728 986 783 οὐδὲν
1024 729 1210 798 ἕτερον
1252 727 1395 780 οὑτω
1437 727 1667 797 κώλυμα
1709 728 1846 800 πρὸς
1882 730 1982 800 τὴν

298 815 611 886 ἀποδημίαν
656 815 764 871 τῶν
807 817 1051 882 οὐρανῶν
1100 816 1177 879 ὡς
1221 815 1449 878 πλοῦτος
1489 815 1584 868 καὶ
1622 815 1691 868 τὰ
1733 815 1841 869 ἀπὸ
1884 815 1980 870 τοῦ

300 902 527 957 πλούτου
568 906 734 961 κακά.
769 906 884 958 Οὐκ
930 904 1059 974 ἐμὸς
1084 896 1237 966 οὗτος
1268 904 1296 956 ό
1326 903 1503 971 λόγος,
1540 904 1654 956 ἀλλ’
1686 904 1851 958 αὐτοῦ
1886 902 1980 958 τοῦ

297 990 536 1063 Χριστοῦ
566 992 742 1062 ψῆφός
781 994 926 1044 ἐστιν
954 990 1351 1061 ἐξενηνεγμένη
1399 990 1644 1054 εἰπόντος
1662 1007 1676 1021 ο
1706 991 1985 1058 Εὺχολώ-

295 1079 472 1146 τερόν
498 1094 523 1118 ι
551 1080 684 1134 ἐστι
717 1080 997 1148 κάμηλον
1024 1079 1122 1133 διὰ
1155 1077 1540 1147 τρυπήματος
1564 1078 1822 1147 ῥαφίδος
1854 1081 1981 1131 εἱσ-

295 1166 514 1225 ελθεῖν.
538 1168 578 1234 ἢ
608 1169 907 1221 πλούσιον
926 1168 1013 1232 είς
1040 1166 1157 1234 τὴν
1181 1166 1513 1231 ,ϐασιλείαν
1538 1164 1657 1218 τῶν
1682 1164 1973 1232 οὐρανῶν.

308 1253 446 1307 Ἀλλ’
482 1253 591 1311 ίδού
625 1253 687 1308 τὸ
732 1253 987 1307 δύσκολον
1015 1253 1195 1316 τοῦτο,
1229 1250 1431 1324 μᾶλλον
1475 1252 1531 1304 δὲ
1569 1252 1847 1314 ἀδύνατον,
1886 1253 2005 1320 γέ-.

292 1358 415 1410 γονε
440 1340 660 1394 δυνατόν
691 1356 707 1369 ⁸
729 1342 823 1395 καὶ
848 1342 876 1394 δ
900 1341 1065 1395 πάλαι
1099 1341 1304 1412 Πέτρος
1326 1340 1521 1410 ἠπόρει
1555 1339 1691 1411 πρὸς
1716 1336 1806 1392 τὸν
1832 1339 1976 1393 διδά-

294 1426 524 1490 σκαλον,
572 1427 669 1480 καὶ
704 1428 896 1497 μαθεῖν
936 1426 1138 1498 ἐζήτει,
1178 1427 1336 1481 τοῦτο
1383 1426 1471 1480 διὰ
1514 1426 1616 1495 τῆς
1658 1424 1852 1496 πείρας
1889 1424 1979 1478 αὑ-

291 1514 392 1584 τῆς
448 1514 693 1585 ἔγνωμεν
751 1514 1008 1578 ἅπαντες,
1068 1513 1269 1585 μᾶλλον
1310 1514 1367 1567 δὲ
1413 1513 1507 1567 καὶ
1544 1512 1738 1565 τούτου
1792 1511 1973 1567 πλέον.

292 1604 367 1656 Οὐ
408 1602 518 1674 γὰρ
566 1602 632 1674 δὴ
681 1603 840 1673 μόνον
880 1595 1035 1665 οὗτος
1077 1605 1157 1666 είς
1198 1602 1289 1656 τὸν
1331 1600 1563 1671 οὐρανὸν
1605 1600 1793 1671 ἀνέϐη,
1842 1598 1978 1654 ἀλλά

293 1690 387 1743 καὶ
445 1690 615 1760 δῆμον
662 1691 871 1759 είσάγει
919 1689 1194 1753 τοσοῦτον,
1254 1689 1392 1758 μετά
1445 1687 1538 1743 τοῦ
1587 1687 1819 1742 πλούτου
1884 1688 1979 1741 καὶ

291 1777 453 1848 ἕτερα
502 1778 692 1831 τούτου
743 1780 839 1848 οὐχ
892 1779 1092 1849 ἥττονα
1150 1777 1448 1847 κωλύματα
1502 1776 1681 1847 ἔχων,
1745 1776 1976 1844 νεότητα

290 1867 388 1918 καὶ
416 1865 679 1936 ὀρφανίαν
711 1866 907 1938 ἄωρον,
954 1864 990 1919 ἀ
1034 1867 1213 1921 πᾶσάν
1245 1865 1383 1917 εἰσιν
1432 1862 1736 1934 ἀνθρώπων
1778 1861 1976 1932 μᾶλλον

293 1953 453 2006 ικανά
506 1951 803 2024 γοητεῦσαι
853 1953 1069 2023 ψυχήνο
1119 1951 1372 2015 τοιαύτας
1435 1951 1654 2019 ἔχουσιν
1716 1949 1972 2019 ἐπῳδὰς,

290 2040 517 2094 τοιαῦτα
541 2041 1014 2105 κατασκευάζουσι
1040 2041 1330 2111 φάρμακα.
1374 2039 1518 2092 Ἀλλ’
1548 2040 1697 2109 ὅμως
1722 2038 1816 2091 καὶ
1848 2036 1974 2090 τού-

291 2144 400 2180 των
430 2119 585 2190 οὗτος
613 2128 887 2199 ἐκράτησε
908 2128 960 2191 b,
998 2131 1092 2181 καὶ
1124 2128 1232 2181 τῶν
1260 2127 1508 2198 οὐρανῶν
1540 2124 1858 2189 ἐπελάϐετο,
1880 2124 1977 2178 καὶ

292 2215 431 2287 προς
459 2216 558 2287 τὴν
609 2216 729 2271 ἐκεῖ
770 2216 1091 2287 φιλοσοφίαν
1131 2215 1430 2287 μετέθηκεν
1464 2215 1656 2269 ἑαυτὸν
1678 2256 1691 2279 ,
1723 2216 1819 2269 καὶ
1851 2214 1976 2268 οὐτε

292 2304 392 2375 τὴν
420 2304 787 2376 λαμπρότητα
820 2304 914 2356 τοῦ
962 2305 1228 2373 παρόντος
1268 2304 1517 2374 ἐνενόησε
1563 2302 1699 2371 βίου,
1736 2301 1861 2354 οὐτε
1897 2302 1977 2365 εἰς

291 2390 390 2462 τὴν
409 2391 519 2444 τῶν
550 2393 833 2463 προγόνων
867 2394 1224 2462 περιφάνειαν
1264 2386 1370 2443 εἶδε
1392 2407 1405 2419 ·
1447 2390 1647 2461 μᾶλλον
1675 2389 1731 2442 δὲ
1768 2389 1849 2452 είς
1878 2388 1976 2459 τὴν

292 2479 401 2532 τῶν
435 2480 716 2552 προγόνων
749 2476 856 2532 εἶδε
892 2479 1273 2550 περιφάνειαν,
1312 2480 1374 2532 οὐ
1412 2478 1521 2530 τῶν
1554 2478 1697 2531 κατὰ
1741 2478 1977 2548 φυσικὴν

292 2574 350 2627 δὲ
372 2574 618 2642 ἀνάγκην
653 2573 1055 2642 συνδεδεμένων
1084 2571 1254 2642 αὐτῷ,
1287 2568 1424 2624 ἀλλά
1464 2568 1573 2622 τῶν
1611 2568 1750 2622 κατὰ
1784 2567 1978 2638 προαί-

295 2679 447 2732 ρεσιν
473 2660 755 2725 εὐσεϐείας
785 2660 935 2731 αὐτῷ
974 2660 1386 2731 προσηκόντων.
1422 2657 1575 2730 [Ml]
1615 2658 1705 2710 Διὸ
1736 2657 1832 2710 καὶ
1864 2672 1975 2709 τοι-

292 2748 449 2813 οῦτος
472 2749 710 2818 ἐγένετο.
741 2744 895 2801 Εἶδεν
921 2750 1002 2811 είς
1030 2749 1122 2801 τὸν
1160 2749 1505 2818 πατριάρχην
1539 2744 1810 2816 Ἀϐραάμ.
1837 2740 1977 2796 εἶδεν

293 2840 376 2902 είς
401 2838 495 2891 τὸν
533 2837 708 2909 μέγαν
749 2838 1014 2908 Μωῦσῆν,
1058 2836 1117 2900 ὃς
1149 2837 1207 2889 ἐν
1240 2835 1388 2906 οἰκίᾳ
1434 2836 1666 2906 τραφεὶς
1700 2831 1974 2903 βασιλικῇ,

294 2926 390 2986 καὶ
418 2924 702 2997 τραπέζης
735 2922 1022 2995 μετασχὼν
1046 2922 1436 2994 Συϐαριτικῆς,
1464 2925 1560 2975 καὶ
1583 2918 1786 2991 μεταξὺ
1813 2918 1977 2989 θορύ-

293 3014 405 3068 ϐων
426 3012 763 3082 ἀποληφθεὶς
792 3012 1181 3080 Αἰγυπτιακῶν
1207 3010 1353 3081 (ίστε
1378 3011 1433 3063 δὲ
1458 2998 1548 3063 οἷα
1571 3007 1637 3062 τά
1662 3005 1974 3079 βαρϐάρων,

293 3105 418 3156 ὅσου
472 3102 645 3172 τύφου
698 3102 792 3154 καὶ
836 3100 1140 3170 φαντασίας
1189 3099 1423 3168 γέμει),
1460 3097 1639 3149 πάντα
1701 3095 1977 3165 ἀτιμάσας

294 3193 497 3255 ἐκεῖνα,
517 3191 653 3262 πρὸς
674 3191 766 3243 τὸν
791 3189 960 3260 πηλὸν
986 3188 1081 3243 καὶ
1104 3188 1204 3260 τὴν
1227 3187 1507 3241 πλινθείαν
1532 3185 1973 3256 ἀπηυτομόλησε,

293 3280 403 3335 τῶν
431 3281 635 3333 δούλων
667 3280 760 3333 καὶ
782 3276 1146 3349 αίχμαλώτων
1176 3273 1318 3329 εἶναι
1360 3276 1731 3346 ἐπιθυμήσας.
1760 3276 1789 3326 ὁ
1824 3272 1978 3344 βασι-

294 3369 419 3433 λεὺς
441 3369 537 3424 καὶ
564 3369 660 3422 τοῦ
706 3367 970 3438 βασιλέως
1002 3366 1137 3428 υίός.
1168 3364 1461 3435 Τοιγάρτοι
1499 3362 1590 3416 διὰ
1632 3362 1790 3415 τοῦτο
1838 3361 1977 3432 μετά

296 3455 680 3528 λαμπροτέρου
720 3453 882 3507 πάλιν
908 3453 1135 3523 ἐπανῄει
1164 3451 1260 3505 τοῦ
1308 3453 1609 3523 σχήματος,
1639 3450 1673 3521 ἢ
1711 3449 1977 3520 πρότερον

297 3542 439 3613 ἔχων
479 3541 745 3595 ἀπέϐαλε.
773 3540 930 3594 Μετά
955 3539 1065 3610 γάρ
1109 3540 1209 3609 τὴν
1244 3539 1424 3609 φυγὴν
1451 3538 1545 3591 καὶ
1583 3538 1682 3606 τὴν
1716 3536 1869 3607 παρά
1897 3534 1976 3605 τῷ

298 3632 530 3702 κηδεστῇ
565 3630 809 3701 θητείαν,
849 3629 945 3682 καὶ
980 3628 1081 3700 τὴν
1109 3628 1205 3681 ἐπὶ
1236 3628 1335 3698 τῆς
1378 3626 1667 3697 ἀλλοτρίας
1695 3625 1974 3678 ταλαιπω-

298 3719 444 3788 ρίαν,
476 3717 707 3788 ἐπανῄει
740 3715 835 3769 τοῦ
868 3715 1133 3786 βασιλέως
1161 3714 1490 3785 ἡγούμενος,
1534 3712 1735 3784 μᾶλλον
1772 3712 1830 3765 δὲ
1878 3712 1974 3764 τοῦ

300 3806 566 3876 βασιλέως
596 3805 887 3876 γενόμενος
917 3803 1038 3867 θεός
1058 3820 1071 3833 ’
1115 3804 1351 3858 Τέθεικά
1382 3803 1493 3873 γάρ
1522 3818 1617 3867 σε,
1647 3802 1804 3871 φησὶ,
1835 3802 1977 3855 θεὸν

298 3893 528 3963 Φαραώ.
561 3894 672 3945 Καὶ
697 3892 1077 3963 λαμπρότερος
1102 3888 1171 3963 ἦν
1194 3890 1289 3944 τοῦ
1326 3890 1613 3962 βασιλέως,
1646 3890 1708 3941 οὐ
1738 3888 1975 3957 διάδημα

296 3983 458 4055 ἔχων,
481 3981 604 4035 οὐδὲ
632 3979 929 4052 ἁλουργίδα
956 3979 1359 4050 περικείμενος,
1377 3978 1499 4032 οὐδὲ
1521 3977 1713 4045 ζεῦγος
1735 3975 1975 4029 ἐλαύνων

295 4070 552 4145 χρυσοῦν,
581 4068 719 4125 ἀλλά
748 4070 928 4124 πάντα
961 4071 1169 4123 ἐκεῖνον
1193 4070 1445 4139 πατήσας
1470 4068 1561 4122 τὸν
1586 4064 1776 4135 τῦφον.
1801 4063 1976 4119 Πᾶσα

293 4161 435 4231 γάρ,
487 4158 690 4231 φησὶν,
751 4157 790 4226 ’ἡ
843 4156 995 4222 δόξα
1033 4153 1142 4224 τῆς
1176 4155 1467 4226 θυγατρὸς
1517 4153 1627 4208 τοῦ
1667 4151 1976 4218 βασιλέως

294 4247 544 4301 ἔσωθεν.
604 4243 864 4316 Ἐπανῄει
907 4244 1086 4297 τοίνυν
1142 4242 1421 4314 σκῆπτρον
1465 4240 1604 4312 ἔχων
1627 4282 1641 4307 ,
1694 4240 1761 4293 δι’
1808 4237 1837 4291 ὃ
1874 4238 1975 4291 οὐκ

293 4333 606 4405 ἀνθρώποις
647 4332 868 4385 ἐκέλευε
905 4331 1087 4402 μόνον,
1120 4329 1234 4383 ἀλλ’
1270 4329 1487 4402 οὐρανῷ
1518 4329 1612 4383 καὶ
1644 4330 1715 4399 γῇ
1749 4327 1843 4380 καὶ
1874 4324 1972 4379 θα-

292 4416 484 4489 λάττῃ,
512 4417 607 4470 καὶ
656 4416 836 4487 ἀέρων
875 4416 971 4469 καὶ
1004 4414 1212 4468 ὑδάτων
1258 4413 1443 4482 φύσει,
1490 4414 1583 4465 καὶ
1627 4412 1847 4482 λίμναις
1880 4410 1974 4463 καὶ

294 4504 500 4573 πηγαῖς
530 4505 625 4557 καὶ
655 4505 941 4572 ποταμοῖς.
970 4501 1159 4557 Πάντα
1179 4501 1311 4570 γάρ,
1337 4501 1436 4555 ὅσα
1470 4499 1723 4553 ἐϐούλετο
1748 4502 1776 4552 ὁ
1804 4500 1971 4553 Μωῦ-

297 4591 418 4661 σῆς,
447 4591 624 4643 ταῦτα
663 4589 875 4658 ἐγίνετο
909 4591 980 4642 τά
1022 4590 1296 4658 στοιχεῖα·
1345 4588 1441 4641 καὶ
1464 4588 1524 4639 ἐν
1559 4588 1680 4649 ταῖς
1725 4585 1882 4656 χερσί⁵
1916 4586 1973 4639 δὲ

294 4677 459 4733 αὐτοῦ
496 4676 999 4748 μετεσχηματίζετο
1033 4676 1196 4729 πάλιν
1235 4676 1268 4747 ἡ
1320 4675 1493 4737 κτίσις
1518 4713 1532 4735 ,
1580 4675 1677 4727 καὶ
1720 4674 1972 4746 καθάπερ

295 4764 602 4834 θεράπαινά
631 4782 718 4829 τις
749 4763 1071 4835 εὐγνώμων,
1100 4763 1364 4816 δεσπότου
1398 4761 1551 4831 φίλον
1580 4760 1768 4815 ἰδοῦσα
1793 4779 1972 4833 παρα-

296 4858 606 4925 γενόμενον,
642 4853 821 4907 πάντα
849 4850 1099 4904 ἐπείθετο
1133 4851 1229 4903 καὶ
1263 4850 1506 4920 ὑπήκουε
1540 4847 1793 4920 καθάπερ
1823 4846 1971 4919 αὐτῷ

292 4938 372 5010 τῷ
413 4940 679 5014 Δεσπότῃ.
730 4940 875 5011 Πρὸς
906 4936 1097 4991 τοῦτον
1142 4938 1238 4990 καὶ
1285 4930 1437 4999 οὗτος
1481 4932 1604 4986 ἰδὼν
1640 4944 1686 4998 ο,
1733 4934 1971 4997 τοιοῦτος

292 5024 522 5095 ἐγίνετο,
552 5027 646 5080 καὶ
676 5026 851 5080 ταῦτα
876 5025 993 5088 νέος
1015 5023 1112 5089 ὢν,
1142 5025 1192 5076 εἰ
1222 5024 1423 5093 δήποτε
1449 5021 1543 5075 καὶ
1569 5020 1785 5090 ἐγένετο
1813 5021 1934 5085 νέος
1951 5038 1967 5053 ο

292 5114 353 5168 οὐ
388 5113 499 5186 γάρ
530 5114 707 5183 ἐγωγε
760 5112 1055 5184 πείθομαι·
1102 5111 1276 5175 οὑτως
1326 5099 1386 5176 ἐξ
1436 5108 1618 5163 αὐτῶν
1666 5108 1817 5181 αὐτῷ
1859 5107 1971 5162 τῶν

293 5201 624 5274 σπαργάνων
653 5203 835 5257 πολιὸν
869 5201 1125 5273 φρόνημα
1145 5196 1235 5273 ἦν.
1270 5199 1429 5252 Ἀλλὰ
1458 5198 1551 5251 καὶ
1578 5197 1719 5252 κατά
1750 5198 1843 5252 τὸν
1867 5198 1970 5268 τῆς

291 5287 507 5360 ἡλικίας
533 5287 690 5357 λόγον
712 5290 831 5352 νέος
854 5288 950 5355 ὣν,
981 5288 1161 5359 πάσης
1184 5287 1502 5358 φιλοσοφίας
1526 5285 1840 5349 ἐπελάϐετο,
1874 5286 1970 5338 καὶ

291 5374 629 5447 καταμαθὼν
648 5375 745 5447 τὴν
767 5375 929 5445 φύσιν
950 5375 1049 5447 τὴν
1079 5376 1353 5447 ἡμετέραν
1381 5375 1463 5428 ὅτι
1492 5373 1745 5443 καθάπερ
1768 5372 1968 5442 χωρίον

289 5462 441 5515 ἐστὶν
460 5462 781 5534 ὑλομανοῦν,
796 5463 865 5517 τὰ
884 5464 983 5533 μὲν
998 5465 1278 5534 νοσήματα
1292 5464 1390 5533 τῆς
1406 5461 1585 5532 ψυχῆς
1609 5459 1689 5531 τῷ
1702 5459 1847 5531 λόγῳ
1868 5461 1967 5529 τῆς

291 5549 592 5615 εὐσεϐείας,
612 5550 866 5623 καθάπερ
882 5551 1122 5623 δρεπάνῃ
1144 5551 1272 5617 τινὶ,
1290 5549 1485 5622 ῥᾳδίως
1504 5549 1786 5615 ἐξέκοπτε,
1802 5547 1968 5601 καθα-

352 5785 380 5848 _a
403 5784 539 5848 Colb.
552 5785 655 5835 ἀλλ’
681 5786 729 5842 ἐξ
749 5787 905 5834 αὐτῶν
924 5789 956 5848 ἡ
980 5789 1134 5848 ψῆφος
1147 5785 1485 5848 καταϐέϐηκεν·
1501 5783 1844 5846 Εὐκοπώτερον
1853 5781 1961 5843 γάρ.

350 5842 382 5910 1}
569 5849 690 5895 ἀλλά
710 5848 890 5896 τούτων
904 5842 1232 5910 ,οὗτος

350 5908 379 5942 ο
401 5907 537 5960 0011).
561 5910 790 5973 δεσπότῃ,
831 5909 947 5972 πρὸς
968 5909 1021 5956 ὃν
1044 5903 1181 5963 οὗτος
1202 5908 1334 5968 ἰδών,
1357 5909 1412 5957 ει
1430 5906 1498 5958 sic
1523 5907 1648 5968 legit
1688 5903 1954 5966 interpres.

1087 434 1145 491 S.
1187 434 1475 490 JOANNIS
1511 432 2006 492 CIIRYSOSTOMI
2048 436 2364 493 ARCHIEP.
2405 434 2953 495 CONSTANTINOP.

3622 441 3714 500 098

2085 549 2183 624 ράς
2204 551 2457 623 παρέχων
2472 552 2550 623 τῷ
2565 552 2794 623 γεωργῷ
2817 553 2917 616 τὰς
2933 550 3172 624 ἀρούρας
3192 552 3323 625 πρός
3345 556 3439 627 τὴν
3460 555 3560 614 τῶν
3575 576 3714 631 σπερι

2086 639 2272 711 μάτων
2303 639 2629 711 καταϐολὴν,
2655 640 2750 693 καλ⁵
2775 640 3062 711 δεχόμενος
3088 641 3321 707 ἅπαντα,
3340 643 3469 715 πρὸς
3492 645 3551 699 τὺ
3574 645 3718 717 βάθος

2084 728 2481 799 παρέπεμπεν·
2513 727 2655 781 ὥστε
2696 727 2941 781 κάτωθεν
2981 727 3280 799 ριζωθέντα
3314 731 3448 802 μήτε
3484 733 3613 804 πρὸς
3633 735 3719 806 τὴν

2080 815 2180 885 τῆς
2210 816 2426 879 ἀκτῖνος
2451 815 2690 869 ἐνδοῦναι
2715 815 3039 886 προσϐολὴν,
3072 818 3207 887 μήτε
3235 817 3340 871 ὑπὸ
3363 818 3470 872 τῶν
3492 820 3721 879 ἀκανθῶν

2081 901 2450 973 ἀποπνιγῆναι
2501 902 2684 957 πάλιν.
2733 901 2894 956 Ἀλλά
2923 903 3022 973 τὴν
3058 906 3157 973 μὲν
3196 904 3372 975 ψυχὴν
3421 906 3721 977 ἐθεράπευεν

2079 989 2259 1043 οὕτω·
2298 989 2369 1043 τὰ
2397 991 2455 1045 δὲ
2500 992 2601 1062 τῆς
2644 991 2844 1063 σαρκὸς
2878 993 3224 1063 σκιρτήματα
3262 994 3373 1057 τοῖς
3416 995 3511 1063 τῆς
3538 996 3721 1067 ἐγκρα-

2078 1078 2232 1141 τείας
2253 1078 2566 1151 φαρμάκοις
2587 1078 2962 1143 κατέστελλεν,
2980 1078 3170 1150 ὥσπερ
3197 1080 3347 1150 ἵππῳ
3367 1082 3470 1135 τινὶ
3489 1082 3719 1154 δυσηνίῳ,

2080 1165 2157 1237 τῷ
2191 1166 2408 1237 σώματι
2452 1164 2545 1220 τὸν
2590 1166 2702 1220 ἀπὺ
2746 1166 2846 1237 τῆς
2890 1166 3143 1237 νηστείας
3191 1166 3402 1238 χαλινὸν
3444 1169 3721 1239 ἐμϐάλλων,

2081 1256 2174 1308 καὶ
2213 1256 2376 1328 μέχρι
2421 1254 2682 1308 τοσούτου
2728 1256 2920 1308 τείνων
2950 1254 3157 1319 ὀπίσω,
3192 1255 3268 1318 ὡς
3313 1256 3449 1310 αὐτά
3476 1256 3578 1309 τῶν
3614 1257 3722 1310 ἐπι-

2080 1340 2291 1413 θυμιῶν
2311 1344 2542 1415 αἱμάξαι
2567 1345 2636 1398 τά
2666 1344 2911 1415 στόματα
2942 1343 3080 1414 μετά
3100 1343 3200 1414 τῆς
3230 1344 3598 1415 προσηκούσης
3625 1361 3717 1414 φει-

2078 1431 2225 1495 δοῦς.
2263 1432 2403 1487 Οὐτε
2431 1432 2540 1505 γάρ
2568 1433 2847 1488 κατέτεινε
2884 1432 2947 1486 τὸ
2976 1433 3158 1502 σῶμα,
3202 1431 3344 1485 ὥστε
3379 1432 3454 1503 μὴ
3488 1431 3724 1502 συμποδι-

2080 1517 2277 1572 σθέντα
2319 1522 2414 1573 τὸν
2457 1521 2622 1574 ἵππον
2668 1518 2940 1591 ἄχρηστον
2983 1517 3133 1589 αὑτῷ
3173 1517 3424 1587 γενέσθαι
3470 1518 3599 1589 πρὸς
3638 1518 3723 1588 τὴν

2077 1605 2383 1671 διακονίαν,
2418 1607 2544 1661 οὐτε
2577 1609 2654 1671 είς
2699 1608 2799 1678 τὴν
2838 1608 2979 1675 ἄγαν
3022 1606 3234 1674 εὐεξίαν
3282 1608 3534 1677 ἐμπεσεῖν
3569 1607 3722 1676 ἠφίει,

2083 1697 2291 1765 μήποτε
2329 1695 2756 1768 πολυσαρκήσας
2808 1695 3001 1761 πάλιν,
3048 1695 3418 1767 κατεξαναστῇ
3468 1694 3557 1749 τοῦ
3600 1696 3725 1767 ἡνιοο

2080 1779 2302 1850 χοῦντος
2338 1780 2500 1835 αὐτὸν
2540 1780 2822 1852 λογισμοῦ,
2847 1781 2962 1835 ἀλλ’
2987 1780 3123 1851 ὁμοῦ
3161 1782 3256 1835 καὶ
3292 1782 3389 1852 τῆς
3420 1782 3616 1850 ὑγιείας
3638 1780 3723 1834 αὑ-

2078 1868 2172 1921 τοῦ
2203 1871 2299 1922 καὶ
2326 1871 2425 1940 τῆς
2454 1869 2706 1935 εὐταξίας
2738 1870 3074 1941 ἐπεμελεῖτο.
3104 1870 3214 1923 Καὶ
3255 1870 3376 1940 οὐχὶ
3405 1870 3519 1932 νέος
3545 1870 3635 1938 μὲν
3659 1868 3723 1921 ὣν

2076 1957 2320 2022 τοιοῦτος
2355 1953 2446 2029 ἦν,
2480 1958 2670 2030 ἐπειδὴ
2706 1957 2764 2011 δέ
2814 1957 3063 2029 παρῆλθε
3106 1956 3205 2029 τὴν
3256 1957 3468 2029 ἡλικίαν
3510 1957 3722 2026 ἐκείνην.

2078 2043 2174 2096 καὶ
2210 2043 2308 2114 τὴν
2335 2045 2589 2115 πρόνοιαν
2618 2044 2823 2115 ταύτην
2865 2044 3073 2106 ἔλυσεν,
3105 2044 3245 2098 ἀλλά
3279 2045 3373 2099 καὶ
3411 2044 3523 2110 νῦν,
3545 2045 3627 2098 ὅτε
3659 2042 3724 2105 ὡς

2078 2131 2135 2184 ἐν
2169 2130 2328 2201 εὐδίῳ
2357 2130 2536 2202 λιμένι
2586 2130 2667 2202 τῷ
2711 2133 2860 2204 γήρᾳ
2905 2132 3171 2204 κάθηται,
3215 2133 3319 2203 τῆς
3361 2133 3526 2202 αὐτῆς
3564 2130 3723 2202 ἔχεται

2078 2218 2396 2287 ἐπιμελείας
2422 2217 2574 2291 [ΗΞ]
2606 2220 2789 2273 πάλιν.
2828 2220 2892 2273 Ἡ
2940 2221 3038 2291 μὲν
3074 2220 3185 2292 γὰρ
3227 2220 3439 2291 νεότης,
3482 2218 3722 2288 ἀγαπητέ,

2080 2303 2308 2372 πελάγει
2354 2306 2643 2377 προσέοικε
2689 2299 3044 2379 μαινομένῳ,
3098 2309 3363 2379 κυμάτων
3396 2309 3595 2380 ἀγρίων
3642 2308 3725 2361 καὶ

2080 2392 2406 2462 πνευμάτων
2453 2394 2677 2463 γέμοντι
2728 2396 3013 2466 πονηρῶνο
3069 2398 3102 2468 ἡ
3152 2397 3210 2449 δὲ
3243 2397 3407 2450 πολιὰ
3448 2396 3625 2465 ὥσπερ
3657 2396 3725 2457 εις

2078 2477 2276 2549 λιμένα
2302 2480 2617 2551 ἀκύμαντον
2647 2482 2748 2545 τὰς
2773 2482 2883 2535 τῶν
2908 2485 3297 2554 γεγηρακότων
3316 2484 3525 2556 όρμίζει
3549 2481 3721 2552 ψυχὰς,

2079 2567 2396 2636 παρέχουσα
2446 2571 2511 2639 τῇ
2554 2570 2707 2640 παρά
2755 2571 2854 2641 τῆς
2902 2571 3119 2641 ἡλικίας
3152 2573 3425 2643 ἐντρυφᾷν
3463 2570 3721 2641 ἀσφαλείᾳ.

2079 2654 2298 2725 Ταύτης
2325 2658 2418 2708 καὶ
2456 2651 2612 2719 οὐτος
2645 2658 2936 2711 ἀπολαύων
2973 2658 3091 2721 νῦν,
3123 2659 3220 2713 καὶ
3246 2660 3307 2712 ἐν
3335 2659 3413 2731 τῷ
3440 2659 3626 2728 λιμένι,
3659 2657 3723 2718 ὡς

2079 2742 2251 2812 ἔφθην
2295 2741 2467 2796 εἰπὼν
2489 2782 2503 2807 ,
2560 2743 2905 2815 καθήμενος,
2955 2744 3065 2798 τῶν
3099 2747 3158 2799 ἐν
3194 2746 3349 2817 μέσῳ
3392 2746 3607 2814 πελάγει
3643 2760 3723 2796 σά-

2076 2828 2343 2884 λευόντων
2364 2832 2461 2902 οὐχ
2484 2828 2650 2902 ἧττόν
2681 2836 2829 2885 ἐστιν
2851 2834 3139 2902 ἐναγώνιος
3160 2851 3173 2864 ·
3209 2836 3306 2887 καὶ
3328 2834 3511 2888 τοῦτον
3536 2832 3725 2899 ἐδέξατο

2078 2918 2229 2989 παρά
2266 2918 2360 2972 τοῦ
2390 2920 2604 2974 Παύλου
2637 2921 2729 2974 τὸν
2759 2922 2943 2990 φόϐον,
2984 2922 3043 2984 ὂς
3074 2923 3254 2976 καίτοι
3294 2925 3377 2986 είς
3418 2923 3506 2976 τὸν
3527 2920 3724 2991 οὐρανὸν

2078 3007 2307 3072 ἀναϐάς,
2341 3011 2436 3062 καὶ
2463 3008 2556 3061 τὸν
2588 3008 2705 3078 μετ’
2732 3010 2940 3061 ἐκεῖνον
2965 3009 3302 3080 διαδραμὼν,
3328 3013 3423 3065 καὶ
3448 3009 3540 3064 τοῦ
3565 3008 3723 3078 τρίτου

2078 3095 2242 3149 πάλιν
2272 3097 2572 3167 ἁψάμενος,
2597 3097 2751 3167 έλεγε
2778 3117 2791 3128 ·
2823 3098 3121 3168 Φοϐοῦμαι
3137 3099 3381 3168 μήπως,
3409 3099 3607 3164 ἄλλοις
3634 3113 3724 3163 κη·

2068 3183 2289 3251 ρῠξας.
2324 3185 2510 3251 αὐτὸς
2539 3185 2823 3255 ἀδόκιμος
2854 3186 3129 3256 γένωμαι.
3163 3186 3269 3241 Διά
3299 3187 3456 3241 τοῦτο
3480 3187 3567 3240 καὶ
3594 3179 3726 3246 οὗτος

2077 3273 2135 3324 ἐν
2170 3272 2411 3344 διηνεκεῖ
2445 3273 2782 3342 κατέστησεν
2820 3275 3014 3328 ἐαυτὸν
3045 3275 3227 3345 φόϐῳ,
3274 3276 3361 3329 ἴνα
3402 3274 3650 3344 διηνεκῶς
3678 3273 3727 3324 ὲν

2078 3359 2153 3430 τῷ
2186 3360 2410 3432 θαρρεῖν
2452 3358 2507 3435 ᾗ,
2541 3368 2637 3415 καὶ
2671 3364 2908 3431 κάθηται
2937 3365 3028 3415 ἐπὶ
3062 3364 3169 3416 τῶν
3196 3364 3421 3424 οἰάκων,
3453 3364 3548 3417 οὐκ
3587 3359 3727 3415 ἀστέ-

2081 3465 2189 3517 ρων
2212 3448 2238 3488 ἀ
2267 3449 2522 3513 ἐπιτολάς
2553 3450 2909 3522 παρατηρῶν,
2937 3451 3057 3504 οὐδὲ
3078 3451 3322 3521 ὑφάλους
3351 3452 3444 3505 καὶ
3470 3449 3725 3511 σπιλάδας,

2076 3534 2212 3587 ἀλλὰ
2240 3535 2511 3604 δαιμόνων
2540 3537 2961 3603 ἐπαναστάσεις,
2993 3541 3089 3591 καλ⁵
3116 3539 3367 3593 διαϐόλου
3399 3537 3726 3609 κακουργίας,

2078 3623 2171 3673 καὶ
2192 3622 2471 3692 λογισμῶν
2507 3626 2707 3694 μάχας,
2737 3626 2830 3678 καὶ
2858 3625 3044 3697 κύκλῳ
3080 3624 3172 3680 τοῦ
3205 3626 3570 3698 στρατοπέδου
3595 3638 3728 3693 περι-

2079 3710 2194 3774 ιὼν,
2218 3709 2461 3775 ἅπαντας
2493 3714 2551 3765 ἐν
2576 3714 2849 3786 ἀσφαλείᾳ
2878 3715 3220 3787 καθίστησιν.
3262 3717 3339 3770 Οὐ
3368 3715 3475 3787 γάρ
3505 3716 3642 3773 ὅπως
3664 3708 3727 3778 μὴ

2079 3798 2401 3869 βαπτισθείη
2430 3800 2492 3853 τὸ
2518 3803 2723 3870 σκάφος
2744 3805 2938 3855 σκοπεῖ
2968 3804 3148 3874 μόνον,
3170 3804 3290 3857 ἀλλ’
3318 3806 3466 3867 ὅπως
3489 3802 3613 3873 μηδὲ
3634 3797 3726 3851 τῶν

2076 3884 2420 3953 ἐμπλεόντων
2462 3904 2544 3949 τις
2572 3889 2855 3961 πειραθείη
2897 3889 3128 3961 θορύϐου
3157 3891 3333 3955 τινὸς,
3364 3892 3573 3943 ἅπαντα
3603 3901 3727 3956 πρα-

2075 3971 2428 4041 γματεύεται.
2460 3976 2558 4027 Διὰ
2580 3976 2768 4030 τοῦτον
2792 3979 2886 4031 καὶ
2923 3978 3024 4050 τὴν
3053 3978 3246 4032 τούτου
3277 3980 3469 4047 σοφίαν
3501 3978 3649 4048 ἡμεῖς
3676 3969 3726 4035 ἐξ

2074 4059 2264 4130 οὐρίας
2305 4060 2540 4132 πλέομεν
2580 4064 2851 4131 ἅπαντες,
2893 4067 3073 4138 πλήρη
3111 4068 3181 4120 τὰ
3232 4068 3380 4121 ίστία
3422 4066 3728 4121 πετάσαντες

2074 4146 2174 4218 τῆς
2198 4147 2347 4218 νηός.

2144 4329 2205 4383 δ’.
2238 4329 2433 4385 Καίτοι
2462 4349 2527 4401 γε
2548 4332 2638 4386 ὅτε
2659 4334 2751 4386 τὸν
2776 4333 3039 4405 πρότερον
3068 4335 3284 4406 πατέρα
3304 4334 3658 4404 ἀπεϐάλομεν,
3675 4328 3726 4394 ὃς

2074 4418 2171 4472 καὶ
2202 4417 2393 4474 τοῦτον
2431 4421 2561 4492 ἡμῖν
2593 4421 2907 4492 ἐγέννησεν,
2936 4424 2996 4476 ἐν
3038 4424 3243 4494 ἀπορία
3274 4423 3347 4477 τὰ
3381 4423 3622 4495 ἡμέτερα
3647 4414 3723 4490 ἦν.

2076 4508 2167 4561 Διὸ
2200 4509 2296 4562 καὶ
2338 4508 2586 4572 ἐλεεινῶς
2624 4496 2986 4582 ἐθρῆνοῦμεν,
3007 4512 3084 4575 ὡς
3108 4513 3170 4564 οὐ
3218 4512 3619 4584 προσδοκῶντες
3647 4506 3726 4560 τὸν

2072 4597 2265 4668 θρόνον
2291 4596 2481 4653 τοῦτον
2505 4599 2693 4672 ἕτερον
2718 4598 2889 4671 ἄνδρα
2921 4599 3160 4654 τοιοῦτον
3181 4600 3428 4666 δέξεσθαι
3446 4611 3494 4654 ⁸.
3530 4592 3726 4664 Ἐπειδὴ

2074 4688 2131 4741 δὲ
2162 4681 2319 4751 οὗτος
2351 4689 2525 4760 ἐφάνη
2554 4691 2647 4743 καὶ
2686 4689 2966 4760 παρῆλθεν
2996 4692 3075 4753 εἰς
3111 4691 3297 4762 μέσον,
3325 4692 3507 4745 πᾶσαν
3532 4686 3726 4753 ἐκείνην

2072 4776 2171 4848 τὴν
2200 4777 2441 4847 ἀθυμίαν
2471 4778 2764 4849 παρελθεῖν
2809 4780 3088 4849 ἐποίησεν,
3127 4778 3281 4833 ὥσπε
3292 4797 3321 4851 ρ
3346 4778 3529 4848 νέφος,
3556 4774 3645 4829 καὶ
3669 4771 3729 4825 τά

2075 4862 2375 4936 σκυθρωπά
2418 4864 2732 4936 ἀπέκρυψεν
2762 4865 2997 4931 ᾶπαντα,
3031 4867 3094 4920 οὐ
3134 4866 3280 4920 κατά
3312 4866 3511 4937 μικρὸν
3540 4858 3724 4928 ἐξαλεί-

2074 4968 2189 5020 φων
2238 4953 2373 5021 ἡμῖν
2403 4952 2466 5004 τὸ
2511 4953 2738 5016 πένθος,
2783 4953 2898 5006 ἀλλ’
2924 4954 3099 5018 οὑτως
3143 4955 3363 5026 ἀθρόον,
3410 4955 3489 5018 ὡς
3529 4953 3591 5006 ἂν
3621 4949 3665 5002 εί
3699 4950 3724 4999 ό

2077 5040 2348 5113 μακάριος
2376 5041 2537 5104 αὐτὸς
2568 5042 2776 5104 ἐκεῖνος
2809 5042 2919 5094 ἀπὸ
2943 5043 3044 5112 τῆς
3076 5042 3348 5113 λάρνακος
3368 5032 3727 5109 ἀναστάς,ὲώ

2070 5128 2163 5181 τὸν
2206 5128 2393 5198 θρόνον
2437 5128 2608 5200 ἀνέϐη
2661 5129 2824 5183 πάλιν
2870 5131 3079 5184 τοῦτον.
3129 5130 3289 5185 Ἀλλά
3329 5130 3441 5201 γάρ
3481 5126 3725 5192 ἐλάθομεν

2072 5215 2339 5288 ἐπιθυμία
2386 5217 2670 5289 πατρικῶν
2713 5218 3154 5290 κατορθωμάτων
3200 5220 3345 5289 πέρα
3395 5216 3488 5271 τοῦ
3544 5213 3724 5286 μέτρου

2072 5304 2197 5368 τοὺς
2224 5304 2416 5373 λόγους
2449 5303 2757 5373 ἐξάγοντες,
2792 5308 2853 5359 οὐ
2884 5307 2976 5360 τοῦ
3016 5307 3216 5377 μέτρου
3254 5306 3365 5359 τῶν
3396 5304 3568 5374 τούτῳ
3607 5313 3724 5353 κατ·

2071 5392 2436 5464 ωρθωμένων,
2468 5394 2672 5447 τούτων
2702 5394 2812 5465 γὰρ
2855 5396 3069 5449 οὐδέπω
3114 5394 3427 5465 ἠρξάμεθα,
3465 5390 3597 5445 ἀλλά
3636 5380 3722 5439 τοῦ

2070 5481 2439 5551 προσήκοντος
2467 5482 2622 5553 ἡμῶν
2651 5485 2715 5555 τῇ
2760 5483 2975 5554 νεότητι
3003 5483 3048 5537 ί.
3078 5483 3218 5554 Φέρε
3256 5478 3350 5535 οὖν
3369 5520 3387 5547 ,
3428 5480 3612 5548 ὥσπερ
3653 5473 3724 5534 εἰς

2132 5718 2159 5785 τι
2183 5720 2265 5785 _S_ic
2282 5719 2429 5770 Savil.
2446 5728 2501 5771 et
2524 5724 2662 5774 Colb.
2688 5731 2847 5771 recte.
2873 5725 3045 5773 Morel.
3072 5737 3191 5772 vero
3213 5725 3296 5785 καὶ
3322 5724 3549 5785 ἀστέρων.

2034 5825 2053 5849 γ.
2071 5784 2156 5898 ME"
2184 5783 2427 5893 Ιίὲοτοιβι
2452 5785 2599 5834 Savil.
2625 5788 2674 5834 in
2703 5800 2854 5848 marg.
2890 5789 3117 5842 δέξεσθαι.
3134 5783 3348 5835 Savil.in
3374 5774 3510 5834 leilu
3534 5774 3717 5830 cholb.

2068 5858 2119 5892 Οε
2144 5859 2205 5892 ασ
2233 5861 2302 5894 αι.

2068 5858 2281 5894 οεξασυαι
2288 5882 2302 5894 .

2136 5906 2153 5944 f
2188 5908 2237 5956 In
2264 5908 2371 5955 haec
2394 5906 2559 5967 verba,
2579 5913 2635 5970 τῇ
2658 5907 2860 5968 νεότητι,
2883 5908 3062 5958 desinil
3088 5906 3237 5957 Savil.
