3942 6360
243 353 327 407 697
871 320 876 327 '
1113 338 1363 405 SEBMO,
1402 335 1547 393 CUM
1579 328 1986 389 PRESBYTER
2026 328 2184 387 FUIT
2222 331 2622 390 ORDINATUS

245 469 463 538 erigere,
510 464 608 519 sed
654 469 811 531 cogat
850 458 1097 512 deorsum
1139 451 1397 508 inclinare
1440 454 1636 517 caput,
1667 453 1720 498 rt
1748 441 1813 496 ad

248 535 429 615 terram
458 555 688 611 inhiare.
719 551 827 608 Nec
857 558 939 604 est
963 548 1065 602 alia
1094 560 1199 604 res.
1246 558 1365 612 qua:
1397 537 1615 607 perinde
1640 535 1819 590 obstet

244 664 338 720 quo
363 647 539 701 minus
582 643 984 714 proﬁciscamur
1022 638 1073 690 in
1117 633 1305 690 caelum
1330 673 1347 697 ,
1392 645 1456 685 ac
1495 626 1722 688 divitiae,
1765 633 1819 679 et

245 717 358 798 hinc
385 738 654 794 venientia
686 733 846 789 mala.
868 731 975 787 Nec
1003 741 1152 783 mens
1181 733 1264 780 est
1292 724 1380 779 hic
1400 734 1599 784 seruio.
1633 717 1727 773 sed
1751 718 1818 770 ab

247 850 349 904 ipso
369 831 589 889 Christo
612 827 824 885 devenit
844 821 1104 878 sententia
1134 837 1147 873 :
1180 816 1407 871 Facilius
1429 816 1445 844 ¹
1468 822 1568 873 est,
1613 810 1814 878 inquit,

245 900 484 979 coniciunt
516 938 603 990 per
632 923 858 990 foramen
895 928 1017 967 acus
1059 907 1290 980 ingredi,
1338 920 1490 976 quam
1530 902 1728 956 divitem
1766 900 1820 953 in

247 1033 448 1088 regnum
492 1015 732 1068 actorum
770 1006 984 1078 (Matth.
1028 1004 1117 1057 19.
1163 1001 1280 1069 24).
1325 997 1430 1088 Sed
1473 1009 1633 1059 ecce,
1679 992 1818 1061 quod

247 1086 354 1163 erat
378 1103 619 1169 difﬁcile,
646 1101 729 1154 vel
759 1094 1087 1167 impossibile
1115 1092 1290 1162 potius
1315 1131 1331 1155 ,
1363 1086 1558 1141 factum
1588 1093 1670 1141 est
1698 1096 1820 1152 pos-

248 1200 396 1255 sibile
423 1217 438 1252 :
463 1206 516 1252 ct
540 1196 607 1250 de
630 1208 736 1263 quo
762 1193 951 1247 Petrus
984 1189 1113 1243 olim
1144 1184 1417 1243 dubitabat
1444 1180 1582 1251 apud
1611 1179 1819 1233 Praece-

249 1300 477 1363 plorem,
500 1286 777 1353 voluitque
795 1298 866 1337 ex
893 1294 959 1336 eo
979 1280 1205 1344 discere,
1222 1276 1326 1345 jam
1360 1274 1472 1343 ipsa
1499 1268 1821 1340 experientia

248 1360 490 1437 novimus
516 1390 737 1441 (mines,
784 1374 890 1430 imo
931 1372 1090 1427 etiam
1130 1366 1380 1438 amplius.
1409 1363 1524 1421 Non
1552 1362 1694 1416 enim
1714 1360 1824 1429 jam

248 1474 392 1531 dives
431 1472 549 1540 ipse
590 1463 957 1523 tantummodo
985 1459 1229 1519 ascendit
1272 1458 1325 1512 in
1352 1456 1577 1517 caelum,
1618 1467 1827 1508 verum-

250 1567 408 1622 etiam
459 1561 710 1632 populum
752 1556 1070 1620 introducit,
1121 1567 1243 1607 cum
1283 1559 1481 1619 praeter
1521 1545 1737 1600 divitias
1770 1553 1826 1599 et

252 1658 349 1712 alia
380 1654 466 1710 his
486 1668 596 1706 non
626 1650 833 1716 minora
874 1645 1071 1703 habeat
1110 1640 1518 1712 impedimenta,
1554 1634 1697 1707 quod
1737 1634 1827 1705 ju-

253 1747 398 1803 venis
442 1752 560 1809 est,
608 1740 750 1811 quod
793 1746 922 1794 ante
971 1746 1181 1805 tempus
1222 1730 1528 1802 orphanus,
1577 1741 1695 1799 quze
1739 1739 1829 1781 res

254 1837 490 1909 quemvis
517 1832 749 1893 hominis
767 1831 1000 1886 animum
1027 1827 1230 1897 possint
1254 1824 1307 1879 in
1337 1821 1574 1879 fraudem
1597 1820 1825 1875 illicere:

253 1928 514 2000 ejusmodi
564 1926 761 1981 habent
812 1912 1232 1981 incarnamenta,
1279 1914 1538 1987 ejusmodi
1592 1911 1833 1983 praebent

255 2036 476 2077 venena.
505 2018 703 2073 Verum
729 2015 847 2070 iure
870 2014 971 2070 iste
991 2012 1204 2077 devicit,
1233 2020 1287 2065 et
1312 2008 1504 2065 czelum
1530 2004 1832 2077 apprehen-

255 2112 352 2178 dit,
389 2122 620 2178 seseque
647 2106 872 2162 contulit
896 2103 963 2160 ad
992 2103 1260 2158 caelestem
1302 2098 1729 2170 philosophiam,
1772 2109 1835 2150 ac

257 2218 426 2273 neque
450 2198 790 2269 splendorem
810 2195 1090 2267 praesentis
1111 2190 1469 2249 consideravit
1495 2190 1636 2253 vitae,
1662 2201 1835 2257 neque

257 2294 320 2347 ad
362 2291 757 2362 progenitornm
803 2286 1098 2342 claritatem
1133 2283 1403 2353 respexit:
1431 2281 1537 2336 imo
1569 2278 1740 2349 potius
1769 2277 1835 2333 ad

258 2382 516 2452 majorum
559 2380 853 2434 claritatem
894 2374 1149 2445 respexit,
1204 2389 1308 2428 non
1352 2371 1566 2442 quidem
1612 2371 1832 2424 istorum

259 2491 392 2547 quos
438 2475 539 2543 ipsi
594 2481 782 2526 natura
832 2467 1134 2524 necessario
1187 2466 1546 2531 devinxerat,
1599 2463 1695 2518 sed
1747 2465 1836 2532 qui

259 2569 402 2638 juxta
424 2563 643 2636 pietatis
667 2561 998 2632 propositum
1025 2557 1294 2628 conjuncti
1320 2566 1475 2620 sunt,
1518 2570 1690 2624 eoque
1718 2554 1838 2607 talis

261 2658 427 2712 factus
447 2665 530 2710 est
551 2654 734 2725 quales
760 2652 835 2706 illi
860 2650 1076 2705 fuerint.
1109 2648 1363 2717 Respexit
1389 2646 1453 2700 ad
1484 2644 1837 2715 patriarcham

262 2746 562 2811 Abraham,
601 2742 839 2812 respexit
874 2740 942 2795 ad
984 2753 1234 2810 magnum
1283 2738 1430 2791 illum
1484 2736 1718 2799 Mosem,
1749 2734 1837 2804 qui

260 2854 381 2893 cum
406 2836 621 2892 essetin
647 2832 795 2904 regio
819 2831 1073 2887 educatus
1095 2829 1307 2899 palatio,
1332 2843 1512 2883 mensa
1540 2826 1840 2898 Sybaritica

263 2929 360 2983 frui
399 2932 714 2990 consuetus,
753 2931 810 2978 et
851 2923 992 2977 inter
1025 2920 1306 2991 IEgyptios
1333 2917 1552 2973 relictus
1588 2917 1843 2985 strepitus

263 3034 323 3072 ac
343 3016 600 3072 tumultus
626 3014 819 3086 (nostis
838 3021 1014 3067 autem
1040 3010 1337 3081 cujusmodi
1365 3010 1469 3063 sint
1494 3008 1841 3064 barbarorum

264 3111 475 3166 illorum
503 3122 698 3170 mores,
721 3121 878 3177 quam
905 3104 1074 3160 fastus
1102 3114 1157 3158 et
1178 3103 1495 3172 arrogantiae
1519 3100 1662 3170 pleni
1687 3101 1842 3169 sint),

256 3198 580 3269 contemptis
599 3198 703 3253 illis
727 3197 993 3260 omnibus,
1017 3195 1084 3250 ad
1115 3194 1283 3248 lutum
1306 3184 1365 3248 et
1389 3192 1627 3247 laborem
1654 3191 1843 3261 ﬁgulo-

264 3309 382 3347 rum
423 3290 567 3346 ultro
605 3304 664 3344 se
696 3287 962 3354 contulit,
988 3296 1045 3341 et
1074 3286 1126 3341 in
1155 3299 1430 3340 servorum
1470 3297 1694 3337 numero
1726 3296 1846 3337 esse

261 3382 597 3452 concupivit,
638 3380 728 3450 qui
769 3395 862 3434 rex
907 3386 1104 3435 eratet
1132 3376 1272 3447 regis
1306 3376 1469 3431 tilius.
1509 3374 1668 3443 Atqui
1708 3372 1848 3427 hanc

263 3477 332 3530 ob
371 3489 585 3530 causam
616 3480 737 3543 post
760 3485 1009 3527 reversus
1034 3477 1118 3525 est
1160 3469 1362 3538 majore
1391 3482 1512 3522 cum
1550 3466 1805 3535 dignitate
1828 3506 1844 3533 ,

264 3581 422 3636 quam
456 3572 610 3620 antea
637 3562 856 3634 gerebat
892 3571 1051 3633 atque
1079 3560 1365 3630 abjecerat.
1412 3557 1685 3629 Siquidem
1728 3567 1849 3628 post

262 3659 509 3714 exsilium
528 3699 543 3723 ,
579 3665 697 3726 post
730 3654 1035 3710 servitutem
1063 3652 1203 3723 apud
1229 3666 1494 3719 socerum,
1512 3658 1634 3720 post
1649 3665 1846 3705 mrum-

266 3768 359 3807 nas
385 3764 610 3821 peregre
635 3749 885 3803 toleratas
903 3788 917 3812 ,
958 3746 1153 3814 rediit,
1193 3746 1331 3813 regis
1363 3746 1528 3815 ipsius
1554 3743 1806 3814 princeps
1830 3785 1845 3808 ,

264 3845 373 3899 imo
390 3844 569 3899 verius
591 3842 702 3917 regi
730 3842 839 3912 jam
860 3840 1034 3895 lactus
1057 3840 1189 3896 deus
1212 3857 1225 3893 :
1247 3838 1390 3902 Feci,
1420 3840 1609 3908 inquit,
1635 3846 1682 3891 te
1700 3839 1849 3892 deum

268 3933 531 3989 Pharaoni
562 3932 754 4003 (Exod.
780 3933 834 3986 '1.
862 3932 920 4003 1)
944 3948 959 3984 :
978 3931 1201 4000 ipsoque
1222 3944 1347 3999 rege
1364 3929 1696 3999 splendidior
1710 3939 1845 3992 erat,

262 4041 370 4080 non
392 4035 612 4093 gestans
631 4022 874 4078 diadema
892 4063 909 4085 ,
940 4036 1112 4091 neque
1132 4036 1361 4091 purpura
1391 4021 1646 4085 amictus,
1677 4035 1850 4090 neque

263 4134 425 4173 curru
452 4127 634 4173 vectus
655 4130 838 4182 aureo,
856 4114 950 4170 sed
972 4114 1219 4168 universo
1242 4113 1331 4166 illo
1355 4112 1489 4166 fastu
1514 4112 1847 4167 conculcata.

266 4207 449 4264 Omnis
467 4207 600 4261 enim
627 4206 748 4274 ﬁlia:
760 4206 896 4277 regis
914 4204 1083 4276 gloria
1105 4204 1166 4256 ab
1188 4204 1325 4257 intus
1356 4201 1471 4273 (Ps.
1497 4204 1586 4261 44.
1609 4201 1720 4271 ﬂ).
1746 4202 1850 4257 Re-

264 4312 454 4352 versus
480 4307 563 4351 est
590 4296 748 4367 igitur
775 4302 1044 4363 sceptrum
1072 4302 1285 4363 gestans
1305 4333 1320 4359 ,
1352 4292 1495 4362 quod
1526 4293 1849 4362 imperaret,

266 4406 375 4445 non
403 4388 711 4444 hominibus
731 4396 959 4453 tantum,
983 4387 1078 4442 sed
1105 4396 1156 4442 et
1188 4387 1340 4449 crelo,
1374 4395 1553 4452 terrm,
1585 4387 1847 4455 marique,

264 4481 409 4536 acris
433 4489 488 4535 et
515 4494 772 4549 aquarum
799 4486 1000 4533 natura;
1018 4519 1033 4543 ,
1063 4478 1292 4544 stagnis,
1324 4476 1559 4532 fontibus
1580 4491 1647 4532 ac
1668 4476 1850 4531 ﬂumi—

267 4571 429 4626 nibus
451 4587 466 4623 :
491 4570 542 4625 in
569 4583 917 4640 quzceumque
938 4569 1081 4624 enim
1111 4568 1276 4622 voluit
1297 4567 1491 4635 Moses,
1515 4568 1567 4621 in
1589 4582 1653 4623 ea
1677 4575 1853 4623 verte-

265 4660 463 4717 bantur
484 4660 774 4725 elementa,
812 4668 868 4719 et
906 4660 959 4713 in
1000 4659 1249 4717 manibus
1272 4658 1424 4717 illius
1461 4658 1639 4714 denuo
1679 4666 1852 4714 trans-

268 4753 604 4807 formabatnr
651 4762 932 4807 creatura:
958 4766 1075 4820 qua:
1122 4765 1232 4804 non
1274 4750 1410 4805 alter
1456 4765 1615 4820 quam
1660 4749 1852 4806 ancilla

268 4843 536 4914 quaepiam
567 4842 827 4906 ofﬁciosa,
853 4840 1156 4911 conspicata
1188 4841 1300 4895 heri
1329 4842 1409 4896 sui
1437 4842 1666 4896 amicum
1687 4840 1851 4896 adve-

270 4938 436 5003 nisse,
485 4952 580 5007 per
621 4935 797 4991 omnia
843 4935 1095 5004 parebat,
1145 4934 1393 5004 dictoque
1437 4935 1743 4989 audientem
1795 4949 1855 4989 se

268 5027 578 5097 praebebat,
606 5024 826 5096 perinde
853 5034 1013 5095 atque
1041 5024 1140 5094 ipsi
1169 5024 1404 5078 domino.
1444 5023 1523 5079 Ad
1553 5039 1710 5093 quem
1735 5023 1849 5088 hic,

266 5135 432 5191 quem
479 5134 622 5174 nunc
662 5116 980 5172 laudandum
1019 5116 1337 5185 suscipimus
1360 5157 1375 5181 ,
1418 5116 1747 5186 respiciens,
1780 5115 1853 5169 illi

262 5211 463 5266 similis
505 5208 726 5266 effectus
772 5215 882 5273 est,
937 5222 1059 5262 cum
1110 5215 1254 5262 esset
1296 5207 1528 5277 juvenis,
1574 5207 1622 5262 si
1679 5215 1854 5265 tamen

262 5317 523 5372 umquam
567 5300 669 5355 fuit
700 5299 1067 5369 juvenismon
1112 5298 1255 5353 enim
1297 5312 1425 5353 sane
1449 5297 1645 5363 credo,
1690 5314 1858 5368 usque

265 5395 407 5452 adeo
435 5395 507 5450 illi
539 5395 606 5449 ab
638 5392 767 5463 ipsis
795 5392 1069 5447 cunabulis
1105 5404 1257 5446 mens
1284 5398 1398 5445 erat
1420 5405 1550 5444 cana
1574 5389 1699 5444 :scd
1726 5404 1846 5444 cum

264 5488 417 5559 juxta
438 5483 872 5558 supputationem
889 5484 1058 5539 :etatis
1077 5493 1220 5538 esset
1238 5482 1473 5552 juvenis,
1491 5498 1701 5537 omnem
1720 5484 1856 5537 arri-

265 5713 351 5823 uut
390 5718 470 5761 .us.
499 5706 633 5758 Colb.
660 5703 830 5763 habet,
852 5700 938 5753 sed
957 5699 1014 5752 ab
1042 5699 1137 5753 illis
1156 5697 1399 5752 descendit
1422 5698 1649 5751 sententia
1678 5711 1694 5749 :
1720 5709 1859 5750 Fac:-

342 5786 440 5823 δη..

342 5786 440 5824 8....

3400 332 3506 389 698

1930 444 2041 512 pnit
2077 446 2463 516 philoscphiam
2490 454 2579 502 :ct
2615 455 2958 518 posteaquam
2990 459 3315 518 cognoverat
3344 458 3502 504 natn~

1924 551 2038 590 ram
2076 536 2309 592 hominis
2332 552 2456 593 esse
2493 538 2656 593 veluti
2680 537 2905 594 fundum
2931 539 3216 609 quemdam
3244 548 3298 594 ct
3319 553 3507 608 agrum

1925 626 2239 697 sylvestrcm
2260 668 2275 693 ,
2308 629 2469 683 animi
2501 630 2719 685 morbos
2743 631 2989 686 oratione
3018 630 3229 700 pictatis
3250 646 3349 687 ceu
3374 630 3508 687 falce

1926 718 2170 787 quapiam
2212 718 2366 775 facile
2408 721 2673 786 resecuit,
2716 720 2966 793 agricolas
3016 731 3233 792 purgata
3275 721 3510 781 reddens

1928 798 2053 865 arva
2108 812 2174 867 ad
2225 813 2529 883 jacicndum
2576 823 2878 871 sementem
2913 831 3019 870 :ea
3073 824 3283 886 recepta
3339 824 3525 871 totum

1928 919 2113 962 semen
2138 905 2207 960 ad
2239 906 2498 974 prolimda
2526 907 2772 973 demisit,
2818 916 2876 962 ut
2898 907 3153 965 deorsum
3183 909 3508 974 radicatam,

1929 1012 2034 1052 nec
2070 996 2136 1053 ad
2171 999 2424 1054 solarium
2461 1000 2730 1056 radiorum
2771 1002 3028 1072 impetum
3068 1003 3314 1069 cederet,
3356 1018 3459 1059 nec
3481 1018 3525 1058 ae

1926 1089 2095 1157 spinis
2135 1091 2274 1144 male
2314 1089 2682 1147 sull'ocaretur.
2729 1092 2979 1147 Animum
3018 1093 3236 1164 quidm!
3278 1095 3346 1149 ad
3370 1094 3513 1151 hunc

1928 1180 2135 1235 curavit
2169 1181 2422 1237 modum:
2447 1183 2625 1236 carnis
2658 1197 2788 1238 vero
2828 1183 3098 1238 lasciviam
3147 1184 3515 1255 temperantia:

1930 1271 2184 1329 remediis
2221 1273 2562 1342 compressit,
2593 1282 2862 1344 tamquam
2886 1289 3029 1343 equo
3052 1274 3279 1343 cuipiam
3308 1273 3515 1337 rebelli,

1934 1362 2146 1431 corpori
2168 1362 2356 1433 jejunii
2382 1362 2609 1419 tirenum
2638 1363 2901 1433 injicicns,
2928 1374 2984 1419 et
3007 1366 3140 1419 adeo
3164 1366 3215 1419 in
3242 1365 3534 1421 dixeramu-

1932 1453 2192 1518 tendens,
2236 1463 2295 1509 ut
2322 1455 2437 1524 ipsa
2461 1455 3016 1525 concupiscentiarurn
3044 1471 3138 1510 ora
3170 1471 3291 1511 cum
3330 1459 3514 1512 mode-

1930 1544 2137 1601 ratione
2177 1554 2505 1616 congruente
2544 1556 2867 1603 cruentaret.
2916 1547 3049 1606 Nam
3105 1563 3276 1619 neque
3323 1562 3535 1617 corpus.

1932 1635 2290 1699 excruciabat,
2338 1650 2406 1689 ne
2443 1635 2730 1693 immodice
2768 1636 3081 1708 stringeudo
3100 1652 3302 1708 equum
3330 1637 3430 1693 sibi
3456 1638 3539 1694 ad:

1934 1727 2289 1782 ministerium
2342 1726 2593 1784 redderet
2644 1728 2922 1797 inutilem,
2988 1744 3169 1799 neque
3222 1729 3523 1799 patiebatur

1935 1831 2096 1888 supra
2140 1818 2356 1876 modth
2385 1819 2606 1874 obesum
2639 1817 2754 1873 ﬁeri
2774 1860 2791 1887 ,
2828 1834 2896 1875 ne
2916 1819 3285 1889 corpulentior
3318 1820 3539 1884 tactus,

1936 1922 2127 1964 rursus
2151 1910 2380 1979 erigeret
2408 1924 2529 1965 sese
2553 1909 2808 1967 adversus
2835 1911 3097 1967 rationem
3139 1910 3380 1966 habenas
3405 1926 3525 1965 mo-

1932 2004 2213 2060 derantem
2238 2021 2252 2058 :
2272 2004 2365 2059 sed
2387 2005 2544 2060 simul
2569 2014 2622 2060 et
2638 2005 2890 2061 sanitatis
2912 2004 3056 2060 illius
3074 2014 3130 2060 et
3148 2004 3537 2069 moderationis.

1936 2112 2125 2153 curam
2173 2095 2374 2151 habuit.
2413 2097 2599 2168 Neque
2645 2111 2774 2153 vero
2817 2112 2939 2160 cum
2986 2097 3109 2152 talis
3150 2099 3206 2152 iu
3246 2096 3527 2167 juventute

1942 2185 2126 2242 fuisset
2147 2229 2163 2254 ,
2203 2196 2547 2257 posteaquam
2580 2196 2816 2243 teneram
2860 2194 3071 2242 mtatem
3101 2187 3364 2253 excchit,
3394 2187 3530 2241 hanc

1940 2293 2152 2349 quoque
2189 2293 2368 2333 curam
2412 2279 2607 2349 abjccit
2634 2297 2649 2334 :
2674 2294 2859 2334 verum
2890 2279 3057 2334 etiam
3081 2293 3222 2333 nunc
3245 2280 3333 2349 qui
3361 2279 3412 2333 in
3441 2294 3529 2334 so-

1943 2377 2175 2433 neclute,
2209 2370 2354 2423 velut
2379 2370 2430 2424 in
2459 2384 2673 2425 ammuo
2699 2378 2853 2439 portu
2880 2368 3050 2435 sedet,
3080 2384 3263 2424 rursus
3287 2369 3545 2424 eamdem.

1944 2475 2126 2515 curam
2171 2461 2437 2516 observat.
2487 2461 2619 2516 Nam
2664 2463 2949 2532 juventus,
2994 2476 3028 2515 ο
3074 2460 3298 2527 dilecte,
3346 2462 3533 2532 pelago

1944 2552 2138 2608 Furenti
2185 2553 2374 2609 similis
2413 2564 2529 2622 est,
2579 2555 2871 2610 immitibus
2908 2554 3068 2611 {mdis
3090 2570 3155 2610 ac
3180 2556 3351 2611 ventis
3378 2555 3545 2611 malis

1943 2644 2142 2700 referto
2163 2661 2176 2698 :
2196 2647 2418 2701 canities
2466 2661 2594 2701 vero
2620 2646 2768 2701 velut
2806 2647 2861 2701 in
2891 2647 3176 2716 tranquillo
3206 2655 3360 2717 portu
3388 2645 3535 2702 fovet

1945 2749 2131 2791 eorum
2158 2737 2388 2803 animos,
2422 2738 2512 2809 qui
2542 2747 2965 2805 consenuerunt,
2994 2747 3252 2809 praestans
3279 2746 3338 2794 ut
3363 2739 3553 2795 aetatis

1950 2828 2216 2885 beneﬁcio
2249 2836 2395 2897 parta
2425 2828 2783 2897 periculorum
2810 2827 3145 2883 immunitate
3172 2827 3404 2897 jucunde
3430 2827 3536 2883 t‘ru—

1950 2932 2128 2977 antur.
2161 2921 2271 2977 Hac
2295 2922 2681 2991 tranquillitate
2703 2935 2828 2976 cum
2857 2919 2944 2975 hic
2973 2935 3115 2975 nunc
3142 2928 3257 2976 tuto
3282 2920 3535 2990 potiatur,

1947 3022 2106 3081 atque
2145 3012 2196 3065 in
2231 3022 2382 3081 portu
2403 3052 2418 3077 ,
2445 3020 2505 3066 ut
2532 3011 2637 3065 dixi
2661 3051 2678 3078 ,
2705 3010 2899 3066 sedens
2920 3052 2934 3075 ,
2965 3010 3134 3065 nihilo
3163 3011 3336 3065 minus
3359 3019 3538 3068 tamen

1948 3117 2032 3161 est
2061 3104 2356 3159 sollicitus:
2381 3115 2433 3158 at
2471 3104 2612 3159 hunc
2640 3104 2888 3159 timorem
2915 3103 3121 3171 accepit
3143 3118 3174 3157 a
3199 3103 3365 3159 Paulo
3386 3144 3403 3169 ,
3447 3105 3537 3174 qui

1950 3213 2075 3253 cum
2101 3197 2431 3252 ascendisset
2457 3197 2509 3251 in
2530 3197 2744 3262 ciuium,
2766 3207 2927 3268 atque
2950 3196 3074 3252 inde
3093 3210 3347 3252 reversus
3368 3204 3540 3253 terras

1944 3304 2134 3345 rursus
2173 3288 2465 3359 attigisset,
2514 3287 2714 3351 aiebat,
2770 3285 2957 3342 Vereor
2992 3303 3057 3342 ne
3094 3290 3226 3357 forte
3268 3304 3385 3341 cum
3424 3288 3551 3342 aliis

1950 3381 2349 3453 praedicavaim,
2362 3381 2469 3453 ipse
2483 3381 2721 3452 reprobus
2736 3380 2986 3454 eﬁiciarﬂ
2997 3420 3013 3439 .
3027 3381 3146 3436 Cor.
3162 3380 3216 3436 9.
3230 3382 3322 3452 27)
3342 3395 3543 3450 :eoque

1953 3475 2039 3530 hic
2065 3488 2185 3530 sese
2230 3474 2282 3528 in
2324 3485 2581 3544 perpetuo
2612 3475 2803 3528 timore
2846 3471 3159 3538 constituit,
3201 3480 3261 3526 ut
3297 3480 3445 3527 esset
3488 3471 3541 3526 in

1952 3575 2206 3637 perpetua
2233 3563 2446 3632 fiducia,
2478 3564 2849 3634 assideretque
2876 3563 3047 3628 clavo,
3080 3578 3185 3618 non
3214 3563 3302 3619 illc
3324 3563 3558 3633 quidem

1953 3658 2230 3713 stellarum
2258 3668 2477 3713 exortus
2506 3656 2798 3711 observans
2820 3696 2837 3723 ,
2868 3670 3044 3726 neque
3072 3670 3234 3726 rupes
3261 3655 3362 3710 sub
3393 3656 3544 3725 aquis

1955 3750 2212 3813 latentes,
2262 3763 2436 3818 neque
2480 3748 2759 3818 scopulos,
2808 3745 2904 3803 sed
2947 3747 3248 3802 daamonum
3280 3746 3559 3811 insnltus,_

1953 3856 2016 3895 ac
2035 3841 2230 3897 diaboli
2248 3841 2529 3907 versutias,
2548 3839 3032 3910 cogitationumque
3050 3853 3276 3911 pugnas,
3292 3839 3561 3909 omnique

1956 3944 2109 4004 parte
2135 3934 2367 3988 lustrans
2392 3933 2714 3997 exercitum,
2752 3941 2973 3986 eunctos
3016 3931 3071 3985 in
3108 3939 3224 3986 tuto
3246 3928 3540 3984 constituit.

1953 4025 2135 4095 Neque
2158 4024 2301 4080 enim
2333 4022 2462 4079 illud
2489 4023 2650 4079 modo
2685 4029 2918 4092 spectat,
2949 4035 3019 4076 ne
3041 4020 3238 4090 scapha
3269 4018 3545 4089 demerga-

1960 4129 2076 4181 tur;
2109 4117 2204 4173 sed
2248 4130 2317 4172 ne
2342 4116 2463 4186 quis
2482 4129 2671 4170 eorum
2695 4153 2710 4177 ,
2752 4127 2888 4183 quos
2926 4127 3108 4169 secum
3144 4111 3312 4167 habet
3336 4112 3393 4167 in
3416 4112 3554 4167 navi

1957 4219 2225 4274 vectores,
2252 4223 2281 4261 a
2312 4207 2535 4261 tumultu
2564 4205 2793 4276 quodam
2822 4219 2921 4259 ceu
2947 4218 2977 4257 a
3005 4204 3192 4273 piratis
3219 4202 3542 4274 abripiatur,

1956 4300 2088 4354 nihil
2132 4315 2236 4353 non
2267 4309 2418 4353 curat
2458 4296 2747 4367 agitatque.
2792 4295 2894 4350 Per
2936 4293 3113 4358 hunc,
3152 4308 3355 4366 perque
3386 4293 3545 4363 hujus

1955 4391 2272 4460 sapientiam
2320 4403 2419 4443 nos
2466 4402 2654 4442 omnes
2706 4384 2939 4442 secundo
2988 4383 3299 4454 navigamus
3342 4393 3542 4451 vento,

1955 4483 2111 4554 plena
2143 4482 2292 4536 navis
2320 4480 2432 4536 vela
2461 4478 2773 4551 pandentes.

2025 4577 2080 4632 4.
2118 4575 2201 4635 De
2239 4573 2444 4629 Heletio
2482 4572 2796 4627 Antiocheno
2843 4570 3084 4643 loquitur.
3121 4600 3195 4612 -—-
3229 4570 3374 4627 Sane
3420 4585 3565 4627 cutnv

1957 4670 2191 4740 priorem
2207 4669 2355 4722 illum
2378 4676 2581 4737 patrem
2609 4665 3010 4733 amisissemus,
3032 4664 3121 4735 qui
3142 4676 3208 4723 et
3229 4663 3371 4720 hunc
3386 4663 3559 4720 nobis.

1950 4762 2172 4834 genuit,
2196 4761 2246 4815 in
2274 4760 2517 4830 angustia
2539 4775 2635 4817 res
2676 4767 2876 4814 nostrae
2903 4765 3088 4813 erant:
3120 4771 3294 4828 quare
3319 4757 3545 4813 misera-
3578 4740 3589 4747 Χ

1959 4851 2137 4909 bititer
2167 4850 2612 4915 lamentabamur,
2642 4860 2697 4905 ut
2726 4849 2817 4919 qui
2844 4863 2949 4903 non
2978 4847 3327 4919 Sperabamus
3353 4846 3469 4902 l‘ore
3488 4853 3559 4899 nt.

1959 4941 2045 4999 hic
2069 4942 2289 4998 thronus
2318 4941 2476 4997 alium
2507 4940 2682 4995 virum
2714 4941 2874 4996 talem
2901 4941 3190 5013 acciperet.
3215 4935 3411 4994 Verum
3432 5004 3437 5010 '
3457 4935 3559 4992 ubi.

1960 5036 2046 5091 hic
2069 5034 2302 5101 advenit,
2334 5044 2389 5090 et
2414 5035 2466 5088 in
2496 5034 2640 5089 clara
2664 5033 2783 5089 luce
2799 5032 2942 5089 visus
2964 5041 3048 5088 est
3066 5075 3082 5099 ,
3106 5028 3271 5087 efﬁcit
3299 5037 3355 5082 ut
3376 5032 3558 5086 omnis

1962 5129 2049 5183 illa
2080 5128 2322 5198 angustia
2349 5126 2515 5181 veluti
2538 5125 2711 5180 nubes
2740 5124 3087 5194 prazterierit,
3113 5131 3167 5179 et
3194 5136 3383 5179 omnes
3419 5136 3537 5179 mo-

1960 5220 2131 5275 lestize
2157 5220 2487 5275 evanuerint.
2532 5217 2716 5288 Neque
2744 5217 2943 5273 sensim
2969 5216 3123 5273 nobis
3148 5216 3347 5272 luctum
3395 5214 3560 5271 illum

1960 5312 2192 5376 exemit,
2221 5310 2313 5366 sed
2362 5310 2498 5365 adeo
2541 5318 2796 5377 repente,
2817 5308 2968 5378 quasi
3002 5307 3145 5364 idem
3189 5307 3279 5363 ille
3302 5306 3492 5363 beatus
3519 5324 3550 5361 ο

1965 5403 2170 5459 tumulo
2183 5401 2451 5459 redivivus
2475 5402 2528 5454 in
2560 5399 2700 5458 hunc
2727 5399 2980 5459 thronum
3001 5398 3178 5457 denuo
3201 5396 3559 5457 ascendisset-

1964 5494 2161 5550 Verum
2186 5492 2553 5560 imprudentes
2574 5505 2757 5545 amore
2785 5489 3064 5565 studioque
3092 5488 3348 5559 prazclarc
3362 5496 3549 5559 gesto-

1965 5604 2084 5643 rum
2114 5586 2277 5655 patris
2306 5583 2511 5649 nostri,
2541 5598 2843 5639 sermonem
2873 5582 3008 5638 ultra
3040 5582 3255 5638 modum
3286 5581 3546 5651 produxi-

1965 5696 2120 5743 mus,
2146 5692 2252 5731 non
2297 5676 2416 5730 dico
2464 5675 2599 5730 ultra
2637 5673 2855 5729 modum
2905 5689 3088 5729 eorum
3130 5689 3251 5745 quas
3296 5673 3384 5730 hic
3430 5684 3560 5729 cum

1970 5772 2121 5827 laude
2147 5770 2346 5841 gessit;
2370 5784 2492 5822 nam
2532 5766 2599 5824 de
2625 5766 2709 5820 his
2733 5781 2800 5823 ne
2826 5766 2968 5837 loqui
2999 5765 3211 5838 quidem
3255 5766 3560 5836 carpimus;
