3942 6368
509 322 615 378 699
1222 329 1278 387 S.
1318 332 1597 390 JOANNIS
1632 334 2108 394 CHRYSOSTOMI
2148 339 2471 402 ARCHIEP.
2511 348 3050 412 CONSTANTINOP.

504 437 599 495 sed
655 440 791 496 ultra
849 441 1267 499 mediocritatem
1312 455 1509 501 nostra:
1558 446 1918 517 juventutis‘.
1961 451 2094 520 Age-

503 533 628 587 dum
652 532 810 602 igitur
829 548 1016 588 rursus
1040 534 1184 589 velut
1224 535 1275 588 in
1301 545 1515 606 portum
1552 538 1850 592 orationem
1878 539 2095 595 silentio

500 623 567 678 ad
590 623 823 693 quietem
844 640 1186 681 revocemus:
1218 636 1470 681 caeterum
1488 642 1550 682 ea
1571 627 1818 685 desinere
1834 645 1937 685 non
1960 630 2093 698 vult,

500 714 594 769 sed
613 732 754 785 :egre
773 714 897 783 fert,
912 717 1319 787 indignaturque
1335 733 1401 773 eu
1408 719 1558 788 piens
1574 728 1688 775 toto
1707 731 1857 791 prato
1868 736 1930 777 ex
1939 722 2092 807 pleri.

503 805 697 862 Verum
713 806 765 862 id
790 808 1119 878 impossibile
1133 818 1215 865 est
1229 851 1244 875 ,
1272 825 1306 865 ο
1326 811 1500 880 pueri.
1523 811 1838 869 Desinamus
1854 805 2012 884 igitur
2031 830 2092 870 ea

504 900 781 970 persequi,
803 916 923 971 quas
955 917 1058 956 non
1089 917 1372 971 possumus
1391 905 1634 976 assequi;
1655 904 2095 962 sufﬁciantnobis

497 989 562 1044 ad
590 992 835 1046 solatium
887 1006 950 1046 ea
995 1008 1114 1063 qua:
1159 993 1299 1049 dicta
1348 1005 1494 1051 sunt.
1545 995 1989 1067 Quandoquidem
2038 999 2089 1052 in

497 1082 742 1150 pretiosis
770 1085 1053 1154 unguentis
1073 1100 1177 1139 non
1200 1093 1404 1140 tantum
1439 1086 1484 1141 si
1519 1087 1641 1157 quis
1668 1087 1903 1143 effundat
1941 1090 2093 1160 lecy-

497 1173 646 1227 thum
667 1214 683 1240 ,
703 1190 887 1229 verum
907 1175 1066 1231 etiam
1093 1177 1137 1232 si
1159 1177 1280 1247 quis
1308 1178 1393 1232 vel
1424 1178 1647 1234 summis
1687 1178 1864 1249 digitis
1906 1195 2093 1249 super—

497 1265 668 1320 ficiem
695 1267 919 1337 attingat
938 1309 953 1333 ,
976 1276 1031 1323 et
1056 1282 1234 1323 aerem
1265 1284 1404 1323 novo
1429 1270 1610 1325 colore
1646 1271 1835 1340 tinxit,
1854 1282 1908 1327 et
1932 1282 2091 1342 quot-

492 1367 623 1426 quot
648 1357 876 1423 adsunt,
909 1359 1169 1413 suavitate
1209 1358 1512 1430 l‘ragrantia:
1543 1361 1790 1432 replevit.
1833 1360 1988 1428 Quod
2037 1371 2093 1417 et

495 1451 545 1503 in
578 1450 861 1518 prmsentia
891 1450 1143 1518 contigit,
1174 1465 1280 1506 non
1305 1452 1507 1507 viribus
1526 1453 1848 1524 eloquentia:
1870 1465 2090 1521 nostrze,

3662 360 3759 419 700

2201 458 2416 527 quando
2448 476 2547 517 nec
2577 463 2652 520 fas
2684 474 2768 520 est
2793 470 3061 525 abortivos
3093 482 3275 542 partus
3299 486 3422 531 cum
3447 475 3686 549 legitimis
3708 498 3763 537 ac

2203 546 2453 616 perfectis
2480 568 2764 611 numerare
2788 574 2803 622 ;
2832 558 2973 630 quod
3000 560 3042 615 si
3075 575 3177 631 qua
3197 604 3212 629 ,
3244 563 3457 634 inquam
3480 546 3611 632 ,‘est
3634 575 3760 633 apud

2200 652 2296 692 vos
2323 649 2377 694 et
2419 645 2586 698 nostri
2617 646 2754 702 ratio
2792 666 3039 719 tanquam
3090 651 3230 710 fetus
3272 657 3546 726 cujusdam
3591 662 3763 719 abortu

2200 730 2353 800 ejecti
2376 776 2391 799 ,
2419 745 2570 792 orate
2614 747 2672 793 ut
2719 756 2748 794 e
2768 743 3014 811 supernis
3042 746 3197 801 nobis
3234 749 3433 804 multus
3457 754 3668 811 accedat
3689 757 3763 811 vi-

2198 840 2314 893 gor.
2368 825 2514 897 Opus
2563 830 2776 899 quidem
2807 844 2922 890 erat
2975 838 3127 892 nobis
3165 848 3220 894 et
3250 842 3396 910 prius
3442 845 3620 912 tutela,
3649 848 3762 903 dum

2198 914 2298 970 soli
2325 916 2484 972 vitam
2515 919 2832 989 degeremus
2854 940 2883 979 a
2904 929 3124 997 negotiis
3147 930 3367 988 liberam
3392 943 3481 989 :at
3502 946 3762 1007 postquam

2200 1007 2252 1061 in
2293 1010 2526 1064 medium
2557 1014 2796 1082 producti
2845 1030 3059 1085 sumus;
3090 1020 3278 1075 omitto
3325 1026 3621 1094 quomodo,
3665 1029 3764 1085 sive

2199 1100 2433 1156 humano
2495 1105 2703 1175 studio,
2754 1107 2867 1164 sive
2935 1110 3117 1168 favore
3171 1113 3403 1172 divino:
3457 1119 3589 1174 nihil
3636 1123 3761 1177 enim

2200 1193 2475 1251 vobiscum
2529 1196 2628 1253 hac
2669 1199 2737 1253 de
2788 1216 2846 1255 re
2864 1204 3218 1272 contendam,
3251 1222 3319 1263 ne
3360 1209 3449 1263 cui
3483 1210 3659 1266 videar
3680 1228 3763 1282 per

2197 1284 2675 1344 dissimulationem
2727 1300 2781 1346 et
2811 1292 3035 1349 ironiam
3080 1296 3257 1367 loqui;
3285 1308 3516 1355 attamen
3554 1305 3761 1372 quando

2199 1377 2438 1445 producti
2489 1396 2704 1448 sumus,
2759 1398 2823 1439 ac
2855 1385 3039 1456 jugum
3096 1387 3200 1443 hoc
3241 1390 3474 1446 validum
3518 1408 3762 1463 gravequc

2196 1471 2530 1539 suscepimus
2549 1513 2562 1536 ,
2601 1473 2783 1527 multis
2810 1476 2966 1531 nobis
2991 1493 3127 1548 Opus
3149 1491 3231 1535 est
3259 1482 3503 1538 manibus
3521 1523 3539 1550 ,
3564 1484 3762 1540 inﬁnitis

2200 1561 2446 1629 precibus
2469 1604 2483 1629 ,
2514 1580 2620 1634 quo
2642 1567 2909 1635 possimus
2947 1569 3249 1638 depositum
3303 1574 3507 1629 salvum
3556 1576 3761 1633 reddere

2196 1650 2415 1708 domino
2453 1655 2541 1724 qui
2593 1655 2872 1727 deposuit,
2906 1659 2957 1714 in
2989 1661 3077 1716 die
3107 1663 3229 1730 illo,
3259 1680 3381 1721 cum
3411 1667 3445 1720 ii
3485 1668 3668 1738 quibus
3689 1679 3757 1722 ta-

2198 1747 2338 1802 lenta
2379 1749 2580 1804 credita
2627 1762 2788 1819 sunt,
2823 1754 3148 1820 citabuntur,
3195 1768 3250 1813 et
3289 1759 3493 1827 judicio
3531 1762 3760 1817 sistentur

2196 1839 2458 1895 rationem
2501 1841 2779 1897 reddituri.
2807 1845 2969 1899 Orate
3013 1847 3189 1917 igitur,
3236 1865 3304 1904 ne
3334 1850 3487 1906 nobis
3537 1854 3756 1917 eveniat,

2195 1931 2336 2002 quod
2362 1935 2540 1988 evenit
2562 1933 2664 1989 illis
2690 1935 2917 2005 alligatis
2937 1938 3054 1992 etin
3076 1941 3326 1997 tenebras
3345 1944 3633 1998 exteriores
3648 1960 3760 1998 con-

2190 2023 2382 2095 jectis:
2412 2024 2509 2080 sed
2553 2027 2723 2082 simus
2771 2028 2825 2083 in
2874 2045 3060 2084 eorum
3108 2047 3371 2099 numero,
3399 2035 3489 2105 qui
3537 2043 3759 2105 poterunt

2195 2115 2637 2186 qualemcumque
2665 2118 2875 2188 assequi
2907 2122 3150 2188 veniam,
3182 2125 3353 2193 gratia
3384 2135 3437 2180 et
3462 2126 3758 2196 benignitate

556 2248 569 2276 ³
606 2241 657 2292 In
681 2245 774 2296 hac
798 2246 1020 2306 verbum.
1046 2245 1327 2309 juventam,
1351 2247 1534 2299 desinit
1570 2247 1710 2299 Sam.
1755 2247 1951 2313 “eum”
1972 2248 2092 2299 dem
2198 2208 2410 2313 meini
2455 2208 2624 2312 nostri
2652 2208 2781 2313 Jesu
2812 2210 3008 2313 Christi
3028 2252 3045 2280 ,
3070 2214 3155 2313 cui
3184 2214 3357 2285 gloria
3378 2258 3393 2282 ,
3425 2218 3689 2287 imperium
3713 2227 3759 2272 et

489 2309 545 2353 οἱ,
1008 2300 1016 2306 ·
1046 2300 1065 2309 ν
1313 2300 1325 2309 ’
1873 2300 1889 2313 ⁸
2196 2300 2437 2355 adoratio
2458 2300 2510 2355 in
2544 2300 2737 2356 saecula
2759 2302 3097 2359 saeculorum.
3127 2307 3322 2363 Amen.

493 1539 590 1595 sed
638 1549 855 1610 pr0pter
879 1540 987 1596 vim
1037 1542 1106 1597 ab
1155 1542 1260 1599 hoc
1301 1543 1439 1599 bene
1480 1553 1778 1615 gestorum.
1823 1546 2092 1602 Abeamus

492 1631 668 1701 igitur,
716 1633 971 1688 abeamus
1015 1634 1082 1687 ad
1128 1648 1315 1704 preces
1353 1634 1715 1702 divertentes,
1743 1636 2094 1707 deprecemur

493 1724 659 1777 Deum
681 1764 696 1790 ,
727 1733 783 1778 ut
802 1724 1103 1779 communis
1131 1733 1300 1781 mater
1330 1736 1513 1780 nostra
1535 1726 1835 1782 illabefacta
1882 1736 1938 1784 et
1987 1729 2091 1783 im-

491 1826 634 1872 mota
653 1826 884 1882 maneat,
909 1824 967 1871 ut
994 1816 1135 1872 hunc
1169 1826 1396 1887 patrem,
1423 1817 1721 1885 doctorem,
1745 1827 2011 1889 pastorem
2039 1829 2092 1875 et

488 1909 936 1978 gubernatorem,
971 1908 1040 1963 ad
1095 1910 1308 1980 longam
1350 1910 1610 1979 producat
1657 1911 1841 1966 vitam.
1872 1910 1929 1967 Si
1980 1926 2086 1981 qua

488 2001 642 2057 vobis
669 2001 831 2057 etiam
870 2002 1042 2055 nostri
1088 2003 1227 2055 ratio
1266 2012 1382 2067 est;
1416 2016 1591 2072 neque
1639 2002 1782 2057 enim
1823 2002 1935 2072 jam
1989 2018 2090 2059 nos

490 2093 635 2163 ipsos
682 2092 736 2147 in
789 2092 1133 2147 sacerdotum
1182 2107 1406 2149 numero
1473 2109 1675 2164 ponere
1743 2094 2084 2164 audebimus,

516 2569 3734 2614 W

1380 2859 1455 2917 [Ν
1495 2857 1890 2920 HOMILIAS
1931 2858 2037 2919 DE
2072 2859 2888 2926 INCOMPREHENSIBILI

559 3175 704 3232 Inter
732 3175 941 3246 primas
967 3172 1350 3247 Chrysostomi
1385 3174 1710 3239 conciones,
1739 3186 1838 3227 eas
1886 3170 2081 3228 videli-

488 3290 573 3339 cet
593 3299 734 3354 quas
759 3297 905 3337 anno
926 3281 1032 3338 586
1054 3281 1123 3337 ad
1148 3283 1412 3353 populum
1434 3281 1841 3337 Antiocltenum
1863 3279 2079 3347 habuit,

490 3389 654 3444 hasce
716 3388 796 3443 De
849 3388 1366 3458 incomprehensibili
1424 3391 1859 3460 consignamus:
1918 3389 2079 3459 cujus

490 3491 756 3563 temporis
786 3502 949 3547 notas
994 3494 1113 3563 ipse
1146 3494 1496 3564 suppeditat;
1527 3509 1720 3550 verum
1770 3493 2077 3562 intricatas,

491 3607 548 3653 et
572 3607 634 3651 ut
660 3596 1058 3670 Chrysostomo
1091 3598 1144 3652 in
1176 3614 1329 3653 more
1356 3608 1459 3665 est,
1521 3613 1629 3655 non
1660 3600 1736 3656 ita
1787 3600 2081 3671 diligenter

490 3704 723 3776 positas.
769 3703 954 3759 Prima
996 3704 1180 3776 itaque
1225 3716 1353 3761 nota
1400 3708 1605 3777 petitur
1641 3723 1708 3763 ex
1755 3708 1977 3764 homilia
2027 3724 2080 3763 tv

487 3810 569 3867 De
599 3811 1133 3882 incomprehensibili,
1165 3813 1257 3867 ubi
1289 3814 1370 3867 sic
1398 3814 1634 3884 legitur:
1672 3815 1809 3869 Ante
1855 3815 1950 3870 Itos
1987 3817 2080 3871 de-

492 3933 607 3973 cem
639 3934 807 3973 annos
877 3919 1096 3989 quidam
1160 3920 1494 3989 tyrannidem
1548 3921 1857 3991 a/fectantes
1891 3924 2080 3992 depre-

496 4023 638 4075 hensi
664 4022 907 4093 captique
950 4029 1095 4085 sunt,
1135 4024 1276 4094 quod
1332 4041 1421 4079 vos
1458 4042 1563 4080 non
1622 4027 1900 4098 ignoratis.
1943 4028 2079 4084 Tum

492 4121 689 4194 aliquis
715 4124 773 4177 in
801 4126 1120 4197 magistratu
1140 4130 1485 4193 constitutus.
1517 4133 1759 4190 criminis
1787 4153 1907 4191 reus
1935 4154 2079 4192 com-

485 4240 688 4296 pertus,
715 4248 832 4284 cum
862 4234 934 4285 ad
972 4244 1195 4288 mortem
1227 4235 1352 4304 fune
1381 4237 1451 4291 ad
1475 4256 1533 4293 os
1576 4240 1803 4311 alligato
1857 4243 2078 4299 ducere-

484 4342 593 4399 tur,
628 4346 739 4389 tota
768 4336 893 4392 urbs
920 4339 989 4392 ad
1020 4339 1421 4409 hippodromum
1463 4348 1721 4409 accurrit,
1770 4346 2078 4419 eductisque

488 4456 515 4494 e
571 4457 780 4495 carcere
841 4446 1101 4513 captivis,
1161 4449 1321 4502 simul
1407 4459 1552 4509 totus
1640 4455 1866 4523 populus
1925 4472 2073 4510 reum

486 4547 844 4615 imperatorite
874 4549 1088 4618 ultioni,
1127 4554 1226 4606 etsi
1280 4554 1430 4608 nulla
1480 4557 1697 4627 dignum
1748 4560 1916 4628 venia,
1951 4562 2075 4615 sub-

482 4649 655 4703 duxit.
692 4649 880 4706 Palam
937 4669 1071 4708 sane
1102 4655 1323 4711 videtur
1359 4673 1481 4715 esse
1532 4661 1625 4715 hic
1673 4661 1741 4716 de
1796 4661 2075 4725 Theodori

482 4759 894 4828 conspiratione
920 4761 1029 4832 agi,
1086 4764 1180 4833 qui
1217 4779 1364 4820 anno
1410 4781 1536 4821 cum
1595 4767 1910 4826 tardissime
1962 4771 2071 4827 574

480 4864 659 4935 capite
687 4864 883 4934 plexus
914 4875 1034 4922 est:
1072 4868 1254 4926 missis
1311 4871 1457 4925 enim
1509 4872 1632 4929 aliis
1689 4889 1813 4943 quae
1864 4890 1933 4930 ex
1966 4877 2072 4933 hac

483 4967 871 5041 Chrysostomi
906 4972 1228 5030 narratione
1249 4975 1506 5032 oriuntur
1534 4977 1967 5047 diﬁieulmtibus,
2008 4982 2065 5038 in

476 5075 598 5143 ejus
632 5074 756 5131 Vita
781 5078 1163 5149 explanandis,
1193 5082 1245 5136 id
1272 5092 1418 5138 certe
1438 5083 1663 5154 planum
1690 5087 1923 5152 videtur,
1957 5105 2066 5145 non

482 5194 651 5248 posse
696 5180 969 5239 Theodori
1025 5200 1215 5241 necem
1257 5187 1399 5244 ultra
1456 5206 1663 5247 annum
1697 5193 1804 5248 574
1840 5195 2065 5252 dill‘erri.

479 5283 599 5350 Quo
632 5288 814 5356 posito
841 5291 1076 5357 calculo,
1114 5308 1226 5348 non
1270 5304 1393 5350 ante
1434 5297 1529 5351 Itos
1567 5299 1766 5365 decem,
1815 5302 1898 5357 vel
1946 5311 2069 5356 ante

482 5391 571 5443 Las
605 5391 882 5447 duodecim
914 5412 1090 5452 annos
1142 5399 1390 5456 dicturus
1436 5412 1557 5459 erat
1612 5404 2064 5478 Chrysostomus,

483 5502 544 5547 ut
574 5500 893 5567 supputatio
941 5513 1257 5560 constaret:
1287 5522 1410 5561 nam
1458 5508 1512 5563 in
1558 5511 1936 5582 presbyterum
1968 5513 2068 5569 ad-

481 5594 659 5654 iectus
684 5616 830 5657 anno
852 5603 981 5671 586,
1015 5607 1221 5678 aliquot
1267 5612 1471 5682 elapsis
1523 5625 1711 5685 postea
1754 5618 2060 5691 mensibus,

476 5699 592 5758 hinc
622 5706 1066 5770 condonabatur.
1874 5701 1879 5711 ‘

2259 3173 2499 3228 Alteram
2561 3185 2746 3233 notam
2781 3189 3102 3237 mutuamur
3132 3198 3198 3239 ex
3246 3186 3478 3243 homilia
3535 3186 3749 3259 quadam

2190 3291 2377 3335 contra
2403 3280 2623 3339 Judteos
2676 3302 2823 3343 anno
2867 3288 2973 3343 587
3012 3290 3234 3357 habita,
3295 3293 3389 3349 ubi
3456 3293 3582 3349 talia
3629 3291 3754 3345 fatur

2188 3380 2654 3455 Chrysostomus:
2695 3388 2848 3455 Quod
2877 3408 2997 3447 vero
3040 3393 3158 3464 jam
3189 3396 3436 3452 dicturus
3466 3413 3577 3452 sum
3614 3395 3752 3449 etiam

2187 3489 2476 3546 admodum
2504 3493 2785 3564 juvenibus
2813 3510 2892 3553 est
2920 3498 3121 3554 clarum
3152 3520 3217 3557 ac
3259 3506 3610 3575 perspicuum.
3645 3498 3750 3552 Non

2187 3596 2560 3673 enim’gestum
2596 3610 2674 3654 est
2704 3601 2801 3655 sub
2847 3603 3087 3659 Adriano
3139 3615 3233 3659 aut
3274 3606 3640 3663 Constantino.
3674 3600 3749 3654 sed

2187 3701 2282 3755 sub
2314 3704 2629 3771 imperatore
2666 3708 2758 3777 qui
2794 3708 2898 3777 fuit
2924 3718 3079 3764 (etate
3122 3722 3309 3766 nostra
3342 3722 3463 3767 ante
3500 3724 3655 3765 annos
3683 3705 3747 3758 ri-

2189 3806 2346 3876 ginti.
2373 3811 2587 3863 Etenim
2612 3827 2730 3865 cum
2760 3810 3037 3883 Julianus,
3071 3818 3162 3888 qui
3213 3817 3551 3888 imperatores
3591 3824 3745 3868 eomes

2186 3916 2455 3983 superavit
2490 3918 2783 3989 impietate,
2820 3933 3028 3977 vocaret
3079 3922 3201 3978 illos
3236 3926 3309 3979 ad
3359 3918 3744 3992 sacriﬁcandum

2187 4018 2365 4085 idolis,
2406 4031 2537 4090 etc.,
2562 4024 2655 4079 ubi
2685 4040 2869 4095 parem
2904 4028 3311 4102 ἁναχρονισμόν
3346 4026 3741 4085 animadvertas.

2184 4122 2436 4180 Julianus
2474 4127 2620 4182 enim
2662 4145 2809 4186 anno
2859 4132 2966 4187 565
2998 4135 3310 4192 exstinctus
3355 4144 3460 4201 est,
3506 4149 3535 4187 a
3579 4141 3678 4200 quo
3703 4120 3743 4179 si

2187 4229 2510 4298 supputatio
2536 4231 2853 4298 duceretur,
2906 4251 3052 4291 anno
3088 4237 3195 4293 585
3241 4240 3361 4295 haec
3415 4234 3742 4294 concionatus

2183 4346 2332 4393 esset
2358 4337 2810 4411 Chrysostomus.
2841 4343 3008 4415 Atqui
3042 4356 3172 4402 tunc
3202 4348 3470 4405 diaconus
3508 4343 3594 4399 ille
3623 4340 3741 4396 erat,

2182 4459 2363 4516 neque
2402 4448 2571 4503 ullam
2612 4450 2680 4506 ad
2710 4452 2973 4522 populum
3010 4456 3337 4513 concionem
3386 4450 3573 4510 habuit
3610 4451 3741 4500 ante-

2184 4566 2351 4620 quam
2388 4553 2670 4626 presbyter
2703 4556 3076 4625 ordinaretur,
3109 4570 3170 4616 ut
3211 4562 3332 4632 ipse
3362 4560 3416 4615 in
3461 4556 3630 4630 prima
3656 4559 3740 4604 sua

2185 4653 2413 4710 homilia
2469 4659 2795 4716 testiticatur
2848 4678 3057 4734 supra:
3108 4667 3397 4723 ordinatus
3443 4670 3617 4718 autem
3670 4656 3740 4706 est

2178 4779 2325 4819 anno
2359 4764 2484 4832 586,
2520 4777 2580 4823 ut
2613 4784 2757 4840 saepe
2814 4770 3058 4828 diximus
3088 4782 3143 4829 et
3175 4774 3427 4845 pluribus
3476 4772 3737 4824 commou-

2178 4871 2446 4927 strabitur
2471 4873 2526 4927 in
2550 4872 2673 4929 Vita
2699 4876 2748 4948 ej
2759 4892 2822 4932 us
2844 4877 2913 4934 ad
2934 4879 3143 4935 calcem
3161 4878 3402 4951 Operum
3424 4862 3733 4931 adornanda.

2175 4975 2233 5036 ln
2280 4996 2486 5037 annum
2539 4982 2726 5055 itaque
2760 4985 2867 5041 586
2927 4985 3030 5042 has
3081 4986 3337 5045 homilias
3386 4977 3732 5041 conferimus:

2174 5103 2352 5160 ηθίιιιθ
2392 5100 2653 5159 Putamus
2694 5099 2875 5147 tamen
2908 5092 3077 5149 hasce
3106 5104 3293 5149 contra
3321 5091 3592 5148 Ariamazes
3636 5072 3734 5130 dis-

2170 5194 2508 5264 Ceptationes
2561 5196 2751 5253 eodem
2787 5198 3073 5255 absolutas
3094 5215 3242 5255 anno
3263 5212 3405 5262 esse,
3437 5188 3559 5249 sed,
3594 5189 3647 5235 υι
3670 5174 3729 5228 de

2172 5302 2416 5359 homiliis
2456 5315 2643 5360 contra
2682 5305 2904 5361 Iudaeos
2937 5307 3078 5362 infra
3115 5308 3362 5375 dicetur,
3393 5312 3528 5373 quas
3570 5296 3729 5353 ﬁtP-Pe‘

2168 5418 2254 5462 rat
2287 5424 2434 5464 anno
2463 5411 2592 5476 586,
2627 5428 2773 5468 anno
2803 5414 3053 5485 sequenti
3084 5415 3308 5470 ineunte
3340 5400 3583 5466 absolvit.
3620 5388 3721 5445 llu—

2166 5512 2258 5584 jus
2290 5532 2420 5571 vero
2452 5517 2824 5589 chronologiae
2858 5520 3001 5576 ratio
3043 5521 3320 5578 constabit
3364 5530 3430 5571 ex
3478 5508 3581 5581 “59.
3618 5503 3725 5565 qua

2166 5621 2219 5675 in
2257 5620 2462 5680 Monito
2500 5625 2564 5682 ad
2601 5624 2869 5685 llomilias
2915 5637 3105 5685 contra
3143 5629 3358 5685 Judwos
3395 5617 3528 5678 infra
3562 5606 3723 5664 dicen:

2167 5737 2272 5784 tur.
