3942 6388
75 372 168 429 699

74 490 269 559 λιμένα,
298 491 475 546 πάλ-ν
505 494 572 565 τῇ
604 496 729 566 σιγῇ
763 495 891 561 τοὺς
918 495 1109 566 λόγους
1141 498 1565 569 ἀναπαύσωμεν.
1596 498 1737 553 ’Δλλ’

72 577 158 630 οὐκ
192 577 481 634 ἐθέλωσιν
511 582 860 650 ἀφίστασθαι,
892 584 1030 638 ἀλλά
1056 585 1463 657 δυσχεραίνουσι
1488 588 1584 640 καὶ
1604 588 1738 655 ἁγα-

74 664 347 730 νακτοῦσι,
400 668 627 734 πάντως
672 672 1048 745 ἐμπλησθῆναι
1094 673 1188 726 τοῦ
1241 674 1506 744 λειμῶνος
1547 674 1739 728 ὲπιθυ-

78 753 304 822 μοῦντες.
346 753 527 810 Ἀλλά
554 758 711 810 τοῦτο
741 760 1042 830 ἀμήχανον,
1077 753 1122 813 ὦ
1152 761 1359 824 παῖδες.
1392 760 1740 832 Παυσώμεθα

74 837 151 894 οὖν
205 840 510 908 διώκοντες
564 846 827 916 ἀκίχητα·
876 849 1038 919 ἀρκεῖ
1075 851 1156 912 εἰς
1208 850 1563 921 παραμυθίαν
1609 852 1740 921 ἡμῖν

76 929 154 983 καὶ
188 929 255 983 τά
282 931 600 1003 εἰρημένα·
632 935 753 986 ἐπεὶ
797 936 890 988 καὶ
933 936 1027 989 ἐπὶ
1067 936 1175 990 τῶν
1220 936 1405 1010 μύρων
1434 938 1543 991 τῶν
1573 940 1739 991 πολυ-

74 1017 236 1081 τελῶν,
274 1018 381 1071 οὐκ
433 1019 541 1073 ἐὰν
568 1020 659 1074 τὸν
702 1021 905 1092 λέϐητα
951 1023 1050 1097 χέῃ
1091 1041 1175 1088 τις
1226 1024 1405 1095 μόνον,
1451 1026 1588 1079 ἀλλὰ
1634 1026 1740 1080 κᾶν

76 1104 225 1177 ἄκρας
252 1107 357 1177 τῆς
404 1108 739 1177 ἐπιφανείας
787 1110 993 1181 ἅψηται
1039 1113 1154 1175 τοῖς
1204 1112 1521 1177 δακτύλοις,
1558 1114 1648 1168 τόν
1680 1132 1739 1168 τε

77 1193 190 1262 ἀέρα
228 1194 558 1264 ἀνέχρωσε,
583 1197 678 1250 καὶ
735 1199 873 1260 τοὺς
913 1199 1189 1267 παρόντας
1234 1200 1333 1271 τῆς
1376 1201 1606 1261 εὐωδίας
1653 1204 1741 1255 ὲνρ

79 1277 283 1350 ἔπλησεν
332 1280 631 1346 ἅπαντας⁸
662 1283 691 1337 ὃ
737 1283 800 1355 δὴ
859 1285 953 1337 καὶ
984 1283 1080 1338 νῦν
1109 1287 1369 1354 γέγονεν,
1417 1288 1478 1341 ού
1521 1289 1610 1343 διὰ
1641 1289 1739 1360 τὴν

80 1366 274 1436 δύναμιν
296 1367 413 1422 τῶν
448 1370 742 1442 ἡμετέρων
774 1371 970 1439 λόγων,
1005 1373 1142 1428 ἀλλά
1169 1374 1257 1428 διά
1277 1374 1376 1446 τὴν
1409 1376 1607 1447 ἀρετὴν
1631 1379 1740 1431 τῶν

80 1453 236 1506 τούτου
266 1455 745 1529 κατορθωμάτων.
778 1461 1055 1531 Ἀπίωμεν
1087 1459 1202 1526 οὖν,
1241 1462 1493 1533 ἀπίωμεν
1533 1465 1614 1526 εἰς
1650 1465 1740 1517 εὑ-

82 1545 158 1611 χὰς
189 1543 608 1610 καταλύσαντες
632 1563 645 1577 ·
681 1548 966 1619 δεηθῶμεν
1013 1548 1155 1603 ὥστε
1206 1551 1310 1620 τὴν
1356 1551 1540 1622 κοινὴν
1582 1552 1739 1624 ἡμῶν

83 1633 263 1701 μητέρα
288 1633 602 1688 ἀσάλευτον
635 1635 817 1706 μένειν
847 1637 942 1690 κοιλ⁵
975 1637 1253 1710 ἀκίνητον,
1286 1640 1496 1693 καὶτὸν
1528 1643 1740 1714 πατέρα

86 1721 258 1785 τοῦτον,
297 1722 393 1776 τὸν
423 1723 775 1788 διδάσκαλον,
816 1724 909 1778 τὸν
954 1726 1210 1796 ποιμένα,
1251 1727 1345 1781 τὸν
1372 1728 1736 1800 κυϐερνήτην,

85 1807 191 1876 πρὸς
214 1812 573 1882 μακροτέραν
592 1811 934 1883 ἐξενεχθῆναι
959 1812 1199 1882 ζωήνΕί
1219 1833 1303 1879 τις
1319 1816 1447 1886 ὑμῖν
1470 1818 1565 1871 καί
1581 1818 1738 1889 ἡμῶν

85 1894 238 1963 λόγος·
273 1899 335 1950 οὐ
360 1899 479 1970 γὰρ
516 1899 582 1970 δὴ
613 1900 750 1970 μετά
787 1899 896 1953 τῶν
932 1901 1118 1972 ἱερέων
1147 1903 1372 1968 ἑαυτοὺς
1415 1905 1738 1975 καταλέγειν

88 1983 410 2056 τολμήσομεν,
438 1986 600 2061 [445]
623 1988 807 2059 ἐπειδὴ
831 1988 965 2064 μηδὲ
985 1988 1145 2059 θέμις
1162 1990 1233 2044 τά
1248 1991 1576 2063 ὲκτρώματα
1600 1996 1738 2065 μετά

91 2070 172 2123 τῶν
203 2072 540 2144 ἀρτιοτόκων
573 2077 830 2149 ἀριθμεῖν
851 2092 864 2108 ·
893 2076 942 2128 εἰ
976 2074 1033 2129 δέ
1072 2093 1157 2141 τις
1187 2078 1315 2150 ὑμῖν
1342 2080 1435 2134 καὶ
1478 2080 1614 2153 ἐμοῦ
1643 2082 1734 2135 λό-

1013 380 1268 450 SERMO,
1307 383 1452 441 CUM
1488 383 1899 441 PRESBYTER
1939 384 2102 442 FUIT
2140 386 2561 448 0RDINATUS.

3400 391 3504 447 700

1841 517 1959 569 γος,
1999 502 2188 575 ὥσπερ
2230 505 2631 578 ἀμϐλωθριδίου
2659 506 2802 571 τινὸς
2824 546 2839 571 ,
2877 506 3105 580 δεήθητε
3145 505 3345 577 πολλὴν
3380 508 3516 576 ἡμῖν

1839 590 2046 644 ἄνωθεν
2091 593 2342 660 γενέσθαι
2383 594 2483 664 τὴν
2526 595 2718 664 ῥοπήν.
2766 594 2911 648 Ἔδει
2957 595 3055 665 μὲν
3093 594 3203 665 γὰρ
3232 596 3365 665 ἡμῖν
3417 595 3515 647 καὶ

1841 678 2106 749 πρότερον
2127 679 2448 748 ἀσφαλείας,
2470 681 2558 734 ὅτε
2581 680 2705 735 καθ’
2723 682 2952 746 ἑαυτοὺς
2981 681 3192 753 ἐζῶμεν
3213 681 3303 735 τὸν
3332 680 3515 752 ἀπρά-

1840 781 2018 836 γμονα
2058 766 2169 838 βίον
2190 783 2203 796 ο
2238 768 2429 839 ἐπειδὴ
2462 768 2519 821 δὲ
2563 771 2640 833 είς
2692 769 2856 840 μέσον
2887 769 3164 841 ἦχθημεν·
3196 767 3259 822 τὸ
3296 769 3355 821 δὲ
3392 768 3514 831 πῶς

1840 852 2101 924 παρίημι,
2119 855 2230 908 εἴτε
2251 855 2568 928 ἀνθρωπίνῃ
2593 857 2820 928 σπουδῇ,
2845 857 2957 910 εἴτε
2982 859 3164 929 χάριτι
3187 857 3333 928 θείᾳ·
3359 855 3513 910 οὐδὲν

1840 940 1951 1013 γὰρ
1980 943 2113 1012 ἡμῖν
2144 942 2455 1012 φιλονεικῶ,
2477 944 2567 997 ἵνα
2595 946 2683 1016 μήι
2697 963 2780 1009 τις
2811 947 2905 999 καὶ
2930 944 3511 1017 είρωνεύεσθαίφαίψ

1842 1028 1983 1100 πλὴν
2024 1029 2140 1082 ἀλλ’
2180 1031 2369 1102 ἐπειδὴ
2398 1032 2682 1103 ἧχθημεν,
2713 1033 2808 1086 καὶ
2854 1033 2945 1087 τὸν
2987 1031 3153 1101 ζυγὸν
3186 1033 3376 1087 τοῦτον
3413 1032 3517 1085 ὑπ·-

1841 1115 2038 1186 έδυμεν
2064 1117 2156 1170 τὸν
2184 1119 2402 1190 ἰσχυρὸν
2430 1120 2520 1172 καὶ
2555 1119 2743 1190 βαρὺν,
2775 1120 2986 1174 πολλῶν
3012 1121 3144 1190 ἡμῖν
3176 1119 3257 1172 δεῖ
3293 1118 3518 1190 χειρῶν,

1845 1206 2056 1277 μυρίων
2103 1207 2300 1278 εύχῶν,
2348 1206 2489 1261 ὥστε
2539 1208 2832 1279 δυνηθῆναι
2879 1210 2980 1280 τὴν
3042 1207 3517 1279 παρακαταθήκην

1840 1294 2135 1348 ἀποδοῦναι
2166 1294 2311 1349 σώαν
2339 1294 2417 1367 τῷ
2446 1296 2959 1368 παρακαταθεμένῳ
2984 1297 3228 1367 Δεσπὸτῃ
3254 1295 3393 1348 κατά
3418 1295 3517 1366 τὴν

1840 1384 2057 1456 ἡμέραν
2098 1385 2334 1456 ἐκείνην,
2364 1386 2493 1439 ὅταν
2521 1387 2571 1439 οἱ
2616 1386 2684 1439 τά
2725 1386 2963 1440 τάλαντα
3000 1384 3380 1447 πιστευθέντες
3419 1400 3519 1437 κα-

1842 1474 2040 1529 Λῶνται
2068 1474 2163 1528 καὶ
2193 1475 2540 1544 είσάγωνται,
2577 1475 2670 1528 καὶ
2700 1473 2799 1537 τὰς
2828 1473 3057 1537 εὐθύνας
3090 1472 3353 1543 ὑπέχωσι.
3380 1471 3516 1541 Δεή-

1842 1561 1974 1633 θητε
2005 1559 2182 1615 τοίνυν
2205 1561 2278 1633 μὴ
2303 1562 2411 1615 τῶν
2440 1561 2738 1632 δεδεμένων
2764 1563 2912 1631 ἡμᾶς
2933 1559 3213 1629 γενέσθαι,
3246 1557 3381 1629 μηδὲ
3406 1556 3519 1609 τῶν

1841 1651 1924 1713 είς
1950 1650 2012 1703 τὸ
2044 1649 2234 1713 σκότος
2260 1649 2695 1719 ἐκϐαλλομένων,
2722 1639 2858 1702 ἀλλά
2896 1648 3005 1702 τῶν
3035 1646 3351 1719 δυναμένων
3388 1660 3518 1711 συγ-

1845 1732 2072 1803 γνώμης
2104 1732 2235 1801 γοῦν
2284 1733 2511 1804 μετρίας
2551 1734 2758 1802 τυχεῖν,
2791 1729 2974 1801 χάριτι
3007 1730 3103 1783 καὶ
3136 1726 3519 1800 φιλανθρωπίᾳ

1844 1823 1939 1876 τοῦ
1985 1822 2192 1894 Κυρίου
2237 1823 2396 1893 ἡμῶν
2440 1821 2615 1892 Ἰησοῦ
2667 1820 2925 1892 Χριστοῦ,
3047 1821 3081 1890 ἡ
3130 1818 3259 1884 δόξα
3305 1816 3401 1869 καλ⁸
3453 1813 3517 1867 τὸ

1843 1909 2044 1981 κράτος
2070 1911 2165 1965 καὶ
2192 1913 2225 1982 ἡ
2251 1908 2622 1982 προσκύνησις
2643 1909 2723 1972 είς
2749 1909 2874 1973 τοὺς
2909 1906 3109 1971 αἰῶνας
3140 1905 3249 1960 τῶν
3280 1903 3511 1959 αἰώνων.

1856 1999 2048 2071 Ἀμήν.

2998 2520 3395 2533 ...α-...νοςκ-ο

1595 2782 1995 2846 ΜΟΝΙῚἮΜ.

223 3102 366 3178 [ut]
414 3105 670 3163 Primam
698 3123 830 3164 vero
857 3108 1084 3165 absente
1106 3107 1369 3164 Flaviano
1391 3106 1649 3178 episcopo
1676 3108 1743 3161 ad

177 3211 416 3279 populum
454 3212 677 3268 habuit.
710 3211 853 3268 Hinc
886 3213 1117 3269 solerter
1143 3213 1236 3268 ille
1271 3210 1529 3267 laudandi
1559 3220 1744 3282 pasto-

174 3312 237 3365 ris
271 3330 456 3369 ansam
528 3314 761 3385 arripit;
814 3327 1004 3386 postea
1046 3316 1371 3388 jampridem
1419 3316 1745 3371 destinatam

172 3428 340 3475 contra
369 3422 691 3478 Anommos
734 3438 972 3494 pugnam
1014 3423 1153 3478 init:
1184 3439 1347 3493 quam
1388 3438 1447 3477 se
1477 3422 1604 3479 ideo
1636 3433 1746 3475 tar-

171 3521 277 3578 dius
326 3526 658 3595 suscepisse
709 3536 1130 3593 commemorat,
1169 3526 1315 3597 quod
1364 3527 1568 3582 multos
1595 3527 1748 3580 Ann-

178 3642 423 3683 moeorum
448 3630 678 3685 videret
704 3632 1068 3688 concionibus
1112 3632 1305 3688 adesse
1352 3633 1489 3699 suis,
1523 3649 1588 3688 ac
1622 3648 1750 3688 cum

174 3734 427 3801 voluptate
453 3752 636 3792 aures
667 3738 772 3792 sibi
801 3738 1043 3809 praebere
1069 3757 1083 3793 :
1111 3739 1468 3808 quamobrem
1514 3754 1582 3794 ne
1610 3754 1751 3808 prte-

171 3836 273 3891 dam
314 3843 587 3911 abigeret,
614 3842 691 3895 ait
720 3842 829 3908 ille,
860 3851 1048 3913 utpote
1077 3843 1320 3913 ipsorum
1372 3845 1585 3898 animos
1621 3844 1753 3898 irre-

173 3944 298 4012 tiret,
332 3947 594 4019 linguam
623 3947 694 4003 ab
739 3947 1058 4019 huiusmodi
1101 3948 1494 4005 certaminibus
1532 3963 1754 4004 coerce-

172 4045 265 4102 bat.
310 4048 556 4107 Demuln
598 4050 944 4108 hortantibus
984 4052 1094 4109 illis
1138 4053 1270 4123 ipsis
1303 4061 1364 4108 ut
1426 4054 1481 4108 in
1524 4068 1749 4109 arenam

174 4156 550 4223 descenderet,
592 4157 988 4215 Anommorum
1019 4176 1234 4216 errores
1286 4160 1548 4232 impetere
1589 4175 1752 4217 orsus

173 4269 262 4323 est,
283 4262 458 4319 amico
479 4272 679 4319 tamen
705 4264 911 4334 animo,
942 4280 1054 4321 non
1081 4275 1140 4323 ut
1171 4265 1514 4323 adversarios
1535 4266 1744 4334 feriret,

178 4365 259 4418 sed
287 4377 342 4423 ut
364 4368 621 4438 jacentes
646 4369 898 4441 erigeret.

241 4468 541 4529 Secundam
566 4483 753 4527 contra
784 4474 1065 4530 Anomwos
1110 4474 1392 4530 bomiliam
1427 4475 1751 4547 interposito

179 4577 455 4634 multorum
514 4578 735 4635 dierum
799 4581 977 4651 spatio
1029 4583 1448 4653 pronuntiavit:
1507 4584 1749 4654 plurima

178 4682 306 4736 enim
334 4684 794 4757 Chrysostomum
835 4703 866 4743 a
916 4688 1187 4746 destinato
1227 4706 1392 4746 cursu
1439 4692 1754 4763 interpella-

185 4797 330 4844 runt:
365 4801 559 4847 contra
599 4791 817 4851 Judaeos
864 4810 1061 4867 nempe
1110 4796 1319 4864 habita,
1351 4812 1528 4869 eaque
1557 4800 1752 4855 admo-

184 4892 294 4947 dum
335 4897 650 4954 necessaria
690 4901 1057 4957 concertatio:
1096 4901 1320 4958 Patrum
1380 4906 1749 4974 quorumdam

185 5000 555 5070 spiritualium,
606 5005 688 5061 sic
717 5005 835 5074 ille,
861 5009 1166 5065 adventus:
1205 5009 1308 5066 hos
1331 5024 1498 5081 porro
1530 5009 1749 5068 vicinos

180 5107 430 5171 Quosdam
465 5109 759 5181 episcopos
784 5110 954 5169 fuisse
977 5114 1111 5169 dicit
1145 5115 1214 5181 is,
1252 5115 1348 5184 qui
1378 5114 1601 5171 titulum
1648 5116 1751 5171 ho-

186 5209 334 5266 milia:
374 5215 763 5283 concinnavit;
804 5233 993 5273 verum
1037 5219 1142 5275 hac
1181 5220 1250 5274 de
1278 5236 1338 5275 re
1388 5220 1644 5290 pluribus
1694 5221 1751 5277 in

194 5305 305 5366 Vita
338 5314 723 5388 Chrysostomi
750 5338 762 5373 :
788 5320 1010 5376 demum
1046 5322 1153 5378 illis
1178 5322 1245 5377 ad
1274 5322 1392 5377 loca
1425 5338 1526 5379 sua
1564 5339 1751 5380 rever-

185 5415 268 5479 sis,
299 5430 547 5477 sanctum
574 5440 878 5492 praeconem
918 5442 1181 5498 excepere
1218 5428 1499 5483 memoriae
1541 5437 1749 5501 marty-

184 5531 293 5577 rum
351 5524 697 5598 frequentes,
756 5532 956 5602 quibus
1011 5533 1301 5590 celebratis
1365 5535 1739 5593 intermissam

188 5633 633 5691 concertationcm
661 5638 893 5708 repetiit.

1925 3105 1983 3160 In
2017 3106 2175 3161 tertia
2201 3106 2344 3161 idem
2370 3116 2754 3177 argumentum
2797 3110 2862 3161 de
2888 3107 3439 3179 incomprehensibili-

1852 3221 1957 3265 tate
1987 3210 2084 3265 Dei
2132 3219 2320 3265 contra
2369 3212 2664 3268 Anomuaos
2693 3212 3077 3283 prosequitur:
3114 3201 3220 3268 sub
3268 3211 3435 3265 ﬁnem

1856 3333 1987 3373 vero
2051 3318 2105 3371 in
2159 3318 2438 3373 auditores
2484 3318 2839 3372 vehementer
2892 3317 3205 3384 invehitur,
3252 3317 3435 3386 quod,

1853 3425 2126 3480 concione
2149 3425 2237 3479 cui
2270 3424 2525 3479 alacriter
2555 3439 2775 3494 operam
2808 3423 3013 3478 dabant
3065 3422 3267 3489 soluta,
3314 3437 3440 3478 sese

1855 3529 2042 3585 statim
2082 3528 2474 3593 subducerent,
2504 3537 2558 3583 et
2584 3528 2756 3584 sacris
2784 3527 3060 3600 mysteriis
3105 3542 3229 3600 quae
3262 3526 3441 3583 conti-

1856 3653 1967 3692 nuo
1997 3637 2420 3692 celebrabantur
2447 3652 2557 3691 non
2582 3636 2934 3692 interessent.

1922 3741 1979 3795 ln
2012 3749 2228 3811 quarta,
2260 3747 2384 3810 post
2407 3739 2599 3796 solitas
2631 3746 2819 3794 contra
2843 3738 3129 3794 haereticos
3168 3737 3441 3793 velitatio-

1854 3863 1974 3912 nes,
2023 3847 2190 3903 σαξιυί
2242 3847 2550 3916 gratulatur
2594 3846 2745 3916 quod
2786 3845 3012 3899 monitis
3057 3845 3174 3901 suis
3228 3859 3441 3899 ntorem

1855 3947 2090 4018 gesserit
2126 3962 2463 4017 pravamque
2488 3954 2615 4002 ante
2649 3962 2806 4002 sacra
2857 3947 3115 4018 mysteria
3146 3945 3442 4002 recedendi

1856 4053 2315 4110 consuetudinem
2363 4052 2661 4124 abiecerit:
2701 4051 2848 4107 dolet
2888 4060 3076 4131 tamen
3116 4051 3261 4122 quod
3298 4066 3445 4105 mar-

1856 4160 2144 4231 supiorum
2195 4165 2440 4214 sectores
2478 4156 2702 4227 quidam
2743 4155 3067 4211 concionem
3108 4155 3443 4210 interturba-

1855 4275 2002 4333 rent,
2034 4272 2332 4336 monetque
2358 4280 2427 4321 ne
2457 4280 2652 4319 aurum
2681 4270 3037 4334 argentumve
3059 4261 3116 4316 in
3143 4259 3443 4329 marsupiis

1856 4371 2126 4440 deferant,
2155 4371 2201 4426 si
2238 4371 2405 4426 velint
2432 4371 2592 4426 talem
2622 4378 2830 4443 pestem
2860 4368 3100 4440 abigere.

1926 4477 1986 4532 in
2024 4478 2216 4548 quinta
2259 4477 2514 4543 demum,
2554 4475 2624 4531 iis
2671 4474 2908 4530 breviter
2952 4472 3267 4529 retractatis
3316 4487 3441 4543 qua:

1854 4585 2010 4656 prius
2043 4584 2278 4650 dixerat,
2333 4596 2477 4637 nova
2528 4579 2686 4636 aii‘ert
2720 4586 2912 4636 contra
2943 4579 3235 4635 Anommos
3279 4593 3445 4649 argu—

1856 4697 2063 4745 menta.
2097 4687 2154 4742 in
2185 4686 2274 4743 bis
2297 4700 2465 4758 porro
2505 4684 2868 4741 concionibus
2908 4684 3087 4741 elucet
3118 4683 3443 4755 Chrysosto-

1854 4793 1930 4847 mi
1951 4808 2060 4848 non
2089 4791 2267 4848 solum
2306 4790 2642 4861 eloquentia,
2677 4789 2773 4846 sed
2815 4790 2986 4844 etiam
3028 4787 3301 4861 ἐνέργεια,
3339 4802 3439 4842 seu

1851 4898 1939 4954 vis
1975 4905 2425 4970 argumentorum
2458 4915 2472 4952 :
2509 4911 2613 4952 nec
2659 4896 2844 4975 minus
2893 4893 3258 4966 suspiciendae
3308 4901 3438 4948 sunt

1858 5004 2247 5077 responsiones
2273 5003 2343 5059 ad
2376 5003 2589 5073 objecta
2621 5002 3040 5068 haereticorum;
3074 4999 3148 5054 ita
3200 5006 3260 5054 ut
3297 4995 3441 5051 haud

1856 5125 1888 5165 a
1917 5124 2050 5165 vero
2078 5110 2296 5165 aberret
2329 5108 2378 5165 si
2404 5109 2530 5179 quis
2572 5109 2675 5163 has
2704 5106 2958 5163 homilias
2984 5106 3128 5159 inter
3176 5110 3443 5174 praestau-

1856 5214 2074 5270 tissima
2104 5212 2278 5270 sancti
2314 5211 2559 5268 doctoris
2589 5226 2758 5281 opera
2787 5206 3206 5280 computaverit.

1922 5317 2435 5391 Interpretationem
2483 5330 2652 5386 porro
2700 5312 2977 5370 Theodori
3021 5311 3210 5379 Gazae,
3251 5319 3439 5380 utpote

1854 5421 2326 5495 παραφραπικῶς
2373 5420 2728 5485 adornatam,
2791 5417 2976 5475 verbis
3037 5425 3092 5473 et
3143 5395 3444 5486 aliquando

1854 5528 2142 5586 sententiis
2171 5527 2593 5594 redundantem,
2625 5524 2944 5598 rejecimus,
2975 5537 3283 5596 novamque
3318 5520 3440 5578 edi-

1852 5636 2060 5695 dimus.
