3942 6366
55 484 131 541 ibi

61 645 1447 721 ’,ἔαρ-...ηρα-

937 446 1024 502 ne
1060 416 1754 499 INCOMPREIIENSIBILI
1793 370 2245 466 uernarum.
2285 397 2328 452 t.

3158 366 3263 420 ’ἴθι

1455 586 3265 664 ____________________..___._——-

255 1013 969 1168 EJUSDEM
1077 1001 1277 1129 DE
1391 942 3080 1117 INCOMPBEHENSIBILI,

386 1490 867 1595 CONTRA
957 1462 1612 1573 ANOMCEOS,
1705 1440 2232 1545 ABSENTE
2335 1411 2959 1520 EPISCOPO.

612 2147 830 2190 HOIILIA
870 2140 1054 2182 PRIMA.

141 2273 316 2344 l.Quid
337 2283 421 2328 est
443 2267 592 2324 hoc?
612 2272 796 2336 pastor
822 2260 996 2321 abest,
1014 2263 1069 2309 et
1099 2261 1274 2306 tamen
1289 2259 1418 2301 oves
1438 2245 1643 2295 rectum

91 2367 286 2421 ordinem
302 2364 551 2435 apprime
577 2364 815 2415 servant.
840 2352 981 2408 Sane
1005 2346 1055 2402 id
1082 2356 1294 2415 quoque
1311 2336 1435 2392 honi
1462 2340 1645 2404 pasto—

94 2460 145 2513 ris
184 2457 529 2515 olﬁeiumest,
570 2461 630 2505 ut
682 2463 786 2502 non
821 2452 1026 2498 tantum
1065 2439 1181 2507 ipso
1238 2435 1523 2502 prresente,
1553 2420 1647 2477 sed

96 2550 213 2602 etiam
229 2549 466 2611 absente,
487 2554 712 2597 omnem
735 2536 874 2591 ovile
891 2527 1216 2600 diligentiam
1234 2515 1655 2578 exhibeatJrra-

99 2641 327 2696 tioriabiles
355 2638 562 2710 quippe
592 2647 741 2696 oves,
768 2627 970 2689 cumis,
992 2622 1082 2694 qui
1104 2620 1170 2673 ad
1196 2629 1388 2687 pascua
1418 2609 1650 2666 eductu-

100 2749 165 2788 rus
195 2745 285 2798 est,
313 2733 490 2794 abest,
525 2727 671 2781 intra
716 2727 866 2790 septa
918 2727 1139 2772 manere
1182 2719 1405 2764 necesse
1430 2710 1546 2763 est;
1568 2697 1655 2751 vel

102 2826 131 2876 si
152 2825 325 2894 absque
348 2831 577 2892 pastore
601 2833 631 2871 e
652 2813 802 2870 caula
821 2807 1135 2881 prodierint,
1153 2802 1308 2869 longe
1330 2796 1582 2849 aberrant
1602 2800 1656 2843 et

101 2925 310 2986 vagantur
339 2933 352 2968 :
387 2914 477 2968 hic
507 2919 690 2965 autem
716 2904 848 2961 nihil
874 2895 1197 2971 huiusmodi,
1228 2891 1321 2946 sed
1348 2889 1510 2943 etiam
1535 2883 1658 2938 abs-

102 3020 193 3063 ente
223 3019 424 3078 pastore
443 3047 459 3071 ,
494 3004 606 3060 ritu
634 3008 690 3056 et
717 2997 905 3053 ordine
932 2992 1099 3047 multo
1127 2987 1283 3042 solita
1322 2993 1520 3053 pascua
1560 2974 1658 3029 ad-

103 3100 221 3152 iistis.
246 3100 349 3152 Imo
379 3096 562 3167 potius
597 3102 776 3162 pastor
804 3087 976 3149 adest,
1004 3080 1106 3137 etsi
1131 3095 1235 3133 non
1261 3088 1444 3139 carne,
1472 3070 1661 3125 saltem

105 3188 255 3243 allecto
276 3192 291 3219 ¹
315 3205 329 3255 ;
360 3187 461 3244 etsi
491 3202 604 3239 non
657 3177 938 3251 praesentia
971 3185 1228 3242 corporea
1251 3210 1267 3234 ,
1295 3166 1380 3221 vel
1410 3164 1525 3232 ipso
1550 3158 1661 3213 sal-

105 3290 184 3334 ictu
218 3292 313 3335 tam
364 3282 709 3349 congruente
758 3269 933 3342 gregis
977 3263 1185 3319 ordine.
1232 3259 1463 3326 Ideoque
1496 3249 1665 3321 magis

103 3371 217 3422 illum
242 3347 836 3431 admiror—beatumque
866 3355 1119 3428 pra-dico,
1166 3347 1309 3421 quod
1339 3352 1549 3402 tantum
1572 3356 1668 3396 vo-

100 3460 447 3515 Iiis'studium
526 3455 710 3510 indere
750 3447 1004 3521 potuerit.
1055 3443 1189 3499 Nam
1243 3436 1513 3493 exercitus
1565 3432 1667 3487 du-

101 3568 190 3605 cem
212 3562 307 3607 tum
335 3551 587 3606 maxime
611 3544 951 3615 suspicimus,
977 3553 1099 3593 cum
1144 3536 1303 3591 etiam
1334 3531 1425 3585 illo
1450 3528 1671 3581 absente

102 3644 235 3713 copim
258 3660 409 3702 suum
450 3647 689 3697 servant
716 3634 981 3690 ordinem.
1004 3628 1119 3684 lloc
1139 3636 1193 3682 et
1209 3623 1403 3680 Paulus
1428 3622 1479 3674 in
1507 3618 1670 3673 disci-

105 3739 213 3805 pulis
227 3739 492 3808 qumrebat
512 3777 533 3798 ,
552 3748 671 3788 cum
694 3730 893 3785 diceret
915 3745 928 3779 :
947 3724 971 3778 1
982 3735 1146 3793 taque,
1168 3722 1351 3792 fratres
1375 3716 1469 3769 mei
1485 3715 1525 3776 ³,
1544 3713 1673 3766 sicut

104 3848 260 3899 mnper
286 3829 498 3886 obedisti
521 3844 563 3891 δ,
598 3840 696 3878 non
718 3832 773 3876 ut
802 3822 855 3875 in
876 3816 1143 3891 prarsentia
1186 3813 1284 3866 mei
1315 3821 1511 3864 tantum
1539 3824 1557 3873 ;
1585 3806 1675 3858 sed

107 3923 231 3974 multo
249 3923 402 3994 magis
432 3921 488 3974 in
539 3914 763 3969 absentia
811 3927 942 3965 mea.
994 3908 1175 3976 Quare
1225 3901 1393 3957 Multo
1435 3901 1596 3970 magis
1620 3897 1679 3949 in

105 4013 290 4068 absentia
315 4030 427 4069 mea
462 4012 480 4085 (
532 4005 834 4078 Philipp.2.
865 4002 932 4057 η
956 4000 977 4073 )
1000 4000 1022 4054 ?
1043 3999 1177 4068 Quia
1205 4002 1470 4067 praisente
1489 3998 1674 4062 pasto-

106 4119 164 4165 re,
184 4106 329 4159 etiam
355 4104 402 4159 si
428 4104 608 4170 lupus
633 4110 849 4168 gregem
874 4090 1111 4153 invadat,
1138 4087 1295 4141 facile
1335 4083 1521 4153 procul
1567 4079 1680 4133 ovi-

106 4195 490 4268 busrepellitur,
561 4193 783 4246 absente
823 4201 953 4242 vero
997 4182 1170 4253 majus
1230 4188 1503 4235 certamen
1551 4175 1684 4229 inire

110 4306 292 4361 gregem
313 4302 547 4347 necesse
573 4294 678 4350 eSt,
706 4281 919 4337 nemine
940 4284 1215 4332 servante.
1235 4270 1315 4326 Ad
1356 4269 1472 4325 haec
1502 4275 1679 4322 autem

116 4393 268 4452 pastor
290 4399 408 4438 cum
431 4394 604 4453 grege
638 4374 966 4436 mercedem,
1026 4369 1070 4423 si
1114 4380 1353 4439 prmsens
1395 4362 1486 4429 sit,
1516 4361 1684 4431 parti-

117 4478 305 4542 tur;sin
334 4477 498 4541 absit,
534 4479 711 4527 totum
741 4465 890 4538 gregi
934 4462 1058 4518 boni
1086 4459 1265 4529 operis
1317 4455 1566 4509 meritum
1599 4466 1687 4505 re—

116 4567 328 4640 linquere
352 4568 591 4624 videtur.
622 4562 717 4616 llis
746 4576 843 4614 nos
882 4555 1168 4625 alloquitur
1193 4560 1249 4606 et
1268 4549 1462 4603 doctor
1482 4553 1686 4609 noster,

117 4672 159 4715 et
180 4663 488 4732 ubicumque
515 4656 733 4713 laudent
762 4655 851 4718 sit,
879 4649 1465 4718 nosjamnostrumque
1491 4646 1687 4694 emtum

118 4765 275 4809 mente
303 4752 556 4816 revolvit,
578 4761 681 4803 nec
701 4754 807 4800 tam
845 4756 941 4798 eos
980 4738 1295 4811 quibuscum
1312 4733 1426 4804 jam
1458 4744 1694 4802 praesens

122 4857 336 4902 versatur
356 4860 521 4918 quam
545 4855 649 4897 nos
672 4840 919 4894 absentes
946 4831 1181 4905 respicit.

181 4937 308 4992 Laus
332 4933 600 4991 Flaviani.
623 4960 694 4971 -—
718 4928 856 4984 Novi
889 4926 1183 4982 ferventem
1222 4920 1366 4974 illius
1395 4916 1694 4977 caritatem,

126 5030 308 5128 igneam
338 5032 510 5096 illam,
556 5024 835 5079 ardentem
881 5028 1044 5089 atque
1073 5010 1515 5085 insuperabilem,
1535 5021 1696 5078 quam

192 5123 200 5128 ’
390 5121 402 5128 ⁵
472 5120 484 5128 ⁵
566 5117 601 5128 “’
685 5114 698 5128 ¹
740 5113 767 5128 ¹¹
883 5127 889 5128 ί
930 5108 1086 5128 ἀι-Α·
1165 5117 1468 5128 -Αι--νυυ---Α
1521 5098 1696 5128 ιιι-..ΗΛ

128 5119 289 5175 intimo
316 5120 486 5177 animi
531 5117 642 5172 alte
668 5113 899 5169 deﬁxam
930 5108 1110 5175 habet,
1165 5117 1469 5176 magnoque
1521 5098 1698 5154 studio

129 5213 251 5268 colit.
281 5213 460 5269 Probe
489 5209 689 5280 quippe
715 5205 859 5260 novit
884 5203 1054 5275 ipsam
1082 5214 1203 5255 esse
1223 5207 1383 5267 caput
1431 5196 1695 5250 bonorum

129 5306 365 5372 omnium,
395 5303 663 5366 radicem,
691 5300 888 5352 fontem
927 5304 983 5350 et
1019 5300 1268 5355 matrem,
1310 5302 1412 5358 qua
1434 5284 1704 5340 destitutis

128 5405 428 5454 ceterorum
451 5393 600 5449 nulla
636 5389 789 5445 nobis
818 5387 1039 5443 utilitas.
1088 5382 1213 5438 Haec
1239 5379 1381 5433 enim
1410 5374 1705 5445 discipulo-

132 5502 232 5542 rum
276 5488 488 5543 Domini
534 5486 711 5553 imago
736 5491 840 5549 est,
869 5491 1150 5535 servorum
1182 5472 1274 5528 Dei
1299 5470 1595 5532 character,
1622 5467 1706 5521 in-

131 5579 306 5634 dicium
325 5577 696 5650 apostolorum
721 5591 734 5627 :
761 5571 826 5626 In
856 5571 967 5637 hoc,
997 5567 1188 5638 inquit,
1222 5569 1519 5634 cognoscent
1537 5575 1709 5612 omnes

190 5715 209 5785 ξ
233 5722 363 5785 flare,
386 5711 481 5785 etsi
500 5724 613 5785 ‘non
655 5721 819 5785 carne,
843 5705 1013 5778 saltent
1034 5704 1225 5768 affecta,
1248 5700 1427 5771 desunt
1450 5698 1499 5746 in
1525 5694 1710 5752 Morel.,

806 5784 809 5785 ν
1101 5769 1530 5785 ..μηηηηηωηηη
1557 5765 1691 5785 HW...

137 5777 211 5849 Sed
233 5763 477 5849 habentur:
500 5776 548 5823 iu
569 5770 708 5849 Savil.
730 5778 789 5849 let
805 5763 1531 5825 inmaxitnti'mm’tuscriptorum
1557 5765 1709 5822 [3.110.

194 5840 216 5912 ζ
244 5839 341 5912 alii,
367 5831 813 5912 ηρςήδηαιίἱκῑεοὺὰ.

199 5901 216 5930 ³
251 5899 351 5951 Alii.
374 5899 544 5954 dilecti
566 5898 679 5948 mei.

1749 2092 1884 2166 quod
1908 2065 2145 2158 discipuli
2170 2098 2266 2137 met
2288 2086 2404 2134 estts
2430 2073 2449 2147 (
2495 2071 2653 2126 Joan.
2702 2065 2789 2121 15.
2829 2062 2899 2118 55
2927 2061 2945 2128 )
2970 2075 2993 2112 τ
3021 2056 3075 2110 in
3103 2065 3229 2123 quo,
3260 2048 3347 2103 die

1751 2182 1930 2239 mihi?
1969 2193 2096 2234 num
2126 2170 2269 2244 quod
2311 2174 2551 2222 mortuos
2603 2153 2895 2215 suscitetis,
2924 2150 3165 2217 leprosos
3190 2155 3346 2196 mun-

1750 2275 1910 2337 detis,
1941 2278 2034 2324 aut
2076 2266 2349 2321 daemones
2394 2252 2675 2325 expellatis
2708 2247 2732 2301 ?
2759 2243 2996 2304 Minime,
3028 2234 3220 2305 inquit,
3251 2227 3347 2284 sed

1750 2367 1839 2421 his
1861 2362 2108 2420 omnibus
2148 2349 2549 2425 praetermissis.
2581 2342 2646 2396 In
2674 2342 2788 2404 hoc,
2816 2333 3009 2403 inquit,
3051 2330 3350 2398 cognoscent

1755 2472 1927 2513 omnes
1942 2451 2080 2525 quod
2105 2444 2346 2516 discipuli
2372 2440 2470 2494 mei
2496 2436 2638 2498 estis,
2678 2433 2721 2485 si
2746 2445 2832 2484 vos
2858 2425 3072 2479 invicem
3098 2410 3343 2488 diligatis.

1827 2507 2186 2601 Ad—ct'trilalcnt
2202 2507 2425 2591 humana
2440 2524 2703 2598 diligentia
2718 2509 3187 2587 requiritur.—llla
3203 2507 3350 2576 quip-

1759 2637 2004 2713 peunius
2031 2642 2279 2702 superruo
2298 2623 2484 2696 gratiae
2524 2619 2664 2672 dona
2710 2618 2860 2675 sunt,
2900 2608 3002 2661 hoc
3048 2610 3228 2659 autem
3255 2597 3355 2651 hu-

1760 2745 1935 2787 manae
1988 2728 2149 2782 etiam
2192 2714 2487 2787 diligentiae
2514 2717 2599 2766 est
2625 2719 2779 2776 opus.
2812 2700 3148 2757 Generosum
3174 2698 3355 2745 autem

1763 2839 1871 2879 non
1894 2830 2000 2875 tam
2016 2816 2223 2872 crelitus
2241 2810 2365 2865 data
2393 2816 2615 2862 munera
2661 2805 2947 2853 secernere
2972 2786 3169 2852 solent,
3197 2796 3359 2852 quam

1760 2913 1995 2988 propriis
2016 2903 2290 2963 laboribus
2328 2898 2471 2954 edita
2502 2907 2664 2965 opera
2712 2906 2726 2943 :
2763 2898 2930 2957 quare
2957 2896 3063 2936 non
3086 2893 3117 2932 a
3165 2872 3355 2944 signis,

2492 2986 2502 2988 “
2773 2977 2784 2988 ¹
2836 2975 2874 2988 -”
2963 2968 3062 2988 καλε
3115 2965 3355 2988 ρι--ε...--

1765 2965 1817 2988 τ-
1838 2965 1884 2983 -ς

1762 3004 1862 3061 sed
1888 3018 1919 3056 a
1945 2997 2232 3055 dilectione
2280 2986 2572 3057 discipulos
2610 2994 2738 3036 suos
2772 2968 3067 3031 internosci
3113 2965 3362 3023 Christus

1767 3098 1860 3150 ait.
1894 3093 2002 3148 liae
2026 3089 2168 3143 enim
2196 3088 2478 3154 praesente,
2503 3073 2653 3129 nulla
2678 3064 3034 3143 philosophiae
3066 3076 3189 3131 pars
3216 3072 3347 3129 pos-

1769 3184 1963 3243 sidenti
1982 3179 2162 3237 deﬁcit
2184 3148 2211 3243 ς.
2228 3172 2322 3231 sed
2349 3171 2658 3226 universam
2706 3163 2798 3218 ille
2821 3157 3226 3231 perfectamque
3252 3148 3364 3201 vir-

1766 3286 1940 3336 tutem
1967 3273 2192 3337 obtinet,
2211 3258 2661 3337 quemadmodum
2687 3254 2911 3309 absente
2957 3259 3158 3300 vacuus
3212 3237 3367 3294 bonis

1770 3330 2022 3425 uilioribus
2040 3370 2143 3420 est.
2174 3330 2510 3427 Quapropter
2535 3347 2732 3406 Paulus
2761 3343 2931 3413 ipsam
2947 3335 3132 3394 laudat
3154 3330 3367 3388 verbis-

1774 3477 1879 3533 que
1906 3455 2157 3519 extollit;
2195 3420 2309 3505 imo
2333 3420 2671 3517 quantumvis
2697 3432 2915 3500 dixerit,
2947 3442 3059 3484 non
3086 3424 3156 3480 ad
3196 3420 3361 3492 digni-

1779 3562 1942 3611 tatem
1968 3549 2083 3619 ejus
2099 3540 2328 3612 attingit.

1847 3607 1904 3698 2.
1932 3607 2072 3709 Qdid
2097 3607 2392 3694 enim'huic
2430 3642 2527 3699 par
2551 3637 2672 3681 esse
2712 3618 2904 3691 possit,
2933 3627 3052 3685 qua:
3080 3607 3372 3681 prophetas

1780 3748 2056 3806 totamque
2080 3732 2253 3802 legem
2280 3725 2541 3786 continet,
2565 3728 2621 3774 et
2646 3716 2765 3771 sine
2785 3726 2890 3781 qua
2920 3722 3027 3762 nou
3075 3703 3229 3764 ﬁdes,
3260 3714 3369 3752 non

1782 3831 2025 3894 scientia,
2049 3840 2154 3880 non
2180 3816 2561 3892 mysteriorum
2615 3804 2870 3877 cognitio,
2902 3814 3008 3855 non
3031 3798 3206 3866 ipsum
3235 3806 3376 3845 mar-

1787 3923 2000 3995 tyrium,
2025 3933 2132 3972 non
2160 3911 2311 3967 aliud
2363 3905 2635 3977 quidpiam
2661 3900 2743 3953 his
2786 3895 3013 3965 potitum
3041 3899 3259 3944 servare
3278 3897 3376 3937 va-

1787 4018 1891 4072 leat
1919 4014 1943 4067 ?
1971 4012 2108 4067 Nam
2136 4008 2178 4061 si
2223 4002 2501 4065 tradidero,
2546 3995 2739 4064 inquit,
2786 4002 2972 4058 corpus
2998 3997 3165 4038 meum
3213 3978 3287 4032 ita
3322 3985 3378 4030 ut

1788 4107 2017 4169 ardeam,
2038 4100 2301 4156 caritatem
2324 4101 2492 4146 autem
2518 4105 2617 4142 non
2640 4083 2884 4145 habuero,
2904 4075 3033 4131 nihil
3059 4072 3183 4127 mihi
3211 4068 3341 4141 prod
3356 4097 3379 4106 -

1790 4157 2143 4267 est'ileor.
2167 4190 2252 4244 l3.
2289 4187 2324 4241 5
2353 4184 2395 4255 ).
2421 4181 2491 4235 Ει
2522 4176 2650 4232 alibi
2692 4184 2905 4228 rursum
2952 4179 3071 4220 eam
3126 4157 3380 4214 omnibus

1794 4289 2070 4358 majorem,
2099 4288 2155 4336 et
2179 4280 2442 4332 bonorum
2506 4282 2629 4323 esse
2674 4268 2834 4332 caput
2873 4252 3108 4313 ostendit
3156 4250 3381 4304 dicens:

1790 4382 1914 4437 Sive
1957 4371 2236 4448 prophetia:
2281 4361 2676 4421 eoacuabuutur,
2717 4354 2820 4409 sive
2869 4350 3057 4418 lingua:
3092 4339 3379 4405 cessabunt,

1794 4475 1898 4529 sive
1950 4466 2161 4525 scientia
2203 4445 2485 4516 destruetur
2514 4449 2700 4525 (Ibid.
2732 4462 2780 4500 υ.
2804 4442 2906 4514 8).
2953 4437 3165 4493 Manent
3218 4442 3388 4486 autem

1798 4566 1942 4636 ﬁdes,
1974 4577 2086 4631 spes
2107 4566 2153 4612 et
2197 4552 2404 4613 caritas,
2448 4546 2553 4600 tria
2589 4543 2697 4597 ltwc
2720 4557 2738 4606 ;
2764 4536 2929 4605 major
2965 4539 3132 4586 autem
3161 4524 3392 4581 omnibus

1794 4620 1873 4715 est
1896 4620 2082 4712 caritas
2111 4651 2128 4721 (
2154 4649 2240 4703 1b.
2267 4664 2316 4701 υ.
2342 4645 2412 4700 l5
2431 4642 2473 4713 ).
2503 4638 2609 4695 Sed
2630 4650 2740 4690 non
2758 4629 3024 4687 modicam
3052 4620 3208 4678 nobis
3231 4632 3385 4689 quaa-

1796 4751 2027 4807 stionem
2052 4740 2252 4799 haecde
2290 4706 2518 4793 caritate
2557 4729 2703 4785 dicta
2750 4722 3043 4779 inducunt:
3074 4727 3195 4769 nam
3243 4706 3386 4780 quod

1802 4838 2098 4914 prophetia:
2121 4837 2453 4890 evaeuentur
2497 4832 2554 4879 et
2601 4822 2795 4889 lingua:
2828 4819 3067 4874 cessent,
3102 4804 3234 4860 nihil
3256 4799 3384 4856 inde

1796 4935 2028 4991 durum;
2056 4942 2179 4983 cum
2195 4923 2338 4979 enim
2363 4920 2478 4974 haec
2498 4927 2741 4977 numera,
2765 4917 3046 4980 postquam
3073 4912 3227 4955 suum
3261 4906 3397 4964 prat-

1806 5025 2041 5081 stiterint
2055 5035 2230 5082 nsum,
2250 5023 2431 5085 postea
2447 5005 2754 5067 cessabunt,
2770 4998 2906 5055 nihil
2925 4995 3086 5050 verbo
3108 5000 3401 5045 nocumen-

1802 5121 1847 5175 -ti
1876 5116 2069 5171 aﬁ'erre
2091 5081 2358 5180 poterunt,
2389 5099 2655 5171 siquidem
2705 5095 2816 5164 jam
2842 5083 3123 5159 prepltetia
3155 5093 3260 5133 non
3292 5081 3394 5137 est,

1806 5228 1917 5268 non
1934 5209 2234 5278 linguarum
2260 5211 2476 5261 munus,
2504 5200 2560 5248 et
2584 5198 2762 5245 tamen
2790 5179 3005 5254 pietatis
3042 5174 3265 5229 verbum
3294 5178 3403 5221 nou

1812 5303 2119 5375 impeditur.

1887 5364 2156 5462 buomodo
2178 5386 2488 5454 intelligatur
2538 5374 2695 5438 illud,
2725 5366 2945 5426 scientia
2983 5364 3307 5420 destruetur.
3327 5380 3398 5393 --

1808 5490 1968 5560 Quod
1986 5495 2163 5544 autem
2186 5479 2407 5537 scicntia
2432 5475 2758 5529 destruatur,
2780 5464 2850 5516 de
2901 5460 2991 5512 illo
3026 5452 3251 5525 quatstio
3274 5463 3393 5503 mo-

1823 5541 1968 5560 νη

1820 5599 1995 5643 vetur.
2024 5584 2155 5638 Cum
2185 5577 2325 5632 enint
2350 5569 2598 5627 dixisset,
2627 5563 2747 5617 Sive
2774 5552 3054 5627 prophetia:
3079 5541 3402 5602 cuacuabnn-

1821 5695 1924 5748 tur,
1946 5682 2051 5736 sive
2078 5660 2266 5745 lingua:
2285 5667 2569 5728 cessabunt,
2592 5657 2793 5717 intulit,
2816 5653 2934 5707 Sive
2957 5645 3167 5703 scicntia
3186 5640 3415 5693 destrue-

1824 5727 1890 5737 ....
1910 5727 1924 5748 ,
1946 5727 2048 5736 -.η
2557 5727 2560 5728 ν

1824 5787 1925 5829 tur.
1949 5772 2006 5828 Si
2032 5779 2206 5823 autem
2240 5763 2472 5818 futurum
2523 5763 2603 5809 cst
2631 5759 2690 5804 ut
2742 5742 2963 5800 scientia
2994 5742 3190 5796 cesset,
3214 5743 3320 5786 non
3350 5727 3409 5780 iu

1826 5863 2034 5930 melius,
2061 5858 2154 5916 scd
2204 5857 2258 5913 in
2306 5851 2458 5924 pejus
2508 5862 2596 5902 res
2641 5848 2843 5899 nostra:
2888 5831 3126 5890 cedent:
3160 5825 3275 5879 sine
3319 5814 3408 5874 illa
