3942 6366
660 359 766 414 705

659 468 859 537 quippe
887 468 937 524 id
968 486 1185 545 quoque
1206 477 1348 547 quod
1394 478 1637 538 homines
1665 484 1854 552 simus,
1896 487 2205 544 amittemus
2234 507 2248 545 ε

658 558 825 614 Deum
854 564 997 618 enim
1023 607 1037 630 ,
1069 568 1257 639 inquit,
1293 572 1428 639 time,
1459 584 1508 627 et
1550 577 1793 631 mandata
1842 582 1954 647 ejus
2004 581 2254 638 observa:

659 650 755 703 hoc
785 664 857 706 est
881 656 1015 709 enim
1067 661 1231 714 omnis
1282 661 1432 715 homo
1459 663 1477 735 (
1502 663 1786 723 Eccle.12.
1820 671 1885 724 15
1979 672 2035 727 Si
2076 675 2252 744 itaque

656 740 820 797 homo
848 760 969 803 esse
997 748 1136 804 idem
1167 752 1236 805 sit
1270 754 1412 822 quod
1445 757 1606 810 Deum
1639 759 1846 827 timere,
1880 740 2038 819 timor
2070 777 2247 822 autem

658 838 751 891 Dei
782 854 849 893 ex
890 842 1110 897 scientia
1162 847 1400 914 prodeat,
1452 852 1782 923 scientiaque
1830 857 2158 927 destruatur,
2196 871 2252 916 ιιι

656 931 733 982 ait
786 931 976 987 beatus
1021 935 1256 1002 Paulus,
1297 948 1426 996 tunc
1463 941 1699 999 funditus
1754 950 2071 1017 peribimus,
2126 968 2246 1008 cum

666 1023 889 1079 scientia
922 1043 1026 1081 non
1054 1031 1176 1098 erit,
1205 1036 1491 1107 omniaque
1510 1048 1692 1096 nostra
1718 1042 1973 1112 detinent,
1992 1062 2055 1101 ac
2081 1048 2249 1103 brutis

659 1114 824 1169 nihilo
842 1119 1080 1174 melioris
1107 1124 1327 1191 erimus,
1357 1128 1465 1182 imo
1490 1133 1660 1186 multo
1688 1134 1883 1203 pejoris
1901 1138 2243 1193 conditionis.

658 1207 768 1263 llac
792 1212 934 1265 enim
965 1229 1023 1268 re
1052 1231 1154 1269 una
1184 1218 1287 1273 illis
1324 1231 1639 1289 praestamus
1661 1266 1677 1292 ,
1713 1237 1769 1279 ut
1798 1229 1847 1282 in
1896 1230 2014 1283 aliis
2059 1233 2241 1286 omni-

652 1298 751 1352 bus
766 1304 1041 1371 corporeis
1069 1307 1137 1360 ab
1168 1307 1232 1361 iis
1254 1310 1410 1380 longe
1453 1326 1790 1382 superemur.
1813 1317 1951 1386 Quid
1985 1320 2145 1390 igitur
2164 1333 2247 1378 est

652 1388 721 1444 de
738 1406 845 1460 quo
872 1392 1106 1463 loquitur
1129 1397 1346 1462 Paulus,
1376 1416 1498 1457 cum
1528 1406 1621 1469 ait,
1655 1406 1884 1463 Scientia
1910 1388 2192 1469 destruetur
2220 1417 2246 1470 .9

649 1481 764 1536 Non
792 1483 861 1539 de
888 1488 1198 1557 universali,
1232 1492 1325 1547 sed
1350 1494 1416 1549 de
1460 1500 1765 1566 particulari
1795 1503 2024 1572 quadam
2063 1508 2243 1562 scicn-

651 1573 719 1625 tia
749 1574 1000 1646 loquitur,
1030 1581 1446 1641 destructionem
1471 1603 1670 1644 vocans
1689 1608 2031 1664 progressum
2051 1597 2101 1651 in
2126 1614 2242 1655 me-

650 1663 751 1718 lius
782 1683 795 1718 :
832 1667 905 1721 ita
929 1677 988 1723 ut
1026 1674 1358 1740 particularis
1390 1678 1479 1734 illa
1515 1663 1811 1752 de5tructa,
1854 1703 1961 1741 non
2009 1690 2239 1758 amplius

647 1756 717 1808 sit
757 1759 1114 1829 particularis,
1148 1764 1243 1839 sed
1297 1768 1550 1836 perfecta.
1593 1771 2054 1841 Quemadmodum
2096 1756 2239 1836 enim

646 1849 862 1915 puerilis
888 1862 1018 1908 a'tas
1070 1854 1384 1926 destruitur,
1429 1879 1534 1917 non
1562 1865 1741 1922 deleta
1792 1872 2115 1940 substantia,
2140 1874 2235 1930 sed

641 1949 797 1994 aucta
824 1953 1025 1999 statura
1052 1957 1105 2001 et
1130 1949 1182 2002 in
1212 1952 1383 2006 virum
1413 1957 1708 2024 perfectum
1758 1961 2047 2032 evadente,
2086 1965 2164 2021 sic
2184 1976 2239 2022 et

644 2033 696 2086 in
727 2034 948 2091 scientia
978 2042 1174 2095 evenit.
1204 2043 1391 2110 Parva,
1417 2047 1607 2117 inquit,
1636 2050 1753 2106 lucc
1772 2070 1881 2107 non
1914 2055 2046 2109 ultra
2075 2072 2235 2127 parva

647 2125 770 2190 erit,
802 2128 1017 2197 quando
1042 2131 1298 2204 deinceps
1337 2152 1528 2209 magna
1592 2141 1858 2199 efficietur
1884 2163 1897 2196 :
1926 2147 2004 2201 sic
2036 2125 2231 2203 intelli-

638 2215 871 2286 gendum
889 2218 1036 2284 illud,
1067 2222 1350 2280 destruetur
1371 2243 1391 2282 :
1418 2231 1560 2298 quod
1591 2232 1786 2290 clarius
1810 2235 1862 2289 in
1885 2239 2235 2307 sequentibus

637 2308 939 2378 explicavit.
974 2312 1223 2384 Utenim,
1254 2333 1375 2373 cum
1409 2323 1561 2377 audis
1590 2325 1891 2394 destruetur,
1926 2345 2032 2384 non
2053 2332 2231 2386 omni-

638 2401 849 2457 modam
880 2403 1298 2465 destructionem
1351 2429 1472 2469 esse
1523 2427 1739 2486 putares
1759 2462 1774 2485 ,
1805 2421 1900 2476 sed
1928 2421 2232 2480 incremen-

637 2500 747 2545 tum
774 2494 1063 2563 quoddam,
1109 2508 1165 2553 et
1204 2517 1546 2572 progressum
1587 2508 1638 2561 in
1686 2511 1899 2577 melius,
1945 2521 2228 2584 postquam

632 2583 859 2650 dixerat,
902 2588 1208 2660 destruetur,
1235 2594 1438 2651 addidit
1471 2617 1485 2653 :
1515 2598 1600 2653 Ex
1636 2612 1780 2671 parte
1809 2604 1941 2657 enim
1965 2583 2229 2677 cognosci-

632 2691 765 2740 mus,
789 2687 838 2732 et
862 2695 927 2733 ea:
944 2692 1090 2751 parte
1116 2686 1475 2757 prophetamus
1492 2709 1513 2746 :
1537 2708 1652 2746 cum
1677 2705 1845 2749 autent
1891 2700 2075 2752 venerit
2094 2702 2231 2770 quod

631 2769 907 2838 perfectum
931 2781 1022 2839 est,
1042 2784 1162 2828 tunc
1185 2779 1506 2835 evacuabitur
1522 2785 1657 2853 quod
1682 2802 1745 2839 ea;
1771 2799 1915 2856 parte
1935 2799 2049 2856 est;
2169 2803 2229 2848 ut

631 2874 737 2913 non
769 2861 906 2917 ultra
955 2881 1021 2920 ex
1056 2880 1208 2936 parte
1229 2871 1316 2936 sit,
1340 2874 1433 2928 sed
1457 2874 1775 2944 perfectum.
1797 2879 1979 2952 Itaque
2001 2883 2224 2954 imper-

630 2951 791 3006 fectio
813 2954 930 3024 ejus
951 2960 1261 3027 destruitur,
1313 2973 1369 3019 ut
1422 2981 1531 3021 non
1555 2969 1690 3023 ultra
1717 2972 1786 3025 sit
1815 2951 2213 3042 imperfectum,

623 3046 720 3101 sed
748 3049 1062 3118 perfectum.
1103 3055 1407 3114 Destructio
1451 3061 1609 3132 igitur
1632 3073 1714 3120 est
1742 3067 2219 3138 complementum,

623 3145 678 3191 et
709 3139 761 3193 in
796 3141 969 3212 majus
996 3158 1361 3216 augmentum.

695 3231 749 3285 5.
781 3232 956 3302 Atque
983 3238 1348 3297 animadverte
1369 3245 1497 3299 tnihi
1516 3245 1664 3301 Pauli
1692 3248 2031 3318 prudentiam
2058 3271 2073 3308 :
2103 3270 2213 3311 non

619 3321 764 3374 enim
792 3323 945 3391 dixit,
1000 3328 1213 3386 Partem
1261 3338 1666 3403 cognoscimus;
1698 3341 1815 3409 sed,
1850 3342 1933 3397 Ea:
1955 3355 2101 3416 parte
2115 3363 2205 3401 co-

618 3415 909 3482 gnoscimus
941 3420 960 3489 (
993 3418 1044 3474 l.
1078 3418 1198 3477 Cor.
1231 3424 1317 3478 15.
1347 3425 1380 3480 9
1400 3426 1442 3497 ),
1470 3429 1759 3486 ostendens
1780 3448 1880 3487 nos
1910 3415 2075 3503 partis
2103 3453 2219 3507 par-

621 3512 728 3557 tem
761 3513 965 3563 tenere.
997 3509 1252 3569 Fortasse
1294 3517 1482 3574 audire
1529 3523 1746 3590 optatis,
1797 3538 2053 3595 quantam
2085 3532 2215 3586 reti-

620 3609 842 3650 neamus
860 3609 1086 3666 partem,
1115 3613 1478 3677 quantamque
1506 3613 1890 3684 relinquamus,
1921 3629 1974 3674 et
1998 3635 2066 3674 an
2094 3637 2213 3677 ma-

614 3687 787 3757 jorem
821 3693 1152 3752 minoremve
1173 3708 1379 3768 partem
1409 3711 1706 3761 teneamus.
1726 3707 1796 3764 Ut
1824 3712 2004 3780 itaque
2032 3714 2211 3773 discas

617 3788 670 3835 te
708 3782 969 3839 minorem
1004 3796 1187 3845 tenere
1215 3800 1443 3861 partem,
1467 3804 1522 3849 et
1550 3812 1658 3852 non
1684 3808 1887 3855 tantum
1920 3804 2205 3877 minorem,

614 3871 731 3935 sed,
763 3883 822 3927 ut
848 3875 919 3930 ita
940 3876 1134 3947 dicam,
1152 3884 1521 3954 centesimam,
1540 3891 1825 3947 autdecies
1842 3894 2209 3969 millesimam,

613 3964 737 4021 audi
792 3982 912 4037 quae
959 3985 1300 4042 sequuntur:
1342 3978 1426 4033 vel
1481 3982 1659 4051 potius
1716 3995 2005 4058 antequam
2052 3964 2207 4050 vobis

611 4060 960 4126 apostolicam
973 4078 1158 4119 vocem
1186 4066 1447 4138 legamus,
1475 4075 1786 4144 exemplum
1814 4078 2064 4148 referam,
2093 4099 2204 4154 quo

610 4148 762 4205 vobis
790 4151 1112 4223 declaretur,
1162 4167 1218 4213 ut
1259 4163 1507 4233 exemplo
1556 4164 1672 4222 fieri
1717 4177 1916 4239 potest,
1944 4148 2202 4243 quantum

608 4240 851 4298 relictum
874 4246 965 4314 sit,
988 4257 1043 4303 et
1082 4260 1340 4319 quantum
1394 4255 1464 4311 sit
1506 4258 1650 4328 quod
1693 4276 1836 4317 nunc
1881 4240 2197 4323 retinemus.

613 4332 879 4399 Quantum
907 4339 1066 4411 igitur
1105 4343 1396 4404 discrimen
1425 4359 1509 4405 est
1542 4351 1683 4408 inter
1720 4370 1862 4424 eam,
1893 4373 2014 4428 quae
2041 4362 2199 4418 nobis

611 4422 668 4475 in
710 4423 888 4482 futuro
933 4430 1181 4503 dabitur,
1204 4438 1516 4510 scientiam,
1545 4452 1598 4498 et
1625 4422 1980 4515 praesentem?
2010 4454 2195 4520 Quan-

612 4524 723 4570 tum
777 4521 916 4575 inter
958 4524 1130 4579 virum
1176 4529 1468 4597 perfectum
1518 4543 1574 4590 et
1614 4536 1901 4596 lactentem
1978 4562 1993 4600 :

607 4609 751 4664 enim
785 4623 1004 4680 praestat
1031 4621 1281 4687 prmsenti
1323 4623 1500 4681 futura
1527 4628 1769 4685 scientia.
1805 4634 1958 4702 Quod
2007 4609 2190 4696 autem

601 4699 655 4754 id
711 4717 896 4760 verum
944 4708 1232 4782 sit,eaque
1281 4715 1352 4770 sit
1390 4717 1535 4773 illius
1582 4699 1962 4795 praecellentia,
1996 4730 2190 4790 Paulus

600 4791 794 4848 iterum
822 4795 1088 4855 declarat:
1111 4816 1231 4857 cum
1261 4806 1403 4861 enim
1425 4807 1688 4878 dixisset,
1714 4813 1801 4869 Ex
1825 4791 1972 4887 parte
1996 4836 2189 4891 cogno-

596 4884 805 4953 scimus,
838 4897 892 4943 et
931 4890 1089 4947 vellet
1114 4896 1400 4954 ostendere
1437 4916 1502 4956 ex
1529 4913 1725 4973 quanta
1776 4884 1950 4978 parte,
1980 4928 2188 4986 nosque

595 4976 965 5035 brevissimam
988 4998 1132 5039 nunc
1161 4993 1367 5056 tenere,
1396 4991 1574 5048 intulit
1604 5012 1619 5049 :
1651 4976 1794 5051 Cttch
1808 5016 1967 5055 essem
1994 5020 2186 5073 paruu-

591 5068 692 5132 lus,
717 5068 957 5141 loquebar
983 5083 1036 5126 ut
1060 5078 1323 5146 parvulus,
1370 5084 1629 5153 sapiebam
1656 5096 1711 5141 ut
1749 5068 2012 5160 parvulus,
2045 5099 2186 5170 cogi-

591 5157 764 5213 tabam
790 5171 845 5215 ut
870 5165 1115 5233 parvulus
1142 5182 1163 5222 :
1186 5184 1300 5222 cum
1326 5184 1494 5230 autem
1515 5180 1681 5247 factus
1701 5157 1814 5234 sum
1845 5183 1938 5251 uir,
1963 5157 2184 5243 evacuva-

589 5251 636 5304 vi
663 5267 781 5321 quc
797 5265 940 5311 erant
960 5261 1207 5331 paruuli(
1239 5262 1323 5319 Ib.
1355 5283 1404 5321 υ.
1435 5269 1493 5324 ll
1527 5268 1546 5341 )
1578 5289 1594 5326 :
1640 5287 1761 5328 cum
1793 5286 1933 5332 Statu
1965 5284 2180 5350 parvuli

586 5359 910 5415 prtesentem
945 5356 1244 5424 scientiam,
1265 5376 1386 5417 cum
1412 5366 1634 5436 perfecti
1657 5370 1755 5426 viri
1784 5382 1924 5430 statu
1947 5376 2181 5437 futuram

584 5452 922 5510 comparans.
945 5446 1131 5519 Neque
1176 5452 1330 5519 dixit,
1363 5454 1496 5511 Cum
1549 5475 1723 5517 essem
1780 5480 1947 5536 puer:
1981 5486 2102 5527 nam
2127 5482 2183 5530 et

586 5527 870 5589 duodecim
897 5550 1163 5595 annorum
1194 5544 1210 5575 ¹
1255 5560 1387 5615 puer
1437 5548 1671 5618 dicitur;
1698 5527 1795 5610 sed
1815 5596 1831 5623 ,
1864 5557 1992 5614 Cum
2020 5579 2180 5620 essem

588 5623 850 5695 parvulus,
878 5627 933 5684 id
961 5640 1064 5697 est,
1097 5632 1302 5692 lactens
1331 5648 1386 5694 et
1437 5639 1632 5700 infans.
1675 5645 1998 5717 Quod-enim
2027 5655 2178 5714 Scri-

653 5835 666 5866 '
706 5852 823 5898 't'rcs
844 5857 970 5913 ηδε..
1000 5855 1166 5909 decem
1186 5873 1437 5916 annorum.

1383 365 1440 422 S.
1482 366 1760 426 JOANNIS
1796 368 2274 431 CHRYSOSTOMI
2313 377 2634 440 ABCIIIEP.
2675 386 3215 453 CONSTANTINOP.

3804 418 3879 473 illi

2366 504 2517 563 ptura
2546 499 2704 555 talem
2723 513 2878 563 vocet
2902 506 3180 579 infantem,
3208 512 3328 569 audi
3350 514 3607 576 Psalmum
3629 522 3878 586 dicentem:

2361 584 2578 642 Douune
2615 587 2867 649 Dominus
2896 608 3087 665 noster,
3134 618 3287 671 quam
3310 605 3600 665 adnurobile
3639 626 3705 669 est
3735 634 3875 676 nomen

2355 687 2497 729 "tum
2528 678 2580 732 in
2608 683 2841 737 universa
2871 689 3048 743 terra!
3076 690 3328 755 Quoniam
3373 697 3558 754 elevata
3585 714 3650 755 est
3678 712 3874 777 magniﬁ-

2353 768 2516 821 centia
2546 780 2634 824 tua
2656 790 2810 844 super
2828 778 2978 833 celos
3001 795 3021 834 :
3041 798 3104 835 ea:
3154 799 3243 836 ore
3275 785 3541 854 infantium
3576 804 3619 845 et
3642 794 3879 856 ludentium

2353 860 2608 928 perfecistt'
2650 863 2854 920 laudem
2881 870 2899 939 (
2926 868 3069 925 Psal.
3111 872 3163 927 8.
3202 873 3253 928 2.
3281 875 3369 945 5).
3416 877 3568 936 Vides
3595 882 3697 952 jam
3724 902 3877 957 parvu-

2355 950 2459 1004 lum
2493 968 2587 1021 pro
2608 954 2839 1014 lactente
2865 961 3059 1032 ubique
3081 966 3274 1020 vocari.
3308 967 3447 1024 Tum
3492 973 3674 1043 spiritu
3712 984 3876 1051 prospi-

2355 1043 2503 1097 ciens
2533 1044 2833 1103 luturorum
2882 1052 3157 1109 hominum
3203 1057 3786 1138 impudentiam,neque
3805 1072 3877 1128 hoc

2353 1146 2458 1185 uno
2493 1146 2777 1194 contentus
2817 1144 3090 1213 exemplo,
3122 1148 3413 1205 secundum
3441 1153 3595 1207 etiam
3620 1172 3677 1211 ac
3706 1162 3875 1218 tertitnn

2349 1227 2412 1278 ad
2466 1229 2927 1290 conlirtnatimtcm
2974 1238 3195 1295 addidit.
3270 1242 3711 1311 Quemadmodum
3765 1256 3876 1310 enim

2348 1317 2557 1391 Moyses
2580 1338 2701 1378 cum
2726 1326 2793 1381 ad
2841 1327 3060 1385 Judznos
3112 1335 3429 1402 mitteretur,
3467 1339 3617 1395 triunt
3654 1345 3874 1414 signoruni

2349 1413 2599 1471 indicium
2631 1421 2926 1489 accipiebat
2948 1435 2965 1495 (
2991 1424 3160 1482 Exod.
3189 1431 3223 1485 5
3257 1433 3297 1501 ),
3336 1436 3455 1488 utsi
3483 1436 3646 1505 primo
3670 1458 3872 1500 nouerc-

2345 1506 2551 1574 derent,
2572 1514 2792 1568 secundi
2812 1532 2996 1573 vocem
3025 1523 3305 1588 audirent;
3334 1527 3416 1581 sin
3443 1531 3599 1584 etiam
3622 1534 3711 1589 hoc
3728 1551 3873 1605 asper-

2347 1609 2620 1667 narentur,
2652 1605 2809 1658 tcrtio
2836 1608 3101 1675 pttdcfacti
3132 1615 3447 1684 prophetam
3495 1622 3870 1692 reciperentzita

2344 1700 2398 1744 et
2440 1691 2527 1746 hic
2571 1695 2667 1748 tria
2726 1698 2873 1766 ponit
2917 1703 3161 1772 exempla
3195 1705 3253 1772 ¹;
3302 1709 3527 1776 prinnnn
3566 1691 3627 1768 es
3672 1719 3869 1784 parvulo,

2341 1780 2467 1836 dum
2493 1784 2586 1848 ait,
2613 1782 2741 1841 Cum
2779 1806 2936 1844 essent
2964 1794 3208 1863 parvulus
3227 1837 3243 1863 ,
3275 1802 3533 1870 sepiebant
3558 1815 3609 1857 ut
3642 1780 3869 1874 penulati

2340 1877 2634 1955 secundum
2652 1894 2720 1934 ex
2742 1884 2981 1952 speculo,
2999 1888 3213 1944 tertium
3233 1905 3301 1946 ex
3322 1894 3614 1965 aenigmate;
3637 1897 3865 1970 Postquam

2339 1966 2549 2024 dixerat
2566 1972 2708 2026 enim
2727 2014 2745 2041 ,
2772 1973 2898 2029 Cum
2928 1993 3087 2033 essent
3115 1984 3390 2053 parvulus,
3417 1988 3604 2054 intulit,
3642 1966 3833 2047 Videant:
3851 1996 3866 2025 ‘

2338 2071 2506 2115 autem
2533 2080 2667 2119 nunc
2689 2083 2780 2136 per
2799 2072 3063 2139 speculum
3098 2075 3150 2128 in
3195 2079 3482 2150 aenigmate.
3516 2082 3586 2137 En
3611 2085 3779 2154 quippe
3800 2101 3863 2141 se-

2337 2151 2571 2208 cundum
2614 2160 2916 2228 exemplum
2962 2163 3291 2223 infirmitatis
3329 2151 3868 2246 praesentis—:q-ttodqne

2338 2243 2649 2315 imperfecta
2680 2252 2751 2305 sit
2774 2254 2995 2311 scientia
3017 2298 3030 2321 ,
3061 2260 3220 2315 tertio
3247 2264 3506 2331 probatur
3529 2266 3607 2323 his
3630 2243 3864 2333 verbis-lu

2334 2338 2624 2409 amigmate.
2653 2340 2895 2415 Namque
2929 2349 3182 2415 parvulus
3210 2353 3380 2409 multa
3412 2357 3616 2427 quidem
3634 2359 3772 2426 videt,
3791 2377 3862 2413 au-
3886 2410 3891 2417 ,

2335 2426 2412 2480 dit
2442 2437 2497 2483 et
2544 2430 2776 2500 loquitur
2806 2452 2819 2487 :
2850 2436 2983 2492 niltil
3031 2449 3208 2497 tamen
3250 2426 3484 2503 dilucide
3522 2449 3599 2504 vcl
3628 2449 3780 2514 videt,
3802 2451 3861 2506 vel

2332 2520 2499 2587 audit,
2527 2524 2609 2578 vel
2634 2524 2870 2596 loquitur
2894 2544 2910 2584 :
2934 2540 2989 2585 et
3010 2533 3149 2603 sapit
3171 2536 3410 2606 quidem,
3435 2540 3525 2595 sed
3545 2541 3665 2596 nihil
3685 2544 3859 2612 integre.

2333 2612 2407 2667 Ita
2437 2625 2494 2669 et
2535 2632 2633 2688 ego
2663 2619 2776 2676 scio
2818 2623 3033 2692 quidem
3078 2629 3281 2697 multa,
3327 2633 3421 2688 sed
3448 2649 3622 2690 eorum
3649 2651 3740 2691 non
3765 2637 3858 2691 novi

2331 2707 2570 2764 modum.
2620 2712 2786 2769 Deum
2817 2717 2958 2772 enim
3007 2719 3199 2791 tthique
3228 2738 3354 2780 esse
3395 2729 3552 2793 novi,
3584 2738 3727 2784 totum
3763 2730 3857 2783 item

2330 2798 2527 2870 ubique
2546 2816 2668 2858 esse
2695 2807 2848 2872 novi;
2876 2810 3147 2879 quomodo
3172 2824 3375 2880 autem,
3400 2820 3608 2873 nescio:
3633 2819 3731 2875 sine
3751 2819 3858 2889 prin-

2326 2892 2500 2963 cipio,
2543 2911 2647 2951 non
2694 2900 2967 2969 genitum,
3012 2907 3405 2976 sempiternum
3451 2913 3603 2979 novi;
3644 2912 3858 2984 quomodo

2325 2994 2523 3053 autem,
2573 2991 2778 3045 nescio.
2827 2992 3013 3065 Neque
3060 2996 3293 3054 humana
3341 3002 3478 3058 ratio
3520 3019 3693 3074 capere
3731 3004 3854 3069 valet,

2324 3078 2594 3146 quomodo
2622 3084 2793 3151 possit
2820 3099 2943 3141 esse
2990 3088 3295 3147 substantia
3319 3136 3335 3162 ,
3384 3111 3500 3165 quae
3527 3111 3619 3152 nec
3651 3112 3676 3150 a
3702 3096 3851 3164 seipsa,

2324 3183 2424 3225 nec
2466 3172 2536 3226 ab
2578 3174 2683 3229 alio
2718 3178 2970 3249 quopiam
3011 3196 3132 3237 esse
3160 3188 3451 3256 acceperit.
3479 3188 3596 3244 Scio
3620 3190 3765 3259 ipsum
3786 3202 3852 3257 ge-

2321 3264 2503 3318 nuisse
2528 3264 2755 3335 Filium;
2784 3271 3053 3340 quomodo
3088 3282 3295 3343 autem,
3328 3278 3513 3356 ignoro
3542 3298 3555 3334 :
3586 3281 3696 3336 novi
3720 3278 3846 3349 Spiri—

2320 3364 2431 3409 tum
2454 3372 2518 3411 ex
2548 3358 2664 3426 ipso
2691 3375 2847 3428 esse;
2878 3365 3149 3433 quomodo
3170 3378 3354 3426 autem
3378 3386 3443 3426 ex
3468 3371 3579 3442 ipso
3596 3372 3675 3436 sit,
3696 3370 3850 3426 nescio.

2316 3448 2479 3504 Cibus
2537 3454 2839 3522 comedo';
2881 3472 2989 3528 quo
3050 3469 3206 3530 pacto
3264 3473 3448 3520 autem
3506 3465 3771 3521 dividantur
3809 3463 3848 3515 in

2317 3540 2581 3609 pituitam,
2604 3546 2941 3616 sanguinem,
2962 3549 3241 3608 humorem
3265 3564 3323 3610 et
3352 3557 3515 3625 bilim,
3535 3559 3718 3629 ignoro.
3739 3554 3846 3617 Hac,

2315 3646 2433 3700 quae
2457 3633 2695 3702 quotidie
2714 3639 3063 3697 comedentes
3085 3643 3353 3710 videmus,
3380 3648 3669 3719 ignoramus
3692 3656 3848 3709 tamen,

2312 3731 2368 3776 et
2395 3723 2489 3779 Dei
2516 3725 2868 3784 substantiam
2896 3734 3109 3790 curiose
3141 3741 3490 3794 scrutamur?

2380 3824 2435 3872 4.
2464 3817 2651 3874 Contra
2670 3823 2937 3879 Anomaeos
2962 3826 3201 3898 loquitur.
3230 3860 3305 3871 —
3333 3831 3432 3888 Ubi
3458 3842 3576 3888 sunt
3603 3832 3756 3904 igitur,
3777 3828 3845 3898 qui

2309 3919 2369 3963 se
2394 3916 2555 3964 totam
2585 3911 2862 3969 scientiam
2882 3918 3157 3988 accepisse
3193 3920 3400 3992 dicunt,
3429 3926 3615 3996 quique
3635 3934 3779 3978 tamen
3804 3921 3843 3973 in

2309 3997 2615 4057 barathrum
2641 4002 2957 4075 ignorantiae
2976 4008 3178 4080 delapsi
3200 4023 3327 4070 sunt
3341 4013 3371 4068 ?
3390 4014 3520 4071 Nam
3537 4015 3619 4087 qui
3643 4027 3762 4069 nunc
3777 4010 3840 4065 di-

2304 4099 2433 4146 cunt
2450 4109 2508 4149 se
2530 4102 2695 4149 totum
2717 4098 3008 4169 accepisse,
3034 4102 3085 4156 in
3112 4100 3292 4160 futuro
3318 4121 3379 4162 se
3399 4104 3688 4162 omnimodo
3703 4102 3839 4159 sciens

2305 4184 2375 4239 tia
2421 4200 2617 4243 vacuos
2654 4190 3006 4248 constituunt.
3053 4192 3169 4265 Ego
3206 4198 3405 4270 quippe
3428 4199 3516 4270 qui
3549 4198 3659 4255 dico
3690 4211 3761 4251 me
3790 4208 3839 4248 cx

2304 4285 2455 4346 parte
2483 4293 2809 4349 cognoscere
2831 4323 2847 4348 ,
2879 4283 2980 4338 etsi
3008 4283 3182 4341 dicam
3211 4285 3351 4346 hanc
3377 4290 3642 4346 scientiam
3667 4287 3838 4343 destnr

2298 4377 2444 4423 ctum
2482 4369 2548 4424 iri
2572 4411 2588 4437 ,
2634 4371 2687 4426 in
2727 4374 2921 4430 melius
2946 4389 3010 4431 ac
3036 4376 3325 4447 perfectius
3354 4381 3669 4454 progredior,
3694 4382 3839 4447 utpote

2297 4473 2443 4529 cum,
2468 4461 2734 4519 destructa
2755 4465 3058 4534 particulari
3074 4469 3315 4537 scientia,
3334 4472 3614 4543 perfectior
3633 4466 3833 4524 accedat:

2297 4550 2385 4607 ille
2408 4567 2540 4608 vero
2564 4554 2656 4626 qui
2679 4554 2807 4610 dicit
2832 4570 2893 4612 se
2919 4565 3106 4627 totam,
3134 4563 3494 4619 omnimodam
3517 4572 3570 4620 et
3593 4558 3833 4635 perfectam

2295 4644 2494 4702 habere
2535 4647 2814 4704 scientiam
2838 4691 2855 4718 ,
2895 4658 2949 4706 et
2987 4662 3169 4722 postea
3199 4653 3393 4711 fatetur
3415 4658 3578 4726 ipsam
3619 4655 3667 4708 in
3695 4650 3836 4705 futuro

2294 4735 2621 4793 destructum
2663 4740 2763 4809 iri,
2789 4756 2850 4797 se
2876 4743 3100 4800 scientia
3128 4760 3355 4802 vacuum
3385 4746 3611 4803 futurum
3634 4758 3741 4801 esse
3762 4739 3834 4795 tle-

2291 4830 2461 4886 clarat
2479 4875 2495 4900 ,
2523 4848 2645 4890 eum
2670 4836 2785 4893 haec
2810 4837 3132 4896 destruenda
3149 4883 3167 4910 ,
3192 4843 3446 4915 nbllaque
3468 4842 3567 4899 alia
3594 4837 3832 4913 perfectior

2292 4923 2589 4982 inducenda
2614 4927 2688 4982 sit
2711 4946 2725 4983 :
2754 4929 3016 4999 siquidem
3039 4931 3157 4989 haec
3177 4937 3471 4991 secundum
3501 4935 3617 4991 illos
3640 4928 3831 5025 perlefli‘

2291 5017 2513 5073 scientia
2547 5030 2650 5075 est.
2691 5020 2965 5079 Videtisne
3000 5039 3107 5096 quo
3137 5037 3326 5096 pacto,
3355 5027 3483 5083 dum
3518 5042 3575 5082 se
3595 5034 3743 5081 totum
3769 5018 3833 5071 hic

2288 5107 2488 5166 habere
2512 5112 2861 5183 contendunt,
2882 5130 3058 5188 neque
3077 5116 3165 5173 hic
3186 5118 3479 5185 obtineant,
3508 5126 3659 5210 atque
3680 5113 3770 5170 illic
3784 5123 3833 5210 se

2287 5208 2400 5257 toto
2425 5200 2760 5260 destituant?
2788 5204 3017 5263 Tantum
3059 5209 3264 5266 scilicet
3300 5211 3494 5268 malum
3532 5219 3610 5266 est
3635 5209 3758 5264 intra
3784 5201 3829 5254 li-

2350 5380 2367 5456 .’
2404 5377 2490 5456 Αὲίί
2530 5389 2675 5456 P9“:
2699 5385 2953 5456 θεωρίαν
2986 5385 3204 5456 addant.
3228 5385 3519 5456 εοηβιπιωιξ
3555 5383 3676 5456 φωα
3714 5377 3832 5456 υρληὲί

2282 5443 2552 5516 ostendere.
2577 5452 2629 5495 lu
2648 5443 2811 5499 Morel.
2831 5443 2964 5510 haec,
2982 5443 3272 5514 conﬁrmans
3295 5443 3424 5515 quod
3447 5443 3585 5502 ωιαᾶ
3598 5443 3781 5498 ostendet
3790 5451 3825 5495 ε.

2280 5505 2640 5559 desiderantur.
2948 5505 2958 5510 ⁷
3069 5505 3082 5514 ’
3307 5505 3321 5515 ’
3748 5564 3763 5609 ι

2347 5570 2368 5600 ²
2400 5576 2502 5642 υιξο
2529 5571 2849 5649 Μεξιιριξθηι
2871 5586 2900 5649 ε,
2920 5573 3145 5627 ﬁdem!“
3176 5587 3288 5628 υενο
3310 5587 3479 5649 ,ηισιςξη
3498 5587 3585 5649 ρετ
3618 5576 3825 5649 W732?

2281 5638 2327 5682 σι
2365 5630 2662 5710 ἀκίνητα-ξπ
2683 5635 2829 5710 habe
2850 5644 3107 5710 “ttwe
3126 5636 3404 5710 ρωπηιαηι
3424 5630 3825 5710 ιίθέβςτηοωξτγέηί

2282 5706 2429 5757 quam
2441 5690 2734 5766 imperfecta
2753 5696 2816 5749 sit
2837 5690 3039 5749 scientid
3059 5690 3330 5776 (enigmata
3352 5698 3533 5763 speculi
3551 5706 3594 5749 et
3614 5690 3790 5800 porrigit};

2345 5759 2368 5791 ³
2396 5757 2533 5800 mbas
2552 5760 2767 5800 comula.
2794 5768 2841 5800 Pl
2867 5774 3123 5800 smnmnhn
3155 5778 3313 5800 "enim
3335 5766 3393 5800 ad
3416 5798 3424 5800 ξ
3454 5769 3723 5800 ςινιιιωωιν,

2345 5759 2368 5791 ³
2552 5756 2846 5838 commonet
2866 5766 3126 5838 sequentia
3155 5756 3314 5838 usque
3335 5756 3428 5838 ad;
3452 5756 3822 5838 δεῖ

2280 5829 2393 5870 sunt
2416 5821 2466 5869 in
2492 5823 2676 5882 Μαι-οι..
2699 5822 2790 5873 sed
2814 5821 3057 5877 habentur
3079 5830 3126 5881 in
3149 5821 3286 5881 savii.
3327 5838 3375 5880 et
3402 5821 3447 5877 ia
3470 5825 3663 5876 maxima
3683 5826 3819 5868 ιιιθυυι·

2281 5883 2562 5945 scripwrutn
2578 5893 2734 5950 parte.
