3942 6362
163 300 244 356 Πιὸ
1050 292 1137 349 DE
1178 291 1856 352 lNCOBlPREllENSlBELI
1897 296 2008 352 DEI
2046 295 2351 354 NATURA.
2395 296 2438 351 l.

153 416 285 470 mites
308 429 408 468 non
442 426 684 477 manere,
712 425 849 481 quos
887 426 914 465 a
944 414 1206 483 principio
1243 414 1518 469 constituit
1544 415 1697 470 nobis

152 519 289 562 treus.
315 504 401 559 Sic
427 513 476 558 et
496 502 664 558 Adam
693 517 789 574 spe
821 504 1094 574 amplioris
1118 548 1133 572 ,
1160 521 1320 577 quem
1351 506 1581 562 habebat
1608 508 1704 563 ho-

149 611 307 650 norem
329 593 571 664 perdidit.
602 594 830 664 ldipsum
856 605 910 649 et
934 596 1108 651 avaris
1134 598 1361 652 accidit:
1385 600 1534 654 multi
1561 616 1705 667 saepe

148 688 322 758 majora
345 687 638 757 cupientes,
665 688 948 757 przescntia
973 688 1285 744 amiserunt.
1320 691 1516 746 Eodem
1546 692 1704 746 modo

147 789 191 835 et
212 779 287 833 isti
312 778 437 833 dum
465 793 519 833 se
545 786 711 832 totum
742 777 831 833 ltic
854 780 1067 849 assequi
1092 795 1253 851 posse
1281 792 1529 851 sperant,
1556 793 1706 853 parte

146 884 329 939 quoque
354 869 438 923 illa
467 868 735 923 excidunt.
759 868 1117 936 Quamobrem
1145 869 1334 925 hortor
1359 887 1543 927 eorum
1568 873 1707 927 insa-

147 966 263 1018 niam
300 962 815 1033 fugiatiszcxtrcmae
861 964 1058 1033 quippe
1103 964 1324 1019 insania:
1365 975 1448 1020 est
1488 976 1705 1021 conten-

148 1056 252 1111 dere
276 1055 312 1119 ',
334 1054 460 1124 quid
489 1054 627 1108 Deus
651 1054 945 1107 substantia
979 1055 1049 1107 sit
1077 1068 1137 1109 se
1165 1054 1331 1122 probe
1357 1054 1589 1111 seirc.Ut
1615 1070 1709 1109 au-

150 1157 235 1201 tem
269 1146 403 1200 scias
448 1144 501 1200 id
541 1153 796 1200 extrema:
837 1145 1123 1202 dementiae
1160 1160 1319 1210 esse,
1361 1161 1392 1200 a
1436 1146 1711 1217 prophetis

147 1237 510 1292 demonstrabo.
551 1235 833 1306 Propheta:
868 1236 1064 1307 quippe
1100 1252 1204 1290 non
1234 1237 1396 1291 modo
1422 1238 1548 1307 quid
1578 1238 1707 1293 sub-

147 1327 314 1380 stantia
339 1326 406 1379 sit
434 1326 680 1395 ignorare
706 1326 970 1392 videntur,
997 1327 1092 1383 sed
1114 1338 1171 1382 et.
1191 1326 1258 1382 de
1283 1328 1542 1398 sapientia
1569 1330 1708 1398 ejus,

149 1429 315 1489 quanta
330 1418 530 1473 scilicet
548 1419 637 1484 sit,
664 1422 869 1473 haerent
893 1437 905 1472 :
931 1434 1251 1490 quamquam
1271 1436 1375 1474 non
1400 1435 1429 1473 a
1453 1421 1711 1490 sapientia

150 1513 447 1578 substantia,
475 1512 569 1567 sed
596 1527 625 1566 a
652 1513 949 1568 substantia
974 1513 1233 1584 sapientia
1259 1513 1348 1569 sit.
1377 1513 1509 1568 Cum
1534 1524 1711 1568 autem

153 1620 204 1659 ne
236 1604 362 1657 hanc
400 1604 616 1674 quidem
659 1607 934 1674 prepheta‘.
974 1613 1222 1660 accurate
1251 1620 1443 1675 capere
1472 1607 1709 1674 possint,

153 1707 332 1766 quanta:
350 1696 634 1751 detnentize
657 1696 814 1752 fuerit
834 1697 1140 1752 existimare
1155 1700 1457 1769 quempiam
1480 1713 1539 1755 se
1560 1715 1715 1768 posse

154 1789 292 1856 ipsam
316 1788 667 1842 substantiam
693 1788 923 1858 propriis
951 1788 1217 1859 subjicere
1249 1790 1578 1845 ratiociniis?
1605 1792 1713 1845 Au-

154 1877 329 1934 diantus
361 1878 523 1949 igitur
558 1880 688 1949 quid
725 1880 794 1934 dc
826 1879 914 1933 illa
960 1882 1215 1950 propheta
1245 1880 1386 1937 dicat
1414 1900 1429 1936 :
1458 1881 1713 1936 Mirabilis

157 1976 263 2038 facta
285 1981 354 2025 est
377 1971 589 2025 scientia
616 1982 702 2025 tua
727 1988 789 2026 ex
817 1989 896 2026 me
920 1971 1101 2045 (Psal.
1137 1974 1258 2028 158.
1289 1974 1385 2045 6).
1416 1973 1506 2029 Vel
1540 1972 1746 2045 potius'

157 2062 283 2116 altius
304 2077 608 2118 sermonem
636 2072 934 2132 repetamus
963 2082 975 2116 :
1009 2063 1294 2133 Conﬁtebor
1319 2065 1404 2118 tibi
1424 2067 1542 2135 quia
1571 2066 1717 2120 terri-

157 2153 291 2208 biliter
312 2155 667 2225 magniﬁcatus
687 2171 740 2208 es
765 2154 784 2222 (
815 2152 895 2207 Ib.
924 2170 972 2208 υ.
1006 2155 1072 2209 14
1090 2155 1131 2223 ).
1160 2155 1294 2222 Quid
1326 2165 1402 2211 cst
1434 2158 1584 2223 illud,
1614 2168 1715 2211 ter-

156 2243 374 2297 ribiliter?
400 2245 564 2298 Multa
596 2261 734 2299 nunc
764 2245 1041 2310 miramur,
1070 2246 1162 2300 sed
1193 2262 1296 2301 non
1326 2262 1446 2302 eum
1479 2249 1671 2304 timore
1698 2264 1714 2312 ;

156 2337 274 2390 rei-bi
296 2337 459 2406 gratia
495 2337 863 2392 columnarum
902 2339 1388 2409 pulchritudinem,
1433 2341 1717 2412 ﬁgurarum

156 2426 378 2495 picturam
403 2429 425 2460 ³
450 2470 470 2497 ,
507 2427 667 2485 ﬂores
714 2445 1001 2501 corporum
1034 2450 1048 2487 :
1082 2432 1341 2487 miramur
1383 2435 1509 2489 item
1557 2437 1718 2490 maris

157 2519 565 2589 magnitudinem,
584 2520 980 2593 immensosque
994 2524 1249 2594 gurgites,
1270 2526 1364 2579 sed
1386 2541 1505 2580 cum
1530 2528 1719 2582 timore

156 2610 333 2678 quando
349 2611 769 2681 profunditatem
790 2613 905 2683 ejus
929 2616 1260 2685 inspicimus.
1280 2617 1369 2670 Sic
1388 2618 1566 2687 itaque
1591 2632 1718 2688 pro-

159 2702 283 2771 pheta
311 2704 361 2759 in
395 2714 613 2760 vastum
640 2714 695 2761 et
727 2706 1047 2762 immensum
1080 2709 1170 2763 Dei
1202 2710 1477 2778 sapientiae
1504 2712 1720 2781 pelagus

158 2795 409 2865 inspiciens
433 2839 450 2866 ,
482 2813 586 2854 ceu
616 2801 875 2870 vertigine
897 2810 1083 2870 captus
1108 2842 1126 2867 ,
1157 2817 1277 2857 cum
1311 2802 1501 2858 timore
1526 2820 1721 2875 magno

158 2898 344 2958 stupens
391 2890 623 2945 recessit
673 2890 911 2948 clamans
936 2932 952 2957 ,
982 2890 1267 2962 Conﬁtebor
1296 2894 1404 2959 tibi,
1426 2896 1544 2964 quia
1572 2897 1720 2948 teni-

156 2980 288 3036 biliter
310 2984 667 3055 magniﬁcatus
695 3001 767 3052 es,
794 2987 1046 3041 mirabilia
1069 3004 1221 3060 Opera
1249 3000 1335 3042 tua
1351 3007 1371 3056 ;
1394 3004 1456 3044 ac
1484 3005 1717 3055 rursum,

159 3070 374 3130 llirabilis
398 3076 544 3145 facta
572 3086 646 3129 est
672 3078 880 3131 scientia
908 3086 994 3132 tua
1018 3096 1080 3133 ex
1108 3097 1206 3148 me,
1228 3085 1518 3153 confortata
1563 3090 1653 3148 est,
1677 3093 1723 3136 et

158 3178 235 3216 non
255 3174 414 3235 potero
444 3166 521 3219 ad
546 3183 655 3220 eam
678 3165 782 3239 (Ib.
805 3185 853 3222 υ.
872 3165 958 3241 6).

212 3252 318 3309 Νοη
344 3256 630 3311 substantia
656 3256 754 3312 Dei
779 3267 973 3313 tantum
993 3300 1008 3327 ,
1043 3260 1131 3314 sed
1170 3262 1318 3314 etiam
1342 3262 1589 3331 sapientia
1614 3263 1724 3333 ejus

163 3342 393 3413 l’rophetis
434 3348 985 3419 incomprehensibilis.
1022 3351 1246 3406 —Vide
1290 3360 1499 3422 gratum
1541 3354 1722 3407 famuli

158 3436 356 3492 animum
381 3457 395 3494 :
422 3439 554 3494 Ideo
577 3441 777 3510 gratias
803 3441 894 3495 tibi
917 3455 1037 3512 ago,
1062 3442 1251 3511 inquit,
1279 3445 1401 3513 quia
1426 3444 1725 3513 incompre-

160 3525 432 3585 Itensibilem
456 3531 635 3587 habeo
657 3532 957 3588 Dominum.
978 3533 1095 3589 Non
1116 3535 1183 3589 de
1209 3536 1506 3592 substantia
1533 3537 1619 3591 hic
1641 3537 1723 3593 lo-

159 3620 333 3686 quitur:
353 3624 402 3678 id
426 3624 601 3691 enim,
623 3626 775 3695 quasi
797 3625 852 3681 in
873 3626 1118 3683 confesso
1144 3638 1286 3683 esset
1312 3629 1725 3699 incomprehen-

161 3710 285 3766 sibile
305 3729 441 3782 esse,
464 3717 844 3785 praetermisit:
865 3718 959 3773 sed
978 3719 1059 3773 his
1082 3718 1318 3774 declarat
1342 3720 1509 3775 Deum
1531 3720 1728 3793 ubique

162 3815 255 3857 t-sse
270 3846 284 3867 ,
307 3807 600 3862 ostendens
633 3822 692 3863 se
718 3824 890 3879 neque
913 3824 1105 3878 capere
1133 3825 1288 3881 posse
1311 3811 1581 3881 quomodo
1608 3812 1728 3867 tibi-

162 3908 243 3961 quc
261 3897 341 3951 sit.
367 3898 507 3955 Nam
527 3901 668 3970 quod
696 3901 796 3957 hac
822 3903 889 3958 de
916 3918 974 3957 re
999 3904 1245 3974 loquatur
1263 3905 1389 3959 audi
1417 3905 1471 3959 in
1502 3920 1731 3975 sequen-

163 3984 276 4041 libus
302 4006 315 4043 :
342 3991 403 4046 Si
429 3993 705 4047 ascendero
733 3994 785 4048 in
812 3996 1013 4060 ctelum,
1044 4006 1096 4049 tu
1121 3995 1226 4051 illic
1252 4012 1337 4061 es;
1360 3998 1403 4052 si
1428 3998 1730 4053 descendero

160 4075 204 4128 in
224 4078 460 4148 infernum
482 4123 501 4147 ,
539 4084 681 4139 ades.
714 4085 896 4141 Viden’
934 4087 1205 4157 quomodo
1233 4089 1428 4160 ubique
1457 4090 1632 4144 adsit?
1661 4092 1731 4143 At

162 4165 244 4225 hoc
270 4174 523 4244 prOpheta
550 4189 656 4230 non
688 4177 835 4231 novit
859 4218 875 4243 ,
917 4178 1010 4233 sed
1041 4178 1536 4249 caligineperfusus
1563 4181 1731 4236 ha2ret

162 4268 205 4313 ct
235 4262 371 4318 timet
396 4262 484 4320 vel
518 4280 584 4321 ex
621 4269 730 4336 ipsa
770 4268 846 4324 rei
881 4268 1227 4340 cogitatione.
1263 4270 1545 4337 Quomodo
1574 4271 1732 4341 igitur

162 4363 248 4404 non
274 4369 498 4411 summa:
527 4356 811 4413 dementia;
837 4360 997 4415 fuerit
1019 4401 1035 4422 ,
1064 4375 1160 4416 eos
1183 4362 1273 4430 qui
1298 4361 1367 4415 ab
1395 4362 1534 4415 illius
1559 4363 1729 4431 gratia

162 4447 336 4497 timum
351 4450 550 4502 absunt
569 4448 736 4519 ipsam
761 4449 851 4505 Dei
874 4451 1222 4506 substantiam
1239 4452 1447 4507 curiose
1466 4451 1732 4507 scrutari?

164 4529 218 4584 Et
242 4541 404 4592 tamen
447 4537 541 4594 hic
580 4539 694 4609 ipse
726 4549 810 4595 est
851 4541 1109 4610 propheta
1144 4542 1233 4612 qui
1275 4542 1423 4609 dicit,
1452 4541 1660 4597 Incerta
1686 4552 1733 4596 et

163 4629 332 4679 occulta
351 4631 618 4700 sapientia:
645 4648 746 4686 tua:
769 4634 1102 4705 manifestasti
1128 4634 1253 4689 mihi
1282 4634 1301 4706 (
1323 4633 1469 4689 Psal.
1493 4634 1583 4691 50.
1626 4635 1660 4691 8

166 4716 384 4774 .tuamen
413 4736 534 4775 cum
566 4722 767 4778 incerta
806 4733 860 4780 ct
894 4727 1098 4780 occulta
1142 4726 1417 4797 sapientia:
1460 4726 1575 4797 ejus
1613 4727 1733 4782 edi-

162 4805 386 4879 dicisset,
426 4814 570 4868 illaut
612 4816 778 4883 ipsam
818 4817 948 4872 dicit
982 4817 1294 4873 immensam
1333 4828 1388 4874 et
1427 4819 1732 4890 incompre-

167 4897 453 4957 ltensibilem
486 4920 625 4960 esse.
667 4905 798 4960 Nam
838 4923 1053 4980 magnus
1094 4904 1378 4974 Dominus,
1428 4911 1641 4981 inquit,
1686 4919 1734 4965 et

170 5000 334 5060 magna
353 4996 513 5050 virtus
532 4996 641 5067 ejus
657 5038 672 5064 ,
700 5009 744 5051 et
770 4999 1117 5069 intelligentia:
1141 5002 1250 5071 ejus
1275 5019 1376 5057 non
1400 5014 1473 5058 est
1494 5020 1733 5058 numerus

167 5077 333 5144 (Psal.
365 5086 481 5141 144.
513 5088 547 5143 5
570 5088 620 5159 );
651 5088 701 5143 id
728 5100 845 5156 est,
882 5105 990 5146 non
1031 5100 1114 5148 est
1139 5095 1565 5165 comprehensio.
1596 5095 1734 5164 Quid

165 5167 311 5226 dicis?
336 5177 592 5245 sapientia
621 5180 721 5248 ipsi
750 5181 1024 5252 propheta:
1043 5185 1603 5254 incomprehensibilis
1627 5196 1730 5253 est,

165 5268 209 5312 et
229 5264 517 5323 substantia
547 5273 700 5326 nobis
728 5282 812 5329 est.
840 5277 1379 5345 comprehensibilis?
1409 5294 1590 5332 annon
1620 5279 1734 5334 hmc

163 5362 325 5419 aperta
351 5356 558 5415 insania
572 5363 693 5417 est?
746 5361 1060 5434 magnitudo
1099 5369 1216 5437 ejus
1237 5382 1342 5422 non
1366 5368 1526 5424 habet
1554 5373 1735 5424 ternit-

166 5457 298 5513 num,
328 5459 376 5504 et
408 5458 462 5506 ttt
491 5453 841 5512 substantiam
870 5458 985 5528 ejus
1010 5458 1448 5516 circumscribis?

224 5643 239 5718 ξ
270 5648 364 5718 Quo
387 5655 512 5718 uss,
789 5656 919 5708 enim
939 5659 1088 5710 credo
1125 5664 1411 5718 extremam,
1429 5660 1731 5711 contendere.

172 5703 240 5811 aﬁ'
269 5710 409 5777 uorel
434 5703 716 5776 ct'quaaam’
737 5703 1670 5785 age;'hgtiaiuiii'ﬁi'aiibi,'“satis?
1683 5703 1733 5773 ἐξ

226 5776 254 5811 1.
278 5777 507 5811 nano-limi
532 5784 767 5811 inrisu-nn:
1617 5801 1625 5808 .

226 5776 254 5824 ιι
278 5777 508 5827 Panem"!
530 5784 785 5837 tracturam.
850 5776 860 5782 ’
898 5776 958 5785 ’⁷
1209 5776 1218 5785 ’
1451 5776 1460 5782 ⁷
1617 5801 1625 5808 ο

3297 305 3404 362 τοι

1882 414 1936 469 5.
1979 415 2104 470 Haec
2130 415 2293 469 Isaias
2328 430 2539 484 quoque
2578 416 3048 487 philosOphabatur
3075 422 3158 479 bis
3185 424 3361 480 verbis
3391 441 3405 476 :

1811 505 2195 561 Generationem
2211 508 2323 575 ejus
2336 507 2446 577 quis
2461 510 2711 562 enarrabit
2726 508 2778 581 (Ι
2781 512 2877 565 sai.
2896 512 2985 567 55.
3003 512 3061 584 8)
3078 514 3102 566 ?
3116 513 3231 569 Non
3245 514 3401 579 dixit,

1810 600 1939 668 Quis
1968 600 2221 655 enarrat?
2247 600 2362 667 sed,
2387 599 2514 667 Quis
2539 602 2810 668 enarrabit,
2840 616 2897 658 ut
2922 606 3156 660 futurum
3186 622 3404 676 prorsus

1811 691 2175 746 excluderet‘.
2205 690 2367 745 David
2385 691 2600 759 quidem
2620 692 2714 755 ait,
2736 694 2986 750 Mirabilis
3001 696 3137 767 facta
3151 708 3225 752 est
3239 699 3373 752 scien
3388 728 3405 738 -

1813 782 1883 836 tia
1897 791 1983 835 tua
1998 797 2060 835 ea:
2073 797 2150 835 me
2172 779 2480 850 (Psal.138.
2501 782 2578 853 ti);
2598 782 2759 837 lsaias
2777 799 2903 839 vero
2921 800 3026 839 non
3046 801 3071 839 a
3090 787 3264 857 seipsn
3288 797 3406 842 tan-

1814 882 1948 937 tum,
1980 871 2073 927 sed
2104 886 2133 925 a
2159 881 2266 926 tota
2294 871 2525 926 humana
2553 882 2739 927 natura
2767 875 2903 930 hanc
2927 878 3284 932 narrationem
3316 892 3405 933 se-

1813 963 1952 1018 cludi
1971 964 2140 1018 ait.At
2160 963 2434 1020 videamus
2451 980 2576 1018 num
2596 965 2811 1032 Paulus,
2832 975 3015 1036 utpote
3036 969 3294 1038 majorem
3314 985 3408 1025 na-

1814 1063 1933 1111 ctus
1949 1055 2195 1126 gratiam,
2212 1055 2265 1110 id
2283 1057 2509 1111 noverit.
2530 1056 2623 1111 llic
2643 1071 2773 1112 sane
2790 1067 2873 1112 est
2888 1060 2977 1128 qui
2999 1059 3148 1122 dicit,
3170 1059 3251 1114 Ea:
3268 1072 3412 1129 parte

1815 1146 2183 1217 cognoscimus,
2201 1155 2247 1199 et
2262 1162 2325 1201 ea:
2336 1157 2478 1216 parte
2492 1147 2851 1217 prop/tetamus
2865 1148 2911 1221 (I
2926 1188 2940 1202 .
2960 1149 3079 1205 Cor.
3100 1151 3185 1205 l5.
3205 1149 3283 1223 9).
3301 1151 3405 1206 Nc-

1814 1252 1921 1307 que
1944 1236 2031 1292 hic
2056 1244 2261 1290 tantum
2278 1278 2293 1303 ,
2320 1237 2413 1292 sed
2437 1236 2561 1292 alibi
2589 1251 2800 1307 quoque
2821 1279 2836 1305 ,
2868 1256 2972 1294 non
3000 1240 3067 1296 de
3087 1241 3406 1302 substantia.

1815 1328 1910 1384 sed
1944 1327 2012 1382 de
2050 1327 2309 1398 sapientia
2359 1328 2586 1399 loquens
2637 1329 2757 1393 illa,
2807 1344 2927 1400 qtae
2972 1329 3024 1383 in
3074 1330 3408 1400 providentia

1816 1418 2161 1489 conspicitur,
2190 1434 2294 1473 non
2316 1419 2383 1474 de
2412 1419 2713 1483 universali,
2738 1435 2840 1491 qua
2867 1421 3088 1491 angelis,
3113 1421 3409 1491 archange—

1815 1512 1881 1567 lis
1908 1522 1962 1567 et
1989 1512 2237 1581 superuis
2267 1511 2627 1567 Potestatibus
2658 1512 2952 1582 prospicit,
2984 1512 3080 1567 sed
3112 1513 3253 1567 illam
3283 1528 3410 1583 prec

1819 1605 2067 1660 videntize
2096 1616 2302 1673 partem
2331 1605 2640 1674 cxpendeus
2665 1646 2680 1672 ,
2713 1620 2815 1675 qua
2853 1605 3159 1660 hominibus
3190 1607 3240 1659 in
3272 1615 3412 1662 terra

1819 1696 2078 1766 providet.
2111 1695 2292 1766 Neque
2324 1704 2497 1750 tamen
2526 1695 2663 1751 hanc
2689 1704 2854 1751 totam
2881 1696 3173 1760 examinat,
3200 1714 3301 1768 qua
3325 1713 3415 1752 so-

1819 1792 1923 1845 lem
1956 1789 2083 1843 oriri
2122 1788 2280 1856 facit,
2321 1804 2423 1858 qua
2448 1790 2654 1857 animas
2681 1791 2921 1859 inspirat,
2952 1806 3056 1861 qua
3082 1806 3306 1860 corpora
3333 1792 3415 1845 cf-

1819 1882 2032 1945 format,
2060 1896 2164 1950 qua
2194 1880 2435 1934 homines
2462 1880 2557 1934 alit
2586 1882 2638 1934 in
2667 1888 2830 1948 terra,
2858 1897 2963 1952 qua
2990 1882 3246 1937 mundum
3278 1898 3414 1937 cott-

1768 2027 1776 2035 ,
1820 1982 1999 2029 servat
2022 1974 2064 2036 ³,
2088 1989 2191 2043 qua
2236 1988 2466 2027 annuam
2529 1974 2728 2042 praibet
2762 1989 2938 2028 escam
2960 2015 2974 2040 ,
3001 1975 3094 2029 sed
3129 1975 3213 2029 his
3238 1974 3416 2029 missis

1819 2065 2089 2131 omnibus,
2118 2079 2350 2133 expensa
2389 2064 2616 2135 quadam
2654 2065 2861 2119 modica
2911 2065 3258 2135 providentia:
3299 2066 3416 2136 ejus

1823 2164 1993 2225 parte,
2036 2172 2136 2225 qtta
2172 2155 2386 2211 Juda‘os
2424 2157 2602 2225 ejecit,
2635 2157 2965 2227 gentilesque
2994 2159 3229 2226 recepit,
3258 2169 3311 2213 et
3348 2160 3415 2213 ad

1822 2247 1964 2301 illius
1993 2248 2167 2301 solum
2196 2249 2362 2317 partis
2378 2249 2528 2318 quasi
2559 2248 2625 2303 ad
2658 2249 2905 2305 immensi
2940 2250 3109 2320 pelagi
3139 2257 3415 2319 aspectum

1821 2338 2046 2408 caligine
2079 2339 2341 2409 repletus.
2372 2354 2436 2394 ac
2462 2340 2507 2393 si
2537 2348 2746 2393 vastum
2774 2340 3037 2410 gurgitem
3080 2340 3370 2410 inspiceret
3397 2382 3412 2403 ,

1822 2432 1998 2485 statim
2031 2432 2239 2498 resiliit,
2266 2440 2321 2488 et
2348 2447 2480 2487 voce
2507 2447 2696 2502 magna
2722 2431 3005 2485 clamavit:
3032 2431 3076 2486 0
3096 2432 3311 2485 altitudo
3338 2433 3417 2485 di-

1821 2522 2057 2575 vitiarum
2086 2523 2349 2591 sapientia:
2371 2533 2420 2576 et
2444 2524 2665 2577 scientia:
2704 2521 2834 2589 Dei,
2874 2539 3025 2593 quam
3069 2523 3416 2577 inscrutabilin

1823 2622 1941 2667 sunt
1973 2613 2175 2684 judicia
2204 2614 2312 2685 ejus
2342 2615 2359 2683 (
2384 2611 2536 2667 Rom.
2568 2614 2658 2668 ll.
2688 2615 2758 2669 55
2778 2614 2829 2682 )l
2863 2612 2978 2667 Non
3010 2612 3177 2675 dixit,
3208 2612 3417 2668 Incom-

1824 2704 2221 2773 prehensibilia,
2249 2703 2365 2771 sed,
2392 2703 2751 2759 Inscrutabilia
2777 2719 2795 2757 :
2821 2704 2962 2773 quod
2986 2702 3029 2758 si
3058 2704 3280 2758 scrutari
3311 2718 3415 2755 non

1828 2795 2113 2864 possimus,
2142 2796 2308 2849 multo
2336 2795 2510 2849 minus
2537 2794 2993 2865 comprehendere
3018 2809 3319 2862 possumus.
3348 2791 3418 2846 Et

1824 2884 2192 2956 investigabiles
2218 2886 2312 2939 via:
2337 2886 2466 2955 ejus.
2497 2884 2611 2940 Via:
2642 2887 2756 2954 ejus
2787 2886 3205 2955 investigabiles,
3224 2896 3278 2939 et
3305 2886 3417 2953 ipse

1827 2977 2363 3047 comprehensibilis,
2396 2978 2483 3031 dic
2524 2962 2699 3031 mihi?
2740 2977 2942 3048 Ecquid
2971 2978 3037 3032 de
3068 2978 3166 3030 viis
3190 2977 3422 3047 loquor?

1827 3070 2051 3125 Priemia
2081 3071 2234 3126 nobis
2259 3073 2490 3140 reposita
2518 3072 3074 3141 incomprehensibilia
3102 3081 3257 3126 sunt:
3284 3069 3420 3126 Ocn-

1828 3160 1907 3214 lus
1937 3162 2079 3215 enim
2107 3178 2204 3215 non
2231 3162 2375 3227 vidit,
2409 3179 2498 3216 nec
2526 3164 2665 3218 auris
2691 3163 2911 3221 audivit.
2945 3179 3034 3216 nec
3058 3163 3110 3215 in
3139 3180 3225 3215 cor
3251 3163 3417 3215 Itami-

1829 3255 1906 3308 nis
1934 3254 2288 3316 ascenderunt,
2332 3271 2444 3325 qua:
2483 3257 2785 3325 prwparavit
2831 3254 2967 3309 Deus
3007 3254 3327 3326 diligentibus
3367 3272 3420 3308 se

1831 3344 1905 3415 (l.
1932 3345 2048 3398 Cor.
2079 3346 2131 3399 9..
2166 3345 2257 3416 9).
2289 3347 2393 3401 Sed
2422 3347 2618 3400 donum
2650 3346 2764 3417 ejus
2796 3347 3147 3401 inenarrabile
3177 3364 3189 3400 :
3218 3345 3421 3399 Gratias

1828 3437 1969 3491 enim
2001 3436 2106 3490 Deo
2130 3478 2146 3503 ,
2178 3437 2362 3507 inquit,
2398 3438 2460 3491 de
2485 3439 2811 3491 inenarrabili
2842 3438 2950 3510 ejus
2994 3437 3128 3491 dono
3174 3438 3192 3504 (
3219 3438 3274 3491 ἢ.
3301 3436 3421 3491 Cor.

1829 3525 1882 3581 9.
1904 3527 2014 3593 15);
2039 3538 2112 3594 et,
2139 3526 2253 3580 Pax
2272 3530 2380 3599 ejus
2398 3538 2601 3598 superat
2621 3546 2818 3583 onmem
2834 3530 3138 3583 intellectum
3160 3528 3422 3600 (Philipp.

1830 3619 1883 3671 4.
1913 3619 1992 3686 7).
2020 3617 2155 3684 Quid
2181 3618 2280 3685 ais,
2305 3619 2501 3689 judicia
2527 3621 2645 3690 ejus
2669 3621 3051 3685 inscrutabilia,
3078 3620 3177 3675 vite
3197 3620 3312 3690 ejus
3341 3622 3422 3675 in-

1831 3710 2169 3780 vestigabiles
2193 3752 2208 3776 ,
2256 3726 2358 3781 pax
2385 3711 2501 3780 ejus
2539 3721 2757 3783 superat
2795 3727 3008 3765 omnem
3047 3712 3373 3766 intellectum
3402 3751 3417 3776 ,

1831 3800 2027 3855 donum
2057 3801 2409 3858 inenarrabile
2434 3813 2534 3868 est,
2558 3819 2676 3873 qua:
2699 3803 3015 3874 pra-paravit
3040 3802 3180 3857 Deus
3203 3802 3428 3872 diligen-

1834 3893 1973 3947 tibus
1997 3907 2073 3957 se,
2104 3892 2157 3947 in
2183 3906 2276 3947 cor
2306 3893 2538 3948 hominis
2566 3909 2671 3949 non
2698 3895 3072 3959 asCeuderunt,
3097 3893 3422 3964 magnitudi-

1834 3987 1916 4040 nis
1940 3985 2055 4056 ejus
2075 4001 2180 4040 non
2203 3996 2284 4042 est
2310 3986 2452 4052 linis,
2472 3988 2767 4057 prudentia:
2787 3988 2901 4055 ejus
2920 4003 3025 4041 non
3046 3996 3130 4042 est
3149 4000 3425 4048 numerus,

1833 4078 2012 4132 omnia
2039 4077 2622 4148 incomprehensibilia,
2652 4080 2765 4149 ipse
2794 4080 2942 4133 solus
2970 4076 3427 4149 comprehensibi-

1833 4168 1938 4223 lis?
1957 4170 2140 4239 ecquis
2162 4170 2248 4225 ltic
2263 4179 2345 4226 est
2370 4169 2562 4226 furoris
2580 4171 2867 4226 excessus?
2886 4171 3075 4226 Retine
3094 4169 3426 4233 haereticum,

1835 4276 1904 4316 ne
1930 4261 2075 4317 sinas
2099 4261 2247 4317 abire
2272 4280 2285 4317 :
2308 4263 2414 4329 dic,
2437 4262 2572 4331 Quid
2597 4264 2669 4317 ait
2698 4261 2935 4318 Paulus?
2956 4262 3041 4316 Ea:
3065 4272 3210 4331 parte
3236 4277 3428 4332 cogno-

1834 4350 2043 4405 scimus.
2081 4350 2196 4405 lNon
2236 4351 2305 4406 de
2351 4351 2646 4407 substantia
2669 4395 2684 4419 ,
2726 4353 2933 4422 inquit,
2968 4351 3021 4407 id
3049 4351 3211 4420 dicit,
3242 4350 3337 4406 sed
3363 4350 3430 4406 de

1835 4441 2337 4512 dispensationibus.
2352 4445 2584 4515 Optime,
2597 4446 2643 4500 si
2661 4445 2727 4499 de
2747 4444 3232 4514 dispensationibus
3252 4458 3434 4499 sermo

1837 4543 2001 4600 esset,
2034 4534 2206 4604 major
2236 4534 2392 4591 nobis
2420 4545 2631 4605 pateret
2660 4535 2726 4589 ad
2757 4536 3037 4590 victoriam
3064 4534 3273 4589 aditus:
3307 4548 3432 4589 nam

1837 4627 1880 4680 si
1906 4627 2333 4698 dispensationes
2358 4629 2926 4700 ineomprebensibiles
2951 4638 3097 4694 sunt,
3126 4628 3295 4684 multo
3319 4643 3433 4682 ma-

1837 4722 1917 4792 gis
1961 4722 2073 4791 ipse
2112 4738 2124 4775 :
2165 4721 2305 4792 quod
2350 4731 2527 4776 autem
2570 4720 2659 4777 hic
2703 4737 2808 4775 non
2844 4719 2913 4776 de
2947 4718 3435 4791 dispensationibus

1839 4813 2109 4883 loquatur,
2142 4813 2235 4868 sed
2262 4812 2327 4867 de
2355 4814 2470 4883 ipso
2494 4815 2601 4867 Deo
2621 4855 2636 4881 ,
2669 4813 2791 4869 audi
2816 4829 2934 4884 qua:
2954 4821 3271 4883 sequuntur.
3298 4811 3431 4866 Cum

1839 4906 1982 4961 enim
2012 4904 2271 4967 dixisset,
2303 4904 2388 4960 Ea:
2415 4915 2556 4976 parte
2580 4906 2949 4977 cognoscimus,
2979 4913 3026 4959 et
3052 4921 3116 4958 ea:
3140 4886 3286 4975 parte
3312 4917 3436 4973 pro-

1841 4999 2123 5068 pltetamus,
2152 4999 2348 5064 intulit,
2382 4998 2433 5054 Ν
2437 5015 2533 5053 unc
2558 5014 2806 5069 cognosco
2827 5014 2891 5053 ea:
2913 5008 3056 5068 parte
3077 5039 3092 5064 ,
3117 5006 3237 5050 tunc
3260 5003 3431 5048 autem

1840 5110 2136 5165 cognoscam
2163 5096 2292 5147 sicut
2320 5102 2367 5147 et
2395 5094 2627 5164 cognitus
2652 5109 2784 5147 sum.
2810 5092 2852 5146 A
2883 5106 2989 5161 quo
3009 5091 3169 5160 igitur
3186 5086 3433 5158 cognitus

1841 5186 1968 5240 est?
2008 5201 2038 5238 a
2088 5186 2196 5240 Deo
2224 5228 2239 5251 ,
2281 5200 2347 5239 an
2392 5200 2420 5238 a
2468 5183 2993 5250 dispensationibus?
3019 5184 3060 5235 Δ
3103 5180 3215 5235 Deo
3253 5194 3383 5235 sane
3415 5197 3430 5232 :

1844 5277 2009 5332 Deum
2038 5277 2194 5347 igitur
2214 5291 2286 5331 ex
2314 5285 2463 5345 parte
2482 5276 2774 5344 cognoscit.
2821 5273 2902 5327 Ea:
2941 5281 3085 5343 parte
3108 5286 3237 5326 vero
3263 5270 3431 5336 dixit,

1842 5384 1948 5422 non
1978 5367 2119 5438 quod
2148 5366 2291 5422 aliud
2324 5381 2391 5422 ex
2434 5365 2552 5436 ejus
2596 5364 2893 5420 substantia
2928 5372 3252 5433 cognoscat,
3283 5359 3430 5415 aliud

1845 5462 2051 5531 ignoret
2077 5458 2098 5531 (
2124 5461 2263 5515 Deus
2282 5459 2426 5515 enim
2454 5459 2679 5528 simplex
2703 5455 2824 5532 est)
2850 5473 2867 5523 ;
2910 5457 3004 5512 scd
3043 5454 3186 5528 quod
3216 5450 3432 5527 quidem

1905 5702 1923 5734 ί
1960 5699 2064 5759 Alii,
2081 5699 2191 5750 ride
2214 5700 2447 5761 quomodo
2472 5702 2689 5749 tatarum
2711 5696 3066 5750 enarrationem
3087 5695 3370 5746 excluserit.

1906 5787 1926 5816 ι
1964 5791 2089 5839 tinus
2110 5784 2279 5844 habet,
2304 5783 2441 5847 regit.
