3942 6384
540 294 646 352 707

541 414 675 469 sciat
714 413 879 469 Deum
909 429 1065 484 esse,
1094 414 1220 486 quid
1240 425 1418 472 autem
1451 413 1626 487 quoad
1674 414 2026 470 substantiam
2069 416 2141 470 sit

542 513 755 575 Ignoret
776 524 790 562 :
813 505 1122 577 Sapientem
1147 522 1269 562 esse
1290 508 1410 571 scit,
1428 506 1523 562 sed
1547 516 1803 576 quantum
1830 507 1899 561 sit
1925 507 2160 574 sapiens.

544 598 715 653 nescit
753 616 768 653 :
816 614 1065 669 magnum
1109 614 1231 654 esse
1279 614 1384 652 non
1430 599 1638 668 ignorat
1665 638 1679 660 ,
1716 606 1972 668 quantum
2014 612 2141 651 vero

544 706 803 760 magnus,
829 699 885 745 et
923 700 1118 761 quanta
1145 690 1214 744 sit
1251 689 1367 759 ejus
1406 688 1714 758 magnitudo
1745 688 1913 743 nescit
1941 705 1958 743 :
1998 689 2139 757 quod

543 783 741 853 ubique
777 787 848 837 sit
892 785 1060 846 novit,
1101 798 1208 853 quo
1257 792 1412 852 pacto
1476 790 1655 837 autem
1682 822 1699 848 ,
1754 782 1963 836 nescit:
1998 781 2140 851 quod

549 874 845 943 provideat,
871 874 1014 945 quod
1040 874 1218 928 omnia
1238 874 1510 928 contineat
1536 881 1592 928 et
1623 884 1868 928 accurate
1897 884 2076 928 servet
2096 876 2137 939 ⁸,

546 984 650 1022 non
692 970 900 1031 nescit;
937 982 1046 1038 quo
1071 977 1251 1022 autem
1281 966 1440 1021 modo
1486 967 1537 1021 id
1567 966 1723 1021 faciat
1748 1008 1764 1033 ,
1795 967 1984 1020 nescit.
2015 966 2140 1020 Ideo

546 1060 757 1114 dicebat
781 1100 797 1126 ,
854 1059 935 1113 Ea:
968 1071 1114 1129 parte
1148 1060 1519 1131 cognoscimus,
1566 1069 1610 1114 et
1635 1076 1699 1113 ea:
1739 1067 1886 1129 parte
1914 1058 2139 1129 proplte«

549 1162 731 1204 tamus.
1895 1208 1902 1217 .

614 1245 668 1299 6.
712 1244 964 1316 Supernis
992 1246 1144 1299 etiam
1196 1243 1477 1299 Virtutibus
1514 1243 2034 1316 incomprehensibilis
2071 1252 2143 1297 est

547 1336 705 1391 Deus.
738 1367 807 1379 ——
835 1338 1051 1405 Verum,
1077 1337 1121 1392 si
1159 1338 1350 1407 placet,
1394 1337 1616 1392 dimisso
1638 1338 1803 1393 Paulo
1830 1349 1991 1408 atque
2018 1352 2141 1407 pro-

548 1430 758 1498 phetis,
796 1429 1149 1485 ascendamns
1176 1429 1226 1483 in
1254 1430 1423 1484 caelos
1461 1446 1476 1482 :
1518 1445 1584 1483 an
1623 1430 1757 1484 forte
1794 1430 2028 1499 quipiam
2069 1428 2140 1482 ibi

546 1520 655 1574 sint
687 1519 779 1588 qui
810 1520 900 1574 Dei
932 1519 1281 1574 substantiam
1313 1520 1487 1573 norint
1514 1536 1528 1583 ;
1572 1519 1696 1573 licet
1733 1521 1776 1572 si
1816 1522 1904 1588 qui
1937 1518 2007 1572 ibi
2036 1519 2143 1572 sint

544 1613 632 1681 qui
654 1612 854 1677 norint,
876 1612 1003 1666 nihil
1034 1627 1317 1667 commune
1348 1612 1623 1666 nobiscum
1642 1612 1839 1667 habent
1860 1631 1872 1666 :
1892 1627 2141 1681 magnum

544 1703 686 1757 enim
714 1703 1001 1757 discrimen
1032 1704 1252 1774 angelos
1278 1703 1416 1758 inter
1453 1712 1508 1757 et
1548 1701 1811 1758 homines.
1844 1703 2043 1758 Verum
2086 1714 2144 1758 ut

545 1811 612 1849 ex
647 1795 937 1850 abundanti
964 1796 1160 1861 discas,
1194 1797 1395 1850 nullam
1427 1796 1498 1849 ibi
1526 1804 1757 1850 creatam
1784 1795 2043 1850 Virtutem
2087 1795 2140 1849 id

545 1902 702 1941 nosse
732 1929 746 1952 ,
796 1889 939 1956 ipsos
965 1888 1243 1943 audiamus
1287 1888 1529 1958 angelos.
1560 1888 1697 1956 Quid
1746 1877 1950 1956 igitur?
1979 1903 2046 1941 an
2074 1888 2143 1942 de

544 1978 841 2033 substantia
869 1978 958 2033 illa
977 1979 1044 2032 ibi
1068 1979 1360 2042 disserunt,
1384 1988 1438 2034 et
1462 1980 1810 2049 qiimstionetii
1838 1989 2020 2033 mutuo
2049 1980 2143 2033 ha-

548 2070 716 2123 bent?
742 2070 992 2135 Minime;
1022 2071 1115 2125 sed
1141 2069 1302 2140 quid?
1328 2070 1656 2133 Glorificant,
1686 2054 1930 2137 adorant,
1953 2072 2145 2126 trium-

547 2160 724 2231 phalia
748 2170 801 2216 et
830 2164 1052 2233 mystica
1079 2164 1283 2217 cantica
1329 2172 1588 2233 perpetuo
1616 2172 1668 2217 et
1691 2178 1811 2217 cum
1841 2164 2008 2217 multo
2033 2174 2143 2217 tre-

549 2265 698 2305 more
729 2252 979 2306 emittunt
1012 2270 1024 2305 :
1054 2261 1108 2306 et
1142 2253 1228 2307 alii
1257 2254 1471 2323 quidem
1511 2254 1693 2307 dicunt
1717 2296 1732 2321 ,
1776 2253 1953 2308 Gloria
1980 2255 2033 2307 in
2061 2255 2142 2308 al-

547 2342 752 2397 tissimis
776 2341 888 2396 Deo
920 2343 1082 2413 (Luc.
1106 2346 1161 2398 2.
1194 2346 1261 2400 M
1284 2347 1302 2416 )
1332 2361 1346 2410 ;
1379 2346 1659 2416 Seraphim
1684 2361 1811 2401 vero
1836 2388 1852 2414 ,
1886 2346 2107 2401 Sanctus
2127 2388 2141 2411 ,

546 2444 770 2502 sanctus,
793 2449 997 2492 sanctus
1030 2437 1197 2510 (lsai.
1224 2440 1277 2493 6.
1306 2439 1340 2495 ὅ
1368 2437 1411 2511 ),
1441 2449 1495 2494 et
1520 2439 1703 2493 oculos
1731 2447 1997 2507 avertunt,
2019 2455 2142 2494 cum

550 2527 642 2582 Dei
674 2530 816 2584 illam
844 2533 1345 2601 attemperationem
1377 2549 1443 2589 ne
1472 2533 1616 2589 ferre
1645 2534 1861 2603 quidem
1889 2535 2101 2588 valeant
2127 2552 2141 2598 ;

546 2617 833 2676 Cherubint
873 2634 1051 2678 autem
1077 2665 1091 2690 ,
1130 2623 1404 2679 Benedicta
1437 2626 1602 2697 gloria
1643 2627 1754 2696 ejus
1800 2642 1864 2680 ea:
1903 2627 2011 2680 loco
2036 2627 2145 2698 ejus

547 2711 568 2783 (
593 2711 782 2768 Each.
814 2714 866 2768 ὅ.
896 2715 963 2771 12
987 2715 1027 2788 ).
1055 2715 1171 2771 Non
1211 2719 1352 2788 quod
1392 2719 1512 2773 loco
1538 2734 1672 2787 Opus
1701 2720 1771 2773 sit
1800 2720 1928 2785 Deo,
1957 2720 2097 2776 absit
2126 2737 2142 2787 ;

547 2803 643 2860 sed
671 2816 726 2860 ut
747 2805 981 2863 humano
1008 2824 1158 2865 more
1183 2811 1446 2879 dicamus,
1468 2812 1788 2883 ubicumque
1815 2814 1906 2879 sit,
1930 2824 1984 2870 et
2012 2831 2143 2885 quo-

547 2895 938 2970 modocumque
966 2902 1036 2955 sit
1063 2917 1077 2954 :
1107 2901 1151 2955 si
1181 2911 1355 2955 tamen
1380 2902 1508 2957 illud
1530 2903 1597 2959 de
1620 2905 1729 2959 Deo
1757 2913 1871 2959 tuto
1894 2906 1996 2961 dici
2022 2924 2145 2976 pos-

547 2989 665 3057 sit,
711 2988 999 3045 humanam
1047 2993 1242 3064 quippe
1289 2993 1525 3065 linguam
1582 2994 1861 3052 habemus.
1891 2992 2148 3051 Vidistin’

514 3078 517 3083 ’
548 3090 778 3149 quantus
806 3082 969 3138 timor
996 3085 1047 3139 in
1076 3086 1242 3151 caelis,
1271 3098 1502 3157 quantus
1526 3100 1863 3158 contemptus
1884 3090 1936 3145 in
1965 3090 2145 3145 terra?

548 3172 625 3228 Illi
657 3175 959 3245 glorificant
980 3218 997 3244 ,
1039 3178 1089 3232 hi
1117 3181 1327 3235 curiose
1355 3182 1628 3252 inquirunt
1654 3200 1669 3245 ;
1698 3183 1915 3239 laudant
1945 3184 2017 3238 illi
2043 3226 2058 3250 ,
2089 3185 2140 3237 hi

545 3267 739 3321 multas
769 3280 983 3324 movent
1025 3273 1351 3341 qumstiones
1371 3275 1426 3339 ';
1452 3275 1527 3329 illi
1560 3276 1742 3329 oculos
1768 3277 2025 3345 ohteguut
2045 3317 2059 3342 ,
2092 3276 2143 3330 hi

546 3357 601 3411 in
628 3356 849 3428 gloriam
879 3359 1288 3415 inenarrabilem
1312 3363 1576 3433 inspicere
1598 3364 1938 3434 impudenter
1952 3379 2145 3420 conan-

548 3457 653 3500 tur.
693 3449 823 3514 Quis
864 3466 970 3504 non
1022 3452 1379 3522 ingemuerit?
1409 3456 1527 3525 quis
1567 3472 1672 3509 non
1721 3459 1910 3511 luxerit
1957 3474 2143 3513 eorum

483 3553 501 3569 κ
549 3536 810 3592 insaniam
834 3550 1236 3613 extremamque
1260 3540 1545 3600 amentiam
1565 3548 1589 3601 ἲ
1608 3546 1864 3602 Volebam
1888 3565 2000 3603 rem
2022 3567 2146 3620 pro-

546 3626 705 3685 lixius
739 3645 901 3701 agere
930 3650 942 3685 :
976 3633 1070 3687 sed
1095 3635 1311 3704 quando
1354 3653 1494 3691 nunc
1536 3640 1763 3707 primum
1796 3639 1849 3693 in
1882 3640 1996 3695 haec
2022 3656 2142 3696 cer-

545 3721 745 3777 tamina
781 3724 1078 3792 descendi,
1115 3743 1147 3781 e
1189 3744 1248 3782 re
1285 3729 1435 3783 vobis
1464 3729 1578 3783 fore
1607 3739 1735 3800 puto
1766 3732 1810 3785 si
1851 3733 2144 3803 praemissis

542 3815 780 3869 cententi
827 3815 942 3869 sitis
962 3859 977 3883 ,
1018 3832 1084 3872 ne
1113 3833 1299 3873 eorum
1328 3835 1447 3890 qua:
1471 3821 1695 3876 dicenda
1734 3832 2021 3891 supersunt
2048 3840 2142 3879 co-

545 3903 633 3974 pia
652 3943 669 3970 ,
701 3906 872 3960 multo
899 3907 1097 3978 impetu
1125 3911 1419 3965 succedens
1447 3954 1461 3975 ,
1489 3928 1673 3967 eorum
1707 3916 2018 3969 memoriam
2044 3915 2142 3970 de-

547 3994 740 4050 trahat.
774 3996 941 4052 Plane
963 4039 979 4065 ,
1019 4000 1063 4054 si
1094 4000 1233 4056 Deus
1262 4004 1566 4071 permiserit
1590 4005 1737 4067 ,.lioc
1765 4017 2139 4075 argumentum

542 4084 635 4139 ditt
667 4088 1032 4146 tractabimus.
1058 4090 1318 4162 Equidem
1339 4094 1448 4164 jam
1481 4096 1682 4164 pridem
1710 4098 1859 4152 vobis
1887 4101 1985 4153 bos
2011 4114 2143 4155 con-

545 4177 685 4233 ferre
732 4195 1010 4237 sermones
1062 4184 1340 4253 cupiebam
1374 4228 1390 4253 ,
1441 4187 1535 4241 sed
1582 4190 1873 4243 cunctabar
1920 4200 1974 4245 et
2023 4206 2145 4260 pro-

542 4271 898 4329 crastinabam
920 4317 934 4341 ,
964 4275 1087 4346 quia
1120 4278 1315 4332 nmltos
1341 4294 1406 4333 eo
1428 4280 1615 4334 morbo
1642 4281 1947 4336 laborantes
1994 4283 2143 4336 vide-

544 4364 663 4417 bam
720 4366 873 4421 nobis
915 4382 1037 4421 cum
1080 4370 1350 4439 voluptate
1398 4386 1556 4426 aures
1595 4372 1835 4441 praebere
1869 4391 1884 4428 :
1916 4389 2145 4445 cumque

545 4455 742 4509 nollem
770 4456 1007 4525 praedam
1031 4459 1265 4529 abigere,
1296 4462 1508 4516 interim
1542 4463 1773 4533 linguam
1803 4466 1869 4517 ab
1896 4465 1978 4519 his
2008 4481 2142 4519 con-

540 4545 926 4603 certationibus
950 4554 1287 4617 cocrcebam,
1314 4563 1372 4608 ut
1396 4570 1516 4609 cum
1559 4555 1678 4609 illos
1705 4556 1909 4610 firmius
1931 4557 2141 4611 detine-

540 4653 679 4705 rem,
704 4647 828 4695 tunc
856 4641 909 4695 in
932 4657 1149 4697 arenam
1172 4645 1577 4701 descenderem.
1607 4648 1868 4712 Quoniam
1894 4664 2023 4703 vero
2048 4665 2143 4718 per

542 4729 637 4784 Dei
659 4732 881 4801 gratiam
913 4732 1031 4787 illos
1051 4735 1228 4790 audivi
1257 4736 1550 4803 hortantes,
1576 4748 1632 4792 ut
1659 4739 1710 4792 in
1743 4741 1844 4794 hoc
1868 4749 2139 4795 certamen

541 4821 925 4880 descenderem
950 4866 963 4888 ,
991 4840 1077 4879 me
1107 4825 1322 4881 demum
1353 4827 1523 4883 fidens
1549 4829 1613 4882 ad
1648 4844 1876 4900 pugnam
1908 4832 2136 4895 aceinxi,

539 4931 794 4987 armaque
837 4917 1036 4987 arripui
1078 4919 1186 4986 illa,
1220 4936 1338 4991 quae
1361 4930 1592 4992 purgant
1637 4924 1899 4977 rationem
1923 4932 1977 4977 et
2019 4938 2140 4975 om-

543 5008 664 5063 nem
706 5007 1084 5065 celsitudinem
1134 5028 1254 5082 quas
1311 5013 1585 5067 extollitur
1626 5023 1810 5068 contra
1857 5015 2137 5070 scientiam

543 5099 660 5155 Dei.
687 5100 810 5157 Hice
831 5117 992 5172 porro
1018 5105 1281 5173 assumpsi
1307 5120 1475 5171 arma,
1495 5120 1598 5159 non
1623 5115 1680 5159 ut
1706 5106 1921 5159 ferirem
1944 5106 2139 5160 advero

538 5193 710 5249 sarius
739 5236 755 5261 ,
799 5196 895 5252 sed
937 5207 995 5251 ut
1037 5199 1279 5268 jacentes
1320 5200 1602 5269 erigerem.
1659 5199 1785 5254 Haec
1827 5210 1910 5254 est
1959 5211 2137 5254 autem

537 5298 809 5341 armorum
839 5286 1143 5358 hujusmodi
1173 5293 1254 5344 vis
1279 5332 1293 5355 ,
1323 5300 1380 5344 ut
1402 5290 1770 5345 contentiosos
1800 5289 2016 5357 feriant,
2044 5305 2139 5345 eos

538 5390 669 5434 vero
713 5378 802 5451 qui
848 5377 1117 5438 benevolo
1164 5380 1390 5437 audiunt
1440 5383 1620 5437 animo
1662 5396 1787 5437 cum
1834 5381 2001 5436 multa
2052 5383 2136 5437 di-

605 5557 621 5624 f
660 5554 763 5624 Alii,
790 5571 959 5624 secure
981 5568 1136 5624 regat.

586 5620 749 5689 _’___,_s.ic
768 5620 909 5689 savii.
935 5627 990 5672 et
1236 5635 1356 5689 pars
1388 5627 1494 5674 Mss.
1520 5622 1681 5673 Morel.
1710 5629 1763 5674 et
1805 5622 1998 5689 quidam
2019 5622 2136 5689 alii,

544 5672 598 5725 hi
620 5673 939 5748 uilipendunt.
962 5692 1031 5748 At;
1059 5684 1142 5736 hic
1177 5672 1445 5748 legendum
1464 5672 1601 5746 esse,
1624 5672 2141 5748 morentrqua'stiones

536 5744 727 5802 multas,
757 5755 819 5791 ex
845 5747 977 5795 serie
1002 5746 1173 5809 liquet.

1252 305 1312 357 5.
1352 298 1631 357 JOANNIS
1669 295 2145 355 CllRYSOSTOMl
2186 298 2503 357 ARCHIEP.
2542 303 3084 366 CONS'I‘ANTINOP.
3719 311 3807 376 708

2249 414 2464 485 ligentia
2505 428 2695 475 curent
2726 436 2741 474 :
2770 421 2991 478 vulnera
3043 438 3148 478 nou
3194 422 3458 496 inﬂigunt,
3510 427 3602 485 sed
3623 443 3808 487 curant.

2320 507 2373 561 7.
2406 506 2481 561 Ne
2511 507 2671 579 igitur
2694 510 2947 568 adversus
2976 514 3095 569 illos
3122 512 3462 583 ferociamus,
3493 534 3558 573 ne
3581 534 3694 574 cum
3724 519 3803 576 fu-

2246 612 2370 652 rore
2397 597 2517 652 illos
2543 601 2880 668 adoriamur,
2912 603 3007 659 sed
3039 606 3281 661 modeSIe
3307 621 3431 662 cum
3465 609 3566 663 illis
3599 610 3809 666 dissera-

2249 703 2367 742 mus
2392 705 2404 741 :
2434 688 2569 744 nihil
2597 694 2793 763 quippe
2822 695 3081 751 modestia
3109 705 3164 751 et
3184 700 3592 755 mansuetudine
3614 702 3813 757 validius

2246 787 2349 834 est.
2378 780 2735 848 Quamobrem
2763 784 2954 840 Paulus
2974 800 3096 841 cum
3122 788 3288 842 multo
3309 790 3489 846 studio
3517 792 3627 848 lucc
3649 794 3811 850 obser-

2246 886 2374 927 vare
2412 872 2565 942 jubet
2611 874 2695 930 his
2722 877 2934 943 verbis,
2968 878 3183 933 Servum
3225 880 3434 935 Domini
3473 899 3572 936 non
3614 901 3813 956 pugnare

2249 975 2464 1033 Oportet,
2485 969 2573 1022 sed
2591 980 2907 1024 mansuetum
2933 988 3040 1029 esse
3057 991 3179 1045 erga
3199 991 3372 1030 omnes
3400 975 3476 1048 (2.
3494 975 3627 1031 Tim.
3643 978 3692 1035 2.
3710 979 3813 1050 Ei).

2246 1055 2363 1112 Non
2406 1059 2574 1126 dixit,
2608 1060 2745 1132 Erga
2792 1062 2986 1119 fratres
3029 1075 3266 1132 tantum,
3308 1066 3406 1121 sed
3430 1108 3445 1132 ,
3480 1066 3614 1138 Erga
3643 1085 3810 1124 omnes.

2248 1151 2327 1203 Ac
2364 1165 2583 1218 rursus,
2617 1151 2871 1207 Modestia
2913 1164 3077 1209 vestra
3114 1166 3234 1209 nota
3277 1158 3343 1210 sit
3374 1156 3635 1230 (Philipp.
3658 1161 3706 1214 4.
3734 1161 3809 1231 5),

2249 1255 2355 1294 non
2388 1240 2660 1311 fratribus,
2694 1246 2789 1300 sed
2817 1245 3047 1299 omnibus
3073 1247 3382 1301 hominibus.
3414 1247 3543 1315 Quae
3569 1249 3700 1304 enim
3726 1253 3836 1304 uti--

2252 1336 2374 1391 Iitas
2412 1347 2496 1391 est
2524 1378 2539 1402 ,
2582 1339 2810 1405 inquit’,
2854 1341 2897 1392 si
2929 1354 3025 1394 eos
3062 1339 3300 1409 diligitis,
3333 1344 3425 1410 qui
3455 1356 3549 1396 vos
3576 1342 3808 1409 diligunt?

2249 1426 2307 1481 Si
2336 1428 2513 1497 itaque
2542 1429 2789 1484 amicitia:
2818 1446 3006 1484 eorum
3036 1430 3363 1486 detrimento
3391 1432 3516 1499 sint,
3546 1443 3599 1487 et
3630 1435 3691 1487 ad
3730 1435 3808 1487 im-

2249 1518 2462 1588 pietatis
2483 1521 2795 1575 societatem
2824 1522 3156 1590 pertrahant,
3187 1522 3313 1577 licet
3338 1522 3415 1576 illi
3447 1531 3681 1592 parentes
3700 1525 3805 1588 sint,

2250 1610 2455 1665 resilias
2474 1620 2723 1680 oportet;
2753 1612 2797 1665 si
2820 1612 3006 1667 oculus
3023 1613 3112 1678 sit,
3136 1629 3265 1667 erue
3293 1614 3462 1667 illum.
3497 1614 3557 1669 Si
3577 1617 3725 1679 enim.
3742 1616 3809 1668 iu-

2249 1702 2575 1770 quit,oculus
2602 1712 2718 1755 tuus
2745 1702 2918 1756 dexter
2944 1704 3260 1757 scandalizat
3292 1714 3360 1769 te,
3380 1702 3805 1774 erueeum(blatth.

2251 1792 2303 1847 5.
2327 1791 2458 1861 29):
2491 1808 2595 1846 non
2632 1793 2682 1847 id
2719 1791 2787 1847 de
2814 1808 3041 1862 corpore
3061 1793 3245 1849 dicens
3277 1813 3291 1850 :
3328 1810 3436 1864 quo
3468 1805 3620 1866 pacto
3650 1798 3807 1850 enim?

2250 1882 2380 1936 Nam
2399 1884 2440 1937 si
2462 1884 2510 1937 id
2531 1884 2599 1938 de
2616 1884 2858 1953 corporis
2880 1895 3065 1939 natura
3083 1886 3328 1949 dixisset,
3347 1888 3547 1941 crimen
3567 1888 3613 1941 in
3632 1898 3803 1941 natura:

2248 1973 2589 2030 Conditorem
2617 1976 2995 2031 transferretur
3015 1979 3188 2032 :‘alias
3209 1995 3316 2031 non
3339 1995 3503 2032 unum
3535 1980 3640 2033 erui
3668 1994 3805 2048 opor-

2258 2076 2436 2121 teret:
2468 2068 2592 2121 licet
2636 2072 2776 2123 enim
2822 2070 3037 2124 sinister
3080 2070 3502 2141 relinqueretur,
3544 2072 3645 2140 pari
3674 2070 3806 2124 modo

2251 2160 2343 2215 ille
2389 2160 2659 2217 hominem
2706 2163 3114 2218 scandalizaret.
3161 2163 3269 2218 Sed
3313 2174 3371 2218 ut
3413 2164 3584 2219 discas
3623 2180 3716 2217 non
3752 2163 3805 2217 de

2250 2252 2409 2305 oculo
2454 2266 2757 2307 sermonem
2788 2270 2906 2309 esse
2926 2295 2942 2319 ,
2975 2255 3221 2309 dentrum
3253 2254 3484 2325 adjecit,
3524 2271 3622 2326 quo
3657 2264 3805 2309 osten-

2251 2341 2427 2406 deret,
2459 2352 2517 2396 ut
2544 2344 2589 2398 si
2617 2346 2847 2399 amicum
2877 2347 3183 2417 quempiam
3214 2347 3356 2401 oculi
3395 2346 3561 2400 dextri
3602 2346 3707 2399 loco
3731 2346 3803 2397 ha-

2254 2434 2379 2489 beas
2400 2476 2416 2501 ,
2444 2445 2498 2489 et
2531 2433 2671 2489 hunc
2696 2436 2878 2505 ejicias
2902 2446 2958 2491 et
2992 2437 3060 2490 ab
3085 2436 3323 2491 amicitia
3356 2447 3444 2491 tua
3471 2436 3742 2497 exscindas,
3766 2435 3802 2486 si

2252 2537 2306 2583 te
2347 2528 2689 2582 scandalizet.
2740 2528 2877 2597 Quid
2920 2530 3063 2585 enim
3102 2529 3255 2601 juvat
3299 2530 3511 2584 oculum
3553 2527 3729 2583 habere
3761 2526 3802 2578 in

2253 2622 2545 2691 perniciem
2577 2622 2767 2692 reliqui
2814 2622 3102 2693 corporis?
3146 2622 3201 2677 Si
3243 2622 3422 2693 itaque
3465 2620 3693 2676 amicitia:
3724 2631 3801 2671 no-

2251 2725 2441 2783 ceant,
2475 2715 2738 2786 fugiamus
2763 2725 2819 2771 et
2848 2717 3145 2771 resiliamus
3170 2733 3184 2782 ;
3231 2716 3317 2770 sin
3348 2715 3502 2770 nobis
3529 2713 3590 2768 ad
3626 2708 3802 2782 pictatis

2251 2807 2514 2863 rationem
2546 2808 2747 2863 nullum
2770 2807 3023 2861 damnum
3054 2806 3315 2871 inferant,
3345 2807 3492 2875 ipsos
3519 2806 3581 2859 ad
3606 2818 3690 2857 nos
3709 2799 3802 2855 alli-

2253 2900 2457 2953 ciamus
2487 2909 2543 2954 et
2574 2898 2979 2970 pertrahamus;
3007 2899 3150 2969 quod
3177 2898 3221 2953 si
3250 2898 3386 2953 nihil
3417 2898 3561 2952 illum
3580 2895 3799 2965 juves,ct

2253 2993 2322 3047 ab
2365 2994 2482 3064 ipso
2522 2994 2734 3048 laedaris
2758 3035 2773 3060 ,
2817 2992 2869 3047 id
2916 2993 3049 3048 lucri
3090 2991 3296 3047 referas
3334 3002 3395 3046 ut
3437 3005 3529 3061 per
3555 2987 3798 3043 sectionem

2252 3086 2369 3139 sine
2411 3085 2619 3153 jactura
2661 3099 2894 3139 maneas.
2945 3083 3013 3137 Et
3058 3085 3178 3155 fuge
3222 3084 3436 3138 illorum
3480 3074 3797 3140 amicitias,si

2252 3188 2483 3233 noceant
2511 3195 2524 3232 :
2557 3178 2676 3247 fuge
2704 3186 2906 3231 tantum
2924 3218 2939 3243 ,
2968 3192 3067 3231 nec
3096 3192 3322 3246 pugnes,
3344 3188 3515 3244 neque
3536 3176 3797 3226 consertes;

2252 3273 2331 3325 sic
2362 3270 2558 3325 Paulus
2603 3277 2788 3324 monet
2831 3268 2914 3323 his
2943 3268 3122 3323 verbis
3155 3286 3168 3322 :
3201 3267 3266 3322 Si
3309 3266 3541 3337 possibile
3562 3271 3662 3327 est,
3694 3255 3797 3328 quod

2251 3378 2316 3415 ea:
2344 3363 2480 3415 vobis
2510 3371 2616 3427 est,
2659 3377 2773 3414 cum
2817 3360 3049 3415 omnibus
3087 3359 3380 3413 hominibus
3412 3373 3579 3429 pacem
3605 3354 3798 3406 habentes

2256 3451 2432 3523 (Rom.
2462 3452 2552 3507 12.
2586 3453 2699 3521 18).
2741 3452 2939 3507 Servus
2969 3468 3028 3507 es
3056 3452 3149 3506 Dei
3189 3453 3340 3522 pacis
3373 3469 3385 3503 :
3421 3451 3508 3504 ille
3534 3447 3613 3519 qui
3638 3445 3797 3498 daemo-

2253 3559 2349 3598 nes
2376 3545 2626 3613 ejiciebat
2652 3553 2704 3599 et
2734 3545 3012 3599 innumera
3041 3544 3368 3613 Operabatur
3395 3543 3548 3602 bona,
3573 3552 3679 3592 cum
3702 3545 3796 3587 eum

2250 3637 2637 3693 dmmoniacmn
2678 3638 3044 3708 appellarent,
3093 3653 3199 3691 non
3226 3634 3449 3690 fulmen
3488 3630 3681 3693 emisit,
3715 3639 3795 3679 non

2250 3730 2644 3783 conviciatores
2669 3729 2953 3794 contrivit,
2981 3744 3088 3782 non
3115 3728 3348 3797 linguam
3377 3728 3515 3782 illam
3552 3715 3794 3778 combussit

2253 3835 2420 3891 usque
2442 3822 2579 3875 adeo
2606 3820 2968 3891 impudentem
2991 3835 3046 3876 et
3072 3821 3355 3890 ingratam,
3378 3819 3499 3873 licet
3524 3815 3630 3870 hinc
3651 3806 3791 3863 omnia

2251 3914 2428 3969 facere
2446 3922 2658 3984 posset;
2682 3913 2775 3968 sed
2796 3915 3190 3969 accusationem
3214 3914 3385 3967 solum
3405 3908 3602 3979 depulit
3618 3904 3792 3957 dicens:

2250 4006 2364 4077 Ego
2396 4006 2698 4060 daemonium
2725 4022 2825 4059 non
2855 4006 3034 4070 habeo,
3063 4005 3151 4058 sed
3178 4004 3457 4072 honoriﬁco
3481 4014 3586 4053 eum
3604 4036 3617 4061 ,
3640 3992 3714 4062 qui
3734 4002 3793 4040 me

2249 4098 2384 4152 misit
2407 4096 2584 4169 (Joan.
2605 4097 2656 4152 8.
2681 4097 2796 4165 49).
2823 4096 2956 4151 Cum
2980 4106 3155 4151 autem
3183 4111 3370 4151 servus
3399 4089 3646 4163 pontificis
3669 4083 3785 4136 illum

2251 4193 2534 4260 percussit,
2559 4190 2683 4258 quid
2706 4188 2822 4243 ait?
2855 4189 2916 4244 Si
2938 4188 3069 4242 male
3093 4188 3329 4258 loquutus
3349 4203 3478 4251 sum,
3504 4173 3789 4236 testimonium

2251 4281 2457 4352 perhibe
2503 4280 2567 4332 de
2595 4281 2767 4347 malo;
2797 4280 2841 4333 si
2867 4290 3035 4332 autem
3061 4279 3184 4332 bene
3202 4319 3216 4343 ,
3248 4278 3372 4350 quid
3402 4293 3480 4331 me
3492 4262 3786 4335 cadionan.

2251 4376 2337 4429 18.
2367 4372 2502 4445 25)?
2536 4372 2689 4439 Quod
2717 4374 2760 4426 si
2793 4373 3049 4426 Dominus
3078 4370 3389 4440 angelorum
3420 4382 3477 4420 se
3503 4365 3726 4451 excusat.
3748 4358 3790 4451 ξι

2250 4468 2512 4521 rationem
2542 4465 2739 4520 famulo
2771 4464 2979 4531 reddit,
3021 4480 3124 4517 non
3154 4479 3290 4533 opus
3318 4461 3553 4516 oratione
3583 4448 3786 4517 longiori-

2253 4562 2375 4615 llaec
2402 4562 2575 4615 solum
2607 4561 2765 4614 verba
2799 4569 2978 4612 mente
3005 4556 3227 4611 revolve
3248 4598 3260 4619 ,
3299 4569 3362 4607 ac
3388 4552 3675 4619 frequenter
3699 4547 3787 4590 me-

2248 4652 2454 4716 ditare,
2497 4661 2551 4706 et
2592 4651 2719 4704 dic:
2755 4650 2816 4705 Si
2862 4649 2993 4702 male
3033 4650 3271 4715 loquutus
3311 4660 3455 4707 sum,
3500 4626 3788 4692 testimonium

2247 4744 2451 4814 perhibe
2490 4743 2553 4797 de
2593 4743 2726 4796 malo
2744 4759 2765 4808 ;
2796 4743 2837 4795 si
2864 4752 3032 4795 autent
3087 4741 3210 4792 bene
3229 4781 3244 4806 ,
3284 4737 3404 4808 quid
3429 4749 3503 4787 me
3541 4718 3717 4814 cludis?
3742 4716 3790 4768 Εῑ

2246 4812 2420 4907 cogita
2446 4836 2563 4905 quis
2588 4837 2852 4906 loquatur,
2880 4832 2946 4887 ad
2973 4848 3129 4902 quem
3158 4832 3428 4900 loquatur,
3445 4832 3495 4878 et
3519 4832 3614 4890 qua
3640 4812 3698 4866 de
3716 4819 3786 4861 re:

2246 4937 2509 4998 eruntque
2547 4927 2641 4980 tibi
2670 4926 2827 4980 verba
2862 4924 3047 4980 isthaec
3073 4923 3310 4978 divinum
3337 4912 3594 4987 quoddam
3620 4912 3666 4958 et
3692 4908 3789 4967 Pe"

2249 5031 2464 5089 petntnn
2491 5020 2779 5081 canticum,
2822 5025 2982 5085 atque
3006 5029 3221 5069 omnem
3254 5006 3415 5063 animi
3451 5005 3687 5089 tumoreill

2245 5079 2373 5164 dare
2416 5116 2668 5179 poterunt
2708 5124 2724 5162 :
2756 5079 2928 5176 cogita
2958 5103 3269 5174 dignitatem
3300 5099 3447 5169 ejus,
3487 5089 3570 5161 qui
3597 5079 3781 5179 affectus

2245 5213 2326 5257 est
2355 5177 2673 5256 contumelia
2694 5242 2709 5267 ,
2745 5198 2990 5253 ltcdentis
3017 5197 3273 5250 vilitatem
3294 5235 3309 5259 ,
3351 5177 3662 5245 contumelia:
3688 5179 3783 5267 sta:

2245 5297 2487 5349 vitalem.
2536 5292 2652 5348 Non
2695 5291 2839 5347 enim
2885 5287 3207 5344 contumelia
3253 5281 3427 5338 aﬂ'ecit
3465 5251 3786 5368 tantum-.7133“|

2245 5388 2541 5458 percussit;
2574 5402 2678 5440 non
2703 5384 2968 5456 percussit
2989 5390 3216 5447 tantum,
3239 5377 3332 5434 sed
3354 5347 3781 5464 etpalapatn

2245 5448 2552 5548 hujusmodi
2607 5486 2786 5531 autem
2830 5472 3180 5546 percussione
3226 5467 3353 5526 nihil
3408 5448 3781 5548 ignominipslllf:

2246 5534 2494 5626 Atiainen
2523 5569 2705 5625 omnia
2745 5534 2899 5636 tulit,
2942 5577 3001 5621 ut
3044 5563 3234 5635 majori
3275 5551 3516 5624 exemplo
3551 5534 3783 5599 modum8

2311 5752 2338 5790 ι,
2364 5752 2558 5809 quidam
2592 5755 2722 5807 uss,
2746 5744 2902 5806 quam
2939 5746 3086 5803 mm,
3114 5744 3285 5805 ειρηξι,
3305 5735 3426 5791 vobis
3445 5725 3605 5795 orati".
3628 5724 3708 5766 ⁸⁸⁸·
