3942 6362
267 372 359 428 709

263 501 417 557 agere
443 485 704 542 disceres.
731 480 856 539 Hoc
881 499 984 538 non
1009 481 1110 538 hoc
1140 490 1342 538 tantum
1367 482 1485 538 loco
1509 482 1852 552 philosophe-

263 593 399 634 mur.
429 577 524 632 sed
555 591 656 630 suo
683 586 923 644 tempore
954 576 1142 629 horum
1177 574 1540 630 recordemur.
1569 573 1850 628 Laudastis

260 683 321 724 ea
347 684 466 738 qua:
509 667 652 724 dicta
691 675 849 732 sunt,
895 665 987 720 sed
1029 664 1286 736 operibus
1324 663 1532 720 laudem
1576 663 1848 719 exhibete.

260 761 474 816 Athleta
500 759 697 830 quippe
735 759 787 812 iu
817 758 1061 827 pata-stra
1092 767 1402 824 exercetur,
1435 766 1491 812 ut
1518 755 1570 811 in
1601 756 1851 812 certami-

261 854 416 908 nibus
458 852 857 909 exercitationis
901 851 1186 906 utilitatem
1233 857 1636 910 commonstret.
1685 849 1751 904 Et
1795 857 1850 904 tu

256 959 384 1014 ergo
413 959 602 999 eorum
631 959 750 1012 qua:
792 941 1020 1006 audisti,
1051 941 1334 998 invadente
1372 941 1485 1008 ira,
1511 942 1721 998 lucrum
1751 957 1846 996 ex-

257 1039 378 1094 hibe
407 1055 420 1091 :
451 1047 504 1092 et
528 1037 630 1092 hoc
655 1037 859 1095 dictum
887 1035 1199 1105 frequenter
1225 1035 1280 1090 in
1305 1050 1401 1090 ore
1428 1034 1566 1091 habe
1591 1053 1602 1086 :
1629 1034 1691 1088 Si
1716 1032 1850 1088 male

253 1129 488 1197 loquutus
517 1144 629 1187 sum
648 1169 663 1193 ,
706 1127 1046 1186 testimonium
1075 1124 1278 1195 perhibe
1303 1126 1365 1179 de
1388 1126 1564 1189 malo;
1603 1126 1648 1180 si
1676 1135 1844 1178 autem

252 1219 392 1284 bene,
423 1219 547 1289 quid
575 1235 653 1272 me
677 1219 832 1276 mdis
853 1216 1030 1289 (Joan.
1053 1216 1297 1285 18.25)?
1325 1216 1435 1271 Hoc
1461 1217 1512 1270 iu
1545 1225 1724 1270 mente
1749 1215 1847 1269 de-

250 1310 445 1364 scribe.
476 1309 605 1363 Nam
639 1309 756 1364 ideo
787 1309 940 1370 vobis
975 1307 1094 1370 haec
1137 1307 1303 1362 verba
1344 1306 1652 1378 frequenter
1693 1323 1841 1361 com-

249 1415 527 1466 memoro,
559 1407 616 1459 ut
652 1400 826 1460 omnia
859 1415 977 1471 qua:
1007 1399 1147 1454 dicta
1177 1407 1336 1466 sunt,
1377 1399 1428 1453 iu
1461 1407 1639 1460 mente
1681 1415 1840 1468 repo-

249 1504 444 1545 nantur
464 1533 478 1555 ,
509 1501 563 1545 et
592 1507 877 1562 numquam
911 1507 974 1545 ex
1019 1490 1276 1546 memoria
1323 1490 1635 1557 deleantur,
1665 1505 1840 1561 exque

1192 370 1278 426 DE
1317 365 2001 430 INCOMl’liEHENSlBiLI
2047 367 2153 422 DEI
2190 365 2495 424 NATURA.
2539 366 2602 423 ll.

3443 371 3550 428 710

1961 478 2331 537 recordatione
2376 480 2578 535 utilitas
2609 491 2881 552 sequatur.
2912 479 3042 536 Nam
3085 483 3127 536 si
3169 481 3282 537 lucc
3308 482 3467 539 verba
3496 486 3551 540 in

1959 570 2238 626 latitudine
2263 571 2460 626 mentis
2500 579 2698 626 nostras
2738 571 3003 643 descripta
3034 572 3327 629 habeamus
3347 614 3364 640 ,
3392 589 3553 629 nemo

1958 661 2029 716 ita
2073 661 2311 732 lapideus
2354 672 2409 720 et
2438 663 2677 732 ingratus
2704 672 2863 733 atque
2907 680 3100 721 sensus
3127 679 3355 735 expers,
3382 675 3444 721 ut
3474 666 3551 720 ira

1955 753 2207 808 efferatur
2237 771 2250 807 :
2281 769 2402 808 nam
2445 754 2560 810 rice
2598 751 2749 811 frarni
2791 764 2846 809 et
2889 754 3217 811 habenarum
3248 754 3365 812 htec
3389 757 3551 812 verba

1956 847 2213 917 linguam,
2245 849 2381 902 ultra
2409 847 2624 902 modum
2650 856 2706 902 et
2735 850 2993 903 terminos
3020 858 3338 920 evagantem
3358 890 3370 914 ,
3397 863 3552 905 coer-

1953 953 2076 993 cere
2118 949 2366 1008 poterunt
2385 981 2400 1004 ,
2431 950 2772 1007 mentemque
2816 950 3108 994 tumentem
3140 939 3470 1010 reprimere,
3495 950 3549 998 et

1953 1030 2006 1085 iu
2036 1031 2313 1085 moderato
2343 1032 2465 1085 vita:
2490 1047 2684 1100 genere
2714 1039 2972 1101 perpetuo
2998 1031 3298 1100 continere,
3337 1047 3552 1102 pacetu-

1951 1140 2056 1193 que
2087 1124 2137 1178 in
2172 1123 2322 1178 nobis
2356 1125 2612 1194 integrann
2644 1126 2972 1180 constituere
3004 1143 3016 1179 :
3046 1141 3152 1195 qua
3179 1126 3382 1182 utinam
3408 1141 3552 1181 seru.

1951 1230 2046 1284 per
2073 1213 2331 1280 fruamur,
2355 1216 2526 1283 gratia
2553 1224 2607 1270 et
2638 1216 2967 1271 humanitate
2996 1217 3206 1271 Domini
3229 1218 3400 1272 nostri
3421 1216 3549 1272 Jcsu

1949 1309 2168 1376 Christi,
2199 1311 2414 1380 quicum
2448 1311 2613 1376 Patri,
2643 1311 2908 1382 simulque
2935 1322 3120 1366 sancto
3147 1310 3403 1382 Spiritui,
3431 1311 3549 1381 glo-

1948 1400 2060 1465 ria,
2107 1401 2390 1474 imperium
2432 1412 2485 1457 et
2512 1402 2775 1467 adoratio,
2823 1417 2967 1458 nunc
3009 1412 3065 1458 et
3105 1417 3353 1474 semper,
3395 1411 3452 1458 et
3493 1404 3545 1456 in

1947 1493 2142 1546 saecula
2171 1495 2508 1548 smettlorum.
2541 1497 2735 1550 Amen.

246 1721 376 1764 CUM
421 1721 590 1763 ANTE
631 1720 879 1764 MULTOS
922 1719 1064 1762 DIES
1105 1719 1357 1764 CONTRA
1401 1717 1728 1763 ANOMCEOS
1774 1719 2092 1776 DIXISSET,
2139 1719 2380 1762 DEINDE
2424 1720 2672 1765 CONTRA
2717 1721 3007 1778 JUDJEOS,
3055 1723 3206 1767 HINC
3252 1723 3538 1767 PROPTER

324 1822 763 1867 EPISCOPORUM
806 1805 828 1838 ³
873 1820 1317 1877 Ριιεεειητιηι,
1363 1820 1851 1873 MULTORUMQUE
1894 1821 2255 1864 MARTYRUM
2310 1821 2753 1867 INTERJECTAM
2797 1821 3145 1868 MEMORIA}!
3190 1824 3535 1883 SILUISSET,

322 1927 491 1971 NUNC
535 1927 795 1971 BURSUM
839 1928 1090 1975 CONTRA
1131 1925 1460 1975 ANODHEOS
1502 1925 1586 1967 DE
1629 1924 2300 1972 INCOMPREHENSIBILI.

1831 2059 1925 2074 β

779 2140 951 2182 ΞΕΒΜΟ
989 2140 1274 2182 SECUNDUS.

313 2258 364 2312 l.
398 2258 510 2328 Age
538 2258 728 2313 iterum
770 2257 1027 2314 adversus
1067 2257 1309 2313 infideles
1337 2259 1631 2313 Anommos
1658 2265 1830 2312 certa-

241 2365 359 2404 men
383 2351 625 2404 ineamus
648 2368 662 2405 :
686 2351 773 2421 qui
798 2351 840 2404 si
865 2350 1078 2422 indigne
1099 2351 1270 2405 ferant
1288 2364 1347 2404 se
1368 2349 1610 2404 infideles
1627 2349 1826 2415 vocari,

239 2458 350 2497 rem
380 2443 480 2512 ipsi
527 2443 757 2513 fugiant,
790 2454 838 2499 et
869 2459 968 2514 ego
1009 2459 1202 2499 nomen
1244 2443 1511 2513 obtegam.
1556 2441 1828 2496 A-bsistaut

235 2536 301 2590 ab
332 2535 532 2592 infideli
561 2545 741 2592 mente
762 2579 776 2602 ,
813 2547 867 2592 et
903 2537 1153 2591 absistam
1183 2551 1211 2589 a
1241 2535 1634 2591 contumelioso
1664 2548 1826 2588 voca-

235 2627 379 2682 bulo.
427 2627 522 2681 Sin
567 2638 744 2683 autem
791 2628 889 2698 ipsi
930 2628 1182 2697 Operibus
1219 2626 1378 2681 fidem
1421 2625 1824 2690 inhonorantes,

233 2733 400 2790 seque
422 2719 522 2788 ipsi
549 2719 872 2789 turpitudine
895 2719 1166 2788 replentes
1186 2719 1334 2772 nullo
1359 2717 1563 2787 pudore
1586 2717 1827 2772 afﬁciun-

233 2822 338 2876 tur,
368 2827 467 2866 cur
491 2811 620 2866 mihi
649 2820 1020 2878 succenseant,
1051 2811 1096 2866 si
1119 2811 1296 2866 verbis
1321 2825 1382 2866 ea
1407 2810 1679 2881 objiciam,
1706 2823 1828 2880 quae

231 2902 488 2974 operibus
533 2903 632 2972 ipsi
677 2901 972 2958 exhibent?
1018 2901 1198 2972 Nuper
1235 2902 1377 2957 enim
1409 2916 1536 2956 cum
1583 2900 1637 2955 in
1668 2900 1826 2971 hujus

229 2994 610 3064 disputationis
635 3009 854 3048 arenam
884 2993 1286 3057 descendimus,
1321 3006 1376 3049 ut
1406 2993 1744 3059 meministis,
1771 3003 1827 3046 et

228 3083 418 3139 eadem
450 3085 739 3139 certamina
769 3085 1038 3151 inivimus,
1062 3100 1251 3156 pugnat
1275 3094 1457 3140 contra
1484 3085 1698 3140 Judatos
1726 3098 1826 3138 nos

228 3180 408 3232 statim
460 3186 816 3247 exceperunt,
863 3177 1003 3248 quod
1053 3187 1223 3233 tutum
1267 3193 1375 3233 non
1418 3187 1562 3234 esset
1611 3178 1823 3249 propria

228 3269 472 3324 membra
501 3270 813 3340 aegrotantis
859 3271 1146 3342 negligere.
1180 3271 1308 3325 Nam
1335 3286 1611 3326 sermones
1635 3279 1824 3325 contra

227 3361 524 3416 Anommos
565 3376 781 3432 semper
824 3363 1108 3432 opportuni
1151 3371 1318 3418 sunt:
1348 3371 1473 3418 tunc
1499 3373 1677 3418 autem
1711 3363 1822 3418 fra-

229 3461 342 3506 tres
372 3461 588 3507 nostros
623 3451 880 3522 quosdam
908 3463 1260 3522 aegrotantes,
1305 3461 1362 3508 et
1385 3453 1607 3509 Judaico
1633 3454 1822 3509 morbo

229 3539 568 3606 laborantes,
614 3542 716 3597 nisi
759 3553 1197 3614 prteoecupantes
1237 3545 1416 3600 statim
1464 3559 1530 3600 ex
1574 3545 1824 3601 incendio

227 3630 450 3687 Iudaico
497 3633 853 3700 eruissemus,
904 3633 1034 3688 nihil
1075 3634 1267 3705 juvare
1313 3634 1569 3704 deinceps
1614 3645 1823 3705 poterat

230 3722 548 3789 admonitio,
583 3737 703 3778 cum
739 3725 848 3794 jam
879 3725 1008 3780 illud
1055 3735 1329 3796 peccatum
1373 3727 1516 3782 circa
1559 3727 1820 3798 jejunium

229 3812 592 3868 admisissent.
644 3814 768 3870 Post
810 3817 1096 3872 commissa
1143 3816 1402 3874 adversus
1447 3820 1567 3876 illos
1612 3821 1817 3890 praelia,

231 3918 328 3958 nos
358 3907 580 3959 Patrum
610 3907 960 3976 spiritualium
1002 3908 1228 3965 diversis
1257 3925 1324 3966 ex
1364 3911 1497 3967 locis
1531 3911 1822 3968 adventano

229 3994 361 4048 tiutn
405 3994 702 4066 frequentia
744 4013 957 4052 rursum
1001 4001 1253 4070 excepit:
1293 4017 1466 4072 neque
1508 4003 1650 4058 enim
1695 4013 1822 4060 tunc

225 4096 586 4156 opportunum
611 4087 824 4158 fuisset,
854 4091 960 4145 illis
985 4106 1083 4147 ceu
1112 4092 1420 4149 ﬂuminibus
1447 4095 1500 4148 in
1531 4094 1632 4150 hoc
1657 4096 1817 4166 spiri-

225 4178 371 4232 tuale
416 4194 563 4234 mare
609 4179 1032 4247 conﬂuentibus,
1079 4192 1318 4239 nostrum
1366 4200 1669 4241 sermonem
1721 4204 1819 4241 ex-

225 4267 395 4322 tendi.
443 4267 569 4324 Post
613 4270 822 4325 illorum
868 4271 1162 4342 profectum
1209 4283 1500 4346 martyrum
1545 4278 1819 4332 memoriae

225 4357 534 4428 frequentes
572 4361 967 4429 adventarent;
1001 4363 1318 4419 athletarum
1363 4366 1666 4434 hujusmodi
1700 4369 1816 4421 laua

223 4449 348 4505 dem
380 4451 570 4522 negligi
614 4467 719 4507 non
758 4455 1012 4524 Oper-tuit.
1055 4456 1181 4511 ﬂare
1219 4465 1395 4511 autem
1435 4459 1557 4512 dico
1587 4469 1640 4514 et
1679 4473 1817 4513 enu-

223 4558 379 4599 mero
398 4585 414 4610 ,
449 4561 514 4600 ne
544 4550 743 4615 putetis
772 4563 870 4602 nos
898 4563 965 4603 ex
1005 4549 1228 4619 segnitie
1258 4560 1311 4604 et
1350 4550 1554 4606 desidia
1587 4551 1816 4622 quadam

225 4635 519 4690 certamina
551 4637 640 4691 illa
679 4637 971 4695 distulisse.
1000 4640 1151 4696 Nunc
1181 4641 1358 4712 itaque
1383 4643 1812 4714 quandoquidem

225 4741 252 4780 a
281 4742 458 4798 pugna
483 4729 834 4794 cumJudzeis
862 4732 1016 4788 liberi
1057 4748 1270 4799 sumus,
1306 4744 1590 4806 patresque
1633 4735 1684 4789 in
1717 4749 1816 4806 pa-

225 4824 381 4876 triam
421 4836 572 4878 suam
617 4826 818 4879 reversi
855 4835 984 4880 sunt
1008 4868 1022 4894 ,
1068 4841 1130 4881 ac
1166 4837 1459 4899 martyrum
1503 4827 1688 4884 laudes
1718 4842 1816 4884 nos

224 4915 356 4970 satis
395 4915 729 4972 delectarunt
760 4936 773 4971 :
804 4933 900 4989 age
935 4919 1244 4975 diuturnum
1285 4931 1519 4975 vestrum
1563 4922 1813 4977 audiendi

225 5008 550 5064 desideriqu
577 5011 886 5081 expleamus
915 5030 928 5067 :
959 5013 1121 5082 probe
1142 5012 1338 5084 quippe
1359 5014 1482 5069 novi
1507 5029 1613 5068 non
1640 5015 1816 5070 minus

225 5114 319 5152 vos
373 5099 473 5154 hac
517 5099 584 5156 de
625 5117 682 5157 re
719 5103 905 5159 audire
948 5119 1164 5174 cupere,
1194 5120 1350 5174 quam
1395 5121 1484 5162 me
1525 5105 1811 5164 disserere.

220 5188 388 5262 Cujus
415 5194 494 5247 rei
521 5207 682 5248 causa
713 5205 817 5262 est,
850 5197 989 5265 quod
1021 5197 1150 5252 urbs
1181 5208 1360 5252 nostra
1385 5199 1588 5267 jamdiu
1615 5199 1814 5257 Christi

221 5297 411 5340 amans
437 5284 506 5338 sit
548 5303 562 5340 :
597 5285 732 5342 hanc
772 5303 936 5358 porro
974 5300 1247 5359 paternam
1279 5291 1628 5349 hereditatem
1655 5310 1812 5351 acce-

223 5375 398 5444 pistis,
428 5385 484 5430 ιιι
507 5393 792 5448 numquam
824 5381 1093 5451 religionis
1129 5381 1374 5452 dogmata
1398 5384 1685 5441 adulterari
1715 5402 1813 5457 pa-

223 5467 448 5523 tiamini.
492 5469 644 5526 Unde
681 5472 735 5526 id
775 5473 981 5543 liquet?
1023 5473 1398 5531 Descenderam
1439 5477 1565 5533 olim
1604 5479 1813 5548 quidm

283 5621 654 5702 ᾍΨὶίξξξίξξιξρ
664 5633 900 5702 Ῡφιιεειτ
923 5628 1165 5702 amari.
1179 5629 1224 5702 in
1247 5635 1481 5702 sontant!
1496 5631 1812 5702 chrisoswmi

221 5678 388 5757 fere
405 5678 684 5757 ερίτίιειξιιεε
703 5678 1024 5757 ξυνεώρων.
1050 5678 1810 5757 ὧῖἱᾷριιὶῦἰῖῥᾶἷυζιδιῖίᾷἑζῆἶ

223 5748 996 5818 ξετεςὶωοοθςιιὶεηυὶξὶ-ρείοορξ
1018 5754 1274 5806 Antiochia:
1303 5748 1483 5806 vicinas
1515 5755 1805 5810 incolebant.

221 5799 322 5854 Hac
335 5807 399 5856 de
420 5821 477 5858 re
494 5799 714 5870 pluribus
736 5812 786 5861 in
812 5799 909 5864 {ita
924 5799 1266 5877 Christi-simini:

1939 2141 1972 2178 a
1998 2122 2183 2180 Iudaea
2225 2122 2366 2194 (Act.
2401 2123 2578 2198 15.1)
2623 2124 2887 2195 majorum
2927 2134 3228 2182 vestrorum
3269 2135 3531 2198 tempore,

1935 2231 2066 2285 pura
2095 2215 2402 2285 apostoliete
2432 2215 2690 2272 doctrinm
2714 2217 2963 2288 dogmata
2996 2217 3272 2274 turbantes
3291 2259 3307 2283 ,
3338 2219 3535 2289 prmei-

1939 2307 2250 2378 pientesque
2293 2307 2752 2386 circumcisionem
2791 2323 2854 2364 ac
2896 2307 3029 2378 legis
3068 2307 3314 2364 Mosaicae
3342 2307 3530 2364 obser-

1937 2401 2209 2459 vationem
2237 2418 2250 2454 :
2274 2415 2433 2470 quam
2460 2399 2689 2455 novandi
2709 2399 3014 2471 cupidinem
3035 2400 3194 2456 silere
3217 2415 3321 2455 non
3346 2409 3537 2472 potue-

1935 2501 2062 2548 runt
2088 2493 2180 2563 qui
2209 2502 2333 2548 tunc
2367 2493 2553 2548 urbem
2584 2501 2816 2549 vestram
2843 2493 3150 2550 incolebant
3181 2511 3195 2548 :
3223 2493 3318 2550 sed
3347 2509 3536 2565 quem-

1933 2584 2221 2641 admodum
2266 2585 2513 2656 generosi
2539 2601 2720 2651 canes,
2743 2585 2832 2656 qui
2873 2585 3026 2656 lupos
3055 2585 3300 2641 viderent
3327 2585 3535 2641 irruere

1934 2685 1990 2731 et
2035 2683 2205 2732 totum
2247 2692 2462 2748 gregem
2509 2677 2825 2742 devastare;
2877 2677 2956 2732 sic
3004 2677 3126 2733 illos
3161 2677 3376 2742 adorti,
3423 2693 3531 2732 non

1935 2769 2082 2838 prius
2122 2769 2446 2827 destiterunt
2490 2771 2610 2826 illos
2653 2770 2868 2842 abigere
2911 2779 2966 2826 et
3005 2771 3312 2841 expellere,
3356 2769 3532 2825 donec.

1933 2869 2184 2916 «ﬂarent
2221 2869 2280 2916 ut
2320 2861 2389 2916 ab
2419 2863 2677 2931 apostolis
2720 2862 2967 2933 dogmata
2996 2876 3092 2932 per
3133 2860 3321 2916 orbem
3356 2869 3529 2916 terra-

1931 2969 2051 3009 rum
2081 2968 2512 3023 quoquoversum
2540 2954 2908 3021 mitterentur,
2945 2969 3065 3023 qua:
3093 2968 3217 3008 cum
3246 2953 3387 3018 illos,
3411 2961 3527 3006 tum

1931 3054 2054 3116 post
2079 3060 2394 3101 accessuros
2421 3061 2636 3113 omnes,
2665 3046 2825 3101 talem
2848 3045 3108 3100 adversus
3135 3042 3327 3100 fideles
3350 3043 3530 3098 incur-

1931 3153 2050 3193 sum
2079 3137 2355 3208 suscipere
2382 3152 2562 3203 ausos,
2595 3147 2930 3192 coercerent.

2001 3230 2058 3285 2.
2110 3229 2390 3286 Undenam
2434 3228 2596 3299 igitur
2639 3229 3056 3300 disputationem
3105 3228 3362 3283 adversus
3405 3227 3528 3282 illos

1930 3321 2250 3378 ordiemur?
2295 3320 2470 3387 Unde,
2513 3321 2751 3390 inquam,
2793 3319 2898 3375 nisi
2942 3319 3010 3372 ab
3047 3319 3372 3374 infidelitatis
3415 3319 3524 3373 cri-

1929 3414 2116 3469 mine?
2153 3413 2296 3469 Nihil
2327 3413 2470 3470 enim
2499 3427 2608 3468 non
2642 3420 2804 3484 agunt
2828 3420 2885 3466 et
2921 3397 3228 3475 moliuntur,
3272 3420 3331 3466 ut
3363 3410 3526 3467 fidem

1927 3509 1997 3563 ab
2035 3507 2340 3562 auditorum
2385 3514 2568 3562 mente
2608 3504 2936 3570 excludant,
2979 3519 3087 3575 quo
3128 3504 3355 3560 crimine
3393 3503 3525 3574 quid

1927 3599 2141 3669 gravius
2187 3605 2374 3653 contra
2417 3597 2727 3668 religionem
2777 3611 2899 3652 esse
2946 3595 3156 3666 possit?
3193 3596 3334 3650 Cum
3376 3596 3520 3652 enim

1929 3693 2069 3747 Deus
2089 3691 2359 3762 quidpiam
2384 3691 2576 3758 sancit,
2605 3689 2748 3760 quod
2773 3689 2969 3745 dicitur
2995 3689 3222 3746 fideliter
3251 3689 3521 3760 accipien-

1926 3784 2055 3838 dum
2078 3793 2180 3851 est,
2206 3799 2306 3838 nec
2327 3781 2582 3838 audacter
2602 3781 3024 3851 disquirendum.
3051 3781 3218 3837 Vocet
3241 3797 3327 3840 me
3348 3781 3522 3852 quivis

1926 3891 1990 3932 ex
2035 3877 2141 3931 illis
2183 3875 2448 3931 infidelem
2476 3915 2492 3942 ,
2535 3891 2644 3929 non
2688 3874 2903 3945 indigne
2943 3873 3079 3930 fero.
3119 3873 3340 3943 Quare?
3382 3873 3519 3942 Quia

1925 3969 2176 4039 cperibus
2217 3968 2306 4039 qui
2347 3969 2448 4023 sim
2485 3966 2833 4036 appellandus
2875 3965 3119 4022 ostendo.
3152 3966 3219 4021 Et
3243 3965 3367 4037 quid
3398 3965 3520 4022 dico

1925 4067 2080 4114 vocet
2108 4074 2192 4113 me
2222 4057 2535 4113 intidelem?
2561 4073 2648 4113 me
2675 4057 2894 4114 stultum
2923 4057 2975 4112 in
3002 4055 3218 4114 Christo
3245 4057 3510 4127 appellet:

1925 4165 1973 4207 et
2007 4154 2106 4208 hac
2131 4154 2198 4208 de
2227 4168 2287 4208 re
2310 4153 2462 4222 quasi
2493 4152 2561 4207 de
2589 4166 2787 4207 corona
2823 4151 3094 4221 gloriabor
3122 4169 3135 4205 :
3159 4151 3362 4204 etenim
3387 4164 3513 4204 cum

1925 4246 2090 4301 Paulo
2138 4245 2191 4299 in
2239 4254 2442 4314 partem
2491 4244 2732 4314 ejusdem
2784 4242 3157 4313 appellationis
3199 4241 3402 4295 venio:
3444 4242 3520 4296 ait

1923 4337 2120 4406 quippe
2152 4355 2165 4390 :
2191 4334 2305 4389 Nos
2343 4335 2486 4390 stulti
2516 4345 2720 4406 propter
2745 4334 3000 4390 Christum
3039 4332 3059 4407 (
3083 4335 3134 4388 1.
3162 4333 3281 4388 Cor.
3309 4335 3362 4388 4.
3393 4333 3515 4406 10).

1925 4431 2050 4485 Haec
2078 4430 2298 4485 stultitia
2327 4431 2473 4486 omni
2502 4430 2762 4500 sapientia
2789 4429 3102 4500 prudentior
3124 4439 3208 4484 est
3234 4446 3247 4482 :
3278 4443 3398 4482 nam
3426 4441 3512 4493 ea,

1922 4539 2042 4594 qua:
2071 4533 2293 4578 externa
2322 4521 2580 4592 sapientia
2619 4523 2862 4578 invenire
2902 4537 3009 4577 non
3039 4522 3234 4593 potuit,
3280 4520 3396 4576 haec
3426 4535 3517 4574 se-

1921 4613 2154 4668 cundum
2183 4611 2454 4668 Christum
2497 4612 2718 4668 stultitia
2767 4613 2992 4685 perfecit
3040 4631 3052 4667 :
3103 4613 3219 4669 haec
3268 4612 3518 4690 tenebras

1922 4707 2100 4777 abegit
2123 4721 2190 4760 ex
2218 4705 2350 4761 orbe
2368 4745 2383 4769 ,
2424 4703 2539 4760 haec
2569 4706 2750 4761 lumen
2789 4707 3028 4760 scientiae
3056 4705 3346 4762 revocavit.
3375 4703 3516 4773 Quid

1921 4814 2084 4870 porro
2102 4805 2189 4853 est
2211 4798 2434 4854 stultitia
2458 4797 2750 4853 secundum
2775 4797 3088 4854 Christum?
3113 4798 3247 4853 Cum
3270 4797 3516 4868 proprias

1921 4877 2274 4961 cogitationes
2341 4890 2715 4961 intempestive
2783 4889 3020 4946 furentes
3086 4888 3512 4959 comprimimus,

1920 4998 2042 5038 eum
2070 4991 2304 5038 mentem
2333 4991 2569 5037 nostram
2597 4997 2816 5038 externa
2846 4981 3126 5051 disciplina
3151 4993 3371 5034 vacuam
3398 4976 3514 5034 effl-

1920 5076 2092 5130 cimus
2111 5093 2125 5140 ;
2151 5085 2216 5132 ut
2239 5092 2359 5132 cum
2377 5078 2678 5148 oportuerit
2695 5077 2892 5131 Christi
2914 5076 3210 5130 doctrinam
3235 5076 3510 5144 excipere,

1920 5175 2197 5221 vacantem
2227 5166 2370 5221 illam
2395 5173 2450 5221 et
2477 5166 2786 5222 mundatam
2813 5182 2911 5238 pro
2940 5167 3134 5221 divinis
3161 5163 3511 5220 admittendis

1919 5259 2098 5315 verbis
2121 5260 2486 5316 exhibeamus.

1992 5352 2144 5418 Fide,
2191 5371 2289 5408 non
2333 5354 2620 5418 ratiocinio,
2665 5355 2907 5408 utendum
2952 5355 3002 5408 in
3047 5354 3246 5409 divinis.
3277 5383 3345 5394 —
3376 5352 3506 5408 Nam

1919 5461 2038 5502 cum
2074 5447 2212 5500 Deus
2238 5446 2438 5511 aliquid
2469 5447 2674 5514 sancit,
2711 5447 2852 5517 quod
2884 5463 2988 5501 non
3016 5447 3208 5502 debeat
3241 5446 3507 5501 curiosius

1918 5539 2206 5610 esplorari,
2239 5537 2341 5596 title
2381 5537 2671 5609 accipiatur
2698 5546 2927 5611 oportet.
2975 5537 3186 5594 Etenim
3225 5537 3292 5593 de
3324 5537 3509 5608 hujus-

1919 5632 2063 5686 modi
2090 5631 2250 5692 rebus
2278 5632 2488 5687 curiose
2518 5631 2826 5704 perquirere
2843 5642 2902 5688 et
2928 5631 3161 5690 rationes
3184 5643 3504 5702 exposcere.

1919 5725 2240 5796 modumque
2267 5723 2547 5792 sciscitari,
2585 5724 2924 5780 audacissimi
2960 5735 3015 5782 et
3045 5722 3314 5779 temerarii
3339 5722 3503 5778 animi

1918 5826 2019 5871 est.
2065 5816 2218 5885 Quod
2264 5826 2316 5873 et
2361 5815 2533 5888 ipsum
2583 5832 2648 5874 ex
2695 5817 2862 5874 sacris
2888 5815 3180 5889 Scripturis
3201 5814 3499 5885 explanare
