3918 6360
394 354 490 408 7H

391 463 625 520 tentabo.
673 465 962 522 Zacharias
999 468 1078 523 vir
1121 470 1332 540 quidam
1377 479 1491 525 erat
1532 471 1874 525 admirandus
1911 481 1966 526 et

390 569 642 624 magnus,
672 571 884 612 summo
907 558 1203 614 sacerdotio
1231 571 1470 626 ornatus,
1502 561 1588 615 cui
1617 576 1646 613 a
1673 561 1784 615 Deo
1811 563 1971 616 totius

391 647 572 716 populi
602 647 919 717 prmfectura
950 652 1232 706 commissa
1263 650 1450 706 fuerat.
1486 652 1533 705 ls
1563 651 1616 706 in
1643 661 1822 706 saneta
1850 669 1974 706 san-

390 745 598 790 ctorum
645 739 697 792 in
739 739 959 811 ipsaque
1004 740 1161 813 adyta
1194 741 1209 772 ¹
1241 740 1542 811 ingressus,
1589 757 1710 812 qua:
1750 741 1850 812 ipsi
1881 743 1970 796 uni

390 824 473 879 fas
500 835 616 881 erat
643 827 882 898 aspicere
917 830 1174 900 (intellige
1198 845 1322 884 eum
1351 831 1614 886 universa:
1649 832 1972 887 multitudini

391 933 574 988 parem
608 921 790 986 fuisse,
839 922 910 975 ita
955 931 1012 976 ut
1052 923 1466 992 supplicationes
1515 939 1610 993 pro
1638 923 1973 979 multitudine

397 1017 506 1064 tota
554 1010 771 1067 offerret
816 1012 947 1078 Deo,
995 1020 1053 1067 et
1099 1014 1380 1068 Dominum
1428 1013 1639 1069 famulis
1687 1015 1972 1085 propitium

394 1100 639 1156 redderet
685 1099 945 1175 [vidistin'
975 1103 1181 1159 ﬁducia:
1231 1103 1771 1178 magnitudinem'?]
1825 1106 1974 1175 quasi

393 1189 657 1248 mediator
703 1191 918 1262 quidam
965 1193 1060 1248 Dei
1103 1203 1159 1249 et
1201 1193 1516 1260 hominum;
1559 1195 1688 1250 vidit
1727 1196 1972 1266 angelum

393 1281 538 1336 intus
567 1290 818 1348 stantem,
864 1292 919 1338 et
947 1285 1068 1354 quia
1103 1287 1188 1340 hic
1228 1296 1474 1354 aspectus
1500 1287 1670 1340 virum
1700 1287 1751 1340 iu
1788 1296 1976 1356 stupo-

394 1389 510 1428 rem
541 1375 788 1444 conjecit,
819 1376 894 1430 ait
921 1377 1032 1443 ille,
1066 1375 1148 1430 Ne
1174 1378 1350 1432 timeas
1369 1419 1382 1441 ,
1413 1377 1607 1432 Zachat
1619 1378 1669 1432 ia
1691 1421 1703 1442 ,
1735 1380 1856 1448 quia
1883 1395 1977 1433 e1:-

395 1465 573 1518 audita
619 1474 690 1520 est
733 1466 895 1519 oratio
938 1477 1064 1532 tua;
1105 1477 1151 1520 ct
1193 1484 1302 1522 ecce
1329 1469 1501 1538 gignes
1539 1470 1702 1536 ﬁlium
1733 1468 1895 1540 (Luc.
1924 1472 1975 1526 l.

397 1553 468 1608 15
486 1555 525 1623 ).
555 1553 805 1622 Quasnam
834 1554 946 1609 haec
975 1558 1364 1627 consequutio?
1390 1573 1487 1628 pro
1517 1560 1711 1628 populo
1738 1561 1978 1630 rogabat,

397 1660 496 1715 pro
518 1645 725 1700 delictis
749 1647 1100 1716 supplicabat,
1125 1649 1330 1702 veniam
1347 1649 1647 1718 postulabat
1672 1653 1977 1719 conservis;

398 1746 486 1802 et,
523 1735 648 1790 Noli
677 1737 876 1802 timere,
907 1738 1074 1809 inquit
1098 1780 1110 1803 ,
1153 1738 1441 1809 Zacltaria,
1481 1742 1718 1797 exaudita
1742 1753 1814 1797 est
1849 1745 1981 1798 enim

400 1831 562 1882 oratio
590 1838 709 1897 tua,
749 1839 802 1884 et
831 1831 1002 1900 ipsum
1044 1831 1349 1887 exauditam
1378 1831 1540 1889 fuisse
1569 1835 1692 1891 inde
1732 1852 1980 1907 compro-

400 1920 511 1987 bat,
534 1920 673 1990 quod
701 1924 1004 1978 nasciturus
1024 1934 1166 1978 esset
1192 1923 1292 1994 ipsi
1318 1925 1456 1980 ﬁlius
1478 1929 1692 1983 nomine
1714 1928 1982 1984 Joannes?

402 2013 480 2066 Ac
503 2013 623 2082 jure
648 2016 860 2085 quidem
901 2017 1113 2072 merito.
1145 2017 1278 2086 Quia
1321 2020 1461 2074 enim
1493 2035 1588 2090 pro
1628 2023 1856 2090 peccatis
1886 2039 1978 2091 po-

403 2103 512 2171 puli
537 2099 773 2175 rogabat,
804 2107 970 2162 lilium
997 2108 1238 2164 editurus
1266 2119 1402 2177 erat,
1430 2112 1520 2180 qui
1549 2114 1824 2179 clamaret,
1852 2113 1985 2167 Ecce

408 2209 578 2261 agitus
605 2195 719 2259 Dei,
764 2198 854 2266 qui
892 2199 1031 2251 tollit
1063 2213 1337 2269 peccatum
1369 2206 1549 2258 mundi
1573 2205 1759 2275 (Joan.
1792 2210 1838 2263 1.
1874 2210 1988 2278 29),

401 2283 531 2353 jure
559 2287 635 2339 ait
660 2328 673 2351 ,
703 2285 978 2342 Exaudita
1000 2301 1077 2344 est
1118 2295 1292 2346 oratio
1341 2305 1432 2348 tua
1453 2337 1466 2359 ,
1509 2306 1559 2350 et
1586 2299 1761 2365 gignes
1803 2301 1984 2367 ﬁlium

401 2373 728 2446 Quidigitur
772 2379 904 2434 ille?
947 2380 1098 2450 Quod
1147 2381 1290 2437 enim
1341 2384 1684 2453 proponimus
1731 2391 1835 2443 tale
1880 2398 1980 2456 est,

406 2467 602 2522 nullam
626 2470 833 2525 veniam
865 2472 978 2526 dari
1007 2474 1106 2540 eis,
1133 2475 1220 2544 qui
1249 2476 1462 2531 modum
1492 2480 1825 2534 oraculorum
1852 2481 1984 2536 divi-
2021 2475 2023 2477 ’

407 2573 596 2614 norum
639 2562 900 2618 curiosius
942 2576 1284 2632 scrutantur;
1329 2568 1423 2623 sed
1454 2584 1636 2624 eorum
1667 2574 1984 2628 sententiam

409 2651 512 2707 ﬁde
540 2639 900 2724 accipiendam
940 2672 1080 2713 esse.
1117 2659 1337 2715 Videbat
1376 2671 1588 2716 aetatem
1621 2677 1772 2718 suam
1795 2706 1808 2729 ,
1836 2665 1984 2719 cani-

408 2745 552 2810 tiem,
583 2759 778 2814 corpus
802 2747 1121 2803 imbecillum
1149 2767 1162 2803 :
1185 2751 1396 2806 videbat
1427 2753 1552 2806 item
1575 2753 1755 2808 uxoris
1783 2756 1984 2809 sterili-

408 2845 603 2902 tatem;
636 2838 848 2892 modttm
873 2838 1081 2895 discere
1110 2841 1293 2908 voluit,
1318 2851 1369 2897 et
1397 2844 1504 2910 ait,
1534 2842 1680 2898 Unde
1706 2845 1801 2898 Itoc
1828 2847 1986 2900 sciam

407 2925 571 2995 (Luc.
603 2928 655 2982 1.
681 2928 819 2999 18)ἳ
848 2930 1126 2996 Quomodo
1154 2931 1281 2986 illud
1323 2933 1466 2988 erit?
1494 2932 1611 2989 Jam
1649 2937 1904 2991 consenui
1933 2946 1989 2993 et

406 3018 638 3085 incanui,
667 3027 722 3074 et
747 3035 880 3074 uxor
907 3036 1024 3076 mea
1049 3023 1266 3089 sterilis,
1293 3033 1544 3093 provecta
1572 3025 1624 3079 in
1649 3025 1834 3081 diebus
1853 3027 1982 3092 suis,

407 3117 536 3164 artas
568 3112 740 3182 inepta
761 3152 778 3180 ,
823 3123 1007 3168 natura
1051 3115 1310 3172 imbecilla
1345 3133 1361 3171 :
1402 3132 1504 3185 qua
1534 3118 1738 3173 ratione
1765 3127 1990 3190 possunt

407 3203 608 3272 expleri
636 3205 934 3274 promissa?
959 3222 1058 3278 ego
1095 3209 1183 3278 qui
1213 3223 1387 3264 seram
1415 3209 1674 3275 infirmus,
1705 3227 1823 3282 qua:
1850 3214 1985 3268 seri-

409 3304 496 3348 tur
530 3297 744 3352 sterilis.
775 3301 965 3354 Annon
997 3300 1240 3356 videatur
1263 3303 1412 3357 venia
1451 3303 1640 3372 dignus
1681 3305 1768 3372 qui
1809 3319 1986 3359 rerum

408 3389 880 3456 eonsequutionem
923 3399 1159 3460 quaerat,
1204 3407 1324 3446 cum
1368 3407 1400 3446 e
1427 3408 1486 3447 re
1525 3393 1666 3463 loqui
1706 3393 1990 3448 videatur?

409 3479 478 3530 At
504 3491 610 3532 non
634 3479 742 3534 Deo
761 3478 954 3549 dignus
975 3483 1127 3536 venia
1149 3481 1294 3538 visus
1319 3493 1430 3548 est;
1461 3493 1516 3538 et
1539 3486 1728 3540 merito
1753 3485 1988 3555 quidem.

377 3591 379 3594 ί
411 3565 542 3622 Cum
573 3567 713 3622 enim
734 3568 882 3625 'Deus
909 3573 1228 3627 sententiam
1253 3572 1402 3640 dicit,
1431 3590 1539 3628 non
1563 3583 1746 3630 contra
1776 3577 1992 3630 ratioci-

411 3659 671 3729 nandum,
701 3676 874 3732 neque
899 3679 1081 3718 rerum
1107 3667 1455 3735 consequutio
1474 3667 1556 3722 vel
1581 3677 1783 3722 natura:
1807 3683 1994 3724 neces-

412 3751 543 3806 sitas
567 3752 861 3822 obiicienda
891 3762 995 3821 est,
1023 3771 1196 3825 neque
1216 3756 1515 3826 hujusmodi
1537 3757 1804 3829 quidpiam
1831 3776 1993 3829 agen-

412 3841 538 3896 dum
573 3843 700 3899 :his
726 3844 922 3915 quippe
963 3847 1212 3902 omnibus
1251 3849 1493 3919 superior
1519 3858 1601 3904 est
1645 3850 1836 3905 divina:
1866 3867 1994 3907 sen-

415 3936 593 3990 tentiae
631 3937 746 4003 vis,
790 3937 920 3992 nulli
961 3938 1192 3994 obnoxia
1237 3941 1633 4010 impedimento.
1677 3942 1813 4008 Quid
1856 3945 1992 4014 agis,

414 4025 620 4083 homo?
666 4028 808 4084 Deus
849 4029 1161 4099 pollicetur,
1189 4041 1257 4087 -et
1292 4033 1356 4087 ad
1398 4040 1607 4088 aetatem
1637 4033 1909 4103 confugis,
1941 4043 1998 4090 et

413 4127 744 4175 senectutem
769 4120 1003 4192 objicis?
1033 4138 1157 4176 num
1187 4123 1455 4192 potentior
1476 4135 1725 4180 senectus
1756 4124 1846 4179 Dei
1875 4140 1995 4194 pro-

415 4209 708 4267 missione?
745 4227 872 4267 num
901 4211 1124 4268 validior
1151 4223 1339 4268 natura
1366 4225 1608 4269 creat-ore
1646 4215 1786 4269 suo?
1823 4216 1997 4270 nescis

417 4302 570 4356 fortia
596 4317 716 4359 esse
737 4305 1018 4359 verborum
1045 4305 1161 4373 ejus
1185 4320 1348 4374 Opera
1369 4306 1393 4360 ?
1417 4307 1640 4360 verbum
1668 4306 1784 4375 ejus
1807 4308 1996 4361 cmlum

417 4393 725 4460 constituit,
755 4394 975 4449 verbum
1003 4394 1118 4464 ejus
1145 4404 1442 4451 creaturam
1474 4396 1749 4464 produxit,
1777 4397 1997 4452 verbum

420 4482 536 4550 ejus
565 4483 782 4552 angelos
806 4483 949 4549 fecit,
979 4492 1034 4539 et
1062 4493 1116 4538 tu
1138 4484 1205 4540 de
1234 4485 1327 4539 ﬁlii
1353 4487 1722 4554 procreatione
1751 4486 1999 4541 dubitas?

421 4569 545 4625 Ideo
583 4573 884 4643 indignatus
923 4582 1006 4629 est
1044 4576 1296 4644 angelus,
1326 4590 1498 4645 neque
1534 4576 1814 4631 sacerdotii
1840 4592 1999 4632 causa

421 4663 656 4730 pepercit
681 4681 696 4728 ;
727 4663 834 4717 imo
860 4680 986 4720 vero
1015 4665 1084 4720 ob
1111 4666 1336 4737 idipsum
1363 4668 1660 4737 graviorem
1689 4669 1864 4724 intulit
1889 4685 2001 4740 pas-

423 4767 567 4808 nam.
598 4752 730 4808 Nam
756 4768 878 4809 eum
897 4795 914 4823 ,
941 4757 1030 4826 qui
1056 4757 1173 4824 plus
1201 4761 1410 4813 caeteris
1446 4759 1718 4814 obtinebat
1759 4760 1998 4827 honoris,

425 4845 628 4915 majore
673 4861 834 4916 quam
885 4847 976 4902 alii
1025 4849 1128 4904 fide
1174 4849 1488 4904 instructum
1534 4865 1654 4906 esse
1699 4853 1999 4922 oportebat.

421 4937 552 5012 Quis
576 4947 753 4995 autem
796 4954 970 5009 pinna:
995 4940 1229 4997 modus?
1269 4939 1403 4996 Ecce
1435 4944 1535 4997 eris
1572 4950 1773 5008 tacens,
1815 4953 1864 4997 et
1900 4960 2002 4998 non

424 5032 609 5100 poteris
637 5030 771 5103 loqui
829 5029 988 5101 (Ibid.
1016 5049 1064 5086 υ.
1086 5031 1202 5103 20).
1231 5031 1432 5103 Lingua
1461 5042 1569 5100 tua,
1592 5033 1795 5104 inquit,
1824 5035 2001 5091 incre-

422 5121 662 5177 dulitatis
687 5131 790 5178 tute
819 5123 1062 5178 ministra
1090 5123 1221 5190 fuit,
1252 5123 1364 5193 ipsa
1407 5123 1790 5178 incredulitatis
1820 5139 2003 5193 poenas

426 5216 538 5271 luet
565 5231 580 5268 :
606 5212 739 5272 Ecce
763 5217 863 5271 eris
887 5225 1073 5282 tacens,
1105 5226 1152 5270 et
1175 5232 1277 5270 non
1306 5215 1524 5286 loqueris
1553 5215 1711 5270 donec
1737 5216 1830 5269 illa
1856 5216 2001 5283 ﬁant.

425 5306 805 5364 Animadverte
832 5307 1210 5379 benignitatem
1235 5307 1467 5362 Domini.
1505 5306 1621 5362 Non
1651 5305 1826 5362 credis
1849 5305 1999 5373 mihi,

496 5499 510 5528 ¹
548 5505 675 5561 Haec,
693 5495 743 5548 in
766 5495 872 5561 ipsa
892 5495 1058 5561 adyta,
1082 5495 1149 5561 in
1169 5493 1319 5561 _Savi_l.
1342 5500 1392 5542 et
1424 5492 1483 5561 in_
1507 5492 1689 5561 aliquot
1707 5491 2015 5561 pissoesunt

432 5560 527 5618 hic,
544 5559 632 5608 sed
652 5553 892 5621 ponuntur
913 5553 1036 5608 infra
1052 5559 1142 5613 sic,
1161 5553 1402 5621 hominum
1414 5568 1440 5621 7:
1464 5555 1514 5605 in
1531 5553 1645 5621 ipsa
1654 5553 1801 5615 adyta
1818 5557 1918 5621 turn
1939 5553 2014 5599 in-

435 5611 789 5688 gressus,'vidit_
1127 5611 1503 5688 Quodrectius.
1539 5611 1681 5688 itania
1720 5611 2013 5688 :post‘bazc,

435 5672 668 5732 ῖιηὶιεενδὼ
687 5672 984 5733 multitudini
1012 5672 1180 5745 parent
1213 5679 1380 5742 fuisse,
1411 5679 1591 5729 desunt
1627 5677 1679 5725 in
1721 5672 1884 5725 ﬁtorcl.

500 5745 522 5812 ξ
553 5749 694 5812 “me,
719 5745 928 5812 oidistin’
951 5745 1150 5810 ﬁducia:
1172 5748 1585 5812 nmgnitudincm?
1606 5752 1784 5801 desunt
1802 5751 1851 5800 in
1872 5749 2009 5803 Savil.

437 5810 490 5854 et
512 5807 557 5854 tu
585 5808 868 5870 quibusdam
885 5807 993 5859 Mss.

1120 351 1174 412 8.
1213 355 1490 413 JOANNIS
1527 355 1994 414 CllRYSOSTOMl
2033 359 2349 418 ARCHIEP.
2380 362 2908 426 CONSTANTINOP.

3550 375 3649 431 712

2077 475 2246 545 inquit
2263 519 2277 539 ,
2315 494 2455 534 nunc
2481 495 2690 550 pcenam
2719 483 2933 551 accipe;
2965 499 3192 554 cumque
3217 485 3376 541 rebus
3404 487 3533 558 ipsis
3556 505 3650 545 ve-

2076 567 2284 623 ritatem
2313 571 2749 640 comprobavere,
2782 583 2906 628 tunc
2934 575 3063 629 iram
3089 577 3291 630 solvam
3321 594 3334 630 :
3362 593 3484 632 cum
3519 579 3651 635 didi-

2075 662 2214 714 ceris
2245 673 2294 715 te
2315 661 2437 730 jure
2464 663 2671 732 plexum
2700 665 2878 731 fuisse,
2910 674 3034 720 tunc
3059 682 3088 720 a
3121 681 3273 736 pana
3308 676 3362 724 te
3390 669 3650 725 liberabo.

2074 751 2308 808 Audiant
2350 756 2631 824 Anommi',
2659 767 2913 828 quantum
2945 759 3203 814 irascatur
3234 762 3405 826 Deus,
3434 777 3556 816 cum
3585 763 3656 818 de

2076 859 2135 900 se
2157 847 2416 902 curiosius
2443 848 2739 917 inquiritur.
2751 849 2902 918 Quod
2923 850 2966 905 si
2989 850 3097 918 ille,
3115 851 3236 920 quia
3258 853 3469 907 mortali
3494 869 3657 922 gene-

2076 936 2268 990 rationi
2295 951 2397 991 non
2425 937 2687 1004 crederet,
2712 938 2958 1008 plectitur
2989 954 3006 992 :
3036 949 3091 993 tu
3117 941 3205 1009 qui
3234 955 3482 994 arcanam
3511 942 3659 997 illam

2077 1036 2133 1082 et
2159 1044 2442 1099 supernam
2473 1030 2856 1100 perscrutaris,
2886 1031 3152 1101 quomodo
3177 1033 3492 1102 supplicium
3521 1034 3661 1088 eﬁ'u»

2075 1119 2208 1189 gies,
2231 1118 2317 1173 die
2346 1119 2515 1174 mihi?
2544 1120 2632 1175 llle
2661 1119 2792 1174 nihil
2821 1121 3068 1188 asseruit,
3092 1121 3185 1176 sed
3209 1122 3449 1178 ediscere
3473 1123 3662 1188 voluit,

2085 1210 2397 1280 veniamque
2441 1221 2800 1282 consequutus
2845 1227 2948 1265 non
2987 1221 3070 1266 est
3108 1229 3124 1265 :
3165 1222 3221 1266 tu
3248 1228 3376 1267 vero
3413 1228 3510 1280 ea,
3542 1230 3665 1284 qua:

2081 1307 2328 1361 omnibus
2352 1307 2634 1362 invisibilia
2666 1305 3327 1377 incomprehensibiliaque
3352 1318 3499 1373 sunt,
3523 1306 3672 1360 afﬁr-

2082 1415 2268 1471 mans,
2315 1416 2474 1471 quam
2517 1400 2736 1455 habebis
2780 1399 3187 1456 defensionem?
3233 1398 3374 1469 quod
3419 1415 3524 1453 non
3570 1398 3664 1452 tibi

2083 1493 2359 1564 pertrahes
2385 1493 2746 1563 supplicium?

2154 1585 2206 1639 3.
2237 1585 2462 1640 Anomcei
2490 1585 2718 1639 dicebant
2744 1601 2798 1638 se
2818 1583 2982 1638 Deum
3008 1600 3152 1638 nosse
3178 1593 3230 1636 ut
3249 1584 3410 1653 seipse
3433 1591 3665 1636 noverat.

2081 1676 2349 1731 -Verum
2375 1676 2488 1731 haec
2513 1676 2579 1731 de
2602 1677 2943 1746 generatione
2963 1675 3248 1745 disputatio
3273 1691 3423 1730 suum
3451 1675 3502 1729 in
3530 1684 3672 1730 tem-

2086 1785 2182 1840 pus
2211 1779 2532 1837 reservetur,
2557 1771 2874 1841 interimque
2897 1772 3040 1841 prius
3061 1781 3431 1841 argumentum
3452 1780 3666 1840 repeta-

2085 1879 2224 1930 mus,
2252 1862 2404 1933 cujus
2429 1879 2598 1933 nuper
2618 1863 2870 1933 reliquias
2896 1863 3216 1930 dimisimus,
3244 1863 3369 1918 dum
3399 1861 3667 1933 pernicio-

2084 1969 2198 2009 sam
2228 1955 2370 2008 illam
2397 1956 2650 2021 radicem,
2683 1954 2918 2008 omnium
2951 1954 3210 2008 malorum
3243 1962 3488 2018 matrem,
3520 1951 3671 2007 evel-

2086 2043 2198 2098 lere
2222 2059 2561 2111 conaremur,
2595 2045 2860 2100 undenam
2887 2044 2991 2098 illis
3030 2045 3144 2100 hate
3172 2044 3416 2114 dogmata
3446 2043 3670 2098 suborta

2086 2146 2228 2194 sunt.
2261 2137 2516 2205 Quantam
2545 2137 2630 2191 illa
2664 2137 2816 2192 radix
2850 2136 3111 2191 malorum
3142 2135 3423 2190 omnium?
3465 2134 3676 2189 credite

2087 2229 2240 2293 mihi,
2273 2246 2359 2284 me
2386 2230 2526 2284 illam
2559 2230 3019 2299 pronuntiaturum
3065 2229 3256 2282 horror
3295 2237 3558 2295 occupat:
3587 2227 3676 2296 pi-

2087 2331 2173 2390 get
2201 2335 2263 2376 ea
2290 2336 2507 2376 narrare
2529 2337 2649 2392 qum
2676 2321 2750 2375 illi
2776 2335 2986 2390 semper
3025 2319 3369 2374 meditantur.
3411 2319 3675 2387 Qua'nam

2089 2411 2249 2481 igitur
2273 2422 2354 2468 est
2383 2413 2572 2468 horum
2617 2413 2877 2467 malorum
2917 2411 3112 2466 radix?
3157 2412 3329 2466 Ausus
3377 2419 3460 2464 cst
3510 2411 3679 2464 homo

2088 2503 2288 2570 dicere,
2323 2504 2490 2557 Deum
2523 2503 2666 2569 novi,
2696 2512 2754 2558 ut
2779 2505 2892 2574 ipse
2925 2504 3064 2558 Deus
3083 2502 3315 2572 seipsum
3338 2501 3501 2555 novit.
3523 2501 3680 2555 Hace-

2089 2594 2207 2649 cine
2269 2594 2630 2650 confutatione
2683 2595 2966 2665 indigent,
3039 2594 3270 2648 haeccine
3334 2592 3680 2647 demonstra-

2091 2685 2277 2740 tione?
2305 2699 2481 2739 annon
2532 2685 2662 2739 satis
2713 2693 2796 2738 est
2832 2683 2948 2738 haec
3002 2683 3172 2738 solum
3222 2681 3380 2738 verba
3410 2681 3678 2751 proferre,

2091 2783 2149 2830 ut
2201 2785 2310 2830 tota
2373 2790 2561 2830 eorum
2622 2775 2869 2844 impietas
2920 2773 3222 2834 reveletur?
3275 2773 3489 2828 Etenim
3560 2772 3683 2827 base

2089 2866 2295 2921 insania
2371 2875 2454 2920 est
2525 2866 2801 2936 perspicua
2845 2907 2861 2931 ,
2935 2864 3166 2918 amentia
3245 2863 3622 2918 inexcusabilis
3662 2903 3681 2926 ,

2091 2972 2262 3012 novus
2328 2957 2615 3026 impietatis
2659 2956 2882 3010 modus.
2929 2955 3097 3010 Nemo
3161 2954 3430 3024 quidpiam
3490 2954 3684 3022 hujus-

2092 3048 2234 3104 modi
2277 3048 2360 3103 vel
2413 3061 2591 3104 mente
2645 3048 2947 3117 concipere,
3001 3046 3086 3101 vel
3115 3047 3288 3115 lingua
3317 3043 3557 3114 proferre
3581 3060 3684 3097 au-

2093 3156 2183 3196 sus
2205 3149 2306 3195 est.
2335 3140 2541 3210 Cogita,
2590 3139 2754 3194 miser
2801 3147 2855 3193 et
2906 3137 3107 3200 infelix,
3157 3136 3399 3206 quisnam
3446 3136 3563 3201 sis,
3616 3144 3684 3190 et

2111 3248 2376 3290 ‘uemnam
2411 3241 2514 3287 tant
2543 3233 2752 3286 curiose
2773 3230 3024 3285 scruteris
3057 3247 3070 3280 :
3103 3228 3262 3282 homo
3291 3242 3413 3282 cum
3443 3227 3535 3291 sis,
3573 3227 3684 3281 De-

2095 3341 2182 3378 um
2210 3322 2494 3392 esploras?
2524 3321 2618 3376 Vel
2636 3321 2848 3374 nomina
2872 3334 3014 3373 mera
3038 3318 3166 3373 satis
3187 3326 3329 3384 sunt,
3356 3326 3412 3370 ut
3439 3317 3687 3371 stultitiae

2096 3414 2512 3486 magnitudinem
2537 3413 2848 3468 declarent:
2881 3412 3039 3464 homo
3063 3417 3202 3464 terra
3243 3417 3297 3463 et
3336 3408 3504 3474 cinis,
3550 3421 3686 3462 caro

2095 3515 2151 3562 et
2176 3505 2410 3576 sanguis,
2440 3503 2638 3559 faenum
2668 3513 2721 3557 et
2749 3501 2846 3555 ﬁos
2874 3501 3021 3564 freni,
3052 3500 3257 3565 umbra,
3286 3497 3484 3564 fumus,
3518 3498 3679 3550 vani-

2097 3608 2200 3664 tas,
2231 3607 2285 3654 et
2311 3597 2356 3652 si
2381 3595 2506 3666 qttid
2536 3595 2618 3650 his
2649 3596 2926 3650 obscurius
2950 3601 3004 3647 et
3032 3591 3206 3645 vilius.
3257 3588 3437 3660 Neque
3481 3588 3687 3658 putetis

2099 3690 2214 3745 haec
2239 3687 2544 3744 incusanda:
2565 3695 2769 3741 natura:
2797 3699 2956 3739 causa
2985 3683 3088 3737 dici
3117 3700 3131 3736 :
3187 3696 3358 3752 neque
3387 3681 3526 3735 enim
3553 3695 3684 3748 ego,

2098 3782 2193 3838 sed
2221 3779 2493 3851 prOpheta:
2523 3780 2594 3834 ita
2636 3777 3096 3849 philosophantur,
3129 3790 3234 3828 non
3268 3782 3323 3826 ut
3368 3787 3534 3842 genus
3582 3787 3689 3825 no—

2099 3883 2269 3929 strum
2301 3871 2563 3926 dedecore
2590 3869 2842 3932 afﬁciant,
2868 3866 2962 3921 sed
2992 3875 3053 3921 ut
3078 3866 3384 3920 insanorum
3417 3873 3688 3926 tumorem

2099 3964 2494 4035 comprimant;
2525 3977 2631 4016 non
2659 3969 2718 4014 ut
2745 3969 2984 4014 naturam
3032 3967 3270 4011 nostram
3311 3961 3687 4020 contemnant,

2100 4058 2195 4114 sed
2237 4066 2294 4111 ut
2339 4055 2658 4110 furiosorum
2707 4050 3063 4121 arrogantiam
3105 4047 3376 4116 dejiciant.
3429 4045 3561 4100 Nam
3609 4045 3686 4111 si,

2101 4159 2382 4222 postquam
2413 4147 2488 4201 illi
2517 4155 2594 4200 tot
2622 4152 2871 4213 tantaque
2892 4141 3098 4205 dixere,
3128 4137 3324 4207 reperti
3353 4144 3530 4191 tamen
3558 4143 3692 4190 sunt

2102 4241 2192 4312 qui
2214 4241 2500 4296 verborum
2522 4235 2809 4307 petulantia
2832 4234 3005 4303 ipsum
3029 4229 3301 4284 diabolum
3327 4233 3646 4296 superarunt
3669 4243 3685 4279 :

2103 4335 2149 4389 si
2197 4333 2330 4388 nihil
2375 4329 2638 4402 ejusmodi
2666 4329 2863 4383 dictum
2895 4325 3099 4389 fuisset,
3125 4336 3232 4392 quo
3261 4320 3474 4375 tandem
3501 4334 3690 4372 amen-

2105 4429 2191 4483 tia:
2220 4442 2326 4481 non
2354 4421 2766 4496 prorupissent?
2795 4418 2851 4474 Si
2875 4417 3172 4487 appositam
3217 4413 3474 4468 habentes
3515 4409 3689 4464 medi-

2103 4523 2301 4588 cinam,
2327 4519 2500 4574 adhuc
2530 4527 2704 4571 tamen
2729 4512 3002 4573 inﬂantur,
3046 4523 3153 4580 quo
3195 4507 3410 4561 demum
3461 4502 3691 4558 tumoris

2104 4624 2160 4670 et
2185 4611 2499 4683 arrogantia:
2531 4623 2635 4663 non
2663 4604 3068 4676 processissent,
3111 4599 3210 4653 nisi
3239 4598 3362 4652 talia
3412 4595 3487 4649 illi
3542 4594 3689 4648 circa

2107 4718 2348 4763 naturam
2379 4705 2664 4757 humanam
2688 4693 3072 4768 protulissent?
3103 4691 3236 4746 Audi
3265 4690 3426 4760 igitur
3452 4687 3578 4757 quid
3619 4686 3691 4741 de

2106 4801 2283 4868 seipso
2305 4794 2631 4863 dicatjustus
2656 4790 2746 4844 ille
2771 4785 3092 4857 patriarcha,
3123 4783 3234 4853 Ego
3257 4790 3422 4834 autem
3448 4794 3557 4832 sunt
3581 4787 3688 4829 ter-

2105 4907 2166 4944 ra
2192 4898 2238 4942 et
2267 4888 2394 4940 cinis
2415 4882 2565 4957 (Gen.
2599 4881 2684 4936 18.
2703 4879 2770 4932 27
2789 4879 2830 4950 ).
2858 4877 2991 4932 Cum
3019 4876 3127 4929 Deo
3151 4871 3484 4942 loquebatur,
3514 4884 3693 4937 neque

2111 4992 2286 5037 tamen
2312 4975 2630 5033 conﬁdentia
2661 4969 3020 5032 efferebatur;
3051 4967 3159 5020 imo
3189 4965 3270 5019 vel
3302 4963 3406 5017 hoc
3432 4963 3604 5031 ipsum
3631 4969 3692 5013 ut

2108 5072 2385 5129 moderate
2413 5075 2595 5138 ageret
2619 5064 2721 5134 ipsi
2749 5061 3024 5117 suadebat.
3054 5058 3122 5113 Hi
3147 5071 3296 5121 vero,
3351 5055 3442 5125 qui
3470 5068 3537 5109 ne
3567 5068 3692 5106 um-

2109 5166 2202 5220 bra
2225 5162 2441 5234 quidem
2470 5160 2614 5214 illius
2639 5155 2787 5226 digni
2812 5162 2961 5218 sunt,
2995 5166 3055 5206 se
3074 5147 3277 5219 angelis
3303 5147 3432 5217 ipsis
3458 5144 3692 5214 majores

2110 5271 2229 5313 esse
2253 5261 2476 5326 putant:
2522 5249 2663 5322 quod
2704 5255 2962 5302 extrema:
3005 5240 3291 5310 dementia:
3319 5245 3690 5308 argumentum

2111 5359 2213 5406 est.
2239 5349 2476 5403 Deumne
2501 5341 2778 5405 scrutaris,
2803 5339 2892 5393 dic
2919 5335 3049 5391 mihi
3070 5375 3086 5400 ,
3132 5337 3221 5403 qui
3268 5332 3383 5386 sine
3431 5328 3694 5399 principio

2111 5448 2210 5506 est,
2251 5435 2613 5498 invariabilis,
2665 5415 3051 5500 incorporeus,
3098 5420 3550 5492 incorruptibilis,
3603 5419 3692 5487 qui

2113 5531 2308 5601 ubique
2332 5528 2504 5594 adest,
2535 5535 2589 5582 et
2606 5523 2785 5579 omnia
2813 5527 3048 5590 superat,
3073 5516 3424 5582 universaque
3445 5518 3693 5565 creatura

2112 5623 2356 5693 superior
2384 5619 2505 5675 est?
2534 5615 2674 5671 Audi
2723 5612 2849 5684 quid
2899 5610 2968 5664 de
3019 5609 3112 5663 illo
3140 5603 3411 5676 prepheta:
3456 5601 3694 5672 philoso-

2113 5717 2364 5787 phentur,
2394 5721 2447 5768 et
2472 5720 2651 5766 metue
2681 5725 2694 5760 :
2729 5705 2826 5771 Qui
2846 5701 3048 5771 respicit
3065 5709 3272 5766 terram,
3326 5706 3372 5751 et
3413 5695 3534 5766 facit
3581 5707 3690 5745 eam

2117 5823 2326 5866 tremere
2352 5804 2521 5880 (Psal.
2557 5799 2836 5869 l05.3‘2):
2865 5797 3074 5866 aspexit
3097 5793 3291 5860 solum,
3323 5800 3376 5847 et
3402 5791 3543 5846 illam
3571 5798 3687 5842 tan-
