3918 6382
174 345 255 399 τη
1174 336 1265 393 DE
1305 337 2003 396 INCOMPREHENSIBILI
2045 339 2153 395 DEI
2191 338 2499 396 NATURA.
2543 336 2607 396 11.

164 456 246 512 τοῦ
286 455 414 510 Θεοῦ
442 454 542 526 τὴν
578 453 912 525 προστασίαν
946 453 1457 525 ὲμπεπιστευμένος
1499 453 1594 507 τοῦ
1635 455 1813 526 δήμου

163 545 368 608 παντός·
403 534 558 605 οὗτος
584 542 613 594 6
652 540 928 612 Ζαχαρίας
979 539 1238 595 εἰσελθὼν
1271 542 1354 604 εἰς
1399 540 1469 595 τά
1517 540 1656 611 ἀγια
1701 542 1814 596 τῶν

163 634 333 701 ἁγίων,
375 633 454 695 εἰς
495 630 637 684 αὐτά
672 629 743 682 τά
774 629 939 684 ἄδυτα
972 640 1021 694 δ,
1051 628 1091 685 ἃ.
1129 628 1277 701 μόνῳ
1319 630 1428 683 τῶν
1466 630 1682 685 πάντων
1719 631 1814 683 ἀν-

161 721 371 792 θρώτων
403 719 595 790 ἐκείνῳ
644 718 801 788 θέμις
836 713 905 791 ἦν
948 718 1072 772 τότε
1112 719 1248 789 όρᾷν
1295 718 1412 790 (καὶ
1457 719 1650 773 σκόπει
1696 717 1813 782 πῶς

161 808 349 861 καὶτοῦ
384 806 619 879 πλήθους
652 806 851 871 παντὸς
894 805 1223 877 ἀντίρροπός
1265 802 1356 878 ἦν,
1407 806 1483 871 ὡς
1517 806 1613 860 καὶ
1657 805 1813 871 λιτὰς

160 894 282 966 ὑπὲρ
306 892 399 948 τοῦ
431 892 667 966 πλήθους
702 892 906 957 παντὸς
932 893 1229 964 ἀναφέρειν
1257 892 1336 964 τῷ
1377 892 1519 964 Θεῷ,
1559 894 1656 947 καὶ
1683 892 1812 946 ἵλεω

158 984 312 1036 ποιεῖν
336 982 428 1037 τὸν
453 980 731 1052 Δεσπότην
756 982 871 1044 τοῖς
893 979 1134 1044 οίκέταις
1171 975 1333 1050 (εἶδες
1365 980 1681 1053 παρρησίας
1717 980 1812 1052 μέ-

157 1068 341 1138 γεθοςς)
375 1068 627 1139 καθάπερ
662 1066 890 1141 μεσίτης
917 1086 1003 1132 τις
1034 1065 1110 1122 ὣν
1142 1065 1281 1121 Θεοῦ
1328 1069 1423 1123 καὶ
1456 1066 1808 1140 ἀνθρώπων),

157 1153 273 1210 εἶδεν
292 1154 520 1223 ἄγγελον
548 1154 693 1209 ἐνδον
720 1154 954 1220 ἐστῶτα,
979 1156 1075 1210 καὶ
1097 1155 1282 1227 ἐπειδὴ
1309 1155 1605 1228 ἐξέπληξεν
1631 1158 1663 1226 ἡ
1687 1155 1811 1225 ὄψις

155 1243 231 1295 τὸν
271 1243 576 1313 ἄνθρωπον,
629 1243 795 1315 φησὶν
842 1244 1083 1307 ἐκεῖνος’
1134 1242 1232 1311 Μὴ
1271 1244 1482 1313 φοϐοῦ,
1516 1245 1808 1313 Ζαχαρία,

155 1330 283 1383 διότι
306 1331 679 1399 εἰσηκούσθη
713 1331 751 1399 ὴ
783 1329 994 1398 δέησίς
1025 1344 1162 1395 σου,
1199 1330 1299 1384 καὶ
1332 1330 1460 1385 ἰδοὺ
1482 1330 1626 1400 τέξῃ
1650 1332 1805 1387 υἱόν.

154 1419 247 1472 Καὶ
276 1418 398 1471 ποία
436 1416 581 1489 αὕτη
623 1417 942 1483 ἀκολουθίας
995 1418 1133 1490 ὑπὲρ
1165 1416 1260 1471 τοῦ
1300 1417 1432 1471 λαοῦ
1483 1419 1805 1490 παρεκάλει,

154 1504 274 1575 ὑπὲρ
311 1503 420 1557 τῶν
452 1503 868 1575 ἁμαρτημάτων
910 1503 1078 1557 ἐδεῖτο
1097 1547 1111 1569 ,
1166 1504 1500 1576 συγγνώμην
1542 1506 1662 1577 ᾔτει
1692 1509 1807 1570 τοῖς
1855 1569 1861 1573 _

154 1590 453 1655 συνδούλοις,
496 1592 590 1645 καὶ
632 1590 801 1661 λέγει,
834 1589 931 1659 Μὴ
970 1590 1180 1660 φοϐοῦ,
1212 1593 1496 1661 Ζαχαρία,
1530 1594 1805 1662 ἠκούσθη

153 1679 242 1751 γὰρ
288 1681 327 1750 ἡ
368 1679 586 1748 δέησίς
636 1695 788 1734 σου·
854 1681 946 1734 καὶ
994 1678 1088 1732 τοῦ
1148 1680 1482 1751 ἀκουσθῆναι
1534 1682 1806 1749 ἀπόδειξιν

154 1770 365 1829 ποιεῖται
396 1768 460 1822 τὸ
477 1766 847 1839 τεχθήσεσθαι
881 1768 1047 1821 παῖδα
1077 1766 1226 1838 αὐτῷ
1249 1767 1341 1820 τὸν
1377 1767 1665 1840 Ἰωάννην,
1697 1769 1808 1823 Καὶ

156 1856 283 1932 μάλα
320 1855 572 1920 εἰκότως.
615 1854 836 1927 Ἐπειδὴ
878 1854 988 1926 γάρ
1017 1854 1047 1895 b
1076 1855 1218 1927 ὑπὲρ
1251 1854 1359 1909 τῶν
1402 1856 1685 1926 ἁμαρτιῶν
1712 1856 1804 1910 τοῦ

154 1944 262 2003 λαοῦ
296 1942 616 2016 παρεκάλει,
638 1942 830 2014 ἐμελλε
858 1943 916 1996 δὲ
951 1942 1158 1996 τίκτειν
1191 1943 1302 1996 υἱὸν
1331 1943 1539 2014 βοῶντα
1562 1960 1576 1975 ·
1614 1943 1726 1999 Ἴδε
1770 1948 1805 1999 ό

154 2030 315 2099 ἀμνὸς
344 2031 451 2086 τοῦ
481 2030 633 2086 Θεοῦ
662 2034 695 2086 ὁ
732 2030 919 2099 αἴρων
943 2029 1061 2099 τὴν
1087 2030 1381 2101 ἁμαρτίαν
1409 2032 1517 2086 τοῦ
1547 2031 1801 2102 κόσμου,

155 2119 371 2184 είκότως,
409 2119 597 2189 φησὶν,
622 2119 1010 2187 Είσηκούσθη
1032 2119 1071 2187 ἡ
1117 2118 1330 2190 δέησίς
1356 2134 1494 2183 σου,
1524 2120 1626 2174 καί
1658 2120 1802 2191 τέξῃ

154 2205 283 2260 υἱόν.
315 2205 378 2258 Τί
417 2202 512 2260 οὗν
546 2207 788 2272 ἐκείνος;
822 2205 897 2259 Τὸ
924 2205 1033 2277 γάρ
1074 2204 1801 2278 ζητούμενοντοῦτόλέστιν,

153 2292 303 2346 ὅτιτὸ
335 2292 798 2366 περιεργάζεσθαι
843 2293 1077 2365 τρόπους
1125 2293 1392 2366 χρησμῶν
1427 2294 1586 2349 θείων
1632 2297 1804 2366 ἀσύγ-

152 2380 361 2455 γνωστόν
389 2382 531 2447 ἐστι,
574 2381 681 2443 τὰς,
710 2381 769 2441 δὲ
813 2368 1118 2452 ἀποφάσεις
1151 2382 1331 2437 πίστει
1375 2381 1624 2454 δέχεσθαι
1671 2386 1797 2457 χρή.

152 2463 278 2527 Εἷδεν
305 2469 382 2532 είς
408 2468 512 2540 τὴν
547 2467 764 2539 ἠλικίαν
796 2466 895 2540 τὴν
937 2468 1155 2535 ἐαυτοῦ,
1202 2471 1281 2532 είς
1321 2468 1422 2541 τὴν
1459 2470 1671 2535 πολιάν,
1721 2473 1801 2537 είς

150 2555 361 2627 τὺσῶμα
408 2556 472 2612 τὸ
526 2555 925 2628 ἐξησθενηκόςο
1008 2551 1147 2609 εἶδεν
1224 2558 1305 2620 είς
1350 2557 1448 2628 τὴν
1517 2558 1801 2631 στείρωσιν

150 2641 231 2712 τῆς
258 2643 536 2712 γυναικὸς,
586 2644 681 2697 καὶ
732 2643 1077 2716 διηπίστησε,
1146 2644 1243 2697 καὶ
1277 2645 1366 2699 τὸν
1425 2645 1624 2718 τρόπον
1674 2646 1801 2720 ἐζή-

154 2744 260 2801 τησε
299 2731 511 2803 μαθεῖν,
576 2732 671 2785 καὶ
709 2726 832 2784 εἷπε
854 2750 866 2764 ·
935 2730 1096 2785 Κατὰ
1148 2732 1208 2785 τί
1251 2733 1547 2803 γνώσομαι
1592 2734 1769 2789 τοῦτο
1779 2753 1800 2801 ;

152 2817 269 2885 Πῶς,
313 2823 518 2893 φησὶν,
572 2820 725 2875 ἔσται
761 2819 956 2887 τοῦτο;
1016 2821 1147 2877 Ἰδοὺ
1206 2821 1318 2891 ἐγὼ
1368 2826 1654 2898 γεγήρακα
1707 2828 1802 2881 καὶ

151 2908 488 2981 πεπολίωμαι,
545 2910 640 2963 καὶ
678 2910 871 2981 ήγυνή
923 2926 1025 2979 μου
1072 2912 1262 2982 στεῖρα
1317 2911 1693 2983 προϐεϐηκυῖα
1742 2918 1802 2968 ἐν

151 2996 247 3059 ταῖς
269 2997 501 3068 ήμέραις
553 2997 754 3067 αὐτῆςο
798 2997 831 3066 ἡ
873 2995 1058 3067 ἡλικία
1109 2996 1308 3067 ἄωρος,
1343 2999 1376 3068 ἡ
1426 2997 1586 3066 φύσις
1625 3000 1801 3072 ἄχρη-
1845 3029 1855 3038 ·

153 3098 283 3147 στος·
321 3085 434 3150 πῶς
466 3083 587 3156 ἔχει
621 3084 778 3154 λόγον
796 3084 866 3139 τά
904 3083 1329 3155 ἐπηγγελμένας
1362 3085 1473 3155 ἐγὼ
1505 3087 1533 3139 6
1561 3088 1802 3159 σπείρων

150 3168 354 3243 ἀσθενής
372 3188 386 3202 ·
414 3173 449 3244 ή
484 3172 700 3244 ἄρουρα
734 3172 947 3242 ἄγονος.
973 3168 1103 3244 'Ap’
1130 3171 1192 3225 06
1219 3173 1366 3226 δοκεῖ
1399 3191 1510 3227 τισι
1556 3173 1803 3244 συγγνώ-

154 3277 243 3330 μης
260 3261 400 3328 ἄξιος
442 3260 589 3317 εἶναι
633 3264 975 3335 πραγμάτων
1014 3264 1338 3319 ἀκολουθίαν
1367 3265 1663 3338 ἐπιζητῶν,
1706 3267 1801 3322 καὶ⁵

150 3347 295 3403 δοκῶν
328 3369 379 3406 τι
421 3353 609 3422 λέγειν
651 3353 831 3422 είκός;
887 3354 1030 3409 Ἀλλ’
1058 3355 1121 3409 o6
1152 3352 1230 3426 τῷ
1273 3354 1391 3426 Θεῷ
1433 3354 1611 3423 ἔδοξεν
1653 3356 1801 3423 ἄξιος

151 3431 295 3491 εἶναι’
332 3441 424 3495 καὶ
452 3439 606 3512 μάλα
632 3440 877 3504 εἰκότως.
917 3441 1085 3497 Ὀταν
1117 3442 1225 3515 γὰρ
1257 3445 1284 3496 6
1316 3442 1448 3507 Θεὸς
1490 3444 1802 3519 ἀποφαίνη-

150 3540 242 3588 ται,
268 3525 562 3600 λογισμοὺς
586 3531 757 3582 κινεῖν
783 3530 844 3582 o6
874 3529 1002 3602 χρὴ,
1041 3530 1164 3584 οὐδὲ
1207 3532 1550 3603 πραγμάτων
1576 3533 1803 3587 ἀκολου-

152 3608 269 3681 θίαν,
305 3616 424 3671 οὐδὲ
453 3615 677 3687 φύσεως
699 3617 946 3691 ἀνάγκην
972 3617 1394 3690 προϐάλλεσθαι,
1423 3620 1545 3673 οὐδὲ
1594 3621 1723 3675 ἄλλο
1746 3639 1802 3676 τι

151 3700 242 3754 τῶν
278 3704 534 3759 τοιούτων
561 3704 713 3758 οὐδέν
733 3722 748 3737 ο
800 3706 1021 3761 πάντων
1049 3706 1157 3778 γάρ
1189 3706 1396 3762 τούτων
1427 3708 1676 3781 ἀνωτέρα
1702 3710 1803 3782 τῆς

153 3786 450 3857 ἀποφάσεως
493 3793 530 3860 ή
565 3791 794 3864 δύναμις
835 3792 1012 3847 οὐδενὶ
1036 3793 1440 3866 διακοπτομένη
1493 3795 1799 3868 κωλύματι.

153 3875 207 3928 Τί
232 3883 415 3947 ποιεῖς,
453 3881 744 3953 ἀνθρωπε;
772 3884 801 3936 6
826 3883 961 3948 Θεὸς
995 3884 1412 3954 ἐπαγγέλλεται,
1447 3887 1542 3941 καὶ
1568 3889 1663 3941 ἐπὶ
1685 3889 1805 3959 ἡλι-

152 3965 257 4053 κίαν
285 3968 672 4041 καταφεύγεις,
715 3971 865 4046 [455]
901 3973 997 4027 καὶ
1024 3975 1201 4046 γῆρας
1236 3975 1549 4050 προϐάλλῃς
1588 3978 1661 4050 μὴ
1694 3980 1803 4053 γάρ

153 4050 475 4129 ἰσχυρότερον
522 4058 587 4111 τὸ
631 4062 811 4132 γῆρας
846 4060 950 4131 τῆς
991 4061 1326 4130 ἐπαγγελίας
1361 4063 1456 4116 τοῦ
1511 4064 1680 4132 Θεοῦ;
1726 4050 1801 4138 μή

148 4140 241 4213 γὰρ
265 4143 607 4218 δυνατωτέρα
638 4148 673 4218 ἡ
711 4146 872 4216 φύσις
898 4148 993 4202 τοῦ
1033 4149 1368 4221 δημιουργοῦ
1408 4154 1507 4221 τῆς
1550 4152 1767 4221 φύσεως
1785 4172 1799 4222 ;

149 4231 232 4285 οὐκ
273 4230 415 4301 οἶδας
462 4238 552 4291 ὅτι
607 4238 804 4309 ἰσχυρά
852 4238 991 4310 ἔργα
1043 4238 1215 4308 λόγων
1266 4240 1462 4307 αὐτοῦς
1527 4242 1587 4297 'U
1637 4244 1796 4313 λόγος

149 4320 291 4379 αὑτοῦ
313 4324 402 4379 τὸν
446 4325 677 4397 οὐρανὸν
725 4325 972 4399 ἔστησεν·
1012 4330 1042 4381 6
1068 4326 1227 4396 λόγος
1266 4327 1434 4383 αὐτοῦ
1476 4330 1574 4402 τὴν
1621 4332 1801 4385 κτίσιν

148 4413 479 4484 παρήγαγενο
529 4416 559 4477 6
612 4407 768 4483 λόγος
824 4414 988 4469 αὐτοῦ
1059 4415 1326 4485 ἀγγέλους
1391 4418 1652 4489 ἐποίησε,
1709 4422 1804 4474 καὶ⁵

150 4497 205 4550 σὺ
246 4504 367 4572 περὶ
425 4504 738 4575 γεννήσεως
808 4503 1211 4573 ἀμφιϐάλλεις;
1262 4505 1362 4559 Διά
1415 4507 1592 4562 ταῦτα
1629 4509 1801 4579 ἠγαν-

148 4580 358 4661 άκτησεν
400 4590 430 4643 6
471 4589 725 4659 ἅγγελος,
777 4591 873 4652 καὶ
915 4590 1035 4645 οὐδὲ
1073 4589 1163 4645 διὰ
1188 4593 1289 4662 τὴν
1336 4592 1639 4665 ἱερωσύνην
1666 4611 1796 4648 συν-

148 4666 295 4736 ἐγνωο
355 4676 442 4739 διά
486 4678 694 4748 ταύτην
744 4678 843 4748 μὲν
890 4672 981 4734 οὖν
1030 4678 1125 4743 καὶ
1183 4677 1477 4744 ἐκολάζετο
1516 4681 1799 4748 μειζόνως.

149 4755 237 4810 Τὸν
262 4761 365 4834 γὰρ
407 4763 572 4819 πλέον
612 4764 719 4829 τῶν
751 4764 931 4828 ἀλλων
963 4766 1043 4829 είς
1075 4766 1243 4839 τιμῆς
1275 4765 1471 4837 έχοντα
1514 4767 1669 4837 λόγον
1709 4770 1804 4823 καὶ

150 4848 260 4917 περὶ
290 4850 384 4922 τὴν
427 4853 613 4909 πίστιν
640 4855 748 4907 τῶν
781 4854 957 4908 ἀλλων
1006 4854 1355 4910 πλεονεκτεῖν
1401 4857 1530 4912 ἔδει.
1580 4858 1690 4913 Καὶ
1721 4859 1803 4924 τίς

149 4932 173 4984 ὁ
203 4937 388 5007 τρόπος
415 4942 518 5013 τῆς
558 4941 866 5008 κολάσεωςς
910 4942 1068 4998 Ἰδοὺ
1106 4942 1224 5014 ἔσῃ
1265 4944 1529 5012 σιωπῶν,
1584 4947 1684 5001 καὶ
1719 4949 1800 5018 μὴ

149 5018 457 5096 δυνάμενος
491 5029 711 5085 λαλεῖν
743 5041 791 5084 ε.
838 5032 908 5089 Ἡ
935 5031 1159 5101 γλῶσσά
1185 5049 1303 5099 σου,
1338 5034 1526 5105 φησὶν,
1555 5034 1590 5106 ἢ
1613 5035 1800 5107 διηκο-

245 5212 372 5287 Heg,
397 5221 462 5278 εἰς
484 5220 605 5271 αύτά
620 5222 681 5271 τὰ
701 5221 871 5287 ᾇδυτα,
893 5224 943 5274 in
965 5224 1185 5275 Savil.et
1206 5224 1253 5275 in
1273 5227 1461 5287 aliquot
1480 5240 1595 5276 mss.
1621 5228 1803 5282 desunt

149 5265 235 5347 [1:9,
254 5278 340 5325 sed
358 5265 629 5347 ’ρρῆιιιιιυπ
646 5265 871 5335 inn-Isi?
882 5265 1802 5347 :'1u3'&§bb'd§£§$"212"&0?&°£&"553$

602 5346 741 5419 εξδενε
786 5347 940 5419 Ρνυιρ
974 5355 1085 5419 p9_st
1115 5342 1241 5419 hsce,
1264 5351 1366 5419 πῶς
1387 5342 1469 5419 καὶ
1489 5348 1575 5419 τοῦ
1598 5353 1801 5419 πλήθους

425 5405 593 5469 ῥροπος
612 5408 689 5467 ἦν,
711 5408 892 5457 desunt
916 5405 990 5458 in'
1010 5408 1203 5469 Morel.,
1230 5405 1319 5459 Sed
1343 5411 1594 5460 habentur
1610 5414 1659 5461 in
1680 5405 1797 5466 mss;

240 5469 335 5536 ξω
354 5474 511 5536 ρει-ις.
558 5469 860 5536 Rau}o_post_
884 5473 1081 5536 quidam
1106 5483 1223 5519 mss.
1249 5472 1602 5536 ἀναφέρεινχει
1628 5483 1800 5536 postea

151 5488 335 5558 ἔσω-τωο
354 5488 511 5573 ἔφηις.
560 5488 712 5518 ramo
750 5488 860 5531 posw.
884 5488 1081 5532 quiaam
1106 5488 1223 5519 mss.
1249 5488 1394 5535 αναφε
1426 5489 1511 5531 ειν,
1550 5488 1602 5522 el
1628 5488 1800 5536 postea

152 5528 405 5603 “2:82:31
445 5527 616 5603 l’iogel.
659 5530 1159 5603 pabgt‘aggqaé-Qvag
1180 5535 1348 5603 may.
1379 5488 1486 5603 Rion:
1509 5533 1654 5596 illud,
1679 5537 1800 5597 εἶδες

289 5590 390 5656 σξας
414 5590 626 5656 μέγεθος,
643 5592 790 5656 ᾶεβεί.
808 5591 858 5641 in
881 5590 1034 5643 Sa'vﬂ.
1062 5600 1116 5643 et
1139 5594 1191 5642 in
1212 5593 1503 5656 quibusdam
1525 5609 1641 5645 mss.

154 5642 243 5743 in;
243 5642 445 5765 621³ξὲἒῴ
465 5642 862 5714 ὧδε-’Ἰωάννηνς
886 5656 969 5704 καὶ
984 5642 1177 5721 Ῠσφόδρα
1195 5642 1449 5714 πὸλλὴᾴκαῖ
1462 5642 1794 5723 ὲοέιὲξϐἀωπος·

158 5760 498 5881 ειὲᾒῇῗέααὶ
516 5774 856 5840 μὴ’δυνᾶιιενος
873 5777 1050 5843 λαλεῖν,
1083 5779 1264 5833 desunt
1283 5781 1333 5831 in
1365 5780 1653 5844 Quibusdam
1679 5799 1792 5836 mss.

3494 340 3599 395 712

1920 473 2051 526 νησε
2099 456 2236 528 πρὸς
2280 453 2381 527 τὴν
2430 453 2536 508 τῶν
2582 454 2842 526 ῥημάτων
2889 454 3166 520 ἀπιστίαν,
3207 454 3345 526 αὕτη
3390 456 3600 519 δέξεται

1919 547 2015 598 καὶ
2051 543 2148 615 τὴν
2184 544 2277 596 ἐπὶ
2315 545 2381 613 τῇ
2410 542 2640 613 ἀπιστία
2668 541 2972 613 τιμωρίαν·
3022 540 3170 596 Ἰδοὺ
3202 541 3320 611 ἔσῃ
3356 543 3603 597 σιωπῶν

1919 632 2020 685 καὶ
2062 631 2149 701 μὴ
2197 629 2426 696 λαλῶν,
2460 628 2573 696 ἕως
2606 628 2685 683 ἂν
2738 629 2985 699 γένηται
3035 628 3244 684 ταῦτα.
3313 630 3602 700 Ἐννόησον

1919 717 2328 789 φιλανθρωπίαν
2351 716 2624 769 Δεσπότου
2644 732 2659 748 ο
2695 716 2972 779 Ἀπιστεῖς
2994 732 3108 787 μοι,
3130 716 3263 786 φησι
3285 733 3299 748 ο
3324 715 3420 771 νῦν
3440 716 3600 786 δέχου

1917 805 2016 876 τὴν
2060 805 2300 869 κόλασιν,
2339 804 2433 856 καὶ
2467 803 2594 856 ὅταν
2640 801 2729 855 διά
2778 801 2889 855 τῶν
2935 802 3283 873 πραγμάτων
3329 803 3602 874 παράσχω

1917 893 2016 964 τήν
2056 891 2349 957 ἀπόδειξιν,
2385 890 2507 944 τότε
2553 889 2665 943 λύω
2704 890 2804 968 τήν
2850 891 3058 961 ὀργήν·
3088 892 3219 944 ὅταν
3269 890 3469 964 μάθῃς,
3518 892 3603 944 ὅτι

1916 975 2141 1037 δικαίως
2183 973 2503 1045 ἐκολάσθης,
2532 974 2654 1027 τότε
2688 973 2747 1027 σὲ
2781 973 3108 1027 ἀπαλλάττω
3157 976 3261 1045 τῆς
3302 975 3599 1046 τιμωρίας.

1927 1062 2302 1116 Ἀκουέτωσαν
2324 1063 2373 1115 οί
2416 1062 2683 1132 Ἀνόμοιοι
2709 1061 2827 1124 πῶς
2857 1063 3159 1131 ἀγανακτεῖ
3202 1063 3604 1134 πολυπραγμο-

1916 1147 2173 1220 νούμενος
2213 1151 2242 1202 6
2287 1149 2440 1213 Θεός.
2494 1150 2558 1202 Ei
2600 1149 2657 1203 δὲ
2700 1150 2907 1212 ἐκεῖνος
2956 1151 3267 1220 ἀπιστήσας
3311 1153 3378 1222 τῇ
3427 1151 3599 1223 θνητῇ

1915 1238 2165 1307 γεννήσει
2204 1237 2512 1303 κολάζεται,
2562 1237 2627 1289 σὺ
2669 1237 2697 1289 6
2725 1236 2822 1307 τὴν
2866 1237 3177 1309 ἀπόρρητον
3208 1239 3302 1291 καὶ
3344 1238 3444 1308 τὴν
3486 1239 3601 1295 ἄνω

1916 1325 2417 1396 περιεργαζόμενος
2470 1324 2586 1388 πῶς
2633 1323 2904 1398 διαφεύξῃ
2947 1325 3258 1396 τιμωρίαν,
3301 1326 3439 1381 είπέ.
3472 1342 3598 1397 μοις

1928 1414 2169 1478 Ἐκεῖνος
2201 1414 2302 1467 οὑκ
2331 1414 2672 1485 ἀπεφήνατο,
2705 1411 2843 1466 ἀλλά
2871 1398 3063 1483 μαθεῖν
3088 1413 3343 1484 ἠθέλησε,
3376 1415 3471 1468 καὶ
3497 1415 3601 1469 οὐκ

1915 1500 2072 1573 ἔτυχε
2109 1501 2438 1572 συγγνώμης
2463 1518 2476 1533 ο
2512 1501 2576 1553 σὺ
2606 1500 2663 1553 δὲ
2692 1500 2720 1552 6
2762 1501 2857 1553 καὶ
2896 1499 3107 1556 είδέναι·
3131 1501 3601 1573 διισχυριζόμενος

1912 1590 1981 1643 τὰ
2009 1592 2174 1644 πᾶσιν
2206 1590 2412 1646 ἀθέατα
2456 1590 2551 1644 καὶ
2599 1588 2985 1660 ἀκατάληπτα,
3034 1588 3199 1647 ποίαν
3230 1589 3373 1654 ἕξεις
3397 1590 3598 1647 ἀπολο-

1914 1679 2072 1748 γίαν;
2100 1678 2225 1739 τίνα
2245 1679 2303 1732 δὲ
2343 1678 2443 1731 οὐκ
2471 1677 2755 1750 ἐπισπάσῃ
2784 1678 2926 1731 κατά
2953 1676 3155 1735 σαυτοῦ
3198 1679 3506 1750 τιμωρίαν;

1983 1774 2054 1838 γ’,
2072 1768 2211 1827 Ἀλλῗ
2242 1768 2289 1820 οί
2319 1768 2416 1839 μὲν
2445 1767 2574 1838 περὶ
2592 1768 2902 1838 γεννήσεως
2916 1766 3064 1835 λόγοι
3080 1768 3205 1830 τοὺς
3224 1769 3602 1838 προσήκοντας

1913 1855 2332 1927 ἀναμενέτωσαν
2361 1855 2585 1925 καιρούς
2605 1870 2619 1885 ο
2651 1854 2791 1919 τέως
2817 1855 2876 1908 δὲ
2909 1854 3015 1927 ὁδῷ
3042 1856 3348 1927 βαδίζωμεν
3379 1856 3472 1912 ἐπὶ
3493 1855 3594 1926 τὴν

1914 1944 2182 2016 προτέραν
2217 1944 2494 2008 ὑπόθεσιν,
2524 1939 2593 2015 ἦς
2622 1943 2813 2015 πρῴην
2842 1942 2912 1996 τὰ
2941 1943 3171 2014 λείψανα
3204 1943 3595 2014 κατελίπομεν,

1910 2033 2008 2103 τήν
2036 2032 2285 2104 ὀλεθρίαν
2310 2032 2585 2087 ἐκσπάσαι
2608 2032 2763 2102 ῥίζαν
2793 2031 3223 2102 ἐπιχειροῦντες,
3252 2031 3353 2103 τὴν
3377 2032 3600 2086 πάντων

1915 2121 2124 2193 μητέρα
2150 2120 2259 2173 τῶν
2298 2120 2501 2180 κακῶν,
2535 2121 2630 2173 καὶ
2669 2120 2793 2174 ὅθεν
2822 2121 3007 2183 αὐτοῖς
3036 2119 3106 2173 τὰ
3131 2119 3382 2190 δόγματα
3414 2118 3595 2173 ταῦτα

1910 2209 2231 2279 ἐϐλάστησε.
2260 2209 2397 2262 Ποία
2414 2208 2471 2261 δὲ
2500 2210 2542 2280 ή
2568 2208 2695 2276 ῥίζα
2722 2208 2833 2261 τῶν
2864 2206 3051 2262 κακῶν
3082 2207 3305 2263 πάντων
3333 2223 3348 2272 ;
3379 2207 3604 2261 Πιστεύ-

1912 2313 2041 2353 σατε
2060 2313 2073 2328 ·
2102 2295 2269 2367 φρίκη
2300 2313 2368 2365 με
2394 2296 2618 2366 κατέχει
2645 2294 2909 2367 μέλλοντα
2935 2294 3107 2366 αὐτὴν
3131 2294 3380 2348 ἐκλαλεῖν
3402 2311 3416 2325 ·
3451 2293 3598 2373 ὀκνῶ

1908 2383 2016 2456 γάρ
2043 2383 2131 2438 διά
2152 2381 2399 2455 γλώττης
2422 2384 2677 2455 ἐκφέρειν
2704 2383 2740 2438 ἀ
2784 2383 3082 2454 μελετῶσιν
3107 2384 3202 2437 ἐπὶ
3228 2384 3326 2453 τῆς
3353 2382 3599 2446 διανοίας

1909 2473 2105 2526 ἐκεῖνοι
2129 2471 2439 2535 διαπαντός.
2468 2472 2564 2535 Τίς
2588 2466 2681 2525 οὖν
2718 2472 2865 2525 ἐστιν
2892 2473 2925 2543 ή
2957 2472 3082 2542 ῥίζα
3108 2470 3316 2525 τούτων
3348 2470 3458 2523 τῶν
3494 2488 3600 2524 κα-

1909 2560 2052 2625 κῶν;
2103 2559 2432 2631 Ἐτόλμησεν
2480 2557 2766 2630 ἄνθρωπος
2815 2560 2990 2613 εἰπεῖν
3037 2560 3140 2626 ὅτι,
3188 2558 3321 2612 Θεὸν
3350 2554 3489 2621 οἶδα,
3521 2558 3599 2622 ὡς

1909 2647 2070 2713 αὐτὸς
2108 2648 2136 2702 ὁ
2176 2648 2308 2710 Θεὸς
2348 2648 2541 2701 ἐαυτὸν
2587 2644 2716 2701 οἶδε.
2761 2647 2948 2702 Ταῦτα
2992 2644 3086 2703 οὖν
3131 2647 3359 2717 ἐλέγχου
3403 2647 3596 2711 δεῖταις

1907 2736 2079 2791 ταῦτα
2104 2734 2460 2801 ἀποδείξεωςς
2491 2736 2591 2788 οὐκ
2617 2737 2776 2807 ἀρκεῖ
2821 2734 2958 2807 μόνη
2988 2737 3020 2806 ἡ
3053 2736 3307 2806 προφορά
3350 2734 3458 2788 τῶν
3508 2737 3602 2806 ρη-

1913 2824 2096 2895 μάτων
2123 2824 2294 2889 δεῖξαι
2326 2824 2505 2878 πᾶσαν
2534 2823 2714 2878 αὐτῶν
2750 2822 2849 2894 τήν
2880 2822 3172 2888 ἀσέϐειαν;
3208 2823 3318 2876 Καὶ
3352 2823 3464 2896 γάρ,
3495 2839 3601 2893 μα-

1907 2911 1998 2965 νία
2037 2911 2123 2975 τίς
2170 2913 2287 2965 ἐστι
2330 2910 2506 2965 ταῦτα
2541 2910 2740 2982 σαφὴς,
2782 2910 3138 2983 παραπληξία
3178 2910 3592 2980 ἀσύγγνωστος,

1909 2995 2220 3067 καινότερος
2245 2996 2503 3060 ἀσεϐείας
2536 2996 2736 3068 τρόπος
2755 3013 2769 3028 ·
2791 2996 2978 3059 οὐδεὶς·
2992 2995 3245 3050 τοιοῦτον
3269 2996 3421 3050 οὐδὲν
3437 2996 3593 3049 οὐδέ-

1909 3100 2042 3137 ποτε
2078 3082 2200 3136 οὔτε
2224 3085 2303 3147 είς
2321 3083 2446 3136 νοῦν
2476 3084 2754 3154 βαλέσθαι,
2776 3082 2900 3137 οὔτε
2925 3084 3013 3137 διὰ
3051 3085 3153 3155 τῆς
3192 3083 3439 3156 γλώττης
3463 3100 3599 3155 προ-

1908 3173 2151 3239 ενεγκεῖν
2179 3170 2497 3241 ἐτόλμησεν.
2536 3171 2838 3241 Ἐννόησον,
2862 3169 3012 3224 ἄθλιε
3033 3172 3127 3225 καὶ
3147 3171 3485 3245 ταλαίπωρε,
3512 3173 3599 3238 τίς

1906 3254 2084 3322 εἴρια).
2107 3256 2232 3311 τίνα
2255 3257 2595 3330 περιεργάζῃ
2610 3275 2623 3288 ·
2650 3257 2743 3312 ἄνθ
2754 3275 2935 3331 ρωπος
2958 3257 3032 3312 ὢν
3053 3258 3184 3313 Θεὸν
3206 3260 3599 3332 πολυπραγμο-

1907 3348 2055 3413 νεῖς;
2093 3346 2278 3417 Ἀρκεῖ
2297 3346 2404 3418 γὰρ
2433 3347 2502 3401 τά
2538 3346 2779 3418 ὀνόματα
2816 3345 2946 3416 ψιλά
2971 3347 3070 3417 τῆς
3090 3347 3274 3411 ἀνοίας
3302 3347 3465 3412 δεῖξαι
3496 3348 3598 3419 τήν

1910 3432 2235 3505 ὑπερϐολὴν,
2263 3434 2357 3488 ἄνθ
2368 3452 2546 3506 ρωπος
2569 3435 2640 3506 γῆ
2672 3434 2766 3489 καὶ
2803 3435 2994 3498 σποδὸς
3016 3435 3298 3507 ὑπάρχων,
3343 3434 3478 3508 σὰρξ
3497 3436 3596 3492 καὶ

1909 3518 2082 3593 αἷμα,
2126 3521 2319 3593 χόρτος
2358 3522 2452 3575 καὶ
2483 3521 2642 3586 ἄνθος
2685 3522 2902 3595 χόρτου,
2950 3524 3076 3576 σκιά
3115 3525 3211 3577 καὶ
3246 3524 3452 3589 καπνὸς
3497 3524 3596 3579 καὶ

1913 3609 2230 3681 ματαιότης,
2248 3609 2344 3662 καὶ
2371 3608 2497 3662 εἴτι
2524 3610 2730 3683 τούτων
2750 3610 3139 3683 ἀδρανέστερον
3160 3610 3255 3665 καὶ
3281 3612 3596 3666 εὐτελέστε-

1914 3713 2023 3767 ρον.
2064 3697 2175 3750 Καὶ
2213 3696 2288 3766 μὴ
2316 3696 2579 3769 νομίσητε
2607 3697 2945 3769 κατηγορίαν
2969 3693 3107 3752 εἶναι
3147 3699 3247 3769 τῆς
3288 3698 3502 3769 φύσεως
3528 3702 3597 3757 τά

1909 3783 2179 3853 λεγόμενα
2206 3799 2219 3811 ·
2243 3783 2364 3838 οὐδέ
2402 3783 2511 3856 γὰρ
2550 3784 2660 3853 ἐγὼ
2688 3784 2861 3838 ταῦτα
2891 3785 3055 3855 λέγω,
3098 3785 3213 3839 ἀλλ’
3243 3787 3293 3839 οἱ
3320 3788 3598 3859 προφῆται

1911 3870 2085 3926 ταῦτα
2127 3872 2526 3943 φιλοσοφοῦσιν,
2575 3873 2676 3928 οὐκ
2720 3874 3076 3944 ἀτιμάζοντες
3118 3874 3278 3947 ήμῶν
3314 3875 3376 3928 τὸ
3417 3877 3592 3946 γένος,

1911 3963 2045 4019 ἀλλά
2071 3963 2518 4028 καταστέλλοντες
2537 3965 2644 4019 τῶν
2665 3966 2904 4036 ἀνοήτων
2934 3965 2994 4019 τὸ
3021 3966 3285 4037 φύσημα.ο
3320 3968 3421 4021 οὐκ
3446 3968 3598 4033 ἐξευ-

1910 4054 2211 4118 τελίζοντες
2249 4054 2405 4126 ήμῶν
2436 4055 2532 4126 τήν
2561 4054 2743 4125 φύσιν,
2775 4054 2910 4120 ἀλλὰ
2932 4057 3316 4121 ταπεινοῦντες
3340 4057 3447 4112 τῶν
3473 4077 3597 4129 μαι-

1910 4143 2153 4214 νομένων
2206 4142 2304 4209 τὴν
2350 4143 2630 4197 ἀπόνοιαν.
2676 4144 2739 4196 EE
2780 4143 2889 4214 γὰρ
2941 4144 3180 4197 τοσαῦτα
3230 4145 3326 4199 καὶ
3376 4144 3599 4199 τοιαῦτα

1912 4234 2214 4306 εἰρηκότων
2250 4232 2400 4307 [456]
2449 4234 2672 4289 ἐκείνων
2718 4237 2870 4306 ὅμως
2900 4235 3179 4306 ἐφάνησάν
3216 4253 3363 4300 τινες
3405 4237 3453 4289 οί
3499 4234 3595 4290 τοῦ

1911 4323 2159 4377 διαϐόλου
2183 4323 2282 4395 τὴν
2315 4323 2720 4395 μεγαληγορίαν
2753 4325 3094 4395 νικήσαντες,
3117 4328 3166 4378 εί
3194 4325 3361 4396 μηδὲν
3387 4324 3596 4378 τούτων

1912 4414 2120 4486 εἴρητο,
2154 4412 2256 4467 ποῦ
2277 4415 2376 4468 οὐκ
2401 4412 2467 4467 ἂν
2500 4413 2852 4478 ὲξελὰκτισαν
2875 4413 3307 4486 ἀπονοίαςιείπέ
3358 4431 3471 4485 μοι.
3531 4414 3596 4467 El

1912 4504 2093 4573 ἔχουσι
2119 4501 2181 4556 τὸ
2204 4502 2496 4573 φάρμακον
2523 4502 2870 4572 ἐπικείμενον
2913 4504 3005 4556 καὶ
3044 4501 3126 4563 ἔτι
3158 4502 3594 4573 φλεγμαίνουσι,

1912 4592 2015 4647 ποῦ
2057 4593 2158 4646 οὐκ
2196 4592 2261 4646 ἂν
2287 4593 2453 4660 δγκου
2481 4592 2576 4645 καὶ
2613 4591 2871 4657 ἀπονοίας
2907 4590 3322 4664 ἐξεφυσήθησαν
3353 4591 3403 4657 ἀ,
3438 4592 3488 4644 εί
3522 4591 3596 4662 μὴ

1910 4680 2147 4736 τοσαῦτα
2175 4682 2269 4735 καὶ
2298 4680 2521 4734 τοιαῦτα
2560 4681 2913 4751 ἀπεφήναντο
2954 4681 3085 4752 περ)⁵
3118 4681 3216 4751 τῆς
3247 4679 3465 4749 φύσεως
3497 4680 3597 4750 τῆς

1909 4768 2257 4839 ἀνθρωπίνης
2290 4769 2523 4833 ἐκεῖνοι;
2575 4769 2846 4820 Ἀκουσον
2871 4767 3003 4837 γοῦν
3034 4767 3086 4820 τί
3116 4784 3281 4837 φησιν
3321 4769 3349 4820 6
3390 4767 3597 4828 δίκαιος

1912 4855 2262 4927 πατριάρχης
2311 4854 2439 4925 περὶ
2473 4855 2666 4909 ἑαυτοῦ
2688 4871 2704 4887 ο
2741 4853 2883 4924 Ἐγὼ
2925 4853 2993 4908 δέ
3038 4857 3155 4923 ειμι
3200 4853 3277 4924 τῆ
3308 4853 3409 4907 καί
3440 4868 3596 4906 σπο-

1909 4940 2037 5008 δός.
2069 4941 2188 5013 Θεῷ
2213 4942 2503 5011 διελέγετο,
2528 4943 2624 4997 καὶ
2650 4943 2753 4996 οὐκ
2776 4942 2979 5014 ἐπῆρεν
3015 4941 3177 4995 αὑτὸν
3209 4941 3243 5011 ἡ
3274 4939 3557 5012 παρρησία
3577 4956 3591 4970 ο

1910 5027 2050 5102 αῦτη
2087 5030 2185 5099 μὲν
2223 5023 2338 5094 οὖν,
2385 5028 2524 5099 αὕτη
2559 5028 2873 5101 μετριάζειν
2904 5029 3065 5083 αὑτὸν
3091 5026 3398 5082 ἀνέπειθεν.
3434 5019 3595 5080 Οὗτοι

1908 5116 1965 5170 δὲ
1993 5116 2115 5170 οὐδέ
2134 5117 2233 5186 τῆς
2266 5119 2425 5181 σκιᾶς
2448 5117 2602 5182 ὄντες
2624 5118 2763 5182 ἄξιοι
2803 5118 2899 5189 τῆς
2933 5116 3169 5180 ἐκείνου,
3210 5113 3319 5169 τῶν
3345 5115 3595 5185 ἀγγέλων

1909 5202 2089 5256 αὐτῶν
2132 5204 2351 5274 μείζους
2385 5206 2619 5277 ἑαυτοὺς
2649 5201 2790 5258 εἶναι
2819 5204 3155 5274 νομίζουσιν,
3190 5203 3330 5275 ὅπερ
3358 5201 3596 5275 ἐσχάτης

1909 5290 2026 5344 ἐστὶ
2061 5292 2258 5363 μανίας
2299 5291 2591 5358 ἀπόδειξις.
2623 5292 2776 5353 Θεὸν,
2813 5293 2934 5345 εἰπέ
2970 5310 3081 5364 μοι,
3114 5289 3455 5364 περιεργάζῃ
3499 5291 3594 5345 τὸν

1907 5378 2159 5450 ἄναρχον,
2196 5379 2286 5433 τὸν
2312 5379 2691 5443 ἀναλλοίωτον,
2714 5381 2803 5435 τὸν
2824 5379 3138 5451 ἀσώματον,
3171 5380 3261 5434 τὸν
3290 5379 3591 5450 ἄφθαρτον,

1906 5469 1997 5522 τὸν
2016 5471 2283 5539 πανταχοῦ
2313 5470 2576 5544 παρόντα,
2592 5472 2686 5525 καὶ
2715 5472 2891 5526 πάντα
2916 5472 3313 5544 ὑπερϐαίνοντα
3330 5473 3425 5526 καὶ
3448 5472 3593 5532 ἀνω-

1905 5554 2049 5627 τέρω
2076 5557 2174 5626 τῆς
2207 5556 2436 5622 κτίσεως
2464 5559 2683 5629 ἀπάσης
2708 5559 2858 5613 ὄντα.
2900 5561 3166 5615 ’Ἄκουσον
3194 5560 3247 5614 τί
3277 5560 3594 5631 φιλοσοφοῦσ

1908 5660 1992 5697 σιν
2008 5646 2056 5697 οί
2077 5644 2357 5716 προφῆται
2376 5646 2503 5717 περὶ
2526 5646 2713 5713 αὑτοῦ,
2733 5649 2826 5701 καὶ
2851 5647 3136 5722 φοϐήθητι·
3175 5649 3238 5703 '0
3255 5648 3595 5704 ἐπιϐλέπων

1920 5862 1941 5877 ’
1968 5848 1993 5886 ά
2025 5846 2121 5898 Alii
2151 5848 2469 5914 ἐμισήθησαν.
