3918 6414
370 368 473 422 Ἰιὸ

361 490 468 531 tam
487 484 698 534 terram
721 479 1023 536 concussit.
1044 482 1148 548 Qui
1170 485 1339 554 tangit
1366 497 1586 552 montes,
1604 497 1654 542 et
1673 489 1935 559 fumigant

359 573 375 638 ζ
385 569 549 642 Ibid.)
569 586 588 624 :
605 573 698 641 qui
711 576 939 627 concutit
953 584 1152 628 terram
1170 593 1200 628 a
1218 576 1660 645 fundamentis,et
1681 583 1938 636 columna:

353 665 466 732 ejus
483 675 701 719 nutant:
717 668 805 736 qui
823 671 1056 720 minatur
1070 671 1228 732 ntari,
1246 682 1295 725 et
1313 675 1476 725 siccat
1495 674 1630 727 illud
1660 674 1780 746 (Job
1799 675 1934 746 9.6):

357 756 459 822 Qui
478 757 608 810 dicit
624 757 1178 827 abysso.Desolaberis
1197 761 1551 831 (Isa.H.27);
1573 765 1721 821 Mare
1738 767 1942 832 vidit,et

354 846 514 915 fugit;
534 844 794 902 Jordanis
817 866 1096 905 conversus
1118 862 1195 906 est
1213 864 1526 909 retrorsum:
1545 867 1745 911 montes
1761 858 1943 912 exsul-

353 946 594 992 taverunt
611 939 751 993 sicut
768 942 979 1004 arietes,
1004 953 1052 997 et
1078 945 1238 1000 colles
1255 947 1393 1000 sicut
1417 949 1540 1018 agni
1561 948 1733 1002 ouium
1759 949 1932 1020 (Psal.

356 1031 615 1100 “5.5.4).
634 1031 825 1088 Omnis
846 1043 1097 1092 creatura
1121 1047 1389 1107 movetur,
1415 1043 1628 1108 metuit,
1648 1042 1946 1096 contremi-

353 1121 478 1176 scit:
494 1123 548 1176 hi
563 1125 666 1178 soli
693 1125 1026 1196 despiciunt,
1047 1131 1348 1201 negligunt,
1369 1133 1600 1188 salutem
1618 1148 1771 1188 suam
1790 1131 1947 1199 parvi

353 1212 591 1269 iaciunt:
611 1231 720 1272 non
733 1219 877 1273 enim
897 1222 1444 1288 dixerim,Dominum
1459 1228 1728 1282 omnium.
1753 1226 1941 1298 Nuper

352 1321 450 1362 eos
466 1323 496 1361 a
520 1323 882 1379 supernarum
908 1311 1188 1369 Virtutum
1213 1319 1465 1387 exemplo
1487 1318 1941 1387 admonebamus,

352 1399 950 1474 angelis,archangelis,
965 1405 1261 1461 Cherubim
1277 1415 1330 1462 et
1346 1405 1654 1479 Seraphim,
1682 1426 1830 1467 nunc
1850 1426 1944 1467 ve-

358 1505 424 1544 ro
434 1490 503 1544 ab
518 1491 823 1548 insensibili
841 1503 1093 1551 creatura
1115 1515 1129 1552 :
1147 1513 1326 1567 neque
1343 1509 1524 1554 tamen
1538 1500 1618 1555 sic
1635 1500 1946 1558 afﬁciuntur

352 1582 579 1652 pudore.
621 1585 818 1642 Annon
852 1589 1007 1644 vides
1032 1589 1138 1644 hoc
1171 1593 1366 1646 caelum
1391 1630 1407 1655 ,
1437 1607 1598 1663 quam
1628 1593 1943 1663 pulchrum,

356 1689 520 1743 quam
543 1691 826 1747 magnum,
850 1695 1014 1750 quam
1035 1684 1191 1738 vario
1216 1683 1385 1738 choro
1415 1685 1698 1739 stellarum
1713 1699 1948 1740 corona-

353 1773 495 1820 tum:
517 1777 784 1838 quantum
809 1775 1072 1842 temporis
1091 1775 1400 1830 duraverit?
1416 1775 1546 1832 Plus
1565 1777 1808 1847 quinque
1826 1777 1942 1834 mil-

353 1859 499 1915 libus
518 1863 678 1917 annis
701 1865 877 1928 stetit,
893 1876 945 1919 et
963 1865 1300 1922 diuturnitas
1320 1869 1582 1938 temporis
1598 1869 1804 1924 nullam
1825 1870 1930 1940 ipsi

359 1955 687 2000 senectutem
714 1946 914 2003 invexit
941 1966 956 2004 :
986 1949 1082 2004 sed
1107 1950 1244 2005 sicut
1264 1966 1461 2020 corpus
1487 1952 1726 2021 juvenile
1755 1961 1810 2008 et
1853 1969 1940 2007 ro-

356 2036 573 2090 buetum
608 2037 794 2094 ﬂorem
815 2040 987 2095 astatis
1016 2039 1363 2111 vigoremque
1385 2052 1596 2110 servat;
1625 2043 1697 2097 ita
1737 2054 1794 2098 et
1835 2058 1941 2099 ca:-

359 2127 488 2194 lum,
520 2144 678 2199 quam
717 2130 786 2184 ab
831 2131 980 2186 initio
1026 2132 1210 2188 habuit
1233 2134 1687 2203 pulchritudinem
1717 2149 1938 2192 conser-

358 2221 522 2288 vavit,
554 2236 652 2276 nec
666 2224 922 2292 temporis
949 2223 1300 2281 diuturnitate
1326 2226 1593 2281 ullatenus
1620 2227 1939 2283 imbecillius

358 2313 563 2366 evasit:
593 2312 690 2368 sed
717 2313 846 2368 illud
873 2314 944 2370 ita
990 2315 1272 2385 pulchrum
1293 2358 1308 2384 ,
1369 2333 1619 2387 maguum
1647 2360 1662 2384 ,
1714 2319 1894 2373 lzetum
1919 2361 1934 2386 ,

355 2405 527 2460 stellis
549 2414 820 2473 ornatum,
839 2418 1172 2478 perpetuum,
1199 2410 1398 2466 tamdiu
1420 2411 1740 2478 consistens,
1769 2412 1932 2479 Deus,

354 2509 514 2563 quem
545 2504 598 2549 tu
626 2496 838 2552 curiose
865 2499 1154 2564 scrutaris,
1203 2511 1253 2555 et
1282 2501 1688 2556 ratiociniorum
1717 2510 1932 2556 tuorum

354 2586 608 2643 limitibus
631 2588 852 2658 subjicis
872 2631 887 2656 ,
921 2591 990 2645 ita
1022 2591 1175 2648 facile
1199 2593 1458 2660 condidit,
1483 2609 1546 2650 ae
1569 2596 1613 2649 si
1634 2596 1754 2666 quis
1779 2604 1936 2666 tugu-

353 2677 492 2732 rium
512 2678 704 2735 lu'dens
728 2692 1061 2738 consumeret
1087 2701 1100 2737 :
1131 2700 1287 2753 quam
1329 2701 1441 2740 rem
1464 2686 1543 2742 sic
1570 2687 1808 2743 declarat
1833 2689 1936 2743 isa-

354 2770 434 2825 ias
463 2771 716 2841 prapbeta
744 2789 758 2826 :
794 2772 895 2839 Qui
919 2778 1094 2830 statuit
1113 2778 1291 2831 caelum
1313 2781 1442 2834 sicut
1461 2797 1734 2847 cameram,
1767 2792 1816 2838 et
1850 2791 1939 2838 eat-

352 2861 512 2916 tendit
537 2863 665 2917 illud
688 2865 818 2918 sicut
835 2867 1214 2923 tabernaculum
1240 2887 1392 2941 super
1432 2881 1618 2926 terram
1643 2872 1798 2943 (Isai.
1839 2874 1932 2930 40.

359 2953 475 3024 22).
500 2955 664 3012 Visne
708 2967 904 3014 terram
931 2976 1142 3031 quoque
1170 2964 1399 3019 intueri?
1425 2964 1566 3022 hanc
1597 2968 1757 3022 etiam
1780 2969 1934 3038 quasi

351 3046 482 3101 nihil
510 3046 654 3104 fecit.
681 3049 811 3104 Nam
843 3050 911 3106 de
941 3052 1032 3106 illo
1051 3054 1266 3123 quidem
1291 3055 1401 3110 ait:
1439 3055 1539 3123 Qui
1560 3058 1732 3112 statuit
1756 3059 1937 3113 ca'lnnt

352 3139 482 3191 sicut
502 3155 771 3204 cameram,
801 3149 848 3196 et
871 3144 1093 3198 extendit
1129 3145 1260 3200 illud
1304 3147 1436 3201 sicut
1459 3149 1839 3203 tabernaculum
1881 3152 1936 3206 in

360 3229 772 3302 deserto(lbid.)
801 3250 816 3287 :
846 3233 915 3288 de
972 3235 1071 3291 hac
1124 3251 1274 3302 vero,
1325 3239 1424 3303 Qui
1473 3241 1692 3294 continet
1751 3258 1936 3312 gyrum

350 3330 516 3385 terra,
544 3322 629 3394 qui
667 3323 783 3392 fecit
845 3333 1030 3379 terram
1090 3328 1235 3398 quasi
1277 3329 1426 3385 nihil.
1480 3330 1711 3386 Videsne
1740 3333 1756 3364 ¹
1799 3348 1933 3402 quo-

350 3413 511 3467 modo
539 3414 666 3469 nihil
693 3414 890 3471 dixerit
922 3427 1124 3472 tantum
1169 3410 1382 3490 tamque
1409 3423 1595 3492 ingens
1621 3424 1863 3493 corpus?

420 3503 475 3559 ι.
514 3506 698 3576 Cogita
727 3517 980 3576 quantam
1025 3511 1284 3565 montium
1310 3512 1542 3578 molem,
1593 3524 1725 3584 quot
1763 3515 1938 3571 homi-

350 3610 477 3648 num
507 3597 786 3664 nationes,
829 3607 961 3669 quot
1005 3600 1304 3670 plantarum
1334 3604 1646 3660 varietatem
1674 3615 1728 3661 et
1756 3608 1931 3663 altitu-

347 3685 561 3751 dinem,
603 3693 734 3758 quot
761 3689 944 3757 urbes,
982 3699 1117 3762 quot
1139 3691 1486 3749 :editiciorum
1515 3697 1930 3766 magnitudines,

345 3786 480 3848 quot
507 3780 932 3851 quadrupedum,
962 3782 1218 3851 ferarum,
1247 3788 1520 3856 reptilium
1547 3804 1743 3859 genera
1770 3790 1933 3846 dorso

345 3884 452 3925 suo
482 3870 732 3926 sustinet.
764 3873 1013 3929 Attamen
1042 3876 1187 3931 illam
1219 3878 1381 3934 talem
1417 3887 1724 3951 tantamque
1750 3883 1820 3937 ita
1851 3881 1933 3937 fa-

345 3959 451 4015 cile
472 3961 728 4030 condidit,
759 3973 818 4018 ut
841 3965 1119 4036 propheta,
1149 3982 1271 4023 cum
1295 3977 1454 4024 tantae
1469 3970 1738 4027 facilitatis
1757 3989 1936 4029 exem-

345 4051 491 4122 plum
515 4069 622 4109 non
652 4054 894 4124 haberet,
927 4058 1124 4115 dixerit
1165 4075 1288 4117 eum
1321 4062 1515 4120 fecisse
1557 4073 1752 4120 terram
1780 4061 1932 4136 quasi

344 4145 496 4198 nihil.
524 4145 659 4201 Cum
687 4149 832 4204 enim
850 4150 1140 4207 visibilium
1167 4155 1484 4226 magnitudo
1508 4165 1563 4211 et
1587 4157 1930 4227 pulchritudo

343 4251 452 4292 non
476 4239 608 4293 satis
631 4249 776 4296 esset
800 4242 866 4297 ad
895 4241 1167 4300 Creatoris
1199 4249 1491 4317 potentiam
1522 4250 1923 4320 declarandam,

343 4327 440 4382 sed
467 4331 634 4384 multo
663 4331 952 4390 intervallo
991 4338 1174 4406 procul
1201 4349 1345 4394 esset
1384 4355 1413 4393 a
1464 4342 1827 4412 magnitudine
1875 4353 1930 4400 et

341 4416 538 4475 robore
561 4419 678 4490 ejus
695 4422 796 4491 (qui
821 4422 933 4493 ipsa
961 4425 1296 4495 condiderat,
1329 4430 1490 4485 alium
1509 4432 1782 4502 prOpheta:
1807 4449 1928 4489 mo-

340 4511 469 4566 dum
496 4511 839 4584 invenerunt,
864 4533 972 4586 quo
997 4533 1096 4589 pro
1125 4519 1376 4578 facultate
1418 4537 1512 4578 sua
1556 4535 1780 4596 possent
1831 4527 1929 4582 ali-

338 4601 467 4670 quid
506 4605 740 4673 amplius
780 4605 849 4662 de
879 4607 974 4663 Dei
1017 4612 1257 4679 potentia
1303 4613 1595 4670 declarare.
1645 4616 1926 4685 Quodnam

341 4690 510 4746 illud?
538 4692 605 4749 Ut
635 4709 740 4750 non
773 4697 934 4752 modo
961 4709 1258 4755 creatarum
1289 4718 1467 4758 rerum
1499 4707 1924 4776 magnitudinem

337 4793 698 4851 expellerent,
729 4786 822 4842 sed
847 4789 1006 4843 etiam
1048 4790 1263 4846 modum
1311 4795 1602 4850 creationis
1649 4796 1921 4865 efferrent,

338 4882 399 4927 ut
417 4889 484 4928 ex
513 4883 736 4945 utraque
756 4887 928 4948 parte,
949 4894 1070 4934 cum
1093 4897 1157 4937 ex
1181 4884 1544 4954 magnitudine
1564 4888 1920 4959 cpiliciorum,

341 4975 455 5021 tum
476 4983 543 5023 ex
569 4970 856 5026 creationis
877 4971 1132 5030 facilitate
1154 4993 1250 5047 pro
1275 4989 1432 5050 captu
1477 4991 1664 5038 nostro
1705 4983 1921 5056 dignam

336 5059 605 5129 possimus
629 5060 699 5117 de
729 5065 959 5132 potentia
993 5067 1087 5123 Dei
1117 5070 1357 5126 notitiam
1386 5075 1650 5144 accipere.
1697 5076 1774 5132 Ne
1821 5078 1922 5133 ita-

333 5164 438 5219 que
458 5149 794 5218 opillciorum
826 5158 1244 5226 magnitudinem
1287 5155 1489 5218 tantum
1520 5167 1789 5236 explores,
1825 5169 1920 5225 sed

331 5241 497 5296 etiam
532 5245 828 5301 'coudentis
875 5247 1203 5306 facilitatem.
1249 5253 1432 5326 Neque
1467 5260 1638 5313 solum
1683 5261 1735 5314 in
1777 5271 1919 5318 terra

332 5331 438 5388 hoc
467 5332 908 5405 deprehenditur,
944 5335 1038 5394 sed
1069 5351 1124 5395 et
1150 5341 1202 5396 in
1231 5344 1344 5413 ipsa
1381 5346 1654 5404 hominum
1683 5361 1867 5406 natura
1899 5370 1913 5406 :

333 5424 499 5481 modo
520 5428 666 5482 enim
695 5430 790 5496 ait,
818 5430 917 5497 Qui
943 5435 1160 5486 continet
1178 5451 1359 5505 gyrum
1380 5447 1543 5506 terra’,
1567 5451 1613 5495 et
1635 5440 1916 5499 habitantes

331 5517 386 5570 in
413 5533 475 5572 ea
499 5519 647 5589 quasi
671 5519 888 5575 locustas
909 5522 1063 5595 (Isai.
1093 5525 1181 5581 40.
1210 5527 1349 5598 22);
1382 5531 1558 5596 modo,
1597 5533 1759 5600 Quasi
1777 5536 1915 5589 stilla

332 5608 501 5664 situla:
545 5626 720 5665 omnes
761 5623 932 5680 gentes
961 5617 1013 5669 in
1041 5629 1308 5687 conspectu
1345 5622 1455 5690 ejus
1494 5621 1652 5692 (Ibid.
1684 5641 1732 5679 υ.
1780 5627 1847 5682 15
1869 5628 1910 5698 ).

396 5768 412 5798 ¹
452 5773 522 5839 sic
555 5769 698 5839 savii.
725 5776 777 5820 et
815 5773 1007 5839 quidam
1174 5783 1222 5839 tn
1246 5777 1407 5830 Morel.
1422 5794 1537 5834 vero
1565 5792 1615 5835 (ιι
1660 5784 1764 5836 aliis
1811 5787 1915 5839 haec

333 5827 526 5894 desunt,
551 5831 744 5884 videsne
765 5827 1001 5898 quomodo
1023 5835 1143 5887 nihil
1167 5838 1386 5890 dixerit?

1290 369 1374 426 DE
1415 355 2092 422 lNCOMPREllENSIBlLl
2128 356 2236 410 DEI
2274 355 2578 412 NATURA.
2608 356 2669 412 ll.

2006 487 2010 490 '
2062 475 2141 532 Ne
2166 489 2340 529 minus
2360 475 2694 530 considerate
2721 474 2818 529 hoc
2840 474 3040 528 dictum
3070 484 3376 545 prmtercas,
3425 477 3518 530 sed
3548 493 3637 529 ex-

3533 358 3635 416 'IM

2049 577 2171 622 cute
2211 576 2264 622 et
2316 567 2534 636 explora
2561 587 2574 621 :
2604 576 2788 636 repete
2817 584 3003 622 omnes
3030 579 3218 638 gentes
3239 611 3253 630 ,
3277 569 3441 640 Syros
3467 571 3507 633 ‘,
3552 569 3635 623 Ci-

2056 658 2206 719 lices,
2241 655 2606 726 Cappadoces,
2640 657 2916 729 Bithynos,
2950 658 3146 712 Euxini
3186 658 3341 712 Ponti
3390 659 3593 713 incolas
3617 699 3636 725 ,

2051 748 2356 812 Thraciam,
2385 747 2767 810 Macedoniam.
2797 747 3058 803 Graeciam
3085 765 3296 804 onmem
3323 759 3377 803 et
3411 749 3631 810 insulas.

2051 839 2232 909 Italos,
2261 855 2354 895 eos
2379 840 2468 910 qui
2501 848 2624 896 sunt
2643 854 2800 910 supra
2829 840 3192 896 continentem
3239 850 3474 895 nostram
3500 883 3517 905 ,
3544 857 3636 896 eos

2049 935 2138 1004 qui
2167 936 2220 989 in
2247 935 2436 989 insulis
2457 935 2798 1003 Britannicis,
2826 935 3193 1003 Sauromatas,
3215 936 3396 1004 Indos,
3420 938 3632 1002 Persas,

2048 1026 2286 1096 aliasque
2315 1027 2625 1082 innumeras
2650 1037 2836 1097 gentes
2858 1039 2912 1082 et
2937 1028 3179 1083 nationes
3203 1045 3427 1099 quarum
3452 1044 3519 1084 ne
3542 1043 3634 1083 no.

2048 1117 2192 1172 mina
2219 1116 2432 1187 quidem
2459 1119 2724 1173 novimus.
2754 1119 2956 1176 Verum
2989 1119 3072 1174 hae
3097 1119 3282 1176 Omnes
3310 1130 3478 1192 gentes
3498 1139 3628 1192 qua-

2046 1208 2092 1262 si
2117 1208 2257 1262 stilla
2284 1208 2469 1275 situlce,
2498 1209 2694 1279 inquit,
2731 1210 2786 1264 in
2813 1221 3080 1281 conspectu
3119 1219 3249 1282 ejus.
3293 1213 3464 1279 Quota
3507 1228 3630 1282 pars

2046 1313 2106 1354 es
2145 1299 2258 1368 ejus
2279 1299 2436 1355 stilla:
2463 1307 2538 1364 tu,
2567 1300 2655 1370 qui
2679 1300 2851 1356 Deum
2881 1303 3137 1358 scrutaris
3175 1303 3260 1359 cui
3287 1319 3471 1359 omnes
3497 1320 3632 1375 gen-

2049 1398 2128 1445 tes
2153 1391 2303 1460 quasi
2359 1391 2498 1445 stilla
2525 1391 2738 1448 situlus?
2791 1393 2992 1463 Ecquid
3043 1402 3253 1463 oportet
3300 1395 3368 1451 de
3395 1395 3529 1450 caelo
3581 1406 3638 1450 et

2047 1489 2188 1537 terra
2245 1481 2472 1546 dicere,
2530 1482 2600 1539 de
2647 1483 2804 1548 mari,
2857 1483 3031 1555 deque
3074 1485 3349 1540 hominum
3402 1488 3634 1540 natura?

2045 1573 2415 1629 Ascendamus
2454 1574 2506 1628 in
2535 1574 2724 1629 caelum
2756 1575 2957 1642 verbo,
2986 1578 3309 1647 angelosque
3342 1577 3629 1640 adeamus;

2045 1667 2192 1722 scitis
2216 1668 2357 1722 enim
2383 1668 2465 1721 vel
2492 1681 2654 1722 unum
2682 1669 2926 1738 angelum
2950 1686 3134 1740 parem
3155 1686 3276 1727 esse
3317 1671 3410 1725 toti
3439 1671 3639 1724 visibilis

2045 1767 2326 1825 creaturis,
2354 1760 2462 1814 imo
2479 1761 2637 1830 longe
2666 1763 3112 1831 prazstantiorem.
3141 1763 3272 1817 Nam
3299 1764 3344 1818 si
3397 1763 3481 1818 vel
3526 1780 3633 1817 uno

2051 1849 2432 1920 hominejusto
2458 1861 2598 1906 totus
2627 1852 2856 1908 mundus
2885 1852 3077 1923 dignus
3115 1869 3218 1908 non
3246 1856 3333 1920 sit,
3353 1855 3624 1909 utPaulus

2046 1945 2282 2000 ostendit
2322 1945 2406 2000 his
2444 1945 2643 2010 verbis,
2682 1946 2875 2012 Quibus
2916 1947 3098 2018 dignus
3118 1964 3219 2001 non
3266 1957 3372 2001 erat
3411 1947 3633 2001 mundus

2047 2036 2231 2110 (Hebr.
2258 2039 2344 2093 ll.
2361 2042 2468 2104 58').
2493 2037 2662 2092 multo
2687 2038 2866 2092 minus
2889 2039 3078 2109 angelo
3107 2039 3301 2109 dignus
3319 2039 3422 2092 erit
3453 2057 3465 2091 :
3523 2053 3623 2092 an-

2044 2131 2148 2200 geli
2174 2131 2371 2201 quippe
2391 2131 2558 2186 multo
2586 2132 2986 2201 praestantiores
3011 2140 3136 2186 sunt
3151 2132 3331 2202 justis.
3383 2133 3631 2186 Altamen

2043 2223 2232 2278 decem
2262 2223 2458 2277 millies
2483 2223 2620 2279 dena
2670 2224 2834 2278 millia
2880 2225 3191 2294 angelorum
3229 2239 3440 2279 sursum
3484 2232 3628 2290 sunt,

2043 2323 2100 2370 et
2124 2315 2289 2369 millia
2316 2315 2541 2370 millium
2591 2315 3070 2386 archangelorum;
3117 2317 3349 2387 itemque
3389 2316 3629 2382 Throni,

2044 2407 2465 2474 nominationes,
2499 2408 2832 2479 Principatus
2859 2418 2914 2464 et
2939 2410 3260 2474 Potestates,
3283 2417 3443 2479 atque
3473 2411 3631 2463 innu-

2043 2499 2180 2554 meri
2224 2499 2660 2569 incorporearum
2692 2500 2957 2555 Virtutum
2999 2501 3180 2570 populi
3206 2500 3480 2569 tribusque
3533 2500 3620 2554 in-

2043 2590 2412 2646 enarrabiles:
2445 2604 2738 2662 omnesque
2764 2593 2882 2646 illas
2909 2591 3142 2647 Virtutes
3165 2607 3285 2646 cum
3317 2600 3460 2646 tanta
3493 2590 3628 2646 iaci-

2042 2682 2194 2738 litate
2240 2682 2500 2749 condidit,
2548 2693 2744 2754 quanta
2791 2685 2968 2739 nullus
3013 2699 3192 2740 sermo
3241 2693 3413 2755 potest
3454 2685 3630 2755 expri-

2042 2789 2212 2830 mere.
2242 2772 2385 2830 Satis
2413 2775 2556 2830 enim
2580 2775 2652 2830 illi
2676 2775 2776 2830 fuit
2801 2785 2860 2830 ut
2886 2777 3068 2842 vellet,
3100 2787 3154 2832 et
3184 2779 3320 2832 sicut
3343 2778 3481 2846 apud
3530 2791 3629 2832 nos

2044 2867 2288 2922 voluntas
2314 2865 2446 2923 nihil
2473 2867 2670 2922 laboris
2697 2867 2870 2934 affert,
2904 2870 2981 2922 sic
3009 2869 3157 2922 nullo
3186 2870 3300 2938 ipse
3326 2868 3512 2923 labore
3550 2877 3626 2922 tot

2045 2965 2326 3027 tantasque
2351 2957 2586 3014 Virtutes
2607 2957 2867 3013 condidit.
2891 2959 3043 3026 Quod
3070 2959 3348 3013 declarans
3371 2959 3626 3028 propheta

2040 3046 2270 3113 dicebat,
2297 3049 2485 3102 Omnia
2524 3063 2849 3118 quascumque
2873 3049 3027 3102 uoluit
3058 3049 3174 3117 fecit
3220 3049 3274 3102 in
3315 3048 3440 3102 caelo
3483 3058 3529 3101 et
3572 3049 3626 3101 in

2042 3146 2178 3194 terra
2211 3136 2383 3209 (Psal.
2413 3139 2534 3193 134.
2558 3138 2638 3207 6).
2670 3138 2858 3194 Viden'
2886 3154 2990 3192 non
3039 3139 3106 3194 ad
3145 3149 3476 3195 terrenarum
3506 3148 3625 3194 tan-

2041 3235 2152 3282 tum
2183 3243 2360 3283 rerum
2391 3229 2737 3294 creationem,
2770 3230 2863 3284 sed
2889 3229 3048 3284 etiam
3079 3229 3146 3284 ad
3187 3229 3512 3286 creationem
3540 3246 3627 3285 sn-

2040 3333 2328 3388 pernarum
2371 3317 2637 3374 Virtutum
2681 3321 2811 3374 satis
2859 3320 3021 3375 fuisse
3071 3321 3211 3376 illius
3260 3322 3629 3375 voluntatem?

2039 3409 2167 3464 Haec
2183 3425 2304 3464 cum
2322 3409 2495 3475 audis,
2520 3426 2626 3466 non
2654 3412 2880 3481 teipsum
2912 3411 3180 3482 deploras,
3213 3413 3300 3468 die
3325 3412 3488 3467 mihi?
3516 3427 3626 3467 non

2040 3501 2162 3556 tein
2185 3509 2382 3555 terram
2405 3499 2612 3556 defodis
2631 3511 2686 3558 et
2710 3503 2922 3569 obruis,
2969 3519 3089 3558 cum
3133 3504 3184 3557 in
3237 3512 3437 3558 tantum
3477 3516 3624 3556 arro-

2039 3590 2232 3662 gantiae
2261 3592 2587 3661 proruperis,
2613 3602 2672 3647 ut
2698 3609 2818 3648 eum
2845 3609 3003 3664 quem
3039 3593 3339 3665 gloriﬁcare
3363 3602 3416 3648 et
3435 3593 3624 3648 adora-

2040 3696 2100 3736 re
2133 3682 2308 3737 solum
2347 3682 2429 3737 fas
2474 3690 2592 3750 est,
2637 3684 2787 3754 quasi
2826 3700 2984 3738 unam
3023 3683 3399 3740 vilissimorum
3440 3700 3616 3740 rerum

2039 3774 2294 3828 seruteris
2319 3782 2374 3829 et
2400 3774 2856 3843 comprehendere
2882 3775 3134 3830 coneris?
3163 3775 3285 3831 Ideo
3329 3785 3382 3831 et
3427 3775 3625 3831 Paulus

2039 3866 2206 3921 multa
2257 3867 2444 3936 plenus
2471 3868 2756 3936 sapientia,
2788 3869 3256 3938 incomparabilem
3298 3868 3391 3923 Dei
3441 3869 3624 3924 excel-

2039 3956 2283 4024 lentiam,
2311 3958 2574 4028 simulque
2599 3957 2845 4014 humanae
2870 3969 3072 4014 natura:
3095 3961 3348 4015 vilitatem
3378 3959 3621 4024 intuitus,

2039 4048 2446 4119 indignatusque
2482 4050 2737 4106 adversus
2767 4066 2861 4106 eos
2890 4052 2978 4121 qui
3021 4052 3136 4122 ejus
3169 4051 3622 4121 dispensationem

2037 4139 2300 4194 curiosius
2325 4142 2689 4210 explorarent,
2712 4157 2823 4195 rem
2857 4143 3081 4197 moleste
3110 4142 3292 4198 ferens
3317 4158 3437 4198 cum
3457 4144 3620 4198 multa

2035 4229 2374 4286 vehementia
2403 4231 2650 4286 dicebat:
2686 4231 2732 4286 0
2769 4233 2935 4298 homo,
2967 4243 3020 4286 tu
3049 4235 3161 4302 quis
3181 4249 3232 4287 es
3257 4276 3272 4301 ,
3300 4235 3386 4304 qui
3411 4251 3624 4306 respon-

2036 4322 2157 4376 deas
2183 4320 2292 4377 Deo
2315 4321 2488 4395 (Rom.
2520 4321 2573 4377 9.
2600 4321 2731 4394 9.0)?
2760 4323 2838 4378 Tu
2864 4324 2984 4393 quis
3013 4324 3110 4379 es?
3137 4326 3308 4394 cogita
3339 4326 3484 4395 prius
3522 4339 3620 4379 na-

2038 4419 2209 4465 turam
2239 4421 2382 4466 tuam
2408 4429 2420 4464 :
2455 4413 2659 4466 nullum
2689 4414 2885 4484 quippe
2914 4430 3109 4469 nomen
3140 4426 3316 4485 potest
3360 4425 3504 4470 tuam
3540 4416 3621 4470 vi-

2033 4499 2236 4556 litatem
2263 4501 2559 4559 declarare.

2103 4593 2158 4650 ὅ.
2185 4592 2505 4648 Contumelia
2543 4594 2708 4649 Deum
2749 4598 2916 4668 afﬁcit
2936 4599 2978 4652 is
3003 4600 3090 4670 qui
3131 4599 3464 4654 substantiam
3509 4600 3620 4668 eius

2033 4682 2279 4737 curiosius
2315 4684 2563 4753 explorat.
2594 4714 2669 4725 --
2694 4685 2766 4741 At
2809 4687 2978 4756 dices,
3000 4689 3185 4745 Homo
3210 4705 3326 4744 sum
3371 4691 3617 4745 libertate

2031 4771 2344 4828 honoratus.
2368 4774 2526 4844 Atqui
2557 4774 2851 4830 honoratus
2869 4792 2948 4844 es,
2979 4793 3085 4834 non
3109 4788 3165 4834 ut
3190 4795 3252 4835 ea
3279 4782 3521 4835 libertate
3549 4780 3619 4836 ad

2031 4864 2456 4935 repugnandum,
2482 4865 2580 4920 sed
2620 4875 2680 4921 ut
2724 4867 2816 4922 illo
2860 4869 3064 4924 honore
3107 4871 3174 4926 ad
3218 4871 3617 4942 obsequendqu

2030 4956 2349 5022 honoranti,
2405 4965 2459 5012 te
2499 4959 2746 5014 utereris.
2789 4959 3081 5017 l-lonoravit
3123 4971 3178 5017 te
3224 4962 3382 5030 Deus,
3415 4979 3520 5017 non
3561 4974 3620 5018 ut

2092 5049 2110 5080 ί
2145 5055 2306 5113 Longe
2329 5050 2561 5113 majorem
2593 5051 2814 5113 gentium
2838 5052 3257 5102 enumerationem
3275 5053 3451 5104 extulit
3475 5056 3526 5104 in
3547 5055 3619 5101 in-

2028 5110 2382 5178 terpretatioue
2399 5110 2488 5160 Sua
2508 5110 2790 5178 Theodorus
2815 5119 2964 5174 Gaza;
2991 5127 3168 5178 nempe
3189 5117 3288 5164 sic:
3311 5123 3472 5178 syros,
3498 5114 3617 5165 Cili-

2026 5169 2124 5243 ces,
2146 5171 2470 5248 Cappadoces,
2518 5169 2762 5248 sithyms,
2803 5169 2977 5248 Mysos,
3021 5169 3618 5248 Ifhiiyges,‘1uéones,_(.y-

2025 5234 2151 5303 cios,
2165 5231 2486 5296 Pompili/tios,
2517 5231 2664 5303 tones,
2693 5231 2933 5303 Assyrios,
2952 5231 3144 5297 Arabes;
3153 5231 3331 5298 "Indos,
3357 5231 3614 5303 ﬁgi/ptio},

2023 5293 2490 5360 ﬁthiopes,'1’éenos,
2533 5293 2799 5358 Hispanos,"
2830 5293 3003 5359 Gallos,
3031 5293 3326 5360 Germanos,
3348 5293 3610 5359 Sai't'natas,

2023 5355 2306 5425 ijutonios,
2331 5355 2652 5425 Sauromatas,
2677 5355 3204 5425 uassagetas,'_d_enique
3218 5355 3378 5425 anates
3402 5355 3614 5425 scythas,

2022 5417 2338 5483 degentesque
2359 5416 2487 5468 ultra
2501 5417 2778 5483 4quilonem
2804 5416 3612 5483 :‘uem‘Albariosteroswactria-I

2022 5477 2148 5552 nos,-
2172 5477 2385 5550 c‘aspios.
2423 5477 2606 5552 Medos,
2640 5489 2834 5552 persas,
2875 5487 3110 5552 Parthos,
3155 5477 3434 5552 Armenios,
3474 5484 3614 5535 Ponti

2023 5543 2201 5590 Euxini
2221 5543 2406 5607 vicinos
2419 5551 2582 5607 omnes
2597 5548 2651 5607 et
2667 5543 2870 5604 incolas,
2888 5544 3121 5607 (Thraces,
3148 5543 3452 5607 Macedonas,
3477 5553 3612 5597 Cra:-

2021 5615 2100 5667 cos
2122 5613 2320 5667 anates;
2343 5603 2472 5654 adde
2517 5605 2734 5667 Epirum,
2776 5603 2996 5667 Daciam,
3037 5603 3349 5667 Dalmatiam,
3375 5603 3565 5660 Italiam
3592 5621 3612 5659 :

2020 5662 2202 5733 insulas
2217 5662 2380 5733 omnes
2400 5672 2499 5714 tant
2519 5662 2762 5733 interioris
2805 5662 2992 5729 matis,
3017 5683 3162 5733 quam
3197 5662 3476 5730 exterioris,
3509 5683 3608 5721 cte-

2020 5731 2242 5792 terasquc
2264 5727 2636 5792 innumerabiles
2667 5735 2858 5792 gentes,
2902 5727 2999 5781 etc.
3030 5727 3129 5781 ’δρᾶ
3166 5734 3333 5782 nescio
3369 5727 3501 5782 unde
3525 5746 3612 5782 et-

2022 5787 2260 5864 }:i‘scatus:
2287 5791 2652 5864 onli‘nesquippe
2667 5787 2983 5864 itanuscripti,
3000 5792 3161 5864 Morel.
3183 5801 3236 5864 et
3251 5792 3390 5847 savil.
3407 5795 3612 5857 idipsum

2025 5847 2249 5912 eﬂ‘erunt,
2277 5848 2410 5902 nullo
2431 5847 2722 5917 diScrititine,
2750 5853 2878 5916 quod
2899 5847 2952 5904 in
2971 5847 3110 5906 textu
3133 5855 3331 5920 legitur.
