3918 6432
350 354 452 409 N5

348 469 493 523 illum
515 465 835 524 contumelia
865 467 1124 534 afﬁceres,
1155 467 1248 523 sed
1281 476 1332 522 ut
1358 469 1712 537 gloriﬁcares;
1745 477 1934 522 conlu-

347 560 503 614 mclia
534 574 659 615 vero
686 559 849 614 afﬁcit
891 561 933 614 is
981 560 1070 629 qui
1121 559 1466 613 substantiam
1512 559 1630 628 ejus
1671 560 1932 615 curiosius

346 651 612 719 explorat.
635 649 766 705 Nam
807 651 873 718 si,
912 651 1036 706 dntn
1081 651 1338 720 promissa
1377 651 1493 720 ejus
1537 666 1640 705 non
1663 653 1928 720 exploras,

346 742 493 795 illum
525 742 692 812 gloria
713 741 912 808 ofﬁcis;
939 743 1064 797 dum
1121 742 1368 811 exploras
1406 750 1460 796 et
1507 743 1714 798 curiose
1756 746 1930 815 inqui-

345 833 441 900 ris,
487 848 592 888 non
631 834 924 888 sententias
966 833 1124 887 modo
1164 835 1301 901 ejus,
1333 834 1428 888 sed
1465 835 1624 889 etiam
1673 851 1794 889 eum
1841 838 1931 907 qui

345 927 488 995 ipsas
536 926 754 996 protulit
791 926 1051 981 dedecore
1095 925 1281 980 afﬁnis.
1334 926 1484 993 Quod
1533 937 1713 982 autem
1761 930 1928 986 Deum

341 1017 649 1087 gloriﬁcetis
673 1019 762 1088 qui
804 1018 918 1087 ejus
967 1019 1225 1088 promissa
1263 1034 1365 1072 non
1406 1019 1614 1074 curiose
1643 1031 1925 1090 scrutatur,

340 1110 462 1164 audi
481 1110 699 1165 Paulum
718 1109 785 1166 de
812 1112 1113 1166 Abrahamo
1133 1112 1307 1184 deque
1327 1113 1441 1183 ejus
1461 1113 1762 1168 obcdientia
1793 1113 1929 1169 ﬁde—

341 1219 444 1268 que
465 1203 517 1256 in
539 1202 785 1258 omnibus
815 1201 1079 1259 dicentem
1112 1222 1125 1257 :
1159 1204 1502 1264 Consideravit
1529 1205 1728 1275 quidem
1747 1221 1930 1276 corpus

339 1310 485 1347 suum
520 1306 818 1360 emortuum,
843 1305 889 1349 et
931 1305 1210 1350 entortuant
1237 1297 1435 1350 vulvam
1466 1296 1616 1352 Sarra
1636 1314 1656 1352 :
1679 1314 1849 1351 verum
1874 1298 1930 1352 in

338 1387 725 1454 repromissione
764 1386 859 1440 Dei
897 1405 996 1440 non
1035 1388 1279 1442 haesitavit
1328 1388 1634 1459 difﬁdentia,
1681 1389 1772 1444 sed
1806 1407 1930 1444 con-

342 1480 557 1546 fortatus
603 1488 673 1533 est
716 1478 1013 1548 ﬁde(li~om.
1042 1479 1098 1534 Δ.
1142 1479 1251 1549 19).
1297 1479 1495 1534 Natura
1539 1490 1592 1535 et
1637 1490 1802 1544 anas,
1837 1482 1920 1536 in-

338 1567 472 1635 quit,
493 1568 544 1621 in
571 1568 996 1638 desperationem
1024 1570 1194 1640 ipsum
1238 1570 1612 1640 eonjiciebant,
1655 1570 1748 1625 sed
1795 1569 1927 1625 ﬁdes

338 1671 486 1726 spem
530 1659 722 1713 bonam
771 1660 1142 1715 substituebat.
1163 1660 1269 1715 Sed
1309 1664 1623 1732 confortatus
1644 1671 1716 1715 est
1744 1662 1796 1715 in
1822 1661 1926 1730 ﬁde

339 1753 466 1802 dans
487 1750 702 1819 gloriam
737 1749 868 1816 Deo,
903 1760 949 1804 et
967 1751 1253 1819 plenissime
1278 1751 1438 1806 sciens
1464 1752 1584 1822 quia
1604 1767 1926 1821 quiet-uritque

338 1842 566 1908 promisit
591 1851 764 1910 potens
780 1851 852 1897 est
881 1850 927 1896 et
967 1844 1132 1912 facere
1153 1841 1314 1913 (Ibid.
1342 1858 1389 1896 υ.
1412 1841 1527 1912 20).
1558 1841 1750 1897 Vident
1778 1857 1920 1907 eum,

335 1932 424 2001 qni
454 1933 648 1988 certior
674 1941 757 1988 est
780 1932 848 1988 de
886 1933 1044 1987 rebus
1074 1949 1102 1986 a
1133 1933 1242 1988 Deo
1283 1933 1524 2004 prolatis,
1549 1933 1772 2004 gloriam
1814 1933 1924 1989 Deo

334 2025 495 2080 dare?
521 2025 576 2081 Si
607 2025 784 2096 itaque
810 2027 876 2094 is,
898 2026 986 2094 qui
1031 2026 1142 2081 Deo.
1181 2026 1374 2091 credit,
1405 2027 1627 2095 gloriam
1669 2027 1768 2096 ipsi
1809 2026 1919 2092 dat,

335 2118 422 2186 qui
453 2133 557 2173 non
583 2117 753 2173 credit
792 2119 911 2187 ipsi,
943 2119 1318 2173 coatumeliam
1349 2119 1494 2173 illam
1534 2121 1586 2174 in
1613 2133 1768 2174 suum
1809 2121 1922 2189 ipse

333 2219 490 2278 caput
505 2210 787 2263 convertit.
812 2207 891 2262 Tu
910 2210 1019 2278 quis
1039 2225 1108 2275 es,
1128 2210 1212 2280 qui
1235 2208 1342 2262 Deo
1362 2210 1701 2281 respondeas?
1721 2210 1920 2266 Deinde

333 2311 393 2355 nt
417 2301 662 2355 ostendat
689 2309 944 2371 quantum
972 2301 1043 2356 sit
1078 2302 1244 2362 Deum
1290 2302 1428 2357 inter
1453 2313 1507 2358 et
1533 2303 1802 2359 hominem
1833 2305 1918 2360 in-

334 2394 635 2458 tervallum,
668 2393 720 2450 id
746 2395 1078 2450 demonstrat
1105 2411 1209 2454 non
1243 2395 1453 2465 quidem
1481 2405 1736 2467 quantum
1761 2413 1921 2469 opor-

333 2492 484 2550 teret,
515 2485 610 2540 sed
638 2493 816 2541 tamen
839 2501 908 2540 ex
938 2486 1211 2558 proposito
1251 2480 1501 2556 exemplo
1547 2488 1703 2559 longe
1747 2489 1920 2558 majus

331 2575 616 2631 discrimen
643 2591 762 2632 esse
796 2577 1017 2648 intelligi
1048 2585 1240 2647 potest.
1259 2576 1397 2646 Quid
1427 2578 1584 2647 igitur
1609 2577 1720 2633 ait?
1750 2577 1921 2632 Num-

331 2666 451 2736 quid
470 2667 599 2720 dicet
620 2667 913 2737 ﬁgntentum
937 2668 983 2721 ei
1006 2667 1092 2737 qui
1111 2684 1164 2721 se
1182 2669 1350 2737 ﬁnxit,
1369 2668 1506 2735 Quid
1532 2685 1610 2722 me
1633 2669 1792 2737 fecisti
1812 2669 1918 2724 sic?

331 2759 513 2811 Annon
539 2759 683 2811 habet
705 2766 994 2827 potestatem
1021 2758 1208 2829 ﬁgulus
1229 2759 1322 2812 luti
1341 2776 1404 2813 ex
1441 2760 1615 2814 eadem
1639 2777 1807 2815 massa
1833 2766 1917 2832 fa-

330 2867 442 2904 cere
463 2849 606 2903 aliud
641 2850 839 2920 quidem
878 2865 964 2905 vas
1003 2851 1057 2904 in
1097 2851 1358 2918 honorent,
1398 2852 1539 2905 aliud
1573 2853 1625 2906 in
1663 2862 1922 2907 contume-

332 2942 453 2994 liam
475 2941 648 3012 (Rom.
667 2940 962 3013 9.20.20?
987 2941 1122 3008 Quid
1149 2943 1266 2997 ais?
1296 2943 1435 2997 itane
1464 2943 1573 2998 Deo
1601 2943 1773 2998 debeo
1792 2943 1920 3000 sub-

329 3033 436 3100 jici,
469 3043 526 3087 ut
565 3033 732 3087 lutum
786 3032 984 3104 ﬁgulo?
1011 3032 1083 3088 lta
1109 3074 1123 3099 ,
1166 3033 1374 3103 inquit:
1406 3042 1606 3088 tantum
1653 3034 1794 3089 enim
1833 3043 1918 3089 est

334 3128 496 3181 Deum
525 3126 664 3182 inter
692 3136 747 3183 et
772 3127 1041 3182 hominem
1079 3126 1436 3193 intervallum,
1473 3136 1729 3198 quantum
1775 3129 1918 3183 inter

329 3217 494 3272 lutum
533 3226 588 3272 et
611 3216 860 3288 ﬁgulum;
891 3218 977 3273 vel
1015 3219 1209 3287 potius,
1237 3234 1341 3273 non
1375 3228 1600 3286 tantum,
1628 3218 1723 3274 sed
1749 3219 1918 3275 multo

329 3309 521 3378 majus.
554 3309 674 3364 Luti
711 3310 852 3364 enim
875 3318 930 3365 et
958 3309 1099 3380 ﬁguli
1144 3309 1330 3365 eadem
1377 3309 1671 3364 substantia
1719 3318 1829 3374 est,
1857 3320 1918 3364 ut

328 3399 466 3469 apud
497 3399 597 3455 Job
624 3399 816 3455 dicitur
846 3417 860 3454 :
891 3399 1040 3466 Sino,
1076 3400 1262 3469 inquit,
1292 3400 1572 3453 habitantes
1615 3399 1791 3453 domos
1831 3399 1917 3453 lu-
1957 3442 1960 3446 .

333 3502 456 3555 teas,
487 3507 549 3545 ea:
573 3507 673 3561 quo
697 3500 742 3544 et
770 3490 869 3562 ipsi
904 3506 1078 3545 sumus
1106 3506 1169 3544 ea:
1206 3490 1377 3543 eodeni
1423 3490 1528 3543 luto
1558 3488 1679 3562 (Job
1723 3491 1776 3544 4.
1801 3489 1914 3560 19).

329 3583 481 3649 Quod
513 3582 558 3636 si
586 3581 744 3636 homo
771 3580 1107 3651 prazstantior
1129 3580 1238 3634 luto
1259 3589 1310 3633 et
1329 3578 1612 3634 formosior
1639 3586 1913 3649 appareat,

329 3671 684 3726 diﬁ‘erentiam
709 3686 815 3727 non
843 3670 1126 3726 diversitas
1165 3679 1392 3734 naturze,
1424 3669 1518 3725 sed
1561 3669 1779 3725 artiﬁcis
1825 3685 1916 3725 sa-

331 3762 525 3830 pientia
551 3762 674 3817 fecit
695 3779 708 3816 :
729 3761 781 3818 in
803 3761 948 3817 nullo
962 3761 1154 3831 quippe
1173 3759 1394 3816 diﬁersa
1410 3761 1552 3826 luto;
1583 3760 1722 3831 quod
1744 3761 1788 3816 si
1811 3776 1916 3816 non

329 3854 524 3920 credis,
549 3854 601 3908 id
644 3854 738 3908 tibi
783 3853 1138 3924 persuadeant
1177 3853 1361 3907 tumuli
1385 3863 1436 3908 et
1468 3867 1616 3908 urnae
1642 3853 1918 3923 sepulcra-

329 3948 428 4003 les.
457 3946 589 4000 Nam
619 3947 664 4001 si
692 3948 934 4018 sepulcra
964 3947 1225 4015 majorum
1256 3957 1462 4001 tuorum
1491 3946 1680 4011 adeas,
1712 3945 1826 4002 hazc
1845 3946 1916 4002 ita

330 4051 388 4092 se
413 4037 609 4093 habere
636 4037 1030 4109 deprehendes.
1057 4038 1198 4094 Inter
1218 4039 1384 4093 lutum
1415 4039 1592 4109 itaque
1615 4049 1668 4094 et
1697 4037 1916 4109 ﬁgulum

329 4131 624 4187 diﬁ‘erentia
654 4133 796 4188 nulla
825 4151 838 4188 :
873 4133 1012 4187 inter
1043 4132 1134 4188 Dei
1175 4148 1303 4188 vero
1331 4143 1384 4190 et
1409 4132 1641 4188 hominis
1666 4133 1916 4188 substan-

331 4225 456 4288 tiam
501 4234 703 4284 tantum
748 4225 1084 4283 intervallum
1129 4235 1233 4294 est,
1265 4235 1520 4296 quantum
1552 4241 1652 4282 nec
1675 4226 1917 4281 oratione

329 4333 568 4385 narrare,
601 4333 702 4374 nec
728 4327 910 4373 mente
937 4318 1203 4373 atstimare
1233 4333 1537 4388 possumus.
1559 4318 1917 4386 Quemadmo-

328 4410 454 4466 dum
473 4411 630 4482 igitur
645 4411 813 4466 lutum
837 4411 979 4481 ﬁguli
1000 4426 1208 4477 manus,
1223 4426 1560 4482 quocumque
1577 4411 1666 4468 ille
1682 4412 1913 4480 duxerit,

329 4503 567 4572 sequitur
598 4519 613 4556 :
644 4503 716 4556 ita
758 4510 814 4558 et
836 4510 893 4557 tu
938 4502 1033 4557 luti
1079 4503 1246 4558 instar
1293 4513 1471 4558 mutus
1513 4515 1659 4570 esto,
1704 4505 1916 4574 quando

329 4593 469 4648 Deus
510 4591 708 4662 aliquid
744 4593 1055 4663 dispensare
1089 4593 1334 4649 voluerit.
1367 4594 1550 4666 Neque
1591 4605 1767 4650 tamen
1797 4594 1917 4651 ideo

329 4682 527 4738 Paulus
551 4682 666 4737 haec
691 4682 844 4751 dixit,
873 4692 932 4737 ut
960 4683 1265 4739 facultatem
1297 4692 1534 4740 nostram
1564 4685 1795 4752 tolleret,
1825 4695 1918 4741 aut

329 4772 554 4826 liberum
603 4771 882 4827 arbitrium
924 4773 1288 4849 labefactaret,
1336 4775 1512 4841 absit;
1561 4776 1655 4831 sed
1683 4784 1742 4830 ut
1762 4761 1915 4832 arro-

326 4865 558 4934 gantiam
589 4873 826 4920 nostram
853 4867 1023 4938 magis
1052 4867 1325 4938 magisque
1349 4877 1641 4942 coerceret.
1673 4868 1872 4925 Verum
1897 4912 1914 4937 ,

327 4958 370 5012 si
402 4957 600 5026 placet,
629 4956 908 5032 videamus
941 4958 1192 5028 quidnam
1220 4950 1319 5027 ipsi
1347 4958 1587 5014 ediscere
1615 4961 1913 5026 voluerint;

327 5051 400 5104 ita
427 5058 484 5104 ut
520 5049 666 5120 ipsos
707 5049 902 5104 Paulus
942 5059 1048 5105 tam
1091 5046 1438 5124 vehementer
1475 5050 1802 5119 refrtenarct.
1833 5055 1914 5119 An

325 5137 686 5195 substantiam
707 5133 800 5192 Dei
833 5139 1262 5207 scrutabantur?
1307 5139 1650 5211 Nequaquam
1701 5159 1713 5195 :
1761 5157 1918 5201 nemo

324 5231 466 5284 enim
494 5229 544 5284 id
563 5245 813 5301 umquam
842 5245 1005 5286 ausus
1028 5239 1127 5286 est.
1143 5231 1248 5286 Sed
1275 5231 1415 5302 quod
1440 5232 1595 5307 longe
1619 5234 1793 5291 minus
1814 5244 1914 5302 est,

326 5321 442 5390 ejus
468 5320 892 5392 dispensationes
916 5322 1326 5389 scrutabantur;
1356 5323 1503 5378 verbi
1541 5312 1730 5394 gratia,
1754 5339 1919 5393 quare

326 5413 475 5468 illum
497 5415 726 5492 puniret,
748 5413 886 5470 illius
905 5415 1278 5480 misereretur;
1297 5430 1462 5484 quare
1485 5415 1631 5470 illum
1659 5414 1918 5486 supplicio

326 5505 544 5567 eximat,
563 5504 706 5561 hunc
730 5505 783 5574 in
812 5506 1067 5562 aerumnis
1096 5507 1267 5572 sinat;
1292 5523 1456 5576 quare
1489 5507 1578 5562 ille
1609 5509 1817 5574 veniam
1849 5509 1918 5564 sit

325 5606 707 5664 consequutus,
739 5597 826 5650 lnc
867 5597 1106 5653 minime.
1141 5597 1266 5652 Hauc
1290 5606 1344 5652 et
1368 5598 1561 5654 similia
1580 5599 1911 5670 quaerebant.

329 5685 604 5741 Undenam
647 5689 696 5743 id
731 5688 966 5758 liqueat?
1003 5687 1081 5742 Ex
1120 5688 1562 5758 (incedentibus.
1595 5690 1725 5746 Cum
1764 5691 1905 5745 cnim

329 5776 550 5838 dixisset
571 5796 582 5831 :
604 5777 741 5849 Ergo
757 5794 902 5850 quem
925 5778 1026 5836 vult
1048 5780 1387 5847 miseratur,et
1401 5796 1545 5858 quem
1561 5781 1664 5835 vult
1681 5780 1903 5834 indurat.

1058 353 1113 408 S.
1154 351 1430 409 JOANNIS
1459 351 1934 409 CHRYSOSTOMI
1976 351 2290 410 ARCIllEP.
2332 355 2874 417 CONSTANTINOP.

3540 370 3645 428 116

2043 465 2193 526 Dices
2220 469 2387 533 itaque
2413 471 2556 536 mihi,
2592 471 2726 539 Quid
2749 473 2918 528 adhuc
2943 475 3207 541 queritur?
3227 479 3488 536 voluntati
3509 485 3648 542 enim

2038 559 2146 628 ejus
2166 563 2277 628 quis
2293 561 2475 615 resistit
2498 562 2673 633 (Rom.
2693 565 2747 620 9.
2768 565 2854 621 18.
2877 566 3006 636 i9)?
3028 576 3152 622 tunc
3175 569 3379 638 intulit,
3399 572 3448 627 0
3463 574 3645 647 homo,

2038 657 2094 701 tu
2120 650 2232 718 quis
2275 667 2344 714 es,
2370 653 2454 720 qui
2493 655 2799 724 respondeas
2830 655 2932 710 Deo
2957 656 3064 728 (Ib.
3088 674 3136 713 υ.
3157 656 3296 731 20)?
3324 663 3440 718 Eos
3481 664 3647 735 igitur

2036 740 2129 810 qui
2153 741 2578 812 dispens'ationes
2605 745 2696 800 Dei
2725 749 3102 805 scrutabantur
3143 752 3393 822 reprimit
3410 758 3642 820 Paulus.

2038 831 2280 892 Profecto
2309 851 2377 890 ne
2402 835 2454 890 id
2483 837 2694 907 quidem
2720 839 2822 894 illis
2847 842 3110 907 concedit,
3145 853 3199 899 tu
3247 860 3384 901 vero
3425 823 3643 904 beatam

2036 921 2182 985 illam
2215 925 2564 984 substantiam
2605 931 2784 984 omnia
2806 930 3204 1000 dispensantem
3231 937 3454 992 curiose
3485 953 3640 1000 scru-

2037 1015 2198 1075 taris?
2222 1030 2402 1079 annon
2427 1027 2478 1074 te
2504 1022 2771 1076 sexcentis
2791 1021 3097 1079 fulminibus
3137 1024 3362 1095 dignum
3405 1032 3643 1084 censes?

2033 1106 2302 1175 quomodo
2325 1109 2504 1169 nonid
2530 1120 2783 1166 extrema:
2807 1111 3092 1168 dementiae
3123 1114 3322 1170 fuerit?
3348 1118 3494 1173 Audi
3526 1133 3644 1188 pro-

2033 1194 2282 1265 phetam,
2323 1199 2409 1255 vel
2457 1201 2631 1269 potius
2675 1202 2843 1258 Deum
2889 1203 3156 1261 dicentem
3187 1224 3202 1259 :
3233 1207 3300 1262 Si
3343 1207 3513 1264 Pater
3548 1227 3642 1281 ego

2032 1302 2165 1354 sunt,
2183 1288 2267 1342 ubi
2285 1300 2356 1352 est
2374 1288 2540 1360 gloria
2559 1308 2669 1346 mea
2685 1293 2711 1346 Ρ
2730 1303 2775 1346 et
2790 1295 2834 1348 si
2844 1293 3092 1351 Dominus
3107 1313 3197 1369 ego
3215 1314 3352 1367 sunt,
3373 1301 3464 1354 ubi
3487 1313 3562 1356 est
3577 1304 3640 1356 ti-

2033 1394 2144 1432 mor
2161 1396 2299 1446 meus
2328 1381 2627 1450 (Malacini
2661 1384 2746 1456 6.)?
2771 1386 2869 1453 Qui
2891 1388 3034 1444 enim
3060 1391 3267 1459 metuit,
3289 1407 3402 1447 non
3419 1395 3640 1452 curiose

2030 1479 2315 1538 scrutatur,
2346 1474 2440 1534 sed
2474 1475 2692 1542 adorat;
2722 1495 2827 1533 non
2856 1481 3065 1536 curiose
3095 1482 3341 1552 inquirit,
3370 1486 3474 1541 sed
3519 1487 3636 1541 Ian-

2029 1563 2122 1618 dat
2148 1574 2204 1623 et
2221 1566 2499 1635 gloriﬁcat.
2531 1568 2658 1627 Hmc
2686 1579 2736 1625 te
2760 1570 2987 1627 doceant
3014 1583 3068 1628 ct
3092 1589 3342 1643 supernae
3372 1576 3631 1643 Virtutes,

2029 1661 2083 1707 ct
2126 1654 2311 1710 beatus
2350 1656 2546 1713 Paulus
2579 1677 2592 1712 :
2624 1675 2731 1718 non
2771 1661 2914 1717 enim
2961 1677 3084 1728 cum
3130 1663 3232 1720 hac
3277 1666 3351 1722 de
3396 1681 3459 1722 re
3497 1667 3634 1732 alios

2032 1745 2291 1816 increpat,
2311 1748 2424 1817 ipse
2442 1749 2631 1804 eodem
2653 1766 2759 1821 quo
2787 1752 2865 1806 illi
2900 1753 3061 1809 modo
3086 1755 3311 1811 allectus
3338 1767 3448 1813 est.
3493 1759 3636 1825 Audi

2027 1837 2156 1907 quid
2183 1838 2611 1909 Philippensibus
2643 1842 2807 1910 dicat,
2837 1857 2958 1899 cum
2983 1844 3219 1900 declarat
3243 1861 3306 1902 se
3336 1849 3634 1917 particula-

2027 1941 2143 1982 rem
2181 1928 2458 1985 scientiam
2502 1930 2700 1988 habere
2729 1951 2742 1988 :
2769 1935 3213 2004 quemadmodum
3242 1947 3300 1993 et
3328 1938 3627 1996 Corinthiis

2025 2019 2266 2075 scribens
2291 2020 2520 2088 dicebat,
2537 2023 2620 2078 Ea:
2630 2034 2772 2096 parte
2791 2027 3136 2097 cognoscimus
3163 2030 3238 2100 (ι.
3269 2030 3396 2085 Cor.
3427 2033 3516 2087 15.
3547 2034 3630 2103 9),

2028 2118 2196 2165 totum
2216 2125 2346 2167 vero
2374 2115 2610 2170 nondum
2643 2134 2658 2170 :
2685 2124 2742 2172 et
2765 2132 2903 2171 nunc
2942 2117 3122 2188 infert,
3159 2118 3400 2187 Fratres,
3430 2140 3524 2193 ego
3551 2141 3627 2180 nte

2026 2215 2128 2254 non
2150 2202 2366 2257 arbitror
2393 2207 2826 2276 comprehendisse
2845 2207 3106 2279 (Philipp.
3135 2211 3189 2267 '5.
3210 2213 3323 2284 l5).
3349 2213 3493 2280 Quid
3529 2215 3628 2271 hac

2024 2294 2261 2362 apertius
2282 2296 2447 2352 voce?
2478 2297 2625 2354 Tuba
2650 2298 2849 2355 clarius
2876 2302 3088 2370 cecinit,
3120 2302 3311 2359 orbem
3346 2314 3519 2360 totum
3546 2306 3625 2372 in~

2022 2384 2271 2452 stituens,
2303 2395 2358 2440 ut
2387 2387 2565 2442 datam
2607 2389 2846 2445 scientiae
2887 2407 3191 2448 mensuram
3239 2394 3531 2465 diligerent
3573 2409 3627 2456 et

2021 2476 2493 2545 amplecterentur,
2536 2495 2636 2536 nec
2679 2483 3047 2540 existimarent
3085 2501 3348 2557 umquam
3369 2503 3431 2544 se
3459 2497 3623 2552 totum

2022 2568 2314 2641 accepisse.
2345 2569 2482 2638 Quid
2510 2571 2608 2640 ais,
2635 2573 2722 2629 dic
2744 2574 2912 2630 mihi?
2937 2575 3206 2632 Christum
3249 2578 3424 2636 habes
3451 2580 3506 2636 in
3546 2590 3623 2636 tc-t

2026 2657 2147 2726 ipso
2172 2659 2480 2728 loquentem
2507 2663 2580 2732 (2.
2606 2663 2728 2718 Cor.
2753 2666 2837 2720 15.
2868 2667 3046 2735 15),ει
3066 2666 3240 2723 dicis:
3266 2668 3386 2739 Ego
3408 2685 3491 2722 me
3517 2685 3618 2721 nou

2025 2747 2257 2804 arbitror
2275 2751 2750 2820 comprehendisse.
2772 2753 2898 2814 Ideo
2923 2756 3093 2826 enim,
3126 2758 3333 2829 inquit,
3363 2758 3508 2814 dixit
3535 2773 3618 2811 me

2021 2837 2293 2905 Christum
2323 2840 2523 2904 habere
2551 2845 2606 2906 in
2631 2844 2837 2916 meipso
2863 2846 3166 2916 loquentem
3202 2866 3217 2903 :
3249 2854 3368 2919 ipse
3392 2865 3482 2906 me
3505 2849 3616 2905 lta‘c

2021 2931 2222 2999 docuit.
2270 2933 2627 3002 Quamobrem
2670 2937 2747 3004 hi,
2778 2939 2880 3000 nisi
2927 2939 3158 3010 Spiritus
3198 2943 3374 2997 sancti
3416 2943 3615 2998 auxilio

2020 3037 2240 3094 prorsus
2269 3027 2418 3088 vacui
2445 3037 2642 3096 essent,
2665 3038 2720 3084 et
2747 3045 2963 3088 omnem
2989 3031 3106 3101 ejus
3140 3035 3513 3102 operationem
3549 3049 3612 3092 ex

2020 3115 2196 3184 anima
2216 3132 2311 3183 sua
2339 3119 2726 3189 eliminassent,
2754 3136 2874 3181 eum
2898 3123 3095 3179 Paulus
3131 3124 3301 3194 dicat,
3324 3125 3448 3196 Non
3475 3128 3612 3182 arbi-

2021 3217 2128 3277 tror
2146 3209 2394 3278 nteipsum
2423 3213 2876 3284 comprehendisse,
2919 3229 3026 3275 nou
3073 3215 3174 3287 ipsi
3210 3232 3274 3274 se
3299 3207 3610 3293 “universum

2019 3299 2490 3369 comprehendisse
2516 3312 2785 3372 putarent.

2091 3391 2144 3447 6.
2171 3391 2444 3448 Undenam
2473 3395 2657 3466 liquet,
2687 3395 2830 3454 dicet
2859 3399 3142 3470 quispiam,
3190 3401 3369 3472 ipsum
3418 3401 3490 3458 ita
3530 3401 3609 3465 lo:

2019 3492 2270 3554 quentem
2299 3485 2368 3544 de
2393 3486 2498 3542 ﬁde
2522 3503 2701 3559 agere,
2728 3488 2798 3546 de
2822 3490 3044 3546 scicntia
3073 3500 3128 3546 et
3152 3492 3220 3548 de
3248 3492 3606 3572 dogmatibus,

2019 3581 2074 3628 et
2097 3590 2200 3630 non
2227 3575 2295 3636 de
2317 3575 2442 3632 vita:
2467 3577 2830 3645 institutione,
2860 3580 3012 3650 quasi
3041 3580 3185 3636 dicat
3217 3599 3230 3635 :
3264 3583 3380 3653 Ego
3404 3597 3490 3638 me
3509 3581 3607 3636 im-

2019 3665 2310 3734 perfectum
2339 3682 2460 3724 esse
2482 3669 2713 3726 arbitror
2734 3669 2786 3726 in
2807 3671 2913 3729 vita
2929 3681 2983 3726 et
3001 3671 3371 3737 institutione?
3392 3673 3452 3728 Id
3467 3682 3609 3732 certe

2019 3757 2234 3825 planum
2262 3756 2385 3824 fecit
2408 3773 2530 3814 cum
2559 3760 2693 3816 dixit
2723 3779 2737 3816 :
2765 3759 2966 3820 Bonum
2990 3771 3242 3820 certamen
3265 3764 3474 3830 certari,
3495 3778 3607 3820 cur-

2017 3863 2130 3902 sum
2165 3851 2527 3915 consummavi,
2550 3852 2703 3920 ﬁdem
2731 3853 2924 3910 servavi
2951 3869 2971 3908 :
2999 3854 3054 3908 in
3075 3851 3275 3924 reliquo
3293 3854 3514 3926 reposita
3536 3861 3607 3924 est

2018 3940 2143 3994 mihi
2179 3957 2364 3994 corona
2385 3941 2604 4012 justitiat
2621 3943 2699 4012 (2.
2719 3943 2854 4001 Tim.
2893 3945 2948 4001 4.
2979 3944 3056 4017 7).
3080 3943 3184 4012 Qui
3207 3960 3341 4002 vero
3363 3959 3605 4000 consum-

2017 4042 2162 4086 mato
2207 4046 2364 4087 cursu
2411 4047 2668 4098 coronam
2728 4044 3042 4106 accepturus
3097 4045 3213 4104 est,
3275 4049 3604 4108 nequaquam

2017 4124 2240 4191 diceret,
2273 4123 2396 4179 Non
2419 4126 2635 4182 arbitror
2676 4129 2924 4199 nteipsum
2963 4130 3424 4200 comprehendisse.
3454 4129 3602 4194 Alio-3

2018 4215 2143 4286 quin
2187 4224 2364 4271 autem
2409 4233 2528 4288 quae
2557 4219 2759 4290 agenda
2785 4229 2840 4278 et
2861 4235 2979 4291 quze
3008 4235 3118 4277 non
3139 4222 3345 4288 agenda
3365 4227 3489 4276 sunt
3508 4233 3599 4274 ne,-

2018 4307 2148 4362 mini
2193 4316 2317 4364 sunt
2359 4310 2595 4376 incerta;
2623 4311 2718 4367 sed
2757 4311 3007 4384 omnibus
3053 4295 3338 4367 manifesta
3377 4320 3433 4367 et
3460 4318 3600 4369 nota.

2017 4407 2073 4456 et
2109 4399 2349 4454 barbaris
2382 4409 2437 4456 et
2479 4400 2690 4466 Persis,
2737 4411 2794 4457 et
2835 4402 2931 4459 toti
2966 4401 3238 4472 hominum
3280 4401 3484 4473 generi.
3535 4398 3602 4454 Ut

2018 4503 2194 4556 autem
2239 4494 2290 4549 id
2338 4494 2536 4552 clarius
2577 4495 2818 4562 reddam,
2855 4511 2974 4565 quae
3019 4495 3157 4550 hanc
3176 4495 3472 4552 clausulam
3512 4505 3600 4557 se-

2018 4593 2251 4656 quuntur
2291 4585 2486 4656 legam.
2513 4585 2797 4656 Postquam
2843 4586 3087 4654 dixisset,
3123 4585 3304 4644 Videte
3335 4601 3503 4649 canes,
3531 4583 3600 4637 vi-

2018 4675 2127 4740 dete
2165 4675 2324 4741 malos
2363 4676 2618 4746 aperarios
2651 4675 2904 4747 (Philipp.
2933 4678 2986 4733 5.
3016 4676 3098 4748 2),
3128 4691 3193 4732 ac
3229 4677 3397 4732 multa
3436 4674 3599 4729 disse.

2019 4765 2214 4821 ruisset
2254 4765 2322 4827 de
2360 4765 2446 4833 iis,
2482 4766 2572 4836 qui
2618 4766 2838 4825 Judaica
2881 4767 3128 4837 dogmata
3181 4763 3592 4838 intempestive‘

2023 4855 2313 4920 inducunt,
2357 4855 2631 4924 subjunxit
2651 4855 2668 4887 ί
2698 4873 2711 4908 :
2743 4855 2869 4920 Quae
2903 4857 3027 4922 mihi
3057 4861 3258 4919 fuerunt
3301 4856 3472 4919 lucra,
3495 4853 3597 4906 Iure

2019 4945 2290 5001 arbitratus
2327 4961 2442 4998 sum
2487 4955 2691 5018 propter
2733 4945 2988 5000 Christum
3040 4947 3335 5002 detrimenta
3357 4961 3377 5000 :
3403 4957 3596 4998 verum-

1977 5029 2000 5058 ²
2021 5046 2188 5090 tamen
2237 5037 2465 5090 existimo
2511 5039 2681 5090 omnia
2723 5039 3074 5092 detrimentum
3114 5055 3242 5104 esse,
3282 5047 3337 5092 ut
3384 5033 3597 5095 inueniat:

2021 5145 2122 5183 non
2142 5128 2328 5185 habens
2362 5129 2616 5200 justitiam
2638 5145 2751 5198 qua:
2770 5146 2831 5184 ea:
2855 5130 2961 5200 lege
2989 5141 3092 5194 est;
3118 5131 3204 5186 sed
3218 5129 3470 5200 justitiam
3490 5134 3598 5194 qua

2021 5234 2084 5272 ea:
2126 5217 2228 5285 Deo
2271 5229 2381 5285 est,
2408 5235 2522 5290 qua:
2564 5237 2653 5288 per
2679 5220 2834 5289 ﬁdem
2863 5221 2990 5275 Jesu
3027 5221 3212 5276 Christi
3252 5230 3324 5275 est
3363 5215 3519 5291 (Ibid.
3547 5228 3592 5266 ν.

2022 5308 2073 5363 7-
2099 5307 2175 5380 9)-
2195 5309 2384 5370 Postea
2411 5309 2541 5380 dicit
2560 5311 2627 5365 de
2645 5327 2750 5381 qua
2776 5312 2881 5368 ﬁde
2895 5313 3141 5382 loquatur
3163 5329 3177 5365 :
3205 5311 3273 5367 Ut
3297 5326 3411 5366 eum
3427 5318 3598 5376 cogna-

2020 5417 2208 5455 scerem
2228 5444 2243 5468 ,
2285 5411 2329 5455 et
2372 5404 2644 5470 potentiam
2686 5405 3059 5459 resurrectionis
3097 5407 3206 5475 ejus
3244 5415 3290 5459 et
3325 5401 3594 5457 societatem

2023 5492 2311 5564 passionum
2326 5493 2436 5563 ejus
2451 5491 2614 5564 (Ibid.
2639 5507 2690 5549 υ.
2711 5493 2820 5564 10).
2851 5494 2987 5562 Quid
3012 5505 3113 5562 cst,
3135 5493 3414 5550 Potentiam
3433 5501 3591 5544 resur-

2085 5673 2102 5702 ‘
2145 5669 2382 5746 Sicﬁet“:
2404 5677 2457 5722 ει
2492 5673 2698 5746 matrima
2734 5685 2845 5746 rm
2883 5675 3327 5746 ιηθηιιῆονίριρηπῑ-
3365 5660 3586 5746 ιιξὲετῖὲ

2022 5743 2172 5798 vero,
2217 5739 2476 5798 opportune
2514 5734 2795 5795 subiunxit,
2842 5734 3138 5798 anteposita’
3165 5735 3502 5798 virgula.‘_|tox
3540 5734 3584 5798 Ill

2025 5793 2186 5842 Morel.
2207 5790 2428 5853 quietiam
2445 5790 2667 5868 deerant,
2693 5790 2804 5872 qui
2829 5811 2886 5849 ex
2917 5790 3057 5866 savii.
3083 5807 3135 5853 et
3155 5790 3264 5851 Μειιεῖ
3284 5790 3437 5860 add“?
3465 5790 3582 5854 “lilii

3349 5897 3402 5929 επεν
