3918 6404
199 369 304 428 717

202 483 444 540 verbenis
483 483 626 555 ejus?
670 479 864 545 Novus,
915 475 1103 545 inquit,
1153 470 1558 529 resurrectionis
1599 468 1789 523 modus

205 585 458 631 ostensus
487 581 587 628 est.
617 571 766 625 Multi
794 568 1003 638 quidem
1026 576 1179 620 antea
1209 563 1400 618 mortui
1429 574 1788 625 resurrexere,

207 668 311 722 hoc
358 665 522 718 modo
568 662 766 716 nullus.
801 659 898 714 Alii
944 658 1140 728 quippe
1183 668 1369 708 omnes
1394 661 1671 723 postquam
1702 656 1790 703 re-

206 765 589 820 surrexerant,
621 767 829 807 rursum
872 751 924 804 in
979 758 1172 804 terram
1220 747 1513 812 redierunt,
1543 758 1605 797 ac
1638 757 1788 796 mor-

204 849 274 902 tis
303 843 583 918 tyrannide
604 843 668 897 ad
699 852 906 912 tempus
932 839 1159 904 liberati,
1187 852 1370 892 rursus
1396 836 1496 889 sub
1538 833 1653 904 ejus
1694 833 1795 886 im-

206 939 416 1010 perium
444 934 645 991 redacti
674 945 798 988 sunt
826 951 838 986 :
869 947 1062 1001 corpus
1089 940 1264 984 autem
1289 927 1618 982 Dominicum
1644 935 1791 994 post-

204 1043 367 1099 quam
397 1032 782 1086 resurrexerat,
816 1037 920 1075 non
952 1023 1003 1074 in
1036 1030 1232 1075 terram
1254 1017 1428 1082 rediit,
1449 1017 1540 1071 sed
1562 1018 1616 1070 in
1633 1015 1792 1069 caelos

203 1117 468 1181 ascendit,
499 1124 553 1170 et
579 1124 741 1169 totam
786 1112 986 1168 inimici
1031 1109 1363 1181 tyrannidem
1408 1107 1588 1172 solvit,
1633 1115 1792 1175 atque

204 1225 390 1266 secum
439 1217 609 1262 totum
656 1207 838 1260 orbem
887 1203 1184 1266 suscitavit,
1228 1202 1442 1271 jamque
1492 1205 1544 1253 in
1599 1198 1789 1252 throno

206 1303 356 1372 regio
386 1299 554 1356 sedet.
581 1298 706 1352 Haec
750 1297 928 1351 omnia
959 1309 1078 1350 cum
1105 1301 1283 1347 mente
1311 1292 1544 1346 volveret
1575 1289 1788 1355 Pauius,

203 1404 261 1450 et
286 1392 611 1447 ostendisset
643 1397 719 1444 tot
745 1397 992 1456 tantaque
1033 1384 1291 1438 mirabilia
1333 1399 1437 1436 non
1465 1382 1668 1436 ratione
1695 1379 1792 1434 de-

205 1486 306 1540 clat
321 1482 398 1536 ari
428 1496 602 1552 posse,
637 1479 732 1534 sed
776 1479 878 1533 lide
917 1478 1087 1532 solum
1133 1491 1288 1545 posse
1327 1474 1504 1529 doceri
1534 1482 1588 1527 et
1616 1471 1794 1526 decla-

206 1575 337 1640 rari,
369 1573 578 1628 dicebat
609 1590 623 1627 :
656 1570 720 1624 In
749 1569 850 1639 ﬁde
875 1569 942 1622 ad
961 1567 1359 1639 cognoscendum
1399 1566 1670 1636 potentiam
1711 1581 1790 1617 re-

203 1665 528 1719 surrectionis
564 1664 694 1734 ejus.
723 1660 856 1715 Nam
902 1659 946 1714 si
996 1660 1129 1712 ratio
1167 1657 1324 1711 [idem
1373 1657 1643 1710 declarare
1687 1671 1793 1710 non

203 1764 402 1828 potest,
420 1756 541 1825 quia
569 1764 622 1809 et
650 1753 895 1807 humanas
921 1760 1120 1805 natura:
1153 1760 1362 1819 captum
1384 1758 1441 1803 et
1457 1763 1793 1803 communem

207 1863 390 1903 rerum
430 1847 623 1901 seriem
670 1854 923 1916 superat,
955 1845 1399 1899 resurrectionem
1446 1844 1588 1898 illam
1613 1883 1627 1908 ,
1675 1858 1793 1912 qure

210 1949 356 1993 tanto
382 1937 662 1991 intervallo
687 1936 864 1990 dilfert
885 1936 952 1990 ab
991 1936 1107 1988 aliis
1148 1935 1646 1996 resurrectionihus,
1675 1948 1794 2002 quae

209 2027 404 2098 poterit
429 2028 565 2081 ratio
590 2026 988 2081 demonstrare?
1009 2025 1160 2079 Nulla
1185 2034 1332 2079 certe
1361 2042 1374 2078 :
1397 2023 1492 2079 sed
1511 2025 1623 2079 sola
1643 2025 1795 2079 nobis

205 2133 341 2187 opus
359 2125 444 2172 est
460 2118 687 2187 ﬁde,qua
706 2132 1018 2187 persuasum
1043 2116 1551 2186 habeamus,corpus
1572 2116 1796 2170 mortale

207 2208 584 2270 resurrexisse,
619 2215 672 2261 et
702 2203 1055 2260 immortalem
1089 2207 1358 2275 accepisse
1389 2207 1568 2268 vitam,
1590 2207 1794 2260 nullum

209 2299 368 2353 ﬁnem
405 2298 489 2352 vel
518 2297 800 2351 terminum
843 2298 1148 2353 habentem.
1178 2298 1330 2364 Quod
1359 2307 1412 2354 et
1435 2299 1559 2354 alibi
1589 2297 1797 2368 signiﬁ-

210 2389 366 2442 cabat
386 2387 470 2442 his
486 2389 661 2442 verbis
683 2407 696 2444 :
723 2388 950 2443 Christus
970 2391 1235 2444 suscitatus
1257 2407 1356 2444 non
1377 2392 1589 2444 moritur
1613 2406 1631 2445 :
1661 2407 1798 2445 mors

207 2479 283 2532 illi
328 2478 467 2532 ultra
502 2496 600 2532 non
632 2480 1003 2552 dominabitur(
1029 2481 1179 2536 Rom.
1209 2481 1261 2537 6.
1287 2482 1378 2552 9);
1411 2483 1481 2536 ita
1520 2492 1577 2536 ut
1601 2482 1796 2553 duplex

207 2562 366 2616 fuerit
398 2563 741 2630 miraculum,
761 2574 815 2618 et
844 2565 1221 2631 resurrexisse,
1251 2578 1306 2620 et
1327 2566 1416 2620 illo
1434 2566 1590 2620 modo
1619 2583 1798 2622 resur-

206 2652 434 2706 rexisse.
450 2651 573 2707 Ideo
587 2653 848 2720 dicebat,l
855 2672 885 2708 η
903 2655 1005 2723 ﬁde
1018 2655 1086 2708 ad
1107 2657 1504 2726 cognoscendum
1525 2659 1798 2728 potentiam

206 2745 584 2799 resurrectionis
612 2746 738 2814 ejus.
777 2745 928 2812 Quod
969 2747 1013 2800 si
1059 2748 1502 2804 resurrectionem
1529 2749 1644 2819 ejus
1691 2764 1795 2805 non

208 2851 495 2907 possumus
507 2837 708 2892 ratione
721 2838 928 2908 assequi
939 2849 1153 2907 ,quanto
1166 2840 1337 2894 minus
1352 2856 1412 2896 su
1420 2855 1632 2909 pernam
1645 2855 1800 2910 gene-

205 2926 495 2982 rationem?
509 2927 580 2981 De
597 2926 678 2982 his
689 2943 849 2999 porro
867 2928 1140 2998 disputans
1156 2923 1365 2997 Paulus,
1389 2947 1593 2986 necnon
1610 2931 1674 2986 de
1686 2947 1799 2985 cru-

206 3031 268 3071 ce
290 3025 346 3071 et
365 3017 610 3087 passione
636 3017 877 3088 loquens,
908 3018 1021 3073 hazc
1043 3036 1251 3092 quoque
1269 3021 1333 3075 ad
1355 3021 1512 3076 ﬁdem
1531 3024 1797 3091 pertinere

207 3108 340 3164 dixit
364 3126 377 3162 :
397 3124 622 3181 cumque
640 3110 706 3165 de
727 3111 810 3165 his
835 3126 1136 3167 sermonem
1159 3111 1450 3178 habuisset,
1481 3113 1756 3182 subjunxit
1779 3131 1792 3167 :

212 3200 439 3267 Fratres,
469 3219 558 3273 ego
586 3219 666 3257 me
689 3220 789 3258 non
829 3205 1044 3258 arbitror
1085 3207 1518 3276 comprehendisse
1538 3207 1795 3278 (Philipp.

210 3291 399 3364 3.13).
420 3293 532 3347 Νοη
548 3293 706 3360 dixit,
733 3293 852 3365 Ego.
870 3312 974 3349 non
996 3295 1224 3350 arbitror
1250 3313 1336 3351 me
1365 3297 1521 3362 scire,
1547 3297 1640 3352 sed
1657 3314 1796 3352 com-

207 3383 729 3453 prehendissemeque
744 3385 1106 3440 omnimodam
1122 3387 1670 3459 ignorantiam,neque
1687 3404 1797 3443 om-

208 3475 478 3530 nimodam
494 3476 766 3531 scientiam
778 3477 875 3532 sibi
895 3478 1195 3550 adscripsit.
1212 3479 1342 3534 Cum
1360 3481 1500 3536 enim
1519 3481 1798 3547 dicit,Non

208 3569 424 3622 arbitror
441 3569 874 3640 comprehendisse
889 3613 903 3639 ,
926 3571 1186 3642 signiﬁcat
1211 3589 1270 3628 se
1291 3572 1466 3629 adhuc
1489 3575 1540 3629 in
1573 3575 1655 3629 via
1677 3590 1798 3632 esse

208 3671 258 3712 et
278 3661 376 3722 ire,
397 3659 722 3731 ulteriusque
742 3662 1008 3733 progredi,
1039 3664 1132 3718 sed
1161 3664 1317 3721 ﬁnem
1344 3665 1576 3722 nondum
1594 3667 1801 3738 attigis-

210 3751 409 3818 se.Qua
426 3751 494 3806 de
517 3767 595 3816 re,
616 3753 746 3807 alios
758 3769 967 3824 quoque
979 3753 1228 3810 admonet
1246 3755 1327 3811 his
1343 3758 1546 3812 verbis:
1565 3759 1799 3826 Quicum-

209 3857 304 3910 que
331 3842 537 3913 perfecti
583 3859 774 3909 sumus,
820 3844 913 3898 hoc
954 3847 1280 3913 sentiamus;
1323 3856 1367 3902 et
1406 3850 1450 3903 si
1487 3850 1609 3920 quid
1655 3849 1799 3903 aliud

208 3933 385 4001 sapitis
404 3974 419 3999 ,
447 3933 541 3986 hoc
568 3936 709 3988 Deus
736 3935 872 3989 vobis
907 3935 1146 3990 reuelabit
1187 3935 1364 4008 (Ibid.
1397 3952 1441 3992 tt.
1467 3939 1533 3994 15
1558 3939 1600 4008 ).
1642 3939 1799 3995 Ratio

209 4023 385 4090 docet,
413 4025 505 4079 sed
535 4025 675 4080 Deus
703 4026 981 4081 revelabit.
1008 4027 1164 4082 Vides
1191 4045 1294 4082 non
1323 4029 1390 4084 de
1423 4031 1524 4084 vita
1552 4041 1605 4086 et
1627 4032 1796 4086 mori-

207 4113 310 4169 bus
351 4114 456 4184 agi,
508 4115 599 4169 sed
641 4116 708 4170 de
755 4117 1091 4188 dogmatibus
1119 4128 1171 4171 et
1215 4119 1356 4174 ﬁde?
1406 4119 1521 4175 Vita
1563 4121 1704 4176 enim
1745 4132 1800 4178 et

165 4246 170 4256 .
208 4220 393 4260 mores
431 4219 537 4262 non
577 4220 710 4276 Opus
747 4208 945 4263 habent
975 4211 1319 4278 revelatione,
1347 4211 1439 4267 sed
1468 4213 1714 4283 dogmata
1746 4221 1801 4270 et

209 4297 455 4351 scicntia.
491 4297 556 4352 Et
580 4295 706 4356 alibi
727 4293 935 4370 quoque
968 4302 1195 4372 idipsnm
1227 4304 1506 4360 declarans
1548 4306 1796 4362 dicebat:

209 4389 272 4443 Si
292 4391 406 4457 quis
447 4391 696 4444 existimat
737 4409 791 4445 se
825 4392 1019 4464 aliquid
1056 4413 1220 4464 nosse,
1260 4397 1482 4452 nondum
1525 4400 1800 4470 quidquam

208 4481 345 4533 novit
377 4481 451 4551 (i.
483 4479 595 4535 Cor.
621 4479 672 4536 8.
703 4480 784 4554 2).
806 4483 922 4539 Non
951 4485 1083 4540 dixit
1111 4487 1442 4558 simpliciter,
1465 4489 1608 4545 Nihil
1630 4492 1797 4560 novit,

207 4570 306 4626 sed
334 4568 775 4641 quemadmodum
807 4585 1050 4644 oporteat
1088 4578 1228 4633 scire
1260 4596 1272 4632 :
1306 4579 1580 4635 scientiam
1603 4582 1800 4654 quippe

209 4661 393 4726 habet,
421 4661 514 4716 sed
541 4679 646 4717 non
673 4675 972 4720 accuratam
999 4678 1051 4722 et
1079 4669 1386 4737 perfectam.

284 4754 336 4806 7.
368 4751 542 4822 Atque
570 4763 624 4808 ut
652 4753 703 4809 id
731 4768 916 4810 verum
945 4771 1063 4812 esse
1089 4757 1282 4826 discas,
1308 4761 1438 4815 nihil
1459 4761 1526 4817 de
1551 4764 1798 4834 supernis

208 4842 558 4910 disseramus,
579 4845 670 4899 sed
700 4846 744 4900 sl
777 4847 858 4901 vis
885 4848 952 4902 ad
973 4849 1196 4904 visibilia
1224 4852 1474 4907 deorsum
1496 4870 1799 4913 sermonem

211 4943 603 4990 convertamus.
637 4931 750 4991 Non
795 4937 942 4993 vides
985 4939 1086 4994 hoc
1131 4943 1362 4997 caelum?
1390 4944 1541 5012 Quod
1587 4948 1800 5018 quidem

211 5037 443 5080 camerae
491 5026 582 5081 vel
623 5026 839 5083 fornicis
885 5028 1108 5084 formam
1161 5043 1337 5087 servet
1376 5037 1594 5103 scimus,
1645 5038 1802 5108 idque

213 5127 320 5171 non
362 5116 660 5181 ratiocinio,
710 5117 803 5172 sed
846 5134 912 5173 ex
958 5119 1229 5190 Scriptura
1275 5123 1450 5180 divina
1499 5127 1798 5184 discimus:

212 5207 411 5262 scimus
442 5207 568 5262 item
596 5208 767 5277 ipsum
807 5218 968 5264 totam
1013 5213 1294 5281 complecti
1336 5224 1550 5283 terram,
1580 5220 1701 5290 quia
1730 5221 1804 5275 si-

214 5299 411 5354 militer
433 5298 504 5354 ab
532 5299 717 5354 eadem
745 5300 1018 5372 Scriptura
1046 5303 1096 5358 id
1136 5296 1450 5373 didicimus;
1479 5312 1630 5380 cujus
1671 5328 1800 5370 vero

213 5391 528 5445 substantiae
557 5391 626 5444 sit
665 5392 988 5461 ignoramus.
1016 5393 1070 5449 Si
1097 5396 1213 5464 quis
1241 5406 1416 5452 autem
1460 5412 1719 5474 repugnet
1747 5415 1804 5459 et

211 5481 519 5549 contendat,
548 5482 690 5539 dicat
725 5499 844 5555 qua:
888 5484 956 5540 sit
980 5485 1094 5540 caeli
1135 5485 1450 5558 substantia,
1481 5501 1547 5546 an
1575 5497 1800 5565 crystal-

1139 358 1223 413 DE
1261 346 1937 412 lNCUXiPREHENSIBILl
1978 346 2090 402 DEi
2123 347 2426 407 NATURA.
2469 349 2532 410 ΙΙ.

3375 351 3486 410 718

1898 469 2277 548 lusconcreta,
2317 485 2384 522 an
2427 472 2596 523 nubes
2639 469 2949 537 addensata,
2981 486 3047 525 an
3078 487 3170 527 aer
3211 475 3484 529 crassior?

1897 544 2002 615 Sed
2015 533 2190 614 inemo
2215 559 2266 613 id
2296 560 2450 628 plane
2491 558 2667 614 dicere
2690 569 2890 618 potest.
2922 560 3077 626 Num,
3114 579 3315 633 quaeso,
3351 566 3486 620 ulte-

1901 649 2042 705 riore
2067 664 2202 721 opus
2229 657 2314 704 est
2345 649 2795 704 demonstratione
2823 649 2888 704 ad
2916 667 3102 706 eorum
3131 655 3486 723 comproban-

1896 741 2016 796 dam
2039 741 2319 803 insaniam,
2343 742 2430 811 qui
2458 755 2517 795 se
2540 740 2704 794 Deum
2732 755 2890 795 nosse
2916 741 3099 796 dicunt
3123 783 3137 808 ,
3166 742 3317 807 Caeli,
3342 745 3482 814 quod

1895 835 2129 904 quotidie
2158 834 2354 897 cernis,
2390 843 2628 888 naturam
2674 847 2780 886 non
2808 841 2958 902 potes
2985 835 3183 898 dicere;
3217 843 3271 887 et
3299 835 3486 888 invisi-

1895 926 2016 981 bilis
2051 926 2144 980 Dei
2175 925 2522 981 substantiam
2556 933 2606 978 te
2637 924 2797 992 probe
2826 939 2981 979 nosse
3001 924 3258 994 jactitas?
3290 925 3486 995 Ecquis

1896 1018 1966 1071 ita
1993 1031 2184 1072 sensus
2228 1032 2445 1086 expers,
2477 1023 2537 1071 ut
2566 1016 2687 1070 talia
2727 1017 3053 1086 loquentium
3093 1017 3353 1072 insaniam
3382 1033 3487 1072 non

1892 1107 2112 1161 damnet
2137 1106 2161 1159 ?

1965 1197 2228 1252 Moderate
2272 1213 2387 1249 cum
2423 1196 2674 1254 haereticis
2723 1195 2992 1267 agendum.
3038 1226 3109 1236 —
3152 1195 3488 1266 Quapropter

1893 1304 2025 1359 rogo
2067 1303 2160 1342 vos
2189 1303 2397 1354 omnes,
2433 1294 2492 1342 ut
2508 1286 2791 1344 .moderate
2829 1295 3036 1342 etcum
3078 1289 3486 1344 mansuetudine

1896 1378 2039 1447 ipsos
2062 1379 2416 1447 al‘loqnentes,
2443 1392 2540 1433 ceu
2562 1377 2810 1447 phrenesi
2841 1387 3024 1448 captos
3051 1388 3104 1433 et
3133 1377 3388 1445 furentes,
3420 1378 3487 1435 ad

1891 1471 2166 1526 meliorem
2199 1470 2404 1540 frugem
2432 1469 2690 1525 reducere
2731 1470 2948 1525 curetis.
2983 1471 3189 1525 Etenim"
3234 1471 3334 1526 hoc
3361 1473 3487 1542 ipsis

1891 1565 2083 1635 dogma
2130 1579 2196 1619 ex
2261 1563 2562 1633 arrogantia
2613 1574 2788 1618 ortum
2843 1571 2927 1618 est
2971 1581 2986 1617 :
3033 1565 3370 1635 maximoque
3415 1564 3487 1620 illi

1891 1657 2052 1709 animi
2083 1663 2292 1710 tumore
2324 1655 2585 1709 laborant.
2616 1654 2847 1709 Vulnera
2887 1665 3070 1710 autem
3098 1658 3444 1712 tumescentia
3469 1700 3485 1725 ,

1893 1761 2064 1815 neque
2103 1746 2202 1801 sibi
2247 1746 2391 1813 injici
2436 1759 2646 1808 manus,
2699 1759 2872 1814 neque
2920 1751 3116 1799 tactum
3159 1747 3486 1815 asperiorem

1891 1839 2185 1911 patiuntur.
2215 1831 2572 1907 Quamobrem
2624 1839 2779 1908 periti
2829 1838 3021 1893 medici
3073 1839 3217 1892 molli
3258 1840 3486 1910 quadam

1893 1931 2111 2002 spongia
2142 1931 2258 1986 hmc
2285 1931 2598 2001 abstergunt
2645 1932 2845 1986 ulcera.
2893 1931 3152 1996 Quoniam
3195 1947 3321 2002 ergo
3352 1933 3486 1988 inest

1893 2025 2126 2094 ipsorum
2173 2025 2363 2078 animis
2409 2025 2558 2079 ulcus
2598 2022 2854 2090 inﬁatum,
2889 2026 3037 2095 quasi
3084 2026 3226 2080 molli
3268 2029 3486 2097 spongia

1891 2116 2101 2172 dulcem
2123 2117 2517 2189 potabilemque
2539 2133 2728 2188 aquam
2746 2117 3069 2180 haurientes.
3084 2120 3266 2189 sicque
3284 2120 3487 2175 abster-

1893 2207 1968 2261 sis
1997 2207 2244 2262 omnibus
2273 2222 2457 2262 eorum
2484 2216 2747 2263 tumorem
2775 2209 3128 2278 comprimere
3169 2223 3488 2279 omnemque

1897 2299 2119 2354 livorem
2146 2298 2356 2353 auferre
2381 2307 2682 2370 satagamus
2711 2317 2725 2351 :
2748 2300 2848 2354 etsi
2867 2300 3215 2354 contumelias
3237 2300 3487 2364 inferant,

1897 2389 1995 2445 etsi
2046 2390 2403 2455 recalcitrant,
2459 2389 2558 2444 etsi
2615 2390 3038 2459 inspuant,_etsi
3089 2391 3300 2461 quidvis
3347 2391 3488 2448 aliud

1897 2479 2112 2543 faciant,
2164 2494 2232 2534 ne
2274 2479 2494 2533 curandi
2536 2478 2770 2534 studium
2821 2479 3072 2544 deseras,
3123 2480 3488 2536 dilectissime.

1892 2570 2026 2626 Nam
2055 2585 2168 2637 eos,
2200 2571 2288 2642 qui
2335 2572 2590 2626 furiosum
2637 2578 2827 2626 curant
2870 2571 3165 2640 hominem,
3206 2573 3368 2626 multa
3414 2573 3491 2628 si-

1894 2663 2039 2717 milia
2069 2663 2211 2718 ferre
2254 2677 2475 2718 necesse
2523 2671 2606 2717 est
2639 2681 2652 2717 :
2681 2671 2913 2717 attamen
2941 2678 3047 2717 non
3095 2675 3374 2734 propterea
3399 2663 3492 2719 de.

1893 2756 2188 2811 sistendum
2210 2772 2224 2821 ;
2249 2756 2342 2810 sed
2369 2755 2488 2811 ideo
2510 2756 2748 2810 maxime
2769 2756 3004 2824 ipsorum
3025 2757 3293 2811 miseriam
3312 2758 3493 2826 lugere

1895 2846 2168 2913 convenit,
2195 2847 2320 2916 quia
2347 2847 2467 2900 talis
2483 2855 2564 2901 est
2602 2845 2758 2915 hujus
2786 2846 2956 2900 morbi
2985 2847 3209 2916 species.
3244 2847 3372 2901 Haec
3400 2848 3488 2901 ﬁr-

1898 2940 2155 2994 miorihus
2175 2950 2228 2994 et
2271 2939 2580 2994 fortioribus
2602 2939 2810 3009 loquor,
2845 2940 2931 3006 qui
2965 2940 3164 2993 nullum
3206 2953 3270 2994 ex
3303 2952 3490 2994 eorum

1895 3029 2164 3100 colloquio
2216 3031 2460 3098 accipere
2509 3029 2714 3099 possint
2757 3021 3160 3083 detrimentum.
3219 3029 3399 3098 Itaque
3447 3030 3492 3084 si

1895 3123 2016 3193 quis
2043 3120 2305 3176 inﬁrmior
2327 3121 2418 3185 sit,
2451 3135 2635 3175 eorum
2658 3120 2987 3174 consortium
3013 3118 3197 3188 fugiat,
3217 3120 3281 3173 ab
3306 3135 3491 3174 eorum

1896 3213 2176 3284 colloquiis
2205 3213 2424 3277 resiliat,
2458 3227 2527 3266 ne
2556 3211 2807 3266 amicitiae
2851 3211 2990 3266 ratio
3017 3212 3307 3281 impietatis
3334 3225 3492 3267 occa-

1896 3307 1978 3362 sio
2006 3304 2216 3360 evadat.
2245 3304 2334 3359 Sic
2353 3313 2408 3358 et
2432 3302 2631 3357 Paulus
2653 3302 2798 3368 facit,
2829 3303 2940 3372 ipse
2960 3301 3173 3372 quidem
3192 3317 3314 3357 cum
3337 3303 3492 3372 mgris

1897 3405 2161 3464 versatur,
2183 3404 2238 3452 et
2256 3396 2330 3450 ait
2362 3411 2378 3450 :
2412 3394 2600 3449 Factus
2621 3409 2734 3449 sum
2757 3393 2956 3449 Judceis
2978 3404 3233 3464 tamquam
3252 3393 3491 3462 Judteus,

1895 3493 1960 3546 iis
1979 3491 2064 3562 qui
2081 3492 2188 3546 sine
2201 3491 2308 3562 lege
2319 3500 2480 3556 erant,
2501 3501 2752 3563 tamquam
2775 3490 2884 3546 sine
2901 3491 3009 3562 tege
3023 3507 3179 3545 essem
3202 3493 3276 3563 (Ι.
3303 3491 3420 3546 Cor.
3434 3492 3492 3547 9.

1895 3582 1984 3638 20.
2017 3581 2132 3651 21),
2167 3581 2461 3652 discipulos
2504 3591 2680 3637 autem
2713 3580 3037 3636 inﬁrmiores
3066 3589 3272 3648 avocat,
3303 3581 3494 3651 hisque

1897 3675 2074 3729 verbis
2091 3681 2344 3727 monetae
2356 3672 2512 3727 docet
2527 3691 2540 3726 :
2557 3671 2896 3743 Corrumpunt
2908 3671 3064 3726 bonos
3075 3688 3235 3726 mores
3245 3672 3494 3742 colloquia

1899 3780 2056 3835 prava
2073 3763 2235 3836 (Ibid.
2269 3765 2353 3819 15.
2375 3763 2496 3834 53);
2520 3778 2829 3828 acrnrsum,
2847 3762 2995 3817 Exite
3013 3763 3075 3817 de
3102 3762 3266 3817 medio
3293 3777 3489 3831 eorum,

1899 3864 1945 3909 et
1979 3854 2307 3924 separamini,
2337 3853 2458 3907 dicit
2488 3852 2739 3908 Dominus
2770 3852 2847 3924 (2.
2877 3851 2996 3907 Cor.
3023 3853 3076 3907 6.
3111 3851 3223 3924 l7).
3252 3853 3489 3908 Medicus

1898 3947 2042 4000 enim
2082 3945 2126 3999 si
2157 3955 2411 4014 aegrotum
2461 3943 2635 4010 adeat,
2675 3954 2729 3998 et
2767 3943 2865 3999 sibi
2911 3952 2964 3998 et
3007 3943 3082 3998 illi
3125 3958 3494 4013 srepcnumero

1851 4062 1858 4069 -
1899 4035 2152 4106 prodest;
2185 4034 2448 4089 inﬁrmior
2475 4043 2650 4090 autem
2691 4042 2745 4089 et
2788 4034 2888 4089 sibi
2915 4043 2970 4089 et
3012 4042 3212 4105 aegroto
3243 4043 3421 4095 nocet.
3448 4034 3494 4088 si

1898 4142 2020 4182 cum
2037 4125 2194 4196 argris
2210 4125 2598 4180 admisceatur:
2617 4125 2762 4179 illum
2785 4126 2981 4194 quippe
3009 4125 3138 4179 nihil
3151 4125 3338 4194 juvare
3356 4133 3494 4194 pote-

1897 4217 1988 4280 rit,
2018 4216 2239 4286 ipseque
2268 4229 2333 4269 ex
2356 4213 2667 4286 mgritudine
2693 4227 2942 4285 magnum
2972 4214 3184 4268 hauriet
3203 4229 3490 4269 nocumen-

1901 4316 2031 4361 tum.
2087 4306 2345 4375 Quodque
2391 4307 2426 4361 ii
2478 4308 2749 4377 patiuntur
2792 4306 2881 4377 qui
2928 4307 3266 4376 lippientium
3310 4308 3495 4362 oculos

1901 4399 2243 4470 inspicientes
2265 4399 2406 4454 illius
2425 4399 2526 4453 sibi
2544 4399 2863 4454 inﬁrmitatis
2883 4399 3082 4469 aliquid
3108 4399 3402 4466 attrahunt,
3422 4401 3490 4455 id-

1901 4491 2073 4560 ipsum
2099 4490 2367 4560 patientur
2393 4490 2425 4543 ii
2443 4491 2531 4560 qui
2556 4505 2677 4546 cum
2707 4488 3034 4560 blasphemis
3061 4491 3163 4546 illis
3190 4490 3494 4550 hominibus

1898 4590 2218 4648 versantur;
2274 4583 2320 4636 si
2368 4581 2690 4637 inﬁrmiores
2736 4582 2863 4648 sint,
2911 4597 3155 4654 magnam
3207 4584 3495 4655 impietatis

1911 4672 2121 4736 partem
2155 4663 2512 4718 contrahunt.
2542 4662 2621 4719 Ne
2647 4664 2814 4736 igitur
2833 4667 3071 4720 maxima
3100 4668 3259 4724 nobis
3294 4669 3496 4726 damna

1911 4757 2214 4814 inferamus
2232 4797 2248 4822 ,
2276 4758 2495 4813 illorum
2526 4758 2864 4813 consortium
2892 4757 3126 4817 vitemus
3147 4801 3163 4825 ,
3188 4759 3356 4816 Deum
3385 4763 3498 4818 cle-

1909 4851 2333 4917 mentissimum,
2352 4851 2574 4920 quivult
2594 4866 2784 4906 omnes
2805 4851 3054 4908 homines
3079 4854 3260 4908 salvos
3283 4855 3418 4919 ﬁeri,
3440 4865 3495 4910 et

1908 4944 1977 4999 ad
1995 4944 2324 5014 agnitionem
2343 4944 2588 4998 veritatis
2601 4944 2783 4998 venire
2800 4944 2844 5014 (l
2861 4944 3085 5000 .Tim.2.
3106 4946 3184 5015 4),
3207 4957 3491 5015 precantes

1903 5039 2372 5108 obsecrantesque,
2403 5046 2464 5092 ut
2507 5053 2600 5093 eos
2629 5039 2696 5093 ab
2725 5051 2908 5093 errore
2935 5036 3124 5092 liberet
3152 5044 3206 5090 et
3245 5051 3275 5089 a
3303 5035 3497 5106 laqueo

1905 5129 2124 5192 diaboli,
2171 5137 2227 5184 et
2268 5129 2334 5182 ad
2384 5129 2560 5184 lumen
2609 5128 2846 5183 scientiae
2887 5127 3111 5183 reducat
3164 5169 3180 5195 ,
3210 5141 3402 5195 nempe
3429 5126 3497 5181 ad

1907 5223 2073 5277 Deum
2105 5223 2314 5277 Patrem
2343 5221 2553 5276 Domini
2599 5221 2765 5276 nostri
2796 5221 2923 5276 Jcsu
2965 5219 3184 5287 Christi,
3212 5235 3331 5275 cum
3363 5219 3498 5275 vivi-

1905 5312 2006 5368 ﬁco
2032 5321 2086 5367 et
2127 5321 2312 5368 sancto
2357 5313 2576 5382 Spiritu,
2608 5313 2692 5367 cui
2733 5313 2900 5383 gloria
2942 5322 2995 5367 et
3026 5312 3328 5382 imperium,
3360 5325 3499 5368 nunc

1903 5410 1959 5458 et
1987 5419 2217 5475 semper,
2246 5413 2302 5459 et
2344 5405 2394 5459 in
2424 5404 2620 5460 sarcula
2645 5403 2984 5461 sarculorum.
3016 5403 3208 5461 Amen.
