3918 6366
525 325 626 381 719

1173 327 1232 389 s.
1269 327 1552 387 JO.\NNIS
1580 327 2064 387 cunvsosrom
2104 331 2422 390 ARCHIEP.
2461 315 2997 399 CONSTANTINOP.

3688 362 3784 421 720

1174 564 1390 673 DE
1446 509 3179 703 INCOMPREHENSIBILI,

905 791 984 834 ET
1025 788 1197 846 QUOD
1237 788 1402 835 νεεδ
1444 788 1529 836 RB
1571 786 1819 842 QUIDEM
1862 784 2008 832 SESE
2053 786 2099 829 Δ·

2207 788 2510 835 ἰΜΡΕῙὶΔΝδ
2554 794 2595 838 Δ
2638 796 2964 848 εειιΑΡωκ
3005 807 3199 854 FEB!"
3242 812 3476 864 POSSI'I‘.

2001 914 2372 970 meoet

1086 1104 1306 1149 HOIILIA
1344 1102 1563 1144 τειιτιι.

603 1225 654 1280 l.
684 1223 958 1280 Laboriosi
999 1223 1270 1294 agricolas,
1302 1238 1423 1277 cum
1453 1221 1702 1277 arborem
1743 1219 1924 1274 vident
1954 1219 2122 1274 infru-

522 1325 764 1374 ctuosam
792 1326 846 1372 et
874 1317 1210 1389 sylvestrem,
1241 1316 1456 1387 suisque
1471 1301 1754 1370 laboribus
1772 1315 2117 1380 officientem,

522 1424 644 1477 qua:
670 1408 756 1463 vel
791 1408 986 1463 radicis
1010 1407 1222 1474 duritie,
1251 1409 1334 1464 vel
1373 1407 1575 1462 umbra:
1612 1405 1893 1472 densitate,
1937 1405 2122 1460 fructi-

525 1502 665 1558 feras
689 1504 884 1572 stirpes
910 1512 1239 1572 corrumpat,
1268 1517 1478 1558 summa
1511 1516 1630 1556 eam
1675 1500 1944 1570 diligentia
1974 1515 2120 1554 resc-

523 1603 668 1649 cant.
716 1594 870 1664 Saepe
907 1603 1084 1648 autem
1132 1604 1322 1648 ventus
1363 1593 1570 1647 irruens
1613 1593 1901 1646 sectionem
1926 1589 2114 1661 juvat,

523 1684 896 1754 frondiumque
920 1699 1126 1740 comam
1153 1684 1438 1754 impetens,
1467 1697 1531 1737 ac
1553 1697 1744 1753 magna
1772 1683 1823 1737 vi
1849 1683 2112 1752 quatiens,

521 1775 718 1846 frangit
757 1776 920 1842 illam,
956 1775 1008 1830 in
1051 1784 1357 1845 terramque
1405 1775 1720 1846 prosternit,
1764 1789 2119 1844 magnamque

521 1867 624 1922 illis
671 1867 869 1922 laboris
916 1875 1118 1937 partem
1167 1867 1359 1922 aufert.
1409 1866 1545 1923 Cum
1593 1880 1721 1936 ergo
1767 1881 1864 1922 nos
1907 1880 2118 1936 quoque

518 1959 769 2014 arborem
801 1959 1194 2030 przecidendam
1223 1975 1473 2016 curemus
1517 1960 1831 2032 sylvestretn
1857 1967 1914 2014 et
1952 1958 2118 2013 infru-

518 2061 778 2118 ctuosam,
804 2057 1186 2108 Anomteorum
1212 2053 1416 2108 scilicet
1437 2052 1704 2116 haeresim,
1730 2051 1896 2106 Deum
1928 2066 2116 2122 prece-

518 2160 658 2212 mur,
691 2155 749 2199 ut
778 2145 930 2200 nobis
956 2145 1186 2216 Spiritus
1210 2145 1432 2216 gratiam
1461 2146 1654 2210 mittat,
1689 2153 1746 2198 ut
1769 2145 1913 2199 omni
1955 2153 2114 2199 vento

517 2237 888 2293 vehementius
937 2239 1230 2307 ingruens,
1279 2237 1525 2293 haeresim
1573 2236 1825 2291 radicitus
1871 2237 2109 2301 evellat,

518 2327 777 2398 nobisque
806 2329 1040 2384 laborem
1089 2329 1280 2384 reddat
1324 2329 1599 2384 leviorem.
1629 2329 1745 2384 Jam
1779 2331 1925 2386 enim
1971 2340 2110 2384 terra

516 2421 736 2488 inculta,
765 2438 883 2492 qua:
912 2423 1264 2493 agricolarum
1295 2423 1541 2478 manibus
1565 2438 1672 2476 non
1714 2422 1944 2478 exercita
1987 2431 2068 2476 est
2090 2463 2106 2490 ,

516 2512 710 2568 herbas
750 2512 989 2580 vitiosas,
1035 2514 1307 2584 spinarum
1340 2514 1442 2568 vim
1475 2525 1529 2570 et
1554 2513 1776 2568 arbores
1821 2513 2109 2585 sylvestres

513 2621 580 2660 ex
607 2607 723 2661 sinu
753 2621 851 2661 suo
877 2622 1023 2676 saepe
1052 2607 1273 2670 eduxit;
1307 2607 1377 2661 ita
1403 2615 1458 2662 et
1489 2608 1867 2663 Anomoeorum
1898 2607 2108 2662 deserta

511 2698 709 2764 anima,
735 2709 788 2752 et
810 2714 876 2753 eo
903 2699 1051 2754 cultu
1077 2699 1165 2768 qui
1193 2715 1259 2753 ex
1280 2699 1572 2768 Scripturis
1593 2708 1772 2754 manat
1796 2699 2016 2768 privata,
2041 2714 2107 2754 ex

510 2804 570 2842 se
615 2788 752 2843 hanc
780 2788 944 2844 feram
989 2790 1366 2864 horridamque
1414 2791 1659 2846 haeresim
1706 2791 1914 2847 eduxit.
1962 2791 2108 2847 Hanc

509 2880 707 2951 quippe
733 2882 980 2936 arborem
1012 2897 1186 2953 neque
1215 2883 1409 2938 Paulus
1441 2884 1718 2954 plantavit,
1766 2900 1868 2940 nec
1914 2884 2105 2955 Apollo

513 2972 726 3042 rigavit,
759 2988 859 3028 nec
890 2974 1030 3029 Deus
1058 2974 1246 3041 auxit;
1278 2975 1374 3030 sed
1401 2975 1657 3045 plantavit
1687 2976 1900 3044 quidem
1943 2977 2108 3033 ratio-

507 3063 768 3118 ciniorum
799 3066 1169 3136 intempestiva
1213 3068 1521 3135 curiositas,
1554 3069 1746 3138 rigavit
1787 3071 2104 3141 arrogantia:

509 3165 707 3221 tumor,
740 3158 888 3212 auxit
931 3173 1082 3213 vana:
1124 3159 1308 3229 gloria:
1353 3177 1524 3216 amor.
1557 3161 1809 3233 Opusque
1839 3165 1993 3220 nobis
2022 3174 2102 3222 cst

505 3246 737 3316 Spiritus
760 3248 994 3315 flamma,
1026 3259 1086 3305 ut
1113 3253 1396 3321 pessimam
1425 3253 1561 3308 hanc
1587 3255 1820 3312 radicem
1849 3274 1954 3312 non
1987 3266 2103 3313 tan-

508 3348 619 3394 tum
663 3342 977 3410 evellamus,
1005 3343 1099 3398 sed
1139 3345 1300 3399 etiam
1343 3345 1740 3403 comburamus.
1789 3348 2102 3407 luvocemus

504 3423 682 3492 itaque
721 3425 916 3494 ipsum,
963 3427 1052 3497 qui
1098 3428 1166 3483 ab
1214 3428 1320 3484 illis
1363 3431 1580 3500 quidem
1621 3433 2039 3504 blasphematur,
2067 3453 2099 3492 a

503 3515 660 3569 nobis
687 3525 867 3570 autem
895 3518 1235 3586 celebratur;
1267 3537 1622 3592 rogemusque
1653 3535 1710 3580 ut
1739 3527 1972 3597 linguam
1999 3545 2098 3585 no-

501 3614 668 3659 Stram
708 3607 774 3660 ad
819 3607 1130 3665 celeriorem
1161 3626 1375 3668 cursum
1419 3616 1633 3683 excitet,
1678 3625 1733 3673 et
1756 3629 1988 3675 mentem
2033 3623 2097 3677 ad

498 3694 780 3751 clariorem
805 3697 1152 3756 dicendorum
1180 3702 1580 3774 intelligentiam
1622 3711 1846 3778 aperiat.
1873 3709 1978 3767 Pro
2006 3713 2098 3769 illo

500 3799 752 3856 namque,
781 3797 837 3843 et
866 3805 963 3858 pro
990 3791 1155 3861 gloria
1187 3793 1302 3863 ejus
1331 3805 1475 3853 totus
1501 3798 1588 3858 hic
1613 3799 1764 3856 labor
1789 3805 2094 3875 suseipitur,

501 3876 609 3932 imo
633 3881 806 3946 potius
831 3897 927 3949 pro
955 3885 1126 3939 salute
1151 3897 1352 3944 nostra.

571 3968 670 4022 Dei
707 3971 882 4025 laudes
923 3990 1022 4027 non
1047 3973 1177 4041 Deo,
1203 3979 1292 4032 sed
1333 3979 1529 4034 homini
1571 3993 1799 4050 prosunt.
1829 4016 1901 4028 -——
1927 3988 2091 4044 Deum

497 4062 642 4116 enim
684 4079 844 4118 nemo
890 4066 974 4120 vel
1023 4071 1416 4126 contemnendo
1463 4074 1675 4140 laedere,
1707 4077 1790 4131 vel
1830 4079 2097 4136 laudando

495 4154 840 4210 illustriorem
882 4157 1055 4215 facere
1102 4164 1337 4230 pcterit;
1385 4166 1479 4221 sed
1525 4168 1579 4222 in
1621 4185 1715 4223 sua
1763 4184 1977 4242 semper
2006 4175 2094 4230 ille

496 4256 674 4300 manet
717 4249 906 4316 gloria,
939 4266 1039 4306 nec
1069 4251 1313 4308 laudibus
1358 4266 1565 4320 auctus,
1598 4275 1700 4316 nec
1749 4261 2092 4334 blasphemiis

494 4335 824 4393 imminutus.
875 4341 1129 4399 Homines
1180 4361 1308 4400 vero
1353 4348 1442 4417 qui
1500 4350 1649 4405 illum
1692 4369 1791 4424 pro
1835 4356 2092 4426 dignitate

494 4426 730 4492 laudant,
775 4431 881 4484 imo
911 4448 1009 4500 pro
1055 4434 1312 4504 dignitate
1355 4455 1515 4495 nemo
1544 4453 1738 4512 petest,
1768 4447 1862 4502 sed
1888 4464 1985 4518 pro
2009 4451 2090 4504 fa-

491 4517 692 4573 cultate
719 4534 837 4586 sua,
872 4521 1044 4578 laudis
1069 4523 1297 4582 fructum
1325 4545 1761 4602 consequuntur:
1792 4517 2088 4608 quiiautem

495 4609 666 4677 ipsum
694 4611 1068 4682 blasphemant
1091 4633 1152 4672 ac
1181 4619 1528 4699 vilipendunt,
1555 4642 1706 4682 suam
1738 4629 1836 4699 ipsi
1863 4634 2086 4690 salutem

491 4703 761 4758 amittunt.
791 4705 922 4761 Illud
947 4709 1088 4763 enim
1107 4751 1122 4774 ,
1157 4696 1258 4776 Qui
1272 4715 1399 4783 jecit
1423 4717 1645 4788 lapidem
1678 4696 1898 4792 sursum,
1921 4726 1973 4780 in
2001 4744 2090 4782 ca-

492 4804 581 4865 put
608 4813 754 4850 suum
774 4799 896 4870 jecit
927 4800 1114 4872 (Eccli.
1157 4804 1248 4860 27.
1280 4807 1397 4880 28),
1429 4809 1497 4865 de
1535 4811 1858 4883 blasphemis
1884 4817 2085 4875 dictum

493 4897 596 4943 est.
621 4887 1083 4957 Quemadmodum
1113 4898 1254 4953 enim
1285 4900 1374 4970 qui
1403 4901 1633 4972 lapidem
1666 4908 1717 4960 in
1748 4907 1910 4964 altum
1935 4912 2085 4980 jacu-

495 4981 650 5047 latur,
677 4983 894 5040 caeleste
930 4987 1146 5057 quidem
1190 5006 1383 5063 corpus
1427 4996 1672 5053 scindere
1699 5016 1802 5055 non
1845 5006 2080 5072 poterit,

490 5091 664 5146 neque
690 5077 758 5133 ad
787 5086 986 5135 tantam
1013 5082 1348 5140 altitudinem
1376 5090 1702 5162 pertingere,
1749 5095 1844 5150 sed
1875 5097 2080 5168 plagam

487 5181 590 5222 suo
631 5171 806 5239 capite
847 5174 1099 5245 excipiet,
1143 5175 1316 5246 lapide
1363 5181 1413 5235 in
1452 5182 1735 5251 jacientem
1767 5188 2078 5246 recidente:

489 5257 568 5312 sic
593 5260 683 5330 qui
715 5261 767 5315 in
794 5263 1004 5320 beatam
1034 5267 1384 5324 substantiam
1415 5272 1768 5343 blaSphemat,
1797 5279 1941 5334 illam
1965 5282 2082 5350 qui-

488 5348 608 5403 dem
663 5367 950 5424 numquam
1004 5357 1238 5425 laaserit,
1295 5373 1477 5432 utpote
1533 5381 1652 5435 qua:
1702 5369 1859 5440 longe
1911 5348 2082 5444 major

487 5443 853 5515 excelsiorque
877 5447 966 5515 sit,
993 5465 1150 5519 quam
1179 5461 1235 5506 ut
1263 5456 1429 5521 possit
1465 5457 1677 5528 aliquod
1704 5461 1953 5518 damnum
1983 5443 2079 5520 ex-

485 5544 707 5600 capere;
751 5536 848 5591 sed
885 5548 1071 5594 contra
1119 5543 1349 5599 animam
1392 5562 1543 5603 suam
1573 5551 1590 5581 ι
1621 5551 1852 5622 gladium
1896 5557 2078 5625 acuit,

547 5686 1006 5774 insignes-fere
1024 5703 1207 5760 uss.,et
1229 5701 1290 5752 ita
1309 5698 1436 5768 legit
1455 5704 1736 5760 Theodorus
1757 5716 1892 5774 Gaza;
1910 5712 2075 5766 Morel.

491 5756 631 5806 vero,
652 5757 794 5814 caput
816 5765 976 5804 suum.

2232 1086 2470 1192 ingratus
2495 1111 2618 1168 erga
2650 1101 3041 1166 benefactorem
3072 1115 3312 1174 effectus.
3345 1120 3602 1182 Vocemus
3629 1127 3792 1201 itaque

2232 1181 2405 1283 ipsum
2420 1186 2738 1290 ineliabilem
2755 1197 2795 1264 ι,
2811 1199 3254 1275 inintelligibilem
3269 1211 3455 1282 Deum,
3471 1181 3782 1290 invisibiltiin,

2231 1273 2846 1357 incomprehensibilem,
2865 1273 3113 1353 humana:
3131 1298 3320 1370 lingua:
3335 1305 3437 1359 vim
3450 1273 3778 1380 superantem,

2227 1369 2469 1425 mortalis
2513 1380 2707 1433 mentis
2733 1384 3264 1453 comprehensionem
3304 1397 3660 1470 excedentem,
3699 1419 3781 1459 an-

2224 1458 2358 1526 gelis
2383 1478 2489 1518 non
2517 1468 2876 1537 vestigabilem
2897 1478 2942 1546 ³,
2970 1478 3282 1552 Seraphinis
3311 1487 3642 1560 invisibilem,
3666 1494 3782 1551 Clie-

2226 1550 2430 1655 iubinis
2452 1555 2918 1634 inintelligibilem,
2943 1550 3376 1642 inaspectabilem
3401 1550 3779 1655 Principa'tibus,

2225 1638 2605 1717 Potestatibus,
2640 1650 2952 1727 Virtutibus,
2985 1638 3403 1735 ac—simpliciter
3425 1638 3780 1733 omni‘creat'u:

2225 1748 2299 1787 ra:
2329 1751 2344 1789 :
2373 1751 2403 1790 a
2429 1740 2546 1795 solo
2570 1753 2746 1800 autem
2779 1748 2915 1807 Filio
2941 1762 2993 1808 et
3022 1770 3052 1810 a
3080 1756 3279 1828 Spiritu
3306 1773 3489 1820 sancto
3517 1770 3778 1838 cognitum.

2222 1825 2331 1882 Nec
2353 1830 2538 1900 ignoro
2565 1851 2658 1893 eos
2685 1856 2770 1896 me
2796 1847 3100 1912 petulantia:
3126 1866 3470 1914 accusaturos
3497 1877 3629 1931 esse,
3657 1867 3779 1935 quod

2223 1917 2353 1987 ipsis
2399 1929 2644 1995 supernis
2676 1931 2967 1993 Virtutibus
2997 1940 3170 2010 ipsum
3219 1917 3778 2020 incerttprellensibilem

2220 2027 2340 2070 esse
2383 2016 2606 2077 dixerim
2657 2041 2810 2096 :ego
2868 2040 3046 2088 autem
3104 2036 3223 2094 ideo
3278 2056 3539 2101 summam
3590 2048 3778 2106 illorunt

2221 2111 2582 2178 arrogantiam
2622 2125 2676 2170 et
2707 2117 2965 2177 insaniam
3015 2126 3303 2188 damnabo.
3351 2134 3466 2191 Non
3494 2140 3626 2194 enim
3651 2153 3778 2210 petu-

2219 2195 2379 2254 lanlia
2430 2213 2514 2258 est
2561 2205 2760 2274 dicere,
2810 2223 3105 2274 creatorem
3157 2225 3400 2282 omnium
3447 2242 3777 2292 creaturarum

2217 2299 2428 2357 captum
2472 2302 2527 2349 et
2554 2300 2911 2367 cognitionem
2955 2322 3246 2381 superare;
3293 2318 3394 2374 sed
3441 2319 3611 2380 dicere
3635 2341 3776 2394 eum,

2216 2383 2304 2448 qui
2334 2385 2582 2452 superuis
2617 2387 2907 2450 Virtutibus
2937 2398 3490 2473 incomprehensibilis
3529 2415 3614 2480 sit,
3645 2383 3776 2486 posse

2215 2473 2284 2576 ab
2313 2474 2458 2531 humi
2501 2486 2830 2556 repentibus,
2861 2493 2951 2560 qui
3003 2502 3203 2553 tantum
3248 2500 3454 2560 distant
3477 2506 3542 2563 ab
3570 2473 3680 2576 illis,
3709 2473 3774 2565 in:

2214 2565 2364 2621 firma
2392 2571 2771 2641 cogitatlonnm
2803 2580 3053 2641 facultate
3077 2587 3445 2652 circumscribi
3469 2607 3520 2654 et
3557 2565 3773 2672 compre~

2215 2657 2396 2715 hendi.
2434 2662 2547 2735 Ego
2589 2669 2634 2723 si
2665 2673 2806 2741 quod
2853 2676 3118 2746 pollicitus
3147 2699 3268 2740 sum
3317 2703 3423 2745 non
3467 2657 3771 2750 demonstra-

2212 2764 2360 2847 vero,
2413 2753 2604 2826 dignus
2658 2762 2814 2830 plane
2862 2765 3053 2826 fuerim
3103 2773 3193 2843 qui
3247 2780 3550 2847 petulantiae
3593 2785 3770 2841 crimen

2209 2840 2428 2898 subeam
2461 2864 2474 2900 :
2506 2864 2605 2905 vos
2647 2867 2796 2923 vero,
2833 2858 2877 2913 si
2911 2870 3186 2939 postquam
3213 2879 3490 2934 ostensum
3517 2875 3580 2930 sit
3622 2877 3769 2947 ipsum

2210 2938 2460 3034 supernis
2517 2940 2815 3013 Virtutibus.
2854 2966 2980 3015 esse
3025 2938 3652 3034 inconprehensibilem,-
3690 2985 3769 3028 vos

2212 3025 2362 3084 illum
2411 3047 2572 3091 nosse
2609 3043 2942 3101 contentiose
2981 3025 3280 3119 affirmetis,
3323 3067 3450 3129 quot
3489 3060 3728 3117 harathris
3752 3104 3772 3134 ι

2211 3129 2339 3220 quot
2383 3127 2690 3220 prmcipitiis
2735 3132 2880 3204 digni
2919 3139 3090 3204 eritis,
3121 3145 3212 3212 qui
3258 3127 3583 3220 inc—orporeis
3611 3127 3768 3208 Virtu;

2211 3209 2351 3266 tibus
2381 3215 2651 3274 inaccessa
2678 3237 2772 3278 vos
2817 3228 3048 3296 perfecte
3095 3209 3256 3292 nosse
3301 3209 3594 3310 petulanter
3630 3243 3768 3319 lacti-

2204 3502 2405 3553 remus,
2433 3493 2500 3548 ad
2524 3501 2884 3565 precationem
2916 3523 3128 3564 rursum
3153 3518 3400 3574 conversi
3439 3537 3452 3573 :
3483 3534 3617 3592 smpe
3640 3521 3770 3578 enim.

2203 3581 2406 3638 accidet
2436 3595 2494 3641 ut
2523 3587 2634 3658 ipsa
2663 3597 2912 3662 precandi
2938 3600 3106 3658 series
3135 3619 3452 3675 argumenta
3473 3581 3640 3682 proure.
3660 3627 3764 3681 pro-

2203 3675 2374 3741 posita
2405 3680 2559 3736 nobis
2587 3686 2908 3754 suppeditet.
2924 3691 3187 3750 Vocemus
3213 3699 3392 3770 itaque
3416 3675 3580 3772 ipsum
3601 3675 3766 3774 Regem

2200 3785 2376 3840 regum
2403 3781 2448 3826 et
2477 3773 2751 3833 Dominum
2774 3782 3176 3856 dominantium,
3225 3795 3316 3866 qui
3353 3798 3494 3857 solus,
3519 3773 3762 3860 liabetiint-

2202 3863 2560 3920 mortalitatem
2593 3908 2609 3935 ,
2651 3880 2696 3924 et
2738 3872 2902 3929 lucem
2946 3863 3560 3949 inaccessibilemltabitat
3589 3905 3608 3946 :
3633 3905 3768 3961 quem

2199 3953 2373 4007 nullus
2389 3954 2646 4013 hominum
2663 3964 2814 4031 vidit,
2834 3983 2991 4041 neque
3015 3972 3180 4028 videre
3205 3989 3390 4047 potest,
3422 3981 3504 4035 cui
3525 3990 3595 4036 est
3621 3953 3762 4035 Iionor

2201 4225 2345 4282 illius
2402 4231 2650 4300 pietatem
2697 4242 3008 4301 consideres
3035 4289 3050 4315 ,
3095 4265 3446 4327 amoremque
3482 4273 3754 4319 summum:

2195 4331 2316 4372 eum
2338 4322 2478 4378 enim
2498 4325 2591 4384 Dei
2624 4331 2884 4397 meminit,
2909 4351 3017 4390 non
3047 4349 3171 4394 ante
3211 4341 3266 4396 in
3305 4322 3497 4403 seriem
3527 4348 3763 4408 doctrin

2199 4412 2442 4477 procedit
2486 4431 2644 4486 quam
2671 4421 2912 4482 debitum
2940 4441 3098 4483 suum
3137 4434 3381 4496 exsolvat
3406 4479 3430 4505 ,‘
3474 4454 3592 4496 cum
3621 4437 3759 4500 laudo.

2195 4515 2500 4562 sermonem
2537 4511 2814 4570 claudens.
2847 4517 2977 4578 Nam
3007 4521 3072 4576 Si
3110 4528 3354 4582 ntemort'a
3367 4531 3500 4599 justi
3523 4547 3631 4585 cum
3653 4531 3754 4585 lau-~

2193 4593 2341 4650 dibus
2392 4597 2574 4668 (Prov.
2612 4603 2698 4658 10.
2733 4605 2822 4676 7),
2864 4610 3034 4667 multo
3059 4615 3225 4684 magis
3253 4593 3514 4679 memoria
3540 4622 3628 4677 Dei
3649 4635 3757 4682 cum

2195 4685 2586 4749 benedictione.
2621 4694 2852 4768 ldipsum
2883 4719 3011 4760 vero
3031 4705 3156 4761 facit
3175 4709 3227 4767 in
3254 4712 3491 4769 exordiis
3521 4713 3754 4790 epistola-

2192 4795 2332 4835 rum.
2365 4781 2574 4854 Saepius
2597 4789 2739 4844 enim
2769 4793 3050 4862 epistolam
3074 4799 3320 4868 ordiens,
3353 4803 3488 4861 facta
3513 4781 3756 4867 Deimenv

2191 4871 2336 4972 tione
2362 4917 2378 4943 ,
2411 4893 2517 4932 non
2559 4881 2706 4948 prius
2748 4885 2816 4940 ad
2862 4886 3157 4946 doctrinam
3199 4897 3438 4964 procedit
3480 4914 3630 4972 quam
3657 4898 3761 4954 Deo.

2188 4963 2421 5063 debitam
2449 4969 2656 5063 laudem
2683 4976 3018 5052 gloriamque
3043 4963 3269 5043 dederit.
3297 4991 3435 5047 Audi
3471 4963 3592 5063 quid
3631 4991 3750 5047 scri-

2187 5055 2322 5112 bens
2345 5059 2412 5114 ad
2441 5061 2654 5121 Galatas
2673 5067 2818 5125 dicat
2841 5089 2856 5125 :
2889 5073 3066 5130 Gratia
3082 5079 3218 5135 vobis
3237 5092 3284 5135 et
3297 5101 3404 5152 paa:
3425 5102 3458 5138 a
3484 5055 3586 5140 beo
3612 5083 3754 5139 Patre

2187 5160 2360 5206 nostra
2389 5163 2434 5207 et
2479 5155 2699 5214 Domino
2724 5173 2897 5221 nostra
2920 5167 3045 5223 Jesu
3074 5171 3291 5240 Christo,
3321 5179 3410 5245 qui
3427 5178 3560 5232 dedit
3587 5184 3750 5232 semelc

2187 5239 2356 5315 ipsum
2383 5262 2477 5316 pro
2503 5253 2721 5316 peccatis
2745 5258 2928 5312 nostris
2946 5299 2960 5322 ,
2994 5271 3048 5314 ut
3076 5239 3287 5334 eriperet
3313 5239 3405 5321 nos
3437 5269 3500 5321 de
3537 5264 3751 5338 prtem!!!"

2186 5339 2372 5395 sa’culo
2395 5356 2608 5411 nequam
2633 5349 2904 5404 secundum
2926 5353 3230 5410 voluntatem
3263 5357 3358 5412 Dei
3380 5370 3426 5414 et
3455 5359 3618 5414 Patris
3639 5401 3652 5426 ,
3677 5357 3750 5412 cui

2186 5429 2351 5521 gloria
2392 5431 2445 5485 in
2483 5437 2692 5496 sarcula.
2747 5440 2909 5498 Amen
2947 5440 2968 5514 (
2997 5443 3114 5502 Gal.
3158 5448 3206 5501 l.
3239 5449 3333 5504 5-5
3363 5450 3402 5521 ).
3436 5451 3749 5516 Rursumque

2188 5517 2359 5574 alibi:
2398 5521 2524 5594 Regi
2549 5537 2717 5582 autent
2768 5533 3069 5589 seculorum
3103 5517 3378 5595 immortali
3417 5553 3462 5595 et
3500 5538 3748 5604 inuisibili;

2245 5719 2263 5794 ξ
2298 5720 2495 5794 Quidam
2521 5733 2626 5794 tttss.
2651 5726 2850 5794 addunt,
2885 5729 3143 5794 inﬁnitum.

2243 5782 2264 5812 ³
2295 5784 2492 5841 Quidam
2515 5793 2621 5838 Mss.
2647 5782 2849 5855 addunt,
2877 5782 3182 5859 archangeli;
3217 5795 3576 5852 insatiabilem.
