3918 6364
97 382 194 442 ﬁl

100 498 190 554 soli
214 491 432 561 sapienti
448 487 559 544 Deo
570 488 735 541 honor
749 493 798 540 et
815 481 977 555 gloria
1001 482 1056 535 in
1066 479 1270 534 secula.
1288 479 1448 532 Amen
1461 477 1508 547 (l
1522 473 1677 530 .Tim.

102 590 152 644 ί.
176 585 239 639 Π
266 582 312 652 ).
338 584 424 637 An
451 579 520 634 de
554 577 710 633 Patre
735 574 906 629 solum
943 572 1022 627 sic
1038 569 1294 640 loquitur,
1322 566 1392 622 de
1412 566 1551 622 Filio
1578 580 1684 621 nun

101 679 263 739 item?
303 677 440 732 Audi
482 672 751 746 quomodo
792 670 932 724 circa
981 664 1325 737 Unigenitum
1365 675 1578 733 quoque
1605 658 1687 713 id-

107 776 271 844 ipsum
300 769 495 825 fecerit
520 784 536 823 :
565 780 687 821 cum
708 763 854 817 enim
875 760 1135 824 dixisset,
1167 755 1419 828 Optabam
1444 770 1537 825 ego
1560 768 1690 808 ana-

108 866 264 922 thema
293 874 406 915 esse
431 875 465 912 a
489 857 688 912 Christo
713 869 807 924 pro
826 850 1068 922 fratribus
1095 848 1220 901 meis
1243 888 1259 913 ,
1302 845 1532 917 cognatis
1565 844 1688 898 meis

106 953 378 1010 secuitdum
400 948 639 1017 carnem(
662 946 813 1001 Rom.
840 943 898 1000 9.
930 944 968 998 5
996 944 1052 1012 );
1085 939 1367 1009 subjunxit
1394 953 1411 992 :
1463 936 1689 1002 Quorum

111 1046 311 1117 adaptio
340 1043 567 1111 ﬁliorum
586 1080 603 1106 ,
639 1049 689 1093 et
711 1047 1005 1091 testamenta
1036 1075 1051 1101 ,
1088 1044 1141 1087 et
1170 1031 1451 1103 legislatia,
1476 1040 1524 1083 et
1549 1029 1691 1082 obseo

109 1140 241 1213 quia,
272 1146 324 1191 et
354 1133 713 1207 prontissiones
736 1145 756 1184 :
784 1144 846 1182 ea:
865 1128 1045 1198 quibus
1063 1134 1135 1179 est
1158 1123 1391 1182 Christus
1415 1121 1692 1176 secundum

112 1210 329 1294 cuman,
358 1227 538 1292 quiest
556 1240 710 1294 super
729 1221 899 1275 omnia
925 1216 1065 1272 Deus
1086 1215 1371 1275 benedictus
1394 1213 1449 1266 in
1477 1210 1685 1265 uacula.

114 1325 284 1378 Amen.
317 1318 479 1392 (Ibid.
507 1334 555 1371 υ.
584 1317 638 1371 4.
670 1314 751 1384 5).
799 1310 931 1369 Cum
969 1308 1111 1364 enim
1133 1306 1272 1361 sicut
1312 1302 1455 1358 Patri
1485 1343 1500 1367 ,
1540 1301 1612 1355 ita
1638 1306 1694 1355 et

115 1391 395 1483 linigenito
418 1407 640 1477 gloriam
665 1403 811 1472 prius
835 1398 1137 1460 retulisset,
1166 1404 1292 1449 tunc
1316 1391 1580 1448 sermonis
1605 1404 1692 1444 se-

113 1481 240 1563 riem
270 1502 472 1573 repetit
492 1518 510 1559 :
533 1499 771 1555 audierat
790 1496 932 1552 enim
956 1493 1228 1549 Christum
1257 1488 1523 1543 dicentem
1559 1501 1573 1538 :
1626 1481 1695 1538 Ut

116 1613 281 1654 amnes
308 1597 554 1649 honorent
579 1589 790 1653 Filium,
813 1590 940 1642 sicut
984 1585 1229 1639 honorant
1258 1579 1465 1635 Patrem
1489 1578 1509 1648 (
1535 1576 1567 1630 .1
1573 1593 1692 1630 oan.

117 1692 165 1746 δ.
189 1689 312 1760 2⁸5).
362 1685 431 1743 Ut
456 1700 586 1739 vero
609 1682 826 1738 discatis
864 1678 1004 1749 quod
1034 1676 1147 1746 ipsa
1180 1674 1353 1729 oratio
1387 1678 1695 1760 argumenta

119 1759 269 1835 nobis
288 1774 689 1846 suppeditatum
714 1772 819 1839 sit,
850 1785 949 1840 age
974 1768 1117 1823 illam
1146 1765 1200 1821 in
1243 1762 1478 1818 medium
1514 1759 1697 1831 profe-

119 1888 331 1930 ramus:
360 1870 476 1925 Res:
493 1883 690 1939 regum,
707 1875 753 1920 et
777 1864 1021 1918 Dominus
1049 1857 1436 1920 dominantium,
1455 1855 1541 1926 qui
1560 1853 1699 1908 solus

123 1966 261 2020 habet
302 1960 732 2017 immortalitatem
760 1998 776 2025 ,
804 1964 853 2010 et
895 1955 1057 2009 lucem
1083 1951 1276 2006 habitat
1312 1944 1701 2003 inaccessibilem

126 2058 194 2128 (ί.
233 2054 370 2109 Tim.
408 2052 465 2111 6.
506 2051 595 2107 15.
635 2049 748 2118 16).
778 2046 877 2101 llic
900 2047 1029 2101 siste
1048 2042 1294 2113 gradum,
1313 2048 1367 2095 et
1387 2037 1698 2092 hmreticum

125 2127 408 2213 interroga,
426 2139 559 2210 quid
579 2138 839 2209 signiﬁcet
863 2134 992 2191 illud
1016 2175 1033 2201 ,
1060 2132 1128 2187 Et
1154 2131 1314 2188 lucem
1343 2129 1534 2184 habitat
1561 2127 1702 2181 inac-

126 2236 412 2292 cessibilem.
436 2232 586 2289 Pauli
625 2229 1017 2286 accusationem
1055 2222 1352 2295 perpendes
1375 2220 1562 2275 velim:
1593 2233 1699 2272 non

128 2328 268 2392 dixit,
302 2325 414 2379 Lux
441 2331 524 2379 est
547 2319 966 2383 inaccessibilis;
996 2315 1115 2382 sed,
1135 2313 1323 2369 Lucem
1346 2311 1538 2366 habitat
1561 2309 1703 2364 inac-

129 2419 394 2481 ussibilem
414 2433 435 2472 :
463 2424 521 2471 ut
537 2415 711 2470 discas
730 2455 748 2480 ,
779 2409 986 2483 quodsi
1009 2408 1202 2464 domus
1232 2406 1345 2476 ipsa
1372 2405 1442 2458 sit
1466 2404 1705 2458 inacces-

130 2512 289 2573 sihilis
319 2551 337 2578 ,
368 2517 570 2581 quanto
593 2507 762 2577 magis
781 2505 941 2569 Deus,
977 2501 1065 2571 qui
1085 2501 1256 2569 ipsam
1282 2495 1558 2553 inhabitat.
1582 2491 1707 2552 Haec

133 2617 284 2674 porro
304 2601 466 2667 dixit,
494 2613 607 2654 non
635 2605 694 2655 ut
714 2595 934 2651 domum
964 2601 1015 2647 et
1041 2590 1217 2646 locum
1249 2587 1358 2645 Deo
1385 2598 1506 2645 esse
1531 2583 1706 2674 suspi-

133 2673 279 2761 ceris,
308 2692 404 2749 sed
441 2698 498 2746 ut
523 2688 691 2759 magis
716 2686 992 2756 magisque
1017 2681 1115 2737 Dei
1146 2673 1705 2747 incomprehensibili-

133 2798 286 2843 tatem
336 2784 567 2842 ediscas.
630 2779 739 2836 Sed
794 2791 968 2847 neque
1024 2774 1209 2840 dixit,
1256 2770 1454 2829 Lucem
1506 2767 1710 2825 habitat

134 2873 766 2948 inconprehensibilem;
824 2884 1013 2927 verum
1073 2862 1470 2921 inaccessibilem
1496 2900 1511 2926 ,
1567 2856 1709 2929 quod

132 2966 655 3040 incomprehensibili
681 2965 834 3034 longe
869 2961 1046 3029 majus
1091 2966 1196 3015 est.
1243 2951 1709 3025 lncomprehensi—

132 3063 235 3119 bile
279 3073 514 3129 namque
553 3056 746 3112 dicitur
785 3051 926 3124 quod
966 3048 1345 3121 perquisitione
1376 3055 1432 3100 et
1467 3042 1713 3100 examine

131 3154 268 3210 lucto
297 3148 683 3219 comprehendi
713 3145 934 3215 nequit:
972 3138 1338 3199 inaccessibilc
1374 3146 1552 3197 autem
1583 3133 1711 3197 illud

135 3256 236 3311 est,
265 3242 412 3314 quod
436 3256 502 3295 ne
529 3236 823 3295 examinari
848 3233 1063 3306 quidem
1091 3246 1122 3286 a
1161 3229 1421 3300 principio
1459 3227 1630 3291 valet,
1660 3233 1717 3283 et

134 3336 198 3391 ad
236 3333 389 3406 quod
441 3344 599 3386 nemo
649 3328 866 3397 propius
911 3322 1168 3385 accedere
1213 3328 1410 3391 potest.
1470 3315 1716 3386 Exeatpli

128 3442 318 3489 una,
347 3417 886 3492 incmuprehcnsibile
910 3415 1105 3470 dicitur
1126 3428 1277 3473 mare
1303 3452 1319 3479 ,
1349 3410 1404 3467 in
1432 3408 1575 3480 quod
1597 3422 1718 3464 sese

135 3518 488 3574 imminentes
516 3512 814 3567 urinatores
837 3547 854 3572 ,
897 3507 950 3567 iu
992 3505 1321 3573 multamque
1350 3500 1553 3571 delapsi
1597 3515 1721 3570 pro.-

136 3611 477 3669 fnnditatem,
500 3604 718 3663 fundum
736 3603 996 3671 attingere
1017 3604 1286 3669 nequeunt
1309 3614 1322 3648 :
1352 3591 1721 3655 inaccessibile

138 3712 319 3756 autem
364 3697 423 3756 id
472 3692 862 3764 dicitur,quud
909 3707 976 3747 ne
1011 3706 1043 3749 a
1091 3688 1349 3760 principio
1386 3687 1598 3758 quidem
1640 3686 1723 3744 in-

140 3792 356 3863 quirere
379 3797 475 3844 aut
502 3785 725 3843 serutari
752 3784 944 3853 possis.

211 3882 268 3935 3.
296 3877 441 3933 Dens
464 3873 976 3946 incomprehensibilis
1004 3871 1155 3926 etiam
1172 3871 1386 3942 angelis.
1401 3899 1472 3913 --
1490 3868 1629 3936 Quid
1656 3867 1723 3931 ad

146 3972 261 4028 hac
289 3970 491 4025 dixeris
525 3965 888 4025 “luminibus
915 3972 1061 4021 certe
1079 4003 1094 4027 ,
1142 3962 1378 4031 inquies,
1420 3960 1721 4027 uictimpre-

144 4061 427 4122 hensibilis
452 4067 553 4123 est,
581 4057 783 4126 angelis
805 4071 911 4111 non
936 4054 1064 4109 item
1090 4094 1106 4120 ,
1132 4068 1307 4122 neque
1332 4052 1579 4121 supernis
1606 4050 1726 4104 Vir-

146 4154 371 4210 tatibus.
403 4150 483 4206 Tu
506 4163 635 4219 ergo
663 4148 878 4217 angelus
905 4160 970 4202 es
994 4186 1017 4210 ο
1070 4143 1157 4205 dic
1184 4142 1310 4199 mihi
1339 4183 1356 4209 ,
1398 4142 1531 4201 etin
1561 4142 1728 4200 choro

147 4246 586 4314 incorporearum
614 4237 879 4297 Virtutum
903 4232 1320 4294 annumeraris?
1350 4247 1526 4289 nonne
1564 4231 1729 4287 homo

149 4351 211 4392 es
244 4344 303 4392 et
332 4331 569 4403 ejusdem
596 4330 751 4399 cujus
774 4343 873 4398 ego
894 4325 1208 4381 substantim
1228 4365 1242 4389 ,
1273 4339 1339 4377 an
1367 4332 1569 4379 naturae
1589 4321 1729 4377 obti-

151 4439 324 4484 ωερε
347 4423 489 4480 tuae?
538 4423 802 4479 Ponamus
839 4420 981 4479 enim
1041 4433 1162 4473 eum
1202 4416 1506 4471 hominibus
1529 4423 1729 4469 tantum

151 4515 575 4575 inaccessibilem
617 4528 740 4569 esse
769 4528 783 4566 ;
814 4510 1022 4567 etiamsi
1076 4508 1205 4563 illud
1244 4522 1345 4562 nec
1400 4506 1729 4576 propositum

152 4612 244 4674 sit,
275 4623 376 4663 nec
404 4606 600 4665 dixerit
634 4604 837 4667 Paulus
873 4621 887 4657 :
915 4601 1116 4663 Lucem
1140 4600 1404 4657 inhabitat
1427 4598 1733 4659 hominibus

151 4699 599 4763 inaccessibilem,
630 4697 832 4768 angelis
859 4709 988 4755 vero
1013 4710 1117 4749 non
1145 4692 1567 4751 inaccessibilem
1593 4709 1607 4746 :
1640 4706 1732 4746 ve-

153 4811 275 4850 rum
305 4835 324 4859 ,
348 4793 393 4847 si
416 4792 590 4860 placet
619 4830 636 4855 ,
660 4790 767 4847 hoc
789 4788 883 4845 tibi
907 4786 1264 4843 COIICQdamIIS
1285 4825 1304 4850 ,
1332 4799 1511 4843 antron
1539 4791 1596 4843 et
1622 4782 1735 4855 ipse

154 4883 429 4940 bomoes?
448 4880 607 4948 Quid,
636 4879 684 4935 si
710 4879 914 4949 angelis
938 4874 1325 4939 inaccessibilis
1351 4890 1456 4930 non
1482 4875 1550 4929 sit
1568 4871 1734 4944 lquid

154 4974 289 5030 illud
314 4974 380 5027 ad
410 4983 481 5037 te,
506 4970 599 5041 qui
624 4969 903 5028 contendis
921 4976 1084 5037 atque
1104 4965 1348 5022 afﬁrmas
1374 4964 1727 5032 Substantiam

157 5066 308 5121 illam
352 5062 599 5119 humana:
638 5069 844 5121 nature
892 5072 1015 5114 esse
1055 5055 1624 5129 comprehensibilch
1670 5052 1740 5115 Ut

158 5171 289 5210 vero
312 5154 490 5215 discas
516 5167 621 5209 non
649 5149 956 5206 hominibus
982 5158 1183 5205 tantum
1207 5187 1223 5214 ,
1249 5147 1349 5207 sed
1366 5148 1530 5207 etiam
1556 5161 1739 5216 snper-

159 5249 246 5309 εἰς
269 5244 568 5306 Virtutibus
604 5258 732 5303 esse
769 5240 1223 5306 inacceSSibilem,
1262 5239 1390 5299 audi
1434 5238 1557 5312 quid
1596 5238 1740 5297 dicat

162 5336 368 5399 lunias;
410 5335 605 5397 leniam
640 5333 830 5396 dicens
858 5373 874 5398 ,
918 5331 1149 5407 Spiritus
1182 5330 1500 5387 sententiam
1544 5329 1738 5394 cll'cro;

161 5427 424 5499 ιιι-ψιλαει
467 5440 699 5496 namque
726 5438 793 5482 ex
833 5423 1145 5499 operatione
1190 5420 1416 5493 Spiritus
1456 5421 1738 5497 loquitur:

160 5518 227 5573 Et
255 5519 449 5588 {quam
477 5526 551 5571 est
577 5532 714 5573 anno
743 5555 759 5580 ,
785 5530 887 5585 quo
924 5523 1150 5573 mortuas
1185 5521 1258 5571 est
1302 5528 1393 5566 rea:
1423 5510 1574 5573 Ozias
1598 5553 1611 5577 ,
1640 5511 1742 5565 vidi

165 5608 441 5665 Dominum
463 5607 715 5662 sedentem
732 5621 886 5676 super
904 5590 1138 5659 thronum
1156 5601 1402 5665 excelsum
1418 5612 1463 5659 et
1472 5602 1738 5667 eleuatwn,

164 5713 209 5756 et
235 5701 513 5772 Seraphin:
536 5699 734 5753 stabant
758 5699 811 5752 in
836 5696 1046 5754 circuitu
1086 5697 1197 5767 ejus
1228 5734 1245 5759 ,
1293 5711 1380 5750 sca:
1407 5694 1502 5748 illa!
1531 5695 1615 5750 nni
1643 5736 1659 5760 ,
1694 5703 1743 5749 et

164 5805 254 5847 sex
277 5796 376 5850 alte
399 5792 566 5863 alteri,
593 5800 641 5847 et
663 5790 856 5845 duabus
881 5786 1079 5860 quidem
1101 5786 1391 5842 obvelabant
1420 5786 1575 5858 facies
1600 5802 1739 5853 suas,

1030 368 1118 425 DE
1155 360 1835 423 INGOMP‘BEHENSIBIU
1872 360 1986 416 DEI
2026 359 2328 417 NA'I'URA.
2369 359 2453 417 ιη.
2521 380 2524 384 λ

3269 363 3376 420 7’2!

1792 485 1840 529 et
1859 473 2054 527 duabus
2080 473 2231 543 pedes
2256 472 2410 544 (Isai.
2435 474 2490 529 6.
2516 474 2574 530 4.
2603 472 2682 547 2).
2707 474 2825 542 Dic,
2854 490 3057 547 qumso,
3087 491 3184 533 cur
3206 479 3376 535 obve-

1789 566 1901 623 lant
1927 566 2091 623 facies
2118 581 2264 631 suas,
2295 568 2514 639 alasque
2544 569 2886 640 praetendunt
2913 570 3104 640 τοίη,
3133 573 3371 644 inquam,

1792 658 1895 713 nisi
1922 658 2044 728 quia
2071 657 2251 730 fulgur
2281 673 2315 714 e
2351 657 2544 716 throno
2571 660 2918 730 progrediens
2944 662 3229 734 radiosque
3253 664 3376 721 illos

1790 747 1934 804 ferre
1968 765 2072 804 non
2104 750 2366 819 possunt?
2389 749 2719 822 Quamquam
2755 768 2862 817 non
2887 753 3063 825 ipsum
3091 754 3210 809 sine
3229 763 3376 811 tem-

1794 849 2106 910 peramento
2135 839 2348 906 lumen,
2383 855 2556 911 neque
2582 840 2751 910 ipsam
2793 857 2980 913 puram
3021 844 3375 903 substaan

1791 932 2090 1001 videbant,
2138 932 2232 988 sed
2275 948 2396 1003 quae
2440 932 2758 991 videbantur
2801 943 3149 1007 attemperata
3192 950 3372 996 erant.

1793 1023 1929 1090 Quid
1974 1033 2151 1077 autem
2206 1033 2290 1079 cst
2345 1023 2430 1077 illa
2477 1024 2901 1094 attemperatlo?
2945 1027 3167 1095 Quando
3230 1028 3376 1087 Deus

1792 1131 1898 1172 non
1927 1117 2064 1171 sicut
2090 1124 2174 1172 est
2200 1125 2440 1186 apparet,
2470 1117 2566 1172 sed
2588 1118 2656 1173 ad
2676 1118 2894 1175 modum
2912 1119 3052 1190 ejus,
3081 1121 3169 1191 qui
3199 1122 3372 1194 ipsum

1793 1210 2002 1265 visurus
2030 1219 2132 1273 est,
2155 1224 2273 1265 sese
2296 1218 2612 1279 attemperat
2632 1250 2651 1278 ,
2671 1210 3070 1283 videntiumque
3092 1213 3374 1275 inﬁrmita-

1796 1300 1835 1355 ti
1864 1315 1986 1356 sese
2004 1299 2390 1356 accommodat.
2412 1300 2569 1368 Quod
2585 1309 2761 1357 autem
2775 1307 3373 1374 perattemperationem

1798 1392 1968 1458 ﬁeret,
1997 1406 2064 1448 ex
2091 1390 2222 1461 ipsis
2247 1391 2423 1447 verbis
2454 1393 2625 1462 palam
2659 1403 2741 1449 est
2766 1411 2780 1450 :
2807 1410 2929 1449 nam
2957 1397 3074 1462 ait,
3124 1396 3235 1452 Vidi
3269 1400 3374 1454 Po-

1796 1483 1988 1536 ntinum
2021 1481 2271 1536 sedentem
2308 1498 2461 1553 super
2502 1483 2738 1537 thronum
2763 1487 3012 1540 excelsum
3038 1495 3085 1541 et
3110 1487 3372 1545 eleuatum.

1799 1573 1939 1628 Deus
1962 1581 2142 1628 autem
2184 1588 2291 1628 non
2328 1572 2512 1638 sedet,
2532 1574 2773 1643 corporis
2798 1579 2942 1633 cnim
2986 1575 3071 1633 hic
3094 1577 3231 1637 situs
3256 1555 3375 1645 est;

1797 1680 1955 1735 super
1981 1664 2217 1718 thronum
2239 1681 2260 1730 ;
2282 1672 2339 1719 at
2360 1665 2501 1720 Deus
2526 1665 2580 1722 in
2620 1665 2814 1722 throno
2839 1667 3101 1727 contineri
3144 1671 3329 1741 nequit
3357 1711 3377 1739 ,

1799 1770 1997 1810 numen
2023 1755 2216 1825 quippe
2241 1755 2756 1826 incircumscriptum
2792 1766 2895 1815 est.
2926 1760 3175 1817 Attamen
3195 1760 3274 1815 sic
3293 1768 3380 1817 at-

1803 1854 2152 1917 temperatum
2172 1846 2313 1903 ferre
2335 1862 2442 1905 non
2469 1856 2756 1918 poterant,
2782 1867 3105 1922 quamquam
3131 1856 3378 1924 proxime

1800 1946 2005 1995 starent
2036 1956 2050 1993 :
2085 1937 2358 2011 Seraphim
2384 1940 2528 2001 enim
2553 1939 2755 1999 stabant
2777 1941 3064 2003 incircuitu
3083 1944 3214 2015 ejus.
3254 1945 3383 2004 Ideo

1803 2043 1934 2083 vero
1963 2029 2192 2087 maxime
2210 2029 2393 2088 videre
2419 2048 2526 2092 non
2550 2040 2828 2102 poterant,
2865 2034 2989 2104 quia
3015 2051 3183 2107 prope
3202 2048 3382 2096 erant.

1803 2117 1975 2188 Prope
2001 2128 2205 2186 autem,
2236 2121 2424 2191 inquit,
2446 2137 2552 2183 non
2584 2121 2739 2189 loco;
2766 2123 2861 2180 sed
2885 2140 3007 2182 cum
3030 2126 3193 2183 vellet
3212 2126 3389 2199 Spiri-

1804 2216 1890 2265 tus
1909 2222 2001 2267 san
2011 2217 2128 2264 ctus
2152 2209 2427 2269 declarare
2452 2252 2467 2278 ,
2501 2210 2618 2266 illas
2649 2212 2885 2273 Virtutes
2909 2215 3010 2270 etsi
3042 2216 3388 2289 propinquio-

1805 2312 1895 2353 res
1936 2299 2093 2355 nobis
2133 2309 2314 2359 essent
2341 2300 2413 2355 illi
2454 2300 2802 2368 ειώειειιιῑὶει,
2848 2319 2955 2363 non
2998 2315 3174 2362 tamen
3217 2307 3387 2378 ipsum

1806 2387 1988 2443 videre
2012 2388 2266 2457 potuisse,
2297 2389 2499 2446 idcirco
2531 2392 2648 2449 ait:
2680 2393 2952 2462 Seraphim
2987 2397 3185 2451 stabant
3211 2398 3264 2452 in
3282 2398 3389 2453 cir-

1807 2481 1944 2536 cuitu
1968 2482 2113 2551 ejus;
2136 2498 2241 2539 non
2263 2482 2437 2539 locum
2464 2483 2730 2551 indicans,
2756 2487 2855 2542 sed
2877 2487 2977 2547 loci
3000 2492 3392 2559 propinquitate

1808 2576 2087 2643 propiores
2111 2574 2245 2640 illas,
2267 2592 2425 2647 quam
2446 2593 2586 2642 nos,
2608 2593 2727 2641 esse
2751 2578 3047 2637 declamas.
3083 2580 3390 2652 Incomprc—

1812 2665 2136 2727 hcnsihilem
2167 2670 2309 2727 enim
2332 2670 2504 2737 illum,
2536 2687 2645 2731 non
2674 2681 2778 2733 tam
2800 2673 3046 2733 novimus
3068 2690 3201 2741 nos,
3232 2691 3391 2746 quam

1812 2761 1916 2821 illae
1938 2761 2192 2828 Virtutes,
2219 2778 2337 2831 quae
2363 2772 2564 2834 quanto
2584 2764 2853 2833 puriores,
2883 2773 3030 2823 tanto
3044 2767 3397 2836 sapientiores

1812 2851 2306 2921 etperspicaciores
2348 2851 2577 2911 humana
2621 2864 2810 2911 natura
2847 2865 2991 2911 sunt.
3036 2856 3396 2926 Quemadmo-

1813 2940 1938 3001 dum
1963 2941 2106 2996 enim
2130 2943 2383 2998 solarium
2427 2943 2694 2999 radiorum
2735 2945 3248 3005 inaccessibilitatem
3289 2964 3396 3003 non

1815 3030 2035 3101 perinde
2054 3046 2228 3088 cmcus
2254 3041 2414 3103 atque
2441 3033 2486 3087 is
2514 3033 2603 3104 qui
2630 3034 2772 3090 videt
2800 3050 2992 3103 capere
3019 3042 3215 3107 potest,
3244 3037 3313 3091 ita
3344 3047 3399 3092 ct

1817 3122 1913 3182 Dei
1965 3121 2650 3191 incmuprehensibilitatem
2688 3140 2794 3179 non
2838 3126 3059 3196 perinde
3098 3142 3194 3181 nos
3238 3136 3399 3197 atque

1817 3212 1923 3273 illa:
1952 3213 2217 3268 novimus.
2249 3213 2512 3280 Quantum
2557 3216 2699 3270 enim
2744 3215 3030 3273 discrimen
3073 3225 3155 3271 est
3197 3230 3399 3272 cat-cum

1820 3307 1958 3362 inter
1980 3315 2036 3363 et
2064 3307 2327 3362 videntem
2350 3348 2368 3373 ,
2404 3317 2548 3363 tanta
2589 3319 2672 3365 est
2700 3309 2839 3363 inter
2864 3324 2964 3362 nos
3008 3317 3062 3364 et
3088 3309 3206 3365 illas
3245 3309 3401 3365 ditl'c-

1819 3398 2006 3455 rentia.
2042 3397 2221 3468 Itaque
2247 3398 2368 3454 licet
2388 3399 2702 3471 prophetam
2728 3398 2918 3455 audias
2947 3398 3212 3456 dicentem
3234 3440 3249 3464 ,
3284 3396 3402 3454 Vidi

1821 3488 2191 3550 Dominum,ne
2216 3490 2500 3562 suspiceris
2519 3505 2639 3549 eum
2662 3490 2856 3545 vidisse
2867 3489 3215 3545 subs1antiam
3235 3489 3402 3555 illam,

1821 3581 1916 3640 Sed
1954 3582 2357 3650 attemperantis
2398 3596 2457 3637 se
2499 3581 2721 3641 formam
2751 3619 2769 3655 ,
2817 3595 3039 3651 eamque
3077 3581 3354 3635 obscurius
3385 3621 3401 3648 ,

1822 3689 1984 3744 quam
2025 3690 2270 3747 supernae
2303 3674 2537 3729 Virtutes
2584 3683 2843 3728 cernant:
2878 3688 2982 3727 non
3022 3682 3225 3727 tantum
3261 3671 3405 3728 enim

1826 3767 2006 3827 videre
2037 3767 2223 3836 potuit,
2252 3774 2506 3837 quantum
2543 3765 2853 3824 Cherubin).

1897 3860 1953 3914 tl.
1993 3858 2163 3917 Homo
2186 3874 2255 3915 ne
2292 3858 2457 3930 angeli
2492 3858 2693 3927 quidem
2718 3854 3048 3916 substantiam
3072 3854 3224 3926 facile
3243 3851 3409 3907 videre

1824 3959 2006 4028 potest.
2028 3979 2101 3997 η-
2124 3948 2328 4023 Ecquid
2346 3949 2468 4007 dico
2484 3948 2551 4005 de
2577 3947 2726 4005 beata
2753 3946 2839 4007 illa
2860 3944 3175 4010 substantia,
3198 3929 3409 4014 quando

1824 4058 1899 4101 ne
1922 4042 2095 4115 angeli
2121 4041 2339 4111 quidem
2365 4039 2713 4101 subStuntiam
2743 4045 2916 4107 potest
2950 4036 3107 4089 homo
3136 4036 3303 4090 libere
3329 4035 3409 4089 vi-

1830 4135 1995 4191 dere?
2039 4133 2189 4205 Quod
2216 4142 2277 4191 ut
2308 4133 2388 4193 ita
2422 4146 2546 4189 esse
2571 4130 2913 4201 intelligatis,
2943 4129 3111 4182 virum
3153 4128 3205 4182 in
3233 4126 3411 4183 medio

1824 4227 2091 4285 adducam
2124 4225 2216 4283 Dei
2244 4223 2495 4287 amictui).
2523 4222 2613 4291 qui
2639 4221 2708 4276 ob
2743 4218 3053 4293 sapientiam
3081 4216 3410 4289 et‘juslitiam

1827 4318 2024 4377 ﬁducia
2064 4324 2181 4373 erat
2217 4314 2469 4385 praeditus
2499 4327 2710 4382 magna,
2750 4312 2944 4381 quippe
2966 4308 3218 4380 prurclara
3242 4308 3411 4367 multa

1826 4412 1936 4469 alia
1966 4408 2158 4471 fecisse
2186 4414 2449 4468 narratur,
2477 4415 2719 4465 sanctum
2746 4401 2991 4461 videlicet
3018 4399 3323 4465 Danielem;
3355 4408 3413 4455 ut

1832 4509 2113 4572 postquam
2148 4498 2294 4557 illum
2320 4496 2614 4560 inﬁrmum,
2637 4493 2889 4560 solutum,
2912 4503 2965 4548 et
2990 4491 3321 4553 deﬁcientem
3348 4508 3415 4547 ex

1835 4594 2006 4665 angeli
2039 4593 2317 4662 praesentia
2346 4588 2511 4644 fuisse
2532 4599 2923 4654 monstravero,
2943 4603 3098 4642 nemo
3115 4596 3265 4657 putet
3293 4602 3415 4641 cum

1834 4692 2178 4756 peccatorum
2230 4688 2286 4737 et
2327 4695 2500 4750 prava:
2527 4678 2864 4733 conscientiae
2889 4692 3047 4734 causa
3079 4678 3167 4732 illa
3201 4693 3414 4748 passum

1839 4790 1959 4830 esse
1976 4790 1994 4842 ;
2022 4774 2116 4830 sed
2144 4772 2500 4831 demonstrata
2525 4769 2639 4840 rius
2656 4770 2816 4823 animi
2842 4768 3054 4838 ﬁducia,
3082 4770 3195 4839 ipsa
3214 4779 3418 4824 naturae

1840 4867 2120 4930 inﬁrmitas
2149 4865 2343 4925 clarius
2356 4861 2757 4931 comprobatur.
2791 4861 2886 4915 llic
2907 4860 3084 4931 itaque
3111 4860 3291 4915 Daniel
3320 4860 3420 4914 tri-

1839 4959 1940 5021 bus
1968 4956 2389 5014 hebdomadibus
2406 4954 2663 5026 jejunavit
2693 4951 2854 5026 (Dan.
2883 4952 2970 5009 lo.
3002 4952 3057 5025 5)
3078 4994 3092 5020 ,
3122 4967 3419 5024 panemque

1842 5050 2245 5112 desiderabilem
2274 5063 2379 5103 non
2419 5046 2650 5109 comedit
2678 5088 2695 5115 ,
2726 5061 2899 5116 neque
2923 5046 3101 5107 vinum
3124 5087 3141 5113 ,
3173 5060 3302 5103 caro
3329 5054 3421 5101 aut

1843 5143 2013 5198 sicera
2035 5138 2279 5198 introivit
2307 5138 2359 5195 in
2385 5152 2446 5195 os
2472 5137 2593 5207 ejus
2616 5178 2632 5203 ,
2660 5151 2830 5209 neque
2854 5136 3104 5193 unctione
3142 5151 3269 5190 usus
3302 5146 3418 5191 est:

1845 5244 1900 5289 et
1922 5243 2047 5288 tunc
2070 5232 2156 5287 illa
2182 5230 2384 5287 visione
2405 5228 2645 5299 dignatus
2674 5235 2776 5291 est,
2804 5242 2923 5282 cum
2951 5226 3125 5285 anima
3145 5225 3261 5297 ejus
3280 5237 3422 5282 esset

1845 5324 1911 5383 ad
1948 5324 2109 5381 talem
2148 5318 2649 5389 contemplationem
2687 5317 2859 5388 aptior
2883 5358 2897 5382 ,
2925 5317 3128 5391 jejunio
3159 5315 3325 5373 levior
3370 5326 3424 5370 et

1847 5412 2172 5484 spiritualior
2213 5408 2419 5466 etlecta.
2465 5405 2601 5475 Quid
2650 5407 2811 5477 igitur
2855 5406 2973 5460 ait?
3023 5403 3209 5467 Levavi
3248 5405 3422 5460 callos

1848 5523 1983 5593 meos
2010 5514 2055 5565 et
2079 5503 2201 5569 vidi,
2232 5511 2280 5557 et
2307 5517 2417 5556 ecce
2440 5501 2517 5555 uir
2545 5501 2745 5559 vestitus
2776 5499 2962 5555 baddin
2981 5540 2995 5565 ,
3022 5497 3125 5555 hoc
3145 5506 3247 5565 est,
3275 5510 3426 5554 veste

1849 5590 2020 5661 sacra,
2043 5605 2089 5650 et
2116 5611 2256 5649 renes
2284 5594 2393 5663 ejus
2420 5591 2633 5646 accincti
2658 5608 2781 5646 auro
2807 5591 2987 5662 Opltaz
3021 5599 3068 5645 et
3106 5605 3292 5660 corpus
3319 5590 3428 5659 ejus

1844 5690 1994 5761 quasi
2015 5686 2228 5742 Tharsis
2247 5727 2261 5750 ,
2286 5692 2332 5739 et
2372 5682 2537 5740 vultus
2563 5683 2674 5755 ejus
2699 5683 2844 5754 quasi
2866 5682 2992 5736 cisio
3008 5681 3229 5754 fulguris
3252 5723 3265 5746 ,
3293 5682 3429 5736 oculi

1851 5784 1963 5854 ejus
1998 5779 2145 5853 quasi
2171 5777 2432 5848 lampades
2475 5775 2642 5846 ignis;
2676 5774 2883 5835 brachia
2923 5774 3034 5846 ejus
3055 5783 3105 5835 ct
3132 5789 3281 5833 arum
3320 5773 3430 5843 eius
