3918 6374
507 361 618 418 ’195

507 473 654 546 quasi
680 470 805 528 uisio
829 470 947 525 aeris
972 465 1232 542 fulgentis,
1260 483 1360 522 vos:
1385 480 1672 522 sermonum
1708 464 1817 534 ejus
1841 460 1985 534 quasi
2008 476 2131 542 vos.

508 567 868 624 multitudinis.
900 564 968 619 Et
997 580 1090 635 ego
1127 563 1266 618 solus
1293 562 1398 615 vidi
1441 561 1683 615 visionem
1729 559 1882 614 hanc.
1940 557 2107 611 Porro

507 662 594 732 qui
623 669 768 715 erant
795 674 993 713 mecum
1017 672 1120 711 non
1163 654 1392 709 viderunt
1417 695 1433 721 ,
1476 652 1565 706 sed
1593 660 1772 720 stupor
1795 665 2011 721 magnus
2032 649 2108 702 ir-

507 753 611 809 ruit
634 768 788 823 super
809 767 894 806 eos
917 786 934 816 ,
986 757 1034 804 et
1079 752 1317 821 fugerunt
1339 745 1394 800 in
1422 744 1634 810 timore,
1673 751 1721 796 et
1742 757 1844 796 non
1869 739 2109 794 remansit

508 848 564 904 in
591 864 672 902 me
708 845 950 917 fortitudo
988 857 1009 897 ι’
1050 851 1097 896 et
1136 839 1300 913 gloria
1347 853 1460 891 mea
1512 850 1752 890 conuersa
1800 841 1872 887 est
1908 832 1961 886 in
1995 847 2110 884 cor-

509 941 796 1011 ruptionem
827 937 845 1006 (
876 934 1017 990 Dan.
1049 933 1137 990 £0.
1163 932 1277 988 5-8
1390 928 1530 997 Quid
1579 935 1664 983 est
1701 925 1833 981 illud
1867 961 1882 991 ,
1931 922 2108 978 Gloria

509 1049 624 1090 meo
690 1043 931 1087 conuersa
982 1035 1054 1084 est
1100 1027 1155 1081 in
1180 1021 1601 1094 corruptionem?
1655 1019 1948 1074 Formosus
1993 1024 2108 1070 erat

507 1129 856 1184 adolescens:
887 1123 1011 1194 quia
1041 1121 1202 1192 igitur
1233 1119 1394 1174 timor
1417 1113 1593 1185 angeli
1617 1111 1897 1183 prmsentis
1923 1108 2105 1164 eli'ccit

509 1231 590 1286 ut,
620 1216 1010 1287 exspirantium
1038 1226 1188 1267 more
1213 1245 1228 1276 ,
1276 1207 1449 1278 pallor
1478 1205 1676 1260 nimius
1692 1201 1887 1272 speciei
1918 1203 2106 1254 liorem

510 1311 797 1380 vultusque
828 1306 1068 1362 nativum
1095 1303 1332 1358 colorem
1358 1297 1754 1367 exstingueret,
1782 1293 1902 1348 ideo
1927 1291 2059 1345 dixit
2088 1330 2104 1356 ,

511 1401 690 1459 Gloria
718 1416 829 1453 mea
855 1411 1095 1452 conversa
1117 1402 1190 1447 est
1213 1394 1267 1446 in
1291 1389 1686 1460 corruptionem.
1720 1384 1871 1440 Sicut
1912 1383 2054 1438 enim
2085 1423 2100 1447 ,

443 1551 446 1555 ,
510 1493 599 1549 ubi
625 1491 807 1562 auriga
833 1486 1148 1558 perterritus
1175 1482 1412 1538 habenas
1431 1479 1629 1540 amisit,
1659 1477 1780 1546 equi
1806 1473 2104 1545 praecipites

509 1587 773 1650 feruntur,
791 1591 845 1638 et
861 1596 1051 1636 currus
1073 1578 1310 1634 funditus
1336 1573 1595 1629 evertitur
1627 1589 1641 1626 :
1671 1571 1748 1626 sic
1768 1581 1823 1623 et
1849 1569 1900 1622 in
1929 1567 2106 1620 anima

511 1680 627 1736 ﬁcri
670 1678 842 1743 solet,
887 1673 1100 1744 quando
1145 1679 1365 1740 stupore
1408 1677 1464 1723 et
1512 1665 1754 1736 angustia
1801 1662 2103 1718 detinetur:

508 1769 792 1844 perterrita
819 1767 1017 1838 quippe
1038 1807 1053 1831 ,
1087 1776 1320 1833 suasque
1344 1758 1685 1832 operatiOnes
1715 1766 1984 1827 tamquam
2008 1754 2107 1808 han-

508 1867 674 1922 benas
701 1880 730 1918 a
757 1861 979 1932 singulis
1005 1858 1248 1927 corporis
1276 1854 1524 1910 sensibus
1558 1851 1805 1907 auferens
1828 1892 1841 1915 ,
1866 1849 2106 1905 membra

453 2011 464 2018 .
509 1959 575 2014 iis
599 1971 762 2010 vacua
805 1953 1081 2022 relinquit.
1105 1950 1228 2004 llaec
1256 1959 1416 2018 porro
1444 1987 1461 2014 ,
1507 1945 1556 1998 vi
1599 1944 1684 1998 illa
1713 1958 1773 1998 se
1797 1941 2109 1997 continente

507 2051 782 2112 destituta,
811 2044 1065 2101 deﬁciunt
1091 2050 1146 2096 et
1165 2046 1420 2096 corruunt
1451 2035 1631 2106 :quod
1666 2046 1720 2090 et
1751 2032 1953 2087 Danieli
1981 2041 2108 2086 tunc

510 2140 725 2196 accidit.
754 2136 892 2206 Quid
926 2135 1084 2204 igitur
1108 2129 1370 2201 angelus?
1411 2127 1582 2197 Erigit
1611 2125 1759 2178 illum
1785 2133 1840 2178 et
1867 2123 1967 2176 ait:
1998 2120 2109 2174 Da-

509 2232 613 2286 niel
641 2272 656 2292 ,
678 2230 755 2283 vir
782 2225 1147 2280 desideriorum
1169 2262 1184 2284 ,
1211 2219 1437 2289 intellige
1459 2217 1606 2271 uerba
1631 2256 1646 2282 ,
1676 2229 1791 2285 qua:
1817 2228 1908 2282 ego
1930 2211 2109 2282 loquor

509 2325 578 2379 ad
607 2333 673 2390 te,
696 2331 743 2376 et
768 2331 846 2375 sta
869 2319 923 2373 in
951 2316 1114 2388 gradu
1140 2325 1227 2368 tuo
1249 2355 1264 2378 ,
1296 2313 1415 2383 quia
1443 2325 1578 2364 nunc
1608 2308 1791 2362 missus
1829 2322 1940 2360 sum
1971 2305 2039 2358 ad
2062 2314 2109 2359 te

517 2415 690 2488 (Ibid.
721 2413 835 2468 v.11
875 2412 915 2482 ).
945 2410 1038 2465 Ille
1088 2421 1216 2462 vero
1263 2403 1410 2459 stetit
1459 2412 1714 2456 tremens.
1751 2399 1818 2452 Et
1865 2411 1986 2450 cum
2027 2395 2107 2448 in-

511 2510 744 2578 cepisset
781 2503 1001 2575 angelus
1028 2498 1227 2568 alloqui
1253 2513 1376 2551 eum
1416 2509 1480 2549 ac
1519 2493 1768 2558 diceret,
1813 2489 1859 2544 Α
1883 2489 1966 2542 die
2006 2497 2108 2559 qua

519 2601 740 2658 statuisti
762 2608 814 2653 ut
841 2597 1082 2668 aﬂligeres
1109 2609 1197 2646 cor
1223 2601 1366 2644 tuum
1389 2589 1442 2642 in
1467 2593 1735 2654 conspectu
1765 2581 1862 2636 Dei
1885 2623 1901 2648 ,
1930 2581 2108 2635 audita

512 2703 632 2750 sunt
659 2693 806 2746 verba
835 2698 920 2742 tua
942 2703 960 2742 :
982 2695 1033 2742 et
1077 2701 1168 2755 ego
1205 2681 1318 2735 ueni
1359 2681 1414 2733 in
1455 2677 1616 2732 verbis
1643 2676 1742 2729 tuis
1779 2672 1885 2745 (Ib.
1916 2687 1964 2724 υ.
1990 2670 2104 2742 12);

509 2799 721 2844 rursum
739 2780 935 2837 decidit
959 2779 1011 2833 in
1040 2786 1258 2835 terram.
1290 2782 1346 2826 ut
1371 2771 1548 2826 animo
1567 2767 1880 2823 deﬁcientes
1908 2763 2104 2820 solent.

508 2876 970 2951 Qucmadmodhm
1018 2873 1162 2929 enim
1205 2870 1278 2924 illi
1312 2867 1478 2924 erecti
1506 2874 1559 2920 et
1587 2866 1639 2920 in
1666 2879 1725 2918 se
1753 2860 1990 2928 reversi,
2022 2871 2108 2914 re-

509 2974 906 3047 spicientesque
945 2979 1040 3024 eos
1079 2968 1166 3036 qui
1204 2978 1266 3018 se
1313 2961 1580 3016 sustinent
1625 2957 1919 3025 faciemque
1953 2965 2105 3008 suam

508 3084 644 3140 aqua
668 3066 853 3138 frigida
885 3065 1216 3134 inspergunt,
1251 3059 1303 3114 in
1331 3058 1460 3128 ipsis
1487 3072 1548 3112 se
1577 3054 1955 3110 sustinentium
1984 3065 2102 3105 ma-

509 3161 665 3215 nibus
698 3171 843 3225 smpe
869 3153 1161 3210 deﬁciunt:
1190 3149 1262 3205 ita
1299 3157 1354 3205 et
1381 3147 1655 3218 prophetae
1703 3144 1944 3214 contigit.
1974 3141 2105 3196 Ani-

508 3266 629 3306 mus
657 3257 884 3317 namque
915 3243 1230 3315 perterritus
1259 3239 1594 3310 prtcsentiam
1621 3234 1865 3292 conservi
1889 3233 1970 3289 sui
1999 3247 2106 3287 non

510 3342 687 3397 ferens
715 3381 730 3404 ,
775 3349 946 3407 neque
985 3333 1329 3404 splendorem
1374 3329 1522 3385 iIIUm
1566 3329 1833 3384 sustinere
1883 3323 2103 3391 valens,

506 3430 947 3494 conturbabatur,
995 3443 1024 3480 a
1056 3426 1234 3480 carnis
1263 3422 1478 3476 vinculo
1513 3430 1784 3490 tamquam
1836 3433 1868 3473 a
1916 3426 2104 3472 catena

508 3542 630 3583 sese
655 3523 907 3594 expedire
927 3517 1206 3574 festinans.
1237 3513 1437 3570 Verum
1465 3513 1556 3568 ille
1582 3507 1760 3566 adhuc
1789 3511 2104 3566 continebat

508 3620 680 3677 illum.
731 3614 966 3670 Audiant
1016 3611 1049 3664 ii
1091 3609 1183 3680 qui
1225 3607 1553 3676 Angelorum
1581 3601 1868 3659 Dominum
1895 3601 2106 3656 curiose

508 3716 844 3765 scrutantur.
881 3701 1064 3758 Daniel
1089 3741 1105 3766 ,
1152 3713 1309 3770 quem
1337 3697 1474 3752 oculi
1504 3696 1717 3750 leonum
1747 3694 1961 3749 reret-ili
1991 3692 2107 3747 fue-

511 3811 665 3867 raut;
699 3797 904 3860 Daniel,
931 3795 1023 3864 qui
1049 3793 1101 3847 in
1128 3791 1364 3845 humano
1391 3802 1616 3858 corpore
1645 3800 1708 3842 ea
1739 3786 1918 3840 facere
1955 3793 2105 3855 pote-

512 3900 596 3948 rat
615 3904 735 3962 qua:
756 3886 1026 3941 hominem
1052 3889 1328 3953 superant,
1358 3879 1606 3934 conservi
1635 3876 1978 3947 praesentiam
1996 3890 2106 3930 non

513 3983 676 4050 tulit,
717 3979 810 4036 sed
861 3976 1198 4033 exanimatus
1238 3971 1470 4042 jacebat.
1521 3967 1714 4023 Eversa
1762 3978 1878 4022 sunt
1915 3968 2058 4022 enim
2087 4008 2104 4034 ,

513 4075 705 4144 inquit,
737 4070 979 4124 interiora
1003 4082 1113 4120 mea
1135 4065 1189 4119 in
1216 4063 1407 4118 uisione
1433 4077 1564 4128 mea,
1593 4069 1640 4114 et
1660 4061 1868 4129 spiritus
1895 4076 1994 4114 non
2022 4075 2105 4113 re-

512 4167 659 4222 lictus
685 4173 756 4218 est
783 4163 838 4216 in
859 4157 1114 4229 me(Ibid.
1145 4171 1195 4210 o.
1217 4155 1306 4210 l6.
1337 4151 1448 4226 l7).
1477 4152 1578 4220 Qui
1605 4165 1733 4206 vero
1761 4165 1792 4205 a
1813 4150 1942 4220 justi
1964 4150 2107 4204 illius

511 4258 709 4312 virtute
739 4262 943 4308 tantum
974 4249 1177 4304 distant
1201 4247 1370 4316 ipsam
1423 4243 1515 4298 Dei
1557 4241 1910 4297 substantiam
1937 4254 1996 4295 se
2025 4239 2108 4294 di-

512 4347 863 4420 ligentissime
900 4357 1060 4397 nosse
1099 4339 1451 4412 proﬁtentur;
1505 4334 1651 4389 illam
1684 4333 1892 4388 scilicet
1913 4347 2104 4401 supre-

513 4455 658 4496 mam
694 4441 751 4492 et
794 4435 1022 4506 primam
1048 4473 1064 4499 ,
1109 4445 1230 4502 qua:
1270 4429 1550 4484 innumera
1592 4424 1901 4495 angelorum
1943 4421 2107 4477 millia

514 4526 766 4600 produxit
794 4568 810 4593 ,
861 4539 1090 4596 quorum
1123 4536 1286 4578 unum
1315 4518 1500 4575 Daniel
1530 4517 1843 4587 conspicere
1869 4529 1975 4570 non
2007 4528 2106 4584 po-

515 4625 635 4678 tuit.

589 4719 643 4773 5.
680 4715 813 4770 Deus
840 4708 1036 4768 etiamsi
1076 4727 1130 4765 se
1155 4714 1444 4778 attemperet
1463 4747 1478 4772 ,
1510 4721 1542 4758 a
1571 4703 1801 4775 supernis
1824 4699 2108 4754 Virtutibus

515 4810 676 4866 videri
705 4805 891 4878 nequit.
916 4833 988 4846 ——
1013 4802 1118 4858 Sed
1139 4801 1204 4855 ad
1224 4799 1500 4871 pristinum
1525 4795 1850 4868 prepositum
1873 4799 2108 4846 reverta-

520 4917 662 4968 mur,
677 4897 1126 4963 ostendamusque
1140 4906 1239 4947 uec
1255 4905 1281 4944 a
1301 4888 1547 4959 supernis
1559 4884 1857 4942 Virtutibus
1871 4879 2106 4951 conspici

519 5007 677 5064 posse
704 4990 870 5044 Deum
894 5027 912 5053 ,
943 4983 1152 5040 etiamsi
1180 4995 1300 5036 sese
1317 4986 1652 5049 attemperet.
1679 4975 1788 5031 Cur
1813 4972 1954 5028 enim
1973 5014 1989 5038 ,
2020 4970 2109 5026 dic

521 5083 674 5148 mihi,
696 5081 810 5136 alas
837 5074 1171 5150 praetendunt
1193 5070 1510 5142 Seraphim?
1532 5068 1685 5124 Nulla
1707 5067 1809 5120 alia
1835 5064 1902 5119 de
1922 5076 2105 5127 causa,

519 5191 680 5249 quam
708 5182 768 5228 ut
792 5170 919 5228 illud
942 5167 1289 5240 apostolicum
1311 5205 1326 5229 ,
1354 5162 1456 5231 Qui
1481 5164 1646 5217 lucem
1665 5159 1856 5214 habitat
1878 5158 2108 5210 inacces-

520 5268 716 5325 sibilem
744 5265 823 5337 (l.
851 5263 986 5318 Tim.
1017 5261 1070 5317 6.
1106 5257 1212 5333 16)
1234 5301 1250 5324 ,
1282 5257 1414 5329 ipsis
1439 5255 1692 5326 Operibus
1731 5251 2104 5337 proclament:

522 5374 699 5431 neque
721 5357 810 5412 illa
836 5356 1007 5411 solum
1032 5395 1048 5421 ,
1076 5352 1171 5408 sed
1193 5351 1353 5406 etiam
1378 5349 1479 5404 illis
1502 5346 1775 5418 superiora
1794 5336 2106 5397 Cherubim.

523 5451 618 5508 ila:
645 5448 843 5520 quippe
857 5440 1096 5502 Virtutes
1118 5457 1286 5514 prope
1313 5449 1490 5504 stant;
1519 5437 1623 5493 illae
1643 5447 1771 5492 vero
1792 5434 1968 5489 throni
1988 5441 2112 5489 sunt

525 5543 624 5599 Dei
651 5543 669 5575 ⁸
704 5560 719 5596 :
749 5556 856 5596 non
882 5538 1023 5610 quod
1052 5537 1244 5592 throno
1272 5535 1412 5589 Deus
1434 5541 1608 5604 egeat,
1639 5529 1735 5586 sed
1775 5537 1830 5583 ut
1862 5526 1967 5583 hoc
1988 5527 2109 5582 Vir-

591 5653 610 5687 ι
644 5659 753 5703 pou
771 5651 896 5712 haec,
917 5648 1018 5712 illa:
1040 5659 1152 5699 vero
1186 5641 1345 5712 tlttjqni
1377 5647 1486 5712 sunt
1511 5639 1710 5712 Dei,in.
1725 5638 1819 5688 alio
1848 5639 2070 5701 sequitur
2093 5650 2108 5712 ς

532 5721 589 5763 tn
609 5700 856 5774 scrip—tura
1035 5722 1138 5760 mos
1155 5715 1225 5759 est
1243 5705 1355 5758 illas
1371 5705 1596 5754 thronum
1619 5700 1710 5774 Dei
1729 5700 2036 5774 uocare,’non
2057 5705 2111 5774 ut

525 5761 753 5842 thronum
771 5761 1026 5838 intelligas,
1059 5783 1175 5822 nam
1200 5779 1297 5822 Deo
1334 5779 1430 5820 non
1464 5777 1584 5832 opus
1613 5769 1684 5817 est
1723 5761 1911 5825 throno,
1946 5761 2031 5813 sed
2057 5767 2111 5812 ut

529 5835 782 5899 Virtutum,
806 5842 908 5886 etc.

1223 351 1289 412 S.
1320 350 1601 411 JOANNIS
1636 344 2116 409 CHRYSOSTOMI
2153 345 2474 404 ARCIIIEP.
2501 346 3039 405 CONSTANTINOP.

3690 347 3795 408 734

2223 468 2392 516 tutum
2419 461 2652 532 ipsarum
2679 462 2986 534 dignitatem
3012 461 3294 534 intelligas.
3313 463 3452 520 Audi
3474 465 3640 523 alium
3661 481 3798 539 quo-

2215 569 2320 625 que
2348 555 2663 624 prophetam
2684 559 2752 612 de
2781 557 2886 611 illis
2917 558 3220 626 loquentem
3249 575 3262 612 :
3292 555 3360 611 Et
3380 562 3574 630 factum
3593 570 3668 616 est
3691 577 3800 617 uer-

2211 645 2330 701 bum
2356 646 2562 702 Domini
2587 649 2656 703 od
2680 648 2915 704 Ezechiel
2943 651 3106 720 [ilium
3133 646 3261 704 Βυκί
3283 668 3426 706 secus
3445 653 3639 724 ﬂumen
3665 652 3802 709 Cho-

2210 738 2303 794 bar
2327 739 2540 811 (Ezech.
2563 743 2616 796 i.
2645 741 2726 814 3).
2773 742 2840 797 Et
2875 741 2963 798 hic
3008 742 3077 798 ad
3105 741 3302 798 ﬁumen
3331 741 3580 811 Chobar,
3613 760 3805 816 quem-

2211 831 2501 887 admodum
2549 833 2638 888 ille
2681 833 2748 888 ad
2795 833 2992 890 ﬁumen
3021 834 3224 905 Tigrim
3257 834 3448 890 stabat.
3489 834 3620 892 Cum
3655 839 3804 894 etiim

2213 925 2354 981 Deus
2399 925 2698 982 mirabilem
2733 925 3020 997 quamdam
3062 927 3324 983 visionem
3353 928 3522 984 servis
3555 929 3670 984 suis
3716 945 3807 986 os-

2212 1027 2467 1076 tensurus
2495 1028 2578 1076 est
2603 1061 2619 1088 ,
2648 1034 2743 1076 eos
2771 1029 2923 1076 extra
2946 1020 3106 1076 urbes
3132 1021 3311 1077 educit
3331 1022 3383 1076 in
3408 1022 3583 1078 locum
3604 1024 3809 1080 tumul-

2215 1119 2270 1165 tu
2302 1127 2556 1180 vacuum,
2585 1121 2645 1168 ut
2672 1127 2702 1166 a
2729 1112 2876 1167 nullo
2903 1113 2992 1168 vel
3019 1113 3120 1168 sub
3145 1125 3420 1184 aspectum
3447 1116 3532 1170 vel
3568 1117 3669 1172 sub
3702 1132 3804 1173 au-

2213 1204 2383 1260 ditum
2412 1205 2636 1261 cadente
2678 1207 3051 1276 interpelletur
3085 1208 3294 1264 animus
3321 1252 3336 1276 ,
3367 1209 3463 1265 sed
3492 1219 3634 1266 totus
3675 1227 3805 1269 cum

2212 1298 2456 1352 libertate
2497 1309 2727 1354 ostensa:
2764 1300 2844 1354 rei
2869 1301 3307 1370 contemplationi
3330 1311 3500 1357 vacet.
3539 1303 3674 1372 Quid
3706 1306 3807 1375 igi-

2214 1398 2299 1443 tur
2326 1390 2456 1444 vidit
2481 1391 2611 1445 ille?
2646 1389 2780 1444 Ecce
2804 1393 2988 1457 nubes,
3024 1393 3226 1462 inquit,
3257 1395 3480 1448 veniebat
3502 1396 3564 1449 ab
3599 1398 3804 1467 aquilo-

2213 1497 2305 1548 ne,
2334 1491 2379 1534 et
2405 1483 2646 1550 splendor
2673 1484 2728 1536 in
2757 1483 2970 1537 circuitu
3009 1485 3148 1554 ejus,
3173 1495 3223 1538 et
3260 1487 3391 1556 ignis
3419 1488 3689 1558 fulgurans
3709 1529 3725 1556 ,
3757 1498 3805 1544 ct

2212 1572 2265 1626 in
2288 1574 2451 1627 medio
2475 1575 2586 1644 ejus
2615 1575 2758 1642 quasi
2800 1577 2924 1630 uisio
2965 1577 3131 1631 electri
3150 1619 3165 1643 ,
3197 1588 3242 1631 et
3264 1579 3506 1648 splendor
3530 1582 3584 1635 in
3629 1598 3722 1647 co,
3754 1592 3805 1638 et

2212 1665 2263 1717 in
2309 1666 2473 1719 medio
2503 1665 2782 1721 similitudo
2821 1678 3041 1738 quatuor
3078 1669 3394 1724 animalium.
3426 1671 3525 1727 Hie
3569 1688 3805 1744 aspectus

2213 1771 2392 1809 eorum
2412 1798 2428 1822 ,
2458 1757 2738 1810 similitudo
2759 1758 2974 1812 hominis
2997 1760 3049 1813 in
3069 1760 3160 1814 eis.
3183 1758 3251 1813 Et
3271 1772 3488 1831 quatuor
3515 1765 3672 1834 facies
3692 1767 3801 1831 uni,

2213 1858 2260 1902 et
2287 1860 2505 1919 quatuor
2541 1849 2641 1904 alte
2667 1850 2774 1904 uni.
2809 1847 2878 1905 Et
2920 1850 3138 1906 altitudo
3185 1863 3290 1906 erat
3314 1855 3420 1920 eis,
3463 1865 3509 1909 et
3558 1858 3807 1912 terribilia

2211 1951 2356 1994 erant
2383 1957 2405 1996 :
2433 1951 2478 1995 ct
2511 1952 2650 2010 terga
2695 1959 2867 1996 eorum
2895 1945 3043 2013 plena
3080 1945 3242 1998 oculis
3281 1946 3333 1999 in
3369 1947 3584 2001 circuitu
3627 1965 3805 2003 eorum

2211 2041 2467 2100 quatuor;
2491 2041 2538 2086 et
2563 2033 2840 2087 similitudo
2859 2051 3012 2104 super
3036 2045 3188 2104 caput
3215 2052 3383 2090 eorum
3403 2077 3419 2102 ,
3450 2039 3598 2107 quasi
3620 2040 3804 2108 firma-

2213 2135 2433 2179 mentum
2452 2170 2465 2189 ,
2487 2128 2636 2197 quasi
2661 2137 2896 2196 aspectus
2924 2127 3154 2198 crystalli
3178 2129 3413 2183 terribilis
3437 2171 3453 2197 ,
3486 2141 3694 2185 extensa
3713 2149 3806 2186 su-

2214 2235 2304 2289 per
2329 2230 2479 2292 caput
2511 2237 2685 2275 eorum
2710 2221 2958 2291 desuper:
2976 2230 3022 2275 et
3049 2221 3148 2275 ala:
3171 2238 3345 2276 eorum
3371 2223 3649 2294 unicuique
3665 2225 3800 2291 duce,

2215 2320 2432 2380 tegentes
2462 2327 2678 2381 corpora
2720 2325 2890 2366 eorum
2914 2327 2933 2366 :
2953 2321 3001 2366 et
3034 2328 3192 2384 supra
3243 2313 3617 2382 ﬁrmamentum
3654 2317 3802 2386 quasi

2218 2414 2451 2474 aspectus
2495 2404 2680 2474 lapidis
2722 2405 2952 2474 sapphiri
2979 2421 3000 2460 :
3028 2415 3075 2459 et
3117 2405 3392 2460 similitudo
3419 2404 3615 2460 Throni
3649 2425 3804 2477 super

2213 2511 2326 2549 eum
2349 2537 2363 2562 ,
2409 2506 2457 2550 et
2499 2513 2651 2568 super
2692 2498 3072 2552 similitudinem
3118 2497 3286 2551 throni
3330 2497 3612 2552 similitudo
3657 2499 3805 2569 quasi

2211 2592 2400 2660 species
2437 2591 2656 2644 hominis
2689 2608 2840 2662 super
2862 2609 2996 2644 eum.
3031 2590 3099 2644 Et
3128 2592 3228 2644 uidi
3255 2593 3400 2662 quasi
3419 2601 3679 2662 aspectum
3704 2594 3806 2647 ele-

2211 2682 2333 2747 ctri,
2359 2681 2420 2734 ab
2441 2692 2644 2752 aspectu
2677 2683 2867 2748 lumbi,
2896 2691 2943 2734 et
2970 2698 3123 2752 usque
3151 2682 3367 2751 desuper
3386 2724 3400 2743 ,
3430 2692 3476 2735 et
3501 2683 3566 2737 ab
3595 2693 3804 2752 aspectu

2213 2772 2370 2827 lumbi
2393 2790 2551 2844 usque
2573 2774 2841 2839 deorsum,
2872 2774 3016 2844 quasi
3041 2773 3277 2828 uisionem
3301 2773 3433 2844 ignis
3455 2783 3535 2826 :et
3560 2773 3805 2843 splendor

2211 2867 2322 2936 ejus
2361 2867 2506 2935 quasi
2543 2876 2774 2933 aspectus
2810 2883 2991 2930 arcus,
3025 2883 3138 2919 cum
3168 2868 3319 2937 fuerit
3361 2867 3413 2920 in
3451 2867 3583 2922 nube
3627 2869 3680 2920 in
3724 2869 3806 2922 die

2212 2958 2400 3028 pluvia
2426 2955 2584 3026 (Ibid.
2617 2973 2646 3011 υ
2672 2959 2726 3011 4.
2755 2956 2937 3027 seqq)
2982 2957 3109 3011 Post
3160 2957 3275 3011 haec
3331 2968 3510 3012 autem
3547 2973 3674 3013 cum
3713 2959 3806 3013 de-

2213 3051 2416 3105 clarare
2442 3050 2636 3117 vellet,
2685 3065 2783 3104 nec
2821 3049 3138 3120 Prophetam
3181 3065 3278 3105 nec
3307 3050 3545 3105 Virtutes
3574 3052 3697 3106 illas
3737 3053 3802 3107 ad

2212 3157 2415 3197 meram
2439 3143 2606 3212 ipsam
2635 3143 2985 3197 substantiam
3011 3144 3303 3198 accessisse
3325 3185 3339 3206 ,
3369 3143 3584 3199 dicebat
3625 3163 3638 3198 :
3675 3145 3801 3200 IItee

2211 3236 2339 3290 uisio
2381 3234 2727 3290 similitudinis
2773 3234 2948 3304 gloriae
2989 3233 3191 3288 Damini
3227 3233 3350 3306 (Id.
3391 3235 3446 3288 2.
3504 3235 3581 3307 l.)
3619 3237 3802 3291 Vidcn'

2211 3335 2265 3382 et
2290 3327 2378 3381 hic
2397 3335 2452 3381 et
2475 3326 2546 3380 ibi
2581 3326 2674 3380 Dei
2695 3326 3231 3394 attemperationem?
3253 3327 3500 3381 Attamen
3525 3328 3658 3396 ipsae
3678 3345 3806 3398 quo-

2211 3415 2316 3490 que
2345 3420 2579 3474 Virtutes
2607 3433 2668 3474 se
2711 3418 2811 3473 alis
2837 3420 3118 3488 operiunt,
3152 3419 3292 3473 nulla
3321 3420 3427 3474 alia
3453 3435 3615 3490 quam
3647 3436 3804 3491 supra

2211 3513 2352 3568 dicta
2383 3511 2452 3567 de
2477 3526 2632 3567 causa
2663 3528 2678 3565 :
2709 3526 3030 3581 quamquam
3060 3511 3469 3581 sapientissimo:
3489 3553 3504 3576 ,
3532 3513 3808 3581 perSpica-

2212 3603 2443 3659 cissimaa
2493 3610 2548 3657 et
2591 3601 2895 3671 purissima:
2935 3592 3060 3656 sint.
3105 3601 3382 3657 Undenam
3411 3601 3463 3656 id
3494 3602 3702 3672 liquet?
3729 3604 3807 3657 Ab

2211 3696 2342 3766 ipsis
2365 3693 2688 3750 nominibus.
2709 3692 3165 3760 Quemadmodum
3186 3693 3326 3746 enim
3354 3693 3574 3762 angelus
3586 3693 3803 3758 dicitur,

2211 3790 2332 3859 quia
2360 3804 2479 3858 qua:
2517 3786 2613 3841 Dei
2643 3785 3090 3840 sunthominihus
3112 3784 3410 3850 annuntiat,
3433 3786 3807 3851 ἀναν-γέλλειεει

2209 3879 2561 3950 archangelus
2584 3877 2705 3946 quia
2733 3877 2934 3947 angelis
2965 3877 3216 3945 imperat:
3235 3873 3312 3929 sic
3337 3883 3390 3929 et
3409 3875 3512 3928 illa:
3545 3875 3806 3929 vocabula

2212 3981 2381 4026 nacta:
2411 3979 2536 4025 sunt
2560 3985 2678 4039 qua:
2699 3969 2934 4038 ipsarum
2956 3967 3280 4037 sapientiam
3309 3975 3364 4020 et
3391 3965 3677 4034 puritatem
3709 3981 3806 4019 no-

2211 4064 2294 4120 bis
2323 4064 2628 4125 dcclarent;
2659 4075 2722 4116 ac
2763 4060 2900 4115 sicut
2946 4059 3044 4114 alae
3076 4067 3278 4113 natura:
3303 4057 3688 4112 sublimitatem
3729 4059 3807 4111 in-

2211 4155 2392 4211 dicant
2443 4152 2680 4225 (etenim
2722 4151 2938 4206 Gabriel
2976 4149 3163 4204 volans
3207 4156 3662 4218 reprtesentatur,
3700 4163 3807 4201 non
3877 4169 3886 4178 ι

2210 4246 2351 4318 quod
2378 4244 2579 4316 angelis
2605 4243 2711 4298 sint
2734 4243 2834 4296 ala:
2851 4283 2864 4307 ,
2890 4241 2984 4297 sed
3014 4249 3072 4296 ut
3095 4240 3303 4296 ediscas
3329 4255 3392 4295 ex
3422 4239 3700 4293 altissimis
3725 4239 3808 4293 lo-

2210 4340 2288 4394 cis
2307 4381 2322 4405 ,
2353 4351 2528 4408 exque
2557 4349 2807 4406 supremo
2827 4333 3098 4389 domicilio
3123 4332 3272 4387 illum
3301 4331 3367 4386 ad
3399 4331 3686 4384 humanam
3713 4330 3806 4385 ad-

2210 4440 2432 4488 ventare
2478 4427 2800 4500 naturam),
2847 4428 2926 4483 sic
2955 4435 3010 4482 et
3049 4427 3102 4481 in
3151 4425 3270 4481 istis
3316 4423 3449 4479 nihil
3491 4424 3637 4478 aliud
3664 4424 3805 4492 alas,

2211 4537 2370 4594 quam
2421 4521 2803 4579 sublimitatem
2847 4527 3050 4574 natura:
3093 4516 3416 4588 signiﬁcant.
3463 4515 3612 4572 Sicut
3646 4516 3808 4584 igitur

2213 4617 2313 4672 alae
2345 4627 2548 4670 natura:
2577 4613 2957 4670 sublimitatem
2984 4610 3259 4666 declarant
3283 4649 3300 4676 ,
3329 4618 3384 4663 et
3415 4609 3638 4662 thronus
3660 4607 3804 4676 quod

2213 4707 2354 4762 Deus
2385 4707 2438 4761 in
2483 4706 2613 4776 ipsis
2651 4705 2978 4775 requiescat,
3022 4712 3078 4757 et
3121 4701 3258 4757 oculi
3307 4699 3806 4770 perspicacitatem,

2213 4799 2393 4854 throni
2423 4797 2788 4867 prOpinquitas
2815 4805 2869 4851 et
2893 4794 3077 4866 hymni
3103 4792 3352 4864 perpetui
3383 4790 3713 4861 vigilantiam
3759 4801 3809 4844 et

2215 4891 2478 4945 insomnia
2509 4908 2522 4944 :
2551 4890 2627 4943 sic
2678 4889 2895 4944 nomina
2944 4888 3135 4941 horum
3181 4885 3496 4955 sapientiam
3527 4916 3544 4949 ,
3590 4882 3806 4936 illorum

2211 4983 2497 5056 puritatem
2537 4981 2855 5052 signiﬁcant.
2882 4979 3018 5048 Quid
3045 4977 3190 5033 enim
3217 4976 3317 5031 sibi
3343 4976 3457 5031 vult
3475 4974 3766 5030 Cherubim
3788 4975 3809 5025 ‘l

2213 5075 2376 5131 Plena
2400 5073 2641 5129 scientia.
2664 5073 2799 5142 Quid
2823 5071 3103 5141 Scraphim
3122 5071 3147 5121 ἵ
3167 5069 3332 5140 lgnita
3355 5082 3468 5122 ora.
3498 5065 3681 5120 Viden”
3703 5080 3811 5135 quo

2219 5175 2376 5238 pacto
2404 5166 2622 5222 nomina
2667 5166 2880 5221 illorum
2903 5164 3220 5234 sapientiam
3245 5193 3260 5229 ,
3301 5160 3491 5214 horum
3521 5159 3809 5228 puritatem

2215 5260 2552 5332 signiﬁcent?
2577 5259 2632 5315 Si
2660 5274 2788 5315 vero
2816 5257 2903 5312 ubi
2934 5257 3085 5326 plena
3112 5254 3332 5310 scientia
3357 5261 3474 5319 est,
3517 5265 3584 5305 ne
3608 5259 3810 5305 attem-

2215 5361 2459 5423 peratum
2485 5350 2700 5422 quidem
2731 5349 2822 5404 Dei
2847 5347 3064 5403 modum
3085 5353 3332 5402 accurate
3345 5343 3528 5399 videre
3545 5349 3809 5412 possunt:

2215 5445 2304 5500 ubi
2335 5459 2401 5501 ex
2431 5452 2580 5515 parte
2626 5442 2889 5512 cognitio,
2933 5445 2992 5494 ut
3032 5437 3105 5492 ait
3135 5437 3331 5492 Paulus
3355 5476 3371 5501 ,
3420 5432 3505 5490 ΕΞ
3546 5441 3694 5504 parte
3721 5449 3812 5487 co-

2215 5538 2536 5609 gnoscimus,
2567 5545 2654 5603 et,
2685 5533 2784 5589 Per
2826 5532 3085 5603 speculum
3122 5539 3169 5584 et
3209 5531 3262 5583 in
3287 5527 3552 5599 wrdgmate
3583 5524 3658 5598 (l.
3693 5523 3813 5578 Cor.

2218 5625 2506 5698 15.9.12),
2546 5635 2759 5697 quantm
2806 5623 2966 5679 fuerit
3008 5621 3289 5686 amentize,
3340 5633 3435 5685 ea,
3484 5630 3605 5686 quae
3636 5635 3704 5675 ne
3740 5617 3809 5673 illi

2218 5720 2436 5792 quidem
2467 5727 2691 5792 possunt
2719 5717 2943 5785 intueri,
2987 5714 3086 5774 sibi
3121 5723 3244 5770 nota
3273 5721 3328 5767 et
3365 5708 3650 5780 perspicua
3689 5723 3810 5765 esse

2220 5821 2406 5883 putare
2425 5812 2459 5886 2,
