3918 6410
242 344 358 397 725

317 466 391 526 ς’.
420 453 540 513 Ὀτι
561 457 617 511 δὲ
638 461 701 514 οὐ
723 459 834 519 τοῖς
858 455 1132 528 Χερουϐὶμ
1149 494 1163 519 ,
1183 453 1305 508 οὐδὲ
1327 457 1438 518 τοῖς
1465 455 1717 524 Σεραφίμ
1741 452 1925 524 μόνον,

243 547 359 602 ἀλλ’
392 546 514 601 οὐδὲ
541 547 761 618 ἀρχαῖς,
785 545 907 597 οὑδέ
937 543 1234 608 ἐξουσίαις,
1267 543 1387 597 οὐδὲ
1413 541 1549 616 ἄλλῃ
1585 543 1691 596 τινί
1725 543 1921 612 κτιστῇ

241 636 470 707 δυνάμει
498 633 854 704 κατάληπτός
885 635 1034 686 ἐστιν
1065 633 1092 684 ὁ
1124 632 1280 695 Θεὸς,
1315 631 1408 684 καὶ
1440 631 1598 682 τοῦτο
1626 630 1928 700 ἐϐουλόμην

242 723 524 792 ἀποδεῖξαι
547 723 664 788 νῦν,
691 722 805 777 ἀλλ’
841 721 1048 793 ἔκαμεν
1083 722 1218 791 ἡμῖν
1258 722 1290 791 ή
1329 719 1564 782 διάνοια,
1591 719 1654 774 οὑ
1683 719 1760 790 τῷ
1793 720 1926 790 πλή-

244 814 345 875 θει,
373 813 508 867 ἀλλὰ
525 816 590 885 τῇ
623 812 794 884 φρίκῃ
827 811 935 865 τῶν
971 809 1302 882 εἰρημένων.
1330 809 1538 880 Τρέμει
1573 808 1684 882 γὰρ
1707 809 1801 863 καὶ
1838 811 1929 862 ἐκ·

248 904 556 974 πέπληκται
600 904 634 974 ή
674 901 822 973 ψυχὴ
869 901 963 953 ἐπὶ
1003 900 1138 953 πολὺ
1181 902 1304 963 ταῖς
1345 900 1459 954 ἀνω
1507 897 1930 969 ἐνδιατρίϐουσα

243 993 522 1064 θεωρίαις.
561 991 653 1046 Διὸ
699 991 834 1062 φέρε
873 989 1047 1061 αὐτὴν
1083 989 1148 1042 ἐκ
1191 987 1303 1041 τῶν
1345 985 1594 1058 οὐρανῶν
1623 985 1928 1040 καταϐιϐά-

243 1081 540 1153 σωμενκαὶ
577 1081 1074 1152 ψυχαγωγήσωμεν
1110 1075 1674 1146 καταπεπληγμένην,
1701 1075 1794 1128 ἐπὶ
1827 1076 1928 1147 τὴν

242 1165 452 1238 συνήθη
489 1164 908 1234 καταφυγόντες
937 1162 1308 1234 παράκλησιν.
1340 1162 1437 1224 Τίς
1469 1161 1527 1213 δὲ
1563 1159 1704 1230 αῦτη
1741 1159 1923 1225 ἐστίν;

241 1253 514 1325 Εὖχεσθαι
545 1253 672 1318 τοὺς
708 1253 778 1308 τά
817 1252 1045 1307 τοιαῦτα
1080 1251 1374 1314 νοσοῦντας
1412 1250 1632 1320 ὑγιᾶναί
1669 1267 1824 1303 ποτε.
1861 1249 1926 1302 Εἰ

241 1345 346 1416 γὰρ
387 1343 527 1414 ὑπὲρ
547 1341 656 1394 τῶν
685 1343 744 1394 ἐν
772 1340 971 1405 νόσοις,
1007 1341 1065 1394 ἐν
1099 1338 1404 1410 μετάλλοις,
1433 1340 1490 1392 ἐν
1518 1337 1785 1410 σκληραῖς
1808 1337 1928 1390 δου-

240 1432 433 1495 λείαις,
465 1430 561 1484 καὶ
603 1430 748 1500 ὑπὲρ
802 1429 913 1482 τῶν
961 1427 1374 1498 ἐνεργουμένων
1430 1427 1767 1498 κελευόμεθα
1836 1425 1927 1478 τὸν

240 1519 375 1571 Θεὸν
404 1517 771 1591 παρακαλεῖν,
797 1515 950 1586 πόσῳ
982 1513 1183 1586 μᾶλλον
1207 1514 1347 1586 ὑπὲρ
1376 1511 1612 1579 τούτων;
1655 1513 1810 1565 Ἐπεὶ
1836 1512 1929 1564 καὶ

239 1607 604 1678 χαλεπωτέρα
650 1605 746 1659 τοῦ
793 1604 1047 1674 δαίμονος
1087 1605 1119 1674 ή
1165 1602 1426 1657 ἀσέϐεια·
1465 1601 1648 1672 ἐκείνη
1685 1601 1783 1672 μὲν
1821 1607 1928 1671 γὰρ

238 1699 353 1768 ἔχει
391 1694 725 1766 συγγνώμην
763 1695 795 1766 ἡ
831 1692 1018 1764 μανία,
1051 1692 1192 1762 αῦτη
1239 1691 1296 1744 δὲ
1334 1693 1516 1762 πάσης
1561 1689 1860 1758 ἀπολογίας
1895 1691 1928 1762 ή

241 1791 397 1851 νόσος
439 1786 754 1856 ἐστέρηται.
802 1781 943 1835 Ἀλλ’
978 1781 1168 1852 ἐπειδὴ
1211 1781 1311 1852 τῆς
1347 1781 1490 1852 ὑπὲρ
1529 1779 1636 1833 τῶν
1673 1781 1929 1850 ἐνεργου-

244 1879 424 1950 μένων
455 1875 740 1948 ἐμνήσθην
769 1874 956 1944 εὐχῆς,
983 1871 1247 1943 βούλομαί
1280 1888 1332 1924 τι
1359 1871 1494 1942 πρὸς
1525 1869 1623 1942 τὴν
1653 1871 1928 1942 ὑμετέραν

237 1968 589 2040 διαλεχθῆναι
625 1967 870 2037 ἀγάπην,
901 1965 996 2018 καί⁵
1027 1965 1242 2034 νόσημα
1270 1961 1422 2036 [ίϐθ]
1450 1962 1548 2032 τῆς
1597 1963 1929 2032 Ἐκκλησίας

240 2058 472 2126 ἐκκὸιέίαι
509 2055 770 2127 χαλεπόν.
816 2053 928 2107 Καὶ
957 2053 1067 2124 γάρ
1093 2053 1296 2108 ἄτοπον
1333 2052 1398 2106 ἂν
1434 2051 1521 2123 εἴη
1557 2051 1686 2116 τούς
1728 2051 1928 2114 ἔξωθεν

243 2147 385 2217 μετά
438 2143 714 2212 τοσαύτης
769 2141 1122 2214 ἰατρεύοντας
1173 2139 1492 2211 ἐπιμελείας
1545 2140 1655 2193 τῶν
1705 2141 1930 2193 οἰκείων

241 2231 608 2298 καταφρονεῖν
652 2225 853 2296 μελῶν.
905 2224 972 2278 Τί
1022 2227 1141 2278 ποτ’
1172 2219 1265 2278 οὖν
1300 2227 1419 2278 ἐστι
1457 2224 1520 2277 τὸ
1571 2223 1826 2294 νόσημα;
1857 2225 1930 2278 Τὸ

240 2316 446 2387 πλῆθος
478 2315 638 2368 τοῦτο
671 2314 731 2366 τὸ
769 2313 999 2383 ἄφατον,
1032 2311 1092 2365 τὸ
1123 2310 1636 2384 συγκεκροτημένον
1674 2310 1793 2378 νῦν,
1835 2311 1930 2365 καί

245 2401 383 2472 μετὰ
410 2400 680 2470 τοσαύτης
708 2398 1000 2470 ἀκριϐείας
1032 2398 1301 2470 προσέχον
1331 2400 1446 2458 τοῖς
1470 2397 1807 2467 λεγομένοις,
1828 2413 1930 2450 κα-

212 2492 310 2547 ,τά
339 2492 438 2562 τὴν
475 2489 924 2560 φρικωδεστάτην
957 2486 1108 2558 ὥραν
1161 2487 1377 2556 ἐκείνην
1423 2485 1688 2549 πολλάκις
1734 2485 1930 2555 ἐπιζη-

239 2581 413 2652 τήσας
445 2579 573 2632 ἰδεῖν
601 2578 702 2631 οὐκ
723 2577 1019 2648 ἠδυνήθην,
1052 2577 1144 2629 καὶ
1173 2575 1382 2646 σφόδρα
1415 2573 1701 2641 ἐστέναξα,
1726 2575 1808 2628 δτι
1834 2573 1929 2626 τοῦ

245 2668 346 2740 μὲν
394 2667 680 2722 συνδούλου
701 2664 1088 2736 διαλεγομένου
1127 2663 1296 2734 πολλὴ
1347 2664 1380 2733 ή
1429 2663 1654 2735 σπουδὴ,
1685 2666 1932 2716 ἐπιτετα-

247 2757 386 2828 μένη
422 2759 455 2828 ή
485 2754 764 2829 προθυμία
793 2753 902 2806 τῶν
933 2751 1322 2806 συνωθούντων
1351 2751 1616 2824 ἀλλήλους
1647 2753 1740 2805 καὶ
1767 2753 1930 2824 μέχρι

241 2845 432 2907 τέλους
468 2841 920 2913 παραμενόντων,
954 2840 1048 2892 τοῦ
1083 2840 1140 2893 δὲ
1178 2839 1418 2912 Χριστοῦ
1465 2838 1756 2908 φαίνεσθαι
1787 2839 1932 2910 μέλ-

241 2933 425 2995 λοντος
457 2931 551 2984 ἐπὶ
589 2927 700 2982 τῶν
733 2927 894 2998 ἰερῶν
945 2928 1285 2998 μυστηρίων,
1321 2926 1452 2998 κενὴ
1504 2927 1601 2980 καὶ
1649 2925 1855 2997 ἔρημος
1895 2927 1930 2998 ή

253 3019 554 3092 Ἐκκλησία
569 3019 797 3086 γίνεται.
815 3016 924 3071 Καὶ
942 3014 1046 3068 ποῦ
1064 3015 1236 3068 ταῦτα
1255 3014 1586 3086 συγγνώμης
1603 3013 1757 3080 ἅξια;
1800 3015 1932 3068 Ἀπὸ

240 3109 342 3180 τῆς
389 3108 667 3180 Munia:
706 3105 916 3176 ταύτης
957 3106 1050 3159 καὶ
1094 3105 1221 3169 τοὺς
1261 3105 1517 3168 ἐπαίνους
1564 3105 1690 3168 τούς
1724 3105 1819 3158 ἐπὶ
1861 3106 1926 3176 τῇ

241 3198 387 3252 κατά
419 3196 517 3268 τὴν
549 3195 814 3267 ἀκρόασιν
863 3192 1066 3265 σπουδῇ
1113 3194 1323 3257 πάντας
1362 3192 1651 3247 ἀπόλλυτε.
1685 3191 1780 3256 Τίς
1821 3191 1931 3264 γὰρ

241 3286 398 3358 ὑμῶν
432 3286 493 3339 οὐ
531 3283 951 3354 καταγνώσεται
979 3285 1073 3336 καὶ
1103 3282 1282 3354 ήμῶν,
1310 3285 1439 3338 ὅταν
1472 3282 1556 3356 ἴδῃ
1587 3283 1680 3336 τὸν
1718 3282 1932 3356 καρπὸν

241 3375 345 3450 τῆς
387 3373 707 3448 ἀκροάσεως
735 3371 940 3438 εὐθέως
975 3373 1106 3444 ὑμῖν
1135 3372 1497 3444 διαρρυὲν-σας
1541 3373 1603 3426 Εἰ
1633 3371 1746 3443 γὰρ
1789 3371 1932 3442 μετά

245 3467 532 3540 ἀκριϐείας
564 3464 888 3537 προσείχετε
933 3465 1047 3526 τοῖς
1089 3461 1429 3532 λεγομένοις,
1461 3461 1551 3516 διά
1595 3461 1702 3515 τῶν
1751 3461 1931 3533 ἔργων

248 3557 314 3611 ἂν
351 3553 705 3619 ἐπεδείξασθε
743 3551 843 3623 τὴν
879 3549 1116 3620 σπουδήν
1139 3566 1153 3580 ·
1195 3550 1255 3602 τὸ
1293 3549 1348 3602 δὲ
1379 3549 1588 3614 εὐθέως
1630 3549 1931 3614 ἀκούοντας

247 3643 537 3716 ἀποπηδᾷν
563 3640 790 3713 σημεῖόν
820 3639 936 3692 ἐστι
963 3637 1058 3692 τοῦ
1085 3639 1252 3710 μηδὲν
1277 3637 1535 3703 δέξασθαι
1558 3638 1668 3692 τῶν
1699 3639 1929 3710 εἰρημέ-

247 3749 353 3786 νων
383 3733 476 3785 καὶ
509 3726 876 3784 ἐναποθέσθαι
911 3728 978 3798 τῇ
1005 3725 1234 3798 διανοίᾳ.
1267 3725 1330 3778 Εἰ
1365 3724 1474 3799 γὰρ
1511 3725 1832 3780 ἐναπέκειτο
1863 3729 1930 3782 τὰ

247 3819 516 3890 λεγόμενα
544 3819 662 3880 ταῖς
695 3815 919 3884 ψυχαῖς,
955 3814 1173 3878 πάντως
1206 3813 1271 3867 ἂν
1303 3813 1446 3884 ὑμᾶς
1488 3813 1636 3868 ἔνδον
1671 3813 1926 3885 κατέσχε,

247 3909 344 3962 καὶ
385 3907 524 3979 πρὸς
573 3903 645 3958 τὰ
690 3901 1113 3976 φρικωδέστατα
1151 3901 1292 3973 μετά
1325 3902 1570 3966 πλείονος
1605 3901 1931 3968 εὐσεϐείας⁸

250 3994 601 4068 παρέπεμψε.
639 3993 755 4048 Νῦν
799 3991 858 4046 δὲ
903 3991 1095 4061 ὥσπερ
1130 3989 1442 4062 κιθαρῳδοῦ
1484 4008 1631 4056 τινος
1656 3993 1930 4048 ἀκούσαν-

246 4103 360 4150 τες,
401 4083 576 4146 οὑτως
613 4081 810 4154 ἔρημοι
862 4080 1046 4150 πάσης
1093 4079 1380 4149 ὠφελείας,
1425 4081 1776 4152 παυσαμένου
1829 4082 1927 4136 τοῦ

247 4177 520 4246 λέγοντος,
557 4173 911 4243 ἀναχωρεῖ-ιε.
957 4169 1121 4222 Ἀλλά
1154 4169 1238 4232 τίς
1271 4168 1516 4244 ἡψυχρά
1567 4171 1675 4224 τῶν
1719 4169 1928 4226 πολλῶν

247 4267 544 4334 ἀπολογίας
572 4261 868 4328 Εύξασθαι,
899 4261 1055 4332 φησὶ,
1088 4262 1183 4314 καὶ
1217 4261 1313 4314 ἐπὶ
1347 4260 1445 4332 τῆς
1467 4261 1648 4325 οἰκίας
1667 4262 1924 4334 δύναμαι,

247 4359 462 4430 ὁμιλίας
489 4351 550 4410 δὲ
587 4353 819 4408 ἀκοῦσαι
849 4351 939 4406 καὶ
963 4351 1313 4414 διδασκαλίας
1337 4351 1400 4403 οὐ
1436 4351 1666 4406 δυνατὸν
1697 4353 1792 4405 ἐπὶ
1825 4353 1928 4424 τῆς

245 4446 442 4506 οἰκίας.
486 4441 728 4510 Ἀπατᾷς
771 4438 991 4500 σαυτὸν,
1035 4436 1322 4509 ἄνθρωπε·
1362 4437 1623 4506 εὖξασθαι
1669 4441 1770 4510 μὲν
1817 4441 1928 4513 γὰρ

248 4534 343 4587 καὶ
385 4530 476 4584 ἐπὶ
512 4529 612 4598 τῆς
650 4527 825 4590 οἰκίας
863 4525 1113 4588 δυνατὸν,
1141 4524 1283 4580 οῦτω
1321 4525 1379 4581 δὲ
1426 4525 1687 4592 εὔξασθαι
1720 4528 1796 4593 ὡς
1837 4531 1928 4582 ἐπὶ

245 4621 343 4691 τῆς
388 4615 714 4688 Ἐκκλησίας
742 4613 1022 4676 ἀδύνατον,
1056 4615 1190 4668 ὅπου
1213 4616 1475 4688 Πατέρων
1520 4615 1722 4687 πλῆθος
1747 4616 1930 4670 τοσοῦο

246 4724 359 4771 τον,
391 4706 524 4758 ὅπου
551 4702 649 4774 βοὴ
685 4701 822 4773 πρὸς
859 4701 951 4754 τὸν
986 4699 1120 4756 Θεὸν
1145 4701 1490 4772 ὁμοθυμαδὸν
1517 4702 1924 4774 ἀναπέμπεται.

247 4795 360 4866 Οὐχ
402 4791 576 4854 οὕτως
615 4789 877 4862 είσακούῃ
914 4789 1058 4843 κατά
1091 4789 1288 4844 σαυτὸν
1330 4789 1420 4842 τὸν
1451 4790 1729 4860 Δεσπότην
1757 4809 1932 4864 παρα-

247 4881 454 4943 καλῶν,
483 4881 558 4944 ὡς
603 4879 742 4951 μετά
769 4879 878 4932 τῶν
915 4877 1160 4947 ἀδελφῶν
1199 4877 1309 4932 τῶν
1341 4877 1467 4931 σῶν.
1519 4878 1788 4932 Ἐνταῦθα
1819 4882 1928 4953 γάρ

247 4971 364 5026 ἐστί
390 4989 444 5024 τι
479 4968 664 5032 πλέον,
691 4963 801 5021 οἷον
831 4969 865 5040 ή
897 4967 1121 5038 ὁμόνοια
1150 4967 1246 5020 καί¹
1273 4969 1306 5037 ή
1341 4967 1656 5037 συμφωνία,
1698 4968 1791 5022 καὶ
1827 4968 1928 5038 τῆς

245 5059 471 5131 ἀγάπης
501 5061 530 5113 6
557 5057 879 5128 σύνδεσμος,
900 5056 1000 5110 καὶ
1035 5057 1094 5109 αἰ
1120 5054 1228 5108 τῶν
1263 5055 1454 5126 ίερέων
1487 5055 1664 5126 εὐχαί.
1696 5055 1796 5111 Διά
1819 5056 1928 5130 γὰρ

245 5147 405 5201 τοῦτο
428 5147 478 5199 οί
515 5147 682 5217 ἰερεῖς
705 5145 1136 5216 προεστήκασιν.
1161 5143 1248 5196 ἶνα
1285 5144 1342 5196 αἰ
1375 5141 1470 5196 τοῦ
1504 5143 1743 5214 πλήθους
1771 5146 1930 5216 εὐχαὶ

247 5235 634 5305 ἀσθενέστεραι
683 5227 864 5296 οὖσαι,
887 5231 998 5286 τῶν
1031 5230 1420 5300 δυνατωτέρων
1444 5230 1650 5285 τούτων
1680 5232 1930 5287 ἐπιλαϐό-

252 5341 432 5394 μεναι,
461 5321 598 5392 ὁμοῦ
624 5320 1019 5376 συνανέλθωσιν
1043 5321 1232 5384 αὑταῖς
1269 5321 1348 5383 είς
1380 5319 1472 5372 τὸν
1507 5321 1757 5392 οὐρανόν.
1794 5323 1928 5376 Ἀλ-

248 5410 353 5474 λως
375 5411 430 5464 δὲ
452 5411 504 5463 τί
523 5410 718 5480 γένοιτ’
745 5407 810 5462 ἂν
840 5396 1030 5476 ὄφελος
1057 5408 1294 5479 ὁμιλίας,
1317 5409 1445 5461 ὅταν
1469 5409 1602 5481 εὐχή
1633 5410 1708 5480 μὴ
1797 5428 1924 5464 συνο
1955 5407 1962 5424 λ

246 5497 582 5569 εζευγμένης
614 5495 892 5570 Πρότερον
937 5496 1094 5568 εὐχὴ,
1133 5495 1228 5550 xa‘:
1272 5497 1393 5550 τότε
1434 5496 1622 5566 λόγος·
1661 5497 1805 5552 οὑτω
1831 5499 1928 5552 καὶ

248 5589 295 5638 οἱ
335 5587 626 5641 ἀπόστολοι
669 5602 869 5656 φασινο
915 5585 1106 5655 Ἡμεῖς
1144 5583 1214 5638 δὲ
1248 5583 1323 5652 τῇ
1367 5585 1684 5655 προσευχῇ
1720 5587 1817 5640 καί
1851 5586 1927 5656 τῇ

246 5672 522 5741 διακονίᾳ
553 5673 660 5727 τοῦ
703 5675 892 5742 λόγου
923 5671 1564 5743 προσκαρτερήσωμεν.
1593 5673 1752 5727 Οὑτω
1778 5675 1872 5728 καὶ
1897 5676 1927 5728 6

248 5761 458 5822 Παῦλος
484 5763 628 5812 ποιεῖ
663 5761 720 5811 ἐν
744 5763 854 5823 τοῖς
882 5761 1192 5832 προοιμίοις
1220 5759 1330 5812 τῶν
1362 5759 1664 5814 ἐπιστολῶν
1691 5762 1926 5832 εὐχόμε-

249 5867 356 5914 νος,
385 5850 454 5904 ἵν’
498 5849 686 5920 ὥσπερ
730 5847 922 5918 λύχνου
958 5849 1096 5918 φῶς,
1143 5847 1285 5902 οὕτω
1335 5848 1396 5901 τὸ
1446 5849 1546 5918 τῆς
1595 5849 1761 5919 εὐχῆς
1806 5843 1926 5918 φῶς

309 5971 338 6000 ⁸
355 5971 455 6022 Aiii
481 5972 741 6028 εὐλαϐείας.

1037 339 1093 394 S.
1131 337 1418 394 10.“le
1457 335 1946 392 CliRYSOSTOMi
1988 337 2311 394 ARCHIEP.
2355 339 2908 398 CONSTANTINOI’.

3605 345 3712 400 726

2035 445 2442 528 προοδοποιήσῃ
2484 455 2563 526 τῷ
2603 456 2769 528 λόγῳ.
2814 457 2942 512 Ἐἀν
2973 458 3161 531 ἐθίσῃς
3205 459 3435 514 σεαυτὸν
3465 459 3726 531 εὔχεσθαι

2038 541 2179 612 μετὰ
2213 541 2518 614 ἀκριϐείας,
2547 545 2608 597 οὐ
2643 545 2811 618 δεήσῃ
2841 545 2940 615 τῆς
2978 546 3132 615 παρά
3168 545 3279 600 τῶν
3311 545 3618 600 συνδούλων
3645 545 3728 598 δι-

2033 629 2350 694 δασκαλίας,
2375 630 2544 684 αὐτοῦ
2575 648 2657 692 σοι
2684 632 2778 688 τοῦ
2812 632 2948 688 Θεοῦ
2981 634 3152 706 χωρὶς
3181 633 3406 704 μεσίτου
3447 632 3594 696 τινὸς
3622 649 3729 686 κα-

2034 717 2400 786 ταυγαζοντος
2438 717 2534 790 τὴν
2573 719 2832 774 διάνοιαν.
2876 722 2936 777 Εἰ
2967 721 3024 775 δὲ
3063 723 3200 794 εὐχὴ
3248 721 3413 791 μόνου
3453 721 3730 792 τοσαύτην

2033 805 2146 876 ἔχει
2174 803 2428 876 δύναμιν,
2467 806 2648 877 πολλῷ
2683 807 2885 878 μᾶλλον
2917 809 2948 878 ἡ
2995 809 3137 880 μετά
3175 808 3448 880 πλήθους’
3501 807 3731 882 μείζονα

2035 893 2143 965 γὰρ
2175 893 2382 964 ταύτης
2423 895 2492 947 τὰ
2533 897 2724 967 νεῦρα,
2768 898 2862 950 καὶ
2905 898 3107 952 πλείων
3153 901 3188 969 ή
3230 899 3517 971 παρρησία
3546 899 3730 970 πολλῷ

2031 981 2130 1051 τῆς
2157 983 2214 1034 ἐν
2247 982 2398 1053 οἰκίᾳ
2426 984 2520 1036 καὶ
2559 983 2678 1036 κατ’
2705 985 2864 1038 ἰδίαν.
2905 985 3078 1038 Πόθεν
3119 985 3281 1039 τοῦτο
3322 986 3515 1056 δῆλον;
3547 986 3730 1040 Αὐτοῦ

2032 1070 2127 1123 τοῦ
2155 1071 2368 1124 Παύλου
2403 1071 2654 1140 λέγοντος
2677 1072 2909 1128 ἄκουσον
2929 1092 2942 1105 ·
3003 1077 3098 1142 ’ος
3129 1075 3198 1128 ἐκ
3231 1076 3594 1143 τηλικούτου
3621 1080 3734 1132 θα-

2032 1157 2218 1212 νάτου
2245 1159 2543 1228 ἐρρύσατο
2573 1159 2752 1230 ἡμᾶς,
2786 1161 2882 1214 καί
2904 1163 3146 1229 ῥύεται·
3179 1163 3527 1233 ἠλπίκαμεν
3540 1162 3610 1216 δὲ
3635 1161 3734 1218 ὅτι

2033 1245 2133 1299 καὶ
2178 1246 2265 1300 ἔτι
2308 1243 2587 1316 ῥύσεται,
2631 1251 3229 1320 συνυπουργούντων
3276 1251 3375 1307 καὶ
3428 1251 3599 1322 ὑμῶν
3651 1251 3735 1322 τῇ

2033 1333 2242 1404 δεήσει
2264 1335 2416 1404 ὑπὲρ
2443 1334 2632 1406 ἡμῶν,
2659 1337 2760 1391 ἵνα
2783 1339 2848 1390 τὸ
2873 1340 2960 1404 είς
2981 1336 3140 1408 ἡμᾶς
3165 1338 3433 1410 χάρισμα
3455 1340 3554 1395 διὰ
3584 1345 3736 1396 πονι-

2033 1421 2162 1477 νῖῶν
2187 1425 2526 1494 προσώπων
2565 1427 2980 1496 εὐχαριστηθῇ
3017 1429 3170 1496 ὑπὲρ
3218 1429 3405 1500 ἡμῶν.
3442 1425 3599 1485 Οὕτω
3633 1432 3735 1486 καὶ

2034 1511 2240 1582 Πέτρος
2259 1513 2320 1566 τὸ
2339 1513 2712 1586 δεσμωτήριον
2735 1515 2978 1586 διέφυγε.
3000 1517 3320 1588 Προσευχὴ
3335 1518 3444 1589 γὰρ
3464 1515 3545 1591 ἦν
3563 1520 3738 1574 ἐκτε-

2033 1598 2289 1668 νὴςῠπὸ
2322 1598 2430 1668 τῆς
2477 1601 2838 1670 Ἐκκλησίας
2868 1603 3022 1673 ὑπὲρ
3041 1605 3234 1660 αὐτοῦ
3259 1607 3544 1678 γινομένη
3575 1607 3734 1676 πρὸς

2035 1687 2146 1742 τὸν
2177 1690 2346 1744 Θεόν.
2379 1691 2444 1743 El
2475 1690 2532 1744 δὲ
2555 1690 2761 1762 Πέτρον
2793 1689 2946 1764 [470]
2985 1693 3237 1766 ὠφέλησε
3259 1696 3358 1766 τῆς
3395 1695 3736 1769 Ἐκκλησίας

2033 1783 2066 1852 ή
2090 1780 2246 1853 εὐχὴ,
2276 1780 2372 1836 καὶ
2394 1780 2487 1835 τὸν
2516 1780 2706 1835 στῦλον
2730 1783 2940 1838 ἐκεῖνον
2967 1783 3192 1852 ἐξέϐαλε
3209 1785 3302 1838 τοῦ
3320 1785 3732 1857 δεσμωτηρίου,

2036 1868 2156 1933 πῶς
2190 1869 2255 1922 σὺ
2297 1872 2666 1941 καταφρονεῖς
2689 1870 2786 1942 τῆς
2809 1870 3092 1942 δυνάμεως
3115 1873 3315 1944 αὐτῆς,
3341 1873 3463 1926 εἰπέ
3489 1891 3602 1944 μοι,
3636 1875 3736 1928 καὶ

2035 1957 2197 2011 ποίαν
2225 1957 2374 2023 ἕξεις
2407 1958 2739 2028 ἀπολογίαν;
2767 1960 3038 2014 Ἀκουσον
3081 1961 3174 2014 καὶ
3215 1960 3385 2014 αὐτοῦ
3439 1959 3535 2016 τοῦ
3587 1962 3732 2016 Θεοῦ

2035 2044 2310 2114 λέγοντος,
2369 2047 2452 2100 ὅτι
2478 2044 2814 2100 δυσωπεῖται
2836 2048 2898 2100 τὸ
2925 2047 3132 2120 πλῆθος
3163 2050 3281 2121 μετ’
3311 2051 3530 2114 εὐνοίας
3559 2051 3735 2104 αὐτὸν

2038 2134 2414 2206 παρακαλοῦν.
2448 2136 2595 2206 Πρὸς
2627 2136 2736 2208 γάρ
2776 2136 2869 2190 τὸν
2915 2137 3104 2190 Ἱωνᾶν
3130 2139 3600 2210 ἀπολογούμενος,
3636 2140 3734 2194 διὰ

2035 2223 2129 2276 τοῦ
2163 2222 2330 2292 φυτοῦ
2367 2224 2465 2294 τῆς
2501 2223 2853 2298 κολοκύντης,
2886 2226 3056 2296 φησί·
3083 2227 3167 2280 Σὺ
3185 2227 3303 2296 μὲν
3329 2229 3553 2298 ἐφείσω
3571 2228 3735 2297 ὑπὲρ

2037 2309 2147 2377 τῆς
2176 2311 2574 2378 κολοκύντης,
2610 2311 2764 2380 ὑπὲρ
2790 2308 2866 2385 ἧς
2893 2316 3007 2368 οὐκ
3058 2313 3549 2384 ἐκακοπάθησας,
3581 2315 3735 2370 οὐδὲ

2036 2397 2368 2466 ἐξέθρεψας
2399 2399 2628 2465 αὺτιξνο
2666 2400 2880 2470 ἐ)ὼ.ὃὲ
2907 2403 2980 2455 οὐ
3015 2401 3302 2472 φείσομαι
3331 2403 3484 2473 ὑπὲρ
3513 2405 3734 2460 Mrva

2036 2486 2148 2555 τῆς
2186 2487 2423 2554 πόλεως
2450 2487 2561 2555 τῆς
2585 2487 2881 2558 μεγάλης,
2917 2490 2988 2544 ἐν
3013 2485 3054 2562 ᾖ
3085 2492 3434 2548 κατοικοῦσι
3468 2494 3733 2562 πλειους

2037 2573 2074 2642 ἢ
2121 2572 2352 2628 δώδεκα
2394 2575 2686 2644 μυριάδες
2732 2577 3005 2646 cii-696w;
3041 2580 3154 2650 Οὐχ
3185 2578 3370 2644 ἁπλῶς
3410 2581 3472 2634 τὸ
3521 2581 3731 2653 πλῆθος

2042 2662 2433 2733 προϐάλλεται,
2467 2664 2581 2718 ἀλλ’
2619 2665 2704 2718 ἵνα
2738 2667 2938 2738 μάθῃς,
2985 2668 3068 2721 ὄτι
3128 2671 3162 2740 ή
3207 2669 3347 2740 μετά
3399 2671 3730 2741 συμφωνίας

2038 2751 2173 2822 εὐχὴ
2205 2751 2450 2823 μεγάλην
2492 2752 2605 2824 ἔχει
2646 2753 2746 2825 τήν
2780 2754 3029 2827 δύναμιν.
3063 2757 3234 2811 Τοῦτο
3285 2759 3382 2812 καὶ
3424 2759 3484 2826 ἐξ
3518 2759 3736 2830 ἀνθρω-

2039 2839 2203 2910 πίνης
2247 2840 2491 2912 ἱστορίας
2521 2843 2652 2912 ὑμῖν
2691 2843 2916 2914 ποιῆσαι
2949 2844 3214 2917 βούλομαι
3249 2847 3504 2920 φανερόν.

2109 2927 2174 2992 ζ’.
2218 2928 2332 3000 Πρὸ
2361 2929 2471 3000 γὰρ
2491 2929 2624 2984 δέκα
2645 2929 2852 2984 τούτων
2878 2932 3015 2986 ἐτῶν
3045 2933 3293 2988 ἑάλωσαν
3319 2935 3414 2988 ἐπί
3441 2935 3728 3007 τυραννίδι

2037 3017 2201 3082 τινὲς,
2234 3017 2487 3089 καθάπερ
2515 3018 2612 3072 καὶ
2642 3020 2802 3090 ὑμεῖς
2835 3021 2968 3076 ἴστε.
3007 3018 3140 3076 Εἶτα
3171 3023 3279 3077 τῶν
3303 3026 3361 3078 ἐν
3389 3024 3728 3098 δυναστείαδ

2037 3124 2121 3170 τις
2149 3107 2319 3160 ὄντων
2348 3107 2651 3173 ὑπεύθυνος
2682 3113 2798 3174 τοῖς
2831 3111 3148 3184 ἐγκλήμασι
3202 3115 3420 3182 φανεὶς,
3453 3117 3728 3187 σπαρτίον

2038 3196 2132 3248 ἐπὶ
2153 3195 2248 3249 τοῦ
2280 3197 2552 3266 στόματος
2577 3197 2781 3265 λαϐὼν,
2815 3199 3045 3271 ἐξήγετο
3069 3201 3168 3273 τὴν
3198 3203 3292 3256 ἐπὶ
3319 3201 3551 3257 θάνατον
3580 3204 3725 3260 ὁδόν.

2038 3285 2176 3338 Τότε
2210 3285 2274 3358 δὴ
2321 3288 2471 3339 πᾶσα
2501 3290 2534 3359 ή
2572 3288 2728 3352 πόλις
2767 3289 2861 3342 ἐπὶ
2889 3290 2980 3342 τὸν
3027 3290 3358 3364 ἱππόδρομον
3386 3291 3594 3364 ἔτρεχε,
3630 3296 3731 3349 καὶ

2037 3373 2166 3438 τοὺς
2195 3378 2258 3428 ἐκ
2289 3375 2399 3430 τῶν
2447 3377 2830 3450 ἐργαστηρίων
2865 3377 3082 3450 ἐξῆγον,
3119 3381 3216 3434 καὶ
3245 3386 3398 3454 κοινῇ
3438 3385 3545 3448 πᾶς
3579 3387 3606 3437 6
3630 3384 3731 3456 δῆ-

2042 3479 2142 3532 μος
2173 3461 2414 3516 ἀνελθὼν
2448 3465 2727 3536 ἐξήρπασε
2745 3465 2845 3536 τῆς
2877 3465 3165 3538 βασιλικῆς
3193 3468 3364 3540 ὀργῆς
3393 3470 3483 3524 τὸν
3501 3472 3730 3526 καταδι-

2039 3550 2335 3614 κασθέντα,
2367 3553 2464 3606 καὶ
2513 3553 2775 3625 οὐδεμιᾶς
2820 3554 2972 3622 ἀξιον
3027 3555 3157 3610 ὅντα
3204 3559 3554 3630 συγγνώμης.
3586 3557 3730 3618 Εἶτα

2040 3639 2306 3710 βασιλέως
2365 3641 2464 3712 μὲν
2512 3641 2684 3715 ὀργὴν
2736 3644 2979 3712 ἐπιγείου
3029 3645 3334 3700 καταλῦσαι
3385 3647 3727 3718 βουλόμενοι,

2042 3727 2180 3798 μετά
2209 3729 2418 3784 παίδων
2447 3731 2541 3784 καὶ
2573 3731 2851 3801 γυναικῶν
2896 3732 3250 3806 συνετρέχετε
3279 3734 3502 3802 πάντες,
3537 3737 3630 3791 τὸν
3666 3739 3728 3792 δὲ

2036 3817 2147 3870 τῶν
2203 3819 2455 3888 οὐρανῶν
2507 3819 2734 3892 βασιλέα
2792 3821 3086 3892 μέλλοντες
3133 3823 3260 3876 ἵλεω
3304 3825 3572 3896 ποιήσειν,
3628 3831 3729 3884 καὶ

2038 3901 2373 3974 ἐξαρπάσειν
2424 3904 2523 3975 τῆς
2571 3904 2743 3975 όργῆς
2801 3904 2968 3959 αὑτοῦ
3015 3907 3115 3977 οὐχ
3155 3905 3252 3960 ἕνα
3289 3907 3545 3977 καθάπερ
3576 3910 3724 3976 τότε,

2035 3991 2158 4044 οὐδέ
2186 3991 2280 4044 δύο
2310 3993 2406 4046 καὶ
2434 3996 2588 4064 τρεῖς
2623 3993 2719 4046 καὶ
2767 3994 2984 4060 ἑκατὸν,
3020 3995 3158 4049 ἀλλὰ
3189 3996 3400 4060 πάντας
3427 3998 3555 4062 τοὺς
3579 4001 3726 4055 κατὰ

2033 4081 2135 4150 τὴν
2180 4080 2512 4153 οἰκουμένην
2563 4081 2965 4155 ἁμαρτωλοὺς,
3021 4085 3114 4137 καὶ
3165 4085 3292 4148 τοὺς
3347 4084 3728 4156 δαιμονῶντας

2035 4169 2398 4224 ἀπαλλάττειν
2414 4171 2518 4240 τῆς
2538 4171 2633 4224 τοῦ
2653 4171 2904 4224 διαϐόλου
2929 4173 3162 4242 παγίδος
3177 4184 3226 4238 ε,
3256 4172 3362 4238 ἔξω
3393 4174 3721 4244 καθέζεσθε,

2035 4260 2130 4312 καὶ
2157 4260 2216 4312 οὐ
2249 4259 2572 4330 συντρέχετε
2601 4258 2756 4330 κοινῇ
2789 4259 3011 4325 πάντες,
3030 4262 3118 4315 ῖνα
3147 4264 3174 4314 ὀ
3203 4260 3336 4326 Θεὸς
3360 4263 3460 4334 τήν
3489 4281 3726 4336 συμφωα

2035 4346 2153 4400 νίαν
2185 4345 2339 4417 ὑμῶν
2381 4347 2670 4412 αἰδεσθεὶς,
2715 4349 2995 4413 κάκείνοις
3032 4349 3144 4420 ἀφῇ
3195 4349 3297 4422 τήν
3349 4350 3596 4415 κόλασιν,
3626 4357 3726 4410 καὶ

2036 4436 2164 4506 ὑμῖν
2198 4437 2534 4508 συγχωρήσῃ
2566 4437 2638 4490 τὰ
2667 4438 3082 4510 ἀμαρτήματα;
3115 4438 3181 4493 Εἰ
3241 4439 3350 4510 γὰρ
3381 4438 3472 4494 ἐπ’
3513 4441 3725 4514 ἀγορᾶς

2033 4525 2218 4596 τύχοις
2239 4522 2314 4576 ῶν
2352 4523 2498 4577 κατά
2543 4524 2634 4578 τὸν
2669 4524 2862 4597 καιρὸν
2901 4527 3133 4590 ἐκεῖνον,
3165 4526 3215 4578 εἰ
3252 4527 3364 4598 γὰρ
3390 4529 3484 4582 ἐπὶ
3512 4529 3612 4600 τῆς
3637 4534 3724 4586 οε-

2035 4612 2178 4676 κίας,
2216 4613 2265 4665 εί
2294 4611 2405 4684 γὰρ
2435 4615 2494 4666 ἐν
2537 4613 2938 4684 ἀπαραιτήτοις
2991 4613 3335 4686 πράγμασιν,
3367 4615 3489 4686 οὐχὶ
3519 4619 3725 4685 παντὸς

2035 4699 2248 4764 λέοντος
2283 4700 2645 4772 σφοδρότερον
2684 4699 2903 4755 ἅπαντα
2931 4701 3236 4774 διαρρήξας
3271 4702 3342 4756 τὰ
3380 4703 3559 4776 δεσμά
3582 4707 3725 4778 πρὸς

2034 4789 2136 4860 τὴν
2166 4789 2352 4859 κοινὴν
2403 4787 2684 4860 ἱκετηρίαν
2711 4788 3139 4860 αὑτομολήσεις;
3167 4790 3339 4844 Ποίαν
3373 4791 3518 4858 ἕξεις
3548 4810 3724 4867 σωτη-

2040 4872 2161 4944 ρίας
2191 4871 2402 4935 ἐλπίδα,
2437 4871 2558 4925 εἰπέ
2591 4889 2706 4943 μοι.
2738 4872 2883 4927 κατὰ
2933 4873 3026 4927 τὸν
3077 4873 3269 4944 καιρὸν
3306 4875 3537 4942 ἐκεῖνον,
3582 4879 3724 4947 ἀγα-

2035 4959 2206 5031 πητέ;
2238 4960 2354 5013 Οὐκ
2403 4958 2681 5032 ἄνθρωποι
2727 4960 2878 5030 μόνοι
2931 4959 3096 5030 βοῶσι
3143 4960 3242 5034 τὴν
3275 4963 3723 5038 φρικωδεστάτην

2035 5045 2253 5116 ἐκείνην
2273 5043 2423 5116 βοὴν,
2455 5045 2592 5100 ἀλλὰ
2612 5045 2707 5098 καὶ
2737 5045 2961 5114 ἄγγελοι
2986 5048 3490 5120 προσπίπτουσιτῷ
3515 5052 3725 5106 Δεσπό-

2035 5150 2123 5204 τῃ,
2155 5133 2251 5186 καὶ
2283 5133 2613 5204 ἀρχάγγελοι
2641 5133 2873 5189 δέονται.
2904 5135 3130 5206 Ἔχουσι
3159 5136 3255 5190 καὶ
3282 5136 3374 5192 τὸν
3405 5139 3598 5210 καιρὸν
3619 5141 3724 5194 αὐ-

2035 5225 2145 5286 τοῖς
2169 5220 2584 5292 συμμαχοῦντα,
2617 5222 2716 5294 τὴν
2744 5223 3066 5295 προσφορὰν
3111 5223 3439 5296 βοηθοῦσαν.
3476 5224 3586 5282 Καὶ
3614 5247 3722 5282 κα-

2035 5309 2212 5382 θάπερ
2261 5312 2308 5364 οί
2360 5308 2661 5382 ἄνθρωποι,
2697 5311 2925 5374 κλάδους
2969 5311 3166 5367 ἐλαιῶν
3198 5314 3558 5384 ἐκκόψαντες,
3597 5317 3722 5371 ἐπι-

2035 5395 2242 5448 σείουσι
2275 5399 2388 5458 τοῖς
2419 5395 2723 5466 βασιλεῦσι,
2751 5398 2840 5452 διὰ
2888 5398 2984 5453 τοῦ
3015 5400 3187 5470 φυτοῦ
3212 5403 3414 5464 αὐτοὺς
3441 5401 3596 5457 ἐλέου
3625 5407 3723 5459 καὶ

2035 5485 2448 5557 φιλανθρωπίας
2494 5488 3036 5559 ἀναμιμνήσκοντεςο
3068 5488 3214 5544 οὓτω
3247 5489 3311 5562 δὴ
3346 5491 3442 5544 καὶ
3471 5493 3521 5544 οἰ
3555 5491 3724 5563 ἄγγε-

2033 5571 2116 5625 λοι
2141 5571 2262 5625 τότε
2285 5573 2408 5625 ἀντὶ
2437 5573 2648 5626 κλάδων
2673 5574 2869 5629 ἐλαιῶν
2887 5574 3020 5630 αὐτὸ
3044 5575 3106 5630 τὸ
3133 5577 3296 5648 σῶμα
3326 5579 3386 5632 τὸ
3399 5579 3723 5636 δεσποτικὸν

2035 5659 2462 5730 προτεινόμενοι,
2508 5661 2601 5714 τὸν
2657 5663 2942 5736 Δεσπότην
2995 5665 3412 5736 παρακαλοῦσιν
3439 5667 3583 5740 ὑπὲρ
3617 5669 3721 5738 τῆς

2034 5745 2382 5817 ἀνθρωπίνης
2404 5748 2640 5818 φύσεως,
2681 5753 2965 5824 μονονουχί
2987 5751 3238 5823 λέγοντες
3267 5755 3370 5820 ὅτι,
3401 5755 3578 5830 Ὑπὲρ
3599 5756 3720 5811 τού-

2094 5849 2124 5890 δ
2154 5851 2246 5898 Alii
2272 5853 2319 5899 ἐν
2344 5853 2654 5912 δυναστείαις.

2099 5912 2326 5990 ξέΜιὶηςι.
2365 5911 2451 5961 τοῦ
2473 5917 2695 5990 διαϐόλου
2714 5918 2928 5982 παγίδος,
2944 5919 3095 5972 Savil.
3111 5917 3198 5971 τοῦ
3221 5921 3447 5974 διαϐόλου
3466 5921 3561 5988 μάσ
3573 5920 3716 5990 τιγοέ,

2033 5974 2114 6025 alii
2128 5975 2350 6023 διαϐόλου
2371 5979 2658 6036 τυραννίδος.
