3918 6360
163 352 259 410 7'25
1088 345 1175 401 DE
1215 333 1891 398 INCOMI’I‘uEIIENSIIlILI
1936 333 2043 387 DEI
2083 331 2385 387 NATL'IlA.
2431 328 2513 383 111.

230 469 282 525 8.
313 466 467 536 Quod
512 475 694 522 autem
738 479 843 519 non
889 461 1017 532 ipsis
1053 458 1340 515 Cherubim
1382 464 1437 511 et
1462 452 1745 522 Seraphim

171 570 364 615 tantum
387 600 402 623 ,
442 557 540 612 sed
568 572 670 612 nec
710 556 869 610 etiam
906 550 1322 620 Principatibus,
1352 545 1710 602 Potestatibus
1732 585 1747 611 ,

170 666 333 720 neque
358 650 448 703 alii
475 649 706 718 cuipiam
737 645 926 701 Virtuti
955 640 1449 712 comprehensibilis
1477 640 1548 694 sit
1578 638 1747 701 Deus,

173 748 218 803 id
240 749 345 817 jam
377 746 569 800 vellem
611 741 924 804 ostendere;
972 739 1067 795 sed
1102 738 1213 808 jam
1257 734 1498 790 defessus
1542 732 1752 786 animus

167 848 245 895 est
264 881 278 904 ,
302 855 409 893 non
432 836 794 900 multitudine,
820 834 914 889 sed
938 834 1160 887 horrore
1181 830 1525 885 dicendarum
1547 842 1749 881 rerum.

168 932 369 989 Tremit
397 930 540 984 enim
572 940 627 984 et
656 924 918 981 horrescit
957 924 1199 995 supernis
1224 923 1327 977 illis
1351 918 1755 997 contemplatio-

168 1024 323 1078 nibus
349 1020 552 1075 diutius
596 1019 905 1073 immorans.
937 1016 1292 1082 Quamobrem
1339 1028 1406 1068 ex
1443 1011 1586 1066 cmlis
1632 1025 1752 1064 eum

173 1113 514 1176 reducamus,
540 1110 949 1180 percnlsumque
972 1120 1293 1168 recreemus,
1318 1104 1385 1157 ad
1401 1103 1609 1158 solitam
1626 1116 1753 1155 eon-

167 1206 430 1278 fugientes
456 1205 904 1261 exhortationem.
933 1202 1187 1269 Qnmnam
1213 1200 1301 1253 illa
1327 1198 1442 1253 est?
1474 1197 1538 1253 Ut
1566 1210 1756 1267 prece-

165 1316 289 1358 mur
316 1315 414 1356 eos
440 1300 527 1370 qui
561 1298 651 1353 tali
696 1298 884 1352 morbo
914 1296 1159 1351 laborant
1192 1294 1258 1347 ad
1293 1292 1572 1347 sanitatem
1600 1305 1754 1345 revo-

169 1394 297 1448 cari.
333 1390 466 1446 Nam
506 1391 558 1453 si
592 1405 687 1460 pro
731 1389 945 1458 zegrotis
968 1429 983 1451 ,
1015 1404 1113 1458 pro
1143 1386 1503 1440 laborantibus
1548 1383 1615 1438 ad
1646 1398 1759 1438 me-

170 1486 291 1540 talla
316 1526 333 1550 ,
381 1500 478 1554 pro
507 1483 637 1538 dura
682 1481 934 1536 servitute
959 1479 1189 1550 pressis,
1225 1492 1324 1548 pro
1350 1476 1721 1547 energumenis
1742 1517 1755 1540 ,

99 1588 105 1598 ‘
169 1578 336 1633 Deum
368 1592 559 1647 rogare
598 1576 875 1646 jubemur,
907 1582 1105 1644 quanto
1147 1571 1317 1641 magis
1349 1586 1445 1639 pro
1490 1569 1614 1624 his?
1651 1570 1757 1624 Im-

170 1671 341 1738 pietas
382 1669 579 1739 quippe
615 1669 733 1737 ipso
757 1667 999 1721 daemone
1031 1664 1216 1719 tetrior
1238 1672 1320 1719 est
1351 1680 1363 1715 :
1399 1663 1488 1717 illa
1533 1676 1761 1731 namque

172 1764 375 1818 insania
402 1763 614 1816 veniam
637 1768 869 1815 meretur
887 1799 903 1825 ,
934 1758 1021 1813 hic
1049 1772 1174 1813 vero
1203 1757 1421 1811 morbus
1445 1751 1644 1810 nullam
1668 1753 1761 1807 lia-

174 1857 261 1911 bet
285 1855 674 1911 defensionem.
700 1855 767 1908 At
797 1852 1008 1921 quando
1035 1849 1102 1905 de
1132 1850 1371 1905 oratione
1402 1864 1497 1919 pro
1535 1862 1756 1919 energu-

177 1948 347 2003 meuis
377 1947 707 2001 mentionem
738 1945 834 1998 feci
861 1986 874 2010 ,
908 1942 1103 2013 aliquid
1130 1957 1192 1996 ea
1214 1941 1281 1996 de
1312 1956 1370 1995 re
1409 1949 1601 1994 vestrae
1627 1938 1762 1993 cari-

178 2038 267 2093 tati
311 2038 578 2091 disserere
624 2037 834 2090 animus
861 2044 941 2089 est
965 2076 978 2099 ,
1028 2049 1136 2104 quo
1176 2046 1396 2102 gravem
1424 2032 1492 2086 ab
1520 2028 1760 2085 Ecclesia

176 2129 417 2184 morbum
448 2126 839 2183 exsciudamus.
874 2126 1084 2181 Etenim
1136 2123 1422 2178 absurdum
1454 2131 1595 2178 esset
1637 2122 1763 2177 dum

177 2227 480 2275 exterorum
507 2217 708 2272 morbis
739 2225 880 2271 tanta
923 2232 1044 2271 cura
1076 2215 1352 2269 medemur
1374 2256 1388 2278 ,
1422 2214 1634 2283 propria
1673 2228 1766 2268 ue-

177 2311 373 2381 gligere
403 2310 660 2366 membra.
694 2308 845 2376 Quod
872 2321 1041 2378 genus
1071 2305 1240 2360 morbi
1274 2303 1401 2358 illud
1432 2304 1544 2359 est?

246 2403 431 2475 Arguit
481 2402 815 2456 Antiochcnos
869 2401 1004 2471 quod
1051 2408 1161 2471 post
1190 2398 1484 2453 concionem
1530 2414 1563 2451 a
1608 2398 1767 2451 sacris

185 2496 434 2567 mysteriis
462 2495 767 2549 recederent.
795 2523 865 2533 —
888 2493 1157 2563 Ingentem
1186 2492 1322 2545 hanc
1368 2491 1543 2560 populi
1582 2489 1767 2544 multi-

180 2590 413 2645 tudinem
438 2604 577 2643 mmc
603 2595 841 2642 coactam
867 2629 881 2653 ,
906 2596 960 2641 et
990 2593 1137 2640 tanto
1160 2582 1335 2638 studio
1357 2583 1764 2647 auscultantem,

181 2683 455 2739 tremenda
484 2682 573 2735 illa
595 2680 724 2735 hora
752 2680 920 2734 oeulis
948 2678 1264 2749 perquirens
1287 2718 1302 2743 ,
1328 2676 1511 2731 videre
1537 2690 1641 2730 non
1672 2690 1767 2743 po-

181 2775 254 2829 tui
289 2792 302 2828 :
343 2774 736 2843 admodumque
762 2772 993 2842 ingemui
1015 2813 1029 2837 ,
1063 2770 1204 2841 quod
1230 2812 1244 2836 ,
1278 2770 1528 2839 loquente
1555 2768 1768 2838 quidem

182 2884 479 2933 conservo,
526 2869 715 2938 ingens
779 2869 851 2922 sit
899 2866 1130 2921 studium
1158 2905 1173 2931 ,
1224 2879 1429 2919 summa
1483 2864 1767 2931 alacritas,

181 2961 385 3014 cunctis
411 2974 531 3014 sese
561 2968 745 3014 mutuo
776 2957 1167 3028 impellentibus
1193 2998 1207 3023 ,
1242 2966 1297 3011 et
1327 2955 1392 3010 ad
1417 2971 1585 3025 usque
1611 2956 1767 3010 finem

184 3052 557 3118 manentibus;
587 3067 707 3106 eum
738 3060 913 3106 autem
941 3050 1185 3104 Christus
1216 3050 1269 3103 in
1309 3049 1475 3103 sacris
1501 3049 1771 3119 mysteriis

184 3160 300 3200 sese
329 3154 644 3199 ostensurus
670 3152 752 3198 est
774 3184 790 3210 ,
838 3143 1061 3197 ecclesia
1087 3157 1251 3196 vacua
1297 3141 1612 3212 desertaque
1654 3156 1771 3195 ma-

183 3245 323 3298 neat.
361 3236 479 3303 Quo
505 3243 659 3305 pacto
682 3236 867 3290 isthmc
887 3234 1093 3289 veniam
1124 3233 1463 3288 mereantur?
1488 3232 1602 3287 Tali
1628 3241 1773 3288 certe

142 3396 146 3399 Α
184 3328 409 3397 segnitie
441 3342 653 3381 onmem
683 3326 842 3381 studii
874 3325 928 3379 in
969 3323 1318 3379 auscultando
1347 3323 1508 3378 vestri
1560 3322 1770 3377 laudem

185 3419 448 3474 amittitis.
482 3418 610 3486 Quis
635 3419 774 3472 enim
794 3432 858 3472 ex
886 3416 1035 3471 vobis
1066 3430 1170 3470 non
1194 3430 1294 3470 nos
1320 3430 1531 3485 quoque
1555 3414 1775 3469 damna.-

186 3520 337 3566 turus
369 3520 453 3565 est
478 3551 493 3577 ,
522 3526 643 3566 cum
675 3509 853 3564 videat
882 3519 1046 3564 totum
1074 3508 1349 3563 concionis
1378 3507 1601 3563 fructum
1622 3507 1774 3562 vobis

185 3607 367 3659 statim
400 3603 718 3659 effluxisse?
739 3603 870 3658 Nam
899 3603 942 3656 si
973 3602 1129 3656 dictis
1156 3600 1344 3656 sedulo
1382 3599 1730 3655 attenderetis
1756 3643 1770 3662 ,

185 3697 439 3766 operibus
467 3710 595 3751 sane
625 3705 859 3750 vestram
892 3692 1232 3747 exhiberetis
1246 3692 1594 3762 diligentiam.
1624 3691 1773 3758 Quod

184 3800 367 3845 autem
410 3788 587 3843 statim
614 3798 771 3858 atque
818 3787 1093 3840 audivistis
1114 3827 1128 3851 ,
1159 3785 1444 3840 discedatis
1466 3825 1481 3850 ,
1516 3784 1566 3838 id
1601 3784 1776 3854 profe-

185 3890 273 3936 cto
299 3883 510 3951 signum
550 3887 632 3935 est
656 3893 748 3933 vos
774 3877 907 3932 nihil
944 3877 1204 3931 dictorum
1248 3876 1426 3929 animo
1454 3875 1772 3943 suscepisse.

186 3973 403 4027 Atenim
427 3970 473 4024 si
511 3984 572 4025 ea
615 3970 666 4023 in
698 3969 890 4023 animis
914 3967 1105 4022 vestris
1143 3965 1385 4036 deposita
1423 3973 1637 4030 essent,
1686 3980 1777 4017 vos

187 4068 347 4136 plane
377 4066 518 4118 intus
557 4063 885 4124 retinerent,
935 4066 989 4114 et
1039 4057 1228 4127 majori
1262 4072 1383 4111 cum
1423 4055 1619 4126 pietate
1654 4054 1781 4108 hor-

186 4158 374 4213 rendis
400 4155 503 4210 illis
536 4153 802 4225 mysteriis
839 4151 1185 4207 admoverent
1215 4167 1228 4203 :
1259 4164 1402 4203 nunc
1430 4156 1605 4202 autem
1628 4146 1779 4216 quasi

187 4246 564 4320 cytharcedum
603 4244 906 4316 quempiam
948 4241 1231 4296 audissetis
1256 4281 1269 4306 ,
1316 4239 1395 4293 sic
1421 4239 1566 4293 omni
1607 4236 1778 4291 fructu

198 4346 347 4401 vacui
375 4352 618 4399 cessante
646 4341 901 4396 concione
925 4336 1194 4393 receditis.
1217 4338 1280 4389 At
1307 4348 1560 4403 quorsum
1594 4330 1778 4402 frigida

192 4440 284 4493 illa
313 4436 606 4491 multorum
635 4432 950 4488 excusatio?
976 4428 1188 4484 Precari
1228 4427 1388 4481 etiam
1417 4423 1561 4478 domi
1592 4437 1780 4492 possu-

194 4547 318 4584 mus
341 4571 356 4593 .
392 4527 702 4582 concionem
729 4522 1132 4589 doctrinamque
1158 4518 1339 4572 audire
1368 4515 1577 4571 nonnisi
1604 4514 1657 4567 in
1696 4528 1781 4567 ec.

194 4623 358 4675 (τιθείη
391 4631 692 4690 possumus.
719 4615 795 4671 Te
826 4615 999 4684 ipsum
1025 4653 1040 4679 ,
1072 4612 1141 4665 mi
1175 4610 1335 4664 homo
1358 4651 1372 4674 ,
1413 4607 1633 4677 decipis.
1660 4606 1785 4660 Pre-

193 4712 309 4766 cari
339 4711 498 4763 etiam
530 4707 671 4761 domi
702 4714 883 4774 potes;
916 4704 989 4757 ita
1015 4716 1140 4755 vero
1167 4698 1374 4769 precari
1403 4707 1460 4751 ut
1485 4698 1535 4750 in
1558 4695 1782 4750 ecclesia

198 4818 305 4855 non
334 4808 487 4869 potes
507 4840 522 4865 ,
549 4798 636 4852 ubi
669 4804 813 4852 tanta
837 4803 1042 4866 patrum
1076 4789 1370 4860 frequentia
1395 4830 1409 4854 ,
1453 4788 1541 4843 ubi
1585 4788 1786 4842 clamor

201 4895 526 4949 unanimiter
546 4892 611 4947 ad
643 4893 805 4947 Deum
829 4890 1075 4946 emissus.
1102 4886 1217 4941 Non
1245 4884 1464 4956 perinde
1489 4879 1788 4937 exandieris

204 5005 326 5045 cum
351 5001 515 5057 penes
545 4994 597 5040 te
623 4985 765 5039 solus
806 4983 972 5038 Deum
1012 4979 1285 5050 precaris,
1327 4986 1486 5045 atque
1532 4972 1618 5027 ubi
1659 4986 1779 5024 cum

112 5088 121 5101 ‘
208 5080 465 5136 fratribus
492 5077 613 5132 tuis.
645 5075 741 5130 Hie
769 5072 964 5142 aliquid
1005 5070 1229 5140 amplius
1267 5076 1385 5131 cst,
1427 5078 1617 5134 nempe
1658 5076 1788 5116 eon-

208 5175 391 5230 cordia
439 5180 494 5227 et
540 5184 860 5231 consensus,
911 5163 1145 5221 caritatis
1194 5162 1484 5223 vinculum,
1534 5166 1587 5209 et
1616 5168 1792 5209 sacer-

211 5267 395 5321 dotum
445 5263 732 5317 orationes.
766 5258 889 5314 Ideo
922 5269 1149 5324 namque
1178 5250 1480 5306 sacerdotes
1518 5255 1752 5316 prtesunt
1774 5284 1789 5306 ,

212 5367 270 5413 ut
299 5351 653 5410 multitudinis
680 5364 864 5421 preces
910 5345 1228 5402 infirmiores
1255 5357 1373 5396 cum
1401 5338 1557 5409 hisce
1575 5333 1795 5388 validio-

216 5448 361 5502 ribus
405 5443 709 5513 conjuncta:
736 5455 839 5493 una
887 5452 1006 5492 cum
1057 5435 1133 5490 eis
1164 5433 1218 5486 in
1269 5430 1455 5484 caelum
1483 5421 1789 5480 ascendant.

217 5537 466 5607 Alioquin
512 5533 637 5605 quid
675 5531 862 5586 concio
906 5528 1112 5600 prosit,
1146 5524 1245 5578 nisi
1288 5522 1355 5576 sit
1383 5535 1502 5573 cum
1556 5515 1795 5579 oratione

220 5630 497 5699 conjuncta
514 5627 539 5679 ?
563 5624 719 5679 Prius
742 5621 933 5686 oratio,
955 5616 1147 5675 deinde
1171 5626 1375 5670 sermo:
1399 5611 1474 5664 sic
1504 5609 1650 5661 aiunt
1679 5620 1797 5675 apo-

221 5721 335 5776 stoli
371 5738 385 5774 :
416 5717 527 5772 Nos
555 5724 722 5769 autem
753 5713 804 5767 in
832 5711 1056 5766 oratione
1076 5719 1122 5761 et
1159 5705 1290 5760 rerbi
1322 5701 1593 5755 ministerio
1634 5713 1800 5768 perse-

222 5825 437 5867 veremus
474 5807 610 5879 (Act.
643 5806 694 5859 6.
724 5801 798 5875 ιι).
828 5801 916 5859 Sic
946 5809 999 5856 et
1035 5797 1227 5854 Paulus
1258 5794 1410 5860 facit,
1444 5808 1562 5846 cum
1606 5790 1658 5844 in
1688 5787 1798 5858 epi-

3334 319 3438 380 72f;

1859 449 2113 503 stolarum
2144 446 2376 502 exordiis
2405 452 2648 515 precetur
2666 484 2681 509 ,
2705 449 2762 496 ut
2783 440 2932 512 quasi
2962 441 3141 495 lumen
3169 440 3397 495 lucernze
3421 480 3438 505 ,

1859 540 1928 594 ita
1950 549 2000 594 et
2021 539 2274 593 orationis
2295 538 2384 591 lux
2400 537 2564 592 verbo
2587 544 2802 605 praecat.
2828 533 2882 589 Si
2916 534 2985 588 ita
3012 541 3062 588 te
3087 531 3439 588 assuefeceris

1857 629 2042 685 orandi
2074 627 2389 698 diligentim,
2417 640 2798 681 conservorum
2824 623 3061 678 doctrina
3099 637 3205 677 non
3238 622 3442 693 egebis,

1860 722 1975 791 ipso
2001 722 2145 785 Deo,
2183 721 2298 775 sine
2330 718 2439 774 ullo
2483 718 2811 789 mediatore,
2859 726 3089 770 mentem
3123 724 3263 769 lnam
3313 715 3446 769 irra-

1859 817 2060 870 diante.
2109 813 2261 883 Quod
2308 815 2352 868 si
2401 813 2558 868 unius
2599 810 2770 865 oratio
2815 818 3011 864 tantam
3056 809 3162 863 vim
3217 809 3443 876 habent,

1863 906 2028 960 multo
2054 905 2221 974 magis
2265 919 2324 959 ea
2352 945 2365 967 ,
2411 918 2528 972 qua}
2575 917 2695 956 cum
2752 899 3092 954 multitudine
3139 899 3443 953 emittitur:

1861 997 1976 1051 haec
2027 996 2143 1065 plus
2194 994 2352 1047 habet
2393 1009 2714 1059 nervorum,
2762 990 3123 1060 majoremqoe
3162 990 3446 1054 fiduciam,

1861 1105 2019 1160 quam
2046 1088 2188 1143 domi
2216 1087 2432 1143 emissa.
2462 1087 2739 1142 Undenam
2774 1085 2824 1139 id
2865 1084 3066 1154 liquet?
3110 1084 3288 1154 Ipsum
3319 1081 3442 1137 audi

1864 1180 2085 1234 Paulum
2118 1174 2421 1249 loquentem
2453 1195 2465 1231 :
2500 1174 2600 1245 Qui
2644 1178 2706 1231 de
2731 1186 2871 1230 tanta
2900 1185 3059 1229 morte
3098 1175 3284 1246 eripuit
3314 1191 3440 1239 nos,

1863 1281 1907 1326 et
1929 1272 2096 1326 adhuc
2124 1281 2283 1326 eruet.
2309 1272 2585 1341 Speramus
2608 1281 2771 1323 autem
2787 1270 2922 1340 quod
2950 1270 3115 1323 adhuc
3140 1270 3350 1340 eripiet:
3366 1284 3453 1322 vo-

1865 1365 1938 1418 bis
1959 1381 2153 1434 quoque
2178 1365 2230 1416 in
2257 1363 2484 1417 oratione
2512 1379 2605 1433 pro
2655 1363 2797 1415 nobis
2839 1362 3243 1416 subvenientibus
3264 1402 3279 1424 ,
3309 1369 3364 1414 ut
3389 1361 3453 1415 de

1865 1456 1997 1509 dono
2020 1455 2162 1510 nobis
2189 1455 2372 1509 collato
2403 1471 2491 1524 per
2520 1452 2705 1507 multas
2744 1469 2983 1521 personas
3011 1452 3191 1524 gratia:
3233 1462 3449 1523 agantur

1865 1565 1957 1618 pro
1983 1548 2123 1603 nobis
2150 1546 2227 1617 (2.
2260 1547 2378 1602 Cor.
2412 1549 2461 1602 1.
2490 1546 2576 1601 10.
2610 1547 2718 1614 11).
2750 1545 2837 1600 Sic
2869 1541 3249 1601 etiathetrus
3268 1557 3450 1598 carce-

1865 1658 1977 1696 rem
2012 1640 2196 1710 effugit
2234 1657 2247 1693 :
2284 1640 2461 1694 Oratio
2500 1638 2630 1693 enim
2670 1638 2821 1705 [iebat
2847 1637 2956 1692 sine
3001 1635 3366 1691 intermissione
3391 1637 3455 1688 ab

1866 1731 2095 1787 Ecclesia
2119 1732 2186 1784 ad
2223 1731 2379 1785 Deum
2405 1748 2495 1801 pro
2530 1746 2586 1784 eo
2618 1729 2750 1800 (Act.
2784 1727 2872 1783 12.
2899 1726 2976 1800 5).
3005 1727 3159 1796 Quod
3185 1727 3230 1781 si
3272 1727 3457 1781 Eccle-

1865 1826 1960 1881 sia:
1985 1826 2156 1880 oratio
2181 1825 2342 1880 Petro
2371 1822 2602 1893 profuit,
2650 1837 2713 1876 ac
2749 1821 3052 1877 columnam
3096 1819 3240 1874 illam
3269 1818 3459 1873 eduxit

1867 1930 1932 1973 ex
1958 1932 2204 1984 carcere,
2236 1931 2401 1985 quare
2427 1925 2480 1969 tu
2508 1915 2623 1985 ejus
2647 1914 2751 1968 vim
2784 1912 3014 1982 despicis
3033 1954 3049 1981 ,
3076 1912 3163 1968 dic
3203 1911 3330 1966 mihi
3352 1953 3365 1976 ,
3406 1921 3461 1965 et

1867 2025 2026 2079 quam
2059 1984 2280 2063 habebis
2321 1984 2756 2062 excusationem?
2800 2005 2977 2074 Ipsum
3029 1984 3242 2074 quoque
3285 2002 3452 2056 Deum

1868 2102 2132 2156 dicentem
2205 2098 2363 2164 audi,
2417 2112 2477 2152 se
2526 2095 2867 2150 multitudine
2913 2109 3035 2149 cum
3083 2092 3457 2147 benevolentia

1870 2202 2059 2247 orante
2098 2181 2317 2260 placari.
2365 2188 2497 2242 Nam
2540 2202 2660 2241 eum
2691 2200 2813 2240 sese
2839 2183 2978 2254 apud
3021 2182 3213 2238 Jonam
3241 2197 3460 2237 excusa-

1868 2292 1951 2337 ret
1967 2282 2034 2338 de
2054 2280 2341 2337 cucurbita:
2362 2277 2569 2343 frutice,
2590 2278 2663 2331 ait
2688 2275 2805 2332 :.Tu
2828 2275 3032 2345 quidem
3072 2273 3337 2345 pepercisti
3364 2290 3458 2327 cu-

1869 2374 2096 2440 curbitaz,
2120 2389 2212 2444 pro
2239 2389 2339 2444 qua
2369 2388 2470 2425 non
2493 2370 2754 2435 laborasti,
2775 2385 2934 2439 neque
2956 2367 3218 2421 excoluiin
3243 2383 3387 2431 eam;
3414 2375 3461 2419 et

1871 2485 1962 2539 ego
1984 2483 2085 2521 non
2114 2481 2319 2536 parcam
2348 2463 2552 2518 Ninivte
2596 2462 2786 2517 civitati
2828 2476 3027 2530 magna:
3046 2500 3060 2525 ,
3092 2460 3145 2512 in
3176 2474 3274 2528 qua
3319 2459 3463 2510 habi-

1872 2568 1980 2613 tant
2009 2557 2125 2629 plus
2153 2573 2307 2628 quam
2337 2564 2536 2609 centum
2567 2552 2743 2624 viginti
2787 2550 2953 2604 millia
2999 2549 3261 2602 hominum
3302 2547 3461 2620 (Jan.

1871 2654 1924 2709 4.
1956 2653 2043 2709 10.
2072 2653 2199 2724 11).
2229 2650 2346 2706 Νοη
2374 2650 2468 2704 abs
2490 2664 2549 2703 re
2580 2645 2974 2701 multitudinem
3001 2643 3257 2712 opponit;
3282 2641 3376 2697 sed
3407 2651 3463 2696 ut

1873 2746 2011 2800 scias
2031 2787 2044 2810 ,
2069 2745 2366 2800 orationem
2389 2755 2496 2794 uno
2521 2753 2787 2794 consensu
2817 2734 3007 2789 factam
3049 2747 3297 2801 magnam
3345 2733 3453 2785 vim

1873 2835 2091 2891 habere.
2136 2834 2249 2889 Hoc
2292 2832 2441 2888 vobis
2482 2846 2547 2886 ex
2594 2828 2822 2883 humana
2869 2826 3038 2894 etiam,
3082 2823 3303 2878 historia
3346 2823 3460 2893 pla-

1877 2943 2001 2981 num
2031 2925 2203 2981 facere
2231 2924 2377 2981 libet.

1947 3018 1998 3070 7.
2019 3016 2265 3086 Loquitur
2280 3015 2360 3067 In'c
2376 3013 2438 3067 de
2449 3011 2718 3067 Theodoro
2733 3009 2819 3082 qui
2839 3006 3157 3080 tyrannidem
3175 3003 3462 3074 affectabat.

1884 3107 2008 3161 Vide
2025 3123 2181 3175 supra
2201 3107 2251 3159 in
2271 3104 2488 3159 Monito.
2508 3133 2578 3142 —
2596 3103 2736 3156 Ante
2752 3100 2849 3155 hos
2864 3100 3047 3153 decem
3069 3112 3237 3151 annos
3252 3096 3464 3167 quidam

1875 3197 2207 3271 tyrannidem
2230 3195 2536 3250 all‘ectantcs
2555 3188 2876 3263 deprehensi
2891 3189 3136 3259 captique
3157 3195 3300 3252 sunt,
3324 3186 3466 3256 quod

1876 3307 1971 3347 vos
1998 3305 2101 3346 non
2135 3287 2409 3359 ignoratis.
2436 3286 2572 3340 Tum
2609 3282 2803 3353 aliquis
2842 3282 2896 3335 in
2928 3279 3240 3349 magistratu
3268 3277 3467 3332 consti-

1877 3392 2038 3445 tutus,
2069 3381 2307 3437 criminis
2342 3393 2468 3434 rcus
2496 3383 2824 3446 compertus,
2852 3387 2973 3428 eum
3003 3370 3069 3425 ad
3091 3378 3316 3424 mortem
3344 3368 3468 3424 fune

1876 3476 1941 3529 ad
1973 3488 2033 3529 os
2073 3473 2289 3542 alligato
2315 3470 2620 3532 duceretur,
2660 3475 2770 3521 tota
2798 3463 2925 3519 urbs
2954 3461 3020 3517 ad
3055 3462 3464 3534 hippodromum

1877 3563 2127 3629 accurrit,
2169 3561 2480 3630 eductisque
2520 3556 2852 3612 officinarum
2890 3554 3090 3623 operis,
3128 3550 3287 3606 simul
3328 3560 3469 3605 totus

1880 3654 2102 3725 populus
2141 3668 2289 3706 reum
2335 3648 2690 3720 imperatoria:
2733 3642 2919 3700 ultioni
2946 3644 3046 3698 etsi
3076 3642 3221 3696 nulla
3249 3641 3465 3711 dignum

1879 3747 2032 3802 venia
2054 3744 2329 3799 subduxit.
2360 3740 2504 3795 Itane
2528 3738 2722 3793 terreni
2744 3735 3083 3806 Imperatoris
3103 3734 3235 3788 iram
3259 3734 3470 3803 placare

1879 3836 2137 3900 Voleutes,
2169 3850 2289 3889 cum
2323 3830 2502 3886 liberis
2551 3834 2605 3884 et.
2643 3824 2896 3882 uxoribus
2931 3839 3118 3880 omnes
3155 3822 3467 3887 aceurritis;

1880 3930 2127 3985 ccclorum
2172 3942 2299 3982 vero
2332 3926 2713 3994 Imperatorem
2753 3920 2905 3975 vobis
2935 3918 3217 3989 propitium
3244 3917 3471 3971 reddere

1880 4023 2173 4086 studentes,
2214 4029 2373 4089 atque
2417 4034 2482 4073 ex
2523 4017 2599 4071 ira
2632 4014 2937 4082 ultioneque
2978 4010 3093 4081 ejus
3135 4026 3240 4066 non
3284 4025 3468 4075 unum,

1882 4118 1963 4171 vel
1990 4115 2144 4177 duos,
2172 4122 2262 4167 aut
2292 4121 2421 4174 tres,
2460 4118 2549 4163 aut
2570 4115 2804 4171 centum,
2836 4101 2927 4159 sed
2950 4118 3139 4157 omnes
3161 4117 3255 4168 per
3285 4102 3470 4155 orbem

1881 4215 2211 4277 peccatores,
2237 4218 2442 4257 necnon
2465 4196 2820 4253 daemoniacos
2843 4208 2873 4247 a
2904 4191 3099 4247 diaboli
3124 4191 3326 4260 laqueis
3349 4204 3470 4244 ere-

1884 4300 2042 4368 pturi,
2084 4295 2299 4359 sedetis,
2344 4307 2442 4346 nec
2469 4290 2629 4345 simul
2666 4300 2853 4341 omnes
2883 4283 3218 4347 concurritis,
3247 4292 3303 4337 ut
3331 4283 3472 4338 Deus

1883 4388 2223 4445 concordiam
2255 4393 2485 4438 vestram
2515 4378 2795 4442 reveritus,
2821 4385 2874 4431 et
2901 4375 3005 4429 illis
3033 4388 3264 4444 poenam,
3298 4382 3351 4428 et
3376 4388 3471 4426 vo-

1886 4484 1967 4538 bis
2011 4488 2228 4552 peccata
2282 4473 2561 4532 remittat?
2604 4472 2736 4527 Nam
2782 4470 2825 4524 si
2878 4470 2930 4523 in
2967 4467 3082 4522 foro
3112 4466 3204 4521 illo
3237 4475 3476 4537 tempore

1888 4575 2064 4639 fuerit,
2097 4572 2141 4626 si
2169 4570 2334 4633 domi,
2363 4569 2407 4622 si
2432 4566 2485 4620 in
2513 4562 2738 4633 negotiis
2759 4558 3090 4631 urgentibus,
3114 4572 3292 4612 nonne
3320 4557 3474 4611 leone

1886 4668 2075 4740 quovis
2100 4661 2487 4724 vehementius,
2514 4655 2756 4725 abruptis
2778 4651 3022 4715 vinculis,
3053 4649 3118 4705 ad
3139 4662 3476 4704 communem

1889 4758 2326 4831 supplicationem
2354 4763 2405 4808 te
2432 4757 2621 4820 sponte
2648 4743 2930 4802 conferes?
2970 4743 3225 4812 Ecquam,
3260 4740 3475 4805 dilecte,

1891 4853 1980 4906 illo
2003 4860 2240 4919 tempore
2257 4859 2404 4914 spem
2423 4842 2606 4896 salutis
2628 4838 2825 4893 habere
2852 4834 3064 4906 possis?
3094 4833 3208 4888 Non
3234 4832 3480 4887 homines

1892 4945 2062 5000 solum
2084 4937 2404 4995 horrendam
2433 4932 2576 4988 illam
2595 4930 2845 4985 emittunt
2869 4939 3075 4986 vocem,
3105 4923 3200 4978 sed
3224 4932 3277 4977 et
3302 4922 3478 4992 angeli

1893 5048 2015 5092 ante
2039 5034 2319 5090 Dominum
2333 5025 2709 5099 procumbunt,
2725 5017 3028 5087 archangeli
3048 5024 3360 5086 precantur:
3387 5014 3479 5067 ha-

1893 5131 2248 5194 benttcmpus
2267 5120 2391 5176 illud
2416 5116 2687 5176 idoneum,
2709 5111 3032 5166 oblationem
3061 5106 3162 5161 sibi
3191 5105 3475 5160 faventem.

1896 5222 1973 5276 Ac
1988 5212 2434 5290 quemadmodum
2463 5208 2705 5262 homines
2721 5201 2913 5257 excisis
2942 5201 3178 5255 olearum
3208 5197 3373 5252 ramis
3391 5213 3480 5252 rc-

1896 5331 1991 5387 ges
2011 5289 2237 5367 imovere
2256 5307 2451 5369 solent,
2480 5301 2671 5369 illaque
2698 5296 2889 5350 arbore
2925 5291 2990 5346 ad
3012 5289 3310 5346 clementiae
3336 5289 3483 5358 ipsos

1900 5379 2211 5462 memoriam
2252 5402 2503 5454 revocant
2531 5410 2543 5444 :
2576 5391 2654 5445 sic
2679 5396 2733 5443 et
2756 5385 2927 5455 angeli
2960 5392 3083 5437 tunc
3108 5379 3362 5451 temporis
3389 5395 3486 5449 pro

1900 5505 2136 5558 olearum
2175 5491 2338 5548 ramis
2366 5489 2539 5559 ipsum
2566 5495 2759 5550 corpus
2797 5475 3131 5532 Dominicum
3159 5471 3488 5543 protenden-

1901 5604 2002 5650 tes.
2042 5588 2325 5645 Dominum
2357 5594 2454 5652 pro
2479 5578 2708 5631 humana
2734 5580 2921 5627 natura
2953 5578 3160 5638 rogant,
3191 5581 3253 5620 ac
3272 5565 3316 5620 si
3342 5564 3491 5619 dice-

1902 5696 2021 5743 rent
2051 5703 2063 5737 :
2111 5682 2214 5737 Pro
2239 5679 2322 5733 his
2348 5673 2741 5745 supplicamus,
2783 5678 2916 5735 quos
2952 5673 3007 5715 tu
3046 5659 3379 5730 praeveniens
3422 5659 3493 5713 ita

1904 5780 2125 5849 diligere
2170 5773 2415 5843 dignatus
2450 5780 2524 5832 es,
2567 5772 2625 5819 ut
2660 5761 2890 5817 animam
2933 5768 3077 5813 tuam
3108 5752 3377 5819 traderes;
3401 5765 3499 5823 pro
