3918 6446
398 410 493 463 7‘27

393 531 475 582 his
497 520 909 596 supplicationes
932 515 1222 578 fundimus,
1248 526 1343 581 pro
1369 510 1557 581 quibus
1580 516 1634 561 tu
1664 504 1976 575 sanguinem

393 615 657 679 etfudisti;
705 627 801 683 pro
843 609 926 664 his
971 618 1240 677 rogamus,
1277 616 1373 672 pro
1411 599 1602 671 quibus
1636 597 1739 651 hoc
1785 609 1978 663 corpus

296 710 299 711 ⁷
394 707 697 764 immolasti.
743 703 864 759 Ideo
894 711 1280 769 euergumenos
1318 695 1406 747 illo
1446 701 1687 760 tempore
1724 688 1981 743 diaconus

394 800 628 865 adducit,
656 797 911 869 jttbctque
935 799 1093 863 caput
1121 798 1323 844 tantum
1349 784 1623 848 inclinare,
1643 790 1700 836 ut
1723 782 1837 850 ipso
1858 794 1981 833 cor-

394 893 539 961 poris
583 891 687 945 situ
730 885 1142 956 supplicationes
1179 878 1469 935 emittant:
1517 876 1644 944 ipsis
1684 873 1826 927 enim
1861 885 1983 926 cum

396 981 667 1037 communi
696 981 917 1035 fratrum
943 982 1086 1031 coetu
1119 972 1325 1043 precari
1353 985 1458 1024 non
1489 969 1629 1022 licet.
1663 965 1892 1035 Ideoque
1919 964 1985 1018 il-

399 1077 480 1130 los
505 1075 665 1139 sistit,
714 1082 771 1126 ut
797 1084 982 1125 eorum
1015 1077 1123 1121 tum
1150 1064 1529 1124 calamitatem,
1563 1069 1674 1115 tum
1708 1056 1986 1113 taciturni-

397 1177 559 1222 tatem
582 1166 864 1221 miseratus
879 1159 1067 1215 ﬁducia
1088 1167 1175 1213 ttta
1191 1156 1255 1211 ad
1275 1155 1416 1209 illius
1432 1151 1783 1225 patrocinium
1801 1148 1982 1201 utaris.

396 1258 521 1311 llaec
542 1256 717 1325 itaque
741 1252 1037 1322 cogitantes
1058 1260 1440 1303 concurramus
1462 1244 1545 1297 illa
1573 1242 1723 1304 hora,
1758 1248 1815 1293 ut
1836 1236 2013 1292 nobis.

398 1345 816 1402 misericordiam
844 1341 1194 1405 attrahamns,
1239 1346 1293 1393 et
1317 1336 1542 1408 gratiam
1571 1331 1905 1386 inveniamus
1928 1342 1989 1381 ac

396 1448 753 1509 opportunum
776 1435 1052 1509 auxilium.
1084 1430 1379 1486 ‘Laudastis
1412 1441 1476 1483 ea
1502 1441 1619 1496 quae
1645 1424 1785 1478 dicta
1815 1412 1987 1486 fuere,

396 1548 518 1588 cum
547 1546 740 1602 magno
773 1508 999 1584 tu'multu
1039 1535 1090 1580 et
1121 1526 1305 1594 plausu
1335 1517 1751 1575 admonitionem
1780 1512 1990 1583 accepi-

398 1625 515 1680 stis.
559 1622 663 1680 Sed
702 1630 760 1678 ut
802 1620 956 1676 nobis
986 1618 1169 1673 laudes
1212 1614 1339 1685 ipsis
1382 1610 1632 1682 operibus
1672 1604 1989 1670 exhibeatis,

1054 1758 2213 1784 Μ

1114 399 1171 454 S.
1211 394 1487 453 JOANNIS
1523 386 1995 447 CIlliYSOSTUMI
2039 386 2356 442 AltCHIEP.
2398 382 2929 442 CONSTANTINOP.

3586 390 3685 444 7'28

2087 518 2190 556 non
2217 503 2427 572 longum
2451 512 2657 572 tempus
2673 505 2925 573 quaeritur
2940 502 3004 556 ad
3023 501 3436 572 obsequentiam
3461 503 3698 561 demon-

2086 594 2380 649 strandatn.
2401 595 2832 651 Exhortatiouem
2849 597 3017 649 oratio
3038 606 3313 666 sequatur.
3342 596 3495 652 llanc
3511 613 3699 668 qumro

2088 688 2327 755 laudem,
2383 686 2524 743 hunc
2568 704 2665 758 per
2699 703 2857 757 opera
2906 688 3016 758 ipsa
3061 690 3327 758 plausum.
3375 691 3489 746 Vos
3520 692 3701 761 itaque

2089 793 2273 837 mutuo
2302 782 2600 836 hortamine
2636 782 2700 837 ad
2742 782 2988 837 standum
3050 780 3527 853 quemadmodum
3591 795 3701 839 ste-

2091 876 2228 931 tistis
2258 892 2269 928 :
2312 876 2359 930 si
2401 876 2521 945 quis
2545 890 2663 929 sese
2694 884 2904 930 moveat
2935 882 2992 929 ut
3010 874 3254 930 ordinem
3282 874 3529 942 deserat,
3558 873 3701 929 hunc

2093 966 2278 1021 sedulo
2303 968 2527 1021 retinete
2551 984 2565 1032 ;
2600 973 2654 1019 ut
2683 975 2738 1020 et
2768 967 2969 1035 preprii
2996 966 3155 1021 studii
3186 974 3242 1021 et
3266 965 3530 1021 fraternae
3558 982 3701 1023 curas

2094 1059 2358 1129 duplicent
2402 1058 2700 1113 mercedem
2735 1066 3088 1127 reportantes,
3125 1073 3245 1113 cum
3283 1057 3486 1128 majori
3513 1056 3702 1113 ﬁducia

2095 1165 2281 1219 preces
2308 1148 2608 1211 etfumlatis,
2636 1148 2946 1218 placatoque
2977 1148 3106 1214 Deo,
3134 1156 3188 1203 et
3209 1150 3505 1219 prmsentia
3537 1157 3594 1203 et
3618 1146 3701 1203 fu-

2099 1252 2211 1295 tura
2238 1242 2374 1295 bona
2403 1241 2656 1308 consequi
2688 1240 2922 1310 possitis,
2959 1240 3122 1310 gratia
3153 1250 3207 1294 et
3229 1240 3573 1311 benignitate
3600 1241 3702 1295 Do-

2099 1337 2226 1390 mini
2267 1335 2436 1389 nostri
2460 1333 2583 1389 Jesu
2611 1332 2829 1397 Christi,
2875 1347 2993 1387 cum
3035 1347 3142 1403 quo
3181 1332 3329 1386 Patri
3377 1341 3433 1387 et
3479 1331 3700 1399 Spiritui

2099 1436 2283 1481 saneto
2332 1426 2494 1496 gloria
2548 1434 2604 1482 et
2656 1426 2937 1495 imperium
2991 1425 3043 1479 in
3098 1426 3296 1480 sarcula
3353 1425 3699 1481 saeculorum.

2103 1520 2290 1572 Anton.

1039 1867 1253 1978 DE
1326 1842 3046 1969 INCOMPREHENSIBILI,

1722 2033 1972 2081 CONTRA
2013 2026 2362 2074 ANOHOEOS.

1864 2161 2231 2217 messim»

944 2321 1163 2365 HOMIUA
1200 2315 1430 2366 QUARTA.

477 2453 529 2507 1.
558 2448 737 2505 Satius
777 2446 886 2515 jam
935 2450 1100 2507 esset,
1142 2445 1421 2515 postquam
1465 2441 1633 2498 nuper
1667 2421 1997 2479 ostendimus

407 2547 573 2601 Deum
624 2556 745 2598 esse
797 2513 1391 2606 incomprehensibilém
1432 2520 1757 2583 hominibus,
1799 2518 1909 2571 imo
1946 2521 2000 2567 et

407 2636 536 2707 ipsis
562 2631 851 2689 Cherubim
892 2637 947 2683 et
987 2623 1302 2695 Seraphim,
1335 2635 1365 2673 a
1405 2614 1631 2688 negotiis
1659 2606 1918 2680 expediri,
1947 2614 2001 2660 et

409 2728 538 2784 nihil
563 2725 783 2781 ulterius
809 2734 1024 2776 movere
1058 2735 1073 2772 :
1116 2728 1299 2770 verum
1327 2711 1447 2781 quia
1478 2707 1530 2763 id
1561 2704 1715 2760 nobis
1745 2701 1798 2755 in
1825 2697 2001 2753 studio

407 2830 463 2876 et
498 2819 549 2873 in
588 2814 861 2887 proposito
884 2819 983 2876 est,
1040 2816 1095 2862 ut
1122 2821 1230 2861 non
1257 2802 1415 2857 modo
1445 2793 1871 2854 adversariorum
1910 2804 2001 2843 ora

408 2883 769 2971 occludamus,
820 2903 914 2959 sed
958 2902 1118 2957 etiam
1157 2907 1216 2952 ut
1247 2896 1525 2950 caritatem
1566 2897 1798 2945 vestram
1835 2883 2004 2953 magis

410 3002 685 3073 magisque
728 2990 1358 3059 instituamus,.idipsum
1389 2989 1757 3055 argumentum
1804 2976 2002 3047 repeti-

410 3109 551 3158 mus,
581 3089 904 3158 ulteriusque
932 3096 1184 3140 sermone
1219 3075 1571 3149 procedimus.
1609 3072 1741 3127 Nam
1786 3069 1829 3124 si
1861 3069 1913 3122 in
1942 3066 2005 3120 iis

411 3184 607 3240 diutius
627 3183 994 3243 immoremur,
1019 3184 1071 3230 et
1090 3186 1186 3227 vos
1206 3169 1474 3225 doctiores
1494 3165 1807 3225 efficiemus,
1834 3168 1887 3215 et
1909 3174 2005 3213 nos

412 3274 822 3348 splendidiorem
862 3269 1134 3325 victoriam
1177 3261 1600 3335 reportabimus;
1647 3266 1757 3312 tum
1806 3254 1850 3308 si
1879 3252 2005 3323 quid

412 3346 756 3439 reliquiarum
785 3363 1032 3434 supersit,
1065 3360 1116 3414 id
1149 3359 1259 3430 jam
1303 3370 1517 3428 prorsus
1551 3352 1618 3407 de
1645 3349 1819 3405 medio
1849 3346 2007 3401 tolle-

414 3437 543 3526 tur;
573 3454 998 3527 quandoquidem
1044 3450 1233 3506 noxias
1266 3446 1459 3501 herbas
1487 3459 1590 3497 non
1634 3456 1665 3494 a
1704 3437 2009 3494 summitate

416 3549 577 3607 modo
597 3545 817 3601 tondere
841 3558 973 3614 opus
998 3550 1082 3596 est
1114 3558 1128 3595 :
1158 3540 1202 3593 si
1229 3538 1369 3592 enim
1392 3534 1598 3590 radices
1620 3534 1887 3591 maneant,
1912 3527 2010 3581 de-

419 3658 526 3699 nuo
569 3637 942 3712 pullulabunt:
986 3633 1079 3688 sed
1123 3632 1283 3686 etiam
1319 3628 1385 3683 ab
1416 3627 1530 3696 ipso
1567 3622 1773 3679 telluris
1809 3618 2011 3690 gremio

417 3710 672 3790 radicitus
712 3727 911 3784 evellas
958 3730 1199 3796 oportet,
1239 3731 1582 3790 exponasque
1628 3710 1879 3768 solarium
1922 3724 2011 3763 ra-

420 3826 629 3880 diorum
684 3818 898 3885 ardori,
940 3827 1000 3872 ut
1064 3813 1281 3869 omnino
1339 3814 1689 3863 marcescant.
1732 3804 1845 3873 Age
1885 3814 2013 3869 ergo

424 3919 478 3972 in
508 3914 695 3970 cazlum
723 3924 910 3965 rursus
947 3919 1195 3962 sermone
1224 3899 1667 3962 conscendamus,
1700 3910 1806 3949 non
1836 3901 1892 3947 ιιι
1920 3907 2013 3945 cu-

421 4005 649 4062 riosius’
674 4010 993 4063 scrutemur,
1018 3996 1101 4051 vel
1128 3992 1435 4050 subtiliores
1456 3989 1777 4060 qumstiones
1802 3998 2015 4039 nterea-

423 4113 576 4164 nms;
626 4094 719 4150 sed
750 4101 807 4147 ut
837 4105 1022 4147 eorum
1049 4087 1138 4159 qui
1164 4099 1335 4156 neque
1363 4083 1568 4153 seipsos
1596 4088 1814 4144 norunt,
1843 4090 2016 4145 neque

425 4192 673 4244 lunnanae
722 4196 926 4241 natura:
966 4180 1182 4237 modum
1229 4177 1525 4247 intelligere
1575 4173 1779 4238 volunt,
1823 4170 2017 4225 intem-

428 4281 682 4353 pestivam
718 4274 1114 4333 contentionem
1145 4270 1331 4325 tollere
1356 4276 1678 4338 satagamus.
1725 4261 1848 4317 Ideo
1870 4260 2022 4331 quip-

426 4390 491 4442 pe
534 4387 600 4427 ex
640 4367 949 4432 abundanti,
1003 4380 1108 4419 non
1153 4361 1245 4417 Dei
1290 4358 1482 4423 modo,
1521 4356 1614 4418 sed
1654 4354 1812 4409 etiam
1860 4366 2022 4421 ange-

428 4467 603 4520 lorum
641 4470 982 4530 conspectum
1015 4458 1160 4526 justo
1198 4454 1274 4509 illi
1299 4453 1412 4508 viro
1442 4448 1829 4506 intolerandum
1860 4445 2023 4500 fuisse

427 4553 781 4617 ostendimus,
809 4547 1020 4620 quando
1050 4554 1213 4600 totam
1254 4544 1404 4599 vobis
1435 4540 1708 4595 historiam
1747 4537 1973 4607 legimus
2003 4551 2016 4587 :

428 4644 731 4714 saepiusque
778 4642 990 4695 beatum
1046 4636 1315 4691 Danielem
1362 4633 1666 4687 indusimus
1713 4628 2016 4699 pallentem,

434 4744 774 4799 trementem,
816 4746 990 4803 neque
1020 4730 1209 4785 melius
1236 4727 1504 4792 allectum,
1536 4740 1694 4795 quam
1722 4723 1778 4788 ii,
1811 4721 1900 4792 qui
1930 4720 2026 4775 de-

433 4828 635 4895 ficiunt,
678 4837 1008 4896 quorumque
1053 4821 1228 4874 anima
1259 4819 1462 4875 vincula
1502 4816 1677 4872 carnis
1706 4814 2022 4882 abrumpere

420 4920 666 4976 festinat.
714 4915 860 4971 Sicut
889 4914 1030 4969 enim
1057 4911 1304 4967 columba
1330 4910 1619 4966 domestica
1653 4917 1707 4962 et
1747 4913 2022 4961 mansueta

435 5032 486 5069 In
514 5011 834 5069 domuncula
867 5007 1133 5073 habitans,
1163 5006 1205 5060 si
1237 5004 1458 5074 strepitu
1487 5012 1768 5067 terreatur,
1798 5012 2025 5068 expave-

434 5108 570 5162 facta
600 5105 650 5159 in
680 5110 875 5158 tectum
897 5098 1090 5165 avolat,
1115 5106 1170 5152 et
1192 5111 1288 5167 per
1310 5094 1568 5150 fenestras
1594 5093 1793 5148 exitum
1812 5090 2021 5160 qumrit,

436 5209 493 5253 ut
516 5213 636 5253 sese
661 5197 730 5251 ab
758 5193 1000 5266 angustia
1023 5192 1251 5255 eximat;
1284 5190 1362 5245 sic
1391 5188 1526 5244 beati
1556 5186 1695 5242 illius
1726 5185 1821 5239 viri
1848 5182 2023 5238 anima

435 5310 499 5347 ex
526 5304 754 5362 corpore
781 5286 961 5361 egredi
999 5294 1053 5341 et
1084 5293 1303 5340 externa
1338 5292 1517 5353 petere
1553 5278 1841 5350 gestiebat;
1868 5276 2027 5332 exiis-

435 5399 624 5459 setque
691 5385 845 5457 plane
893 5390 1054 5452 atque
1105 5379 1402 5443 avolasset,
1460 5388 1759 5445 corpusque
1802 5386 2025 5425 vacuum

437 5478 763 5549 reliquisset,
810 5474 909 5529 nisi
940 5472 1119 5527 statim
1150 5468 1368 5540 angelus
1396 5466 1772 5536 praevertisset,
1804 5477 2028 5530 eamque

436 5572 505 5628 ab
544 5570 784 5645 angustia
826 5568 1138 5632 liberasset,
1184 5564 1343 5633 inque
1376 5564 1645 5632 preprium
1681 5556 1780 5613 sibi
1806 5554 2029 5610 demit-io

504 5728 519 5759 ¹
557 5725 696 5797 Sat-tl.
722 5727 771 5775 in
804 5737 958 5797 marg.
998 5730 1060 5796 et
1097 5722 1192 5771 duo
1225 5719 1752 5797 sedgadrertzte,
1793 5718 1907 5797 qttia
1950 5729 2031 5787 nos

437 5787 705 5903 ζέἆωῗωίη
727 5780 1181 5849 εωικηιὶνὶρὶηιω.
1223 5789 1277 5834 Et
1300 5782 1389 5833 hoc
1411 5781 1616 5846 agitans,
1656 5794 1749 5833 non
1788 5788 1838 5829 ut
1873 5780 2031 5831 cmic-

537 5885 552 5913 ,
654 5884 668 5900 .

2103 2282 2227 2333 lium
2261 2280 2581 2337 reduxisset.
2610 2281 2810 2337 Idcirco
2838 2291 3017 2337 autem
3045 2282 3158 2338 hmc
3185 2292 3315 2339 tunc
3334 2282 3600 2348 dicebam,
3644 2291 3698 2337 ut

2101 2373 2401 2426 ediscerent
2433 2373 2526 2437 illi,
2573 2384 2830 2442 quantum
2871 2373 3088 2443 angelus
3121 2372 3326 2428 homini
3361 2384 3600 2443 praestet,
3646 2383 3697 2428 et

2103 2482 2165 2518 ex
2204 2465 2448 2523 conservi
2490 2464 2845 2535 prmeclleutia
2873 2464 3159 2531 emendati,
3192 2474 3384 2520 contra
3418 2466 3691 2521 Dominum

2106 2554 2336 2609 insanire
2376 2564 2668 2609 cessarent.
2712 2554 2895 2611 Justus
2925 2556 3011 2610 ille
3044 2556 3146 2624 vir,
3173 2565 3321 2611 tanta
3351 2557 3605 2627 prmditus
3643 2556 3699 2609 fi-

2105 2648 2279 2711 ducia,
2313 2647 2486 2716 angeli
2515 2659 2858 2718 conspectum
2895 2664 3000 2702 non
3029 2648 3165 2708 tulit.
3194 2658 3249 2704 et
3274 2648 3355 2715 hi,
3384 2649 3476 2720 qui
3507 2657 3696 2702 tantum

2106 2739 2173 2793 ab
2200 2739 2338 2793 illius
2366 2739 2557 2794 virtute
2586 2740 2775 2794 remoti
2798 2750 2939 2807 sunt,
2972 2756 3079 2795 non
3107 2742 3386 2811 angelum,
3415 2741 3509 2796 sed
3536 2740 3697 2810 ipsum

2108 2831 2412 2899 angelorum
2438 2830 2723 2886 Dominum
2749 2832 2957 2885 curiose
2991 2840 3336 2896 scrutantur;
3372 2833 3463 2888 ille
3497 2832 3697 2886 leonum

2111 2920 2435 2975 ferocitatem
2477 2921 2733 2987 edomuit,
2787 2936 2884 2975 nos
2912 2936 2979 2977 ne
3020 2923 3207 2990 vulpes
3237 2921 3458 2991 quidem
3499 2920 3696 2979 vincere

2112 3028 2428 3085 possumus;
2477 3014 2563 3067 ille
2605 3012 2890 3068 draconem
2922 3013 3152 3068 medium
3184 3013 3440 3084 disrupit,
3479 3011 3697 3082 feratque

2112 3113 2352 3159 naturam
2399 3105 2669 3174 superavit
2705 3118 2800 3158 sua
2845 3103 2896 3158 in
2945 3104 3109 3158 Deum
3154 3103 3349 3159 fiducia
3392 3105 3569 3169 ftdtus,
3606 3115 3696 3156 nos

2113 3197 2467 3253 minutissima
2511 3211 2722 3267 quoque
2750 3196 2955 3266 reptilia
2991 3195 3380 3260 formidamus;
3414 3196 3501 3251 ille
3529 3208 3694 3266 regem

2115 3289 2283 3343 instar
2325 3288 2493 3342 leonis
2540 3288 2822 3354 furentem,
2873 3287 3112 3357 iramque
3167 3284 3696 3343 Nabuchodonosoris

2114 3380 2261 3434 omni
2310 3377 2521 3432 flamma
2556 3377 3011 3433 vehementiorem
3053 3378 3105 3431 in
3148 3377 3411 3433 barbaros
3448 3374 3697 3433 exercitus

2117 3478 2397 3532 ruentem,
2452 3468 2712 3524 accedens
2764 3470 3096 3539 compressit,
3153 3478 3207 3525 et
3258 3469 3496 3526 tenebris
3540 3465 3696 3523 offusa

2117 3560 2294 3615 omnia
2324 3561 2623 3615 illustravit.

2190 3651 2357 3706 Multa
2388 3653 2686 3722 praecedenti
2714 3654 2951 3708 concione
2978 3653 3113 3707 dicta
3136 3656 3339 3726 repetit.
3359 3685 3431 3696 —
3461 3656 3692 3709 Attamen

2121 3742 2206 3798 hic
2230 3744 2317 3813 qui
2348 3743 2520 3799 lucem
2552 3744 2802 3800 attulerat
2838 3745 3085 3815 angelum
3121 3747 3430 3803 venientem
3472 3745 3692 3808 intuitus,

2120 3836 2342 3907 caligine
2368 3836 2511 3906 gravi
2543 3838 2865 3906 interceptus
2890 3847 2987 3893 est.
3014 3838 3181 3905 Quam
3227 3838 3389 3911 igitur
3411 3836 3691 3894 excusatio-

2122 3944 2243 3984 nem
2273 3928 2497 3984 affcrent
2536 3930 2592 3997 ii,
2628 3931 2717 3999 qui
2743 3931 2950 3985 beatam
2980 3930 3121 3985 illam
3157 3932 3520 4001 perlustrare‘
3556 3938 3695 3985 natu-

2122 4035 2238 4076 ram
2288 4021 2586 4075 conantur?
2632 4012 2740 4076 Nos
2781 4036 2909 4076 vero
2968 4037 3073 4076 non
3121 4020 3209 4077 hic
3259 4022 3419 4078 finem
3462 4015 3691 4090 loquendi

2123 4111 2376 4178 fecimus,
2431 4113 2524 4169 sed
2571 4113 2637 4169 ad
2682 4114 2947 4185 sapientes
2994 4114 3111 4169 illas
3157 4114 3382 4171 virtutes
3419 4112 3691 4169 orationem

2126 4207 2510 4274 transtulimus,
2574 4207 2759 4263 oculos
2813 4222 2994 4263 earum
3067 4223 3290 4265 aversos
3357 4203 3689 4263 ostendimus,

2123 4297 2373 4353 obtensas
2395 4297 2525 4362 alas,
2554 4308 2732 4353 erecta
2753 4312 2928 4363 crura,
2971 4298 3261 4353 clamorem
3291 4305 3615 4369 perpetuum,
3643 4297 3690 4345 et

2123 4387 2391 4459 quomodo
2418 4389 2521 4443 illa:
2550 4388 2879 4459 incorporeas
2899 4385 3128 4443 virtutes
3150 4396 3378 4459 stupore
3397 4394 3450 4442 et
3473 4381 3687 4439 admira-

2126 4484 2269 4538 tione
2300 4482 2440 4552 capti
2473 4481 2634 4535 animi
2666 4481 2812 4551 signa
2847 4480 3116 4550 prrebeant
3161 4499 3175 4536 :
3223 4488 3424 4551 quanto
3450 4476 3584 4531 enim
3610 4485 3689 4525 sa-

2126 4575 2435 4645 pientiores,
2471 4582 2669 4645 quanto
2698 4572 2851 4629 nobis
2889 4573 3292 4643 propinquiores
3316 4581 3435 4628 sunt
3461 4560 3690 4625 ineffabili

2127 4665 2202 4720 illi
2223 4665 2497 4735 beataeque
2517 4663 2847 4729 substantize,
2892 4671 3035 4717 tanto
3066 4663 3233 4733 magis
3255 4653 3689 4730 incomprehensi-

2126 4755 2383 4811 bilitatem
2415 4759 2610 4810 nerunt
2636 4773 2648 4806 :
2673 4752 2977 4824 magnitudo
2994 4754 3189 4824 quippe
3215 4750 3484 4823 sapientitr
3507 4743 3691 4815 magni-

2129 4845 2365 4901 tudinem
2397 4845 2607 4916 pietatis
2651 4845 2832 4900 efficit.
2880 4845 3115 4899 Diximus
3144 4846 3295 4900 vobis
3320 4841 3443 4915 quid
3467 4841 3688 4895 inacces-

2127 4938 2281 4994 sibile
2306 4939 2395 5004 sit,
2422 4947 2475 4992 et
2498 4935 2641 5007 quod
2667 4935 2797 4991 illud
2824 4935 2991 4990 multo
3016 4934 3184 5005 majus
3208 4936 3278 4991 sit
3304 4927 3689 5000 incomprehen‘

2128 5031 2267 5085 sibili
2319 5046 2331 5084 :
2381 5029 2532 5099 cujus
2588 5028 2668 5084 rei
2722 5043 2937 5084 causam
2984 5028 3294 5099 adjecimus,
3342 5025 3460 5098 quia
3507 5018 3689 5077 scilicet

2129 5122 2667 5194 incomprehensibile
2724 5131 2848 5195 post
2892 5139 3116 5180 examen
3181 5108 3689 5191 incomprehensibile

2130 5232 2250 5272 esse
2291 5215 2709 5286 deprehenditur
2738 5233 2753 5269 :
2796 5216 3160 5273 inaccessibile
3184 5230 3312 5271 vero
3338 5223 3550 5268 examen
3593 5213 3684 5257 non

2132 5309 2350 5378 patitur,
2381 5324 2443 5362 ac
2470 5324 2538 5364 ne
2559 5308 2774 5378 quidem
2802 5308 3033 5364 adeundi
3062 5308 3392 5378 principium,
3419 5300 3502 5357 ubi
3529 5307 3577 5351 cl
3602 5307 3683 5361 ἔνθ’

2132 5398 2232 5469 lagi
2260 5399 2505 5469 exemplo
2534 5415 2666 5471 epus
2695 5398 2995 5455 habuimus.
3043 5399 3354 5454 Addidimus
3382 5408 3482 5450 non
3506 5386 3683 5445 dixisse

2133 5490 2373 5555 Paulum,
2406 5488 2570 5545 Deum
2605 5506 2725 5547 esse
2754 5490 2927 5546 lucem
2955 5489 3389 5552 inaccessibilem,
3431 5480 3517 5538 sed
3540 5479 3681 5531 Ιιιίεηι

2132 5583 2358 5638 habitare
2392 5583 2784 5638 inaccessibilem
2814 5597 2834 5638 :
2872 5581 3013 5654 quod
3053 5582 3097 5637 si
3121 5581 3307 5637 domus
3333 5579 3439 5647 ipsa
3462 5570 3527 5627 είι
3555 5565 3679 5654 in?“

2133 5674 2411 5738 cessibilis,
2456 5674 2622 5728 multo
2652 5673 2818 5746 magis
2856 5651 2945 5744 qui
2972 5674 3024 5729 in
3052 5672 3136 5728 illa
3165 5670 3362 5727 habitat
3391 5663 3538 5720 Deus.
3573 5651 3679 5708 Haec

2199 5852 2214 5882 ι
2251 5849 2356 5911 Alii,
2373 5846 2647 5913 explorare.

3729 835 3741 885 ί
