3918 6370
257 367 353 422 7‘29

257 497 414 556 porro
441 479 576 535 dixit
595 478 810 545 Paulus,
836 492 937 532 non
957 484 1012 531 ut
1032 476 1196 530 Deum
1218 475 1337 530 loco
1352 472 1831 535 circumscriberet,

256 571 346 625 sed
374 578 431 624 ut
455 570 625 640 magis
656 570 925 639 magisque
944 568 1166 636 liqueret
1187 566 1355 619 Deum
1378 580 1473 618 nec
1503 563 1721 634 cogitari
1744 578 1841 617 nec

255 662 389 715 adiri
432 676 614 730 posse.
652 660 796 714 Alias
838 660 961 712 item
1003 658 1223 711 virtutes
1266 655 1595 721 induximtts,
1651 669 1842 722 nempe

259 751 566 817 Cherubim,
598 749 1086 817 (loclaravimusque
1118 746 1384 816 quomodo
1425 760 1582 814 supra
1625 746 1738 799 illas
1775 745 1844 799 sit

260 844 671 906 ﬁrmamentum,
714 841 846 909 lapis
901 838 1156 907 crystalli,
1212 837 1501 891 similitudo
1549 836 1744 901 throni,
1789 844 1845 889 et

260 935 467 1005 species
492 932 743 997 hominis,
771 931 1047 993 electrum,
1078 928 1231 998 ignis,
1262 943 1439 993 arcus,
1468 936 1522 982 et
1554 926 1694 996 quod
1728 933 1845 995 post

262 1026 377 1080 huic
395 1025 570 1079 omnia
599 1022 856 1093 propheta
885 1022 1045 1087 dicat,
1075 1020 1198 1074 Hac
1226 1020 1349 1073 visio
1380 1019 1725 1072 similitudinis
1742 1017 1846 1071 Do-

262 1112 390 1168 mini
414 1113 622 1186 (Ezech.
649 1113 703 1167 2.
740 1112 791 1184 1)
826 1131 839 1165 :
868 1122 1026 1182 atque
1052 1128 1115 1165 ex
1148 1112 1230 1166 his
1260 1110 1506 1165 omnibus
1536 1111 1625 1164 Dei
1656 1119 1847 1165 attem-

263 1205 590 1275 perationem
643 1204 795 1259 vobis
836 1202 1349 1266 demonstravimus,
1392 1217 1615 1272 eamque
1671 1212 1844 1256 tamen

263 1295 548 1365 ejusmodi,
576 1309 694 1365 qua:
724 1309 821 1349 nec
848 1310 879 1349 a
917 1294 1162 1362 supernis
1188 1293 1468 1348 virtutibus
1508 1293 1630 1348 ferri
1660 1294 1844 1363 possit.

336 1391 389 1443 2.
423 1390 547 1444 lla-c
587 1405 692 1443 non
732 1389 847 1443 sine
882 1404 1040 1443 causa
1077 1396 1289 1457 repeto;
1321 1388 1414 1441 sed
1449 1389 1572 1457 quia
1603 1403 1688 1442 me
1728 1403 1849 1457 pro-

265 1484 413 1539 missi
462 1483 754 1538 debitorem
810 1482 953 1548 novi,
1004 1482 1143 1536 scire
1188 1481 1340 1547 volo,
1388 1481 1516 1550 quid
1572 1480 1845 1546 solverim,

266 1575 495 1643 quidque
529 1573 840 1627 solvendum
879 1573 1132 1641 supersit.
1166 1572 1255 1627 Sic
1284 1580 1337 1626 et
1362 1573 1486 1627 teris
1514 1572 1671 1625 alieni
1698 1572 1850 1626 dehi-

268 1679 411 1723 tores
443 1667 657 1733 faciunt,
689 1665 910 1721 tabellas
940 1667 992 1719 in
1023 1666 1256 1720 medium
1286 1664 1591 1734 proferunt.
1619 1664 1708 1718 ubi
1751 1664 1849 1718 de-

268 1760 359 1813 hiti
378 1760 513 1813 ratio
532 1758 815 1828 descripta,
836 1757 1028 1828 quibus
1044 1756 1350 1814 lmiieratori
1369 1757 1619 1813 exhibitis
1637 1757 1851 1812 residua

270 1859 573 1903 numerant.
628 1848 740 1917 Ego
794 1848 1058 1916 similiter,
1113 1858 1297 1919 aperto
1349 1849 1624 1904 memoriae
1659 1858 1852 1903 vestrae

269 1943 424 2008 libro,
452 1951 610 2011 atque
640 1942 701 1994 iis
740 1956 857 2011 qum
878 1941 988 2010 jam
1027 1942 1198 1996 soluta
1224 1948 1348 1997 sunt
1384 1942 1533 2012 quasi
1563 1941 1729 2010 digito
1754 1941 1852 1996 de-

270 2032 599 2098 monstratis,
631 2033 695 2085 ad
737 2033 938 2101 reliqua
975 2032 1191 2087 demum
1233 2047 1483 2103 propero.
1517 2033 1653 2101 Quid
1696 2033 1854 2103 igitur

271 2124 539 2178 residuum
566 2124 715 2177 erat?
748 2122 815 2179 Ut
840 2124 1267 2189 ostenderemus,
1298 2140 1472 2195 neque
1500 2126 1850 2196 principatus,

272 2231 441 2285 neque
481 2223 787 2285 potestates,
822 2230 996 2286 neque
1032 2215 1444 2281 dominationes,
1488 2232 1658 2287 neque
1696 2218 1852 2271 aliam

273 2306 429 2359 ullam
476 2293 709 2361 creatam
754 2307 1004 2361 virtutem
1057 2323 1197 2372 esse,
1246 2323 1364 2378 qum
1410 2309 1575 2363 Deum
1620 2308 1856 2379 perfecte

272 2396 707 2465 comprehendat.
735 2396 873 2452 Sunt
896 2400 1042 2453 enim
1064 2399 1178 2455 sine
1199 2399 1361 2455 dubio
1388 2408 1442 2455 et
1465 2401 1583 2456 alite
1611 2401 1852 2467 virtutes,

272 2503 494 2557 quarum
522 2503 588 2541 ne
612 2488 825 2542 nomina
852 2490 1066 2559 quidem
1088 2491 1351 2546 novimus.
1374 2491 1691 2562 Perpendite
1712 2493 1852 2546 insa-

274 2594 394 2631 nam
425 2577 795 2634 hmreticorum
823 2583 1179 2652 arrogantiam
1208 2601 1223 2639 :
1247 2600 1314 2639 ne
1338 2600 1614 2639 servorum
1643 2584 1856 2655 quidem

273 2670 486 2724 nomina
528 2670 799 2737 novimus,
831 2680 886 2726 et
914 2673 1081 2744 ipsam
1117 2676 1325 2731 Domini
1356 2678 1706 2733 substantiam
1740 2694 1857 2747 pcr-

273 2769 593 2816 scrulantur.
623 2761 757 2817 Sunt
786 2764 929 2819 enim
956 2766 1150 2837 angeli,
1180 2768 1507 2839 archangeli,
1534 2770 1727 2836 thr0ni,
1759 2771 1859 2824 do,

276 2858 610 2919 minationes,
643 2853 968 2926 principatus
1007 2867 1060 2911 et
1088 2868 1396 2927 p0testates.
1425 2861 1494 2914 At
1531 2877 1635 2915 non
1677 2860 1728 2914 hi
1759 2861 1857 2916 soli

276 2953 326 3005 in
357 2952 487 3005 etelo
516 2959 640 3005 sunt
670 2951 868 3021 populi,
896 2950 988 3005 sed
1019 2950 1239 3006 inﬁnitae
1265 2961 1472 3022 gentes,
1507 2954 1676 3008 tribus
1706 2955 1861 3009 innu-

276 3058 456 3109 merm,
483 3057 613 3112 quas
640 3043 814 3096 nullus
841 3058 1023 3097 sermo
1048 3042 1322 3097 declarare
1351 3054 1546 3113 pOtest.
1578 3043 1857 3101 Undenam

274 3141 483 3186 constat
523 3132 700 3200 plures
742 3147 862 3188 esse
902 3134 1148 3199 virtutes,
1187 3149 1408 3202 quarunt
1458 3136 1670 3190 nomina
1712 3137 1861 3208 igno-

277 3223 493 3279 ramus?
524 3223 717 3279 Paulus
745 3227 834 3294 qui
867 3225 954 3279 illa
992 3226 1203 3281 dixerat
1242 3225 1343 3279 hoc
1378 3227 1536 3281 etiam
1578 3227 1754 3293 docet,
1788 3228 1858 3283 ita

274 3315 342 3369 de
369 3314 581 3370 Christo
601 3316 823 3385 loquens
847 3332 860 3369 :
885 3316 1153 3371 Constituit
1180 3333 1293 3370 eum
1318 3334 1472 3387 super
1494 3335 1689 3372 onmem
1720 3320 1863 3389 prin-

276 3407 516 3475 cipatum,
566 3415 612 3460 et
655 3416 981 3477 potestatem,
1028 3418 1074 3461 et
1108 3409 1360 3475 virtutem,
1404 3418 1454 3463 et
1492 3426 1638 3463 omne
1681 3427 1860 3483 nomen

274 3499 407 3564 quod
433 3496 722 3549 nominatur
749 3514 851 3550 non
887 3498 1048 3551 solum
1078 3499 1129 3551 in
1167 3498 1259 3551 hoc
1286 3499 1488 3561 sa’culo,
1520 3499 1607 3553 sed
1633 3501 1781 3554 etiam
1809 3502 1860 3555 in

277 3591 448 3656 futuro
487 3585 713 3658 (Ephes.
758 3589 810 3641 1.
852 3587 969 3658 21).
1015 3588 1214 3643 Videtis
1252 3590 1425 3658 aliqua
1466 3590 1574 3644 illic
1610 3605 1730 3645 esse
1767 3593 1862 3645 ali-

276 3677 488 3748 quando
531 3680 918 3749 cognoscenda,
965 3697 1084 3750 quze
1131 3699 1272 3735 nunc
1322 3683 1499 3752 ignota
1538 3685 1698 3738 sunt?
1737 3686 1861 3741 Ideo

276 3772 429 3836 dixit,
457 3786 575 3841 qum
605 3788 709 3825 non
741 3773 900 3826 modo
932 3774 982 3827 iu
1014 3773 1113 3829 hoc
1142 3776 1339 3829 Siﬂt'lliO
1373 3777 1734 3845 nominantur,
1767 3781 1861 3835 sed

275 3864 437 3917 etiam
477 3862 530 3917 in
571 3865 764 3918 futuro.
803 3865 1003 3934 Ecquid
1046 3866 1237 3920 mirum
1278 3868 1320 3921 si
1362 3868 1712 3924 substantiam
1754 3887 1858 3926 non

279 3952 509 4022 perfecte
554 3954 1052 4023 comprehendunt?
1108 3956 1240 4010 lllud
1292 3959 1433 4012 enim
1492 3959 1863 4018 demonstrare

277 4060 384 4099 non
404 4044 627 4099 arduum
654 4055 755 4100 est.
786 4045 917 4100 Nam
948 4046 1404 4116 dispensatiunum
1431 4050 1549 4119 ejus
1578 4052 1770 4108 multas
1796 4068 1862 4109 ne

276 4135 489 4203 quidem
516 4150 760 4205 superna:
784 4137 1007 4192 virtutes
1028 4147 1254 4205 norunt,
1275 4155 1375 4194 nec
1397 4141 1741 4210 principatus,
1766 4159 1851 4214 po.

282 4236 498 4282 testates
525 4237 577 4282 et
596 4228 1006 4284 dominationes.
1042 4229 1200 4301 quue
1232 4247 1441 4286 rursum
1469 4247 1537 4286 ex
1557 4236 1861 4303 apostolicis

278 4318 455 4374 verbis
506 4319 716 4389 planum
758 4320 1033 4385 faciemus,
1084 4339 1278 4393 nempe
1321 4326 1516 4381 multas
1558 4342 1621 4381 ex
1669 4327 1862 4383 divinis

277 4409 762 4479 dispensationibus
784 4413 1056 4467 nobiscum
1079 4414 1378 4481 edidicisse,
1403 4432 1537 4485 quas
1560 4428 1681 4473 ante
1701 4434 1861 4488 quam

278 4517 379 4556 nos
420 4500 746 4558 disceremus
794 4504 1130 4574 ignorabant.
1169 4506 1284 4560 Non
1325 4509 1493 4561 solum
1533 4519 1711 4564 autem
1762 4527 1861 4565 no-

280 4591 483 4645 hiscutn
521 4592 839 4659 didicerunt,
881 4595 974 4649 sed
1019 4597 1178 4651 etiam
1227 4613 1255 4650 a
1300 4598 1452 4652 nobis
1494 4599 1623 4669 ipsis
1666 4602 1859 4671 :Aliis,

279 4684 471 4753 inquit,
497 4687 893 4755 generationibus
914 4704 1014 4741 non
1042 4700 1111 4742 est
1131 4691 1379 4760 agnitum,
1403 4694 1532 4746 sicut
1562 4682 1695 4749 nunc
1720 4713 1861 4751 reve-

278 4775 438 4829 latum
466 4785 537 4830 est
569 4780 755 4832 sanctis
786 4781 1026 4847 apostolis
1058 4783 1163 4852 ejus
1189 4793 1234 4835 et
1276 4785 1531 4854 praphetis
1564 4787 1617 4840 in
1647 4792 1858 4857 spiritu,

277 4882 385 4920 esse
412 4876 580 4937 gentes
606 4870 870 4923 coheredes
900 4880 946 4923 et
970 4874 1371 4941 cunt'orporales,
1403 4885 1447 4929 et
1475 4880 1862 4950 comparticipes

180 5026 187 5037 '
279 4957 625 5019 promissionis
662 4960 772 5029 ejus
807 4959 1015 5032 (Ep/tes.
1052 4964 1104 5017 '5.
1143 4964 1218 5031 5).
1255 4965 1644 5024 Promissiones
1683 4982 1861 5027 autem

278 5048 477 5105 Iudaeis
518 5049 655 5105 datte
695 5054 946 5108 fuerant:
980 5054 1083 5109 Per
1117 5056 1463 5129 Evangelium,
1508 5066 1653 5134 cujus
1696 5070 1863 5135 factus

278 5157 391 5192 sum
417 5155 508 5210 ego
539 5141 736 5197 Paulus
765 5145 1008 5199 minister.
1042 5146 1317 5204 Undenant
1351 5155 1649 5210 ostenditur
1677 5172 1863 5227 Super-

279 5247 373 5286 nas
401 5233 624 5289 virtutes
655 5235 705 5289 id
747 5247 870 5291 tunc
912 5239 1232 5295 edidicisse?
1262 5243 1392 5297 Nam
1422 5261 1540 5314 quae
1570 5248 1707 5302 dicta
1740 5262 1863 5306 sunt

274 5320 340 5374 ad
371 5322 617 5379 homines
641 5336 904 5394 spectant.
940 5330 1075 5383 Audi
1108 5346 1121 5383 :
1147 5330 1277 5386 Mihi
1307 5337 1530 5390 omnium
1561 5339 1817 5395 hominum
1846 5344 1861 5375 ι

275 5415 482 5468 minimo
519 5416 640 5470 datu
659 5429 732 5472 est
759 5421 925 5490 gratia
953 5423 1081 5489 lucc,
1121 5428 1462 5496 euangelizare
1486 5433 1715 5486 omnibus
1737 5452 1863 5504 gen.

273 5509 407 5563 tibus
444 5510 813 5583 investigabiles
838 5516 1038 5570 divitias
1074 5517 1261 5572 Christi
1298 5519 1512 5590 (Ep/tes.
1543 5525 1594 5579 5.
1628 5526 1703 5596 8).
1727 5529 1862 5594 Quid

273 5607 359 5681 est
383 5599 787 5673 investigabile?
813 5604 964 5672 Quod
988 5609 1222 5679 perquiri
1245 5613 1447 5682 nequit,
1473 5630 1571 5670 nec
1593 5619 1751 5672 modo
1778 5636 1864 5676 re-

340 5798 766 5886 Lgtilijiﬂlﬂii
791 5811 918 5869 Mss.,
937 5806 1145 5863 cautim:
1166 5822 1455 5867 sanctorum.
1490 5818 1653 5871 Morel.
1682 5829 1733 5873 et
1763 5823 1858 5886 alii,

272 5861 483 5911 mium
506 5861 766 5917 hominum.
835 5899 841 5905 -

1209 359 1297 415 DE
1339 354 2014 413 lNCOMl’RElIENSlBlLl
2054 353 2165 410 DEI
2200 354 2502 412 NATURA.
2537 354 2625 410 iV.

3431 363 3536 417 730

1951 468 2110 539 periri
2161 484 2267 524 non
2321 476 2515 539 potest,
2562 468 2658 525 sed
2711 483 2884 541 neque
2928 470 3256 543 investigari.
3303 473 3534 530 Audiaut

1948 576 2107 630 quam
2133 561 2319 616 crebra
2346 560 2628 616 adversum
2656 576 2715 617 se
2737 561 2911 632 jacula
2934 578 2964 617 a
2991 563 3155 618 Paulo
3183 563 3494 620 emittantur
3513 567 3536 614 τ

1946 651 2078 705 Nam
2110 652 2154 706 si
2193 650 2396 706 divitia:
2426 652 2824 722 investigabiles
2852 663 2999 721 sunt,
3028 656 3299 726 quomodo
3341 658 3413 721 is,
3446 658 3537 728 qui

1948 742 2170 812 largitur
2192 741 2422 804 dvitias,
2451 758 2558 797 non
2591 745 2977 816 investigabilis
3013 747 3115 801 sit?
3152 745 3221 800 Et
3250 748 3541 802 illuminare

1948 850 2136 897 onmes,
2160 849 2272 901 qtae
2289 835 2353 889 sit
2375 835 2683 904 dispensatio
2701 838 3006 892 sacramenti
3026 836 3306 894 absconditi
3331 857 3361 893 tt
3377 856 3541 894 δεινω-

1950 923 2013 977 lis
2041 925 2093 977 in
2122 922 2251 988 Deo,
2276 934 2328 978 ut
2350 927 2695 994 manifestetur
2712 945 2847 982 nunc
2872 930 3238 1000 principatibus
3258 942 3305 984 et
3327 942 3540 1000 potesta-

1949 1015 2081 1068 tibus
2119 1032 2208 1086 per
2235 1014 2518 1070 Ecclesium
2548 1019 2878 1089 multiformis
2905 1022 3154 1091 sapientia
3193 1020 3292 1076 Dei
3319 1021 3537 1093 (Ep/tes.

1948 1106 2001 1160 5.
2028 1106 2080 1161 9.
2113 1107 2227 1175 10).
2261 1108 2427 1162 Audis
2465 1110 2607 1179 quod
2648 1126 2809 1177 nunc,
2851 1128 2957 1166 non
2997 1123 3142 1180 ante,
3176 1114 3279 1169 illa:
3319 1115 3541 1170 virtutes

1950 1197 2067 1253 haec
2103 1201 2490 1269 cognoverint?
2527 1201 2658 1255 Nam
2699 1219 2818 1271 qua:
2856 1219 2950 1259 rex
2987 1206 3275 1270 consultat,
3325 1207 3542 1261 satelles

1951 1293 2124 1346 nescit
2159 1310 2171 1347 :
2203 1292 2269 1347 Ut
2296 1296 2649 1365 manifestetnr
2675 1313 2807 1349 nunc
2845 1298 3211 1365 principatibus
3242 1309 3287 1353 et
3317 1310 3541 1378 potesta-

1952 1379 2081 1436 tibus
2125 1399 2214 1451 per
2258 1382 2538 1437 Ecclesium
2582 1385 2910 1454 multiformis
2953 1389 3202 1457 sapientia
3247 1388 3357 1443 Dei.
3408 1389 3544 1445 Vide

1952 1483 2205 1544 quantum
2229 1475 2448 1531 honoris
2465 1476 2714 1531 humana:
2737 1486 2939 1534 natura:
2954 1479 3205 1535 collatum
3224 1481 3312 1547 sit,
3332 1483 3544 1552 quando

1953 1565 2225 1619 nobiscum
2266 1573 2321 1619 et
2357 1581 2455 1635 per
2483 1581 2580 1620 nos
2618 1581 2865 1637 superna:
2901 1570 3122 1625 virtutes
3163 1572 3301 1641 regis
3332 1581 3543 1627 secreta

1953 1663 2337 1722 cognoverunt.
2370 1654 2477 1710 Sed
2511 1656 2775 1712 undenam
2807 1666 2985 1727 pateat
3011 1659 3078 1715 de
3107 1661 3411 1716 emleslibus
3439 1661 3543 1716 illis

1955 1743 2100 1797 dici?
2130 1744 2337 1798 Etenim
2368 1745 2642 1801 daemonas
2667 1748 2825 1802 etiam
2858 1748 3126 1805 interdum
3158 1761 3311 1807 vocat
3344 1754 3545 1822 princi-

1955 1841 2111 1903 patus
2138 1845 2191 1889 et
2221 1844 2530 1905 potestates,
2565 1845 2623 1892 ut
2651 1854 2771 1892 cum
2800 1839 2930 1895 dicit
2958 1858 2970 1895 :
3004 1841 3126 1897 Non
3161 1853 3232 1898 est
3258 1844 3401 1899 nobis
3435 1847 3547 1901 col-

1957 1925 2164 1979 luctatio
2212 1926 2451 1981 adversus
2491 1930 2786 1999 sanguinem
2826 1941 2871 1985 et
2909 1948 3133 1997 carnem,
3173 1935 3263 1989 sed
3306 1935 3548 1992 adversus

1958 2020 2271 2088 principatus
2302 2029 2346 2072 et
2374 2029 2663 2089 potestates,
2693 2023 2932 2077 adversus
2960 2026 3137 2080 mundi
3171 2038 3385 2082 rectores
3414 2038 3550 2082 tene-

1958 2116 2161 2164 brarum
2189 2113 2362 2166 διεσαιὲ
2388 2114 2544 2183 hujus
2566 2113 2779 2184 (Ephes.
2815 2117 2867 2171 6.
2903 2116 3013 2188 12).
3045 2117 3309 2189 Numquid
3341 2136 3467 2191 ergo
3496 2121 3548 2176 id

1959 2217 2100 2257 nunc
2137 2204 2295 2257 etiam
2339 2204 2485 2268 dicit,
2518 2220 2713 2275 nempe
2742 2206 3013 2263 drcmouas
3045 2218 3171 2264 tunc
3199 2211 3553 2280 cognovisse?

1957 2292 2338 2364 Nequaquam;
2381 2295 2474 2349 sed
2519 2295 2587 2351 de
2631 2299 2879 2366 supernis
2924 2299 3029 2355 illis
3067 2302 3175 2371 agit
3216 2303 3499 2359 virtutibus
3534 2322 3548 2357 :

1958 2402 2079 2441 cum
2120 2387 2262 2442 enim
2300 2387 2541 2455 dixisset,
2575 2390 2892 2460 principatus
2932 2401 2977 2446 et
3008 2403 3296 2462 potestates,
3326 2396 3547 2466 adjecit,

1959 2481 2011 2530 in
2054 2478 2354 2535 cwlestibus.
2391 2480 2472 2534 llli
2516 2496 2748 2551 namque
2791 2483 3122 2553 principatus
3169 2494 3223 2539 ct
3264 2495 3552 2556 potestates

1961 2571 2241 2637 caelestes;
2289 2570 2344 2624 hi
2388 2586 2516 2626 vero
2554 2572 2653 2627 sub
2695 2575 2829 2628 cado
2865 2585 2990 2629 sunt
3024 2593 3035 2628 :
3067 2579 3415 2645 quamobrem
3464 2596 3552 2634 re-

1961 2671 2137 2715 ctores
2162 2661 2342 2715 mundi
2375 2674 2526 2717 vocat
2545 2663 2684 2732 illos,
2713 2666 3003 2721 ostendens
3029 2668 3218 2723 etclum
3244 2670 3372 2739 ipsis
3404 2672 3554 2726 inac-

1961 2766 2168 2806 cessum
2199 2767 2319 2807 esse
2352 2771 2365 2806 :
2399 2763 2669 2823 totamque
2703 2771 2798 2812 eos
2826 2773 2977 2813 suam
3014 2761 3347 2831 tyrannidem
3376 2763 3427 2818 in
3455 2764 3557 2820 hoc

1962 2846 2134 2899 solum
2162 2847 2361 2900 mundo
2389 2863 2660 2904 exercere.

2034 2939 2086 2993 '5.
2125 2939 2366 2994 Vidistin‘
2396 2957 2501 3011 quo
2528 2952 2680 3012 pacto
2710 2945 2988 2999 nobiscum
3017 2956 3069 3001 et
3101 2963 3195 3017 per
3226 2965 3323 3003 nos
3348 2950 3435 3005 illa
3463 2966 3556 3006 co-

1961 3030 2281 3098 gnoverint?
2302 3030 2404 3086 Sed
2427 3032 2491 3085 ad
2513 3033 2749 3088 debitum
2774 3036 2900 3091 illud
2922 3038 3235 3095 solvendum
3258 3043 3553 3111 veniamus,

1963 3135 2025 3175 ac
2055 3121 2343 3190 probemus
2382 3138 2554 3194 neque
2582 3125 2912 3196 principatus
2950 3143 3124 3200 neque
3152 3140 3444 3201 potestates
3473 3134 3556 3205 ip-

1964 3211 2076 3265 sius
2126 3212 2476 3269 substantiam
2526 3230 2702 3272 nosse.
2750 3218 2880 3284 Quis
2926 3220 3028 3276 hoc
3075 3223 3245 3278 dicit?
3288 3224 3401 3280 Non
3444 3226 3554 3297 jam

1965 3301 2178 3369 Paulus,
2202 3316 2294 3359 aut
2322 3304 2562 3374 llesaias,
2590 3318 2683 3363 aut
2714 3310 2982 3379 Ezechiel,
3012 3313 3108 3368 sed
3135 3315 3278 3370 aliud
3307 3331 3399 3372 vas
3427 3332 3555 3373 san—

1964 3402 2127 3457 ctutn,
2180 3395 2293 3464 ipse
2334 3397 2552 3451 tonitrui
2598 3398 2759 3463 illius,
2802 3400 3027 3455 dilectus
3066 3402 3261 3459 Christi
3299 3405 3554 3477 Joannes,

1965 3484 2051 3553 qui
2082 3499 2237 3555 supra
2264 3496 2452 3556 pectus
2478 3487 2802 3544 dominieunt
2828 3493 3089 3559 recubuit,
3116 3503 3170 3550 et
3196 3494 3404 3553 divinos
3433 3499 3557 3557 inde

1969 3576 2138 3631 fontes
2181 3577 2377 3631 hausit.
2411 3578 2546 3645 Quid
2579 3581 2736 3651 igitur
2761 3583 2873 3637 ait?
2897 3583 3066 3639 Deum
3106 3604 3250 3643 nemo
3290 3591 3411 3644 vidit
3439 3609 3556 3646 um-

1964 3685 2115 3738 quam
2162 3670 2340 3741 (Joan.
2386 3673 2437 3726 1.
2481 3675 2586 3745 18).
2621 3674 2759 3731 Vere
2806 3679 3024 3733 tonitrui
3066 3679 3225 3748 illius,
3271 3699 3392 3738 nant
3436 3684 3556 3741 tuba

1966 3760 2247 3816 clariorem
2301 3764 2480 3819 emisit
2535 3781 2742 3830 vocem,
2801 3784 2921 3838 quae
2975 3772 3140 3840 possit
3194 3776 3559 3833 contentiosos

1966 3864 2156 3905 omnes
2196 3851 2546 3910 confundere.
2586 3857 2691 3912 Sed
2721 3858 2994 3915 videamus
3022 3862 3147 3932 quid
3185 3875 3368 3921 contra
3400 3867 3558 3937 ohjiei

1965 3941 2155 4009 possit.
2180 3942 2315 4010 Quid
2336 3986 2351 4009 ,
2381 3960 2585 4015 quaeso,
2615 3946 2749 4003 dicis
2773 3949 3030 4020 Joannes,
3063 3953 3224 4009 Deunt
3259 3974 3402 4012 nemo
3436 3961 3559 4015 vidit

1965 4034 2248 4101 umquam?
2294 4034 2435 4103 Quid
2483 4036 2549 4091 de
2599 4039 2876 4111 prophetis
2923 4058 3161 4113 agamus,
3209 4049 3296 4118 qui
3353 4050 3557 4116 dicunt,

1983 4129 2099 4185 Vidi
2120 4130 2572 4190 Deum?llesaias
2589 4136 2759 4200 enim,
2793 4136 2910 4190 Vidi
2935 4136 3234 4204 Dominum,
3263 4142 3458 4211 inquit,
3479 4161 3556 4197 se-

1965 4224 2172 4277 dentem
2197 4241 2350 4293 super
2378 4228 2569 4280 solium
2591 4228 2855 4282 excelsum
2876 4236 2925 4282 et
2944 4228 3200 4283 eleuatum
3234 4230 3371 4293 (Isa.
3401 4233 3544 4306 6.1);

1968 4305 2153 4361 Daniel
2183 4323 2332 4375 vero,
2373 4308 2491 4363 Vidi
2518 4311 2675 4366 donec
2700 4314 2869 4368 throni
2893 4316 3040 4384 positi
3067 4328 3186 4371 sunt
3207 4360 3219 4382 ,
3249 4330 3295 4372 et
3325 4305 3560 4391 antiquus

1967 4395 2162 4449 dierum
2195 4398 2321 4451 sedit
2348 4398 2509 4471 (Dan.
2535 4402 2589 4456 7.
2621 4402 2709 4471 9);
2743 4404 2992 4460 Michteas
3021 4408 3148 4461 item
3181 4426 3193 4463 :
3235 4407 3347 4463 Vidi
3387 4409 3560 4466 Domi-

1968 4506 2088 4543 num
2118 4488 2283 4543 Deum
2309 4491 2474 4547 Israel
2505 4496 2758 4550 sedentem
2784 4515 2935 4565 super
2955 4500 3137 4554 solium
3163 4518 3307 4555 suum
3332 4505 3405 4575 (5.
3430 4504 3555 4577 Reg.

1966 4581 2054 4635 ‘22.
2087 4582 2209 4656 l9);
2239 4584 2378 4641 alius
2407 4602 2617 4642 rursum
2652 4589 2908 4658 prophela
2935 4592 3063 4646 dicit
3092 4611 3105 4645 :
3142 4591 3259 4648 Vidi
3288 4594 3561 4651 Dominum

1967 4687 2182 4730 stantem
2204 4694 2356 4747 super
2383 4680 2561 4743 altare,
2591 4693 2636 4733 et
2664 4680 2792 4735 dixit
2823 4682 2977 4749 mihi,
3006 4696 3205 4755 percute
3240 4704 3393 4757 super
3440 4707 3563 4756 pro-

1970 4767 2284 4836 pitiatorium
2332 4768 2525 4839 (Amos
2580 4771 2633 4826 9.
2695 4771 2791 4843 1).
2866 4774 3027 4830 Multa
3087 4791 3216 4832 sane
3258 4780 3560 4849 hujusmodi

1972 4860 2272 4915 testimonia
2314 4862 2493 4933 colligi
2535 4874 2775 4931 possunt.
2815 4866 2922 4920 Cur
2975 4883 3104 4939 ergo
3160 4870 3394 4927 Joannes
3450 4875 3560 4941 ait,

1969 4949 2135 5005 Deum
2180 4970 2324 5007 nemo
2351 4955 2471 5007 vidit
2505 4958 2785 5028 umquam?
2829 4957 2899 5014 Ut
2926 4961 3131 5015 ediscas
3161 4978 3281 5017 eum
3326 4965 3393 5020 de
3436 4982 3561 5035 per-

1972 5044 2104 5097 l'ccta
2173 5047 2653 5113 comprehensione
2710 5059 2764 5104 et
2820 5051 2965 5105 clara
3028 5055 3332 5123 cognitione
3396 5059 3561 5128 loqui.

1970 5135 2120 5204 Quod
2148 5138 2289 5191 enim
2315 5139 2399 5192 illa
2427 5142 2604 5195 omnia
2629 5159 2723 5211 per
2743 5148 3239 5215 attemperationem
3273 5150 3409 5207 facta
3431 5153 3560 5219 sint,

1936 5250 1939 5255 ·
1972 5245 2144 5298 neque
2170 5245 2356 5299 puram
2390 5233 2531 5287 illius
2558 5235 2907 5292 substantiam
2937 5240 3215 5311 quisquam
3244 5244 3453 5301 illorum
3486 5250 3565 5302 vi-

1973 5319 2134 5386 derit,
2185 5321 2310 5376 hinc
2360 5324 2532 5391 palam
2578 5334 2661 5380 est
2706 5328 2847 5397 quod
2886 5330 3035 5385 varie
3081 5332 3306 5404 quisque
3351 5336 3562 5393 viderit.

1974 5412 2183 5468 Etenim
2216 5415 2357 5470 Deus
2381 5416 2605 5488 simplex
2630 5430 2731 5486 est,
2756 5421 3159 5494 incompositus,
3186 5435 3239 5481 et
3266 5427 3447 5499 ﬁgura:
3467 5448 3565 5485 e1-

1973 5521 2126 5576 pcrs;
2159 5508 2228 5560 illi
2259 5524 2386 5562 vero
2415 5509 2610 5581 ﬁguras
2637 5512 2879 5569 viderunt
2904 5517 3100 5572 varias.
3133 5517 3245 5574 lloc
3272 5519 3444 5589 ipsum
3468 5538 3564 5592 per

1974 5598 2135 5651 alium
2166 5598 2478 5668 prOphetam
2508 5603 2761 5672 ostendit,
2794 5606 3029 5677 ipsisque
3054 5611 3343 5680 persuadet
3370 5629 3429 5670 se
3459 5631 3566 5673 nou

1972 5690 2261 5761 perfectam
2291 5693 2644 5751 substantiam
2668 5697 2886 5762 vidisse,
2917 5699 3000 5756 his
3030 5703 3205 5759 verbis
3236 5723 3250 5761 :
3282 5705 3391 5777 Ego
3410 5708 3567 5763 visio-

1973 5801 2058 5837 nes
2088 5785 2431 5853 multiplicari,
2463 5798 2508 5842 et
2533 5790 2583 5844 in
2614 5791 2845 5846 manibus
2870 5793 3233 5865 prophetarum
3258 5800 3567 5857 assimilatas

1974 5892 2086 5930 sunt
2121 5876 2271 5947 (Osce
2310 5878 2396 5935 1‘2.
2432 5879 2518 5952 10)
2567 5899 2578 5936 :
2635 5896 2740 5939 non
2785 5883 2957 5955 ipsam
3001 5902 3174 5945 meam
3214 5890 3566 5948 substantiam
