  <div class='ocr_page' id='page_1' title='image "/cluster/home/n/w/nwhite01/storage/ocr_20150623/48:no.1:pt.2/coo.31924054869478/211.png"; bbox 0 0 3918 6364; ppageno 0'>
   <div class='ocr_carea' id='block_1_1' title="bbox 410 304 507 365">
    <p class='ocr_par' dir='ltr' id='par_1_1' title="bbox 410 304 507 365">
     <span class='ocr_line' id='line_1_1' title="bbox 410 304 507 365; baseline -0.072 0"><span class='ocrx_word' id='word_1_1' title='bbox 410 304 507 365; x_wconf 72' lang='lat'><strong>7.3!</strong></span> 
     </span>
    </p>
   </div>
   <div class='ocr_carea' id='block_1_2' title="bbox 408 414 1995 486">
    <p class='ocr_par' dir='ltr' id='par_1_2' title="bbox 408 414 1995 486">
     <span class='ocr_line' id='line_1_2' title="bbox 408 414 1995 486; baseline -0.003 -16"><span class='ocrx_word' id='word_1_2' title='bbox 408 415 641 483; x_wconf 79' lang='lat' dir='ltr'><strong>ostendi,</strong></span> <span class='ocrx_word' id='word_1_3' title='bbox 685 415 779 477; x_wconf 84' lang='lat' dir='ltr'><strong>sed</strong></span> <span class='ocrx_word' id='word_1_4' title='bbox 830 417 1120 473; x_wconf 89' lang='lat' dir='ltr'><strong>videntium</strong></span> <span class='ocrx_word' id='word_1_5' title='bbox 1165 416 1456 475; x_wconf 83' lang='lat' dir='ltr'><strong>inﬁrmitati</strong></span> <span class='ocrx_word' id='word_1_6' title='bbox 1497 431 1582 471; x_wconf 89' lang='lat' dir='ltr'><strong>me</strong></span> <span class='ocrx_word' id='word_1_7' title='bbox 1624 414 1995 486; x_wconf 87' lang='lat' dir='ltr'><strong>attemperavi.</strong></span> 
     </span>
    </p>
   </div>
   <div class='ocr_carea' id='block_1_3' title="bbox 410 508 2002 581">
    <p class='ocr_par' dir='ltr' id='par_1_3' title="bbox 410 508 2002 581">
     <span class='ocr_line' id='line_1_3' title="bbox 410 508 2002 581; baseline -0.001 -17"><span class='ocrx_word' id='word_1_8' title='bbox 410 509 647 565; x_wconf 85' lang='lat' dir='ltr'><strong>Joannes</strong></span> <span class='ocrx_word' id='word_1_9' title='bbox 673 526 799 581; x_wconf 86' lang='lat' dir='ltr'><strong>ergo</strong></span> <span class='ocrx_word' id='word_1_10' title='bbox 821 527 927 566; x_wconf 92' lang='lat' dir='ltr'><strong>non</strong></span> <span class='ocrx_word' id='word_1_11' title='bbox 955 511 1021 567; x_wconf 90' lang='lat' dir='ltr'><strong>de</strong></span> <span class='ocrx_word' id='word_1_12' title='bbox 1043 510 1345 566; x_wconf 89' lang='lat' dir='ltr'><strong>hominibus</strong></span> <span class='ocrx_word' id='word_1_13' title='bbox 1373 509 1473 565; x_wconf 91' lang='lat' dir='ltr'><strong>hoc</strong></span> <span class='ocrx_word' id='word_1_14' title='bbox 1501 510 1650 577; x_wconf 91' lang='lat' dir='ltr'><strong>dicit,</strong></span> <span class='ocrx_word' id='word_1_15' title='bbox 1677 508 1836 565; x_wconf 83' lang='lat' dir='ltr'><strong>Deum</strong></span> <span class='ocrx_word' id='word_1_16' title='bbox 1858 525 2002 563; x_wconf 84' lang='lat' dir='ltr'><strong>nemo</strong></span> 
     </span>
    </p>
   </div>
   <div class='ocr_carea' id='block_1_4' title="bbox 411 602 2000 675">
    <p class='ocr_par' dir='ltr' id='par_1_4' title="bbox 411 602 2000 675">
     <span class='ocr_line' id='line_1_4' title="bbox 411 602 2000 675; baseline 0 -20"><span class='ocrx_word' id='word_1_17' title='bbox 411 603 535 656; x_wconf 82' lang='lat' dir='ltr'><strong>vidit</strong></span> <span class='ocrx_word' id='word_1_18' title='bbox 562 620 803 673; x_wconf 82' lang='lat' dir='ltr'><strong>umquam</strong></span> <span class='ocrx_word' id='word_1_19' title='bbox 835 621 853 658; x_wconf 91' lang='lat'><em>:</em></span> <span class='ocrx_word' id='word_1_20' title='bbox 881 603 929 658; x_wconf 87' lang='lat' dir='ltr'><strong>id</strong></span> <span class='ocrx_word' id='word_1_21' title='bbox 958 604 1100 659; x_wconf 90' lang='lat' dir='ltr'><strong>enim</strong></span> <span class='ocrx_word' id='word_1_22' title='bbox 1141 605 1307 675; x_wconf 84' lang='lat' dir='ltr'><strong>liquet</strong></span> <span class='ocrx_word' id='word_1_23' title='bbox 1334 618 1456 658; x_wconf 91' lang='lat' dir='ltr'><strong>cum</strong></span> <span class='ocrx_word' id='word_1_24' title='bbox 1484 618 1551 658; x_wconf 79' lang='lat' dir='ltr'><strong>ex</strong></span> <span class='ocrx_word' id='word_1_25' title='bbox 1590 603 1676 670; x_wconf 90' lang='lat' dir='ltr'><strong>iis,</strong></span> <span class='ocrx_word' id='word_1_26' title='bbox 1716 617 1834 673; x_wconf 72' lang='lat' dir='ltr'><strong>qua:</strong></span> <span class='ocrx_word' id='word_1_27' title='bbox 1861 602 2000 658; x_wconf 87' lang='lat' dir='ltr'><strong>dicta</strong></span> 
     </span>
    </p>
   </div>
   <div class='ocr_carea' id='block_1_5' title="bbox 412 693 2003 765">
    <p class='ocr_par' dir='ltr' id='par_1_5' title="bbox 412 693 2003 765">
     <span class='ocr_line' id='line_1_5' title="bbox 412 693 2003 765; baseline -0.001 -16"><span class='ocrx_word' id='word_1_28' title='bbox 412 704 557 759; x_wconf 84' lang='lat' dir='ltr'><strong>sunt,</strong></span> <span class='ocrx_word' id='word_1_29' title='bbox 582 695 909 765; x_wconf 86' lang='lat' dir='ltr'><strong>prepheticis</strong></span> <span class='ocrx_word' id='word_1_30' title='bbox 936 711 1127 765; x_wconf 85' lang='lat' dir='ltr'><strong>nempe</strong></span> <span class='ocrx_word' id='word_1_31' title='bbox 1152 695 1353 762; x_wconf 85' lang='lat' dir='ltr'><strong>verbis,</strong></span> <span class='ocrx_word' id='word_1_32' title='bbox 1381 693 1493 765; x_wconf 87' lang='lat' dir='ltr'><strong>Ego</strong></span> <span class='ocrx_word' id='word_1_33' title='bbox 1521 694 1734 749; x_wconf 73' lang='lat' dir='ltr'><strong>visiones</strong></span> <span class='ocrx_word' id='word_1_34' title='bbox 1757 694 2003 764; x_wconf 83' lang='lat' dir='ltr'><strong>multipli-</strong></span> 
     </span>
    </p>
   </div>
   <div class='ocr_carea' id='block_1_6' title="bbox 413 785 2000 857">
    <p class='ocr_par' dir='ltr' id='par_1_6' title="bbox 413 785 2000 857">
     <span class='ocr_line' id='line_1_6' title="bbox 413 785 2000 857; baseline -0.001 -18"><span class='ocrx_word' id='word_1_35' title='bbox 413 786 525 840; x_wconf 81' lang='lat' dir='ltr'><strong>cari</strong></span> <span class='ocrx_word' id='word_1_36' title='bbox 542 827 557 849; x_wconf 88' lang='lat'><strong>,</strong></span> <span class='ocrx_word' id='word_1_37' title='bbox 587 796 632 840; x_wconf 89' lang='lat' dir='ltr'><strong>et</strong></span> <span class='ocrx_word' id='word_1_38' title='bbox 659 787 711 839; x_wconf 85' lang='lat' dir='ltr'><strong>in</strong></span> <span class='ocrx_word' id='word_1_39' title='bbox 741 786 969 840; x_wconf 79' lang='lat' dir='ltr'><strong>manibus</strong></span> <span class='ocrx_word' id='word_1_40' title='bbox 998 786 1356 857; x_wconf 81' lang='lat' dir='ltr'><strong>prophetarum</strong></span> <span class='ocrx_word' id='word_1_41' title='bbox 1384 785 1689 840; x_wconf 81' lang='lat' dir='ltr'><strong>assimilatas</strong></span> <span class='ocrx_word' id='word_1_42' title='bbox 1713 802 1861 851; x_wconf 74' lang='lat' dir='ltr'><strong>sum;</strong></span> <span class='ocrx_word' id='word_1_43' title='bbox 1890 793 2000 838; x_wconf 92' lang='lat' dir='ltr'><strong>tum</strong></span> 
     </span>
    </p>
   </div>
   <div class='ocr_carea' id='block_1_7' title="bbox 411 877 2003 952">
    <p class='ocr_par' dir='ltr' id='par_1_7' title="bbox 411 877 2003 952">
     <span class='ocr_line' id='line_1_7' title="bbox 411 877 2003 952; baseline 0 -19"><span class='ocrx_word' id='word_1_44' title='bbox 411 893 475 933; x_wconf 80' lang='lat' dir='ltr'><strong>ex</strong></span> <span class='ocrx_word' id='word_1_45' title='bbox 499 880 758 933; x_wconf 78' lang='lat' dir='ltr'><strong>sententia</strong></span> <span class='ocrx_word' id='word_1_46' title='bbox 785 878 949 952; x_wconf 82' lang='lat' dir='ltr'><strong>Moysi</strong></span> <span class='ocrx_word' id='word_1_47' title='bbox 978 880 1214 949; x_wconf 89' lang='lat' dir='ltr'><strong>prolata;</strong></span> <span class='ocrx_word' id='word_1_48' title='bbox 1244 894 1365 935; x_wconf 89' lang='lat' dir='ltr'><strong>cum</strong></span> <span class='ocrx_word' id='word_1_49' title='bbox 1393 879 1534 933; x_wconf 92' lang='lat' dir='ltr'><strong>enim</strong></span> <span class='ocrx_word' id='word_1_50' title='bbox 1562 878 1650 933; x_wconf 92' lang='lat' dir='ltr'><strong>ille</strong></span> <span class='ocrx_word' id='word_1_51' title='bbox 1680 878 1843 933; x_wconf 88' lang='lat' dir='ltr'><strong>Deum</strong></span> <span class='ocrx_word' id='word_1_52' title='bbox 1870 877 2003 933; x_wconf 89' lang='lat' dir='ltr'><strong>facie</strong></span> 
     </span>
    </p>
   </div>
   <div class='ocr_carea' id='block_1_8' title="bbox 410 970 2004 1042">
    <p class='ocr_par' dir='ltr' id='par_1_8' title="bbox 410 970 2004 1042">
     <span class='ocr_line' id='line_1_8' title="bbox 410 970 2004 1042; baseline -0.001 -16"><span class='ocrx_word' id='word_1_53' title='bbox 410 972 477 1026; x_wconf 85' lang='lat' dir='ltr'><strong>ad</strong></span> <span class='ocrx_word' id='word_1_54' title='bbox 513 972 697 1030; x_wconf 81' lang='lat' dir='ltr'><strong>faciem</strong></span> <span class='ocrx_word' id='word_1_55' title='bbox 727 973 907 1029; x_wconf 89' lang='lat' dir='ltr'><strong>videre</strong></span> <span class='ocrx_word' id='word_1_56' title='bbox 934 981 1173 1042; x_wconf 82' lang='lat' dir='ltr'><strong>cuperet,</strong></span> <span class='ocrx_word' id='word_1_57' title='bbox 1203 973 1278 1027; x_wconf 92' lang='lat' dir='ltr'><strong>ait</strong></span> <span class='ocrx_word' id='word_1_58' title='bbox 1304 973 1447 1027; x_wconf 84' lang='lat' dir='ltr'><strong>Deus</strong></span> <span class='ocrx_word' id='word_1_59' title='bbox 1476 990 1487 1025; x_wconf 96' lang='lat'>:</span> <span class='ocrx_word' id='word_1_60' title='bbox 1523 971 1687 1026; x_wconf 83' lang='lat' dir='ltr'><strong>Nemo</strong></span> <span class='ocrx_word' id='word_1_61' title='bbox 1708 970 1888 1026; x_wconf 80' lang='lat' dir='ltr'><strong>videbit</strong></span> <span class='ocrx_word' id='word_1_62' title='bbox 1918 972 2004 1041; x_wconf 79' lang='lat' dir='ltr'><strong>fa-</strong></span> 
     </span>
    </p>
   </div>
   <div class='ocr_carea' id='block_1_9' title="bbox 413 1065 2005 1139">
    <p class='ocr_par' dir='ltr' id='par_1_9' title="bbox 413 1065 2005 1139">
     <span class='ocr_line' id='line_1_9' title="bbox 413 1065 2005 1139; baseline 0.001 -20"><span class='ocrx_word' id='word_1_63' title='bbox 413 1066 540 1119; x_wconf 84' lang='lat' dir='ltr'><strong>ciem</strong></span> <span class='ocrx_word' id='word_1_64' title='bbox 565 1082 746 1130; x_wconf 88' lang='lat' dir='ltr'><strong>meam,</strong></span> <span class='ocrx_word' id='word_1_65' title='bbox 779 1077 826 1121; x_wconf 86' lang='lat' dir='ltr'><strong>et</strong></span> <span class='ocrx_word' id='word_1_66' title='bbox 853 1068 977 1121; x_wconf 83' lang='lat' dir='ltr'><strong>vivet</strong></span> <span class='ocrx_word' id='word_1_67' title='bbox 1010 1065 1203 1138; x_wconf 77' lang='lat' dir='ltr'><strong>(Exod.</strong></span> <span class='ocrx_word' id='word_1_68' title='bbox 1238 1067 1327 1123; x_wconf 79' lang='grc'><strong>55.</strong></span> <span class='ocrx_word' id='word_1_69' title='bbox 1366 1065 1480 1139; x_wconf 74' lang='lat'><strong>20).</strong></span> <span class='ocrx_word' id='word_1_70' title='bbox 1513 1066 1792 1138; x_wconf 87' lang='lat' dir='ltr'><strong>Liquidum</strong></span> <span class='ocrx_word' id='word_1_71' title='bbox 1824 1066 2005 1137; x_wconf 82' lang='lat' dir='ltr'><strong>itaque</strong></span> 
     </span>
    </p>
   </div>
   <div class='ocr_carea' id='block_1_10' title="bbox 411 1157 2003 1228">
    <p class='ocr_par' dir='ltr' id='par_1_10' title="bbox 411 1157 2003 1228">
     <span class='ocr_line' id='line_1_10' title="bbox 411 1157 2003 1228; baseline -0.001 -16"><span class='ocrx_word' id='word_1_72' title='bbox 411 1157 538 1212; x_wconf 91' lang='lat' dir='ltr'><strong>illud</strong></span> <span class='ocrx_word' id='word_1_73' title='bbox 567 1166 726 1227; x_wconf 85' lang='lat' dir='ltr'><strong>atque</strong></span> <span class='ocrx_word' id='word_1_74' title='bbox 757 1158 810 1212; x_wconf 93' lang='lat' dir='ltr'><strong>in</strong></span> <span class='ocrx_word' id='word_1_75' title='bbox 835 1157 1083 1213; x_wconf 88' lang='lat' dir='ltr'><strong>confesso</strong></span> <span class='ocrx_word' id='word_1_76' title='bbox 1116 1167 1215 1214; x_wconf 87' lang='lat' dir='ltr'><strong>est.</strong></span> <span class='ocrx_word' id='word_1_77' title='bbox 1249 1158 1365 1213; x_wconf 90' lang='lat' dir='ltr'><strong>Non</strong></span> <span class='ocrx_word' id='word_1_78' title='bbox 1398 1174 1527 1228; x_wconf 87' lang='lat' dir='ltr'><strong>ergo</strong></span> <span class='ocrx_word' id='word_1_79' title='bbox 1551 1159 1617 1213; x_wconf 93' lang='lat' dir='ltr'><strong>de</strong></span> <span class='ocrx_word' id='word_1_80' title='bbox 1647 1157 1875 1212; x_wconf 89' lang='lat' dir='ltr'><strong>humana</strong></span> <span class='ocrx_word' id='word_1_81' title='bbox 1907 1173 2003 1213; x_wconf 85' lang='lat' dir='ltr'><strong>na-</strong></span> 
     </span>
    </p>
   </div>
   <div class='ocr_carea' id='block_1_11' title="bbox 412 1251 2006 1322">
    <p class='ocr_par' dir='ltr' id='par_1_11' title="bbox 412 1251 2006 1322">
     <span class='ocr_line' id='line_1_11' title="bbox 412 1251 2006 1322; baseline 0.001 -18"><span class='ocrx_word' id='word_1_82' title='bbox 412 1261 528 1305; x_wconf 87' lang='lat' dir='ltr'><strong>tura</strong></span> <span class='ocrx_word' id='word_1_83' title='bbox 570 1262 793 1319; x_wconf 89' lang='lat' dir='ltr'><strong>tantum,</strong></span> <span class='ocrx_word' id='word_1_84' title='bbox 825 1251 920 1307; x_wconf 88' lang='lat' dir='ltr'><strong>sed</strong></span> <span class='ocrx_word' id='word_1_85' title='bbox 948 1253 1107 1307; x_wconf 89' lang='lat' dir='ltr'><strong>etiam</strong></span> <span class='ocrx_word' id='word_1_86' title='bbox 1136 1251 1203 1307; x_wconf 91' lang='lat' dir='ltr'><strong>de</strong></span> <span class='ocrx_word' id='word_1_87' title='bbox 1246 1251 1492 1322; x_wconf 89' lang='lat' dir='ltr'><strong>supernis</strong></span> <span class='ocrx_word' id='word_1_88' title='bbox 1524 1252 1876 1321; x_wconf 83' lang='lat' dir='ltr'><strong>potestatibus</strong></span> <span class='ocrx_word' id='word_1_89' title='bbox 1906 1251 2006 1306; x_wconf 83' lang='lat' dir='ltr'><strong>hoc</strong></span> 
     </span>
    </p>
   </div>
   <div class='ocr_carea' id='block_1_12' title="bbox 413 1342 2003 1416">
    <p class='ocr_par' dir='ltr' id='par_1_12' title="bbox 413 1342 2003 1416">
     <span class='ocr_line' id='line_1_12' title="bbox 413 1342 2003 1416; baseline 0.001 -19"><span class='ocrx_word' id='word_1_90' title='bbox 413 1342 719 1416; x_wconf 46' lang='lat' dir='ltr'><strong>ait,‘Deum</strong></span> <span class='ocrx_word' id='word_1_91' title='bbox 765 1360 912 1398; x_wconf 84' lang='lat' dir='ltr'><strong>nemo</strong></span> <span class='ocrx_word' id='word_1_92' title='bbox 956 1344 1078 1397; x_wconf 84' lang='lat' dir='ltr'><strong>vidit</strong></span> <span class='ocrx_word' id='word_1_93' title='bbox 1117 1361 1355 1413; x_wconf 78' lang='lat' dir='ltr'><strong>umquam</strong></span> <span class='ocrx_word' id='word_1_94' title='bbox 1391 1363 1409 1398; x_wconf 90' lang='lat'><strong><em>:</em></strong></span> <span class='ocrx_word' id='word_1_95' title='bbox 1439 1344 1786 1413; x_wconf 81' lang='lat' dir='ltr'><strong>quamobrem</strong></span> <span class='ocrx_word' id='word_1_96' title='bbox 1832 1345 2003 1414; x_wconf 89' lang='lat' dir='ltr'><strong>ipsum</strong></span> 
     </span>
    </p>
   </div>
   <div class='ocr_carea' id='block_1_13' title="bbox 418 1436 2004 1507">
    <p class='ocr_par' dir='ltr' id='par_1_13' title="bbox 418 1436 2004 1507">
     <span class='ocr_line' id='line_1_13' title="bbox 418 1436 2004 1507; baseline 0 -17"><span class='ocrx_word' id='word_1_97' title='bbox 418 1452 631 1507; x_wconf 90' lang='lat' dir='ltr'><strong>quoque</strong></span> <span class='ocrx_word' id='word_1_98' title='bbox 661 1437 988 1507; x_wconf 73' lang='lat' dir='ltr'><strong>unigenitum</strong></span> <span class='ocrx_word' id='word_1_99' title='bbox 1018 1436 1177 1507; x_wconf 82' lang='lat' dir='ltr'><strong>hujus</strong></span> <span class='ocrx_word' id='word_1_100' title='bbox 1214 1437 1468 1492; x_wconf 83' lang='lat' dir='ltr'><strong>doctrinae</strong></span> <span class='ocrx_word' id='word_1_101' title='bbox 1504 1446 1890 1507; x_wconf 64' lang='lat' dir='ltr'><strong>prrceptorem</strong></span> <span class='ocrx_word' id='word_1_102' title='bbox 1924 1438 2004 1490; x_wconf 90' lang='lat' dir='ltr'><strong>in-</strong></span> 
     </span>
    </p>
   </div>
   <div class='ocr_carea' id='block_1_14' title="bbox 412 1527 2006 1599">
    <p class='ocr_par' dir='ltr' id='par_1_14' title="bbox 412 1527 2006 1599">
     <span class='ocr_line' id='line_1_14' title="bbox 412 1527 2006 1599; baseline 0.001 -19"><span class='ocrx_word' id='word_1_103' title='bbox 412 1527 583 1582; x_wconf 88' lang='lat' dir='ltr'><strong>ducit.</strong></span> <span class='ocrx_word' id='word_1_104' title='bbox 616 1528 692 1583; x_wconf 90' lang='lat' dir='ltr'><strong>Ne</strong></span> <span class='ocrx_word' id='word_1_105' title='bbox 721 1529 840 1599; x_wconf 90' lang='lat' dir='ltr'><strong>quis</strong></span> <span class='ocrx_word' id='word_1_106' title='bbox 870 1529 1009 1583; x_wconf 91' lang='lat' dir='ltr'><strong>enim</strong></span> <span class='ocrx_word' id='word_1_107' title='bbox 1038 1528 1261 1592; x_wconf 85' lang='lat' dir='ltr'><strong>diceret,</strong></span> <span class='ocrx_word' id='word_1_108' title='bbox 1295 1528 1562 1583; x_wconf 90' lang='lat' dir='ltr'><strong>uudenam</strong></span> <span class='ocrx_word' id='word_1_109' title='bbox 1591 1528 1642 1583; x_wconf 89' lang='lat' dir='ltr'><strong>id</strong></span> <span class='ocrx_word' id='word_1_110' title='bbox 1674 1528 1884 1599; x_wconf 85' lang='lat' dir='ltr'><strong>liquet?</strong></span> <span class='ocrx_word' id='word_1_111' title='bbox 1908 1529 2006 1582; x_wconf 89' lang='lat' dir='ltr'><strong>ad-</strong></span> 
     </span>
    </p>
   </div>
   <div class='ocr_carea' id='block_1_15' title="bbox 410 1622 2010 1696">
    <p class='ocr_par' dir='ltr' id='par_1_15' title="bbox 410 1622 2010 1696">
     <span class='ocr_line' id='line_1_15' title="bbox 410 1622 2010 1696; baseline -0.001 -17"><span class='ocrx_word' id='word_1_112' title='bbox 410 1624 542 1694; x_wconf 66' lang='lat' dir='ltr'><strong>jerit</strong></span> <span class='ocrx_word' id='word_1_113' title='bbox 584 1643 597 1679; x_wconf 87' lang='lat'><strong>:</strong></span> <span class='ocrx_word' id='word_1_114' title='bbox 634 1625 937 1696; x_wconf 77' lang='lat' dir='ltr'><strong>Unigenitus</strong></span> <span class='ocrx_word' id='word_1_115' title='bbox 980 1626 1141 1693; x_wconf 79' lang='lat' dir='ltr'><strong>ﬁlius,</strong></span> <span class='ocrx_word' id='word_1_116' title='bbox 1184 1626 1270 1696; x_wconf 85' lang='lat' dir='ltr'><strong>qui</strong></span> <span class='ocrx_word' id='word_1_117' title='bbox 1305 1634 1378 1680; x_wconf 71' lang='lat' dir='ltr'><strong>est</strong></span> <span class='ocrx_word' id='word_1_118' title='bbox 1420 1626 1474 1679; x_wconf 90' lang='lat' dir='ltr'><strong>in</strong></span> <span class='ocrx_word' id='word_1_119' title='bbox 1510 1626 1627 1678; x_wconf 74' lang='lat' dir='ltr'><strong>sinu</strong></span> <span class='ocrx_word' id='word_1_120' title='bbox 1664 1622 1870 1691; x_wconf 80' lang='lat' dir='ltr'><strong>Patris,</strong></span> <span class='ocrx_word' id='word_1_121' title='bbox 1900 1625 2010 1695; x_wconf 77' lang='lat' dir='ltr'><strong>ipse</strong></span> 
     </span>
    </p>
   </div>
   <div class='ocr_carea' id='block_1_16' title="bbox 413 1714 2006 1788">
    <p class='ocr_par' dir='ltr' id='par_1_16' title="bbox 413 1714 2006 1788">
     <span class='ocr_line' id='line_1_16' title="bbox 413 1714 2006 1788; baseline 0 -19"><span class='ocrx_word' id='word_1_122' title='bbox 413 1717 641 1784; x_wconf 72' lang='lat' dir='ltr'><strong>exposuit</strong></span> <span class='ocrx_word' id='word_1_123' title='bbox 669 1714 845 1788; x_wconf 88' lang='lat' dir='ltr'><strong>(Joan.</strong></span> <span class='ocrx_word' id='word_1_124' title='bbox 872 1718 922 1771; x_wconf 79' lang='grc' dir='ltr'><strong>Ι.</strong></span> <span class='ocrx_word' id='word_1_125' title='bbox 948 1716 1063 1788; x_wconf 88' lang='lat' dir='ltr'><strong>l8),</strong></span> <span class='ocrx_word' id='word_1_126' title='bbox 1088 1731 1149 1770; x_wconf 91' lang='lat' dir='ltr'><strong>ac</strong></span> <span class='ocrx_word' id='word_1_127' title='bbox 1171 1716 1274 1771; x_wconf 84' lang='lat' dir='ltr'><strong>fide</strong></span> <span class='ocrx_word' id='word_1_128' title='bbox 1295 1715 1512 1786; x_wconf 89' lang='lat' dir='ltr'><strong>dignum</strong></span> <span class='ocrx_word' id='word_1_129' title='bbox 1533 1715 1796 1786; x_wconf 80' lang='lat' dir='ltr'><strong>dogmatis</strong></span> <span class='ocrx_word' id='word_1_130' title='bbox 1818 1724 2006 1770; x_wconf 87' lang='lat' dir='ltr'><strong>testem</strong></span> 
     </span>
    </p>
   </div>
   <div class='ocr_carea' id='block_1_17' title="bbox 413 1806 2010 1878">
    <p class='ocr_par' dir='ltr' id='par_1_17' title="bbox 413 1806 2010 1878">
     <span class='ocr_line' id='line_1_17' title="bbox 413 1806 2010 1878; baseline 0 -19"><span class='ocrx_word' id='word_1_131' title='bbox 413 1807 799 1878; x_wconf 84' lang='lat' dir='ltr'><strong>ductoremque</strong></span> <span class='ocrx_word' id='word_1_132' title='bbox 826 1806 1048 1865; x_wconf 85' lang='lat' dir='ltr'><strong>inducit.</strong></span> <span class='ocrx_word' id='word_1_133' title='bbox 1083 1808 1245 1878; x_wconf 82' lang='lat' dir='ltr'><strong>Atqui</strong></span> <span class='ocrx_word' id='word_1_134' title='bbox 1281 1808 1327 1862; x_wconf 87' lang='lat' dir='ltr'><strong>si</strong></span> <span class='ocrx_word' id='word_1_135' title='bbox 1358 1807 1588 1876; x_wconf 87' lang='lat' dir='ltr'><strong>idipsum</strong></span> <span class='ocrx_word' id='word_1_136' title='bbox 1619 1806 1760 1877; x_wconf 87' lang='lat' dir='ltr'><strong>quod</strong></span> <span class='ocrx_word' id='word_1_137' title='bbox 1800 1807 2010 1877; x_wconf 82' lang='lat' dir='ltr'><strong>Moyses</strong></span> 
     </span>
    </p>
   </div>
   <div class='ocr_carea' id='block_1_18' title="bbox 415 1898 2008 1972">
    <p class='ocr_par' dir='ltr' id='par_1_18' title="bbox 415 1898 2008 1972">
     <span class='ocr_line' id='line_1_18' title="bbox 415 1898 2008 1972; baseline -0.001 -17"><span class='ocrx_word' id='word_1_138' title='bbox 415 1899 503 1955; x_wconf 92' lang='lat' dir='ltr'><strong>hic</strong></span> <span class='ocrx_word' id='word_1_139' title='bbox 531 1900 832 1972; x_wconf 77' lang='lat' dir='ltr'><strong>signiﬁcare</strong></span> <span class='ocrx_word' id='word_1_140' title='bbox 860 1900 1041 1967; x_wconf 79' lang='lat' dir='ltr'><strong>vellet,</strong></span> <span class='ocrx_word' id='word_1_141' title='bbox 1066 1901 1263 1955; x_wconf 81' lang='lat' dir='ltr'><strong>frustra</strong></span> <span class='ocrx_word' id='word_1_142' title='bbox 1290 1899 1566 1970; x_wconf 83' lang='lat' dir='ltr'><strong>adjiceret,</strong></span> <span class='ocrx_word' id='word_1_143' title='bbox 1600 1898 1900 1971; x_wconf 74' lang='lat' dir='ltr'><strong>Unigenitus</strong></span> <span class='ocrx_word' id='word_1_144' title='bbox 1921 1916 2008 1953; x_wconf 44' lang='lat' dir='ltr'><strong>ex.</strong></span> 
     </span>
    </p>
   </div>
   <div class='ocr_carea' id='block_1_19' title="bbox 416 1989 2009 2060">
    <p class='ocr_par' dir='ltr' id='par_1_19' title="bbox 416 1989 2009 2060">
     <span class='ocr_line' id='line_1_19' title="bbox 416 1989 2009 2060; baseline 0 -18"><span class='ocrx_word' id='word_1_145' title='bbox 416 1991 606 2060; x_wconf 80' lang='lat' dir='ltr'><strong>posuit.</strong></span> <span class='ocrx_word' id='word_1_146' title='bbox 657 1989 764 2045; x_wconf 87' lang='lat' dir='ltr'><strong>Sed</strong></span> <span class='ocrx_word' id='word_1_147' title='bbox 810 1990 970 2045; x_wconf 87' lang='lat' dir='ltr'><strong>etiam</strong></span> <span class='ocrx_word' id='word_1_148' title='bbox 1019 1991 1164 2059; x_wconf 89' lang='lat' dir='ltr'><strong>prius</strong></span> <span class='ocrx_word' id='word_1_149' title='bbox 1212 2005 1372 2059; x_wconf 88' lang='lat' dir='ltr'><strong>quam</strong></span> <span class='ocrx_word' id='word_1_150' title='bbox 1419 1989 1653 2045; x_wconf 82' lang='lat' dir='ltr'><strong>Joannes</strong></span> <span class='ocrx_word' id='word_1_151' title='bbox 1698 1990 1812 2044; x_wconf 74' lang='lat' dir='ltr'><strong>hzcc</strong></span> <span class='ocrx_word' id='word_1_152' title='bbox 1858 1990 2009 2059; x_wconf 89' lang='lat' dir='ltr'><strong>quasi</strong></span> 
     </span>
    </p>
   </div>
   <div class='ocr_carea' id='block_1_20' title="bbox 415 2079 2013 2151">
    <p class='ocr_par' dir='ltr' id='par_1_20' title="bbox 415 2079 2013 2151">
     <span class='ocr_line' id='line_1_20' title="bbox 415 2079 2013 2151; baseline -0.002 -16"><span class='ocrx_word' id='word_1_153' title='bbox 415 2081 604 2136; x_wconf 89' lang='lat' dir='ltr'><strong>doctus</strong></span> <span class='ocrx_word' id='word_1_154' title='bbox 629 2079 696 2136; x_wconf 90' lang='lat' dir='ltr'><strong>ab</strong></span> <span class='ocrx_word' id='word_1_155' title='bbox 721 2081 995 2151; x_wconf 84' lang='lat' dir='ltr'><strong>uuigenito</strong></span> <span class='ocrx_word' id='word_1_156' title='bbox 1019 2079 1244 2148; x_wconf 90' lang='lat' dir='ltr'><strong>diceret,</strong></span> <span class='ocrx_word' id='word_1_157' title='bbox 1277 2080 1328 2136; x_wconf 91' lang='lat' dir='ltr'><strong>id</strong></span> <span class='ocrx_word' id='word_1_158' title='bbox 1360 2080 1513 2135; x_wconf 90' lang='lat' dir='ltr'><strong>nobis</strong></span> <span class='ocrx_word' id='word_1_159' title='bbox 1540 2080 1800 2149; x_wconf 83' lang='lat' dir='ltr'><strong>propheta</strong></span> <span class='ocrx_word' id='word_1_160' title='bbox 1830 2079 2013 2135; x_wconf 80' lang='lat' dir='ltr'><strong>decla-</strong></span> 
     </span>
    </p>
   </div>
   <div class='ocr_carea' id='block_1_21' title="bbox 417 2171 2012 2244">
    <p class='ocr_par' dir='ltr' id='par_1_21' title="bbox 417 2171 2012 2244">
     <span class='ocr_line' id='line_1_21' title="bbox 417 2171 2012 2244; baseline -0.003 -16"><span class='ocrx_word' id='word_1_161' title='bbox 417 2182 612 2238; x_wconf 87' lang='lat' dir='ltr'><strong>rasset,</strong></span> <span class='ocrx_word' id='word_1_162' title='bbox 658 2182 843 2243; x_wconf 84' lang='lat' dir='ltr'><strong>utpote</strong></span> <span class='ocrx_word' id='word_1_163' title='bbox 882 2173 970 2244; x_wconf 91' lang='lat' dir='ltr'><strong>qui</strong></span> <span class='ocrx_word' id='word_1_164' title='bbox 1016 2188 1045 2227; x_wconf 89' lang='lat' dir='ltr'><strong>a</strong></span> <span class='ocrx_word' id='word_1_165' title='bbox 1091 2173 1203 2227; x_wconf 88' lang='lat' dir='ltr'><strong>Deo</strong></span> <span class='ocrx_word' id='word_1_166' title='bbox 1244 2172 1560 2242; x_wconf 85' lang='lat' dir='ltr'><strong>accepisset.</strong></span> <span class='ocrx_word' id='word_1_167' title='bbox 1594 2171 1700 2227; x_wconf 88' lang='lat' dir='ltr'><strong>Sed</strong></span> <span class='ocrx_word' id='word_1_168' title='bbox 1729 2171 1851 2243; x_wconf 86' lang='lat' dir='ltr'><strong>quia</strong></span> <span class='ocrx_word' id='word_1_169' title='bbox 1894 2171 2012 2241; x_wconf 90' lang='lat' dir='ltr'><strong>plus</strong></span> 
     </span>
    </p>
   </div>
   <div class='ocr_carea' id='block_1_22' title="bbox 417 2250 2013 2335">
    <p class='ocr_par' dir='ltr' id='par_1_22' title="bbox 417 2250 2013 2335">
     <span class='ocr_line' id='line_1_22' title="bbox 417 2250 2013 2335; baseline 0 -18"><span class='ocrx_word' id='word_1_170' title='bbox 417 2250 618 2335; x_wconf 84' lang='lat' dir='ltr'><strong>aliquid</strong></span> <span class='ocrx_word' id='word_1_171' title='bbox 638 2306 654 2330; x_wconf 90' lang='lat'><strong>,</strong></span> <span class='ocrx_word' id='word_1_172' title='bbox 685 2279 845 2335; x_wconf 91' lang='lat' dir='ltr'><strong>quam</strong></span> <span class='ocrx_word' id='word_1_173' title='bbox 874 2272 1003 2320; x_wconf 90' lang='lat' dir='ltr'><strong>tunc</strong></span> <span class='ocrx_word' id='word_1_174' title='bbox 1031 2264 1226 2318; x_wconf 91' lang='lat' dir='ltr'><strong>dictum</strong></span> <span class='ocrx_word' id='word_1_175' title='bbox 1255 2261 1465 2327; x_wconf 83' lang='lat' dir='ltr'><strong>fuisset,</strong></span> <span class='ocrx_word' id='word_1_176' title='bbox 1497 2262 1654 2318; x_wconf 88' lang='lat' dir='ltr'><strong>nobis</strong></span> <span class='ocrx_word' id='word_1_177' title='bbox 1683 2262 2013 2318; x_wconf 89' lang='lat' dir='ltr'><strong>revelaturus</strong></span> 
     </span>
    </p>
   </div>
   <div class='ocr_carea' id='block_1_23' title="bbox 418 2354 2016 2433">
    <p class='ocr_par' dir='ltr' id='par_1_23' title="bbox 418 2354 2016 2433">
     <span class='ocr_line' id='line_1_23' title="bbox 418 2354 2016 2433; baseline -0.002 -23"><span class='ocrx_word' id='word_1_178' title='bbox 418 2366 553 2420; x_wconf 88' lang='lat' dir='ltr'><strong>erat,</strong></span> <span class='ocrx_word' id='word_1_179' title='bbox 588 2371 802 2426; x_wconf 87' lang='lat' dir='ltr'><strong>nempe,</strong></span> <span class='ocrx_word' id='word_1_180' title='bbox 837 2371 906 2411; x_wconf 91' lang='lat' dir='ltr'><strong>ne</strong></span> <span class='ocrx_word' id='word_1_181' title='bbox 935 2369 1193 2425; x_wconf 87' lang='lat' dir='ltr'><strong>supernas</strong></span> <span class='ocrx_word' id='word_1_182' title='bbox 1221 2354 1435 2433; x_wconf 87' lang='lat' dir='ltr'><strong>quidem</strong></span> <span class='ocrx_word' id='word_1_183' title='bbox 1464 2355 1690 2409; x_wconf 90' lang='lat' dir='ltr'><strong>virtutes</strong></span> <span class='ocrx_word' id='word_1_184' title='bbox 1727 2355 1899 2425; x_wconf 88' lang='lat' dir='ltr'><strong>ipsum</strong></span> <span class='ocrx_word' id='word_1_185' title='bbox 1935 2355 2016 2408; x_wconf 89' lang='lat' dir='ltr'><strong>vi-</strong></span> 
     </span>
    </p>
   </div>
   <div class='ocr_carea' id='block_1_24' title="bbox 419 2448 2012 2520">
    <p class='ocr_par' dir='ltr' id='par_1_24' title="bbox 419 2448 2012 2520">
     <span class='ocr_line' id='line_1_24' title="bbox 419 2448 2012 2520; baseline 0 -17"><span class='ocrx_word' id='word_1_186' title='bbox 419 2450 569 2515; x_wconf 90' lang='lat' dir='ltr'><strong>dere,</strong></span> <span class='ocrx_word' id='word_1_187' title='bbox 619 2448 740 2505; x_wconf 90' lang='lat' dir='ltr'><strong>ideo</strong></span> <span class='ocrx_word' id='word_1_188' title='bbox 787 2450 1117 2520; x_wconf 84' lang='lat' dir='ltr'><strong>unigenitum</strong></span> <span class='ocrx_word' id='word_1_189' title='bbox 1164 2448 1439 2505; x_wconf 87' lang='lat' dir='ltr'><strong>doctorem</strong></span> <span class='ocrx_word' id='word_1_190' title='bbox 1485 2449 1705 2505; x_wconf 88' lang='lat' dir='ltr'><strong>inducit.</strong></span> <span class='ocrx_word' id='word_1_191' title='bbox 1740 2450 2012 2505; x_wconf 87' lang='lat' dir='ltr'><strong>Visionem</strong></span> 
     </span>
    </p>
   </div>
   <div class='ocr_carea' id='block_1_25' title="bbox 418 2540 2013 2611">
    <p class='ocr_par' dir='ltr' id='par_1_25' title="bbox 418 2540 2013 2611">
     <span class='ocr_line' id='line_1_25' title="bbox 418 2540 2013 2611; baseline 0 -18"><span class='ocrx_word' id='word_1_192' title='bbox 418 2556 582 2611; x_wconf 85' lang='lat' dir='ltr'><strong>porro</strong></span> <span class='ocrx_word' id='word_1_193' title='bbox 623 2541 710 2596; x_wconf 89' lang='lat' dir='ltr'><strong>hic</strong></span> <span class='ocrx_word' id='word_1_194' title='bbox 752 2542 1113 2611; x_wconf 90' lang='lat' dir='ltr'><strong>cognitionem</strong></span> <span class='ocrx_word' id='word_1_195' title='bbox 1163 2556 1283 2596; x_wconf 88' lang='lat' dir='ltr'><strong>esse</strong></span> <span class='ocrx_word' id='word_1_196' title='bbox 1333 2541 1594 2611; x_wconf 90' lang='lat' dir='ltr'><strong>intellige.</strong></span> <span class='ocrx_word' id='word_1_197' title='bbox 1641 2540 1825 2611; x_wconf 89' lang='lat' dir='ltr'><strong>Neque</strong></span> <span class='ocrx_word' id='word_1_198' title='bbox 1871 2542 2013 2595; x_wconf 89' lang='lat' dir='ltr'><strong>enim</strong></span> 
     </span>
    </p>
   </div>
   <div class='ocr_carea' id='block_1_26' title="bbox 421 2630 2012 2702">
    <p class='ocr_par' dir='ltr' id='par_1_26' title="bbox 421 2630 2012 2702">
     <span class='ocr_line' id='line_1_26' title="bbox 421 2630 2012 2702; baseline 0.003 -20"><span class='ocrx_word' id='word_1_199' title='bbox 421 2632 655 2701; x_wconf 69' lang='lat' dir='ltr'><strong>pupillae,</strong></span> <span class='ocrx_word' id='word_1_200' title='bbox 679 2631 840 2696; x_wconf 93' lang='lat' dir='ltr'><strong>oculi,</strong></span> <span class='ocrx_word' id='word_1_201' title='bbox 864 2631 1130 2702; x_wconf 72' lang='lat' dir='ltr'><strong>palpebra:</strong></span> <span class='ocrx_word' id='word_1_202' title='bbox 1153 2630 1482 2702; x_wconf 86' lang='lat' dir='ltr'><strong>iucorporeis</strong></span> <span class='ocrx_word' id='word_1_203' title='bbox 1507 2631 1686 2685; x_wconf 89' lang='lat' dir='ltr'><strong>insunt</strong></span> <span class='ocrx_word' id='word_1_204' title='bbox 1704 2632 2012 2695; x_wconf 86' lang='lat' dir='ltr'><strong>virtutibus;</strong></span> 
     </span>
    </p>
   </div>
   <div class='ocr_carea' id='block_1_27' title="bbox 424 2719 2019 2792">
    <p class='ocr_par' dir='ltr' id='par_1_27' title="bbox 424 2719 2019 2792">
     <span class='ocr_line' id='line_1_27' title="bbox 424 2719 2019 2792; baseline 0.002 -18"><span class='ocrx_word' id='word_1_205' title='bbox 424 2719 519 2775; x_wconf 90' lang='lat' dir='ltr'><strong>sed</strong></span> <span class='ocrx_word' id='word_1_206' title='bbox 561 2721 703 2792; x_wconf 88' lang='lat' dir='ltr'><strong>quod</strong></span> <span class='ocrx_word' id='word_1_207' title='bbox 748 2722 904 2776; x_wconf 89' lang='lat' dir='ltr'><strong>nobis</strong></span> <span class='ocrx_word' id='word_1_208' title='bbox 939 2731 1022 2778; x_wconf 90' lang='lat' dir='ltr'><strong>est</strong></span> <span class='ocrx_word' id='word_1_209' title='bbox 1058 2722 1209 2788; x_wconf 86' lang='lat' dir='ltr'><strong>visio,</strong></span> <span class='ocrx_word' id='word_1_210' title='bbox 1255 2722 1386 2791; x_wconf 86' lang='lat' dir='ltr'><strong>ipsis</strong></span> <span class='ocrx_word' id='word_1_211' title='bbox 1426 2731 1509 2777; x_wconf 91' lang='lat' dir='ltr'><strong>est</strong></span> <span class='ocrx_word' id='word_1_212' title='bbox 1550 2723 1803 2792; x_wconf 89' lang='lat' dir='ltr'><strong>cognitio.</strong></span> <span class='ocrx_word' id='word_1_213' title='bbox 1838 2723 2019 2792; x_wconf 88' lang='lat' dir='ltr'><strong>Itaque</strong></span> 
     </span>
    </p>
   </div>
   <div class='ocr_carea' id='block_1_28' title="bbox 423 2813 2016 2885">
    <p class='ocr_par' dir='ltr' id='par_1_28' title="bbox 423 2813 2016 2885">
     <span class='ocr_line' id='line_1_28' title="bbox 423 2813 2016 2885; baseline 0 -17"><span class='ocrx_word' id='word_1_214' title='bbox 423 2828 544 2868; x_wconf 90' lang='lat' dir='ltr'><strong>eum</strong></span> <span class='ocrx_word' id='word_1_215' title='bbox 585 2813 773 2881; x_wconf 88' lang='lat' dir='ltr'><strong>audis,</strong></span> <span class='ocrx_word' id='word_1_216' title='bbox 820 2813 980 2867; x_wconf 85' lang='lat' dir='ltr'><strong>Deum</strong></span> <span class='ocrx_word' id='word_1_217' title='bbox 1022 2829 1167 2867; x_wconf 85' lang='lat' dir='ltr'><strong>nemo</strong></span> <span class='ocrx_word' id='word_1_218' title='bbox 1205 2814 1329 2867; x_wconf 80' lang='lat' dir='ltr'><strong>vidit</strong></span> <span class='ocrx_word' id='word_1_219' title='bbox 1361 2830 1622 2883; x_wconf 88' lang='lat' dir='ltr'><strong>umquam,</strong></span> <span class='ocrx_word' id='word_1_220' title='bbox 1666 2814 1717 2868; x_wconf 91' lang='lat' dir='ltr'><strong>id</strong></span> <span class='ocrx_word' id='word_1_221' title='bbox 1759 2814 2016 2885; x_wconf 84' lang='lat' dir='ltr'><strong>intellige,</strong></span> 
     </span>
    </p>
   </div>
   <div class='ocr_carea' id='block_1_29' title="bbox 424 2904 2019 2975">
    <p class='ocr_par' dir='ltr' id='par_1_29' title="bbox 424 2904 2019 2975">
     <span class='ocr_line' id='line_1_29' title="bbox 424 2904 2019 2975; baseline -0.001 -15"><span class='ocrx_word' id='word_1_222' title='bbox 424 2905 626 2960; x_wconf 91' lang='lat' dir='ltr'><strong>nullum</strong></span> <span class='ocrx_word' id='word_1_223' title='bbox 668 2919 787 2960; x_wconf 87' lang='lat' dir='ltr'><strong>esse</strong></span> <span class='ocrx_word' id='word_1_224' title='bbox 814 2904 905 2974; x_wconf 86' lang='lat' dir='ltr'><strong>qui</strong></span> <span class='ocrx_word' id='word_1_225' title='bbox 937 2904 1104 2960; x_wconf 90' lang='lat' dir='ltr'><strong>Deum</strong></span> <span class='ocrx_word' id='word_1_226' title='bbox 1140 2905 1561 2962; x_wconf 82' lang='lat' dir='ltr'><strong>substantialitcr</strong></span> <span class='ocrx_word' id='word_1_227' title='bbox 1590 2906 1607 2937; x_wconf 83' lang='grc'>¹</span> <span class='ocrx_word' id='word_1_228' title='bbox 1635 2906 1857 2960; x_wconf 90' lang='lat' dir='ltr'><strong>omnino</strong></span> <span class='ocrx_word' id='word_1_229' title='bbox 1895 2920 2019 2975; x_wconf 76' lang='lat' dir='ltr'><strong>per—</strong></span> 
     </span>
    </p>
   </div>
   <div class='ocr_carea' id='block_1_30' title="bbox 424 2995 2021 3067">
    <p class='ocr_par' dir='ltr' id='par_1_30' title="bbox 424 2995 2021 3067">
     <span class='ocr_line' id='line_1_30' title="bbox 424 2995 2021 3067; baseline 0.001 -15"><span class='ocrx_word' id='word_1_230' title='bbox 424 2996 563 3052; x_wconf 90' lang='lat' dir='ltr'><strong>fecte</strong></span> <span class='ocrx_word' id='word_1_231' title='bbox 588 3004 897 3067; x_wconf 81' lang='lat' dir='ltr'><strong>cognoscat.</strong></span> <span class='ocrx_word' id='word_1_232' title='bbox 926 2997 1002 3051; x_wconf 83' lang='lat' dir='ltr'><strong>Ac</strong></span> <span class='ocrx_word' id='word_1_233' title='bbox 1028 2996 1094 3051; x_wconf 91' lang='lat' dir='ltr'><strong>de</strong></span> <span class='ocrx_word' id='word_1_234' title='bbox 1116 2995 1400 3066; x_wconf 90' lang='lat' dir='ltr'><strong>Seraphim</strong></span> <span class='ocrx_word' id='word_1_235' title='bbox 1428 3011 1547 3051; x_wconf 92' lang='lat' dir='ltr'><strong>cum</strong></span> <span class='ocrx_word' id='word_1_236' title='bbox 1577 2997 1729 3051; x_wconf 86' lang='lat' dir='ltr'><strong>audis</strong></span> <span class='ocrx_word' id='word_1_237' title='bbox 1749 3012 1813 3052; x_wconf 89' lang='lat' dir='ltr'><strong>ea</strong></span> <span class='ocrx_word' id='word_1_238' title='bbox 1833 2997 2021 3052; x_wconf 90' lang='lat' dir='ltr'><strong>oculos</strong></span> 
     </span>
    </p>
   </div>
   <div class='ocr_carea' id='block_1_31' title="bbox 424 3088 2020 3159">
    <p class='ocr_par' dir='ltr' id='par_1_31' title="bbox 424 3088 2020 3159">
     <span class='ocr_line' id='line_1_31' title="bbox 424 3088 2020 3159; baseline 0 -17"><span class='ocrx_word' id='word_1_239' title='bbox 424 3090 701 3154; x_wconf 75' lang='lat' dir='ltr'><strong>avertisse,</strong></span> <span class='ocrx_word' id='word_1_240' title='bbox 734 3097 789 3143; x_wconf 89' lang='lat' dir='ltr'><strong>et</strong></span> <span class='ocrx_word' id='word_1_241' title='bbox 816 3088 1021 3143; x_wconf 90' lang='lat' dir='ltr'><strong>vultum</strong></span> <span class='ocrx_word' id='word_1_242' title='bbox 1062 3088 1364 3155; x_wconf 80' lang='lat' dir='ltr'><strong>obtexisse,</strong></span> <span class='ocrx_word' id='word_1_243' title='bbox 1401 3088 1577 3159; x_wconf 89' lang='lat' dir='ltr'><strong>deque</strong></span> <span class='ocrx_word' id='word_1_244' title='bbox 1606 3088 1922 3155; x_wconf 88' lang='lat' dir='ltr'><strong>Cheruhim,</strong></span> <span class='ocrx_word' id='word_1_245' title='bbox 1954 3103 2020 3143; x_wconf 89' lang='lat' dir='ltr'><strong>ea</strong></span> 
     </span>
    </p>
   </div>
   <div class='ocr_carea' id='block_1_32' title="bbox 425 3180 2023 3253">
    <p class='ocr_par' dir='ltr' id='par_1_32' title="bbox 425 3180 2023 3253">
     <span class='ocr_line' id='line_1_32' title="bbox 425 3180 2023 3253; baseline 0.001 -18"><span class='ocrx_word' id='word_1_246' title='bbox 425 3182 567 3241; x_wconf 84' lang='lat' dir='ltr'><strong>idem</strong></span> <span class='ocrx_word' id='word_1_247' title='bbox 595 3182 766 3253; x_wconf 90' lang='lat' dir='ltr'><strong>ipsum</strong></span> <span class='ocrx_word' id='word_1_248' title='bbox 794 3180 1002 3247; x_wconf 80' lang='lat' dir='ltr'><strong>fecisse,</strong></span> <span class='ocrx_word' id='word_1_249' title='bbox 1028 3196 1096 3238; x_wconf 87' lang='lat' dir='ltr'><strong>ue</strong></span> <span class='ocrx_word' id='word_1_250' title='bbox 1121 3183 1306 3238; x_wconf 79' lang='lat' dir='ltr'><strong>oculos</strong></span> <span class='ocrx_word' id='word_1_251' title='bbox 1332 3181 1415 3237; x_wconf 85' lang='lat' dir='ltr'><strong>vel</strong></span> <span class='ocrx_word' id='word_1_252' title='bbox 1445 3182 1668 3253; x_wconf 90' lang='lat' dir='ltr'><strong>pupillas</strong></span> <span class='ocrx_word' id='word_1_253' title='bbox 1689 3182 1801 3253; x_wconf 88' lang='lat' dir='ltr'><strong>ipsa</strong></span> <span class='ocrx_word' id='word_1_254' title='bbox 1825 3181 2023 3237; x_wconf 89' lang='lat' dir='ltr'><strong>habere</strong></span> 
     </span>
    </p>
   </div>
   <div class='ocr_carea' id='block_1_33' title="bbox 429 3271 2022 3342">
    <p class='ocr_par' dir='ltr' id='par_1_33' title="bbox 429 3271 2022 3342">
     <span class='ocr_line' id='line_1_33' title="bbox 429 3271 2022 3342; baseline 0.003 -18"><span class='ocrx_word' id='word_1_255' title='bbox 429 3285 603 3341; x_wconf 83' lang='lat' dir='ltr'><strong>putes,</strong></span> <span class='ocrx_word' id='word_1_256' title='bbox 635 3274 877 3342; x_wconf 86' lang='lat' dir='ltr'><strong>corporis</strong></span> <span class='ocrx_word' id='word_1_257' title='bbox 912 3274 1056 3327; x_wconf 89' lang='lat' dir='ltr'><strong>enim</strong></span> <span class='ocrx_word' id='word_1_258' title='bbox 1083 3281 1168 3328; x_wconf 91' lang='lat' dir='ltr'><strong>est</strong></span> <span class='ocrx_word' id='word_1_259' title='bbox 1193 3272 1499 3342; x_wconf 90' lang='lat' dir='ltr'><strong>hujusmodi</strong></span> <span class='ocrx_word' id='word_1_260' title='bbox 1531 3271 1723 3338; x_wconf 87' lang='lat' dir='ltr'><strong>forma,</strong></span> <span class='ocrx_word' id='word_1_261' title='bbox 1754 3272 1848 3328; x_wconf 91' lang='lat' dir='ltr'><strong>sed</strong></span> <span class='ocrx_word' id='word_1_262' title='bbox 1880 3272 1965 3328; x_wconf 91' lang='lat' dir='ltr'><strong>his</strong></span> <span class='ocrx_word' id='word_1_263' title='bbox 1992 3288 2022 3328; x_wconf 89' lang='lat' dir='ltr'><strong>a</strong></span> 
     </span>
    </p>
   </div>
   <div class='ocr_carea' id='block_1_34' title="bbox 428 3362 2025 3435">
    <p class='ocr_par' dir='ltr' id='par_1_34' title="bbox 428 3362 2025 3435">
     <span class='ocr_line' id='line_1_34' title="bbox 428 3362 2025 3435; baseline 0.001 -17"><span class='ocrx_word' id='word_1_264' title='bbox 428 3363 689 3435; x_wconf 82' lang='lat' dir='ltr'><strong>propheta</strong></span> <span class='ocrx_word' id='word_1_265' title='bbox 733 3363 1092 3432; x_wconf 85' lang='lat' dir='ltr'><strong>cognitionem</strong></span> <span class='ocrx_word' id='word_1_266' title='bbox 1136 3363 1425 3433; x_wconf 83' lang='lat' dir='ltr'><strong>significari</strong></span> <span class='ocrx_word' id='word_1_267' title='bbox 1465 3362 1647 3418; x_wconf 89' lang='lat' dir='ltr'><strong>crede.</strong></span> <span class='ocrx_word' id='word_1_268' title='bbox 1676 3363 1810 3417; x_wconf 91' lang='lat' dir='ltr'><strong>Cum</strong></span> <span class='ocrx_word' id='word_1_269' title='bbox 1844 3363 2025 3433; x_wconf 84' lang='lat' dir='ltr'><strong>itaque</strong></span> 
     </span>
    </p>
   </div>
   <div class='ocr_carea' id='block_1_35' title="bbox 429 3452 2023 3523">
    <p class='ocr_par' dir='ltr' id='par_1_35' title="bbox 429 3452 2023 3523">
     <span class='ocr_line' id='line_1_35' title="bbox 429 3452 2023 3523; baseline 0.001 -17"><span class='ocrx_word' id='word_1_270' title='bbox 429 3452 688 3523; x_wconf 87' lang='lat' dir='ltr'><strong>propheta</strong></span> <span class='ocrx_word' id='word_1_271' title='bbox 717 3452 868 3518; x_wconf 86' lang='lat' dir='ltr'><strong>dicit,</strong></span> <span class='ocrx_word' id='word_1_272' title='bbox 901 3453 1018 3507; x_wconf 89' lang='lat' dir='ltr'><strong>illas</strong></span> <span class='ocrx_word' id='word_1_273' title='bbox 1057 3452 1284 3508; x_wconf 89' lang='lat' dir='ltr'><strong>virtutes</strong></span> <span class='ocrx_word' id='word_1_274' title='bbox 1315 3453 1485 3507; x_wconf 88' lang='lat' dir='ltr'><strong>Deum</strong></span> <span class='ocrx_word' id='word_1_275' title='bbox 1520 3454 1761 3523; x_wconf 85' lang='lat' dir='ltr'><strong>quamvis</strong></span> <span class='ocrx_word' id='word_1_276' title='bbox 1794 3469 1912 3508; x_wconf 90' lang='lat' dir='ltr'><strong>sese</strong></span> <span class='ocrx_word' id='word_1_277' title='bbox 1941 3462 2023 3508; x_wconf 89' lang='lat' dir='ltr'><strong>at-</strong></span> 
     </span>
    </p>
   </div>
   <div class='ocr_carea' id='block_1_36' title="bbox 432 3543 2020 3618">
    <p class='ocr_par' dir='ltr' id='par_1_36' title="bbox 432 3543 2020 3618">
     <span class='ocr_line' id='line_1_36' title="bbox 432 3543 2020 3618; baseline 0.001 -19"><span class='ocrx_word' id='word_1_278' title='bbox 432 3553 818 3616; x_wconf 88' lang='lat' dir='ltr'><strong>temperautem</strong></span> <span class='ocrx_word' id='word_1_279' title='bbox 838 3559 943 3598; x_wconf 91' lang='lat' dir='ltr'><strong>non</strong></span> <span class='ocrx_word' id='word_1_280' title='bbox 972 3543 1113 3599; x_wconf 87' lang='lat' dir='ltr'><strong>ferre</strong></span> <span class='ocrx_word' id='word_1_281' title='bbox 1138 3546 1396 3614; x_wconf 89' lang='lat' dir='ltr'><strong>potuisse,</strong></span> <span class='ocrx_word' id='word_1_282' title='bbox 1421 3546 1553 3600; x_wconf 91' lang='lat' dir='ltr'><strong>nihil</strong></span> <span class='ocrx_word' id='word_1_283' title='bbox 1577 3546 1719 3601; x_wconf 90' lang='lat' dir='ltr'><strong>aliud</strong></span> <span class='ocrx_word' id='word_1_284' title='bbox 1736 3547 2020 3618; x_wconf 71' lang='lat' dir='ltr'><strong>significat,</strong></span> 
     </span>
    </p>
   </div>
   <div class='ocr_carea' id='block_1_37' title="bbox 431 3634 2025 3708">
    <p class='ocr_par' dir='ltr' id='par_1_37' title="bbox 431 3634 2025 3708">
     <span class='ocr_line' id='line_1_37' title="bbox 431 3634 2025 3708; baseline 0.004 -20"><span class='ocrx_word' id='word_1_285' title='bbox 431 3650 589 3706; x_wconf 89' lang='lat' dir='ltr'><strong>quam</strong></span> <span class='ocrx_word' id='word_1_286' title='bbox 616 3634 732 3705; x_wconf 85' lang='lat' dir='ltr'><strong>ejus</strong></span> <span class='ocrx_word' id='word_1_287' title='bbox 756 3634 1114 3704; x_wconf 89' lang='lat' dir='ltr'><strong>cognitionem</strong></span> <span class='ocrx_word' id='word_1_288' title='bbox 1138 3634 1338 3690; x_wconf 88' lang='lat' dir='ltr'><strong>claram</strong></span> <span class='ocrx_word' id='word_1_289' title='bbox 1362 3646 1416 3691; x_wconf 92' lang='lat' dir='ltr'><strong>et</strong></span> <span class='ocrx_word' id='word_1_290' title='bbox 1441 3646 1762 3703; x_wconf 88' lang='lat' dir='ltr'><strong>accuratam,</strong></span> <span class='ocrx_word' id='word_1_291' title='bbox 1790 3654 2025 3708; x_wconf 89' lang='lat' dir='ltr'><strong>compre-</strong></span> 
     </span>
    </p>
   </div>
   <div class='ocr_carea' id='block_1_38' title="bbox 434 3728 2025 3801">
    <p class='ocr_par' dir='ltr' id='par_1_38' title="bbox 434 3728 2025 3801">
     <span class='ocr_line' id='line_1_38' title="bbox 434 3728 2025 3801; baseline 0.004 -21"><span class='ocrx_word' id='word_1_292' title='bbox 434 3728 860 3798; x_wconf 78' lang='lat' dir='ltr'><strong>hensionemque</strong></span> <span class='ocrx_word' id='word_1_293' title='bbox 889 3728 1028 3782; x_wconf 88' lang='lat' dir='ltr'><strong>ferre</strong></span> <span class='ocrx_word' id='word_1_294' title='bbox 1058 3744 1163 3782; x_wconf 91' lang='lat' dir='ltr'><strong>non</strong></span> <span class='ocrx_word' id='word_1_295' title='bbox 1197 3743 1375 3796; x_wconf 88' lang='lat' dir='ltr'><strong>posse,</strong></span> <span class='ocrx_word' id='word_1_296' title='bbox 1410 3744 1585 3799; x_wconf 85' lang='lat' dir='ltr'><strong>neque</strong></span> <span class='ocrx_word' id='word_1_297' title='bbox 1614 3730 1811 3787; x_wconf 86' lang='lat' dir='ltr'><strong>audere</strong></span> <span class='ocrx_word' id='word_1_298' title='bbox 1837 3748 2025 3801; x_wconf 88' lang='lat' dir='ltr'><strong>puram</strong></span> 
     </span>
    </p>
   </div>
   <div class='ocr_carea' id='block_1_39' title="bbox 434 3819 2025 3895">
    <p class='ocr_par' dir='ltr' id='par_1_39' title="bbox 434 3819 2025 3895">
     <span class='ocr_line' id='line_1_39' title="bbox 434 3819 2025 3895; baseline 0.004 -21"><span class='ocrx_word' id='word_1_299' title='bbox 434 3820 580 3876; x_wconf 90' lang='lat' dir='ltr'><strong>illam</strong></span> <span class='ocrx_word' id='word_1_300' title='bbox 621 3819 1018 3892; x_wconf 87' lang='lat' dir='ltr'><strong>perfectamque</strong></span> <span class='ocrx_word' id='word_1_301' title='bbox 1056 3820 1407 3875; x_wconf 85' lang='lat' dir='ltr'><strong>substantiam</strong></span> <span class='ocrx_word' id='word_1_302' title='bbox 1455 3821 1670 3890; x_wconf 91' lang='lat' dir='ltr'><strong>intueri,</strong></span> <span class='ocrx_word' id='word_1_303' title='bbox 1702 3839 1771 3879; x_wconf 90' lang='lat' dir='ltr'><strong>ne</strong></span> <span class='ocrx_word' id='word_1_304' title='bbox 1810 3824 2025 3895; x_wconf 85' lang='lat' dir='ltr'><strong>quidem</strong></span> 
     </span>
    </p>
   </div>
   <div class='ocr_carea' id='block_1_40' title="bbox 436 3912 2026 3986">
    <p class='ocr_par' dir='ltr' id='par_1_40' title="bbox 436 3912 2026 3986">
     <span class='ocr_line' id='line_1_40' title="bbox 436 3912 2026 3986; baseline 0.003 -17"><span class='ocrx_word' id='word_1_305' title='bbox 436 3928 559 3969; x_wconf 91' lang='lat' dir='ltr'><strong>cum</strong></span> <span class='ocrx_word' id='word_1_306' title='bbox 598 3929 718 3970; x_wconf 88' lang='lat' dir='ltr'><strong>sese</strong></span> <span class='ocrx_word' id='word_1_307' title='bbox 746 3922 1087 3985; x_wconf 85' lang='lat' dir='ltr'><strong>attemperat.</strong></span> <span class='ocrx_word' id='word_1_308' title='bbox 1118 3912 1260 3968; x_wconf 89' lang='lat' dir='ltr'><strong>Nihil</strong></span> <span class='ocrx_word' id='word_1_309' title='bbox 1296 3922 1474 3969; x_wconf 91' lang='lat' dir='ltr'><strong>autem</strong></span> <span class='ocrx_word' id='word_1_310' title='bbox 1512 3915 1656 3971; x_wconf 90' lang='lat' dir='ltr'><strong>aliud</strong></span> <span class='ocrx_word' id='word_1_311' title='bbox 1699 3925 1784 3973; x_wconf 87' lang='lat' dir='ltr'><strong>est</strong></span> <span class='ocrx_word' id='word_1_312' title='bbox 1810 3918 2026 3986; x_wconf 88' lang='lat' dir='ltr'><strong>intueri,</strong></span> 
     </span>
    </p>
   </div>
   <div class='ocr_carea' id='block_1_41' title="bbox 437 4004 2027 4079">
    <p class='ocr_par' dir='ltr' id='par_1_41' title="bbox 437 4004 2027 4079">
     <span class='ocr_line' id='line_1_41' title="bbox 437 4004 2027 4079; baseline 0.001 -18"><span class='ocrx_word' id='word_1_313' title='bbox 437 4021 598 4076; x_wconf 86' lang='lat' dir='ltr'><strong>quam</strong></span> <span class='ocrx_word' id='word_1_314' title='bbox 626 4020 972 4077; x_wconf 81' lang='lat' dir='ltr'><strong>cognoscere.</strong></span> <span class='ocrx_word' id='word_1_315' title='bbox 1003 4004 1359 4071; x_wconf 86' lang='lat' dir='ltr'><strong>Quamobrem</strong></span> <span class='ocrx_word' id='word_1_316' title='bbox 1391 4006 1753 4076; x_wconf 85' lang='lat' dir='ltr'><strong>Evangelista,</strong></span> <span class='ocrx_word' id='word_1_317' title='bbox 1778 4023 2027 4079; x_wconf 84' lang='lat' dir='ltr'><strong>comper-</strong></span> 
     </span>
    </p>
   </div>
   <div class='ocr_carea' id='block_1_42' title="bbox 439 4099 2027 4168">
    <p class='ocr_par' dir='ltr' id='par_1_42' title="bbox 439 4099 2027 4168">
     <span class='ocr_line' id='line_1_42' title="bbox 439 4099 2027 4168; baseline 0.002 -14"><span class='ocrx_word' id='word_1_318' title='bbox 439 4109 555 4156; x_wconf 88' lang='lat' dir='ltr'><strong>tum</strong></span> <span class='ocrx_word' id='word_1_319' title='bbox 598 4099 802 4156; x_wconf 89' lang='lat' dir='ltr'><strong>habens</strong></span> <span class='ocrx_word' id='word_1_320' title='bbox 838 4099 1090 4155; x_wconf 78' lang='lat' dir='ltr'><strong>humana:</strong></span> <span class='ocrx_word' id='word_1_321' title='bbox 1138 4115 1245 4155; x_wconf 90' lang='lat' dir='ltr'><strong>non</strong></span> <span class='ocrx_word' id='word_1_322' title='bbox 1285 4115 1406 4155; x_wconf 91' lang='lat' dir='ltr'><strong>esse</strong></span> <span class='ocrx_word' id='word_1_323' title='bbox 1452 4108 1658 4155; x_wconf 67' lang='lat' dir='ltr'><strong>natura:</strong></span> <span class='ocrx_word' id='word_1_324' title='bbox 1703 4102 1826 4156; x_wconf 89' lang='lat' dir='ltr'><strong>talia</strong></span> <span class='ocrx_word' id='word_1_325' title='bbox 1866 4102 2027 4168; x_wconf 88' lang='lat' dir='ltr'><strong>seire,</strong></span> 
     </span>
    </p>
   </div>
   <div class='ocr_carea' id='block_1_43' title="bbox 442 4192 2031 4264">
    <p class='ocr_par' dir='ltr' id='par_1_43' title="bbox 442 4192 2031 4264">
     <span class='ocr_line' id='line_1_43' title="bbox 442 4192 2031 4264; baseline 0.003 -18"><span class='ocrx_word' id='word_1_326' title='bbox 442 4207 615 4264; x_wconf 88' lang='lat' dir='ltr'><strong>neque</strong></span> <span class='ocrx_word' id='word_1_327' title='bbox 637 4192 882 4261; x_wconf 89' lang='lat' dir='ltr'><strong>supernis</strong></span> <span class='ocrx_word' id='word_1_328' title='bbox 905 4192 1033 4263; x_wconf 88' lang='lat' dir='ltr'><strong>ipsis</strong></span> <span class='ocrx_word' id='word_1_329' title='bbox 1057 4192 1341 4248; x_wconf 91' lang='lat' dir='ltr'><strong>virtutibus</strong></span> <span class='ocrx_word' id='word_1_330' title='bbox 1357 4193 1894 4264; x_wconf 90' lang='lat' dir='ltr'><strong>comprehensibilem</strong></span> <span class='ocrx_word' id='word_1_331' title='bbox 1912 4210 2031 4251; x_wconf 89' lang='lat' dir='ltr'><strong>esse</strong></span> 
     </span>
    </p>
   </div>
   <div class='ocr_carea' id='block_1_44' title="bbox 444 4284 2032 4357">
    <p class='ocr_par' dir='ltr' id='par_1_44' title="bbox 444 4284 2032 4357">
     <span class='ocr_line' id='line_1_44' title="bbox 444 4284 2032 4357; baseline 0.003 -17"><span class='ocrx_word' id='word_1_332' title='bbox 444 4286 633 4349; x_wconf 84' lang='lat' dir='ltr'><strong>Deum,</strong></span> <span class='ocrx_word' id='word_1_333' title='bbox 662 4301 782 4339; x_wconf 90' lang='lat' dir='ltr'><strong>eum</strong></span> <span class='ocrx_word' id='word_1_334' title='bbox 816 4285 1011 4357; x_wconf 78' lang='lat' dir='ltr'><strong>ipsum,</strong></span> <span class='ocrx_word' id='word_1_335' title='bbox 1040 4285 1130 4354; x_wconf 90' lang='lat' dir='ltr'><strong>qui</strong></span> <span class='ocrx_word' id='word_1_336' title='bbox 1157 4285 1209 4339; x_wconf 94' lang='lat' dir='ltr'><strong>iu</strong></span> <span class='ocrx_word' id='word_1_337' title='bbox 1241 4284 1461 4340; x_wconf 79' lang='lat' dir='ltr'><strong>dextera</strong></span> <span class='ocrx_word' id='word_1_338' title='bbox 1491 4285 1603 4355; x_wconf 91' lang='lat' dir='ltr'><strong>ejus</strong></span> <span class='ocrx_word' id='word_1_339' title='bbox 1632 4286 1806 4351; x_wconf 79' lang='lat' dir='ltr'><strong>sedet.</strong></span> <span class='ocrx_word' id='word_1_340' title='bbox 1832 4297 1884 4343; x_wconf 87' lang='lat' dir='ltr'><strong>et</strong></span> <span class='ocrx_word' id='word_1_341' title='bbox 1915 4288 2032 4344; x_wconf 80' lang='lat' dir='ltr'><strong>haec</strong></span> 
     </span>
    </p>
   </div>
   <div class='ocr_carea' id='block_1_45' title="bbox 444 4375 2030 4448">
    <p class='ocr_par' dir='ltr' id='par_1_45' title="bbox 444 4375 2030 4448">
     <span class='ocr_line' id='line_1_45' title="bbox 444 4375 2030 4448; baseline 0.001 -16"><span class='ocrx_word' id='word_1_342' title='bbox 444 4375 679 4444; x_wconf 79' lang='lat' dir='ltr'><strong>perfecte</strong></span> <span class='ocrx_word' id='word_1_343' title='bbox 711 4377 877 4441; x_wconf 89' lang='lat' dir='ltr'><strong>novit,</strong></span> <span class='ocrx_word' id='word_1_344' title='bbox 912 4376 1069 4448; x_wconf 89' lang='lat' dir='ltr'><strong>hujus</strong></span> <span class='ocrx_word' id='word_1_345' title='bbox 1097 4377 1352 4433; x_wconf 73' lang='lat' dir='ltr'><strong>doctriure</strong></span> <span class='ocrx_word' id='word_1_346' title='bbox 1382 4389 1766 4448; x_wconf 66' lang='lat' dir='ltr'><strong>praeceptorem</strong></span> <span class='ocrx_word' id='word_1_347' title='bbox 1808 4381 2030 4436; x_wconf 85' lang='lat' dir='ltr'><strong>inducit.</strong></span> 
     </span>
    </p>
   </div>
   <div class='ocr_carea' id='block_1_46' title="bbox 444 4466 2029 4543">
    <p class='ocr_par' dir='ltr' id='par_1_46' title="bbox 444 4466 2029 4543">
     <span class='ocr_line' id='line_1_46' title="bbox 444 4466 2029 4543; baseline 0.004 -23"><span class='ocrx_word' id='word_1_348' title='bbox 444 4466 626 4537; x_wconf 80' lang='lat' dir='ltr'><strong>Neque</strong></span> <span class='ocrx_word' id='word_1_349' title='bbox 654 4467 967 4536; x_wconf 85' lang='lat' dir='ltr'><strong>simpliciter</strong></span> <span class='ocrx_word' id='word_1_350' title='bbox 994 4468 1146 4533; x_wconf 78' lang='lat' dir='ltr'><strong>dixit,</strong></span> <span class='ocrx_word' id='word_1_351' title='bbox 1179 4468 1367 4536; x_wconf 86' lang='lat' dir='ltr'><strong>Filius,</strong></span> <span class='ocrx_word' id='word_1_352' title='bbox 1395 4472 1640 4539; x_wconf 90' lang='lat' dir='ltr'><strong>quamvis</strong></span> <span class='ocrx_word' id='word_1_353' title='bbox 1663 4471 1709 4526; x_wconf 89' lang='lat' dir='ltr'><strong>si</strong></span> <span class='ocrx_word' id='word_1_354' title='bbox 1737 4473 1808 4526; x_wconf 85' lang='lat' dir='ltr'><strong>ita</strong></span> <span class='ocrx_word' id='word_1_355' title='bbox 1834 4473 2029 4543; x_wconf 87' lang='lat' dir='ltr'><strong>loquu-</strong></span> 
     </span>
    </p>
   </div>
   <div class='ocr_carea' id='block_1_47' title="bbox 447 4557 2032 4630">
    <p class='ocr_par' dir='ltr' id='par_1_47' title="bbox 447 4557 2032 4630">
     <span class='ocr_line' id='line_1_47' title="bbox 447 4557 2032 4630; baseline 0.006 -20"><span class='ocrx_word' id='word_1_356' title='bbox 447 4566 531 4611; x_wconf 89' lang='lat' dir='ltr'><strong>tus</strong></span> <span class='ocrx_word' id='word_1_357' title='bbox 557 4568 720 4623; x_wconf 82' lang='lat' dir='ltr'><strong>esset,</strong></span> <span class='ocrx_word' id='word_1_358' title='bbox 751 4558 881 4611; x_wconf 86' lang='lat' dir='ltr'><strong>satis</strong></span> <span class='ocrx_word' id='word_1_359' title='bbox 913 4557 963 4612; x_wconf 89' lang='lat' dir='ltr'><strong>id</strong></span> <span class='ocrx_word' id='word_1_360' title='bbox 998 4557 1184 4614; x_wconf 91' lang='lat' dir='ltr'><strong>fuisset</strong></span> <span class='ocrx_word' id='word_1_361' title='bbox 1210 4559 1274 4613; x_wconf 91' lang='lat' dir='ltr'><strong>ad</strong></span> <span class='ocrx_word' id='word_1_362' title='bbox 1316 4575 1411 4615; x_wconf 88' lang='lat' dir='ltr'><strong>ora</strong></span> <span class='ocrx_word' id='word_1_363' title='bbox 1440 4560 1830 4630; x_wconf 89' lang='lat' dir='ltr'><strong>impudentium</strong></span> <span class='ocrx_word' id='word_1_364' title='bbox 1857 4563 2032 4619; x_wconf 88' lang='lat' dir='ltr'><strong>homi-</strong></span> 
     </span>
    </p>
   </div>
   <div class='ocr_carea' id='block_1_48' title="bbox 450 4646 2033 4720">
    <p class='ocr_par' dir='ltr' id='par_1_48' title="bbox 450 4646 2033 4720">
     <span class='ocr_line' id='line_1_48' title="bbox 450 4646 2033 4720; baseline 0.008 -21"><span class='ocrx_word' id='word_1_365' title='bbox 450 4662 576 4699; x_wconf 86' lang='lat' dir='ltr'><strong>num</strong></span> <span class='ocrx_word' id='word_1_366' title='bbox 620 4646 935 4702; x_wconf 88' lang='lat' dir='ltr'><strong>obturauda.</strong></span> <span class='ocrx_word' id='word_1_367' title='bbox 968 4648 1117 4703; x_wconf 89' lang='lat' dir='ltr'><strong>Sicut</strong></span> <span class='ocrx_word' id='word_1_368' title='bbox 1156 4649 1299 4704; x_wconf 90' lang='lat' dir='ltr'><strong>enim</strong></span> <span class='ocrx_word' id='word_1_369' title='bbox 1341 4650 1492 4706; x_wconf 87' lang='lat' dir='ltr'><strong>multi</strong></span> <span class='ocrx_word' id='word_1_370' title='bbox 1529 4652 1724 4707; x_wconf 86' lang='lat' dir='ltr'><strong>Christi</strong></span> <span class='ocrx_word' id='word_1_371' title='bbox 1763 4652 2033 4720; x_wconf 90' lang='lat' dir='ltr'><strong>dicuntur,</strong></span> 
     </span>
    </p>
   </div>
   <div class='ocr_carea' id='block_1_49' title="bbox 453 4739 2038 4803">
    <p class='ocr_par' dir='ltr' id='par_1_49' title="bbox 453 4739 2038 4803">
     <span class='ocr_line' id='line_1_49' title="bbox 453 4739 2038 4803; baseline 0.008 -12"><span class='ocrx_word' id='word_1_372' title='bbox 453 4754 588 4793; x_wconf 91' lang='lat' dir='ltr'><strong>unus</strong></span> <span class='ocrx_word' id='word_1_373' title='bbox 620 4748 795 4793; x_wconf 90' lang='lat' dir='ltr'><strong>autem</strong></span> <span class='ocrx_word' id='word_1_374' title='bbox 827 4754 985 4794; x_wconf 88' lang='lat' dir='ltr'><strong>verus</strong></span> <span class='ocrx_word' id='word_1_375' title='bbox 1015 4739 1261 4795; x_wconf 87' lang='lat' dir='ltr'><strong>Christus</strong></span> <span class='ocrx_word' id='word_1_376' title='bbox 1288 4751 1370 4797; x_wconf 90' lang='lat' dir='ltr'><strong>est</strong></span> <span class='ocrx_word' id='word_1_377' title='bbox 1403 4760 1416 4796; x_wconf 91' lang='lat'><strong>:</strong></span> <span class='ocrx_word' id='word_1_378' title='bbox 1450 4753 1505 4799; x_wconf 91' lang='lat' dir='ltr'><strong>et</strong></span> <span class='ocrx_word' id='word_1_379' title='bbox 1544 4744 1694 4800; x_wconf 88' lang='lat' dir='ltr'><strong>multi</strong></span> <span class='ocrx_word' id='word_1_380' title='bbox 1724 4744 1927 4801; x_wconf 90' lang='lat' dir='ltr'><strong>domini</strong></span> <span class='ocrx_word' id='word_1_381' title='bbox 1952 4749 2038 4803; x_wconf 91' lang='lat' dir='ltr'><strong>di-</strong></span> 
     </span>
    </p>
   </div>
   <div class='ocr_carea' id='block_1_50' title="bbox 451 4833 2035 4907">
    <p class='ocr_par' dir='ltr' id='par_1_50' title="bbox 451 4833 2035 4907">
     <span class='ocr_line' id='line_1_50' title="bbox 451 4833 2035 4907; baseline 0.004 -20"><span class='ocrx_word' id='word_1_382' title='bbox 451 4840 665 4895; x_wconf 85' lang='lat' dir='ltr'><strong>cuntur,</strong></span> <span class='ocrx_word' id='word_1_383' title='bbox 700 4848 836 4887; x_wconf 91' lang='lat' dir='ltr'><strong>unus</strong></span> <span class='ocrx_word' id='word_1_384' title='bbox 866 4848 995 4888; x_wconf 85' lang='lat' dir='ltr'><strong>vero</strong></span> <span class='ocrx_word' id='word_1_385' title='bbox 1027 4833 1287 4889; x_wconf 88' lang='lat' dir='ltr'><strong>Dominus</strong></span> <span class='ocrx_word' id='word_1_386' title='bbox 1321 4852 1333 4887; x_wconf 90' lang='lat'>:</span> <span class='ocrx_word' id='word_1_387' title='bbox 1364 4845 1418 4889; x_wconf 89' lang='lat' dir='ltr'><strong>et</strong></span> <span class='ocrx_word' id='word_1_388' title='bbox 1459 4837 1612 4891; x_wconf 83' lang='lat' dir='ltr'><strong>multi</strong></span> <span class='ocrx_word' id='word_1_389' title='bbox 1653 4837 1726 4892; x_wconf 92' lang='lat' dir='ltr'><strong>dii</strong></span> <span class='ocrx_word' id='word_1_390' title='bbox 1766 4838 2035 4907; x_wconf 91' lang='lat' dir='ltr'><strong>dicuntur,</strong></span> 
     </span>
    </p>
   </div>
   <div class='ocr_carea' id='block_1_51' title="bbox 453 4923 2042 4993">
    <p class='ocr_par' dir='ltr' id='par_1_51' title="bbox 453 4923 2042 4993">
     <span class='ocr_line' id='line_1_51' title="bbox 453 4923 2042 4993; baseline 0.007 -17"><span class='ocrx_word' id='word_1_391' title='bbox 453 4937 590 4977; x_wconf 92' lang='lat' dir='ltr'><strong>unus</strong></span> <span class='ocrx_word' id='word_1_392' title='bbox 616 4938 744 4979; x_wconf 86' lang='lat' dir='ltr'><strong>vero</strong></span> <span class='ocrx_word' id='word_1_393' title='bbox 773 4923 944 4988; x_wconf 90' lang='lat' dir='ltr'><strong>Deus;</strong></span> <span class='ocrx_word' id='word_1_394' title='bbox 977 4925 1053 4977; x_wconf 89' lang='lat' dir='ltr'><strong>sic</strong></span> <span class='ocrx_word' id='word_1_395' title='bbox 1079 4934 1132 4978; x_wconf 87' lang='lat' dir='ltr'><strong>et</strong></span> <span class='ocrx_word' id='word_1_396' title='bbox 1159 4925 1306 4980; x_wconf 88' lang='lat' dir='ltr'><strong>multi</strong></span> <span class='ocrx_word' id='word_1_397' title='bbox 1335 4926 1428 4980; x_wconf 85' lang='lat' dir='ltr'><strong>ﬁlii</strong></span> <span class='ocrx_word' id='word_1_398' title='bbox 1457 4926 1727 4993; x_wconf 90' lang='lat' dir='ltr'><strong>dicuntur,</strong></span> <span class='ocrx_word' id='word_1_399' title='bbox 1755 4946 1891 4985; x_wconf 90' lang='lat' dir='ltr'><strong>unus</strong></span> <span class='ocrx_word' id='word_1_400' title='bbox 1914 4947 2042 4987; x_wconf 89' lang='lat' dir='ltr'><strong>vero</strong></span> 
     </span>
    </p>
   </div>
   <div class='ocr_carea' id='block_1_52' title="bbox 456 5013 2041 5089">
    <p class='ocr_par' dir='ltr' id='par_1_52' title="bbox 456 5013 2041 5089">
     <span class='ocr_line' id='line_1_52' title="bbox 456 5013 2041 5089; baseline 0.008 -23"><span class='ocrx_word' id='word_1_401' title='bbox 456 5013 639 5079; x_wconf 75' lang='lat' dir='ltr'><strong>Filius,</strong></span> <span class='ocrx_word' id='word_1_402' title='bbox 670 5016 828 5084; x_wconf 83' lang='lat' dir='ltr'><strong>atque</strong></span> <span class='ocrx_word' id='word_1_403' title='bbox 856 5014 966 5083; x_wconf 84' lang='lat' dir='ltr'><strong>ipsa</strong></span> <span class='ocrx_word' id='word_1_404' title='bbox 994 5014 1202 5068; x_wconf 88' lang='lat' dir='ltr'><strong>articuli</strong></span> <span class='ocrx_word' id='word_1_405' title='bbox 1223 5014 1422 5071; x_wconf 87' lang='lat' dir='ltr'><strong>additio</strong></span> <span class='ocrx_word' id='word_1_406' title='bbox 1445 5018 1701 5087; x_wconf 85' lang='lat' dir='ltr'><strong>unigeniti</strong></span> <span class='ocrx_word' id='word_1_407' title='bbox 1730 5022 2041 5089; x_wconf 79' lang='lat' dir='ltr'><strong>praecellen-</strong></span> 
     </span>
    </p>
   </div>
   <div class='ocr_carea' id='block_1_53' title="bbox 457 5105 2040 5174">
    <p class='ocr_par' dir='ltr' id='par_1_53' title="bbox 457 5105 2040 5174">
     <span class='ocr_line' id='line_1_53' title="bbox 457 5105 2040 5174; baseline 0.006 -15"><span class='ocrx_word' id='word_1_408' title='bbox 457 5106 582 5159; x_wconf 85' lang='lat' dir='ltr'><strong>tiatu</strong></span> <span class='ocrx_word' id='word_1_409' title='bbox 612 5105 740 5159; x_wconf 87' lang='lat' dir='ltr'><strong>satis</strong></span> <span class='ocrx_word' id='word_1_410' title='bbox 762 5105 981 5161; x_wconf 90' lang='lat' dir='ltr'><strong>indicat.</strong></span> <span class='ocrx_word' id='word_1_411' title='bbox 1010 5106 1259 5160; x_wconf 80' lang='lat' dir='ltr'><strong>Atzamen</strong></span> <span class='ocrx_word' id='word_1_412' title='bbox 1289 5123 1351 5163; x_wconf 89' lang='lat' dir='ltr'><strong>ea</strong></span> <span class='ocrx_word' id='word_1_413' title='bbox 1379 5124 1435 5162; x_wconf 89' lang='lat' dir='ltr'><strong>re</strong></span> <span class='ocrx_word' id='word_1_414' title='bbox 1460 5123 1567 5163; x_wconf 92' lang='lat' dir='ltr'><strong>non</strong></span> <span class='ocrx_word' id='word_1_415' title='bbox 1588 5118 1888 5174; x_wconf 86' lang='lat' dir='ltr'><strong>contentus,</strong></span> <span class='ocrx_word' id='word_1_416' title='bbox 1920 5128 2040 5168; x_wconf 90' lang='lat' dir='ltr'><strong>eum</strong></span> 
     </span>
    </p>
   </div>
   <div class='ocr_carea' id='block_1_54' title="bbox 459 5197 2046 5277">
    <p class='ocr_par' dir='ltr' id='par_1_54' title="bbox 459 5197 2046 5277">
     <span class='ocr_line' id='line_1_54' title="bbox 459 5197 2046 5277; baseline 0.006 -26"><span class='ocrx_word' id='word_1_417' title='bbox 459 5197 704 5264; x_wconf 68' lang='lat' dir='ltr'><strong>dixisset,</strong></span> <span class='ocrx_word' id='word_1_418' title='bbox 740 5197 900 5251; x_wconf 83' lang='lat' dir='ltr'><strong>Deum</strong></span> <span class='ocrx_word' id='word_1_419' title='bbox 931 5215 1074 5253; x_wconf 88' lang='lat' dir='ltr'><strong>nemo</strong></span> <span class='ocrx_word' id='word_1_420' title='bbox 1096 5199 1219 5254; x_wconf 86' lang='lat' dir='ltr'><strong>vidit</strong></span> <span class='ocrx_word' id='word_1_421' title='bbox 1243 5217 1501 5272; x_wconf 86' lang='lat' dir='ltr'><strong>umquam,</strong></span> <span class='ocrx_word' id='word_1_422' title='bbox 1529 5202 1823 5273; x_wconf 72' lang='lat' dir='ltr'><strong>subjuuxit,</strong></span> <span class='ocrx_word' id='word_1_423' title='bbox 1858 5204 2046 5277; x_wconf 84' lang='lat' dir='ltr'><strong>Unige-</strong></span> 
     </span>
    </p>
   </div>
   <div class='ocr_carea' id='block_1_55' title="bbox 461 5287 2049 5366">
    <p class='ocr_par' dir='ltr' id='par_1_55' title="bbox 461 5287 2049 5366">
     <span class='ocr_line' id='line_1_55' title="bbox 461 5287 2049 5366; baseline 0.008 -24"><span class='ocrx_word' id='word_1_424' title='bbox 461 5290 595 5343; x_wconf 76' lang='lat' dir='ltr'><strong>uitus</strong></span> <span class='ocrx_word' id='word_1_425' title='bbox 619 5287 665 5342; x_wconf 85' lang='lat' dir='ltr'><strong>F</strong></span> <span class='ocrx_word' id='word_1_426' title='bbox 666 5289 802 5355; x_wconf 81' lang='lat' dir='ltr'><strong>ilius,</strong></span> <span class='ocrx_word' id='word_1_427' title='bbox 830 5292 915 5359; x_wconf 89' lang='lat' dir='ltr'><strong>qui</strong></span> <span class='ocrx_word' id='word_1_428' title='bbox 935 5300 1008 5344; x_wconf 80' lang='lat' dir='ltr'><strong>est</strong></span> <span class='ocrx_word' id='word_1_429' title='bbox 1029 5292 1080 5345; x_wconf 87' lang='lat' dir='ltr'><strong>in</strong></span> <span class='ocrx_word' id='word_1_430' title='bbox 1103 5293 1216 5346; x_wconf 80' lang='lat' dir='ltr'><strong>sinu</strong></span> <span class='ocrx_word' id='word_1_431' title='bbox 1241 5292 1433 5361; x_wconf 74' lang='lat' dir='ltr'><strong>Patris,</strong></span> <span class='ocrx_word' id='word_1_432' title='bbox 1462 5295 1571 5364; x_wconf 81' lang='lat' dir='ltr'><strong>ipse</strong></span> <span class='ocrx_word' id='word_1_433' title='bbox 1593 5298 1843 5366; x_wconf 71' lang='lat' dir='ltr'><strong>exposuit.</strong></span> <span class='ocrx_word' id='word_1_434' title='bbox 1870 5299 2049 5355; x_wconf 82' lang='lat' dir='ltr'><strong>Primo</strong></span> 
     </span>
    </p>
   </div>
   <div class='ocr_carea' id='block_1_56' title="bbox 464 5378 2050 5458">
    <p class='ocr_par' dir='ltr' id='par_1_56' title="bbox 464 5378 2050 5458">
     <span class='ocr_line' id='line_1_56' title="bbox 464 5378 2050 5458; baseline 0.008 -28"><span class='ocrx_word' id='word_1_435' title='bbox 464 5378 618 5445; x_wconf 81' lang='lat' dir='ltr'><strong>dixit,</strong></span> <span class='ocrx_word' id='word_1_436' title='bbox 648 5379 950 5449; x_wconf 75' lang='lat' dir='ltr'><strong>unigenitus,</strong></span> <span class='ocrx_word' id='word_1_437' title='bbox 971 5389 1024 5434; x_wconf 91' lang='lat' dir='ltr'><strong>et</strong></span> <span class='ocrx_word' id='word_1_438' title='bbox 1053 5391 1259 5449; x_wconf 82' lang='lat' dir='ltr'><strong>postea,</strong></span> <span class='ocrx_word' id='word_1_439' title='bbox 1292 5381 1477 5439; x_wconf 71' lang='lat' dir='ltr'><strong>Filius.</strong></span> <span class='ocrx_word' id='word_1_440' title='bbox 1506 5384 1639 5439; x_wconf 90' lang='lat' dir='ltr'><strong>Cum</strong></span> <span class='ocrx_word' id='word_1_441' title='bbox 1667 5387 1809 5442; x_wconf 90' lang='lat' dir='ltr'><strong>enim</strong></span> <span class='ocrx_word' id='word_1_442' title='bbox 1831 5398 2050 5458; x_wconf 87' lang='lat' dir='ltr'><strong>pr0pter</strong></span> 
     </span>
    </p>
   </div>
   <div class='ocr_carea' id='block_1_57' title="bbox 466 5469 2050 5550">
    <p class='ocr_par' dir='ltr' id='par_1_57' title="bbox 466 5469 2050 5550">
     <span class='ocr_line' id='line_1_57' title="bbox 466 5469 2050 5550; baseline 0.008 -28"><span class='ocrx_word' id='word_1_443' title='bbox 466 5469 697 5524; x_wconf 87' lang='lat' dir='ltr'><strong>nominis</strong></span> <span class='ocrx_word' id='word_1_444' title='bbox 737 5471 1194 5537; x_wconf 82' lang='lat' dir='ltr'><strong>communitatem,</strong></span> <span class='ocrx_word' id='word_1_445' title='bbox 1237 5474 1461 5544; x_wconf 82' lang='lat' dir='ltr'><strong>gloriam</strong></span> <span class='ocrx_word' id='word_1_446' title='bbox 1507 5476 1625 5547; x_wconf 88' lang='lat' dir='ltr'><strong>ejus</strong></span> <span class='ocrx_word' id='word_1_447' title='bbox 1665 5479 1905 5550; x_wconf 88' lang='lat' dir='ltr'><strong>plerique</strong></span> <span class='ocrx_word' id='word_1_448' title='bbox 1948 5482 2050 5535; x_wconf 89' lang='lat' dir='ltr'><strong>mi-</strong></span> 
     </span>
    </p>
   </div>
   <div class='ocr_carea' id='block_1_58' title="bbox 471 5564 2054 5643">
    <p class='ocr_par' dir='ltr' id='par_1_58' title="bbox 471 5564 2054 5643">
     <span class='ocr_line' id='line_1_58' title="bbox 471 5564 2054 5643; baseline 0.009 -30"><span class='ocrx_word' id='word_1_449' title='bbox 471 5571 655 5625; x_wconf 87' lang='lat' dir='ltr'><strong>nuant,</strong></span> <span class='ocrx_word' id='word_1_450' title='bbox 686 5578 847 5618; x_wconf 89' lang='lat' dir='ltr'><strong>unum</strong></span> <span class='ocrx_word' id='word_1_451' title='bbox 871 5564 1008 5619; x_wconf 87' lang='lat' dir='ltr'><strong>inter</strong></span> <span class='ocrx_word' id='word_1_452' title='bbox 1030 5566 1225 5620; x_wconf 89' lang='lat' dir='ltr'><strong>multos</strong></span> <span class='ocrx_word' id='word_1_453' title='bbox 1251 5566 1396 5621; x_wconf 91' lang='lat' dir='ltr'><strong>illum</strong></span> <span class='ocrx_word' id='word_1_454' title='bbox 1419 5583 1539 5625; x_wconf 89' lang='lat' dir='ltr'><strong>esse</strong></span> <span class='ocrx_word' id='word_1_455' title='bbox 1567 5571 1669 5625; x_wconf 89' lang='lat' dir='ltr'><strong>rati</strong></span> <span class='ocrx_word' id='word_1_456' title='bbox 1695 5588 1709 5625; x_wconf 91' lang='lat'><strong>:</strong></span> <span class='ocrx_word' id='word_1_457' title='bbox 1740 5570 1831 5626; x_wconf 85' lang='lat' dir='ltr'><strong>filii</strong></span> <span class='ocrx_word' id='word_1_458' title='bbox 1857 5574 2054 5643; x_wconf 84' lang='lat' dir='ltr'><strong>quippe</strong></span> 
     </span>
    </p>
   </div>
   <div class='ocr_carea' id='block_1_59' title="bbox 538 5693 2056 5769">
    <p class='ocr_par' dir='ltr' id='par_1_59' title="bbox 538 5693 2056 5769">
     <span class='ocr_line' id='line_1_59' title="bbox 538 5693 2056 5769; baseline 0.011 -28"><span class='ocrx_word' id='word_1_459' title='bbox 538 5694 561 5769; x_wconf 48' lang='grc' dir='ltr'>ξ</span> <span class='ocrx_word' id='word_1_460' title='bbox 844 5703 894 5745; x_wconf 85' lang='lat' dir='ltr'><strong>et</strong></span> <span class='ocrx_word' id='word_1_461' title='bbox 923 5695 1145 5761; x_wconf 71' lang='lat' dir='ltr'><strong>plerique</strong></span> <span class='ocrx_word' id='word_1_462' title='bbox 1185 5699 1326 5749; x_wconf 87' lang='lat' dir='ltr'><strong>Codd.</strong></span> <span class='ocrx_word' id='word_1_463' title='bbox 1375 5707 1424 5750; x_wconf 85' lang='lat' dir='ltr'><strong>In</strong></span> <span class='ocrx_word' id='word_1_464' title='bbox 1454 5701 1616 5751; x_wconf 76' lang='lat' dir='ltr'><strong>Morel.</strong></span> <span class='ocrx_word' id='word_1_465' title='bbox 1660 5703 1803 5755; x_wconf 90' lang='lat' dir='ltr'><strong>deest</strong></span> <span class='ocrx_word' id='word_1_466' title='bbox 1834 5706 2056 5769; x_wconf 88' lang='lat' dir='ltr'><strong>verbum,</strong></span> 
     </span>
    </p>
   </div>
   <div class='ocr_carea' id='block_1_60' title="bbox 482 5754 864 5809">
    <p class='ocr_par' dir='ltr' id='par_1_60' title="bbox 482 5754 864 5809">
     <span class='ocr_line' id='line_1_60' title="bbox 482 5754 864 5809; baseline 0.008 -6"><span class='ocrx_word' id='word_1_467' title='bbox 482 5754 864 5809; x_wconf 68' lang='lat' dir='ltr'><strong>stthsttmtt&#39;ult&#39;lrr.</strong></span> 
     </span>
    </p>
   </div>
   <div class='ocr_carea' id='block_1_61' title="bbox 1125 278 2937 357">
    <p class='ocr_par' dir='ltr' id='par_1_61' title="bbox 1125 278 2937 357">
     <span class='ocr_line' id='line_1_61' title="bbox 1125 278 2937 357; baseline -0.002 0"><span class='ocrx_word' id='word_1_468' title='bbox 1125 302 1179 357; x_wconf 92' lang='lat' dir='ltr'><strong>s.</strong></span> <span class='ocrx_word' id='word_1_469' title='bbox 1216 300 1495 357; x_wconf 76' lang='lat' dir='ltr'><strong>JOANNIS</strong></span> <span class='ocrx_word' id='word_1_470' title='bbox 1531 295 2005 356; x_wconf 72' lang='lat' dir='ltr'><strong>cusvsosrout</strong></span> <span class='ocrx_word' id='word_1_471' title='bbox 2047 278 2362 353; x_wconf 73' lang='lat' dir='ltr'><strong>ARClllEP.</strong></span> <span class='ocrx_word' id='word_1_472' title='bbox 2404 297 2937 355; x_wconf 71' lang='lat' dir='ltr'><strong>CONSTANTINOP.</strong></span> 
     </span>
    </p>
   </div>
   <div class='ocr_carea' id='block_1_62' title="bbox 3579 309 3676 364">
    <p class='ocr_par' dir='ltr' id='par_1_62' title="bbox 3579 309 3676 364">
     <span class='ocr_line' id='line_1_62' title="bbox 3579 309 3676 364; baseline 0 0"><span class='ocrx_word' id='word_1_473' title='bbox 3579 309 3676 364; x_wconf 66' lang='lat'><strong>733</strong></span> 
     </span>
    </p>
   </div>
   <div class='ocr_carea' id='block_1_63' title="bbox 2115 416 3675 493">
    <p class='ocr_par' dir='ltr' id='par_1_63' title="bbox 2115 416 3675 493">
     <span class='ocr_line' id='line_1_63' title="bbox 2115 416 3675 493; baseline 0.006 -26"><span class='ocrx_word' id='word_1_474' title='bbox 2115 430 2307 471; x_wconf 86' lang='lat' dir='ltr'><strong>nomen</strong></span> <span class='ocrx_word' id='word_1_475' title='bbox 2350 417 2598 472; x_wconf 89' lang='lat' dir='ltr'><strong>omnibus</strong></span> <span class='ocrx_word' id='word_1_476' title='bbox 2639 432 2923 473; x_wconf 87' lang='lat' dir='ltr'><strong>commune</strong></span> <span class='ocrx_word' id='word_1_477' title='bbox 2966 426 3047 473; x_wconf 89' lang='lat' dir='ltr'><strong>est</strong></span> <span class='ocrx_word' id='word_1_478' title='bbox 3077 436 3091 472; x_wconf 90' lang='lat'><strong>:</strong></span> <span class='ocrx_word' id='word_1_479' title='bbox 3123 416 3241 474; x_wconf 89' lang='lat' dir='ltr'><strong>ideo</strong></span> <span class='ocrx_word' id='word_1_480' title='bbox 3280 419 3423 490; x_wconf 84' lang='lat' dir='ltr'><strong>quod</strong></span> <span class='ocrx_word' id='word_1_481' title='bbox 3464 431 3542 476; x_wconf 82' lang='lat' dir='ltr'><strong>est</strong></span> <span class='ocrx_word' id='word_1_482' title='bbox 3584 423 3675 493; x_wconf 82' lang='lat' dir='ltr'><strong>ipsi</strong></span> 
     </span>
    </p>
   </div>
   <div class='ocr_carea' id='block_1_64' title="bbox 2110 508 3674 582">
    <p class='ocr_par' dir='ltr' id='par_1_64' title="bbox 2110 508 3674 582">
     <span class='ocr_line' id='line_1_64' title="bbox 2110 508 3674 582; baseline 0.006 -23"><span class='ocrx_word' id='word_1_483' title='bbox 2110 508 2433 577; x_wconf 69' lang='lat' dir='ltr'><strong>prarcipuum</strong></span> <span class='ocrx_word' id='word_1_484' title='bbox 2456 516 2510 562; x_wconf 89' lang='lat' dir='ltr'><strong>et</strong></span> <span class='ocrx_word' id='word_1_485' title='bbox 2534 509 2819 577; x_wconf 88' lang='lat' dir='ltr'><strong>peculiare,</strong></span> <span class='ocrx_word' id='word_1_486' title='bbox 2839 508 2905 564; x_wconf 91' lang='lat' dir='ltr'><strong>ad</strong></span> <span class='ocrx_word' id='word_1_487' title='bbox 2927 509 3234 580; x_wconf 88' lang='lat' dir='ltr'><strong>nullumque</strong></span> <span class='ocrx_word' id='word_1_488' title='bbox 3254 510 3415 565; x_wconf 89' lang='lat' dir='ltr'><strong>alium</strong></span> <span class='ocrx_word' id='word_1_489' title='bbox 3441 514 3674 582; x_wconf 87' lang='lat' dir='ltr'><strong>pertinet,</strong></span> 
     </span>
    </p>
   </div>
   <div class='ocr_carea' id='block_1_65' title="bbox 2109 598 3679 671">
    <p class='ocr_par' dir='ltr' id='par_1_65' title="bbox 2109 598 3679 671">
     <span class='ocr_line' id='line_1_65' title="bbox 2109 598 3679 671; baseline 0.005 -21"><span class='ocrx_word' id='word_1_490' title='bbox 2109 598 2419 667; x_wconf 64' lang='lat' dir='ltr'><strong>prwposuit,</strong></span> <span class='ocrx_word' id='word_1_491' title='bbox 2468 614 2661 668; x_wconf 91' lang='lat' dir='ltr'><strong>nempe</strong></span> <span class='ocrx_word' id='word_1_492' title='bbox 2707 600 3039 671; x_wconf 75' lang='lat' dir='ltr'><strong>unigenitus;</strong></span> <span class='ocrx_word' id='word_1_493' title='bbox 3088 609 3144 654; x_wconf 91' lang='lat' dir='ltr'><strong>ut</strong></span> <span class='ocrx_word' id='word_1_494' title='bbox 3192 600 3315 656; x_wconf 89' lang='lat' dir='ltr'><strong>hinc</strong></span> <span class='ocrx_word' id='word_1_495' title='bbox 3356 602 3559 669; x_wconf 89' lang='lat' dir='ltr'><strong>credas,</strong></span> <span class='ocrx_word' id='word_1_496' title='bbox 3604 605 3679 658; x_wconf 86' lang='lat' dir='ltr'><strong>vel</strong></span> 
     </span>
    </p>
   </div>
   <div class='ocr_carea' id='block_1_66' title="bbox 2107 690 3682 763">
    <p class='ocr_par' dir='ltr' id='par_1_66' title="bbox 2107 690 3682 763">
     <span class='ocr_line' id='line_1_66' title="bbox 2107 690 3682 763; baseline 0.002 -17"><span class='ocrx_word' id='word_1_497' title='bbox 2107 704 2392 746; x_wconf 84' lang='lat' dir='ltr'><strong>commune</strong></span> <span class='ocrx_word' id='word_1_498' title='bbox 2440 690 2570 746; x_wconf 91' lang='lat' dir='ltr'><strong>illud</strong></span> <span class='ocrx_word' id='word_1_499' title='bbox 2615 706 2719 745; x_wconf 93' lang='lat' dir='ltr'><strong>non</strong></span> <span class='ocrx_word' id='word_1_500' title='bbox 2770 707 2894 747; x_wconf 86' lang='lat' dir='ltr'><strong>vere</strong></span> <span class='ocrx_word' id='word_1_501' title='bbox 2931 706 3213 747; x_wconf 87' lang='lat' dir='ltr'><strong>commune</strong></span> <span class='ocrx_word' id='word_1_502' title='bbox 3260 706 3411 759; x_wconf 90' lang='lat' dir='ltr'><strong>esse,</strong></span> <span class='ocrx_word' id='word_1_503' title='bbox 3458 693 3548 747; x_wconf 87' lang='lat' dir='ltr'><strong>sed</strong></span> <span class='ocrx_word' id='word_1_504' title='bbox 3593 695 3682 763; x_wconf 77' lang='lat' dir='ltr'><strong>ipsi</strong></span> 
     </span>
    </p>
   </div>
   <div class='ocr_carea' id='block_1_67' title="bbox 2109 783 3686 857">
    <p class='ocr_par' dir='ltr' id='par_1_67' title="bbox 2109 783 3686 857">
     <span class='ocr_line' id='line_1_67' title="bbox 2109 783 3686 857; baseline 0.004 -22"><span class='ocrx_word' id='word_1_505' title='bbox 2109 783 2388 853; x_wconf 85' lang='lat' dir='ltr'><strong>preprium</strong></span> <span class='ocrx_word' id='word_1_506' title='bbox 2417 793 2472 840; x_wconf 87' lang='lat' dir='ltr'><strong>et</strong></span> <span class='ocrx_word' id='word_1_507' title='bbox 2496 784 2787 854; x_wconf 88' lang='lat' dir='ltr'><strong>peculiare,</strong></span> <span class='ocrx_word' id='word_1_508' title='bbox 2817 786 3122 857; x_wconf 86' lang='lat' dir='ltr'><strong>neminique</strong></span> <span class='ocrx_word' id='word_1_509' title='bbox 3151 785 3378 842; x_wconf 89' lang='lat' dir='ltr'><strong>aliorum</strong></span> <span class='ocrx_word' id='word_1_510' title='bbox 3401 796 3454 841; x_wconf 90' lang='lat' dir='ltr'><strong>ut</strong></span> <span class='ocrx_word' id='word_1_511' title='bbox 3477 787 3549 842; x_wconf 90' lang='lat' dir='ltr'><strong>illi</strong></span> <span class='ocrx_word' id='word_1_512' title='bbox 3573 802 3686 842; x_wconf 86' lang='lat' dir='ltr'><strong>con-</strong></span> 
     </span>
    </p>
   </div>
   <div class='ocr_carea' id='block_1_68' title="bbox 2114 892 2324 933">
    <p class='ocr_par' dir='ltr' id='par_1_68' title="bbox 2114 892 2324 933">
     <span class='ocr_line' id='line_1_68' title="bbox 2114 892 2324 933; baseline -0.01 0"><span class='ocrx_word' id='word_1_513' title='bbox 2114 892 2324 933; x_wconf 87' lang='lat' dir='ltr'><strong>ventre.</strong></span> 
     </span>
    </p>
   </div>
   <div class='ocr_carea' id='block_1_69' title="bbox 2179 989 3686 1063">
    <p class='ocr_par' dir='ltr' id='par_1_69' title="bbox 2179 989 3686 1063">
     <span class='ocr_line' id='line_1_69' title="bbox 2179 989 3686 1063; baseline 0.002 -17"><span class='ocrx_word' id='word_1_514' title='bbox 2179 991 2232 1046; x_wconf 75' lang='grc'><strong>4.</strong></span> <span class='ocrx_word' id='word_1_515' title='bbox 2273 989 2448 1059; x_wconf 86' lang='lat' dir='ltr'><strong>thue</strong></span> <span class='ocrx_word' id='word_1_516' title='bbox 2471 991 2665 1046; x_wconf 88' lang='lat' dir='ltr'><strong>clarius</strong></span> <span class='ocrx_word' id='word_1_517' title='bbox 2707 992 2759 1047; x_wconf 91' lang='lat' dir='ltr'><strong>id</strong></span> <span class='ocrx_word' id='word_1_518' title='bbox 2798 991 3024 1056; x_wconf 87' lang='lat' dir='ltr'><strong>evadat,</strong></span> <span class='ocrx_word' id='word_1_519' title='bbox 3069 1007 3185 1047; x_wconf 89' lang='lat' dir='ltr'><strong>rem</strong></span> <span class='ocrx_word' id='word_1_520' title='bbox 3214 992 3379 1047; x_wconf 88' lang='lat' dir='ltr'><strong>fusius</strong></span> <span class='ocrx_word' id='word_1_521' title='bbox 3404 993 3686 1063; x_wconf 79' lang='lat' dir='ltr'><strong>explicabo.</strong></span> 
     </span>
    </p>
   </div>
   <div class='ocr_carea' id='block_1_70' title="bbox 2117 1082 3690 1151">
    <p class='ocr_par' dir='ltr' id='par_1_70' title="bbox 2117 1082 3690 1151">
     <span class='ocr_line' id='line_1_70' title="bbox 2117 1082 3690 1151; baseline 0.003 -13"><span class='ocrx_word' id='word_1_522' title='bbox 2117 1082 2323 1138; x_wconf 85' lang='lat' dir='ltr'><strong>Nomen</strong></span> <span class='ocrx_word' id='word_1_523' title='bbox 2357 1085 2483 1139; x_wconf 91' lang='lat' dir='ltr'><strong>illud</strong></span> <span class='ocrx_word' id='word_1_524' title='bbox 2508 1126 2523 1151; x_wconf 91' lang='lat'><strong>,</strong></span> <span class='ocrx_word' id='word_1_525' title='bbox 2554 1084 2604 1138; x_wconf 85' lang='lat' dir='ltr'><strong>F</strong></span> <span class='ocrx_word' id='word_1_526' title='bbox 2606 1085 2746 1151; x_wconf 78' lang='lat' dir='ltr'><strong>ilius,</strong></span> <span class='ocrx_word' id='word_1_527' title='bbox 2781 1095 2829 1140; x_wconf 88' lang='lat' dir='ltr'><strong>et</strong></span> <span class='ocrx_word' id='word_1_528' title='bbox 2861 1084 3166 1140; x_wconf 90' lang='lat' dir='ltr'><strong>hominibus</strong></span> <span class='ocrx_word' id='word_1_529' title='bbox 3193 1095 3246 1139; x_wconf 91' lang='lat' dir='ltr'><strong>et</strong></span> <span class='ocrx_word' id='word_1_530' title='bbox 3271 1085 3481 1140; x_wconf 77' lang='lat' dir='ltr'><strong>Christo</strong></span> <span class='ocrx_word' id='word_1_531' title='bbox 3503 1100 3690 1144; x_wconf 79' lang='lat' dir='ltr'><strong>conve—</strong></span> 
     </span>
    </p>
   </div>
   <div class='ocr_carea' id='block_1_71' title="bbox 2110 1174 3689 1246">
    <p class='ocr_par' dir='ltr' id='par_1_71' title="bbox 2110 1174 3689 1246">
     <span class='ocr_line' id='line_1_71' title="bbox 2110 1174 3689 1246; baseline 0 -18"><span class='ocrx_word' id='word_1_532' title='bbox 2110 1174 2225 1239; x_wconf 90' lang='lat' dir='ltr'><strong>nit;</strong></span> <span class='ocrx_word' id='word_1_533' title='bbox 2254 1176 2346 1230; x_wconf 86' lang='lat' dir='ltr'><strong>sed</strong></span> <span class='ocrx_word' id='word_1_534' title='bbox 2374 1177 2525 1231; x_wconf 86' lang='lat' dir='ltr'><strong>nobis</strong></span> <span class='ocrx_word' id='word_1_535' title='bbox 2547 1176 2714 1231; x_wconf 89' lang='lat' dir='ltr'><strong>abusu</strong></span> <span class='ocrx_word' id='word_1_536' title='bbox 2739 1176 2992 1246; x_wconf 88' lang='lat' dir='ltr'><strong>quodam,</strong></span> <span class='ocrx_word' id='word_1_537' title='bbox 3026 1177 3098 1229; x_wconf 91' lang='lat' dir='ltr'><strong>illi</strong></span> <span class='ocrx_word' id='word_1_538' title='bbox 3133 1190 3259 1230; x_wconf 87' lang='lat' dir='ltr'><strong>vero</strong></span> <span class='ocrx_word' id='word_1_539' title='bbox 3283 1178 3496 1246; x_wconf 87' lang='lat' dir='ltr'><strong>proprie</strong></span> <span class='ocrx_word' id='word_1_540' title='bbox 3529 1194 3542 1229; x_wconf 92' lang='lat'><strong>:</strong></span> <span class='ocrx_word' id='word_1_541' title='bbox 3569 1175 3689 1233; x_wconf 87' lang='lat' dir='ltr'><strong>illud</strong></span> 
     </span>
    </p>
   </div>
   <div class='ocr_carea' id='block_1_72' title="bbox 2111 1264 3688 1340">
    <p class='ocr_par' dir='ltr' id='par_1_72' title="bbox 2111 1264 3688 1340">
     <span class='ocr_line' id='line_1_72' title="bbox 2111 1264 3688 1340; baseline 0.003 -20"><span class='ocrx_word' id='word_1_542' title='bbox 2111 1277 2313 1332; x_wconf 87' lang='lat' dir='ltr'><strong>autem,</strong></span> <span class='ocrx_word' id='word_1_543' title='bbox 2344 1271 2655 1339; x_wconf 73' lang='lat' dir='ltr'><strong>unigenitus,</strong></span> <span class='ocrx_word' id='word_1_544' title='bbox 2687 1271 2785 1339; x_wconf 89' lang='lat' dir='ltr'><strong>ipsi</strong></span> <span class='ocrx_word' id='word_1_545' title='bbox 2816 1271 3087 1339; x_wconf 87' lang='lat' dir='ltr'><strong>proprium</strong></span> <span class='ocrx_word' id='word_1_546' title='bbox 3109 1282 3211 1333; x_wconf 70' lang='grc' dir='ltr'><strong>εει,</strong></span> <span class='ocrx_word' id='word_1_547' title='bbox 3241 1264 3544 1340; x_wconf 84' lang='lat' dir='ltr'><strong>nemiuique</strong></span> <span class='ocrx_word' id='word_1_548' title='bbox 3565 1270 3688 1324; x_wconf 84' lang='lat' dir='ltr'><strong>aiio-</strong></span> 
     </span>
    </p>
   </div>
   <div class='ocr_carea' id='block_1_73' title="bbox 2117 1361 3691 1433">
    <p class='ocr_par' dir='ltr' id='par_1_73' title="bbox 2117 1361 3691 1433">
     <span class='ocr_line' id='line_1_73' title="bbox 2117 1361 3691 1433; baseline 0.005 -20"><span class='ocrx_word' id='word_1_549' title='bbox 2117 1375 2234 1413; x_wconf 92' lang='lat' dir='ltr'><strong>rum</strong></span> <span class='ocrx_word' id='word_1_550' title='bbox 2265 1361 2346 1414; x_wconf 82' lang='lat' dir='ltr'><strong>vel</strong></span> <span class='ocrx_word' id='word_1_551' title='bbox 2374 1362 2594 1417; x_wconf 85' lang='lat' dir='ltr'><strong>abusive</strong></span> <span class='ocrx_word' id='word_1_552' title='bbox 2638 1361 2907 1417; x_wconf 87' lang='lat' dir='ltr'><strong>tribuitur.</strong></span> <span class='ocrx_word' id='word_1_553' title='bbox 2951 1362 3020 1418; x_wconf 87' lang='lat' dir='ltr'><strong>Ut</strong></span> <span class='ocrx_word' id='word_1_554' title='bbox 3048 1363 3209 1433; x_wconf 78' lang='lat' dir='ltr'><strong>igitur</strong></span> <span class='ocrx_word' id='word_1_555' title='bbox 3250 1362 3320 1417; x_wconf 88' lang='lat' dir='ltr'><strong>ab</strong></span> <span class='ocrx_word' id='word_1_556' title='bbox 3357 1364 3691 1433; x_wconf 75' lang='lat' dir='ltr'><strong>appellatione</strong></span> 
     </span>
    </p>
   </div>
   <div class='ocr_carea' id='block_1_74' title="bbox 2114 1457 3688 1527">
    <p class='ocr_par' dir='ltr' id='par_1_74' title="bbox 2114 1457 3688 1527">
     <span class='ocr_line' id='line_1_74' title="bbox 2114 1457 3688 1527; baseline -0.001 -17"><span class='ocrx_word' id='word_1_557' title='bbox 2114 1457 2309 1511; x_wconf 87' lang='lat' dir='ltr'><strong>nemini</strong></span> <span class='ocrx_word' id='word_1_558' title='bbox 2333 1466 2671 1525; x_wconf 84' lang='lat' dir='ltr'><strong>competente</strong></span> <span class='ocrx_word' id='word_1_559' title='bbox 2693 1466 3043 1527; x_wconf 72' lang='lat' dir='ltr'><strong>prarterquam</strong></span> <span class='ocrx_word' id='word_1_560' title='bbox 3071 1457 3167 1526; x_wconf 80' lang='lat' dir='ltr'><strong>ipsi</strong></span> <span class='ocrx_word' id='word_1_561' title='bbox 3193 1457 3315 1523; x_wconf 87' lang='lat' dir='ltr'><strong>soli,</strong></span> <span class='ocrx_word' id='word_1_562' title='bbox 3341 1458 3501 1511; x_wconf 89' lang='lat' dir='ltr'><strong>etiam</strong></span> <span class='ocrx_word' id='word_1_563' title='bbox 3525 1457 3688 1524; x_wconf 80' lang='lat' dir='ltr'><strong>aliain,</strong></span> 
     </span>
    </p>
   </div>
   <div class='ocr_carea' id='block_1_75' title="bbox 2111 1549 3692 1619">
    <p class='ocr_par' dir='ltr' id='par_1_75' title="bbox 2111 1549 3692 1619">
     <span class='ocr_line' id='line_1_75' title="bbox 2111 1549 3692 1619; baseline 0.002 -17"><span class='ocrx_word' id='word_1_564' title='bbox 2111 1563 2231 1619; x_wconf 60' lang='lat' dir='ltr'><strong>quae</strong></span> <span class='ocrx_word' id='word_1_565' title='bbox 2261 1549 2441 1602; x_wconf 77' lang='lat' dir='ltr'><strong>multis</strong></span> <span class='ocrx_word' id='word_1_566' title='bbox 2470 1550 2738 1615; x_wconf 85' lang='lat' dir='ltr'><strong>tribuitur,</strong></span> <span class='ocrx_word' id='word_1_567' title='bbox 2769 1550 2866 1619; x_wconf 89' lang='lat' dir='ltr'><strong>ipsi</strong></span> <span class='ocrx_word' id='word_1_568' title='bbox 2890 1551 3159 1619; x_wconf 84' lang='lat' dir='ltr'><strong>propriam</strong></span> <span class='ocrx_word' id='word_1_569' title='bbox 3185 1566 3307 1605; x_wconf 86' lang='lat' dir='ltr'><strong>esse</strong></span> <span class='ocrx_word' id='word_1_570' title='bbox 3331 1560 3559 1619; x_wconf 86' lang='lat' dir='ltr'><strong>putares,</strong></span> <span class='ocrx_word' id='word_1_571' title='bbox 3586 1551 3692 1605; x_wconf 87' lang='lat' dir='ltr'><strong>ideo</strong></span> 
     </span>
    </p>
   </div>
   <div class='ocr_carea' id='block_1_76' title="bbox 2113 1642 3694 1714">
    <p class='ocr_par' dir='ltr' id='par_1_76' title="bbox 2113 1642 3694 1714">
     <span class='ocr_line' id='line_1_76' title="bbox 2113 1642 3694 1714; baseline 0.001 -17"><span class='ocrx_word' id='word_1_572' title='bbox 2113 1643 2258 1713; x_wconf 91' lang='lat' dir='ltr'><strong>prius</strong></span> <span class='ocrx_word' id='word_1_573' title='bbox 2272 1643 2423 1708; x_wconf 79' lang='lat' dir='ltr'><strong>dixit,</strong></span> <span class='ocrx_word' id='word_1_574' title='bbox 2443 1645 2746 1714; x_wconf 79' lang='lat' dir='ltr'><strong>unigeuilus,</strong></span> <span class='ocrx_word' id='word_1_575' title='bbox 2776 1654 3060 1713; x_wconf 57' lang='lat' dir='ltr'><strong>posueaque</strong></span> <span class='ocrx_word' id='word_1_576' title='bbox 3080 1642 3125 1696; x_wconf 72' lang='grc' dir='ltr'><em>Ρ</em></span> <span class='ocrx_word' id='word_1_577' title='bbox 3127 1645 3262 1697; x_wconf 77' lang='lat' dir='ltr'><strong>ilius.</strong></span> <span class='ocrx_word' id='word_1_578' title='bbox 3278 1642 3431 1710; x_wconf 88' lang='lat' dir='ltr'><strong>Quod</strong></span> <span class='ocrx_word' id='word_1_579' title='bbox 3448 1645 3490 1699; x_wconf 91' lang='lat' dir='ltr'><strong>si</strong></span> <span class='ocrx_word' id='word_1_580' title='bbox 3515 1660 3578 1700; x_wconf 90' lang='lat' dir='ltr'><strong>ne</strong></span> <span class='ocrx_word' id='word_1_581' title='bbox 3594 1644 3694 1698; x_wconf 62' lang='lat' dir='ltr'><strong>haec</strong></span> 
     </span>
    </p>
   </div>
   <div class='ocr_carea' id='block_1_77' title="bbox 2111 1735 3690 1808">
    <p class='ocr_par' dir='ltr' id='par_1_77' title="bbox 2111 1735 3690 1808">
     <span class='ocr_line' id='line_1_77' title="bbox 2111 1735 3690 1808; baseline 0.001 -21"><span class='ocrx_word' id='word_1_582' title='bbox 2111 1735 2322 1805; x_wconf 87' lang='lat' dir='ltr'><strong>quidem</strong></span> <span class='ocrx_word' id='word_1_583' title='bbox 2341 1735 2434 1789; x_wconf 92' lang='lat' dir='ltr'><strong>tihi</strong></span> <span class='ocrx_word' id='word_1_584' title='bbox 2455 1737 2585 1808; x_wconf 84' lang='lat' dir='ltr'><strong>satis</strong></span> <span class='ocrx_word' id='word_1_585' title='bbox 2600 1736 2725 1801; x_wconf 89' lang='lat' dir='ltr'><strong>sint,</strong></span> <span class='ocrx_word' id='word_1_586' title='bbox 2743 1736 2957 1789; x_wconf 87' lang='lat' dir='ltr'><strong>tertium</strong></span> <span class='ocrx_word' id='word_1_587' title='bbox 2975 1736 3165 1789; x_wconf 84' lang='lat' dir='ltr'><strong>addam</strong></span> <span class='ocrx_word' id='word_1_588' title='bbox 3183 1776 3197 1800; x_wconf 88' lang='lat'><strong>,</strong></span> <span class='ocrx_word' id='word_1_589' title='bbox 3219 1735 3455 1805; x_wconf 89' lang='lat' dir='ltr'><strong>illudque</strong></span> <span class='ocrx_word' id='word_1_590' title='bbox 3472 1752 3690 1791; x_wconf 87' lang='lat' dir='ltr'><strong>crassqu</strong></span> 
     </span>
    </p>
   </div>
   <div class='ocr_carea' id='block_1_78' title="bbox 2112 1827 3693 1898">
    <p class='ocr_par' dir='ltr' id='par_1_78' title="bbox 2112 1827 3693 1898">
     <span class='ocr_line' id='line_1_78' title="bbox 2112 1827 3693 1898; baseline -0.001 -15"><span class='ocrx_word' id='word_1_591' title='bbox 2112 1839 2165 1883; x_wconf 89' lang='lat' dir='ltr'><strong>et</strong></span> <span class='ocrx_word' id='word_1_592' title='bbox 2191 1828 2484 1882; x_wconf 87' lang='lat' dir='ltr'><strong>humanum</strong></span> <span class='ocrx_word' id='word_1_593' title='bbox 2507 1868 2521 1891; x_wconf 87' lang='lat'><strong>,</strong></span> <span class='ocrx_word' id='word_1_594' title='bbox 2550 1828 2645 1883; x_wconf 90' lang='lat' dir='ltr'><strong>sed</strong></span> <span class='ocrx_word' id='word_1_595' title='bbox 2672 1827 2813 1898; x_wconf 88' lang='lat' dir='ltr'><strong>quod</strong></span> <span class='ocrx_word' id='word_1_596' title='bbox 2843 1828 3011 1897; x_wconf 79' lang='lat' dir='ltr'><strong>pOSsit</strong></span> <span class='ocrx_word' id='word_1_597' title='bbox 3041 1837 3217 1883; x_wconf 89' lang='lat' dir='ltr'><strong>tamen</strong></span> <span class='ocrx_word' id='word_1_598' title='bbox 3271 1827 3418 1882; x_wconf 89' lang='lat' dir='ltr'><strong>humi</strong></span> <span class='ocrx_word' id='word_1_599' title='bbox 3467 1839 3693 1897; x_wconf 86' lang='lat' dir='ltr'><strong>repentes</strong></span> 
     </span>
    </p>
   </div>
   <div class='ocr_carea' id='block_1_79' title="bbox 2113 1906 3697 1992">
    <p class='ocr_par' dir='ltr' id='par_1_79' title="bbox 2113 1906 3697 1992">
     <span class='ocr_line' id='line_1_79' title="bbox 2113 1906 3697 1992; baseline 0.001 -17"><span class='ocrx_word' id='word_1_600' title='bbox 2113 1922 2179 1976; x_wconf 92' lang='lat' dir='ltr'><strong>ad</strong></span> <span class='ocrx_word' id='word_1_601' title='bbox 2208 1922 2393 1992; x_wconf 63' lang='lat' dir='ltr'><strong>gloria:</strong></span> <span class='ocrx_word' id='word_1_602' title='bbox 2421 1921 2679 1991; x_wconf 83' lang='lat' dir='ltr'><strong>unigeniti</strong></span> <span class='ocrx_word' id='word_1_603' title='bbox 2708 1921 2948 1976; x_wconf 88' lang='lat' dir='ltr'><strong>notitiam</strong></span> <span class='ocrx_word' id='word_1_604' title='bbox 2973 1922 3247 1977; x_wconf 88' lang='lat' dir='ltr'><strong>reducere.</strong></span> <span class='ocrx_word' id='word_1_605' title='bbox 3272 1922 3410 1989; x_wconf 83' lang='lat' dir='ltr'><strong>Quid</strong></span> <span class='ocrx_word' id='word_1_606' title='bbox 3435 1922 3557 1977; x_wconf 87' lang='lat' dir='ltr'><strong>illud</strong></span> <span class='ocrx_word' id='word_1_607' title='bbox 3585 1906 3697 1977; x_wconf 61' lang='lat' dir='ltr'><strong>est?</strong></span> 
     </span>
    </p>
   </div>
   <div class='ocr_carea' id='block_1_80' title="bbox 2116 2011 3689 2079">
    <p class='ocr_par' dir='ltr' id='par_1_80' title="bbox 2116 2011 3689 2079">
     <span class='ocr_line' id='line_1_80' title="bbox 2116 2011 3689 2079; baseline 0.001 -12"><span class='ocrx_word' id='word_1_608' title='bbox 2116 2014 2218 2079; x_wconf 83' lang='lat' dir='ltr'><strong>Qui</strong></span> <span class='ocrx_word' id='word_1_609' title='bbox 2243 2025 2315 2069; x_wconf 79' lang='lat' dir='ltr'><strong>est</strong></span> <span class='ocrx_word' id='word_1_610' title='bbox 2343 2015 2396 2068; x_wconf 90' lang='lat' dir='ltr'><strong>in</strong></span> <span class='ocrx_word' id='word_1_611' title='bbox 2419 2014 2535 2068; x_wconf 76' lang='lat' dir='ltr'><strong>sinu</strong></span> <span class='ocrx_word' id='word_1_612' title='bbox 2560 2011 2755 2069; x_wconf 75' lang='lat' dir='ltr'><strong>Patris.</strong></span> <span class='ocrx_word' id='word_1_613' title='bbox 2783 2014 3035 2069; x_wconf 87' lang='lat' dir='ltr'><strong>Crassum</strong></span> <span class='ocrx_word' id='word_1_614' title='bbox 3076 2013 3201 2069; x_wconf 89' lang='lat' dir='ltr'><strong>illud</strong></span> <span class='ocrx_word' id='word_1_615' title='bbox 3228 2015 3454 2069; x_wconf 84' lang='lat' dir='ltr'><strong>verbum</strong></span> <span class='ocrx_word' id='word_1_616' title='bbox 3483 2024 3579 2073; x_wconf 83' lang='lat' dir='ltr'><strong>est.</strong></span> <span class='ocrx_word' id='word_1_617' title='bbox 3607 2014 3689 2068; x_wconf 87' lang='lat' dir='ltr'><strong>sed</strong></span> 
     </span>
    </p>
   </div>
   <div class='ocr_carea' id='block_1_81' title="bbox 2113 2105 3697 2177">
    <p class='ocr_par' dir='ltr' id='par_1_81' title="bbox 2113 2105 3697 2177">
     <span class='ocr_line' id='line_1_81' title="bbox 2113 2105 3697 2177; baseline 0 -16"><span class='ocrx_word' id='word_1_618' title='bbox 2113 2106 2253 2177; x_wconf 90' lang='lat' dir='ltr'><strong>quod</strong></span> <span class='ocrx_word' id='word_1_619' title='bbox 2279 2108 2406 2161; x_wconf 87' lang='lat' dir='ltr'><strong>satis</strong></span> <span class='ocrx_word' id='word_1_620' title='bbox 2424 2108 2491 2161; x_wconf 90' lang='lat' dir='ltr'><strong>sit</strong></span> <span class='ocrx_word' id='word_1_621' title='bbox 2506 2106 2569 2160; x_wconf 91' lang='lat' dir='ltr'><strong>ad</strong></span> <span class='ocrx_word' id='word_1_622' title='bbox 2590 2107 2870 2177; x_wconf 76' lang='lat' dir='ltr'><strong>genuinam</strong></span> <span class='ocrx_word' id='word_1_623' title='bbox 2888 2106 3145 2160; x_wconf 90' lang='lat' dir='ltr'><strong>rationem</strong></span> <span class='ocrx_word' id='word_1_624' title='bbox 3167 2105 3697 2161; x_wconf 72' lang='lat' dir='ltr'><strong>commonstraudzum</strong></span> 
     </span>
    </p>
   </div>
   <div class='ocr_carea' id='block_1_82' title="bbox 2117 2197 3697 2269">
    <p class='ocr_par' dir='ltr' id='par_1_82' title="bbox 2117 2197 3697 2269">
     <span class='ocr_line' id='line_1_82' title="bbox 2117 2197 3697 2269; baseline -0.001 -16"><span class='ocrx_word' id='word_1_625' title='bbox 2117 2199 2162 2253; x_wconf 91' lang='lat' dir='ltr'><strong>si</strong></span> <span class='ocrx_word' id='word_1_626' title='bbox 2190 2197 2640 2269; x_wconf 87' lang='lat' dir='ltr'><strong>quemadmodum</strong></span> <span class='ocrx_word' id='word_1_627' title='bbox 2672 2199 2781 2253; x_wconf 89' lang='lat' dir='ltr'><strong>Deo</strong></span> <span class='ocrx_word' id='word_1_628' title='bbox 2804 2198 2993 2252; x_wconf 88' lang='lat' dir='ltr'><strong>deceat</strong></span> <span class='ocrx_word' id='word_1_629' title='bbox 3020 2197 3365 2267; x_wconf 83' lang='lat' dir='ltr'><strong>intelligatur.</strong></span> <span class='ocrx_word' id='word_1_630' title='bbox 3404 2198 3546 2253; x_wconf 86' lang='lat' dir='ltr'><strong>Sicut</strong></span> <span class='ocrx_word' id='word_1_631' title='bbox 3572 2198 3697 2251; x_wconf 87' lang='lat' dir='ltr'><strong>enim</strong></span> 
     </span>
    </p>
   </div>
   <div class='ocr_carea' id='block_1_83' title="bbox 2116 2289 3692 2354">
    <p class='ocr_par' dir='ltr' id='par_1_83' title="bbox 2116 2289 3692 2354">
     <span class='ocr_line' id='line_1_83' title="bbox 2116 2289 3692 2354; baseline -0.002 -9"><span class='ocrx_word' id='word_1_632' title='bbox 2116 2306 2239 2345; x_wconf 89' lang='lat' dir='ltr'><strong>cum</strong></span> <span class='ocrx_word' id='word_1_633' title='bbox 2282 2293 2533 2344; x_wconf 81' lang='lat' dir='ltr'><strong>thronum</strong></span> <span class='ocrx_word' id='word_1_634' title='bbox 2580 2289 2732 2344; x_wconf 88' lang='lat' dir='ltr'><strong>audis</strong></span> <span class='ocrx_word' id='word_1_635' title='bbox 2776 2297 2830 2343; x_wconf 90' lang='lat' dir='ltr'><strong>et</strong></span> <span class='ocrx_word' id='word_1_636' title='bbox 2877 2289 3057 2344; x_wconf 90' lang='lat' dir='ltr'><strong>sedem</strong></span> <span class='ocrx_word' id='word_1_637' title='bbox 3085 2303 3114 2343; x_wconf 88' lang='lat' dir='ltr'><strong>a</strong></span> <span class='ocrx_word' id='word_1_638' title='bbox 3145 2289 3389 2354; x_wconf 80' lang='lat' dir='ltr'><strong>dextris,</strong></span> <span class='ocrx_word' id='word_1_639' title='bbox 3437 2303 3538 2343; x_wconf 91' lang='lat' dir='ltr'><strong>non</strong></span> <span class='ocrx_word' id='word_1_640' title='bbox 3581 2303 3692 2343; x_wconf 84' lang='lat' dir='ltr'><strong>vere</strong></span> 
     </span>
    </p>
   </div>
   <div class='ocr_carea' id='block_1_84' title="bbox 2118 2382 3699 2453">
    <p class='ocr_par' dir='ltr' id='par_1_84' title="bbox 2118 2382 3699 2453">
     <span class='ocr_line' id='line_1_84' title="bbox 2118 2382 3699 2453; baseline -0.003 -16"><span class='ocrx_word' id='word_1_641' title='bbox 2118 2384 2370 2437; x_wconf 88' lang='lat' dir='ltr'><strong>thronum</strong></span> <span class='ocrx_word' id='word_1_642' title='bbox 2393 2383 2648 2451; x_wconf 81' lang='lat' dir='ltr'><strong>opinaris,</strong></span> <span class='ocrx_word' id='word_1_643' title='bbox 2678 2398 2778 2436; x_wconf 89' lang='lat' dir='ltr'><strong>nec</strong></span> <span class='ocrx_word' id='word_1_644' title='bbox 2804 2382 3000 2449; x_wconf 90' lang='lat' dir='ltr'><strong>locum,</strong></span> <span class='ocrx_word' id='word_1_645' title='bbox 3027 2397 3124 2437; x_wconf 90' lang='lat' dir='ltr'><strong>nec</strong></span> <span class='ocrx_word' id='word_1_646' title='bbox 3146 2382 3699 2453; x_wconf 87' lang='lat' dir='ltr'><strong>circumscriptionem,</strong></span> 
     </span>
    </p>
   </div>
   <div class='ocr_carea' id='block_1_85' title="bbox 2120 2472 3699 2543">
    <p class='ocr_par' dir='ltr' id='par_1_85' title="bbox 2120 2472 3699 2543">
     <span class='ocr_line' id='line_1_85' title="bbox 2120 2472 3699 2543; baseline -0.002 -14"><span class='ocrx_word' id='word_1_647' title='bbox 2120 2474 2213 2529; x_wconf 90' lang='lat' dir='ltr'><strong>sed</strong></span> <span class='ocrx_word' id='word_1_648' title='bbox 2242 2489 2271 2527; x_wconf 93' lang='lat' dir='ltr'><strong>a</strong></span> <span class='ocrx_word' id='word_1_649' title='bbox 2303 2474 2482 2528; x_wconf 91' lang='lat' dir='ltr'><strong>throni</strong></span> <span class='ocrx_word' id='word_1_650' title='bbox 2514 2473 2873 2543; x_wconf 85' lang='lat' dir='ltr'><strong>appellatione</strong></span> <span class='ocrx_word' id='word_1_651' title='bbox 2903 2481 2959 2527; x_wconf 90' lang='lat' dir='ltr'><strong>et</strong></span> <span class='ocrx_word' id='word_1_652' title='bbox 2985 2487 3012 2525; x_wconf 91' lang='lat' dir='ltr'><strong>a</strong></span> <span class='ocrx_word' id='word_1_653' title='bbox 3039 2472 3183 2526; x_wconf 90' lang='lat' dir='ltr'><strong>sedis</strong></span> <span class='ocrx_word' id='word_1_654' title='bbox 3213 2473 3474 2528; x_wconf 89' lang='lat' dir='ltr'><strong>societate</strong></span> <span class='ocrx_word' id='word_1_655' title='bbox 3503 2473 3699 2527; x_wconf 88' lang='lat' dir='ltr'><strong>honoris</strong></span> 
     </span>
    </p>
   </div>
   <div class='ocr_carea' id='block_1_86' title="bbox 2120 2563 3700 2643">
    <p class='ocr_par' dir='ltr' id='par_1_86' title="bbox 2120 2563 3700 2643">
     <span class='ocr_line' id='line_1_86' title="bbox 2120 2563 3700 2643; baseline -0.002 -24"><span class='ocrx_word' id='word_1_656' title='bbox 2120 2565 2478 2635; x_wconf 65' lang='lat' dir='ltr'><strong>aequalitatem</strong></span> <span class='ocrx_word' id='word_1_657' title='bbox 2502 2567 2889 2643; x_wconf 80' lang='lat' dir='ltr'><strong>paritatemque</strong></span> <span class='ocrx_word' id='word_1_658' title='bbox 2911 2563 3191 2634; x_wconf 91' lang='lat' dir='ltr'><strong>intelligis;</strong></span> <span class='ocrx_word' id='word_1_659' title='bbox 3222 2564 3303 2619; x_wconf 92' lang='lat' dir='ltr'><strong>sic</strong></span> <span class='ocrx_word' id='word_1_660' title='bbox 3325 2575 3379 2619; x_wconf 90' lang='lat' dir='ltr'><strong>ct</strong></span> <span class='ocrx_word' id='word_1_661' title='bbox 3403 2580 3519 2618; x_wconf 90' lang='lat' dir='ltr'><strong>cum</strong></span> <span class='ocrx_word' id='word_1_662' title='bbox 3546 2564 3700 2618; x_wconf 89' lang='lat' dir='ltr'><strong>sinum</strong></span> 
     </span>
    </p>
   </div>
   <div class='ocr_carea' id='block_1_87' title="bbox 2121 2654 3701 2726">
    <p class='ocr_par' dir='ltr' id='par_1_87' title="bbox 2121 2654 3701 2726">
     <span class='ocr_line' id='line_1_87' title="bbox 2121 2654 3701 2726; baseline -0.002 -15"><span class='ocrx_word' id='word_1_663' title='bbox 2121 2660 2292 2723; x_wconf 86' lang='lat' dir='ltr'><strong>audis,</strong></span> <span class='ocrx_word' id='word_1_664' title='bbox 2318 2673 2384 2713; x_wconf 90' lang='lat' dir='ltr'><strong>ne</strong></span> <span class='ocrx_word' id='word_1_665' title='bbox 2409 2658 2583 2713; x_wconf 90' lang='lat' dir='ltr'><strong>sinum</strong></span> <span class='ocrx_word' id='word_1_666' title='bbox 2609 2669 2760 2725; x_wconf 89' lang='lat' dir='ltr'><strong>putes</strong></span> <span class='ocrx_word' id='word_1_667' title='bbox 2785 2671 2925 2722; x_wconf 90' lang='lat' dir='ltr'><strong>esse,</strong></span> <span class='ocrx_word' id='word_1_668' title='bbox 2956 2672 3129 2726; x_wconf 88' lang='lat' dir='ltr'><strong>neque</strong></span> <span class='ocrx_word' id='word_1_669' title='bbox 3152 2656 3332 2711; x_wconf 87' lang='lat' dir='ltr'><strong>locum</strong></span> <span class='ocrx_word' id='word_1_670' title='bbox 3358 2673 3372 2721; x_wconf 92' lang='lat'><strong>;</strong></span> <span class='ocrx_word' id='word_1_671' title='bbox 3402 2656 3493 2711; x_wconf 90' lang='lat' dir='ltr'><strong>sed</strong></span> <span class='ocrx_word' id='word_1_672' title='bbox 3519 2672 3545 2709; x_wconf 91' lang='lat' dir='ltr'><strong>a</strong></span> <span class='ocrx_word' id='word_1_673' title='bbox 3574 2654 3701 2709; x_wconf 89' lang='lat' dir='ltr'><strong>sinus</strong></span> 
     </span>
    </p>
   </div>
   <div class='ocr_carea' id='block_1_88' title="bbox 2122 2747 3699 2820">
    <p class='ocr_par' dir='ltr' id='par_1_88' title="bbox 2122 2747 3699 2820">
     <span class='ocr_line' id='line_1_88' title="bbox 2122 2747 3699 2820; baseline -0.004 -17"><span class='ocrx_word' id='word_1_674' title='bbox 2122 2766 2253 2805; x_wconf 78' lang='lat' dir='ltr'><strong>Voce</strong></span> <span class='ocrx_word' id='word_1_675' title='bbox 2317 2749 2761 2820; x_wconf 80' lang='lat' dir='ltr'><strong>propinquitatem</strong></span> <span class='ocrx_word' id='word_1_676' title='bbox 2814 2758 2867 2802; x_wconf 91' lang='lat' dir='ltr'><strong>et</strong></span> <span class='ocrx_word' id='word_1_677' title='bbox 2922 2747 3166 2801; x_wconf 85' lang='lat' dir='ltr'><strong>fiduciam</strong></span> <span class='ocrx_word' id='word_1_678' title='bbox 3231 2747 3372 2815; x_wconf 85' lang='lat' dir='ltr'><strong>apud</strong></span> <span class='ocrx_word' id='word_1_679' title='bbox 3428 2748 3699 2813; x_wconf 77' lang='lat' dir='ltr'><strong>genitorem</strong></span> 
     </span>
    </p>
   </div>
   <div class='ocr_carea' id='block_1_89' title="bbox 2122 2837 3705 2911">
    <p class='ocr_par' dir='ltr' id='par_1_89' title="bbox 2122 2837 3705 2911">
     <span class='ocr_line' id='line_1_89' title="bbox 2122 2837 3705 2911; baseline -0.004 -14"><span class='ocrx_word' id='word_1_680' title='bbox 2122 2843 2315 2911; x_wconf 78' lang='lat' dir='ltr'><strong>Cogita.</strong></span> <span class='ocrx_word' id='word_1_681' title='bbox 2350 2842 2479 2895; x_wconf 89' lang='lat' dir='ltr'><strong>Nam</strong></span> <span class='ocrx_word' id='word_1_682' title='bbox 2507 2839 2646 2910; x_wconf 88' lang='lat' dir='ltr'><strong>quod</strong></span> <span class='ocrx_word' id='word_1_683' title='bbox 2680 2840 2729 2893; x_wconf 93' lang='lat' dir='ltr'><strong>in</strong></span> <span class='ocrx_word' id='word_1_684' title='bbox 2762 2841 2881 2894; x_wconf 89' lang='lat' dir='ltr'><strong>sinu</strong></span> <span class='ocrx_word' id='word_1_685' title='bbox 2920 2850 3163 2894; x_wconf 82' lang='lat' dir='ltr'><strong>versetur</strong></span> <span class='ocrx_word' id='word_1_686' title='bbox 3185 2881 3201 2907; x_wconf 89' lang='lat'><strong>,</strong></span> <span class='ocrx_word' id='word_1_687' title='bbox 3236 2840 3288 2893; x_wconf 90' lang='lat' dir='ltr'><strong>id</strong></span> <span class='ocrx_word' id='word_1_688' title='bbox 3332 2838 3527 2893; x_wconf 76' lang='lat' dir='ltr'><strong>clarius</strong></span> <span class='ocrx_word' id='word_1_689' title='bbox 3571 2837 3705 2892; x_wconf 88' lang='lat' dir='ltr'><strong>nobis</strong></span> 
     </span>
    </p>
   </div>
   <div class='ocr_carea' id='block_1_90' title="bbox 2125 2927 3695 3002">
    <p class='ocr_par' dir='ltr' id='par_1_90' title="bbox 2125 2927 3695 3002">
     <span class='ocr_line' id='line_1_90' title="bbox 2125 2927 3695 3002; baseline -0.003 -18"><span class='ocrx_word' id='word_1_690' title='bbox 2125 2932 2264 3001; x_wconf 80' lang='lat' dir='ltr'><strong>quod</strong></span> <span class='ocrx_word' id='word_1_691' title='bbox 2292 2932 2521 3002; x_wconf 88' lang='lat' dir='ltr'><strong>genitori</strong></span> <span class='ocrx_word' id='word_1_692' title='bbox 2551 2932 2880 3001; x_wconf 86' lang='lat' dir='ltr'><strong>propinquus</strong></span> <span class='ocrx_word' id='word_1_693' title='bbox 2909 2930 2980 2983; x_wconf 88' lang='lat' dir='ltr'><strong>sit</strong></span> <span class='ocrx_word' id='word_1_694' title='bbox 3003 2930 3359 2995; x_wconf 85' lang='lat' dir='ltr'><strong>demonstrat,</strong></span> <span class='ocrx_word' id='word_1_695' title='bbox 3391 2944 3545 2999; x_wconf 88' lang='lat' dir='ltr'><strong>quam</strong></span> <span class='ocrx_word' id='word_1_696' title='bbox 3570 2927 3695 2998; x_wconf 91' lang='lat' dir='ltr'><strong>quod</strong></span> 
     </span>
    </p>
   </div>
   <div class='ocr_carea' id='block_1_91' title="bbox 2123 3022 3697 3092">
    <p class='ocr_par' dir='ltr' id='par_1_91' title="bbox 2123 3022 3697 3092">
     <span class='ocr_line' id='line_1_91' title="bbox 2123 3022 3697 3092; baseline -0.002 -14"><span class='ocrx_word' id='word_1_697' title='bbox 2123 3042 2152 3078; x_wconf 91' lang='lat' dir='ltr'><strong>a</strong></span> <span class='ocrx_word' id='word_1_698' title='bbox 2179 3026 2380 3079; x_wconf 69' lang='lat' dir='ltr'><strong>dextris</strong></span> <span class='ocrx_word' id='word_1_699' title='bbox 2420 3025 2620 3080; x_wconf 90' lang='lat' dir='ltr'><strong>sedeat.</strong></span> <span class='ocrx_word' id='word_1_700' title='bbox 2652 3024 2832 3092; x_wconf 79' lang='lat' dir='ltr'><strong>Neque</strong></span> <span class='ocrx_word' id='word_1_701' title='bbox 2857 3024 2999 3078; x_wconf 91' lang='lat' dir='ltr'><strong>enim</strong></span> <span class='ocrx_word' id='word_1_702' title='bbox 3025 3022 3180 3077; x_wconf 86' lang='lat' dir='ltr'><strong>Pater</strong></span> <span class='ocrx_word' id='word_1_703' title='bbox 3209 3024 3262 3077; x_wconf 90' lang='lat' dir='ltr'><strong>in</strong></span> <span class='ocrx_word' id='word_1_704' title='bbox 3310 3025 3428 3077; x_wconf 93' lang='lat' dir='ltr'><strong>sinu</strong></span> <span class='ocrx_word' id='word_1_705' title='bbox 3456 3038 3549 3077; x_wconf 90' lang='lat' dir='ltr'><strong>suo</strong></span> <span class='ocrx_word' id='word_1_706' title='bbox 3592 3036 3697 3076; x_wconf 87' lang='lat' dir='ltr'><strong>esse</strong></span> 
     </span>
    </p>
   </div>
   <div class='ocr_carea' id='block_1_92' title="bbox 2127 3116 3710 3188">
    <p class='ocr_par' dir='ltr' id='par_1_92' title="bbox 2127 3116 3710 3188">
     <span class='ocr_line' id='line_1_92' title="bbox 2127 3116 3710 3188; baseline -0.003 -15"><span class='ocrx_word' id='word_1_707' title='bbox 2127 3119 2321 3173; x_wconf 87' lang='lat' dir='ltr'><strong>Filium</strong></span> <span class='ocrx_word' id='word_1_708' title='bbox 2342 3128 2632 3188; x_wconf 84' lang='lat' dir='ltr'><strong>pateretur,</strong></span> <span class='ocrx_word' id='word_1_709' title='bbox 2657 3118 2758 3172; x_wconf 89' lang='lat' dir='ltr'><strong>nisi</strong></span> <span class='ocrx_word' id='word_1_710' title='bbox 2780 3116 3021 3187; x_wconf 86' lang='lat' dir='ltr'><strong>ejusdem</strong></span> <span class='ocrx_word' id='word_1_711' title='bbox 3045 3116 3359 3173; x_wconf 82' lang='lat' dir='ltr'><strong>subStantiae</strong></span> <span class='ocrx_word' id='word_1_712' title='bbox 3380 3125 3535 3178; x_wconf 85' lang='lat' dir='ltr'><strong>esset,</strong></span> <span class='ocrx_word' id='word_1_713' title='bbox 3557 3129 3710 3184; x_wconf 88' lang='lat' dir='ltr'><strong>neque</strong></span> 
     </span>
    </p>
   </div>
   <div class='ocr_carea' id='block_1_93' title="bbox 2126 3206 3707 3280">
    <p class='ocr_par' dir='ltr' id='par_1_93' title="bbox 2126 3206 3707 3280">
     <span class='ocr_line' id='line_1_93' title="bbox 2126 3206 3707 3280; baseline -0.004 -16"><span class='ocrx_word' id='word_1_714' title='bbox 2126 3210 2239 3280; x_wconf 91' lang='lat' dir='ltr'><strong>ipse</strong></span> <span class='ocrx_word' id='word_1_715' title='bbox 2267 3209 2455 3277; x_wconf 79' lang='lat' dir='ltr'><strong>Filius,</strong></span> <span class='ocrx_word' id='word_1_716' title='bbox 2486 3210 2529 3263; x_wconf 91' lang='lat' dir='ltr'><strong>si</strong></span> <span class='ocrx_word' id='word_1_717' title='bbox 2560 3208 2834 3263; x_wconf 88' lang='lat' dir='ltr'><strong>inferioris</strong></span> <span class='ocrx_word' id='word_1_718' title='bbox 2858 3215 3006 3263; x_wconf 89' lang='lat' dir='ltr'><strong>esset</strong></span> <span class='ocrx_word' id='word_1_719' title='bbox 3027 3218 3254 3274; x_wconf 62' lang='lat' dir='ltr'><strong>naturas,</strong></span> <span class='ocrx_word' id='word_1_720' title='bbox 3288 3208 3340 3262; x_wconf 92' lang='lat' dir='ltr'><strong>in</strong></span> <span class='ocrx_word' id='word_1_721' title='bbox 3372 3217 3585 3278; x_wconf 88' lang='lat' dir='ltr'><strong>paterno</strong></span> <span class='ocrx_word' id='word_1_722' title='bbox 3604 3206 3707 3260; x_wconf 82' lang='lat' dir='ltr'><strong>sinu</strong></span> 
     </span>
    </p>
   </div>
   <div class='ocr_carea' id='block_1_94' title="bbox 2126 3300 3709 3371">
    <p class='ocr_par' dir='ltr' id='par_1_94' title="bbox 2126 3300 3709 3371">
     <span class='ocr_line' id='line_1_94' title="bbox 2126 3300 3709 3371; baseline -0.004 -15"><span class='ocrx_word' id='word_1_723' title='bbox 2126 3303 2326 3359; x_wconf 79' lang='lat' dir='ltr'><strong>versari</strong></span> <span class='ocrx_word' id='word_1_724' title='bbox 2353 3304 2660 3358; x_wconf 80' lang='lat' dir='ltr'><strong>sustineret.</strong></span> <span class='ocrx_word' id='word_1_725' title='bbox 2696 3301 2763 3357; x_wconf 83' lang='lat' dir='ltr'><strong>Ut</strong></span> <span class='ocrx_word' id='word_1_726' title='bbox 2793 3300 2959 3356; x_wconf 86' lang='lat' dir='ltr'><strong>Filius</strong></span> <span class='ocrx_word' id='word_1_727' title='bbox 2988 3315 3115 3370; x_wconf 85' lang='lat' dir='ltr'><strong>ergo</strong></span> <span class='ocrx_word' id='word_1_728' title='bbox 3137 3308 3191 3355; x_wconf 90' lang='lat' dir='ltr'><strong>et</strong></span> <span class='ocrx_word' id='word_1_729' title='bbox 3221 3300 3543 3371; x_wconf 89' lang='lat' dir='ltr'><strong>unigenitus,</strong></span> <span class='ocrx_word' id='word_1_730' title='bbox 3566 3307 3709 3366; x_wconf 84' lang='lat' dir='ltr'><strong>atque</strong></span> 
     </span>
    </p>
   </div>
   <div class='ocr_carea' id='block_1_95' title="bbox 2128 3392 3712 3464">
    <p class='ocr_par' dir='ltr' id='par_1_95' title="bbox 2128 3392 3712 3464">
     <span class='ocr_line' id='line_1_95' title="bbox 2128 3392 3712 3464; baseline -0.005 -14"><span class='ocrx_word' id='word_1_731' title='bbox 2128 3396 2180 3450; x_wconf 91' lang='lat' dir='ltr'><strong>in</strong></span> <span class='ocrx_word' id='word_1_732' title='bbox 2209 3396 2329 3451; x_wconf 92' lang='lat' dir='ltr'><strong>sinu</strong></span> <span class='ocrx_word' id='word_1_733' title='bbox 2360 3404 2583 3464; x_wconf 86' lang='lat' dir='ltr'><strong>paterno</strong></span> <span class='ocrx_word' id='word_1_734' title='bbox 2623 3409 2863 3460; x_wconf 88' lang='lat' dir='ltr'><strong>versans,</strong></span> <span class='ocrx_word' id='word_1_735' title='bbox 2892 3394 3069 3447; x_wconf 91' lang='lat' dir='ltr'><strong>omnia</strong></span> <span class='ocrx_word' id='word_1_736' title='bbox 3097 3407 3216 3462; x_wconf 74' lang='lat' dir='ltr'><strong>qua:</strong></span> <span class='ocrx_word' id='word_1_737' title='bbox 3248 3392 3426 3447; x_wconf 79' lang='lat' dir='ltr'><strong>Patris</strong></span> <span class='ocrx_word' id='word_1_738' title='bbox 3452 3400 3567 3445; x_wconf 90' lang='lat' dir='ltr'><strong>sunt</strong></span> <span class='ocrx_word' id='word_1_739' title='bbox 3605 3404 3712 3459; x_wconf 88' lang='lat' dir='ltr'><strong>pcr-</strong></span> 
     </span>
    </p>
   </div>
   <div class='ocr_carea' id='block_1_96' title="bbox 2128 3484 3708 3557">
    <p class='ocr_par' dir='ltr' id='par_1_96' title="bbox 2128 3484 3708 3557">
     <span class='ocr_line' id='line_1_96' title="bbox 2128 3484 3708 3557; baseline -0.006 -14"><span class='ocrx_word' id='word_1_740' title='bbox 2128 3487 2266 3544; x_wconf 83' lang='lat' dir='ltr'><strong>fecle</strong></span> <span class='ocrx_word' id='word_1_741' title='bbox 2312 3488 2475 3543; x_wconf 84' lang='lat' dir='ltr'><strong>novit.</strong></span> <span class='ocrx_word' id='word_1_742' title='bbox 2523 3488 2862 3557; x_wconf 84' lang='lat' dir='ltr'><strong>Quapropter</strong></span> <span class='ocrx_word' id='word_1_743' title='bbox 2910 3485 2995 3540; x_wconf 91' lang='lat' dir='ltr'><strong>his</strong></span> <span class='ocrx_word' id='word_1_744' title='bbox 3043 3485 3385 3555; x_wconf 84' lang='lat' dir='ltr'><strong>Evangelista</strong></span> <span class='ocrx_word' id='word_1_745' title='bbox 3428 3484 3598 3540; x_wconf 87' lang='lat' dir='ltr'><strong>verbis</strong></span> <span class='ocrx_word' id='word_1_746' title='bbox 3637 3488 3708 3536; x_wconf 88' lang='lat' dir='ltr'><strong>est</strong></span> 
     </span>
    </p>
   </div>
   <div class='ocr_carea' id='block_1_97' title="bbox 2126 3571 3701 3647">
    <p class='ocr_par' dir='ltr' id='par_1_97' title="bbox 2126 3571 3701 3647">
     <span class='ocr_line' id='line_1_97' title="bbox 2126 3571 3701 3647; baseline -0.007 -13"><span class='ocrx_word' id='word_1_747' title='bbox 2126 3595 2277 3647; x_wconf 72' lang='lat' dir='ltr'><strong>usus,</strong></span> <span class='ocrx_word' id='word_1_748' title='bbox 2310 3588 2367 3633; x_wconf 92' lang='lat' dir='ltr'><strong>ut</strong></span> <span class='ocrx_word' id='word_1_749' title='bbox 2393 3578 2513 3634; x_wconf 85' lang='lat' dir='ltr'><strong>Filii</strong></span> <span class='ocrx_word' id='word_1_750' title='bbox 2544 3585 2843 3633; x_wconf 87' lang='lat' dir='ltr'><strong>accuratam</strong></span> <span class='ocrx_word' id='word_1_751' title='bbox 2875 3590 3034 3645; x_wconf 87' lang='lat' dir='ltr'><strong>quam</strong></span> <span class='ocrx_word' id='word_1_752' title='bbox 3078 3575 3146 3631; x_wconf 90' lang='lat' dir='ltr'><strong>de</strong></span> <span class='ocrx_word' id='word_1_753' title='bbox 3172 3575 3333 3631; x_wconf 87' lang='lat' dir='ltr'><strong>Patre</strong></span> <span class='ocrx_word' id='word_1_754' title='bbox 3359 3575 3514 3630; x_wconf 83' lang='lat' dir='ltr'><strong>habet</strong></span> <span class='ocrx_word' id='word_1_755' title='bbox 3536 3571 3701 3642; x_wconf 89' lang='lat' dir='ltr'><strong>cogni-</strong></span> 
     </span>
    </p>
   </div>
   <div class='ocr_carea' id='block_1_98' title="bbox 2129 3667 3709 3737">
    <p class='ocr_par' dir='ltr' id='par_1_98' title="bbox 2129 3667 3709 3737">
     <span class='ocr_line' id='line_1_98' title="bbox 2129 3667 3709 3737; baseline -0.007 -13"><span class='ocrx_word' id='word_1_756' title='bbox 2129 3670 2330 3724; x_wconf 91' lang='lat' dir='ltr'><strong>tionem</strong></span> <span class='ocrx_word' id='word_1_757' title='bbox 2360 3670 2658 3725; x_wconf 87' lang='lat' dir='ltr'><strong>declararet</strong></span> <span class='ocrx_word' id='word_1_758' title='bbox 2699 3687 2713 3723; x_wconf 90' lang='lat'>:</span> <span class='ocrx_word' id='word_1_759' title='bbox 2769 3683 2889 3722; x_wconf 91' lang='lat' dir='ltr'><strong>nam</strong></span> <span class='ocrx_word' id='word_1_760' title='bbox 2930 3667 2998 3723; x_wconf 92' lang='lat' dir='ltr'><strong>de</strong></span> <span class='ocrx_word' id='word_1_761' title='bbox 3041 3667 3350 3737; x_wconf 80' lang='lat' dir='ltr'><strong>cognitione</strong></span> <span class='ocrx_word' id='word_1_762' title='bbox 3392 3680 3565 3723; x_wconf 90' lang='lat' dir='ltr'><strong>sermo</strong></span> <span class='ocrx_word' id='word_1_763' title='bbox 3592 3672 3709 3718; x_wconf 88' lang='lat' dir='ltr'><strong>erat.</strong></span> 
     </span>
    </p>
   </div>
   <div class='ocr_carea' id='block_1_99' title="bbox 2129 3753 3713 3829">
    <p class='ocr_par' dir='ltr' id='par_1_99' title="bbox 2129 3753 3713 3829">
     <span class='ocr_line' id='line_1_99' title="bbox 2129 3753 3713 3829; baseline -0.006 -13"><span class='ocrx_word' id='word_1_764' title='bbox 2129 3761 2283 3829; x_wconf 87' lang='lat' dir='ltr'><strong>Quod</strong></span> <span class='ocrx_word' id='word_1_765' title='bbox 2328 3762 2427 3816; x_wconf 57' lang='lat' dir='ltr'><strong>nisi</strong></span> <span class='ocrx_word' id='word_1_766' title='bbox 2473 3762 2542 3816; x_wconf 90' lang='lat' dir='ltr'><strong>ita</strong></span> <span class='ocrx_word' id='word_1_767' title='bbox 2572 3771 2755 3825; x_wconf 89' lang='lat' dir='ltr'><strong>esset,</strong></span> <span class='ocrx_word' id='word_1_768' title='bbox 2783 3776 2880 3815; x_wconf 91' lang='lat' dir='ltr'><strong>cur</strong></span> <span class='ocrx_word' id='word_1_769' title='bbox 2920 3761 3069 3814; x_wconf 89' lang='lat' dir='ltr'><strong>sinus</strong></span> <span class='ocrx_word' id='word_1_770' title='bbox 3097 3757 3469 3814; x_wconf 80' lang='lat' dir='ltr'><strong>memoratur?</strong></span> <span class='ocrx_word' id='word_1_771' title='bbox 3512 3756 3635 3812; x_wconf 85' lang='lat' dir='ltr'><strong>Nam</strong></span> <span class='ocrx_word' id='word_1_772' title='bbox 3673 3753 3713 3807; x_wconf 93' lang='lat' dir='ltr'><strong>si</strong></span> 
     </span>
    </p>
   </div>
   <div class='ocr_carea' id='block_1_100' title="bbox 2129 3847 3715 3923">
    <p class='ocr_par' dir='ltr' id='par_1_100' title="bbox 2129 3847 3715 3923">
     <span class='ocr_line' id='line_1_100' title="bbox 2129 3847 3715 3923; baseline -0.009 -12"><span class='ocrx_word' id='word_1_773' title='bbox 2129 3856 2269 3911; x_wconf 85' lang='lat' dir='ltr'><strong>Deus</strong></span> <span class='ocrx_word' id='word_1_774' title='bbox 2291 3871 2394 3909; x_wconf 87' lang='lat' dir='ltr'><strong>non</strong></span> <span class='ocrx_word' id='word_1_775' title='bbox 2417 3856 2485 3910; x_wconf 86' lang='lat' dir='ltr'><strong>sit</strong></span> <span class='ocrx_word' id='word_1_776' title='bbox 2507 3868 2723 3923; x_wconf 91' lang='lat' dir='ltr'><strong>corpus,</strong></span> <span class='ocrx_word' id='word_1_777' title='bbox 2754 3860 2810 3905; x_wconf 92' lang='lat' dir='ltr'><strong>ut</strong></span> <span class='ocrx_word' id='word_1_778' title='bbox 2830 3866 2955 3906; x_wconf 88' lang='lat' dir='ltr'><strong>vere</strong></span> <span class='ocrx_word' id='word_1_779' title='bbox 2978 3866 3084 3906; x_wconf 93' lang='lat' dir='ltr'><strong>non</strong></span> <span class='ocrx_word' id='word_1_780' title='bbox 3111 3859 3213 3917; x_wconf 90' lang='lat' dir='ltr'><strong>est,</strong></span> <span class='ocrx_word' id='word_1_781' title='bbox 3239 3866 3415 3921; x_wconf 88' lang='lat' dir='ltr'><strong>neque</strong></span> <span class='ocrx_word' id='word_1_782' title='bbox 3434 3847 3715 3920; x_wconf 86' lang='lat' dir='ltr'><strong>genuinitas</strong></span> 
     </span>
    </p>
   </div>
   <div class='ocr_carea' id='block_1_101' title="bbox 2130 3940 3714 4018">
    <p class='ocr_par' dir='ltr' id='par_1_101' title="bbox 2130 3940 3714 4018">
     <span class='ocr_line' id='line_1_101' title="bbox 2130 3940 3714 4018; baseline -0.009 -15"><span class='ocrx_word' id='word_1_783' title='bbox 2130 3958 2187 4003; x_wconf 89' lang='lat' dir='ltr'><strong>et</strong></span> <span class='ocrx_word' id='word_1_784' title='bbox 2247 3947 2614 4018; x_wconf 84' lang='lat' dir='ltr'><strong>prepinquitas</strong></span> <span class='ocrx_word' id='word_1_785' title='bbox 2666 3944 2783 3999; x_wconf 82' lang='lat' dir='ltr'><strong>Filii</strong></span> <span class='ocrx_word' id='word_1_786' title='bbox 2840 3959 2964 4013; x_wconf 89' lang='lat' dir='ltr'><strong>erga</strong></span> <span class='ocrx_word' id='word_1_787' title='bbox 3021 3942 3318 4013; x_wconf 84' lang='lat' dir='ltr'><strong>genitorem</strong></span> <span class='ocrx_word' id='word_1_788' title='bbox 3371 3940 3714 4012; x_wconf 64' lang='lat' dir='ltr'><strong>significetur.</strong></span> 
     </span>
    </p>
   </div>
   <div class='ocr_carea' id='block_1_102' title="bbox 2124 4031 3711 4102">
    <p class='ocr_par' dir='ltr' id='par_1_102' title="bbox 2124 4031 3711 4102">
     <span class='ocr_line' id='line_1_102' title="bbox 2124 4031 3711 4102; baseline -0.011 -7"><span class='ocrx_word' id='word_1_789' title='bbox 2124 4040 2328 4096; x_wconf 73' lang='lat' dir='ltr'><strong>frustra</strong></span> <span class='ocrx_word' id='word_1_790' title='bbox 2371 4053 2435 4092; x_wconf 90' lang='lat' dir='ltr'><strong>ac</strong></span> <span class='ocrx_word' id='word_1_791' title='bbox 2460 4038 2575 4091; x_wconf 88' lang='lat' dir='ltr'><strong>sine</strong></span> <span class='ocrx_word' id='word_1_792' title='bbox 2598 4051 2758 4091; x_wconf 77' lang='lat' dir='ltr'><strong>causa</strong></span> <span class='ocrx_word' id='word_1_793' title='bbox 2788 4034 2890 4089; x_wconf 91' lang='lat' dir='ltr'><strong>hoc</strong></span> <span class='ocrx_word' id='word_1_794' title='bbox 2917 4035 3117 4088; x_wconf 91' lang='lat' dir='ltr'><strong>dictum</strong></span> <span class='ocrx_word' id='word_1_795' title='bbox 3157 4032 3413 4102; x_wconf 88' lang='lat' dir='ltr'><strong>injectum</strong></span> <span class='ocrx_word' id='word_1_796' title='bbox 3443 4031 3537 4085; x_wconf 88' lang='lat' dir='ltr'><strong>fuit</strong></span> <span class='ocrx_word' id='word_1_797' title='bbox 3560 4071 3573 4093; x_wconf 93' lang='lat'><strong>,</strong></span> <span class='ocrx_word' id='word_1_798' title='bbox 3603 4041 3711 4080; x_wconf 86' lang='lat' dir='ltr'><strong>cum</strong></span> 
     </span>
    </p>
   </div>
   <div class='ocr_carea' id='block_1_103' title="bbox 2132 4123 3713 4195">
    <p class='ocr_par' dir='ltr' id='par_1_103' title="bbox 2132 4123 3713 4195">
     <span class='ocr_line' id='line_1_103' title="bbox 2132 4123 3713 4195; baseline -0.01 -10"><span class='ocrx_word' id='word_1_799' title='bbox 2132 4131 2333 4185; x_wconf 88' lang='lat' dir='ltr'><strong>nullius</strong></span> <span class='ocrx_word' id='word_1_800' title='bbox 2354 4130 2506 4185; x_wconf 83' lang='lat' dir='ltr'><strong>nobis</strong></span> <span class='ocrx_word' id='word_1_801' title='bbox 2530 4130 2599 4183; x_wconf 88' lang='lat' dir='ltr'><strong>sit</strong></span> <span class='ocrx_word' id='word_1_802' title='bbox 2623 4144 2770 4183; x_wconf 88' lang='lat' dir='ltr'><strong>usus.</strong></span> <span class='ocrx_word' id='word_1_803' title='bbox 2795 4127 2988 4182; x_wconf 79' lang='lat' dir='ltr'><strong>Verum</strong></span> <span class='ocrx_word' id='word_1_804' title='bbox 3012 4141 3121 4181; x_wconf 82' lang='lat' dir='ltr'><strong>non</strong></span> <span class='ocrx_word' id='word_1_805' title='bbox 3147 4123 3345 4180; x_wconf 84' lang='lat' dir='ltr'><strong>frustra</strong></span> <span class='ocrx_word' id='word_1_806' title='bbox 3363 4125 3605 4195; x_wconf 87' lang='lat' dir='ltr'><strong>injectum</strong></span> <span class='ocrx_word' id='word_1_807' title='bbox 3625 4129 3713 4173; x_wconf 88' lang='lat' dir='ltr'><strong>est:</strong></span> 
     </span>
    </p>
   </div>
   <div class='ocr_carea' id='block_1_104' title="bbox 2133 4214 3703 4292">
    <p class='ocr_par' dir='ltr' id='par_1_104' title="bbox 2133 4214 3703 4292">
     <span class='ocr_line' id='line_1_104' title="bbox 2133 4214 3703 4292; baseline -0.01 -15"><span class='ocrx_word' id='word_1_808' title='bbox 2133 4223 2306 4287; x_wconf 84' lang='lat' dir='ltr'><strong>absit;</strong></span> <span class='ocrx_word' id='word_1_809' title='bbox 2337 4236 2509 4292; x_wconf 89' lang='lat' dir='ltr'><strong>neque</strong></span> <span class='ocrx_word' id='word_1_810' title='bbox 2527 4222 2669 4275; x_wconf 90' lang='lat' dir='ltr'><strong>enim</strong></span> <span class='ocrx_word' id='word_1_811' title='bbox 2697 4229 2896 4275; x_wconf 89' lang='lat' dir='ltr'><strong>temere</strong></span> <span class='ocrx_word' id='word_1_812' title='bbox 2918 4217 3148 4288; x_wconf 90' lang='lat' dir='ltr'><strong>Spiritus</strong></span> <span class='ocrx_word' id='word_1_813' title='bbox 3178 4218 3443 4287; x_wconf 90' lang='lat' dir='ltr'><strong>loquitur;</strong></span> <span class='ocrx_word' id='word_1_814' title='bbox 3476 4214 3564 4270; x_wconf 92' lang='lat' dir='ltr'><strong>sed</strong></span> <span class='ocrx_word' id='word_1_815' title='bbox 3592 4226 3703 4282; x_wconf 88' lang='lat' dir='ltr'><strong>pro-</strong></span> 
     </span>
    </p>
   </div>
   <div class='ocr_carea' id='block_1_105' title="bbox 2134 4300 3715 4384">
    <p class='ocr_par' dir='ltr' id='par_1_105' title="bbox 2134 4300 3715 4384">
     <span class='ocr_line' id='line_1_105' title="bbox 2134 4300 3715 4384; baseline -0.009 -18"><span class='ocrx_word' id='word_1_816' title='bbox 2134 4313 2481 4384; x_wconf 89' lang='lat' dir='ltr'><strong>pinquitatem</strong></span> <span class='ocrx_word' id='word_1_817' title='bbox 2527 4311 2645 4366; x_wconf 88' lang='lat' dir='ltr'><strong>Filii</strong></span> <span class='ocrx_word' id='word_1_818' title='bbox 2684 4326 2808 4380; x_wconf 85' lang='lat' dir='ltr'><strong>erga</strong></span> <span class='ocrx_word' id='word_1_819' title='bbox 2858 4313 3069 4363; x_wconf 81' lang='lat' dir='ltr'><strong>Patrem</strong></span> <span class='ocrx_word' id='word_1_820' title='bbox 3100 4309 3386 4379; x_wconf 88' lang='lat' dir='ltr'><strong>significat.</strong></span> <span class='ocrx_word' id='word_1_821' title='bbox 3418 4308 3544 4363; x_wconf 87' lang='lat' dir='ltr'><strong>Cum</strong></span> <span class='ocrx_word' id='word_1_822' title='bbox 3590 4300 3715 4358; x_wconf 90' lang='lat' dir='ltr'><strong>enim</strong></span> 
     </span>
    </p>
   </div>
   <div class='ocr_carea' id='block_1_106' title="bbox 2138 4395 3719 4472">
    <p class='ocr_par' dir='ltr' id='par_1_106' title="bbox 2138 4395 3719 4472">
     <span class='ocr_line' id='line_1_106' title="bbox 2138 4395 3719 4472; baseline -0.009 -14"><span class='ocrx_word' id='word_1_823' title='bbox 2138 4420 2251 4458; x_wconf 90' lang='lat' dir='ltr'><strong>rem</strong></span> <span class='ocrx_word' id='word_1_824' title='bbox 2300 4416 2547 4472; x_wconf 87' lang='lat' dir='ltr'><strong>magnam</strong></span> <span class='ocrx_word' id='word_1_825' title='bbox 2592 4402 2908 4455; x_wconf 83' lang='lat' dir='ltr'><strong>asseruisset</strong></span> <span class='ocrx_word' id='word_1_826' title='bbox 2959 4398 3331 4467; x_wconf 83' lang='lat' dir='ltr'><strong>Evangelista,</strong></span> <span class='ocrx_word' id='word_1_827' title='bbox 3383 4395 3523 4467; x_wconf 93' lang='lat' dir='ltr'><strong>quod</strong></span> <span class='ocrx_word' id='word_1_828' title='bbox 3565 4405 3719 4460; x_wconf 89' lang='lat' dir='ltr'><strong>neque</strong></span> 
     </span>
    </p>
   </div>
   <div class='ocr_carea' id='block_1_107' title="bbox 2140 4486 3724 4566">
    <p class='ocr_par' dir='ltr' id='par_1_107' title="bbox 2140 4486 3724 4566">
     <span class='ocr_line' id='line_1_107' title="bbox 2140 4486 3724 4566; baseline -0.011 -13"><span class='ocrx_word' id='word_1_829' title='bbox 2140 4511 2369 4566; x_wconf 85' lang='lat' dir='ltr'><strong>superna</strong></span> <span class='ocrx_word' id='word_1_830' title='bbox 2398 4504 2643 4549; x_wconf 90' lang='lat' dir='ltr'><strong>creatura</strong></span> <span class='ocrx_word' id='word_1_831' title='bbox 2670 4494 2843 4562; x_wconf 90' lang='lat' dir='ltr'><strong>ipsum</strong></span> <span class='ocrx_word' id='word_1_832' title='bbox 2870 4492 3045 4546; x_wconf 87' lang='lat' dir='ltr'><strong>videat</strong></span> <span class='ocrx_word' id='word_1_833' title='bbox 3071 4534 3085 4557; x_wconf 84' lang='lat'><strong>,</strong></span> <span class='ocrx_word' id='word_1_834' title='bbox 3138 4492 3187 4546; x_wconf 93' lang='lat' dir='ltr'><strong>id</strong></span> <span class='ocrx_word' id='word_1_835' title='bbox 3219 4501 3305 4545; x_wconf 86' lang='lat' dir='ltr'><strong>est</strong></span> <span class='ocrx_word' id='word_1_836' title='bbox 3329 4533 3343 4555; x_wconf 93' lang='lat'><strong>,</strong></span> <span class='ocrx_word' id='word_1_837' title='bbox 3391 4486 3614 4560; x_wconf 85' lang='lat' dir='ltr'><strong>perfecte</strong></span> <span class='ocrx_word' id='word_1_838' title='bbox 3640 4497 3724 4536; x_wconf 89' lang='lat' dir='ltr'><strong>co-</strong></span> 
     </span>
    </p>
   </div>
   <div class='ocr_carea' id='block_1_108' title="bbox 2138 4574 3722 4659">
    <p class='ocr_par' dir='ltr' id='par_1_108' title="bbox 2138 4574 3722 4659">
     <span class='ocr_line' id='line_1_108' title="bbox 2138 4574 3722 4659; baseline -0.008 -20"><span class='ocrx_word' id='word_1_839' title='bbox 2138 4596 2361 4659; x_wconf 73' lang='lat' dir='ltr'><strong>gnoscat</strong></span> <span class='ocrx_word' id='word_1_840' title='bbox 2383 4629 2397 4648; x_wconf 84' lang='lat'><strong>.</strong></span> <span class='ocrx_word' id='word_1_841' title='bbox 2429 4596 2486 4641; x_wconf 90' lang='lat' dir='ltr'><strong>ut</strong></span> <span class='ocrx_word' id='word_1_842' title='bbox 2513 4586 2614 4641; x_wconf 83' lang='lat' dir='ltr'><strong>fide</strong></span> <span class='ocrx_word' id='word_1_843' title='bbox 2655 4586 2872 4655; x_wconf 91' lang='lat' dir='ltr'><strong>dignum</strong></span> <span class='ocrx_word' id='word_1_844' title='bbox 2906 4584 3061 4653; x_wconf 87' lang='lat' dir='ltr'><strong>hujus</strong></span> <span class='ocrx_word' id='word_1_845' title='bbox 3107 4584 3178 4637; x_wconf 90' lang='lat' dir='ltr'><strong>rei</strong></span> <span class='ocrx_word' id='word_1_846' title='bbox 3212 4585 3229 4615; x_wconf 77' lang='grc' dir='ltr'>ί</span> <span class='ocrx_word' id='word_1_847' title='bbox 3261 4584 3529 4637; x_wconf 88' lang='lat' dir='ltr'><strong>doctorem</strong></span> <span class='ocrx_word' id='word_1_848' title='bbox 3573 4574 3722 4630; x_wconf 85' lang='lat' dir='ltr'><strong>addu-</strong></span> 
     </span>
    </p>
   </div>
   <div class='ocr_carea' id='block_1_109' title="bbox 2142 4668 3721 4746">
    <p class='ocr_par' dir='ltr' id='par_1_109' title="bbox 2142 4668 3721 4746">
     <span class='ocr_line' id='line_1_109' title="bbox 2142 4668 3721 4746; baseline -0.011 -12"><span class='ocrx_word' id='word_1_849' title='bbox 2142 4688 2311 4745; x_wconf 86' lang='lat' dir='ltr'><strong>ceret,</strong></span> <span class='ocrx_word' id='word_1_850' title='bbox 2343 4679 2459 4733; x_wconf 80' lang='lat' dir='ltr'><strong>hacc</strong></span> <span class='ocrx_word' id='word_1_851' title='bbox 2505 4678 2669 4734; x_wconf 88' lang='lat' dir='ltr'><strong>verba</strong></span> <span class='ocrx_word' id='word_1_852' title='bbox 2701 4678 2957 4746; x_wconf 90' lang='lat' dir='ltr'><strong>protulit,</strong></span> <span class='ocrx_word' id='word_1_853' title='bbox 2990 4685 3048 4730; x_wconf 91' lang='lat' dir='ltr'><strong>ut</strong></span> <span class='ocrx_word' id='word_1_854' title='bbox 3076 4676 3176 4745; x_wconf 80' lang='lat' dir='ltr'><strong>ipsi</strong></span> <span class='ocrx_word' id='word_1_855' title='bbox 3199 4716 3214 4741; x_wconf 93' lang='lat'><strong>,</strong></span> <span class='ocrx_word' id='word_1_856' title='bbox 3250 4684 3501 4743; x_wconf 88' lang='lat' dir='ltr'><strong>tanquam</strong></span> <span class='ocrx_word' id='word_1_857' title='bbox 3548 4668 3649 4723; x_wconf 83' lang='lat' dir='ltr'><strong>lilio</strong></span> <span class='ocrx_word' id='word_1_858' title='bbox 3675 4672 3721 4717; x_wconf 88' lang='lat' dir='ltr'><strong>et</strong></span> 
     </span>
    </p>
   </div>
   <div class='ocr_carea' id='block_1_110' title="bbox 2143 4757 3722 4841">
    <p class='ocr_par' dir='ltr' id='par_1_110' title="bbox 2143 4757 3722 4841">
     <span class='ocr_line' id='line_1_110' title="bbox 2143 4757 3722 4841; baseline -0.011 -16"><span class='ocrx_word' id='word_1_859' title='bbox 2143 4769 2421 4841; x_wconf 87' lang='lat' dir='ltr'><strong>unigenito</strong></span> <span class='ocrx_word' id='word_1_860' title='bbox 2469 4772 2523 4825; x_wconf 91' lang='lat' dir='ltr'><strong>in</strong></span> <span class='ocrx_word' id='word_1_861' title='bbox 2565 4771 2792 4839; x_wconf 87' lang='lat' dir='ltr'><strong>sinuque</strong></span> <span class='ocrx_word' id='word_1_862' title='bbox 2841 4778 3062 4837; x_wconf 84' lang='lat' dir='ltr'><strong>paterno</strong></span> <span class='ocrx_word' id='word_1_863' title='bbox 3091 4768 3364 4827; x_wconf 74' lang='lat' dir='ltr'><strong>versanti,</strong></span> <span class='ocrx_word' id='word_1_864' title='bbox 3398 4766 3449 4817; x_wconf 89' lang='lat' dir='ltr'><strong>in</strong></span> <span class='ocrx_word' id='word_1_865' title='bbox 3495 4757 3722 4816; x_wconf 86' lang='lat' dir='ltr'><strong>omnibus</strong></span> 
     </span>
    </p>
   </div>
   <div class='ocr_carea' id='block_1_111' title="bbox 2147 4852 3723 4929">
    <p class='ocr_par' dir='ltr' id='par_1_111' title="bbox 2147 4852 3723 4929">
     <span class='ocr_line' id='line_1_111' title="bbox 2147 4852 3723 4929; baseline -0.014 -12"><span class='ocrx_word' id='word_1_866' title='bbox 2147 4862 2305 4917; x_wconf 82' lang='lat' dir='ltr'><strong>fidem</strong></span> <span class='ocrx_word' id='word_1_867' title='bbox 2336 4862 2579 4927; x_wconf 88' lang='lat' dir='ltr'><strong>haberes,</strong></span> <span class='ocrx_word' id='word_1_868' title='bbox 2609 4875 2784 4929; x_wconf 89' lang='lat' dir='ltr'><strong>neque</strong></span> <span class='ocrx_word' id='word_1_869' title='bbox 2813 4859 3037 4913; x_wconf 84' lang='lat' dir='ltr'><strong>ulterius</strong></span> <span class='ocrx_word' id='word_1_870' title='bbox 3067 4857 3363 4912; x_wconf 88' lang='lat' dir='ltr'><strong>dubitares.</strong></span> <span class='ocrx_word' id='word_1_871' title='bbox 3394 4855 3446 4908; x_wconf 90' lang='lat' dir='ltr'><strong>Si</strong></span> <span class='ocrx_word' id='word_1_872' title='bbox 3477 4852 3590 4922; x_wconf 79' lang='lat' dir='ltr'><strong>quis</strong></span> <span class='ocrx_word' id='word_1_873' title='bbox 3612 4859 3723 4899; x_wconf 83' lang='lat' dir='ltr'><strong>vero</strong></span> 
     </span>
    </p>
   </div>
   <div class='ocr_carea' id='block_1_112' title="bbox 2149 4941 3720 5019">
    <p class='ocr_par' dir='ltr' id='par_1_112' title="bbox 2149 4941 3720 5019">
     <span class='ocr_line' id='line_1_112' title="bbox 2149 4941 3720 5019; baseline -0.013 -8"><span class='ocrx_word' id='word_1_874' title='bbox 2149 4972 2247 5011; x_wconf 86' lang='lat' dir='ltr'><strong>nec</strong></span> <span class='ocrx_word' id='word_1_875' title='bbox 2276 4954 2609 5010; x_wconf 83' lang='lat' dir='ltr'><strong>contentiose</strong></span> <span class='ocrx_word' id='word_1_876' title='bbox 2630 4965 2729 5005; x_wconf 84' lang='lat' dir='ltr'><strong>nec</strong></span> <span class='ocrx_word' id='word_1_877' title='bbox 2757 4950 3095 5019; x_wconf 87' lang='lat' dir='ltr'><strong>impudenter</strong></span> <span class='ocrx_word' id='word_1_878' title='bbox 3123 4963 3281 5019; x_wconf 88' lang='lat' dir='ltr'><strong>agere</strong></span> <span class='ocrx_word' id='word_1_879' title='bbox 3303 4946 3459 5007; x_wconf 81' lang='lat' dir='ltr'><strong>velit,</strong></span> <span class='ocrx_word' id='word_1_880' title='bbox 3514 4941 3720 5008; x_wconf 86' lang='lat' dir='ltr'><strong>idipsmn</strong></span> 
     </span>
    </p>
   </div>
   <div class='ocr_carea' id='block_1_113' title="bbox 2150 5028 3718 5112">
    <p class='ocr_par' dir='ltr' id='par_1_113' title="bbox 2150 5028 3718 5112">
     <span class='ocr_line' id='line_1_113' title="bbox 2150 5028 3718 5112; baseline -0.015 -10"><span class='ocrx_word' id='word_1_881' title='bbox 2150 5047 2500 5102; x_wconf 74' lang='lat' dir='ltr'><strong>mternitatem</strong></span> <span class='ocrx_word' id='word_1_882' title='bbox 2563 5043 2915 5112; x_wconf 85' lang='lat' dir='ltr'><strong>comprobare</strong></span> <span class='ocrx_word' id='word_1_883' title='bbox 2977 5041 3227 5095; x_wconf 80' lang='lat' dir='ltr'><strong>dixerim.</strong></span> <span class='ocrx_word' id='word_1_884' title='bbox 3280 5028 3718 5106; x_wconf 85' lang='lat' dir='ltr'><strong>Quemadmodum</strong></span> 
     </span>
    </p>
   </div>
   <div class='ocr_carea' id='block_1_114' title="bbox 2150 5130 3721 5207">
    <p class='ocr_par' dir='ltr' id='par_1_114' title="bbox 2150 5130 3721 5207">
     <span class='ocr_line' id='line_1_114' title="bbox 2150 5130 3721 5207; baseline -0.015 -13"><span class='ocrx_word' id='word_1_885' title='bbox 2150 5139 2292 5195; x_wconf 85' lang='lat' dir='ltr'><strong>enim</strong></span> <span class='ocrx_word' id='word_1_886' title='bbox 2322 5154 2385 5192; x_wconf 79' lang='lat' dir='ltr'><strong>ex</strong></span> <span class='ocrx_word' id='word_1_887' title='bbox 2411 5137 2500 5191; x_wconf 90' lang='lat' dir='ltr'><strong>illo</strong></span> <span class='ocrx_word' id='word_1_888' title='bbox 2528 5136 2595 5191; x_wconf 88' lang='lat' dir='ltr'><strong>ad</strong></span> <span class='ocrx_word' id='word_1_889' title='bbox 2615 5136 2829 5207; x_wconf 84' lang='lat' dir='ltr'><strong>Moysen</strong></span> <span class='ocrx_word' id='word_1_890' title='bbox 2855 5134 3019 5199; x_wconf 85' lang='lat' dir='ltr'><strong>dicto,</strong></span> <span class='ocrx_word' id='word_1_891' title='bbox 3057 5133 3163 5204; x_wconf 77' lang='lat' dir='ltr'><strong>Ego</strong></span> <span class='ocrx_word' id='word_1_892' title='bbox 3190 5148 3298 5185; x_wconf 83' lang='lat' dir='ltr'><strong>sum</strong></span> <span class='ocrx_word' id='word_1_893' title='bbox 3319 5130 3406 5202; x_wconf 86' lang='lat' dir='ltr'><strong>qui</strong></span> <span class='ocrx_word' id='word_1_894' title='bbox 3426 5142 3551 5190; x_wconf 82' lang='lat' dir='ltr'><strong>sum,</strong></span> <span class='ocrx_word' id='word_1_895' title='bbox 3578 5132 3721 5176; x_wconf 42' lang='lat' dir='ltr'><strong>a-tcr‘</strong></span> 
     </span>
    </p>
   </div>
   <div class='ocr_carea' id='block_1_115' title="bbox 2154 5210 3716 5291">
    <p class='ocr_par' dir='ltr' id='par_1_115' title="bbox 2154 5210 3716 5291">
     <span class='ocr_line' id='line_1_115' title="bbox 2154 5210 3716 5291; baseline -0.014 -7"><span class='ocrx_word' id='word_1_896' title='bbox 2154 5231 2371 5285; x_wconf 88' lang='lat' dir='ltr'><strong>nitatem</strong></span> <span class='ocrx_word' id='word_1_897' title='bbox 2401 5228 2719 5291; x_wconf 84' lang='lat' dir='ltr'><strong>ediscimus;</strong></span> <span class='ocrx_word' id='word_1_898' title='bbox 2751 5227 2827 5279; x_wconf 83' lang='lat' dir='ltr'><strong>sic</strong></span> <span class='ocrx_word' id='word_1_899' title='bbox 2851 5234 2906 5279; x_wconf 87' lang='lat' dir='ltr'><strong>et</strong></span> <span class='ocrx_word' id='word_1_900' title='bbox 2931 5241 2994 5278; x_wconf 82' lang='lat' dir='ltr'><strong>ex</strong></span> <span class='ocrx_word' id='word_1_901' title='bbox 3024 5224 3113 5277; x_wconf 90' lang='lat' dir='ltr'><strong>illo</strong></span> <span class='ocrx_word' id='word_1_902' title='bbox 3138 5265 3152 5290; x_wconf 93' lang='lat'><strong>,</strong></span> <span class='ocrx_word' id='word_1_903' title='bbox 3179 5222 3277 5289; x_wconf 85' lang='lat' dir='ltr'><strong>Qui</strong></span> <span class='ocrx_word' id='word_1_904' title='bbox 3304 5230 3376 5274; x_wconf 81' lang='lat' dir='ltr'><strong>est</strong></span> <span class='ocrx_word' id='word_1_905' title='bbox 3400 5220 3451 5272; x_wconf 87' lang='lat' dir='ltr'><strong>in</strong></span> <span class='ocrx_word' id='word_1_906' title='bbox 3477 5218 3587 5270; x_wconf 85' lang='lat' dir='ltr'><strong>sinu</strong></span> <span class='ocrx_word' id='word_1_907' title='bbox 3618 5210 3716 5263; x_wconf 85' lang='lat' dir='ltr'><strong>Pa-</strong></span> 
     </span>
    </p>
   </div>
   <div class='ocr_carea' id='block_1_116' title="bbox 2155 5299 3721 5393">
    <p class='ocr_par' dir='ltr' id='par_1_116' title="bbox 2155 5299 3721 5393">
     <span class='ocr_line' id='line_1_116' title="bbox 2155 5299 3721 5393; baseline -0.016 -17"><span class='ocrx_word' id='word_1_908' title='bbox 2155 5323 2245 5377; x_wconf 76' lang='lat' dir='ltr'><strong>tris</strong></span> <span class='ocrx_word' id='word_1_909' title='bbox 2272 5321 2289 5393; x_wconf 95' lang='lat'>(</span> <span class='ocrx_word' id='word_1_910' title='bbox 2315 5320 2482 5375; x_wconf 76' lang='lat' dir='ltr'><strong>Exod.</strong></span> <span class='ocrx_word' id='word_1_911' title='bbox 2516 5321 2567 5375; x_wconf 86' lang='lat'><strong>5.</strong></span> <span class='ocrx_word' id='word_1_912' title='bbox 2600 5319 2733 5388; x_wconf 70' lang='lat' dir='ltr'><strong>ll);</strong></span> <span class='ocrx_word' id='word_1_913' title='bbox 2781 5319 2951 5387; x_wconf 92' lang='lat' dir='ltr'><strong>ipsum</strong></span> <span class='ocrx_word' id='word_1_914' title='bbox 2979 5316 3048 5369; x_wconf 90' lang='lat' dir='ltr'><strong>ah</strong></span> <span class='ocrx_word' id='word_1_915' title='bbox 3074 5324 3273 5369; x_wconf 71' lang='lat' dir='ltr'><strong>mleruo</strong></span> <span class='ocrx_word' id='word_1_916' title='bbox 3317 5314 3366 5367; x_wconf 90' lang='lat' dir='ltr'><strong>in</strong></span> <span class='ocrx_word' id='word_1_917' title='bbox 3410 5311 3525 5363; x_wconf 89' lang='lat' dir='ltr'><strong>sinu</strong></span> <span class='ocrx_word' id='word_1_918' title='bbox 3570 5299 3721 5393; x_wconf 78' lang='lat' dir='ltr'><strong>l‘atris</strong></span> 
     </span>
    </p>
   </div>
   <div class='ocr_carea' id='block_1_117' title="bbox 2157 5392 3722 5482">
    <p class='ocr_par' dir='ltr' id='par_1_117' title="bbox 2157 5392 3722 5482">
     <span class='ocr_line' id='line_1_117' title="bbox 2157 5392 3722 5482; baseline -0.016 -15"><span class='ocrx_word' id='word_1_919' title='bbox 2157 5392 2521 5482; x_wconf 86' lang='lat' dir='ltr'><strong>essearguere</strong></span> <span class='ocrx_word' id='word_1_920' title='bbox 2545 5394 2847 5480; x_wconf 67' lang='lat' dir='ltr'><strong>possumus.</strong></span> <span class='ocrx_word' id='word_1_921' title='bbox 2878 5407 3029 5475; x_wconf 90' lang='lat' dir='ltr'><strong>Quod</strong></span> <span class='ocrx_word' id='word_1_922' title='bbox 3059 5407 3233 5477; x_wconf 88' lang='lat' dir='ltr'><strong>itaque</strong></span> <span class='ocrx_word' id='word_1_923' title='bbox 3254 5414 3507 5459; x_wconf 67' lang='lat' dir='ltr'><strong>creatum)</strong></span> <span class='ocrx_word' id='word_1_924' title='bbox 3527 5392 3722 5450; x_wconf 87' lang='lat' dir='ltr'><strong>cuilibet</strong></span> 
     </span>
    </p>
   </div>
   <div class='ocr_carea' id='block_1_118' title="bbox 2157 5484 3720 5569">
    <p class='ocr_par' dir='ltr' id='par_1_118' title="bbox 2157 5484 3720 5569">
     <span class='ocr_line' id='line_1_118' title="bbox 2157 5484 3720 5569; baseline -0.008 -11"><span class='ocrx_word' id='word_1_925' title='bbox 2157 5502 2454 5559; x_wconf 84' lang='lat' dir='ltr'><strong>substantia</strong></span> <span class='ocrx_word' id='word_1_926' title='bbox 2505 5502 2600 5557; x_wconf 92' lang='lat' dir='ltr'><strong>Dei</strong></span> <span class='ocrx_word' id='word_1_927' title='bbox 2649 5501 2720 5556; x_wconf 89' lang='lat' dir='ltr'><strong>sit</strong></span> <span class='ocrx_word' id='word_1_928' title='bbox 2764 5496 3315 5569; x_wconf 83' lang='lat' dir='ltr'><strong>incomprehensibilis</strong></span> <span class='ocrx_word' id='word_1_929' title='bbox 3361 5493 3441 5547; x_wconf 91' lang='lat' dir='ltr'><strong>his</strong></span> <span class='ocrx_word' id='word_1_930' title='bbox 3496 5484 3720 5541; x_wconf 73' lang='lat' dir='ltr'><strong>omnibus</strong></span> 
     </span>
    </p>
   </div>
   <div class='ocr_carea' id='block_1_119' title="bbox 2160 5577 3727 5653">
    <p class='ocr_par' dir='ltr' id='par_1_119' title="bbox 2160 5577 3727 5653">
     <span class='ocr_line' id='line_1_119' title="bbox 2160 5577 3727 5653; baseline -0.011 -2"><span class='ocrx_word' id='word_1_931' title='bbox 2160 5595 2584 5652; x_wconf 89' lang='lat' dir='ltr'><strong>demonstratum</strong></span> <span class='ocrx_word' id='word_1_932' title='bbox 2629 5603 2730 5649; x_wconf 89' lang='lat' dir='ltr'><strong>est.</strong></span> <span class='ocrx_word' id='word_1_933' title='bbox 2775 5593 2962 5653; x_wconf 81' lang='lat' dir='ltr'><strong>Restat</strong></span> <span class='ocrx_word' id='word_1_934' title='bbox 3002 5601 3058 5647; x_wconf 91' lang='lat' dir='ltr'><strong>ut</strong></span> <span class='ocrx_word' id='word_1_935' title='bbox 3107 5587 3448 5647; x_wconf 80' lang='lat' dir='ltr'><strong>ostendamus</strong></span> <span class='ocrx_word' id='word_1_936' title='bbox 3477 5580 3654 5639; x_wconf 81' lang='lat' dir='ltr'><strong>Filium</strong></span> <span class='ocrx_word' id='word_1_937' title='bbox 3680 5577 3727 5626; x_wconf 71' lang='lat' dir='ltr'><strong>cl</strong></span> 
     </span>
    </p>
   </div>
   <div class='ocr_carea' id='block_1_120' title="bbox 2225 5746 2825 5811">
    <p class='ocr_par' dir='ltr' id='par_1_120' title="bbox 2225 5746 2825 5811">
     <span class='ocr_line' id='line_1_120' title="bbox 2225 5746 2825 5811; baseline -0.002 -15"><span class='ocrx_word' id='word_1_938' title='bbox 2225 5749 2239 5781; x_wconf 76' lang='grc' dir='ltr'><strong><em>ι</em></strong></span> <span class='ocrx_word' id='word_1_939' title='bbox 2278 5746 2381 5811; x_wconf 76' lang='lat' dir='ltr'><strong>Alii,</strong></span> <span class='ocrx_word' id='word_1_940' title='bbox 2407 5746 2550 5811; x_wconf 73' lang='lat' dir='ltr'><strong>hujus</strong></span> <span class='ocrx_word' id='word_1_941' title='bbox 2575 5748 2825 5809; x_wconf 76' lang='lat' dir='ltr'><strong>dogmatis.</strong></span> 
     </span>
    </p>
   </div>
  </div>
