3918 6368
178 376 268 431 7-35
1063 374 1150 430 DE
1191 373 1871 433 INCOMPREUENSIBIL!
1918 382 2023 435 Dl'll
2066 381 2368 437 NATURA.
2413 384 2505 439 ιν.

177 490 400 561 Spiritum
421 497 656 545 sanctum
674 487 945 545 dumtaxat
961 490 1106 544 illum
1124 492 1524 548 accuratissime
1544 508 1741 561 cogno-

178 581 527 637 scere.Verttm
549 596 610 635 ea
629 597 686 637 re
703 582 769 636 ad
788 582 944 636 aliam
967 582 1380 651 disputationem
1400 584 1646 649 remissa,
1677 599 1743 639 ne

176 673 408 729 dictorum
438 674 587 742 copia
618 673 926 728 memoriam
953 674 1343 731 conl'undamns
1363 718 1378 742 ,
1425 675 1492 729 ad
1532 676 1741 730 solitam

174 763 569 818 exhortationem
606 779 906 818 sermonem
943 772 1334 820 convertamus.
1364 766 1617 834 Quamatn
1655 766 1743 820 illa

178 856 315 909 solita
363 854 701 911 exhortatio?
730 855 795 911 Ut
823 855 1037 912 assidue
1081 858 1309 912 orationi
1355 868 1534 914 mente
1566 858 1744 913 sobria

175 945 402 1016 vigilique
445 945 623 1000 animo
664 946 1051 1003 incumbamus.
1097 948 1309 1002 Etenim
1341 964 1512 1019 nuper
1537 949 1637 1003 hac
1678 948 1747 1003 de

175 1052 223 1090 te
249 1049 335 1092 vos
360 1036 676 1106 alloquutus,
700 1051 888 1093 omnes
926 1040 1030 1094 vidi
1059 1050 1302 1111 prompto
1329 1042 1508 1096 animo
1542 1056 1744 1095 morem

173 1141 361 1195 gerere.
394 1127 695 1183 Absurdum
738 1145 868 1184 sane
894 1141 1075 1197 esset,
1108 1133 1152 1185 si
1179 1148 1301 1186 cum
1347 1133 1623 1204 segniores
1653 1147 1748 1187 vos

178 1216 317 1270 video
345 1216 615 1286 objurgem
642 1257 659 1283 ,
689 1233 808 1272 cum
837 1234 965 1274 vero
990 1229 1136 1275 recte
1157 1222 1312 1292 agitis
1343 1237 1447 1277 non
1476 1222 1709 1277 laudent.

235 1305 427 1361 Laudat
473 1307 806 1365 Antiocltenos
865 1312 1000 1381 quod
1047 1314 1250 1366 monitis
1302 1314 1405 1368 suis
1474 1313 1736 1382 obsequuti

124 1472 129 1476 ἢ
176 1400 280 1454 sint.
302 1430 369 1440 —
387 1400 630 1456 Laudare
660 1402 819 1472 igitur
847 1419 938 1459 vos
968 1404 1127 1459 hodie
1155 1405 1296 1471 volo,
1328 1406 1631 1476 gratiasque
1652 1421 1747 1459 vo-

179 1491 246 1546 bis
268 1491 402 1548 illius
422 1492 783 1564 obsequentia:
808 1493 1064 1549 reddere:
1093 1496 1291 1565 gratias
1333 1505 1509 1551 autem
1535 1499 1602 1550 ita
1625 1496 1749 1552 red-

178 1583 345 1637 demus
368 1624 382 1647 ,
413 1585 460 1638 si
485 1599 582 1638 vos
605 1584 974 1651 docuerimus,
1001 1601 1105 1657 qua
1143 1586 1213 1643 de
1238 1602 1399 1644 causa
1427 1588 1541 1643 luce
1580 1589 1750 1642 oratio

179 1683 348 1728 ctetera
394 1676 698 1746 praecedat,
739 1686 794 1731 et
836 1693 930 1732 cur
956 1678 1313 1734 dtemoniaeos
1355 1682 1407 1745 ί,
1455 1695 1519 1734 ac
1567 1687 1749 1734 mente

179 1773 342 1834 raptos
363 1776 488 1822 tunc
506 1767 771 1822 Diaconus
792 1768 967 1824 induci
991 1780 1064 1835 ,et
1083 1771 1253 1840 capita
1280 1771 1534 1827 inclinare
1545 1770 1750 1839 jubeat.

179 1856 272 1910 Cur
293 1873 417 1928 ergo
440 1861 520 1913 sic
544 1862 683 1929 agit?
709 1860 844 1915 Mala
869 1862 1148 1932 gravisque
1179 1872 1366 1917 catena
1412 1871 1493 1917 est
1538 1863 1754 1932 agitatio

179 1948 458 2003 daemonum
485 1968 499 2016 ;
530 1960 739 2018 catena,
771 1953 983 2022 inquatn
1005 1993 1020 2019 ,
1050 1954 1191 2008 ferro
1221 1954 1462 2009 validior.
1490 1955 1755 2022 Quemad-

188 2043 381 2097 modum
412 2044 573 2112 igitur
588 2042 767 2113 judice
793 2045 1090 2115 prodituro,
1120 2057 1176 2100 ttt
1201 2047 1251 2100 itt
1273 2047 1485 2103 excelso
1508 2047 1755 2101 tribunali

180 2135 361 2202 sedeat,
385 2137 622 2191 carceris
645 2137 895 2193 custodes
935 2139 1181 2194 detentns
1204 2156 1390 2195 omnes
1415 2140 1635 2195 eductos
1655 2141 1753 2195 do-

181 2228 354 2281 tnieilin
392 2240 522 2283 ante
566 2229 831 2284 cancellos
873 2239 927 2285 et
967 2232 1242 2285 tribunalis
1292 2233 1409 2286 vela
1451 2232 1753 2296 collocant,

183 2321 452 2389 squ-dides,
473 2322 772 2387 sordentes,
803 2323 973 2393 passis
992 2323 1197 2392 capillis
1215 2365 1230 2390 ,
1258 2323 1438 2378 SCi53iS
1459 2324 1645 2393 pannis
1673 2323 1758 2375 in-

184 2411 354 2469 dutns:
387 2412 453 2466 ita
482 2412 673 2467 Patres
695 2414 989 2468 faciendum
1018 2422 1317 2469 statuerunt
1339 2457 1353 2482 ,
1379 2414 1590 2484 quando
1621 2413 1761 2467 futu-

182 2518 281 2555 rttnt
304 2512 384 2558 est
405 2514 464 2558 ut
486 2504 735 2559 Christus
759 2521 853 2558 ctu
887 2507 936 2560 itt
968 2507 1182 2561 eXt-elso
1206 2507 1452 2560 tribunali
1476 2506 1679 2572 sedeat,
1705 2506 1757 2559 itt

180 2592 389 2662 ipsisque
419 2597 693 2666 mysteriis
733 2606 1024 2666 appareat,
1058 2608 1115 2651 ut
1158 2599 1362 2653 scilicet
1405 2598 1757 2662 daemoniaci,

179 2686 307 2753 quasi
335 2686 499 2741 vincti
538 2685 752 2755 quidam
779 2687 1115 2756 inducantur,
1148 2705 1251 2743 non
1281 2697 1337 2742 ut
1369 2705 1525 2759 pmna
1552 2689 1759 2760 suppli-

185 2775 353 2846 cioque
397 2775 734 2843 afficiantur,
765 2778 860 2833 sed
890 2787 944 2833 ut
989 2780 1183 2849 papula
1223 2781 1459 2851 urbeqne
1486 2791 1593 2835 tcta
1620 2782 1762 2835 intus

183 2876 419 2935 prtesente
445 2883 765 2925 communes
793 2871 1204 2940 supplicationes
1236 2871 1423 2927 ﬁerent
1450 2912 1465 2939 ,
1514 2873 1764 2928 omnibus

182 2961 338 3014 animo
373 2978 477 3017 uno
511 2977 851 3019 communem
879 2966 1156 3021 Dominum
1205 2967 1415 3022 illorum
1444 2969 1612 3038 gratia
1645 2985 1763 3038 prc-

182 3056 401 3111 cantibus
422 3098 437 3124 ,
468 3073 770 3128 magnaque
798 3074 926 3113 voce
951 3060 1369 3116 miseticordiant
1399 3062 1759 3131 poscentibus.

250 3147 299 3201 5.
346 3148 534 3203 Talem
562 3150 721 3217 igitur
746 3152 1041 3205 orationem
1065 3153 1372 3207 deserentes
1400 3153 1758 3222 increpabant,

184 3238 258 3307 qui
286 3239 370 3293 illo
394 3250 645 3310 tempore
677 3241 804 3296 foris
829 3243 1195 3297 versabant.:r.
1224 3242 1372 3297 Nunc
1397 3258 1489 3298 eos
1508 3243 1595 3313 qui
1626 3244 1766 3297 intus

184 3344 379 3387 mancttt
409 3334 660 3388 incusare
691 3336 845 3403 volo;
877 3349 984 3389 non
1015 3336 1156 3406 quod
1183 3346 1468 3399 maneant,
1497 3336 1588 3391 scd
1623 3336 1765 3406 quod

185 3420 308 3477 intus
337 3424 494 3492 positi
529 3424 697 3478 nihilo
723 3426 933 3489 melius,
963 3442 1123 3495 quant
1156 3426 1303 3496 ii,qui
1331 3426 1546 3492 absunt,
1582 3442 1642 3482 se
1669 3426 1766 3480 lta-

189 3512 366 3580 beant,
399 3515 535 3570 dum
585 3515 853 3570 horrendo
881 3516 973 3571 illo
1016 3528 1254 3588 tempore
1281 3528 1470 3571 mutuo
1507 3516 1736 3572 confabu

187 3605 360 3661 lantur.
394 3607 538 3677 Quid
570 3609 682 3678 agis
706 3649 721 3673 ,
771 3624 803 3663 ο
830 3609 1030 3663 homo?
1058 3609 1160 3663 Tot
1188 3625 1254 3663 ex
1288 3607 1510 3663 fratrum
1556 3620 1762 3662 tuorum

184 3714 386 3755 numero
422 3701 636 3755 vinctus
665 3716 828 3770 prope
856 3692 1033 3755 cernis
1056 3743 1074 3768 ,
1101 3711 1155 3755 et
1180 3710 1235 3755 tu
1264 3701 1332 3756 de
1358 3701 1516 3755 rebus
1543 3699 1673 3753 nihil
1701 3699 1767 3754 ad

187 3798 231 3845 te
254 3793 642 3862 pertinentibus
668 3793 954 3848 fabularis?
988 3794 1067 3848 An
1096 3795 1176 3849 vel
1201 3797 1311 3863 ipse
1335 3794 1482 3849 solus
1508 3794 1581 3849 rei
1609 3809 1768 3862 aspr-

188 3892 287 3938 ctus
316 3900 419 3939 non
448 3896 505 3940 te
540 3894 712 3954 petest
735 3883 1007 3939 deterrere
1033 3892 1088 3939 et
1108 3883 1175 3939 ad
1204 3884 1624 3938 misericordiam
1650 3898 1768 3952 pet—

187 3974 412 4032 traherc?
442 3978 639 4033 Erater
670 3987 788 4032 tuus
815 3979 865 4031 itt
890 3978 1133 4043 vinculis,
1163 3987 1213 4031 ct
1242 3986 1295 4031 ιιι
1325 3976 1377 4030 in
1400 3976 1624 4046 segnitie
1652 3991 1772 4030 ver-

187 4071 347 4125 s:tris‘.’
375 4071 516 4139 Qua,
547 4085 747 4140 quzcso,
775 4071 926 4125 venia
953 4070 1140 4141 dignus
1171 4071 1297 4135 eris,
1328 4070 1406 4124 sic
1430 4070 1767 4131 inhumanus,

185 4157 588 4226 immisericors,
620 4161 823 4215 durus?
851 4162 1040 4215 Annon
1064 4161 1219 4215 times
1251 4175 1316 4215 ne
1353 4170 1404 4215 te
1429 4158 1771 4213 confabulan-

186 4262 302 4317 tetn,
326 4253 568 4324 segniter
588 4259 854 4322 agentem,
878 4253 1256 4322 negligentem,
1280 4252 1488 4307 daemon
1508 4252 1769 4321 quispiam

186 4341 298 4399 inde
322 4347 600 4409 easiliens,
621 4355 893 4400 vacantem
913 4346 1195 4415 scopisque
1217 4344 1521 4399 ntundatam
1539 4346 1769 4398 animant

186 4443 318 4490 tuam
350 4438 508 4494 facile
537 4438 787 4504 invadat,
820 4446 1054 4493 reserata
1099 4438 1262 4491 domo
1290 4437 1535 4506 reperta?
1578 4439 1769 4490 Annon

186 4539 443 4595 Oporteret
463 4545 655 4585 omnes
678 4531 766 4584 illo
788 4540 1026 4601 tempore
1048 4532 1309 4602 lacrymas
1329 4528 1600 4583 ell‘undere
1623 4569 1638 4588 ,
1664 4545 1774 4581 nta-

188 4622 421 4677 dentibus
440 4636 565 4679 esSe
585 4623 774 4690 oculis,
798 4621 953 4676 ﬂetus
972 4622 1305 4693 gCHIiIUStlUB
1341 4636 1434 4691 per
1475 4619 1765 4674 Eeclesiam

190 4715 385 4770 audiri?
410 4718 537 4770 Po‘st
565 4716 938 4787 mysteriorum
961 4718 1410 4775 communionem,
1443 4724 1557 4783 post
1581 4712 1776 4767 lavacri

190 4806 406 4862 fructum
432 4848 449 4873 ,
483 4819 603 4878 post
630 4809 814 4862 initam
858 4822 979 4863 cum
1007 4806 1220 4861 Christo
1246 4807 1552 4861 societatem
1578 4845 1592 4871 ,
1623 4806 1777 4875 lupus

190 4898 270 4954 ille
296 4904 468 4970 potuit
492 4917 565 4973 ex,
597 4902 720 4956 ovili
745 4917 909 4972 agnos
938 4915 1146 4970 rapere,
1180 4907 1235 4954 et
1255 4915 1416 4969 penes
1439 4915 1497 4953 se
1524 4896 1773 4959 retinere;

195 5000 244 5043 ttt
272 5008 399 5048 vero
428 5002 634 5049 tantam
664 5009 892 5049 cernens
914 4994 1269 5047 calamitatem
1305 5008 1408 5046 non
1434 4989 1778 5061 lacryntaris?

191 5083 299 5148 Quo
326 5096 482 5155 pacto
506 5086 618 5140 haec
644 5087 847 5155 possint
867 5084 1149 5140 excusari?
1172 5084 1284 5139 Non
1311 5084 1390 5136 vis
1412 5080 1587 5137 fratris
1610 5081 1778 5133 vicem

190 5176 411 5232 dolere?
444 5178 644 5233 Saltem
688 5194 783 5247 pro
823 5186 873 5232 te
898 5185 1078 5232 metue
1102 5187 1155 5230 et
1185 5174 1575 5244 expergiscere.
1617 5172 1671 5226 Si
1696 5170 1781 5224 vi-

191 5269 293 5323 eini
322 5271 394 5324 tui
427 5270 645 5324 domum
673 5269 1000 5339 conﬂagrare
1028 5268 1241 5321 videres
1264 5306 1279 5332 ,
1324 5263 1530 5319 etiamsi
1574 5263 1621 5317 is
1658 5279 1780 5316 om-

194 5363 333 5418 nium
360 5364 455 5420 tibi
486 5365 878 5419 inimicissimus
915 5378 1093 5426 esset,
1121 5377 1298 5415 annon
1326 5371 1636 5414 accurrercs
1659 5398 1673 5421 ,
1722 5364 1779 5408 ut

195 5455 494 5511 incendium
521 5457 878 5528 restingueres
942 5457 1144 5510 veritus
1175 5468 1240 5507 ne
1270 5450 1568 5506 incendium
1602 5446 1783 5517 paula-

199 5550 286 5603 tim
318 5566 540 5619 serpens
567 5549 715 5606 fores
750 5559 868 5604 tuas
909 5546 1218 5602 invaderet?
1249 5544 1481 5613 ldipsnm
1509 5542 1558 5595 itt
1586 5540 1784 5594 daemo-

201 5643 362 5698 niacis
392 5642 565 5713 cegita
587 5684 600 5708 ,
632 5658 753 5697 nam
779 5641 1080 5696 daemonum
1112 5637 1330 5709 agitatio
1358 5651 1454 5690 ceu
1483 5631 1785 5687 incendium

263 5759 279 5790 ι
314 5765 384 5806 De
403 5759 749 5822 energumenis
768 5764 820 5808 et
835 5755 1151 5822 dzemoniacis
1165 5750 1503 5822 in__t-:cclesiam
1531 5747 1785 5822 mysterio:-

203 5831 303 5866 rum
326 5810 779 5886 temporii'inductis
799 5833 827 5868 a
864 5819 1069 5886 Diacono
1107 5814 1323 5877 pluribus
1345 5824 1564 5879 agemus,
1586 5810 1680 5859 ubi
1720 5810 1784 5857 de

208 5882 391 5947 aturgia
415 5888 467 5934 et
485 5883 817 5937 celebratione
838 5882 1197 5939 mysteriorum.

3323 390 3439 444 73$

1848 497 2112 566 quoddam
2144 499 2426 555 exitiosum
2459 510 2559 556 est.
2588 501 2731 557 Cave
2773 516 2902 573 ergo
2931 517 2999 558 ne
3038 501 3253 559 daemon
3303 507 3438 559 ultra

1849 603 2165 658 progressus
2186 592 2417 645 animam
2447 592 2660 646 invadat
2684 602 2861 648 tuam:
2886 609 2946 648 ac
2971 610 3092 648 eum
3123 602 3442 664 praesentem

1848 678 2045 733 videris
2072 720 2086 743 ,
2114 680 2396 751 diligenter
2436 683 2503 737 ad
2549 683 2830 737 Dominum
2869 683 3178 753 confugias:
3224 692 3282 737 ttt
3324 699 3443 736 cum

1849 770 2057 825 diemon
2088 780 2139 827 te
2167 774 2345 828 animo
2370 772 2595 829 ferventi
2625 777 2960 847 excitatoqne
2987 775 3210 838 viderit,
3243 776 3442 830 nullum

1851 865 1950 919 sibi
1984 866 2124 934 apud
2159 875 2208 922 te
2240 867 2440 922 aditum
2468 884 2587 923 esse
2629 870 2907 939 intelligat.
2948 870 3003 925 Si
3039 870 3180 926 enim
3221 880 3272 923 te
3302 869 3439 922 osci—

1852 968 2052 1013 tantem
2094 970 2148 1013 et
2176 976 2396 1030 segnem
2438 961 2667 1025 viderit,
2711 970 2769 1016 ut
2793 963 3063 1017 desertum
3095 960 3445 1015 diversorium

1853 1049 2097 1116 invadet;
2130 1051 2210 1105 sin
2237 1051 2542 1122 vigilan'em
2568 1061 2621 1107 et
2651 1053 2931 1116 intentum,
2959 1052 3206 1119 etcliSqu:
3233 1050 3438 1103 hmrem

1855 1151 1982 1207 tem,
2013 1159 2079 1197 ne
2106 1143 2299 1197 intueri
2320 1143 2535 1212 quidem
2560 1143 2792 1197 audebit.
2817 1142 2998 1212 Itaque
3024 1141 3069 1196 si
3099 1140 3313 1195 fratrem
3343 1154 3446 1192 tton

1852 1249 2047 1298 curas,
2094 1234 2283 1289 saltem
2339 1235 2430 1288 tibi
2452 1234 2670 1289 consule
2701 1276 2715 1297 ,
2761 1234 3061 1303 animmque
3105 1242 3208 1286 tua:
3248 1230 3448 1284 aditum

1853 1325 2084 1395 maligno
2105 1324 2336 1379 daemoni
2364 1326 2604 1381 occlude.
2628 1325 2770 1380 Nihil
2790 1334 2967 1379 autem
2994 1322 3213 1393 perinde
3244 1322 3338 1391 ipsi
3369 1321 3451 1375 in-

1853 1430 2094 1484 gressam
2123 1417 2190 1469 ad
2226 1432 2323 1471 nos
2352 1416 2638 1472 occludere
2666 1416 2824 1483 solet,
2857 1424 3016 1485 atque
3041 1416 3213 1470 oratio
3234 1423 3288 1469 et
3315 1427 3444 1480 sup-

1855 1506 2066 1575 plicatio
2086 1506 2319 1561 assidua.
2352 1505 2482 1560 Nam
2510 1506 2652 1576 quod
2683 1506 2943 1560 Diaconus
2969 1504 3215 1558 omnibus
3259 1501 3453 1571 praeci-

1856 1598 1964 1666 piat
1988 1596 2071 1651 ltis
2095 1598 2305 1652 verbis:
2337 1595 2507 1651 Erecti
2533 1606 2718 1651 stemus
2743 1596 2894 1667 probe
2919 1597 2938 1667 (
2959 1593 3203 1666 Liturgiw
3236 1592 3382 1648 verba
3404 1590 3447 1662 ),

1857 1703 1960 1741 non
1992 1685 2188 1741 frustra
2221 1696 2525 1758 temereque
2554 1696 2809 1741 statutum
2838 1694 2914 1740 est
2937 1702 2953 1752 ;
2978 1683 3071 1739 sed
3101 1694 3160 1737 ut
3188 1681 3336 1736 hutni
3363 1696 3454 1735 re-

1857 1787 2041 1849 pentes
2069 1779 2417 1848 cogitationes
2438 1779 2726 1848 erigamus,
2750 1786 2910 1846 utque
2936 1776 3214 1844 segnitiem
3243 1771 3457 1826 saecula.

1867 1870 2014 1927 ribus
2039 1870 2182 1925 curis
2212 1877 2414 1940 partam
2436 1870 2711 1939 ejicientes
2732 1911 2745 1934 ,
2778 1877 2979 1923 rectam
3005 1881 3183 1921 coram
3212 1866 3319 1919 Deo
3344 1862 3457 1916 ani-

1858 1978 2001 2017 mam
2048 1971 2283 2016 nostram
2332 1968 2568 2016 statuere
2614 1961 2900 2029 possimus.
2941 1958 3092 2025 Quod
3132 1965 3310 2010 autem
3357 1953 3458 2008 hoc

1860 2069 2043 2108 verum
2075 2054 2163 2118 sit,
2191 2051 2437 2123 quodque
2462 2067 2569 2105 non
2596 2065 2791 2120 corpus
2819 2051 2933 2104 hmc
2958 2048 3115 2102 verba
3145 2045 3455 2116 respiciant,

1861 2145 1952 2200 sed
1976 2146 2207 2200 animam
2228 2159 2386 2214 quam
2408 2144 2613 2214 erigere
2628 2142 2900 2213 jubemur,
2923 2140 3199 2194 audiamus
3216 2136 3456 2200 Paulum,

1865 2238 2054 2293 eodem
2096 2237 2255 2293 modo
2298 2237 2385 2290 illa
2415 2236 2665 2306 loquendi
2696 2234 2918 2288 formula
2951 2249 3127 2286 nsunt.
3156 2230 3289 2286 Cum
3319 2229 3459 2282 enim

1865 2330 2030 2400 lapsis
2072 2340 2123 2386 et
2167 2344 2523 2384 :rrumnarum
2565 2328 2703 2381 mole
2731 2341 2867 2397 pene
2895 2323 3302 2393 desperantibus
3332 2319 3460 2374 seri.

1864 2423 2013 2491 heret
2034 2463 2049 2487 ,
2080 2421 2291 2475 dicebat
2323 2438 2335 2473 :
2369 2419 2576 2474 Solutus
2617 2434 2796 2471 ntanus
2824 2426 2869 2471 et
2891 2414 3056 2470 soluta
3078 2429 3239 2485 genua
3287 2410 3462 2480 erigite

1864 2512 2039 2583 (ch.
2070 2512 2155 2567 l2.
2187 2512 2317 2582 1‘2).
2361 2514 2441 2566 An
2485 2510 2778 2564 dixerimus
2822 2508 2970 2561 illuni
3013 2505 3079 2559 de
3120 2502 3363 2558 manibus
3410 2509 3462 2555 et

1864 2606 2087 2676 genibus
2113 2603 2384 2675 corporeis
2409 2602 2587 2673 loqui?
2612 2600 2829 2656 Minime
2871 2617 2884 2654 :
2915 2613 3087 2668 neque
3117 2596 3256 2649 enim
3287 2592 3462 2647 homi-

1867 2713 1963 2751 nes
1992 2696 2176 2750 cursui
2223 2705 2277 2750 et
2325 2693 2705 2749 certaminibus
2734 2690 2943 2745 deditos
2987 2688 3312 2756 alloquitur,
3368 2683 3462 2738 sed

1866 2789 2009 2842 vires
2034 2786 2414 2856 cogi‘ationum
2446 2799 2474 2838 a
2502 2781 2882 2838 tentatinnihus
2909 2787 3202 2851 prostratus
3229 2776 3313 2830 his
3341 2791 3463 2828 ver-

1866 2878 1949 2932 bis
1969 2879 2204 2935 excitare
2231 2877 2397 2947 jubet.
2428 2875 2612 2945 Cogita
2649 2873 2734 2928 cui
2764 2872 3005 2941 proxime
3030 2869 3226 2932 adstes,
3259 2882 3319 2921 ac
3348 2866 3465 2935 qui-

1867 2972 2088 3026 buscum
2124 2971 2288 3024 Deum
2314 2969 2653 3022 ithreaturus
2673 2966 2764 3027 sis,
2791 2964 2990 3018 scilicet
3014 2977 3132 3015 cunt
3156 2957 3463 3014 Cheruhim.

1867 3060 2247 3115 Animadverte
2278 3075 2412 3128 quos
2454 3059 2651 3112 habeas
2694 3055 2869 3109 socius
2889 3096 2901 3117 ,
2932 3052 3089 3121 ilqne
3122 3051 3211 3104 tibi
3236 3050 3300 3102 ad
3331 3049 3464 3118 vigi-

1869 3155 2083 3207 lantiam
2130 3154 2260 3206 satis
2288 3152 2425 3217 erit,
2458 3166 2579 3204 cum
2610 3159 2785 3203 tecum
2832 3145 3160 3215 reputaveris
3207 3151 3258 3198 te
3301 3156 3464 3197 carne

1869 3248 2109 3301 indutum
2127 3254 2180 3300 et
2200 3259 2422 3314 ct-rpore
2440 3260 2559 3298 cum
2585 3243 2753 3311 incert
2770 3243 2911 3297 oreis
2932 3239 3212 3294 virtutibus
3234 3237 3298 3290 ad
3316 3255 3329 3287 ‹
3346 3250 3463 3289 om-

1875 3353 2089 3393 munem
2113 3336 2392 3391 Dominum
2409 3332 2785 3390 Celebrandum
2808 3330 3033 3386 adscribi
3052 3328 3277 3399 dignari.
3296 3325 3467 3380 Nemo

1871 3429 2032 3500 igitur
2066 3428 2246 3483 animo
2283 3426 2521 3481 TC:OIUIO
2551 3439 2731 3479 sacras
2758 3422 2874 3478 illas
2904 3429 2956 3476 et
2987 3419 3237 3490 mysticas
3280 3415 3467 3471 laudes

1871 3520 2064 3585 adeat;
2094 3535 2256 3574 nemo
2294 3517 2581 3571 sreculares
2610 3524 2735 3569 tunc
2762 3513 3015 3581 temporis
3039 3511 3386 3580 cogitationes
3413 3508 3463 3561 in

1874 3620 2051 3666 mente
2074 3618 2289 3665 verset:
2323 3609 2416 3663 sed
2452 3609 2681 3663 terrenis
2709 3605 2957 3660 omnibus
2985 3602 3240 3673 expulsis,
3279 3601 3331 3655 itt
3359 3616 3468 3656 ca:-

1873 3704 1982 3757 lum
2009 3717 2068 3757 se
2094 3710 2260 3756 totum
2294 3698 2595 3764 transferat,
2626 3713 2689 3753 ac
2713 3696 2864 3766 quasi
2890 3694 2955 3749 ad
2985 3694 3235 3748 thronum
3276 3692 3462 3761 gloria)

1873 3793 2121 3848 admotus
2142 3830 2155 3856 ,
2187 3806 2308 3846 cum
2338 3788 2619 3858 Serapltim
2669 3787 2873 3840 volaret
2897 3825 2912 3851 ,
2955 3783 3032 3838 sic
3070 3781 3464 3836 sanctissimum

1874 3886 2132 3957 hymnum
2191 3880 2474 3952 magnifico
2529 3876 3023 3951 gloriosissimoque
3070 3874 3180 3929 Deo
3238 3872 3466 3927 emittat.

1877 3984 1999 4038 Ideo
2026 3991 2151 4038 tunc
2181 3981 2434 4051 temporis
2459 3979 2623 4049 probe
2646 3987 2790 4034 stare
2812 3976 3081 4048 jubemur.
3107 3973 3279 4028 Probe
3320 3982 3472 4022 nam-

1875 4090 1983 4144 que
2013 4083 2155 4129 starc
2188 4072 2317 4127 nihil
2363 4070 2507 4124 aliud
2553 4076 2673 4137 est,
2706 4084 2866 4139 quam
2894 4068 2966 4121 ita
2993 4073 3135 4121 stare
3157 4104 3173 4129 ,
3216 4069 3276 4116 ut
3312 4059 3469 4115 decet

1876 4166 2147 4221 hominem
2174 4164 2387 4219 adstare
2435 4163 2576 4217 Deo:
2621 4175 2815 4228 nempe
2846 4174 2966 4214 cum
3018 4156 3241 4208 horrore
3278 4160 3332 4206 et
3359 4162 3469 4203 tre-

1877 4273 2047 4323 more,
2080 4272 2197 4310 cum
2221 4256 2399 4308 animo
2428 4254 2569 4323 vigili
2596 4261 2649 4307 et
2676 4251 2935 4320 diligenti.
2966 4247 3095 4302 Nam
3128 4248 3228 4299 hoc
3256 4256 3467 4312 quoque

1876 4349 2076 4402 dictum
2107 4347 2172 4400 ad
2198 4346 2429 4400 animam
2475 4344 2742 4413 pertinere
2780 4342 2976 4396 Paulus
3008 4352 3216 4392 rursum
3257 4331 3462 4402 signifi-

1876 4439 2014 4491 cavit
2038 4438 2120 4491 his
2144 4437 2340 4498 verbis,
2367 4435 2454 4490 Sic
2471 4444 2599 4489 state
2624 4434 2673 4486 in
2694 4424 3468 4498 Domino,curissinti(Philipp.

1878 4535 1932 4585 ὸ.
1964 4531 2050 4599 1).
2093 4527 2548 4596 Quemadmodum
2580 4526 2721 4580 enim
2759 4523 3063 4594 sagittarius
3106 4522 3149 4573 si
3179 4528 3325 4575 recte
3368 4518 3468 4570 tela

1879 4622 2102 4677 fundere
2134 4620 2278 4685 wlit,
2314 4619 2484 4689 primo
2512 4617 2733 4688 gradum
2761 4615 3150 4683 stationemqtte
3185 4617 3473 4679 componat
3500 4640 3508 4647 -

1880 4722 2125 4785 Oportet:
2153 4712 2346 4767 deinde
2374 4726 2404 4766 c
2432 4711 2647 4780 regione
2673 4707 2818 4777 sc0pi
2838 4706 3118 4775 diiigenter
3140 4705 3340 4773 positus
3371 4701 3471 4755 tela

1877 4806 2060 4875 jacere
2103 4804 2324 4868 nititur;
2354 4802 2431 4858 sic
2460 4811 2513 4856 et
2555 4811 2607 4855 tu
2634 4800 2882 4854 infestum
2914 4796 3110 4851 diaboli
3154 4802 3311 4864 eaput
3359 4791 3478 4846 telis

1882 4898 2223 4968 impetiturus
2248 4936 2264 4962 ,
2311 4894 2691 4964 cogitationum
2740 4898 2936 4945 statum
2983 4886 3154 4957 primo
3194 4900 3387 4949 cures,
3422 4889 3481 4935 ut

1883 5003 2089 5046 reetttnt
2118 4990 2235 5043 sine
2260 4987 2411 5042 obice
2435 4984 2661 5056 gradum
2701 4991 2943 5037 statuens
2966 5020 2982 5045 ,
3011 4977 3178 5048 probe
3204 4983 3388 5030 contra
3418 4972 3477 5027 il-

1883 5084 1993 5138 lum
2023 5083 2122 5137 tela
2151 5082 2381 5137 emittas.

1940 5180 2011 5254 >6.
2043 5197 2424 5265 Marsupiorum
2451 5201 2666 5247 sectores
2701 5190 2754 5243 in
2784 5184 3188 5242 concione.—Et
3212 5182 3327 5235 lucc
3361 5180 3474 5248 qui-

1888 5294 2010 5349 dem
2048 5293 2117 5346 de
2142 5290 2406 5345 oratione.
2455 5284 2587 5351 Quia
2633 5298 2762 5337 vero
2814 5289 3007 5350 praeter
3054 5275 3331 5345 segnitiem
3376 5272 3477 5325 ‘in

1891 5386 2095 5443 orando
2122 5381 2265 5439 aliud
2290 5379 2559 5451 quidpiam
2588 5373 2877 5430 admodum
2908 5368 3261 5439 perniciosum
3292 5363 3478 5417 diabo~

1889 5481 1970 5534 lns
2001 5475 2345 5546 excogitavit,
2377 5471 2462 5525 hic
2490 5482 2702 5539 quoque
2738 5464 2914 5519 aditus
2940 5460 3039 5532 ipsi
3075 5452 3479 5526 pnecludendus

1891 5581 1992 5629 est.
2024 5570 2160 5637 Quid
2187 5583 2314 5636 ergo
2341 5564 2466 5619 mali
2494 5562 2829 5617 machinatus
2853 5562 2933 5611 e'st
2953 5552 3225 5623 improbus
3255 5549 3345 5603 ille
3369 5546 3479 5601 dte-

1892 5680 2015 5721 nton
2037 5664 2060 5717 ’ἶ
2093 5656 2196 5716 Vos
2224 5673 2449 5714 cernens
2471 5667 2738 5725 tamquam
2760 5665 2868 5705 uno
2893 5661 3120 5717 corpore
3148 5650 3474 5714 compactos,

1961 5842 1975 5872 ¹
2012 5846 2111 5889 Duo
2154 5835 2355 5893 habent.
2398 5837 2575 5898 prwter
2615 5838 2810 5882 sacrum
2847 5819 3099 5895 gaudium.
