3918 6356
485 312 590 369 735

482 430 754 502 multoque
779 431 955 489 studio
974 433 1130 491 dictis
1153 438 1508 508 attendentes,
1542 459 1646 497 non
1672 460 1831 501 ausus
1851 450 2063 518 quidem

481 528 565 573 est
594 536 661 575 ex
687 521 946 577 ministris
971 527 1083 581 suis
1109 526 1314 597 aliquos
1341 531 1569 597 mittere,
1607 535 1697 604 qui
1720 552 1813 591 vos
1841 541 2066 597 consilio

481 608 798 682 hortatuque
827 627 924 669 suo
949 629 976 668 a
1008 618 1350 673 concionibus
1377 621 1718 693 abducerent,
1746 643 1942 698 gnarus
1968 648 2063 686 ve-

480 712 649 756 strum
678 705 944 760 neminem
974 707 1074 762 tale
1098 710 1374 764 consilium
1396 713 1753 773 admissurum
1782 736 1902 777 esse
1926 740 1939 776 :
1970 725 2062 779 sed

462 791 735 860 ‘quosdam
753 794 1075 853 latrunculos
1088 807 1137 853 et
1156 804 1542 873 marsupiorum
1562 818 1797 866 sectores
1823 814 2061 868 multitu-

478 882 588 936 dini
625 884 941 953 immiscuit,
973 892 1279 961 curavitque
1298 904 1355 948 ut
1383 898 1561 952 multis
1594 899 1678 955 hic
1700 908 2058 974 congregatis,

475 985 687 1042 aurum,
717 977 856 1043 quod
889 978 1107 1048 ligatum
1138 985 1463 1053 servabant,
1497 988 1890 1061 subriperetur,
1920 1000 2058 1066 quod

473 1078 619 1134 Smpo
641 1069 923 1138 multisque
953 1072 1193 1142 contigit.
1219 1073 1297 1130 Ne
1325 1077 1481 1145 igitur
1504 1081 1573 1135 ita
1604 1097 1816 1153 semper
1846 1089 2059 1142 contiu-

473 1165 583 1224 gat,
621 1172 753 1212 neve
789 1162 1134 1227 pecuniarum
1169 1165 1376 1235 jactura
1415 1172 1662 1227 audiendi
1704 1177 1933 1233 stmlium
1960 1196 2057 1235 cx-

474 1247 727 1317 stiuguat,
758 1252 939 1306 multis
968 1255 1017 1308 in
1060 1255 1165 1311 tale
1193 1257 1445 1315 damnum
1473 1261 1846 1333 incidentibus,
1876 1269 2059 1327 hortor

474 1349 568 1390 vos
589 1348 880 1411 auctorque
906 1358 1025 1399 sum
1054 1347 1203 1402 vobis
1234 1351 1502 1416 omnibus,
1532 1370 1599 1409 ne
1627 1371 1814 1412 aurum
1847 1360 1948 1416 huc
1973 1363 2055 1416 af-

473 1423 655 1483 feratis
677 1470 691 1493 ,
736 1445 805 1484 ne
834 1442 1067 1489 vestrum
1108 1439 1437 1496 auscultandi
1464 1445 1705 1501 studium
1740 1464 1922 1505 ansam
1952 1454 2057 1509 illis

474 1516 710 1586 prmbeat
740 1522 878 1577 male
900 1525 1126 1593 agendi,
1156 1544 1289 1584 neve
1314 1533 1587 1603 voluptas,
1618 1554 1772 1608 quam
1811 1541 1897 1598 hic
1936 1561 2057 1600 ver-

470 1613 650 1661 santes
676 1611 984 1680 percipitis,
1016 1617 1127 1670 auri
1174 1616 1317 1675 furto
1361 1622 1694 1681 obturbetur.
1747 1629 1955 1687 Etenim
2001 1636 2052 1689 id

410 1754 415 1761 κ
470 1694 713 1754 diabolus
737 1702 952 1757 molitur
990 1721 1094 1760 non
1126 1717 1181 1762 ut
1204 1725 1297 1766 vos
1323 1715 1666 1783 pauperiores
1709 1721 1917 1790 reddat,
1959 1727 2053 1781 sed

474 1796 533 1842 ut
558 1792 796 1858 pecunia:
811 1794 1038 1865 jactura,
1065 1815 1350 1858 maerorem
1379 1808 1622 1877 pariens,
1653 1815 1720 1865 ab
1745 1819 2051 1874 auscultan-

468 1878 520 1933 di
551 1883 838 1952 cupiditate
858 1902 950 1942 vos
976 1889 1219 1947 abducat.
1248 1894 1379 1950 Nam
1411 1907 1464 1953 et
1487 1899 1586 1956 Job
1617 1919 1721 1958 non
1749 1907 1870 1962 idco
1900 1910 2053 1967 bonis

468 1973 719 2029 omnibus
744 1976 1016 2048 spoliavit,
1049 1990 1104 2036 ut
1132 1988 1498 2055 pauperiorem
1526 1993 1782 2065 eflicerct,
1814 2000 1907 2055 sed
1934 2013 1992 2058 ut
2019 2020 2049 2059 a

466 2062 664 2131 pietate
688 2064 997 2125 deturbaret
1025 2088 1039 2124 :
1070 2089 1172 2130 non
1202 2077 1278 2133 illi
1307 2096 1501 2152 scopus
1531 2097 1646 2141 emt
1665 2131 1679 2155 ,
1709 2062 1777 2144 ut-
1800 2096 2049 2162 pecunias

466 2151 720 2223 auferret,
748 2159 943 2230 quippe
966 2164 1057 2234 qui
1084 2167 1216 2223 nihil
1238 2170 1287 2225 id
1310 2151 1428 2229 esse
1457 2177 1639 2245 sciret,
1667 2151 1761 2238 scd
1794 2151 1847 2239 ut
1878 2188 2050 2243 facul-

467 2251 634 2349 tatpm
656 2249 934 2321 dispendio
960 2258 1014 2312 in
1040 2273 1311 2329 peccatum
1337 2268 1627 2327 induceret.
1657 2276 1807 2342 Quod
1834 2281 2048 2349 quidem

465 2335 512 2390 si
543 2336 716 2397 facere
744 2358 990 2416 nequeat,
1021 2368 1305 2425 numquam
1329 2374 1387 2414 se
1409 2377 1521 2416 rem
1546 2363 1681 2421 bene
1699 2373 1929 2438 gessisse
1949 2391 2047 2444 pn-

465 2431 613 2486 tabit.
645 2434 779 2492 Cum
807 2454 934 2512 ergo
960 2443 1077 2515 ejus
1106 2464 1322 2519 scopum
1355 2463 1553 2520 teneas,
1593 2462 1888 2532 carissime,
1922 2484 2043 2522 eum

464 2531 518 2578 te
548 2526 626 2580 vel
656 2525 829 2586 furum
852 2549 1033 2605 opera,
1065 2540 1147 2595 vel
1175 2543 1277 2597 alia
1303 2548 1487 2614 quavis
1512 2552 1714 2608 ratione
1742 2570 1873 2612 auro
1902 2560 2043 2614 nud-

462 2621 684 2673 ctaverit
704 2662 717 2684 ,
739 2623 961 2691 gloriam
989 2629 1214 2686 Domino
1234 2636 1455 2705 referas,
1486 2652 1538 2695 et
1558 2646 1784 2714 amplius
1810 2649 2043 2708 lucratus

464 2704 645 2775 fueris,
698 2712 1070 2790 duplicemque
1115 2723 1214 2793 ipsi
1247 2726 1449 2797 plagam
1484 2732 1722 2803 inﬂiges,
1764 2741 1904 2808 quod
1936 2758 2041 2798 non

462 2797 687 2855 moleste
706 2803 907 2871 tuleris,
926 2810 1171 2882 quodque
1201 2818 1397 2884 gratias
1408 2797 1748 2889 egerisiNam
1764 2797 1806 2882 sui
1826 2838 1875 2883 te
1894 2831 2041 2886 vide-

462 2886 744 2947 ritdamno
770 2901 1113 2963 pecuniarum
1145 2903 1333 2976 frangi,
1364 2925 1533 2980 eaque
1558 2915 1745 2972 adduci
1777 2931 1831 2974 ut
1864 2922 2041 2978 Domi-

461 2992 532 3033 no
559 2978 826 3055 irascaris,
852 3004 1137 3062 numquam
1161 2996 1319 3051 linem
1344 2978 1498 3056 faciet
1520 3004 1568 3058 id
1591 3010 1811 3078 agendi;
1843 3015 1923 3068 sin
1952 3017 2042 3071 ad-

462 3112 1899 3153 “WE

1112 3204 1330 3311 DE
1382 3150 2042 3328 moon—1E

2151 3226 3094 3349 EHENSIBILI,

1194 321 1251 379 8.
1291 323 1566 384 JOANNIS
1602 330 2075 392 CHRYSOSTOMI
2119 340 2432 402 AllClllEP.
2475 349 3006 414 CONSTANTINOP.

3622 370 3729 431 736

2174 468 2341 513 vertat
2372 468 2421 515 te
2448 479 2551 517 non
2583 467 2741 521 modo
2789 485 2892 526 non
2934 473 3301 545 blasphemare
3335 481 3500 538 Deum
3520 527 3536 552 ,
3576 489 3664 558 qui
3695 498 3748 546 te

2170 550 2387 612 creavit,
2414 552 2506 604 sed
2529 555 2685 609 etiam
2716 556 2812 626 ipsi
2842 560 2908 616 de
2932 563 3134 630 jactura
3159 570 3355 637 gratias
3378 550 3556 643 agere,
3581 550 3610 630 a
3634 588 3735 632 ten-

2170 638 2460 695 tationihus
2486 643 2774 702 inferendis
2795 651 3034 719 absistet,
3060 671 3255 725 gnarus
3274 638 3634 721 molestiarum
3655 686 3746 724 ex-

2168 731 2519 797 perimentum
2547 738 2637 791 tibi
2657 741 2944 807 gratiarum
2969 748 3193 803 actionis
3213 765 3580 821 argumentum
3603 774 3742 826 esse,

2164 835 2229 875 ac
2258 824 2673 891 splendidiorem
2711 830 2802 903 ti_bi
2832 848 3081 890 coronam
3111 840 3366 912 pluraque
3406 849 3624 915 praemia
3656 824 3782 934 pas,

2166 926 2302 966 rere.
2331 916 2480 980 Quod
2512 920 2669 973 etiam
2702 920 2798 989 ipsi
2828 923 2927 979 Job
2952 928 3161 983 accidit.
3188 933 3320 987 Cum
3347 937 3488 990 enim
3518 916 3773 996 sublatisi

2164 1003 2374 1071 Opilius,
2408 1009 2786 1081 vulneratoque
2807 1030 3052 1085 corpore,
3076 1020 3207 1075 vidit
3227 1023 3375 1078 illum
3399 1029 3598 1096 gratias
3622 1003 3770 1111 περς-ξ

2165 1109 2242 1159 re,
2276 1112 2379 1150 nou
2409 1100 2542 1155 ultra
2596 1102 2765 1171 ipsum
2809 1109 3021 1176 aggredi
3051 1126 3212 1167 ausus
3239 1124 3349 1181 est;
3402 1119 3494 1173 sed
3526 1123 3664 1190 turpi
3693 1100 3767 1178 etE

2163 1184 2511 1253 ignominiosa
2530 1192 2679 1248 clade
2700 1195 3004 1266 profligatus
3025 1201 3301 1272 abscessit,
3317 1221 3435 1261 cum
3461 1210 3550 1264 Dei
3567 1212 3743 1267 athle-

2163 1281 2269 1327 tam
2320 1277 2658 1335 illustriorem
2707 1286 3042 1344 reddidisset.
3100 1292 3224 1348 llaec
3250 1295 3409 1366 igitur
3451 1304 3742 1357 cumscia-

2162 1378 2300 1431 mus,
2335 1383 2494 1422 unum
2525 1371 2797 1429 dumtaxat
2835 1386 3163 1449 metuamus,
3197 1395 3471 1454 peccatum
3498 1406 3691 1461 nempe
3725 1413 3740 1448 :

2160 1463 2354 1510 extera
2382 1474 2509 1513 vero
2533 1472 2750 1520 strenue
2777 1467 3085 1538 toleremus,
3133 1474 3249 1530 sive
3277 1481 3618 1546 pecuniarum
3659 1484 3743 1553 ja-

2161 1557 2387 1617 cturam,
2417 1551 2528 1607 sive
2551 1559 2789 1624 corporis
2810 1563 3200 1632 aegritudinem,
3232 1568 3344 1623 sive
3369 1572 3702 1630 calamitates
3723 1620 3738 1642 ,

2158 1638 2271 1692 sive
2299 1639 2489 1696 damna
2517 1652 2570 1699 et
2595 1648 2987 1716 sycophantias,
3011 1653 3125 1709 sive
3152 1656 3292 1711 aliud
3320 1659 3590 1730 quidpiam
3620 1638 3739 1719 mo;

2160 1728 2351 1783 lestum
2394 1731 2673 1789 inferatur.
2720 1737 2845 1793 Harc
2868 1743 3064 1811 quippe
3089 1754 3274 1800 natura
3304 1728 3395 1801 sua
3428 1728 3533 1806 non
3563 1755 3738 1808 solum

2159 1835 2255 1875 nos
2274 1822 2593 1881 detrimento
2612 1829 2821 1887 afficere
2833 1847 3100 1903 nequeunt
3114 1838 3151 1902 ⁸,
3168 1839 3258 1893 sed
3281 1842 3436 1896 etiam
3450 1843 3738 1902 admodum

2150 1909 2428 1980 juvabunt,
2459 1915 2584 1971 dum
2613 1921 2810 1989 gratias
2844 1926 3049 1994 agendo
3076 1927 3304 1986 feramus
3325 1972 3338 1994 ,
3373 1935 3741 2006 majoremqne

2157 2004 2310 2059 nobis
2352 2005 2576 2063 afferent
2604 2014 2924 2069 mercedem.
2970 2017 3127 2073 Vides
3162 2023 3357 2091 quippe
3399 2025 3568 2094 ipsum
3598 2004 3735 2093 Joh,

2157 2106 2432 2167 postquam
2462 2103 2727 2169 patientia:
2769 2116 2822 2160 et
2861 2108 3066 2163 virtutis
3094 2126 3291 2167 corona
3322 2116 3600 2171 redimitus
3627 2131 3733 2186 est,

2154 2204 2215 2243 ea
2244 2205 2362 2259 qua:
2388 2195 2637 2249 amiserat
2665 2196 2822 2267 dupla
2856 2203 3141 2271 recepisse.
3171 2205 3247 2259 Tu
3272 2223 3398 2262 vero
3420 2224 3524 2264 non
3548 2211 3733 2281 dupla,

2153 2293 2238 2335 aut
2261 2284 2507 2353 triplicia,
2538 2287 2631 2341 sed
2659 2291 2906 2359 centupla
2930 2295 3105 2348 omnia
3134 2297 3376 2365 recipies,
3403 2300 3447 2354 si
3468 2316 3736 2370 generose

2155 2369 2322 2435 feras,
2364 2382 2418 2428 et
2467 2376 2626 2430 vitam
2659 2390 2910 2434 mternam
2965 2384 3016 2438 in
3072 2384 3431 2443 hzercditatem
3481 2388 3733 2461 accipies,

2151 2477 2308 2531 quam
2362 2465 2561 2521 utinam
2610 2484 2796 2525 oumes
2833 2487 3255 2545 consequamur,
3288 2483 3455 2549 gratia
3482 2494 3537 2538 et
3584 2485 3735 2539 beni-

2150 2556 2351 2624 gnitate
2383 2559 2592 2615 Domini
2621 2564 2787 2617 nostri
2817 2562 2943 2619 Jesu
2972 2564 3205 2634 Christi,
3237 2571 3319 2623 cui
3344 2571 3510 2641 gloria
3549 2587 3602 2627 et
3633 2576 3731 2629 im-

2150 2651 2354 2719 perium
2401 2667 2542 2707 nunc
2587 2665 2638 2709 et
2664 2670 2897 2726 semper,
2941 2666 2995 2713 et
3034 2658 3086 2713 in
3131 2662 3319 2716 saecula
3363 2666 3728 2736 saeculorum,

2151 2742 2341 2797 Amen.

2210 2910 2225 2936 ‘
2256 2912 2342 2984 Prq
2366 2906 2547 2984 verbis,
2579 2910 2676 2957 sive
2699 2907 2853 2984 aliud"
2887 2910 3134 2984 quidpiam
3177 2912 3433 2984 moestum.
3463 2914 3729 2984 inferatur,

2143 2966 2240 3014 duo
2257 2969 2446 3017 codices
2468 2968 2647 3026 ferunt,
2667 2969 2763 3019 sive
2786 2966 2920 3021 aliud
2940 2966 3181 3034 quoddam
3204 2966 3732 3045 infortiniiinii-ingrati?

2144 3028 2285 3079 wbis.
2315 3038 2493 3078 Horum
2515 3030 2640 3080 enim
2668 3039 2841 3081 ruitura
2862 3028 2962 3082 noli
2977 3034 3129 3083 solum
3144 3028 3269 3085 vobis
3292 3050 3382 3085 non
3404 3028 3611 3096 noce-Mt,
3633 3047 3726 3088 etc.

3524 3163 3725 3173 κ...-

1781 3440 2025 3487 CONTRA
2067 3446 2418 3493 ANOMOEOS.

1736 3563 2454 3608 anmmwmun

987 3685 1198 3725 HOMILIA
1236 3688 1321 3737 QC!
1331 3691 1452 3732 ΧΤΑ.

527 3816 580 3871 1.
621 3817 719 3887 Qui
748 3821 1004 3890 prolixius
1030 3839 1397 3896 argumentum
1419 3871 1432 3895 ,
1463 3832 1749 3906 multisque
1774 3845 2040 3898 sermoni-

454 3904 554 3961 bus
582 3922 742 3978 egens
771 3925 1115 3981 aggressurus
1136 3925 1234 3983 est,
1269 3920 1409 3989 quod
1447 3937 1549 3976 non
1574 3940 1679 3979 uno
1705 3927 1910 3985 duobus
1940 3934 2038 3986 tri-

454 3995 620 4054 busve
659 3999 753 4056 sed
801 4003 956 4073 longe
986 4005 1225 4075 pluribus
1275 4010 1465 4068 diebus
1509 4015 1785 4075 absolvere
1833 4026 2033 4093 possit,

453 4087 576 4144 huic
602 4093 853 4161 expedire
888 4105 1016 4165 puto
1040 4139 1053 4163 ,
1087 4108 1144 4153 ut
1171 4113 1276 4156 non
1308 4111 1470 4159 totam
1521 4107 1801 4165 confertim
1831 4087 2036 4169 doctri-

452 4194 574 4233 nam
603 4181 654 4236 in
677 4184 974 4240 auditorum
1001 4189 1210 4244 animos
1237 4192 1491 4261 effundat,
1522 4196 1619 4253 sed
1642 4209 1696 4253 ut
1728 4210 1893 4257 totum
1916 4205 2035 4275 plu-

449 4270 613 4324 resin
640 4283 815 4342 partes
856 4275 1161 4347 dividendo,
1194 4281 1289 4338 hac
1328 4283 1700 4346 distributione
1727 4292 1894 4348 levius
1917 4270 2037 4349 red-

449 4357 815 4418 datorationis
841 4380 995 4420 onus.
1045 4368 1176 4423 Nam
1209 4370 1406 4442 lingua,
1437 4376 1669 4442 auditus,
1702 4389 1756 4434 et
1781 4398 2031 4438 sensuum

452 4459 756 4506 nostrorum
784 4455 995 4524 singuli,
1030 4460 1267 4529 modum,
1313 4465 1521 4535 regulas
1551 4472 1908 4544 terminosque
1933 4475 2030 4529 ha-

450 4537 605 4605 bent,
650 4556 784 4611 quos
813 4544 856 4599 si
885 4547 1001 4615 quis
1042 4551 1334 4621 transgredi
1360 4554 1525 4622 velit,
1557 4573 1586 4611 a
1620 4537 1883 4628 praesente
1931 4566 2032 4621 sibi

450 4633 695 4691 facultate
728 4637 992 4709 dcjicitur.
1037 4641 1172 4709 Quid
1200 4645 1339 4700 enirn
1360 4688 1375 4713 ,
1422 4664 1619 4718 qumso,
1648 4652 1765 4708 luce
1788 4654 2033 4712 dulcius?

449 4724 586 4792 Quid
629 4727 779 4782 radio
814 4730 1146 4800 jucundius?
1193 4737 1440 4793 Attamen
1493 4739 1607 4796 hzec
1636 4745 1886 4814 suavitas,
1914 4748 2033 4804 htcc

450 4816 727 4886 Voluptas,
757 4821 799 4874 si
846 4822 980 4876 ultra
1024 4824 1239 4879 modum
1270 4828 1321 4881 in
1359 4830 1528 4886 oculis
1554 4846 1814 4899 versetur,
1858 4840 2031 4906 gravis

447 4908 777 4981 molestaque
828 4912 1073 4968 efficitur.
1121 4917 1476 4984 Quamobrem
1525 4924 1663 4977 Deus
1689 4925 1791 4980 diei
1822 4942 2029 4984 uuctem

444 5003 733 5060 succedere
775 5006 959 5075 voluit,
991 5018 1043 5062 nt
1077 5009 1318 5081 fatigatos
1346 5014 1528 5070 oculos
1553 5016 1799 5074 demissis
1841 5022 2027 5091 palpe-

448 5092 557 5147 bris
586 5097 837 5165 operiret,
896 5101 1121 5169 pupillas
1172 5104 1406 5173 sopiret,
1454 5106 1891 5181 laborantemque
1922 5114 2028 5169 vim

443 5184 720 5241 oculorum
746 5189 908 5258 quieti
946 5192 1118 5257 daret,
1157 5203 1211 5249 et
1254 5195 1318 5249 ad
1349 5200 1623 5268 sequentis
1658 5201 1762 5256 diei
1796 5204 2026 5260 officium

442 5275 701 5345 aptiorem
747 5280 1014 5336 redderet.
1068 5283 1189 5339 Ideo
1233 5286 1407 5357 vigilia
1457 5298 1510 5343 et
1538 5303 1758 5346 somnus
1810 5293 1945 5348 inter
1971 5309 2029 5351 se

442 5368 723 5423 contraria'
749 5384 815 5425 ex
845 5374 1119 5428 moderato
1146 5391 1242 5430 usu
1272 5392 1453 5447 parem
1477 5380 1860 5449 jneunditatem
1898 5384 2028 5439 affe~

443 5466 586 5524 l‘lllll,
617 5473 842 5529 cumque
865 5462 1035 5518 lucem
1054 5480 1270 5521 suavem
1292 5483 1562 5534 vocemus,
1586 5487 1802 5528 suavem
1826 5475 2030 5542 pariter

442 5561 694 5607 vocamus
722 5567 968 5610 somnum
1013 5558 1099 5626 qui
1132 5574 1231 5616 nos
1259 5561 1471 5618 abducit
1497 5579 1526 5617 a
1557 5564 1690 5635 luce,
1724 5567 1797 5621 lta
1828 5568 2023 5635 humo.

440 5638 659 5696 deratus
680 5659 806 5699 usus
836 5646 1030 5717 ubique
1053 5651 1230 5718 gravis
1260 5652 1617 5725 molestusque
1638 5667 1739 5721 est,
1771 5659 2019 5715 modera-

443 5739 527 5794 tus
548 5741 732 5788 contra
754 5733 944 5804 dulcis,
972 5738 1115 5796 utilis
1134 5753 1187 5798 et
1215 5743 1410 5799 suavis.
1437 5743 1637 5804 idcirco
1661 5762 1755 5806 nos
1780 5760 2020 5821 quartam

2145 3692 2451 3760 quintamve
2476 3693 2616 3748 diem
2640 3693 2838 3747 emensi
2861 3694 2906 3759 ί,
2936 3709 3001 3750 ex
3027 3709 3134 3765 quo
3164 3694 3232 3750 de
3270 3696 3723 3767 incomprehensi-

2148 3782 2239 3836 bili
2268 3797 2425 3851 agere
2453 3782 2710 3852 capimus
2728 3822 2744 3847 ,
2791 3798 2857 3838 ne
2896 3784 3108 3853 quidem
3133 3784 3287 3841 hodie
3313 3786 3723 3857 disputationem

2146 3872 2426 3929 absolvere
2468 3873 2879 3941 destinavimus,
2918 3876 3014 3930 sed
3038 3884 3315 3946 postquam
3352 3892 3415 3932 ea
3446 3895 3563 3947 qua?
3595 3882 3727 3935 satis

2144 3964 2251 4018 sint
2266 3974 2455 4019 vestra:
2477 3962 2681 4019 caritati
2698 3964 3128 4033 disseruerimus,
3145 3981 3329 4022 rursus
3346 3968 3509 4024 menti
3532 3979 3726 4025 vestrae

2144 4054 2382 4109 inducias
2401 4053 2532 4110 dare
2557 4054 2917 4110 decrevimus.
2950 4054 3174 4110 Ubinam
3201 4071 3328 4126 ergo
3348 4072 3518 4128 nuper
3541 4059 3726 4128 dispu-

2146 4145 2288 4200 tandi
2318 4145 2477 4201 finem
2505 4146 2759 4201 fecimus?
2804 4143 2934 4200 Nam
2962 4146 3086 4215 inde
3107 4162 3407 4202 sermonem
3448 4163 3723 4205 resumere

2142 4235 2428 4302 convenit,
2453 4251 2557 4291 una
2585 4236 2843 4306 siquidem
2893 4246 2976 4291 est
3003 4236 3256 4291 doctrinm
3283 4239 3470 4293 series.
3494 4239 3722 4293 Diceba-

2141 4344 2258 4383 mus
2289 4338 2415 4384 tunc
2441 4328 2556 4385 haec
2582 4344 2699 4384 esse
2724 4328 2814 4384 lilii
2838 4330 3051 4384 tonitrui
3077 4330 3256 4394 verba,
3290 4323 3451 4384 Deum
3478 4348 3623 4384 nemo
3652 4334 3719 4385 ri-

2139 4420 2213 4472 dit
2249 4435 2485 4489 umquam
2513 4436 2530 4473 :
2563 4418 2863 4490 Unigeuitus
2894 4418 2938 4472 Ρ
2940 4419 3077 4485 ilius,
3100 4420 3184 4489 qui
3211 4430 3281 4474 est
3305 4421 3356 4473 in
3381 4421 3494 4475 sinu
3522 4420 3719 4487 Patris,

2139 4512 2247 4579 ipse
2275 4511 2504 4580 exposuit
2533 4511 2707 4581 (Joan.
2744 4512 2787 4564 Ι.
2843 4510 2950 4578 l8).
2980 4509 3149 4565 Hodie
3175 4527 3279 4579 quo
3311 4511 3427 4564 loco
3458 4511 3571 4579 ipse
3598 4513 3721 4564 uui-

2137 4602 2347 4670 genitus
2373 4601 2540 4655 Filius
2582 4601 2885 4670 exposuerit
2918 4600 3100 4654 dicere
3122 4614 3299 4668 Opera:
3328 4601 3554 4668 pretium
3595 4602 3699 4654 erit

2139 4691 2439 4759 Respondit,
2469 4690 2670 4760 inquit,
2701 4690 2899 4745 Judaei:
2929 4701 2973 4744 et
3001 4691 3133 4743 dixit
3164 4706 3182 4742 :
3225 4688 3345 4743 Non
3370 4691 3486 4759 quia
3514 4689 3719 4743 Patrem

2137 4783 2254 4836 vidit
2282 4783 2562 4851 quisquam,
2588 4781 2683 4834 nisi
2707 4781 2769 4846 is,
2802 4780 2886 4849 qui
2907 4789 2978 4833 est
3007 4796 3069 4834 ea:
3094 4778 3231 4843 Deo;
3261 4780 3341 4833 hic
3365 4779 3485 4833 vidit
3508 4777 3721 4832 Patrem

2137 4873 2247 4944 (Id.
2270 4874 2323 4929 6.
2350 4874 2421 4928 46
2446 4874 2497 4941 ).
2549 4873 2815 4928 Visionem
2847 4873 2932 4927 hic
2960 4888 3141 4928 rursus
3160 4872 3518 4941 cognitionem
3540 4874 3722 4942 appel-

2138 4966 2210 5019 lat
2240 4980 2254 5017 :
2288 4980 2387 5020 nec
2412 4964 2719 5032 simpliciter
2746 4962 2900 5027 dixit,
2954 4961 3118 5016 Nemo
3148 4963 3269 5017 vidit
3316 4962 3541 5028 Patrem,
3575 4973 3722 5031 post-

2134 5071 2303 5125 eaque
2325 5056 2507 5120 tacuit,
2538 5070 2603 5107 ne
2628 5054 2746 5122 quis
2781 5054 2848 5108 de
2879 5053 3180 5108 hominibus
3221 5064 3424 5107 tantum
3453 5053 3568 5107 hrec
3593 5068 3718 5107 eum

2133 5148 2331 5201 dixisse
2360 5155 2593 5214 putaret;
2636 5144 2731 5198 sed
2770 5159 2888 5198 eum
2918 5143 3200 5198 ostendere
3227 5143 3386 5197 vellet
3418 5158 3589 5212 neque
3616 5159 3715 5196 au-

2132 5242 2299 5313 gelos,
2334 5258 2507 5313 neque
2555 5241 2921 5312 archangelos,
2975 5255 3147 5310 neque
3202 5253 3460 5308 supernas
3497 5239 3717 5294 virtutes

2197 5395 2212 5425 ί
2250 5401 2363 5442 Cum
2406 5393 2521 5444 dicit
2558 5394 2916 5457 Chrysostomus
2955 5406 3013 5444 se
3045 5394 3144 5457 jam
3176 5399 3393 5457 quartam
3438 5393 3716 5454 quiutaiuve

2128 5456 2262 5504 diem
2283 5467 2454 5517 agere.
2481 5468 2542 5505 ex
2583 5453 2682 5518 quo
2701 5457 2767 5506 de
2806 5453 3281 5524 tnqunprehensibili
3305 5453 3581 5524 set-numen:
3620 5466 3717 5524 itu)-

2131 5530 2250 5565 vere
2274 5514 2487 5587 crispent
2506 5551 2521 5575 ,
2544 5514 2842 5587 mveputes
2884 5518 2935 5565 in
2964 5514 3057 5566 hoc
3074 5518 3304 5587 quinque
3330 5514 3519 5587 dierum
3563 5517 3716 5587 spatia

2132 5580 2276 5629 etiam
2314 5574 2515 5639 primam
2554 5574 2835 5648 concionem
2872 5574 3246 5648 comprehendi,
3288 5574 3479 5648 quando
3522 5574 3715 5648 (pridem

2130 5643 2257 5689 inter
2280 5638 2475 5701 primam
2512 5647 2567 5688 et
2609 5640 2869 5691 secundam
2909 5638 3105 5701 longum
3143 5638 3493 5701 interpositum,
3515 5640 3715 5701 spatium

2127 5698 2290 5749 fuisse
2311 5700 2486 5751 indicat
2520 5701 2604 5750 ille
2628 5703 2763 5771 ipitio
2797 5698 3041 5771 secundae.
3067 5699 3157 5748 sed
3181 5698 3461 5771 adsecuuda
3483 5698 3612 5771 haud
3633 5699 3707 5750 du-

2127 5764 2227 5825 bie,
2248 5763 2337 5813 hoc
2357 5770 2559 5827 quatuor
2586 5761 2662 5814 vel
2680 5760 2893 5827 quinque
2916 5762 3106 5813 dierum
3127 5762 3332 5824 spatium
3355 5760 3536 5823 incipit.
