3918 6370
105 351 188 409 735

98 466 316 536 καθάπερ
335 463 392 517 ἓν
413 465 574 536 σῶμα
603 463 1084 535 συνεσφιγμένους,
1118 468 1212 521 ml
1239 467 1377 538 μετά
1409 467 1611 538 πολλῆς
1627 467 1726 538 τῆς

94 551 345 626 ἀκριϐείας
367 553 482 615 τοῖς
507 553 820 624 λεγομένοις
848 553 1327 626 προσηλωμένους,
1349 555 1596 610 καθεῖναι
1627 557 1730 628 μέν

94 659 219 704 τινας
248 640 351 694 τῶν
385 641 552 694 αὑτοῦ
577 641 840 695 διακόνων
866 641 992 706 τοὺς
1024 641 1115 696 διὰ
1139 642 1450 714 συμϐουλῆς
1481 645 1572 699 ml
1596 663 1730 719 παρ-

93 729 314 793 αινέσεως
350 728 655 793 ἀπάξοντας
691 731 835 800 ὑμᾶς
872 730 971 802 τῆς
1005 732 1326 803 ἀκροάσεως
1367 734 1468 786 οὐκ
1497 733 1730 807 ἐτόλμη-

93 833 192 870 σεν’
222 814 330 886 ᾔδει
355 815 466 887 γάρ
493 817 568 880 ὡς
594 817 768 879 οὐδεὶς
795 817 948 886 ὑμῶν
975 818 1225 883 ἀνέξεται
1251 817 1361 873 τῶν
1389 820 1563 874 ταῦτα
1591 839 1729 894 συμ-

92 902 435 957 ϐουλευόντων·
460 905 664 977 λῃστάς
691 905 748 958 δέ
775 923 928 970 τινας
947 907 1041 960 ml
1077 906 1531 980 βαλαντιοτόμους
1560 911 1728 979 ἐγκα-

91 988 284 1060 ταμίξας
309 990 387 1062 τῷ
421 991 638 1062 πλήθει,
672 992 1055 1064 παρεσκεύασε
1088 994 1243 1065 παρά
1269 995 1480 1050 πολλῶν
1519 998 1722 1053 πολλά-

89 1096 154 1141 κις
193 1077 294 1130 τῶν
345 1079 582 1133 ἐνταῦθα
637 1081 1048 1153 συλλεγομένων
1099 1084 1344 1154 χρυσίον,
1393 1086 1530 1158 ὅπερ
1579 1083 1725 1160 εἶχον

88 1167 460 1237 ἁποδεδεμένον,
533 1168 860 1238 ὑφελέσθαι¹
928 1172 1025 1224 ml
1078 1171 1240 1225 τοῦτο
1302 1173 1563 1238 πολλάκις
1629 1177 1722 1232 καὶ

88 1255 156 1308 ἐπὶ
175 1253 372 1308 πολλῶν
391 1255 626 1310 ἐνταῦθα
651 1257 872 1330 συνέϐη.
900 1259 996 1313 ’Ἰν’
1023 1254 1115 1313 οὖν
1142 1260 1276 1331 μηδὲ
1301 1261 1459 1315 τοῦτο
1481 1264 1720 1336 γίνηται,

89 1343 192 1414 μηδὲ
225 1342 318 1414 τὴν
345 1343 478 1415 περὶ
509 1345 609 1416 τὴν
645 1347 908 1416 ἀκρόασιν
953 1347 1264 1418 προθυμίαν
1296 1351 1328 1421 ή
1363 1349 1473 1404 τῶν
1507 1354 1740 1423 χρημάσα

86 1447 167 1483 των
190 1429 350 1500 ζημία
379 1433 691 1506 κατασϐέσῃ
719 1434 1024 1508 τῷ¹χρόνῳ,
1054 1436 1264 1490 πολλῶν
1293 1437 1454 1492 τοῦτο
1486 1441 1724 1513 πασχόν-

85 1534 183 1582 των,
208 1521 456 1590 παραινῶ
479 1521 574 1575 ml
601 1521 955 1594 συμϐουλεύω
983 1525 1149 1580 πᾶσιν
1171 1525 1321 1596 ὑμῖν,
1357 1527 1562 1598 μηδένα
1589 1547 1724 1602 χρυ-

87 1606 172 1660 σίον
207 1609 602 1681 ἐπιφερόμενον
633 1612 837 1666 ἐσιέναι
867 1611 1123 1676 ἐνταῦθα,
1166 1613 1306 1668 ὥστε
1341 1615 1414 1687 μὴ
1447 1617 1546 1688 τὴν
1582 1618 1722 1689 ὑμε-

85 1695 213 1765 τέραν
239 1697 493 1769 σπουδὴν,
530 1699 630 1769 τὴν
663 1701 791 1772 περὶ
816 1700 914 1766 τὴν
937 1702 1223 1772 ἀκρόασιν,
1253 1703 1462 1772 ἐφόδιον
1493 1707 1722 1771 ἐκείνοις

87 1782 292 1848 γενέσθαι
321 1786 421 1855 τῆς
461 1785 825 1856 κακουργίας,
871 1789 1007 1859 μηδὲ
1041 1789 1138 1860 τὴν
1166 1791 1362 1861 ἡδονὴν
1410 1791 1506 1864 τὴν
1535 1795 1598 1848 ἐκ
1621 1795 1722 1866 τῆς

87 1873 272 1927 ἐνταῦθα
299 1875 589 1948 διατριϐῆς
618 1877 977 1950 ἐγγινομένην
1007 1880 1158 1950 ὑμῖν,
1187 1883 1253 1950 τῇ
1282 1880 1394 1934 τῶν
1422 1884 1722 1954 χρημάτων

87 1962 433 2034 ἀμαυρωθῆναι
464 1964 643 2036 κλοπῇ
671 1967 769 2036 (a).
800 1967 910 2020 Kal
933 1966 1042 2038 γάρ
1067 1969 1094 2022 ό
1120 1967 1366 2033 διάϐολος
1401 1970 1557 2026 τοῦτο
1592 1991 1724 2026 κατ-

88 2050 356 2118 εσκεύασεν,
377 2053 478 2123 οὐχ
501 2054 590 2107 ἵνα
613 2055 758 2125 ὑμᾶς
779 2056 1136 2128 πενεστέρους
1153 2057 1478 2130 ἐργάσηται,
1497 2061 1612 2119 ἀλλ’
1635 2062 1723 2116 ἵνα

89 2138 218 2206 ἡτῶν
249 2140 550 2210 χρημάτων
587 2141 852 2211 ἀπώλεια,
893 2145 973 2208 είς
1003 2145 1195 2216 ἀηδίαν
1231 2147 1376 2216 ὑμᾶς
1409 2149 1724 2220 ἐμϐαλοῦσα

89 2224 264 2294 πολλὴν,
289 2227 385 2298 τῆς
407 2229 724 2300 προθυμίας
744 2232 1012 2306 ἀπαγάγῃ
1031 2233 1130 2304 τῆς
1163 2251 1227 2286 πε
1238 2235 1289 2306 9l
1309 2235 1407 2307 τὴν
1433 2237 1720 2309 ἀκρόασιν.

97 2314 212 2368 Ἐπεὶ
231 2317 318 2370 καὶ
350 2317 442 2372 τὸν
483 2317 607 2372 Ἰὼϐ
631 2319 741 2373 τῶν
770 2323 1066 2392 χρημάτων
1097 2323 1416 2394 ἐγύμνωσεν
1443 2326 1720 2396 ἁπάντων,

88 2402 158 2472 οὐχ
183 2404 258 2458 ἵνα
301 2406 635 2478 πενέστερον
679 2409 1006 2481 ἐργάσηται,
1057 2411 1170 2466 ἀλλ’
1203 2413 1290 2465 ἵνα
1329 2413 1592 2488 γυμνώσῃ
1624 2417 1724 2488 τῆς

89 2489 332 2558 εὐσεϐείας.
373 2494 448 2548 Τὸ
488 2497 602 2568 γάρ
634 2496 1070 2568 σπουδαζόμενον
1099 2501 1314 2572 ἐκείνῳ,
1359 2503 1420 2555 οὐ
1459 2504 1722 2576 χρήματα

87 2583 364 2667 ἀφελέσθαι(
380 2581 490 2640 οἶδε
522 2587 634 2658 γὰρ
653 2587 808 2641 οὐδὲν
837 2587 995 2644 τοῦτο
1013 2589 1126 2660 ὅν),
1164 2590 1280 2644 ἀλλ’
1306 2591 1394 2646 ἵνα
1411 2591 1484 2661 (b)
1511 2593 1600 2648 διὰ
1623 2595 1724 2667 τῆς

82 2666 160 2719 τῶν
176 2670 457 2740 χρημάτων
484 2671 838 2743 ἀφαιρέσεως
860 2673 942 2737 εἰς
963 2673 1241 2746 ἁμαρτίαν
1271 2675 1451 2747 ψυχῆς
1473 2666 1689 2753 ὲμθάλῖί
1705 2697 1718 2712 ⁸

83 2753 159 2808 κᾶν
185 2757 249 2828 μὴ
277 2759 433 2814 τοῦτο
472 2759 677 2832 ἰσχύσῃ
714 2761 958 2831 ποιῆσαι,
993 2761 1144 2815 οὐδὲν
1187 2764 1454 2836 ἡγήσεται
1500 2782 1723 2838 κατωρ-

87 2840 266 2900 θωκέναι
307 2848 456 2901 ποτέ.
513 2847 687 2912 Εἰδὼς
720 2848 900 2902 τοίνυν
943 2849 1110 2903 αὑτοῦ
1147 2851 1247 2922 τὴν
1296 2851 1545 2924 γνώμην,
1577 2853 1723 2922 ἀγα-

88 2931 204 2999 πητὲ,
232 2935 354 2990 ὅταν
399 2935 686 3006 ἀφέληταί
718 2953 812 2990 σου
845 2938 1088 3010 χρυσίον,
1119 2937 1151 3010 ἢ
1191 2938 1280 2994 διὰ
1313 2939 1548 3013 λῃστῶν,
1585 2941 1618 3013 ἢ
1651 2943 1719 2995 δι’

86 3015 228 3090 ἑτέρας
270 3022 411 3088 τινὸς
459 3023 819 3095 προφάσεως,
879 3023 1102 3089 δόξασον
1148 3025 1239 3079 τὸν
1291 3028 1593 3098 Δεσπότην,
1627 3031 1722 3084 ml

127 3131 148 3159 ⁸
169 3131 239 3206 εἰς
257 3133 402 3206 Sinin:
429 3142 496 3206 et_
515 3135 859 3206 pluriml_mss.
899 3139 1075 3206 Morel.
1110 3141 1197 3198 τήν
1237 3142 1334 3190 τῶν
1355 3142 1614 3206 χρημάτων
1638 3151 1722 3204 τῆς

89 3193 440 3263 ιῦξνῖηέιεϐαλεῖν.
479 3193 851 3263 ’Ᾰμανρωθῆναι
866 3203 1068 3260 κλοπήν.

125 3253 148 3298 ι
165 3256 233 3308 Sic
250 3257 394 3312 Savil.
415 3266 469 3311 el
497 3253 716 3328 m‘axifna
738 3253 849 3325 p'ars
866 3277 983 3314 mss.
1005 3253 1177 3314 Morel.
1201 3266 1324 3314 ἀλλὰ
1356 3265 1451 3314 διά.

1086 351 1172 405 DE
1213 351 1908 408 INCOMPBEIIENSIBILI
1947 353 2052 406 DEI
2093 352 2400 408 NA'I'L‘RA.
2445 352 2501 408 ν.

1833 451 1994 520 πλέον
2025 466 2122 540 ἔσῃ
2156 467 2526 539 κεκερδηκὼς,
2558 467 2650 522 ml
2670 467 2862 540 διπλῆν
2888 467 3081 532 δώσεις
3105 467 3186 538 τῷ
3210 464 3388 538 ἐχθρῷ
3408 464 3508 537 τὴν

1831 555 2064 627 πληγὴν,
2089 555 2168 608 ὅτι
2193 572 2250 608 τε
2285 555 2386 608 οὐκ
2418 542 2806 628 ἐδυσχέρανας,
2838 556 2933 610 ml
2962 555 3045 610 ὅτι
3069 553 3504 627 ηὑχαρίστησας.

1831 647 1927 698 Ἂν
1965 647 2061 716 μὲν
2096 645 2205 716 γάρ
2241 644 2344 717 ἴδῃ,
2376 646 2458 698 ὅτι
2493 663 2552 698 σε
2581 647 2833 700 ταπεινοῖ
2863 645 2973 701 τῶν
3007 643 3307 716 χρημάτων
3337 643 3372 713 ἡ
3410 640 3510 711 ζη-

1831 735 1948 806 μία,
1979 735 2073 788 ml
2113 735 2290 788 πείθει
2326 734 2468 788 κατά
2499 733 2594 790 τοῦ
2647 734 2922 801 Δεσπότου
2964 733 3320 804 δυσχερᾶναι,
3355 727 3508 782 οὐδέ·

1829 839 1957 876 ποτε
1981 824 2348 893 ἀποστήσεται
2382 821 2541 876 τοῦτο
2576 821 2973 892 ἐργαζόμενοςο
3013 819 3080 875 ἂν
3118 819 3176 872 δὲ
3217 817 3506 896 θεάσηται,

1825 910 1907 963 ὅτι
1947 910 2009 963 οὐ
2051 909 2210 981 μόνον
2252 911 2312 964 οὑ
2363 909 2706 982 βλασφημεῖς
2738 910 2830 964 τὸν
2879 908 3221 980 πεποιηκότα
3251 923 3312 959 σε
3346 903 3503 968 Θεδν,

1825 997 1962 1052 ἀλλά
1987 998 2078 1051 καὶ
2107 998 2450 1072 εὐχαριστεῖς
2479 997 2628 1070 αὑτῷ
2665 999 2751 1068 ἐφ’
2782 999 2998 1070 ἑκάστῳ
3035 995 3142 1050 τῶν
3178 989 3506 1065 συμϐαινόν-

1825 1102 1933 1138 των
1955 1083 2162 1150 δεινῶν,
2190 1086 2560 1158 ἀποστήσεται
2581 1085 2730 1158 [480]
2747 1086 2970 1154 ἐπάγων
2993 1085 3119 1144 τοὺς
3139 1077 3503 1152 πειρασμοὺς,

1824 1171 1980 1236 εἰδὼς
2010 1173 2090 1226 ὅτι
2115 1173 2463 1246 εὐχαριστίας
2491 1191 2574 1228 σοι
2606 1172 2860 1236 ὑπόθεσις
2885 1171 3094 1241 γίνεται
3120 1167 3227 1222 τῶν
3253 1164 3442 1220 δεινῶν
3467 1165 3500 1233 ἡ

1824 1261 2010 1330 πεῖρα,
2037 1260 2132 1314 καὶ
2157 1259 2570 1333 λαμπροτέρους
2591 1259 2884 1332 ἐργάζεταί
2914 1276 2995 1312 σοι
3021 1259 3150 1321 τοὺς
3179 1253 3504 1324 στεφάνουςν

1821 1347 1918 1400 καὶ
1951 1347 2172 1402 πλείονα
2203 1349 2270 1402 τὰ
2301 1348 2547 1420 βραδεῖα.
2586 1349 2762 1418 Ὅπερ
2805 1342 2898 1402 οὖν
2946 1347 3040 1401 ml
3101 1343 3194 1398 ἐπὶ
3226 1340 3324 1397 τοῦ
3379 1337 3504 1392 ’Ἰὼϐ

1821 1434 2065 1502 γέγονεν.
2110 1435 2326 1508 Ἐπειδὴ
2372 1435 2482 1509 γὰρ
2528 1435 2862 1506 ἀφελόμενος
2908 1432 3072 1486 αὑτοῦ
3112 1430 3184 1484 τὰ
3221 1428 3504 1501 χρήματα.

1823 1524 1917 1578 καὶ
1944 1523 2004 1578 τὸ
2033 1522 2194 1595 σῶμα
2219 1525 2486 1592 πατάξας,
2517 1521 2658 1579 εἶδεν
2692 1523 3014 1595 εὐχάριστον
3040 1519 3354 1591 γενόμενον,
3376 1517 3506 1570 οὑκ-

1823 1610 1904 1664 έτι
1953 1611 2274 1683 προσελθεῖν
2311 1612 2636 1684 ἐτόλμησεν,
2683 1611 2798 1664 ἀλλ’
2832 1609 3068 1680 αἰσχράν
3095 1607 3190 1660 καὶ
3217 1604 3504 1674 ἀσύγγνω-

1825 1716 1949 1754 στον
1975 1699 2275 1772 ὑπομείνας
2294 1695 2463 1773 ἧτταν
2486 1699 2674 1770 ἀπῄει,
2704 1698 3089 1770 λαμπρότερον
3124 1693 3503 1766 ἐργασάμενος

1821 1785 1916 1840 τοῦ
1944 1785 2078 1840 Θεοῦ
2121 1787 2212 1841 τὸν
2239 1788 2499 1859 ἀθλητήν.
2532 1785 2717 1840 Ταῦτα
2761 1781 2856 1841 οὖν
2889 1785 2984 1838 ml
3017 1784 3178 1852 ἡμεῖς
3211 1780 3413 1842 εἰδότες
3443 1776 3502 1831 ἓν

1825 1879 1984 1950 μόνον
2017 1877 2332 1950 φοϐώμεθα,
2373 1879 2472 1948 τὴν
2524 1877 2820 1948 ἁμαρτίαν,
2856 1874 2924 1928 τά
2967 1873 3026 1927 δὲ
3062 1871 3198 1928 ἄλλα
3238 1868 3504 1938 γενναίως

1822 1967 2098 2040 φέρωμεν,
2118 1967 2222 2020 κᾶν
2241 1984 2344 2038 χρη
2355 1965 2538 2037 μάτων
2559 1964 2624 2037 ξη
2635 1965 2753 2036 μία,
2787 1963 2891 2018 κᾶν
2915 1962 3068 2026 νόσος
3087 1959 3376 2030 σωμάτων,
3402 1956 3506 2010 κᾶν

1821 2055 2174 2128 περιστάσεις
2202 2054 2566 2126 πραγμάτων,
2596 2051 2698 2106 κᾶν
2727 2052 2983 2123 ἐπήρεια,
3017 2048 3120 2102 κᾶν
3148 2043 3505 2116 συκοφαντία,

1821 2141 1925 2196 κᾶν
1945 2141 2074 2196 ἄλλο
2107 2141 2286 2196 ὁτιοῦν
2316 2141 2588 2212 ἐπάγηται
2613 2139 2785 2194 δεινὸν
2814 2140 2948 2210 ἡμῖν
2978 2136 3071 2209 (ο)-
3097 2134 3309 2190 τούτων
3331 2132 3443 2204 γὰρ
3469 2133 3504 2202 ή

1822 2229 1982 2300 φύσις
2009 2231 2070 2284 οὐ
2113 2229 2272 2300 μόνον
2311 2231 2461 2302 ἡμᾶς
2501 2229 2560 2282 οὑ
2595 2226 2946 2299 παραϐλάψει
2965 2265 2980 2288 ,
3008 2223 3148 2278 ἀλλὰ
3180 2221 3276 2276 καὶ
3303 2219 3372 2275 τὰ
3406 2218 3502 2290 μέ-

1821 2336 1982 2388 γιστα
2019 2319 2298 2390 ὠφελῆσαι
2345 2318 2656 2389 δυνήσεται,
2710 2315 2777 2370 ἂν
2827 2314 2944 2386 μετ’
2980 2309 3332 2384 εὐχαριστίας
3365 2305 3511 2361 αὑτά

1822 2407 2098 2476 φέρωμεν,
2147 2408 2242 2460 ml
2290 2405 2546 2468 πλείονας
2585 2407 2720 2474 ἡμῖν
2753 2403 3051 2474 ἐργάσεται
3079 2401 3208 2464 τοὺς
3255 2393 3504 2469 μισθούς.

1833 2495 1997 2566 Ὁρᾷς
2043 2493 2175 2565 γοῦν
2221 2495 2318 2548 καὶ
2355 2495 2448 2548 τὸν
2493 2492 2614 2546 Ἰὼϐ
2657 2491 2797 2564 μετὰ
2825 2491 2886 2544 τὸ
2912 2493 3036 2554 τοὺς
3069 2487 3368 2558 στεφάνους
3405 2485 3506 2554 τῆς

1823 2584 2099 2655 ὑπομονῆς
2127 2585 2222 2638 ml
2245 2583 2347 2653 τῆς
2373 2582 2626 2654 ἀνδρείας
2650 2580 2898 2643 ἅπαντας
2924 2575 3320 2648 ἀναδήσασθαι,
3341 2571 3508 2626 διπλᾶ

1821 2671 1889 2725 τὰ
1913 2669 2232 2724 ἀπολωλότα
2261 2669 2604 2741 ἀπειληφότα
2627 2667 2866 2722 ἅπαντα.
2897 2665 2970 2718 Σὺ
2999 2663 3058 2718 δὲ
3076 2661 3197 2734 οὐχὶ
3225 2659 3389 2715 διπλᾶ
3409 2661 3506 2712 καὶ

1821 2758 2046 2830 τριπλᾶ,
2086 2757 2200 2811 ἀλλ’
2233 2755 2766 2813 ἑκατονταπλασίονα
2798 2753 2977 2808 πάντα
3009 2749 3287 2822 ἀπολήψῃ,
3316 2747 3382 2802 ἂν
3410 2747 3506 2816 φέ-

1827 2861 1926 2918 ρῃς
1959 2846 2243 2914 γενναίως,
2273 2846 2366 2900 καὶ
2397 2845 2543 2916 ζωὴν
2570 2843 2788 2898 αἰώνιον
2821 2841 3255 2914 κληρονομήσεις
3274 2853 3286 2866 ·
3317 2832 3387 2908 ἦς
3410 2835 3509 2904 γέ-

1823 2949 1968 2986 νοιτο
2001 2933 2208 2996 πάντας
2242 2935 2387 3004 ἡμᾶς
2429 2934 2732 3002 ἐπιτυχεῖν,
2767 2929 2953 3002 χάριτι
2984 2929 3078 2982 ml
3123 2924 3509 2997 φιλανθρωπίᾳ

1827 3018 1922 3072 τοῦ
1949 3020 2158 3090 Κυρίου
2185 3022 2218 3089 ἡ
2229 3019 2346 3088 μῶν
2391 3019 2567 3088 Ἰησοῦ
2596 3016 2856 3090 Χριστοῦ,
2881 3009 2926 3084 ᾧ
2953 3017 2986 3084 ή
3011 3012 3140 3078 δόξαι
3163 3013 3258 3066 ml
3286 3012 3348 3065 τὸ
3370 3009 3508 3082 κρά-

1825 3122 1937 3170 τος,
1963 3104 2058 3159 νῦν
2081 3106 2176 3158 καὶ
2195 3107 2303 3170 ἀεὶ,
2329 3106 2423 3158 ml
2443 3107 2524 3169 είς
2549 3106 2674 3169 τοὺς
2695 3102 2898 3167 αἰῶνας
2917 3101 3026 3155 τῶν
3047 3099 3280 3154 αἰώνων.
3311 3097 3506 3169 Ἀμήν.

1891 3211 1914 3240 ο
1939 3208 2090 3259 Savil.
2111 3210 2272 3259 elduo
2283 3210 2478 3260 codices
2497 3211 2586 3258 κᾶν
2607 3209 2728 3267 ἄλλη
2751 3225 2822 3264 τις
2845 3207 2955 3271 ὑμῖν
2981 3205 3278 3271 ἐπεγείρηται
3298 3203 3510 3262 δυσκλη-

1827 3271 1922 3334 ρία,
1951 3271 2144 3320 Τούτων
2166 3273 2256 3336 γὰρ
2273 3274 2304 3330 ἡ
2334 3271 2472 3334 φύσις
2498 3272 2552 3321 οὐ
2581 3271 2722 3334 μόνον
2743 3273 2865 3333 ὑμᾶς
2881 3269 2943 3319 ὀύ
2973 3269 3157 3332 βλάψει.

963 3481 1324 3596 ΠΕΡΙ
1378 3479 2562 3604 ΑΚΑΤΑΛΗΠΤΟΥ

1353 3655 1532 3710 ΠΡΟΣ
1571 3656 1748 3711 ΤΟΥΣ
1783 3656 2202 3715 ΑΝΟΜΟΙΟΥΣ.

617 3884 808 3955 Λόγος
847 3883 1136 3955 πέμπτος.

131 3976 184 4026 α’.
228 3973 472 4028 Ἐπειδὰν
510 3970 681 4045 μέλλῃ
713 3989 796 4036 τις
824 3973 1157 4045 μικροτέρας
1204 3971 1516 4038 ὑποθέσεως
1563 3975 1728 4030 ἀπτε-

84 4057 200 4123 σθαι,
225 4065 310 4116 καὶ
338 4062 564 4118 πολλῶν
591 4061 854 4134 δεομένης
887 4061 1192 4132 λόγων,καὶ
1207 4062 1392 4118 οὐκ.ἐν
1415 4062 1598 4136 ἡμέρᾳ
1631 4066 1730 4136 μιᾷ

82 4149 246 4206 καὶδύο
269 4153 358 4207 ml
378 4151 590 4225 τρισὶν,
616 4151 730 4204 ἀλλ’
761 4153 818 4205 ἐν
854 4149 1032 4222 πολλῷ
1063 4149 1272 4203 πλείοσι
1299 4152 1725 4224 περαιουμένης,

80 4234 325 4306 ἀναγκαῖον
369 4237 519 4295 εἶναι
565 4237 771 4308 νομίζω
813 4237 892 4309 τῷ
921 4237 1152 4308 τοιούτῳ
1185 4236 1260 4309 μὴ
1303 4239 1486 4291 πᾶσαν
1515 4239 1728 4310 ἀθρόως

83 4323 186 4392 μηδὲ
218 4327 298 4396 ὑφ’
341 4328 400 4381 ἓν
449 4325 762 4380 ἐπιτιθέναι
805 4328 872 4397 τῇ
914 4324 1027 4378 τῶν
1059 4323 1344 4395 ἀκροατῶν
1381 4325 1594 4396 διανοίᾳ
1623 4325 1726 4397 τὴν

80 4409 397 4480 διδασκαλίαν,
426 4413 552 4470 ἀλλ’
576 4415 656 4477 εἷς
687 4411 862 4466 πολλά
885 4413 945 4466 τὸ
970 4411 1090 4465 ὅλον
1114 4410 1529 4482 κατατέμνοντα
1558 4410 1724 4484 μέρη,

80 4499 242 4569 κοῦφον
273 4504 364 4558 καί
399 4501 678 4573 εὔληπτον
703 4499 783 4572 τῷ
825 4497 1338 4570 κατακερματισμῷ
1362 4496 1522 4552 τοῦτο
1549 4502 1725 4554 ποιεῖν

79 4585 216 4642 τὸτοῦ
241 4590 398 4660 λόγου
423 4589 671 4663 φορτίον.
703 4588 816 4642 Καὶ
837 4587 947 4658 γὰρ
973 4587 1066 4640 καὶ
1087 4585 1304 4654 γλῶττα
1339 4587 1436 4640 καὶ
1461 4585 1602 4658 ἀκοὴ
1626 4587 1726 4640 καὶ

81 4669 273 4730 ἕκαστον
300 4677 407 4731 τῶν
437 4676 822 4749 αἰσθητηρίων
850 4675 1007 4747 ἡμῶν
1035 4675 1212 4746 μέτρα
1239 4675 1333 4728 ml
1364 4675 1598 4738 κανόνας
1633 4677 1728 4729 καὶ

79 4759 208 4830 ὅρους
231 4763 338 4837 ἔχει
363 4763 682 4838 κειμένους.
710 4763 812 4818 κᾶν
837 4762 1164 4834 ἐπιχειρήσῃ
1191 4779 1274 4826 τις
1302 4761 1526 4826 τούτους
1553 4764 1728 4836 ὑπερ-

80 4847 210 4918 ϐῆναί
235 4870 360 4908 ποτε
404 4854 542 4919 τοὺς
583 4853 766 4925 ὄρους,
812 4853 906 4906 ml
933 4851 1035 4922 τῆς
1068 4849 1236 4920 οῦσης
1281 4851 1538 4906 ἐκπίπτει
1563 4853 1728 4907 δυνά-

83 4948 216 5000 μεως.
255 4937 318 4992 Τί
352 4937 464 5010 γάρ
499 4935 836 5008 γλυκύτερον
862 4933 1062 5005 φωτὸς,
1093 4933 1217 4985 εἰπέ
1254 4951 1380 5005 μοι;
1411 4935 1465 4988 τί
1494 4935 1552 4988 δὲ
1576 4935 1727 5006 ἥδιον

81 5020 291 5091 ἀκτῖνος;
334 5027 453 5082 ἀλλ’
485 5027 634 5098 ὅμως
661 5025 725 5080 τὸ
751 5025 926 5095 γλυκὺ
955 5026 1116 5080 τοῦτο
1147 5027 1242 5080 ml
1267 5025 1390 5097 ἡδὺ,
1429 5022 1558 5080 ὅταν
1587 5025 1728 5096 ὑπὲρ

80 5102 126 5156 τὸ
141 5107 321 5182 μέτρον
349 5111 513 5184 ἡμῶν
539 5111 779 5183 ὁμιλήσῃ
807 5113 920 5174 τοῖς
947 5111 1214 5182 ὄμμασιν,
1252 5110 1492 5182 ἐπαχθὲς
1517 5111 1726 5178 γίνεται

79 5195 156 5247 καὶ
195 5200 471 5270 φορτικόν.
535 5199 634 5253 Διά
684 5199 844 5253 τοῦτο
899 5201 996 5254 καὶ
1045 5202 1074 5254 ὁ
1133 5199 1266 5264 Θεὸς
1317 5199 1488 5252 νύκτα
1539 5200 1730 5270 ἐνομο-

81 5276 275 5354 θέτησεν
302 5283 443 5342 εἶναι
489 5287 626 5358 μετὰ
659 5287 759 5358 τὴν
793 5288 1031 5361 ἡμέραν,
1064 5287 1152 5341 ἵνα
1199 5287 1580 5358 πεπονηκότας
1625 5303 1731 5338 πα·

83 5371 357 5436 ραλαϐοῦσα
400 5379 533 5440 τοὺς
573 5375 906 5449 ὀφθαλμοὺς,
953 5374 1286 5448 καταστείλῃ
1329 5374 1398 5428 τὰ
1459 5373 1728 5445 βλέφαρα,

82 5461 293 5535 κοιμήσῃ
311 5463 411 5528 τάς
438 5462 630 5537 κόρας,
659 5463 950 5536 ἀναπαύσῃ
971 5462 1257 5534 καμοῦσαν
1291 5464 1421 5536 ἡμῖν
1447 5463 1546 5534 τὴν
1571 5464 1726 5516 όπτια

82 5543 165 5615 τὴν
185 5547 427 5620 δύναμιν,
463 5551 559 5604 καὶ
589 5550 724 5622 πρὸς
758 5550 856 5624 τὴν
886 5551 986 5622 τῆς
1027 5551 1327 5623 μελλούσης
1351 5551 1565 5624 ἡμέρας
1594 5551 1733 5605 θεω-

87 5633 186 5701 ρίαν
213 5637 647 5712 ἐπιτηδειοτέραν
673 5640 1088 5712 παρασκευάσῃ.
1123 5639 1222 5694 Διά
1250 5639 1408 5693 τοῦτο
1437 5639 1532 5692 ml
1561 5641 1732 5711 ἐγρή-

86 5734 247 5790 γορσις
282 5727 377 5780 καὶ
409 5725 580 5790 ὕπνος
609 5727 829 5780 ἐναντία
856 5727 988 5781 ὅντα
1020 5727 1294 5799 ἀλλήλοις,
1325 5727 1434 5782 ἀπὸ
1463 5727 1566 5798 τῆς
1594 5744 1734 5799 συμ-

92 5809 286 5882 μετρίας
327 5813 533 5884 όμοίως
575 5813 828 5888 ἀλλήλοις
873 5815 1071 5886 ἥδιστα
1114 5815 1344 5884 γίνεται,
1403 5814 1498 5867 καὶ
1557 5814 1731 5880 γλυκὺ

91 5895 350 5965 καλοῦντες
398 5900 476 5974 τὸ⁸
507 5901 642 5973 φῶς,
691 5901 897 5974 γλυκὺν
939 5902 1141 5974 ὁμοίως
1186 5901 1459 5974 καλοῦμεν
1494 5903 1590 5956 καὶ
1643 5903 1736 5955 τὸν

1831 3889 1999 3943 ὕπνον
2045 3891 2136 3944 τὸν
2187 3890 2472 3960 ἀπάγοντα
2524 3889 2674 3961 ἡμᾶς
2723 3888 2818 3942 τοῦ
2869 3888 3068 3960 φωτός.
3137 3887 3326 3953 Οὑτως
3360 3886 3555 3964 [48f]-

1829 3979 1863 4048 ἡ
1913 3977 2152 4049 ἀμετρία
2205 3977 2484 4049 πανταχοῦ
2523 3977 2660 4049 βαρὺ
2705 3977 2801 4032 ml
2830 3975 3089 4048 ἐπαχθὲς,
3139 3977 3234 4031 ml
3278 3977 3342 4030 τὸ
3378 3976 3517 4048 σύμ-

1834 4083 2031 4137 μετρον
2085 4066 2182 4137 ἡδὺ
2245 4066 2340 4120 καὶ
2404 4067 2672 4137 χρήσιμον
2727 4065 2860 4136 ἡμῖν
2909 4065 3006 4118 καὶ
3063 4063 3354 4136 προσηνές.
3415 4065 3514 4120 Διά

1829 4153 1892 4224 δὴ
1949 4153 2110 4206 τοῦτο
2159 4154 2254 4207 καὶ
2296 4155 2459 4226 ἡμεῖς
2506 4153 2775 4225 τετάρτην
2807 4152 2841 4224 ἢ
2870 4153 2966 4206 καὶ
3003 4151 3266 4224 πέμπτην
3298 4152 3516 4224 ἡμέραν

1830 4240 2044 4312 ἔχοντες
2095 4239 2305 4305 λοιπὸν,
2347 4239 2407 4306 ἐξ
2444 4234 2505 4295 οὑ
2544 4241 2638 4294 τὸν
2676 4241 2806 4310 περὶ
2836 4238 3226 4312 ἀκαταλήπτου
3255 4239 3516 4312 κινοῦμεν

1828 4327 2004 4398 λόγον,
2041 4329 2254 4382 οὐδέπω
2284 4328 2379 4383 ml
2399 4332 2636 4400 τήμερον
2658 4329 2819 4382 αὑτὸν
2843 4327 3146 4400 ἀπαρτίσαι
3177 4327 3520 4400 παρεσκευά-

1831 4411 2026 4484 σμεθα,
2067 4411 2205 4466 ἀλλὰ
2248 4411 2319 4465 τὰ
2349 4411 2642 4484 σύμμετρα
2677 4411 2816 4484 πρὸς
2854 4412 2954 4484 τὴν
2984 4410 3258 4484 ὑμετέραν
3289 4409 3516 4482 ἀγάπην

1829 4496 2094 4562 εἰπόντες,
2124 4494 2284 4551 πάλιν
2313 4496 2626 4551 ἀναπαῦσαι
2657 4497 2758 4567 τὴν
2785 4497 3024 4550 διάνοιαν
3053 4495 3208 4566 ὑμῶν
3244 4495 3514 4567 ἔγνωμεν.

1829 4577 1939 4633 Ποῦ
1977 4580 2156 4636 τοίνυν
2186 4578 2378 4653 πρώην
2407 4580 2498 4634 τὸν
2535 4579 2690 4649 λόγον
2730 4579 3124 4650 κατελίπομεν;
3165 4579 3379 4650 ἀνάγκη
3407 4579 3516 4652 γὰρ

1829 4667 1990 4722 αὑτὸν
2027 4668 2234 4723 ἐκεῖθεν
2286 4668 2570 4723 ἀνελέσθαι
2615 4667 2798 4732 πάλιν,
2842 4667 3028 4738 ἐπειδὴ
3059 4667 3158 4738 μία
3186 4668 3269 4732 τίς
3295 4668 3412 4721 ἐστι
3437 4667 3512 4723 δι·

1827 4755 2125 4822 δασκαλίας
2157 4757 2467 4813 ἀκολουθία.
2504 4756 2795 4828 Ἐλέγομεν
2829 4757 2972 4820 τότε,
3008 4756 3090 4810 ὅτι
3113 4755 3211 4826 τῆς
3233 4755 3462 4827 βροντῆς
3486 4755 3517 4808 ὁ

1831 4847 1946 4910 υἱὸς
1981 4841 2152 4908 εἶπεν,
2179 4846 2262 4900 ὅτι
2297 4846 2446 4900 Θεὸν
2492 4845 2692 4911 οὐδεὶς
2713 4843 2937 4912 ἑώρακε
2971 4841 3210 4897 πώποτε
3231 4859 3245 4872 ·
3278 4847 3312 4898 ὁ
3331 4859 3516 4914 μονο-

1830 4933 2014 5006 γενὴς
2059 4936 2215 5000 Υἱὸς,
2262 4937 2296 4989 ὁ
2348 4935 2435 4988 ὢν
2475 4933 2548 4988 ἐν
2605 4933 2733 4998 τοῖς
2761 4933 3018 4998 κόλποις
3055 4943 3085 4972 ι·
3121 4929 3230 4987 τοῦ
3259 4930 3512 5000 Πατρός,

1827 5025 2010 5090 αὐτὸς
2069 5021 2434 5092 ἐξηγήσατο.
2484 5023 2734 5093 Σήμερον
2788 5021 3086 5088 ἀναγκαῖον
3147 5017 3374 5090 μαθεῖν,
3411 5017 3514 5072 ποῦ

1829 5111 1992 5165 τοῦτο
2013 5111 2174 5175 αὐτὸς
2203 5110 2508 5182 ἐξηγήσατο
2525 5109 2554 5162 ό
2584 5107 2876 5180 μονογενὴς
2907 5106 3036 5171 Υἱὸς
3053 5105 3149 5160 τοῦ
3184 5104 3342 5162 Θεοῦ.
3388 5105 3516 5161 ’A'z-

1831 5201 2061 5270 εκρίθη,
2087 5199 2243 5270 φησὶ,
2277 5198 2400 5266 τοῖς
2441 5196 2766 5264 Ἰουδαίοις,
2785 5195 2888 5252 καί
2918 5191 3117 5251 εἶπεν·
3154 5195 3268 5263 οὐχ
3294 5195 3382 5249 ὅτι
3406 5193 3516 5249 τὸν

1831 5289 2066 5358 Πατέρα
2085 5280 2181 5356 ’τις
2209 5287 2491 5357 ἑώρακεν,
2527 5289 2579 5342 εἰ
2594 5282 2681 5358 μὴ
2716 5291 2748 5341 ό
2771 5287 2858 5356 ὢν
2893 5285 2964 5340 ἐκ
2999 5283 3106 5340 τοῦ
3131 5283 3302 5347 Θεοῦ,
3337 5278 3518 5348 οὗτος

1832 5377 2052 5448 ἑώρακε
2077 5377 2184 5432 τὸν
2205 5375 2453 5446 Πατέρα.
2488 5374 2906 5448 Ὀρασινσπάλιν.
2933 5371 3166 5428 ἐνταῦθα
3187 5373 3285 5444 τὴν
3313 5370 3518 5438 γνῶσιν

1833 5466 2002 5535 λέγει.
2031 5467 2140 5520 Καὶ
2163 5465 2264 5520 οὑκ
2305 5461 2458 5520 εἶπεν
2501 5464 2710 5528 ἁπλῶς,
2748 5464 2832 5516 ὅτι
2861 5461 3070 5528 Οὐδείς
3101 5457 3225 5514 οἵδε
3261 5459 3370 5514 τὸν
3401 5461 3522 5513 Πα-

1840 5554 2000 5622 τέρα,
2058 5554 2153 5608 ml
2206 5553 2484 5624 ἐσίγησεν,
2516 5553 2602 5606 ἵνα
2629 5552 2704 5623 μή
2755 5567 2840 5616 τις
2869 5549 2997 5620 περὶ
3032 5545 3336 5618 ἀνθρώπιον
3361 5543 3522 5601 τοῦτο

1839 5642 2090 5712 λέγεσθαι
2112 5641 2312 5715 νομίζῃ
2349 5641 2530 5712 μόνον,
2558 5639 2696 5694 ἀλλὰ
2715 5637 3040 5711 βουλόμενος
3061 5636 3256 5703 δεῖξαι,
3291 5637 3376 5690 ὅτι
3396 5631 3522 5690 οὔτε

1893 5847 1951 5922 ξ’
1974 5847 2104 5958 ἓξνῆ
2149 5851 2204 5898 et
2225 5843 2566 5910 quidammss.
2593 5844 2658 5904 ιὶς
2701 5842 2786 5896 τόν
2822 5844 3020 5908 κόλπον,
3049 5840 3226 5894 Μυσοί.
3267 5835 3431 5908 eum
3473 5837 3521 5889 ἐν

1893 5928 1940 5958 ιι(
1953 5927 2012 5958 κο
2040 5926 2094 5958 π.

1839 5927 1940 5968 τοις
1953 5926 2094 5959 κοιπ.

3577 798 3586 834 ί
