  <div class='ocr_page' id='page_1' title='image "/cluster/home/n/w/nwhite01/storage/ocr_20150623/48:no.1:pt.2/coo.31924054869478/217.png"; bbox 0 0 3918 6372; ppageno 0'>
   <div class='ocr_carea' id='block_1_1' title="bbox 380 344 479 401">
    <p class='ocr_par' dir='ltr' id='par_1_1' title="bbox 380 344 479 401">
     <span class='ocr_line' id='line_1_1' title="bbox 380 344 479 401; baseline -0.01 -1"><span class='ocrx_word' id='word_1_1' title='bbox 380 344 479 401; x_wconf 70' lang='lat'>7.37</span> 
     </span>
    </p>
   </div>
   <div class='ocr_carea' id='block_1_2' title="bbox 369 453 2049 532">
    <p class='ocr_par' dir='ltr' id='par_1_2' title="bbox 369 453 2049 532">
     <span class='ocr_line' id='line_1_2' title="bbox 369 453 2049 532; baseline -0.006 -16"><span class='ocrx_word' id='word_1_2' title='bbox 369 459 613 531; x_wconf 67' lang='grc' dir='ltr'>ἄγγελοι,</span> <span class='ocrx_word' id='word_1_3' title='bbox 651 456 773 512; x_wconf 72' lang='grc' dir='ltr'>οὔτε</span> <span class='ocrx_word' id='word_1_4' title='bbox 837 455 1191 529; x_wconf 83' lang='grc' dir='ltr'>ἀρχάγγελοι,</span> <span class='ocrx_word' id='word_1_5' title='bbox 1231 454 1356 509; x_wconf 80' lang='grc' dir='ltr'>οὐτε</span> <span class='ocrx_word' id='word_1_6' title='bbox 1405 456 1461 508; x_wconf 80' lang='grc' dir='ltr'>αἱ</span> <span class='ocrx_word' id='word_1_7' title='bbox 1508 453 1626 510; x_wconf 79' lang='grc' dir='ltr'>ἄνω</span> <span class='ocrx_word' id='word_1_8' title='bbox 1659 455 1938 530; x_wconf 82' lang='grc' dir='ltr'>δυνάμεις,</span> <span class='ocrx_word' id='word_1_9' title='bbox 1983 463 2049 532; x_wconf 77' lang='grc' dir='ltr'>τῇ</span> 
     </span>
    </p>
   </div>
   <div class='ocr_carea' id='block_1_3' title="bbox 369 550 2054 626">
    <p class='ocr_par' dir='ltr' id='par_1_3' title="bbox 369 550 2054 626">
     <span class='ocr_line' id='line_1_3' title="bbox 369 550 2054 626; baseline -0.001 -15"><span class='ocrx_word' id='word_1_10' title='bbox 369 557 636 626; x_wconf 70' lang='grc' dir='ltr'>ἐπαγωγῇ</span> <span class='ocrx_word' id='word_1_11' title='bbox 686 553 845 608; x_wconf 87' lang='grc' dir='ltr'>τοῦτο</span> <span class='ocrx_word' id='word_1_12' title='bbox 897 553 1057 625; x_wconf 75' lang='grc' dir='ltr'>δῆλον</span> <span class='ocrx_word' id='word_1_13' title='bbox 1105 552 1381 625; x_wconf 85' lang='grc' dir='ltr'>ἐποίησεν.</span> <span class='ocrx_word' id='word_1_14' title='bbox 1414 550 1598 604; x_wconf 80' lang='grc' dir='ltr'>Εἰπὼν</span> <span class='ocrx_word' id='word_1_15' title='bbox 1646 552 1776 624; x_wconf 83' lang='grc' dir='ltr'>γάρ,</span> <span class='ocrx_word' id='word_1_16' title='bbox 1819 557 1942 623; x_wconf 80' lang='grc' dir='ltr'>Οὐχ</span> <span class='ocrx_word' id='word_1_17' title='bbox 1965 555 2054 609; x_wconf 84' lang='grc' dir='ltr'>ὅτι</span> 
     </span>
    </p>
   </div>
   <div class='ocr_carea' id='block_1_4' title="bbox 370 647 2055 719">
    <p class='ocr_par' dir='ltr' id='par_1_4' title="bbox 370 647 2055 719">
     <span class='ocr_line' id='line_1_4' title="bbox 370 647 2055 719; baseline -0.002 -11"><span class='ocrx_word' id='word_1_18' title='bbox 370 652 478 708; x_wconf 81' lang='grc' dir='ltr'>τὸν</span> <span class='ocrx_word' id='word_1_19' title='bbox 497 650 728 719; x_wconf 77' lang='grc' dir='ltr'>Πατέρα</span> <span class='ocrx_word' id='word_1_20' title='bbox 756 668 845 717; x_wconf 90' lang='grc' dir='ltr'>τις</span> <span class='ocrx_word' id='word_1_21' title='bbox 869 649 1088 717; x_wconf 75' lang='grc' dir='ltr'>ἑώρακε</span> <span class='ocrx_word' id='word_1_22' title='bbox 1117 647 1370 712; x_wconf 81' lang='grc' dir='ltr'>πώποτε,</span> <span class='ocrx_word' id='word_1_23' title='bbox 1390 649 1692 719; x_wconf 88' lang='grc' dir='ltr'>ἐπήγαγεν,</span> <span class='ocrx_word' id='word_1_24' title='bbox 1720 651 1791 702; x_wconf 78' lang='lat' dir='ltr'>El</span> <span class='ocrx_word' id='word_1_25' title='bbox 1810 649 1897 719; x_wconf 76' lang='grc' dir='ltr'>μὴ</span> <span class='ocrx_word' id='word_1_26' title='bbox 1919 655 1950 705; x_wconf 83' lang='grc' dir='ltr'><strong><em>ό</em></strong></span> <span class='ocrx_word' id='word_1_27' title='bbox 1969 652 2055 704; x_wconf 89' lang='grc' dir='ltr'>ῶν</span> 
     </span>
    </p>
   </div>
   <div class='ocr_carea' id='block_1_5' title="bbox 367 742 2055 819">
    <p class='ocr_par' dir='ltr' id='par_1_5' title="bbox 367 742 2055 819">
     <span class='ocr_line' id='line_1_5' title="bbox 367 742 2055 819; baseline -0.002 -16"><span class='ocrx_word' id='word_1_28' title='bbox 367 749 437 803; x_wconf 82' lang='grc' dir='ltr'>ἐκ</span> <span class='ocrx_word' id='word_1_29' title='bbox 466 748 570 802; x_wconf 86' lang='grc' dir='ltr'>τοῦ</span> <span class='ocrx_word' id='word_1_30' title='bbox 597 747 768 813; x_wconf 87' lang='grc' dir='ltr'><strong><em>Θεοῦ,</em></strong></span> <span class='ocrx_word' id='word_1_31' title='bbox 799 742 978 813; x_wconf 84' lang='grc' dir='ltr'>οὗτος</span> <span class='ocrx_word' id='word_1_32' title='bbox 1033 745 1257 811; x_wconf 81' lang='grc' dir='ltr'>ἑώρακε</span> <span class='ocrx_word' id='word_1_33' title='bbox 1295 745 1401 798; x_wconf 81' lang='grc' dir='ltr'>τὸν</span> <span class='ocrx_word' id='word_1_34' title='bbox 1423 744 1678 813; x_wconf 77' lang='grc' dir='ltr'>Πατέρα.</span> <span class='ocrx_word' id='word_1_35' title='bbox 1714 745 1776 799; x_wconf 78' lang='lat' dir='ltr'>El</span> <span class='ocrx_word' id='word_1_36' title='bbox 1816 746 1913 816; x_wconf 87' lang='grc' dir='ltr'>μὲν</span> <span class='ocrx_word' id='word_1_37' title='bbox 1946 745 2055 819; x_wconf 83' lang='grc' dir='ltr'>γὰρ</span> 
     </span>
    </p>
   </div>
   <div class='ocr_carea' id='block_1_6' title="bbox 368 837 2056 908">
    <p class='ocr_par' dir='ltr' id='par_1_6' title="bbox 368 837 2056 908">
     <span class='ocr_line' id='line_1_6' title="bbox 368 837 2056 908; baseline -0.002 -11"><span class='ocrx_word' id='word_1_38' title='bbox 368 838 524 897; x_wconf 80' lang='grc' dir='ltr'>εἶπεν</span> <span class='ocrx_word' id='word_1_39' title='bbox 562 840 771 908; x_wconf 86' lang='grc' dir='ltr'>ἁπλῶς,</span> <span class='ocrx_word' id='word_1_40' title='bbox 801 840 1018 906; x_wconf 72' lang='grc' dir='ltr'>οὐδεὶς,</span> <span class='ocrx_word' id='word_1_41' title='bbox 1063 838 1247 893; x_wconf 76' lang='grc' dir='ltr'>πολλοὶ</span> <span class='ocrx_word' id='word_1_42' title='bbox 1296 837 1404 891; x_wconf 89' lang='grc' dir='ltr'>τῶν</span> <span class='ocrx_word' id='word_1_43' title='bbox 1446 838 1796 892; x_wconf 72' lang='grc' dir='ltr'>ἀκουσάντων</span> <span class='ocrx_word' id='word_1_44' title='bbox 1828 838 1958 903; x_wconf 79' lang='grc' dir='ltr'>ἴσως</span> <span class='ocrx_word' id='word_1_45' title='bbox 1990 839 2056 893; x_wconf 79' lang='grc' dir='ltr'>ἂν</span> 
     </span>
    </p>
   </div>
   <div class='ocr_carea' id='block_1_7' title="bbox 370 933 2059 1012">
    <p class='ocr_par' dir='ltr' id='par_1_7' title="bbox 370 933 2059 1012">
     <span class='ocr_line' id='line_1_7' title="bbox 370 933 2059 1012; baseline -0.002 -19"><span class='ocrx_word' id='word_1_46' title='bbox 370 938 617 1012; x_wconf 76' lang='grc' dir='ltr'>περὶτῆς</span> <span class='ocrx_word' id='word_1_47' title='bbox 642 937 941 1010; x_wconf 74' lang='grc' dir='ltr'>ἡμετέρας</span> <span class='ocrx_word' id='word_1_48' title='bbox 970 936 1227 1007; x_wconf 74' lang='grc' dir='ltr'>ἐνόμισαν</span> <span class='ocrx_word' id='word_1_49' title='bbox 1258 934 1390 989; x_wconf 85' lang='grc' dir='ltr'>αὐτὸ</span> <span class='ocrx_word' id='word_1_50' title='bbox 1421 934 1637 1004; x_wconf 78' lang='grc' dir='ltr'>φύσεως</span> <span class='ocrx_word' id='word_1_51' title='bbox 1677 933 1930 1006; x_wconf 76' lang='grc' dir='ltr'>εἰρῆσθαι</span> <span class='ocrx_word' id='word_1_52' title='bbox 1964 935 2059 1006; x_wconf 88' lang='grc' dir='ltr'>μό-</span> 
     </span>
    </p>
   </div>
   <div class='ocr_carea' id='block_1_8' title="bbox 368 1032 2055 1105">
    <p class='ocr_par' dir='ltr' id='par_1_8' title="bbox 368 1032 2055 1105">
     <span class='ocr_line' id='line_1_8' title="bbox 368 1032 2055 1105; baseline -0.004 -12"><span class='ocrx_word' id='word_1_53' title='bbox 368 1056 487 1093; x_wconf 79' lang='grc' dir='ltr'>νον’</span> <span class='ocrx_word' id='word_1_54' title='bbox 508 1038 603 1092; x_wconf 90' lang='grc' dir='ltr'>νῦν</span> <span class='ocrx_word' id='word_1_55' title='bbox 635 1038 689 1091; x_wconf 82' lang='grc' dir='ltr'>δὲ</span> <span class='ocrx_word' id='word_1_56' title='bbox 716 1036 906 1099; x_wconf 81' lang='grc' dir='ltr'>εἰπὼν,</span> <span class='ocrx_word' id='word_1_57' title='bbox 943 1036 1173 1102; x_wconf 71' lang='grc' dir='ltr'>Οὐδεὶς,</span> <span class='ocrx_word' id='word_1_58' title='bbox 1200 1036 1297 1089; x_wconf 73' lang='grc' dir='ltr'>καὶ</span> <span class='ocrx_word' id='word_1_59' title='bbox 1316 1032 1595 1105; x_wconf 76' lang='grc' dir='ltr'>προσθεὶς,</span> <span class='ocrx_word' id='word_1_60' title='bbox 1621 1035 1690 1088; x_wconf 81' lang='lat' dir='ltr'><em>El</em></span> <span class='ocrx_word' id='word_1_61' title='bbox 1713 1033 1799 1102; x_wconf 82' lang='grc' dir='ltr'>μὴ</span> <span class='ocrx_word' id='word_1_62' title='bbox 1829 1036 1861 1087; x_wconf 87' lang='grc' dir='ltr'><strong><em>ό</em></strong></span> <span class='ocrx_word' id='word_1_63' title='bbox 1901 1034 2055 1100; x_wconf 87' lang='grc' dir='ltr'>Υἱὸς,</span> 
     </span>
    </p>
   </div>
   <div class='ocr_carea' id='block_1_9' title="bbox 364 1130 2054 1205">
    <p class='ocr_par' dir='ltr' id='par_1_9' title="bbox 364 1130 2054 1205">
     <span class='ocr_line' id='line_1_9' title="bbox 364 1130 2054 1205; baseline -0.003 -16"><span class='ocrx_word' id='word_1_64' title='bbox 364 1138 434 1205; x_wconf 82' lang='grc' dir='ltr'>τῇ</span> <span class='ocrx_word' id='word_1_65' title='bbox 459 1134 748 1205; x_wconf 78' lang='grc' dir='ltr'>προσθήκῃ</span> <span class='ocrx_word' id='word_1_66' title='bbox 766 1133 858 1186; x_wconf 89' lang='grc' dir='ltr'>τοῦ</span> <span class='ocrx_word' id='word_1_67' title='bbox 883 1131 1224 1200; x_wconf 84' lang='grc' dir='ltr'>Μονογενοῦς</span> <span class='ocrx_word' id='word_1_68' title='bbox 1238 1135 1418 1185; x_wconf 81' lang='grc' dir='ltr'>πᾶσαν</span> <span class='ocrx_word' id='word_1_69' title='bbox 1436 1130 1532 1202; x_wconf 81' lang='grc' dir='ltr'>τὴν</span> <span class='ocrx_word' id='word_1_70' title='bbox 1545 1130 1721 1183; x_wconf 77' lang='grc' dir='ltr'><strong>κτίσιν</strong></span> <span class='ocrx_word' id='word_1_71' title='bbox 1738 1130 2054 1184; x_wconf 87' lang='grc' dir='ltr'>ἀπέκλεισε.</span> 
     </span>
    </p>
   </div>
   <div class='ocr_carea' id='block_1_10' title="bbox 367 1219 2058 1295">
    <p class='ocr_par' dir='ltr' id='par_1_10' title="bbox 367 1219 2058 1295">
     <span class='ocr_line' id='line_1_10' title="bbox 367 1219 2058 1295; baseline -0.002 -17"><span class='ocrx_word' id='word_1_72' title='bbox 367 1226 432 1278; x_wconf 87' lang='grc' dir='ltr'>Τί</span> <span class='ocrx_word' id='word_1_73' title='bbox 457 1222 570 1289; x_wconf 78' lang='grc' dir='ltr'>οὖν,</span> <span class='ocrx_word' id='word_1_74' title='bbox 600 1224 753 1295; x_wconf 74' lang='grc' dir='ltr'>φησὶ,</span> <span class='ocrx_word' id='word_1_75' title='bbox 785 1226 881 1279; x_wconf 73' lang='grc' dir='ltr'>καὶ</span> <span class='ocrx_word' id='word_1_76' title='bbox 928 1224 988 1277; x_wconf 80' lang='grc' dir='ltr'>τὸ</span> <span class='ocrx_word' id='word_1_77' title='bbox 1022 1223 1245 1292; x_wconf 77' lang='grc' dir='ltr'>Πνεῦμα</span> <span class='ocrx_word' id='word_1_78' title='bbox 1276 1223 1337 1274; x_wconf 82' lang='grc' dir='ltr'>τὸ</span> <span class='ocrx_word' id='word_1_79' title='bbox 1371 1222 1566 1289; x_wconf 80' lang='grc' dir='ltr'>ἆγιον;</span> <span class='ocrx_word' id='word_1_80' title='bbox 1609 1219 1876 1291; x_wconf 77' lang='grc' dir='ltr'>Οὐδαμῶς</span> <span class='ocrx_word' id='word_1_81' title='bbox 1901 1239 1913 1251; x_wconf 91' lang='grc'><strong>·</strong></span> <span class='ocrx_word' id='word_1_82' title='bbox 1935 1222 2058 1275; x_wconf 86' lang='grc' dir='ltr'>οὐδέ</span> 
     </span>
    </p>
   </div>
   <div class='ocr_carea' id='block_1_11' title="bbox 365 1315 2056 1394">
    <p class='ocr_par' dir='ltr' id='par_1_11' title="bbox 365 1315 2056 1394">
     <span class='ocr_line' id='line_1_11' title="bbox 365 1315 2056 1394; baseline -0.003 -18"><span class='ocrx_word' id='word_1_83' title='bbox 365 1322 475 1394; x_wconf 80' lang='grc' dir='ltr'>γὰρ</span> <span class='ocrx_word' id='word_1_84' title='bbox 509 1323 609 1393; x_wconf 84' lang='grc' dir='ltr'>τῆς</span> <span class='ocrx_word' id='word_1_85' title='bbox 635 1321 865 1383; x_wconf 75' lang='grc' dir='ltr'>κτίσεως</span> <span class='ocrx_word' id='word_1_86' title='bbox 890 1319 1050 1373; x_wconf 84' lang='grc' dir='ltr'>τοῦτο</span> <span class='ocrx_word' id='word_1_87' title='bbox 1073 1319 1239 1391; x_wconf 73' lang='grc' dir='ltr'>μέρος</span> <span class='ocrx_word' id='word_1_88' title='bbox 1257 1335 1271 1349; x_wconf 86' lang='grc'><strong>·</strong></span> <span class='ocrx_word' id='word_1_89' title='bbox 1300 1318 1360 1371; x_wconf 89' lang='grc' dir='ltr'>τὸ</span> <span class='ocrx_word' id='word_1_90' title='bbox 1389 1317 1467 1380; x_wconf 87' lang='grc' dir='ltr'>δέ,</span> <span class='ocrx_word' id='word_1_91' title='bbox 1516 1315 1740 1380; x_wconf 78' lang='grc' dir='ltr'>οὐδεὶς,</span> <span class='ocrx_word' id='word_1_92' title='bbox 1780 1315 1938 1370; x_wconf 84' lang='grc' dir='ltr'>τοῦτο</span> <span class='ocrx_word' id='word_1_93' title='bbox 1970 1319 2056 1371; x_wconf 78' lang='grc' dir='ltr'>ἀεὶ</span> 
     </span>
    </p>
   </div>
   <div class='ocr_carea' id='block_1_12' title="bbox 369 1412 1787 1488">
    <p class='ocr_par' dir='ltr' id='par_1_12' title="bbox 369 1412 1787 1488">
     <span class='ocr_line' id='line_1_12' title="bbox 369 1412 1787 1488; baseline -0.005 -18"><span class='ocrx_word' id='word_1_94' title='bbox 369 1416 504 1488; x_wconf 85' lang='grc' dir='ltr'>πρὸς</span> <span class='ocrx_word' id='word_1_95' title='bbox 536 1415 944 1485; x_wconf 76' lang='grc' dir='ltr'>ἀντιδιαστολὴν</span> <span class='ocrx_word' id='word_1_96' title='bbox 981 1414 1081 1485; x_wconf 78' lang='grc' dir='ltr'>τῆς</span> <span class='ocrx_word' id='word_1_97' title='bbox 1113 1412 1344 1476; x_wconf 80' lang='grc' dir='ltr'>κτίσεως</span> <span class='ocrx_word' id='word_1_98' title='bbox 1383 1416 1562 1465; x_wconf 81' lang='grc' dir='ltr'>κεῖται</span> <span class='ocrx_word' id='word_1_99' title='bbox 1599 1412 1787 1483; x_wconf 84' lang='grc' dir='ltr'>μόνης.</span> 
     </span>
    </p>
   </div>
   <div class='ocr_carea' id='block_1_13' title="bbox 434 1609 2053 1689">
    <p class='ocr_par' dir='ltr' id='par_1_13' title="bbox 434 1609 2053 1689">
     <span class='ocr_line' id='line_1_13' title="bbox 434 1609 2053 1689; baseline -0.007 -15"><span class='ocrx_word' id='word_1_100' title='bbox 434 1621 547 1674; x_wconf 71' lang='grc' dir='ltr'>Καὶ</span> <span class='ocrx_word' id='word_1_101' title='bbox 574 1619 718 1682; x_wconf 82' lang='grc' dir='ltr'>οὐτε,</span> <span class='ocrx_word' id='word_1_102' title='bbox 754 1617 980 1689; x_wconf 69' lang='grc' dir='ltr'>ἂνπερὶ</span> <span class='ocrx_word' id='word_1_103' title='bbox 1013 1616 1226 1688; x_wconf 89' lang='grc' dir='ltr'>Πατρὸς</span> <span class='ocrx_word' id='word_1_104' title='bbox 1252 1615 1501 1687; x_wconf 83' lang='grc' dir='ltr'>λέγηται,</span> <span class='ocrx_word' id='word_1_105' title='bbox 1533 1612 1627 1667; x_wconf 91' lang='grc' dir='ltr'>τὸν</span> <span class='ocrx_word' id='word_1_106' title='bbox 1663 1612 1795 1666; x_wconf 82' lang='grc' dir='ltr'>Υἱὸν</span> <span class='ocrx_word' id='word_1_107' title='bbox 1830 1609 2053 1677; x_wconf 76' lang='grc' dir='ltr'>ἐξωθεῖ-</span> 
     </span>
    </p>
   </div>
   <div class='ocr_carea' id='block_1_14' title="bbox 367 1710 2059 1787">
    <p class='ocr_par' dir='ltr' id='par_1_14' title="bbox 367 1710 2059 1787">
     <span class='ocr_line' id='line_1_14' title="bbox 367 1710 2059 1787; baseline -0.007 -15"><span class='ocrx_word' id='word_1_108' title='bbox 367 1735 476 1781; x_wconf 86' lang='grc' dir='ltr'>ται,</span> <span class='ocrx_word' id='word_1_109' title='bbox 507 1716 651 1779; x_wconf 82' lang='grc' dir='ltr'>οῦτε,</span> <span class='ocrx_word' id='word_1_110' title='bbox 691 1715 756 1769; x_wconf 88' lang='grc' dir='ltr'>ἂν</span> <span class='ocrx_word' id='word_1_111' title='bbox 807 1716 937 1787; x_wconf 82' lang='grc' dir='ltr'>περὶ</span> <span class='ocrx_word' id='word_1_112' title='bbox 991 1714 1146 1779; x_wconf 80' lang='grc' dir='ltr'>Υίοῦ,</span> <span class='ocrx_word' id='word_1_113' title='bbox 1174 1715 1236 1766; x_wconf 88' lang='grc' dir='ltr'>τὸ</span> <span class='ocrx_word' id='word_1_114' title='bbox 1264 1712 1490 1784; x_wconf 79' lang='grc' dir='ltr'>Πνεῦμα</span> <span class='ocrx_word' id='word_1_115' title='bbox 1534 1710 1807 1767; x_wconf 89' lang='grc' dir='ltr'>ἐκϐάλλει.</span> <span class='ocrx_word' id='word_1_116' title='bbox 1836 1711 1945 1763; x_wconf 71' lang='grc' dir='ltr'>Καὶ</span> <span class='ocrx_word' id='word_1_117' title='bbox 1972 1710 2059 1763; x_wconf 82' lang='grc' dir='ltr'>ἵνα</span> 
     </span>
    </p>
   </div>
   <div class='ocr_carea' id='block_1_15' title="bbox 368 1807 2057 1884">
    <p class='ocr_par' dir='ltr' id='par_1_15' title="bbox 368 1807 2057 1884">
     <span class='ocr_line' id='line_1_15' title="bbox 368 1807 2057 1884; baseline -0.005 -16"><span class='ocrx_word' id='word_1_118' title='bbox 368 1815 499 1868; x_wconf 76' lang='grc' dir='ltr'>αὐτὸ</span> <span class='ocrx_word' id='word_1_119' title='bbox 526 1814 684 1867; x_wconf 87' lang='grc' dir='ltr'>τοῦτο</span> <span class='ocrx_word' id='word_1_120' title='bbox 733 1812 984 1867; x_wconf 88' lang='grc' dir='ltr'>ἐντεῦθεν</span> <span class='ocrx_word' id='word_1_121' title='bbox 1025 1811 1128 1884; x_wconf 75' lang='grc' dir='ltr'>ήδη</span> <span class='ocrx_word' id='word_1_122' title='bbox 1176 1811 1392 1881; x_wconf 87' lang='grc' dir='ltr'>ποιήσω</span> <span class='ocrx_word' id='word_1_123' title='bbox 1426 1808 1682 1880; x_wconf 85' lang='grc' dir='ltr'>φανερὸν,</span> <span class='ocrx_word' id='word_1_124' title='bbox 1710 1808 1794 1862; x_wconf 84' lang='grc' dir='ltr'>ὅτι</span> <span class='ocrx_word' id='word_1_125' title='bbox 1837 1807 1918 1872; x_wconf 83' lang='grc' dir='ltr'>τὸ,</span> <span class='ocrx_word' id='word_1_126' title='bbox 1954 1808 2057 1860; x_wconf 82' lang='grc' dir='ltr'>οὺ-</span> 
     </span>
    </p>
   </div>
   <div class='ocr_carea' id='block_1_16' title="bbox 365 1905 2057 1985">
    <p class='ocr_par' dir='ltr' id='par_1_16' title="bbox 365 1905 2057 1985">
     <span class='ocr_line' id='line_1_16' title="bbox 365 1905 2057 1985; baseline -0.005 -18"><span class='ocrx_word' id='word_1_127' title='bbox 365 1913 512 1979; x_wconf 74' lang='grc' dir='ltr'>δεὶς,</span> <span class='ocrx_word' id='word_1_128' title='bbox 544 1913 606 1966; x_wconf 91' lang='grc' dir='ltr'>οὐ</span> <span class='ocrx_word' id='word_1_129' title='bbox 648 1911 786 1985; x_wconf 84' lang='grc' dir='ltr'>πρὸς</span> <span class='ocrx_word' id='word_1_130' title='bbox 825 1910 1085 1981; x_wconf 76' lang='grc' dir='ltr'>ἀθέτησιν</span> <span class='ocrx_word' id='word_1_131' title='bbox 1123 1908 1217 1964; x_wconf 90' lang='grc' dir='ltr'>τοῦ</span> <span class='ocrx_word' id='word_1_132' title='bbox 1245 1908 1587 1980; x_wconf 83' lang='grc' dir='ltr'>Πνεύματος,</span> <span class='ocrx_word' id='word_1_133' title='bbox 1624 1905 1761 1961; x_wconf 80' lang='grc' dir='ltr'>ἀλλὰ</span> <span class='ocrx_word' id='word_1_134' title='bbox 1798 1905 1933 1976; x_wconf 88' lang='grc' dir='ltr'>πρὸς</span> <span class='ocrx_word' id='word_1_135' title='bbox 1959 1906 2057 1959; x_wconf 90' lang='grc' dir='ltr'>ἀν-</span> 
     </span>
    </p>
   </div>
   <div class='ocr_carea' id='block_1_17' title="bbox 364 2002 2059 2081">
    <p class='ocr_par' dir='ltr' id='par_1_17' title="bbox 364 2002 2059 2081">
     <span class='ocr_line' id='line_1_17' title="bbox 364 2002 2059 2081; baseline -0.007 -17"><span class='ocrx_word' id='word_1_136' title='bbox 364 2009 705 2081; x_wconf 79' lang='grc' dir='ltr'>τιδιαστολὴν</span> <span class='ocrx_word' id='word_1_137' title='bbox 746 2009 846 2080; x_wconf 81' lang='grc' dir='ltr'>τῆς</span> <span class='ocrx_word' id='word_1_138' title='bbox 884 2008 1115 2072; x_wconf 88' lang='grc' dir='ltr'>κτίσεως</span> <span class='ocrx_word' id='word_1_139' title='bbox 1160 2006 1400 2078; x_wconf 78' lang='grc' dir='ltr'>εἴρηται,</span> <span class='ocrx_word' id='word_1_140' title='bbox 1456 2004 1586 2075; x_wconf 75' lang='grc' dir='ltr'>περὶ</span> <span class='ocrx_word' id='word_1_141' title='bbox 1626 2004 1798 2074; x_wconf 84' lang='grc' dir='ltr'>αὐτῆς</span> <span class='ocrx_word' id='word_1_142' title='bbox 1853 2002 2059 2073; x_wconf 78' lang='grc' dir='ltr'>ταύτης</span> 
     </span>
    </p>
   </div>
   <div class='ocr_carea' id='block_1_18' title="bbox 367 2096 2057 2179">
    <p class='ocr_par' dir='ltr' id='par_1_18' title="bbox 367 2096 2057 2179">
     <span class='ocr_line' id='line_1_18' title="bbox 367 2096 2057 2179; baseline -0.007 -18"><span class='ocrx_word' id='word_1_143' title='bbox 367 2108 466 2179; x_wconf 80' lang='grc' dir='ltr'>τῆς</span> <span class='ocrx_word' id='word_1_144' title='bbox 496 2107 776 2175; x_wconf 86' lang='grc' dir='ltr'>γνώσεως,</span> <span class='ocrx_word' id='word_1_145' title='bbox 810 2107 876 2177; x_wconf 80' lang='grc' dir='ltr'>ἣν</span> <span class='ocrx_word' id='word_1_146' title='bbox 927 2104 1090 2176; x_wconf 84' lang='grc' dir='ltr'>μόνου</span> <span class='ocrx_word' id='word_1_147' title='bbox 1123 2102 1218 2157; x_wconf 91' lang='grc' dir='ltr'>τοῦ</span> <span class='ocrx_word' id='word_1_148' title='bbox 1255 2101 1387 2156; x_wconf 84' lang='grc' dir='ltr'>Υίοῦ</span> <span class='ocrx_word' id='word_1_149' title='bbox 1413 2118 1578 2173; x_wconf 83' lang='grc' dir='ltr'>φησιν</span> <span class='ocrx_word' id='word_1_150' title='bbox 1613 2096 1774 2164; x_wconf 72' lang='grc' dir='ltr'>εἶναι,</span> <span class='ocrx_word' id='word_1_151' title='bbox 1808 2098 2057 2153; x_wconf 87' lang='grc' dir='ltr'>ἀκούσω-</span> 
     </span>
    </p>
   </div>
   <div class='ocr_carea' id='block_1_19' title="bbox 369 2186 2058 2268">
    <p class='ocr_par' dir='ltr' id='par_1_19' title="bbox 369 2186 2058 2268">
     <span class='ocr_line' id='line_1_19' title="bbox 369 2186 2058 2268; baseline -0.005 -17"><span class='ocrx_word' id='word_1_152' title='bbox 369 2215 473 2268; x_wconf 88' lang='grc' dir='ltr'>μεν</span> <span class='ocrx_word' id='word_1_153' title='bbox 516 2199 571 2252; x_wconf 88' lang='grc' dir='ltr'>τί</span> <span class='ocrx_word' id='word_1_154' title='bbox 602 2198 982 2268; x_wconf 79' lang='grc' dir='ltr'>διαλεγόμενος</span> <span class='ocrx_word' id='word_1_155' title='bbox 1014 2199 1042 2250; x_wconf 98' lang='lat'>6</span> <span class='ocrx_word' id='word_1_156' title='bbox 1073 2194 1286 2259; x_wconf 77' lang='grc' dir='ltr'>Παῦλος</span> <span class='ocrx_word' id='word_1_157' title='bbox 1326 2193 1634 2265; x_wconf 81' lang='grc' dir='ltr'>Κορινθίοις</span> <span class='ocrx_word' id='word_1_158' title='bbox 1679 2192 1833 2262; x_wconf 79' lang='grc' dir='ltr'>φησι.</span> <span class='ocrx_word' id='word_1_159' title='bbox 1868 2192 1933 2244; x_wconf 88' lang='grc' dir='ltr'>Τί</span> <span class='ocrx_word' id='word_1_160' title='bbox 1964 2186 2058 2243; x_wconf 77' lang='grc' dir='ltr'>οὖν</span> 
     </span>
    </p>
   </div>
   <div class='ocr_carea' id='block_1_20' title="bbox 368 2286 2057 2365">
    <p class='ocr_par' dir='ltr' id='par_1_20' title="bbox 368 2286 2057 2365">
     <span class='ocr_line' id='line_1_20' title="bbox 368 2286 2057 2365; baseline -0.004 -18"><span class='ocrx_word' id='word_1_161' title='bbox 368 2310 534 2365; x_wconf 84' lang='grc' dir='ltr'>φησι;</span> <span class='ocrx_word' id='word_1_162' title='bbox 582 2293 678 2360; x_wconf 83' lang='grc' dir='ltr'>Τίς</span> <span class='ocrx_word' id='word_1_163' title='bbox 719 2290 830 2363; x_wconf 76' lang='grc' dir='ltr'>γὰρ</span> <span class='ocrx_word' id='word_1_164' title='bbox 877 2288 1001 2346; x_wconf 76' lang='grc' dir='ltr'>οἶδε</span> <span class='ocrx_word' id='word_1_165' title='bbox 1054 2303 1079 2332; x_wconf 71' lang='grc' dir='ltr'>α</span> <span class='ocrx_word' id='word_1_166' title='bbox 1130 2290 1203 2344; x_wconf 82' lang='grc' dir='ltr'>τὰ</span> <span class='ocrx_word' id='word_1_167' title='bbox 1248 2289 1353 2344; x_wconf 88' lang='grc' dir='ltr'>τοῦ</span> <span class='ocrx_word' id='word_1_168' title='bbox 1393 2288 1734 2357; x_wconf 75' lang='grc' dir='ltr'>ἀνθρώπου,</span> <span class='ocrx_word' id='word_1_169' title='bbox 1778 2290 1831 2342; x_wconf 78' lang='grc' dir='ltr'>εί</span> <span class='ocrx_word' id='word_1_170' title='bbox 1865 2286 1952 2357; x_wconf 71' lang='grc' dir='ltr'>μὴ</span> <span class='ocrx_word' id='word_1_171' title='bbox 1989 2286 2057 2340; x_wconf 90' lang='grc' dir='ltr'>τὸ</span> 
     </span>
    </p>
   </div>
   <div class='ocr_carea' id='block_1_21' title="bbox 367 2379 2056 2455">
    <p class='ocr_par' dir='ltr' id='par_1_21' title="bbox 367 2379 2056 2455">
     <span class='ocr_line' id='line_1_21' title="bbox 367 2379 2056 2455; baseline -0.004 -15"><span class='ocrx_word' id='word_1_172' title='bbox 367 2388 605 2455; x_wconf 71' lang='grc' dir='ltr'>πνεῦμα</span> <span class='ocrx_word' id='word_1_173' title='bbox 640 2386 745 2440; x_wconf 88' lang='grc' dir='ltr'>τοῦ</span> <span class='ocrx_word' id='word_1_174' title='bbox 767 2382 1083 2453; x_wconf 79' lang='grc' dir='ltr'>ἀνθρώπου</span> <span class='ocrx_word' id='word_1_175' title='bbox 1119 2381 1183 2436; x_wconf 89' lang='grc' dir='ltr'>τὸ</span> <span class='ocrx_word' id='word_1_176' title='bbox 1212 2383 1282 2435; x_wconf 86' lang='grc' dir='ltr'>ἐν</span> <span class='ocrx_word' id='word_1_177' title='bbox 1306 2381 1467 2448; x_wconf 82' lang='grc' dir='ltr'>αὐτῷ</span> <span class='ocrx_word' id='word_1_178' title='bbox 1491 2381 1689 2446; x_wconf 80' lang='grc' dir='ltr'>;Οὓτω</span> <span class='ocrx_word' id='word_1_179' title='bbox 1717 2380 1816 2435; x_wconf 74' lang='grc' dir='ltr'>καί</span> <span class='ocrx_word' id='word_1_180' title='bbox 1849 2380 1922 2434; x_wconf 81' lang='grc' dir='ltr'>τὰ</span> <span class='ocrx_word' id='word_1_181' title='bbox 1949 2379 2056 2433; x_wconf 88' lang='grc' dir='ltr'>τοῦ</span> 
     </span>
    </p>
   </div>
   <div class='ocr_carea' id='block_1_22' title="bbox 369 2477 2056 2550">
    <p class='ocr_par' dir='ltr' id='par_1_22' title="bbox 369 2477 2056 2550">
     <span class='ocr_line' id='line_1_22' title="bbox 369 2477 2056 2550; baseline -0.006 -12"><span class='ocrx_word' id='word_1_182' title='bbox 369 2483 518 2538; x_wconf 85' lang='grc' dir='ltr'>Θεοῦ</span> <span class='ocrx_word' id='word_1_183' title='bbox 535 2482 732 2549; x_wconf 80' lang='grc' dir='ltr'>οὐδεὶς</span> <span class='ocrx_word' id='word_1_184' title='bbox 751 2478 933 2546; x_wconf 74' lang='grc' dir='ltr'>οἶδεν,</span> <span class='ocrx_word' id='word_1_185' title='bbox 965 2483 1016 2534; x_wconf 77' lang='grc' dir='ltr'>εὶ</span> <span class='ocrx_word' id='word_1_186' title='bbox 1041 2479 1127 2550; x_wconf 79' lang='grc' dir='ltr'>μὴ</span> <span class='ocrx_word' id='word_1_187' title='bbox 1154 2478 1220 2532; x_wconf 88' lang='grc' dir='ltr'>τὸ</span> <span class='ocrx_word' id='word_1_188' title='bbox 1245 2479 1489 2548; x_wconf 78' lang='grc' dir='ltr'>Πνεῦμα</span> <span class='ocrx_word' id='word_1_189' title='bbox 1508 2477 1615 2531; x_wconf 85' lang='grc' dir='ltr'>τοῦ</span> <span class='ocrx_word' id='word_1_190' title='bbox 1649 2478 1817 2531; x_wconf 83' lang='grc' dir='ltr'>Θεοῦ.</span> <span class='ocrx_word' id='word_1_191' title='bbox 1844 2477 2056 2548; x_wconf 81' lang='grc' dir='ltr'>’Ὠσπερ</span> 
     </span>
    </p>
   </div>
   <div class='ocr_carea' id='block_1_23' title="bbox 365 2572 2051 2646">
    <p class='ocr_par' dir='ltr' id='par_1_23' title="bbox 365 2572 2051 2646">
     <span class='ocr_line' id='line_1_23' title="bbox 365 2572 2051 2646; baseline -0.005 -12"><span class='ocrx_word' id='word_1_192' title='bbox 365 2577 457 2634; x_wconf 73' lang='grc' dir='ltr'>οῦν</span> <span class='ocrx_word' id='word_1_193' title='bbox 480 2579 718 2634; x_wconf 89' lang='grc' dir='ltr'>ἐνταῦθα</span> <span class='ocrx_word' id='word_1_194' title='bbox 748 2578 809 2631; x_wconf 88' lang='grc' dir='ltr'>τὸ</span> <span class='ocrx_word' id='word_1_195' title='bbox 837 2578 1037 2643; x_wconf 73' lang='grc' dir='ltr'>οὐδεὶς</span> <span class='ocrx_word' id='word_1_196' title='bbox 1062 2576 1356 2646; x_wconf 85' lang='grc' dir='ltr'>λεγόμενον</span> <span class='ocrx_word' id='word_1_197' title='bbox 1378 2575 1479 2629; x_wconf 91' lang='grc' dir='ltr'>οὐκ</span> <span class='ocrx_word' id='word_1_198' title='bbox 1509 2574 1763 2628; x_wconf 89' lang='grc' dir='ltr'>ἐκϐάλλει</span> <span class='ocrx_word' id='word_1_199' title='bbox 1783 2573 1874 2626; x_wconf 88' lang='grc' dir='ltr'>τὸν</span> <span class='ocrx_word' id='word_1_200' title='bbox 1897 2572 2051 2637; x_wconf 84' lang='grc' dir='ltr'>Υἰὸν,</span> 
     </span>
    </p>
   </div>
   <div class='ocr_carea' id='block_1_24' title="bbox 366 2669 2057 2744">
    <p class='ocr_par' dir='ltr' id='par_1_24' title="bbox 366 2669 2057 2744">
     <span class='ocr_line' id='line_1_24' title="bbox 366 2669 2057 2744; baseline -0.006 -14"><span class='ocrx_word' id='word_1_201' title='bbox 366 2674 511 2730; x_wconf 73' lang='grc' dir='ltr'>οὕτω</span> <span class='ocrx_word' id='word_1_202' title='bbox 530 2677 624 2730; x_wconf 75' lang='grc' dir='ltr'>καὶ</span> <span class='ocrx_word' id='word_1_203' title='bbox 657 2675 748 2728; x_wconf 68' lang='grc' dir='ltr'>ἐπὶ</span> <span class='ocrx_word' id='word_1_204' title='bbox 772 2673 865 2727; x_wconf 90' lang='grc' dir='ltr'>τοῦ</span> <span class='ocrx_word' id='word_1_205' title='bbox 899 2672 1135 2744; x_wconf 82' lang='grc' dir='ltr'>Χριστοῦ</span> <span class='ocrx_word' id='word_1_206' title='bbox 1158 2671 1219 2725; x_wconf 90' lang='grc' dir='ltr'>τὸ</span> <span class='ocrx_word' id='word_1_207' title='bbox 1240 2671 1438 2737; x_wconf 80' lang='grc' dir='ltr'>οὐδεὶς</span> <span class='ocrx_word' id='word_1_208' title='bbox 1462 2670 1616 2723; x_wconf 84' lang='grc' dir='ltr'>τεθὲν</span> <span class='ocrx_word' id='word_1_209' title='bbox 1645 2671 1745 2722; x_wconf 83' lang='grc' dir='ltr'>οὐκ</span> <span class='ocrx_word' id='word_1_210' title='bbox 1773 2669 2057 2734; x_wconf 75' lang='grc' dir='ltr'>ἐξωθεῖται</span> 
     </span>
    </p>
   </div>
   <div class='ocr_carea' id='block_1_25' title="bbox 365 2764 2055 2843">
    <p class='ocr_par' dir='ltr' id='par_1_25' title="bbox 365 2764 2055 2843">
     <span class='ocr_line' id='line_1_25' title="bbox 365 2764 2055 2843; baseline -0.006 -16"><span class='ocrx_word' id='word_1_211' title='bbox 365 2773 426 2827; x_wconf 88' lang='grc' dir='ltr'>τὸ</span> <span class='ocrx_word' id='word_1_212' title='bbox 451 2772 678 2843; x_wconf 82' lang='grc' dir='ltr'>Πνεῦμα</span> <span class='ocrx_word' id='word_1_213' title='bbox 712 2771 773 2824; x_wconf 89' lang='grc' dir='ltr'>τὸ</span> <span class='ocrx_word' id='word_1_214' title='bbox 801 2770 978 2839; x_wconf 75' lang='grc' dir='ltr'>ἅγιον.</span> <span class='ocrx_word' id='word_1_215' title='bbox 1014 2768 1178 2822; x_wconf 87' lang='grc' dir='ltr'>Ὅθεν</span> <span class='ocrx_word' id='word_1_216' title='bbox 1211 2767 1370 2838; x_wconf 80' lang='grc' dir='ltr'>δῆλον</span> <span class='ocrx_word' id='word_1_217' title='bbox 1394 2767 1470 2830; x_wconf 85' lang='grc' dir='ltr'>ὡς</span> <span class='ocrx_word' id='word_1_218' title='bbox 1508 2765 1707 2837; x_wconf 85' lang='grc' dir='ltr'>ἀληθὲς</span> <span class='ocrx_word' id='word_1_219' title='bbox 1739 2764 1801 2818; x_wconf 92' lang='grc' dir='ltr'>τὸ</span> <span class='ocrx_word' id='word_1_220' title='bbox 1826 2764 2055 2837; x_wconf 83' lang='grc' dir='ltr'>εἰρημέ-</span> 
     </span>
    </p>
   </div>
   <div class='ocr_carea' id='block_1_26' title="bbox 367 2860 2055 2938">
    <p class='ocr_par' dir='ltr' id='par_1_26' title="bbox 367 2860 2055 2938">
     <span class='ocr_line' id='line_1_26' title="bbox 367 2860 2055 2938; baseline -0.007 -15"><span class='ocrx_word' id='word_1_221' title='bbox 367 2885 477 2923; x_wconf 90' lang='grc' dir='ltr'>νον.</span> <span class='ocrx_word' id='word_1_222' title='bbox 521 2867 718 2938; x_wconf 84' lang='grc' dir='ltr'>Είγάρ</span> <span class='ocrx_word' id='word_1_223' title='bbox 755 2866 952 2935; x_wconf 87' lang='grc' dir='ltr'>λέγων,</span> <span class='ocrx_word' id='word_1_224' title='bbox 1006 2866 1088 2919; x_wconf 87' lang='grc' dir='ltr'>ὄτι</span> <span class='ocrx_word' id='word_1_225' title='bbox 1137 2864 1346 2929; x_wconf 74' lang='grc' dir='ltr'>Οὐδεὶς</span> <span class='ocrx_word' id='word_1_226' title='bbox 1394 2862 1618 2931; x_wconf 77' lang='grc' dir='ltr'>ἑώρακε</span> <span class='ocrx_word' id='word_1_227' title='bbox 1657 2862 1764 2915; x_wconf 86' lang='grc' dir='ltr'>τὸν</span> <span class='ocrx_word' id='word_1_228' title='bbox 1800 2860 2055 2928; x_wconf 81' lang='grc' dir='ltr'>Πατέρα,</span> 
     </span>
    </p>
   </div>
   <div class='ocr_carea' id='block_1_27' title="bbox 366 2958 2054 3037">
    <p class='ocr_par' dir='ltr' id='par_1_27' title="bbox 366 2958 2054 3037">
     <span class='ocr_line' id='line_1_27' title="bbox 366 2958 2054 3037; baseline -0.007 -16"><span class='ocrx_word' id='word_1_229' title='bbox 366 2968 418 3021; x_wconf 78' lang='grc' dir='ltr'>εὶ</span> <span class='ocrx_word' id='word_1_230' title='bbox 436 2965 523 3037; x_wconf 78' lang='grc' dir='ltr'>μὴ</span> <span class='ocrx_word' id='word_1_231' title='bbox 551 2969 584 3020; x_wconf 86' lang='grc' dir='ltr'><em>ὁ</em></span> <span class='ocrx_word' id='word_1_232' title='bbox 610 2966 678 3019; x_wconf 83' lang='grc' dir='ltr'>ἐκ</span> <span class='ocrx_word' id='word_1_233' title='bbox 715 2964 821 3018; x_wconf 85' lang='grc' dir='ltr'>τοῦ</span> <span class='ocrx_word' id='word_1_234' title='bbox 858 2963 1007 3018; x_wconf 86' lang='grc' dir='ltr'>Θεοῦ</span> <span class='ocrx_word' id='word_1_235' title='bbox 1057 2960 1163 3025; x_wconf 84' lang='grc' dir='ltr'>ὢν,</span> <span class='ocrx_word' id='word_1_236' title='bbox 1196 2961 1257 3013; x_wconf 88' lang='grc' dir='ltr'>τὸ</span> <span class='ocrx_word' id='word_1_237' title='bbox 1285 2958 1512 3031; x_wconf 78' lang='grc' dir='ltr'>Πνεῦμα</span> <span class='ocrx_word' id='word_1_238' title='bbox 1548 2959 1823 3027; x_wconf 79' lang='grc' dir='ltr'>ἐξωθεῖτο,</span> <span class='ocrx_word' id='word_1_239' title='bbox 1864 2974 2054 3027; x_wconf 87' lang='grc' dir='ltr'>περιτ-</span> 
     </span>
    </p>
   </div>
   <div class='ocr_carea' id='block_1_28' title="bbox 365 3053 2055 3128">
    <p class='ocr_par' dir='ltr' id='par_1_28' title="bbox 365 3053 2055 3128">
     <span class='ocr_line' id='line_1_28' title="bbox 365 3053 2055 3128; baseline -0.007 -10"><span class='ocrx_word' id='word_1_240' title='bbox 365 3063 474 3127; x_wconf 91' lang='grc' dir='ltr'>τῶς</span> <span class='ocrx_word' id='word_1_241' title='bbox 519 3066 546 3117; x_wconf 92' lang='lat'>6</span> <span class='ocrx_word' id='word_1_242' title='bbox 584 3061 799 3126; x_wconf 85' lang='grc' dir='ltr'>Παῦλος</span> <span class='ocrx_word' id='word_1_243' title='bbox 847 3059 1054 3128; x_wconf 80' lang='grc' dir='ltr'>ἔλεγεν,</span> <span class='ocrx_word' id='word_1_244' title='bbox 1088 3058 1171 3111; x_wconf 86' lang='grc' dir='ltr'>ὅτι</span> <span class='ocrx_word' id='word_1_245' title='bbox 1216 3056 1404 3128; x_wconf 86' lang='grc' dir='ltr'>ῶσπερ</span> <span class='ocrx_word' id='word_1_246' title='bbox 1436 3056 1723 3126; x_wconf 85' lang='grc' dir='ltr'>ἄνθρωπος</span> <span class='ocrx_word' id='word_1_247' title='bbox 1752 3054 1822 3109; x_wconf 80' lang='grc' dir='ltr'>τά</span> <span class='ocrx_word' id='word_1_248' title='bbox 1855 3053 2055 3108; x_wconf 90' lang='grc' dir='ltr'>ἐαυτοῦ</span> 
     </span>
    </p>
   </div>
   <div class='ocr_carea' id='block_1_29' title="bbox 366 3142 2059 3227">
    <p class='ocr_par' dir='ltr' id='par_1_29' title="bbox 366 3142 2059 3227">
     <span class='ocr_line' id='line_1_29' title="bbox 366 3142 2059 3227; baseline -0.008 -10"><span class='ocrx_word' id='word_1_249' title='bbox 366 3160 527 3227; x_wconf 74' lang='grc' dir='ltr'>οἶδεν,</span> <span class='ocrx_word' id='word_1_250' title='bbox 559 3160 702 3216; x_wconf 74' lang='grc' dir='ltr'>οὕτω</span> <span class='ocrx_word' id='word_1_251' title='bbox 734 3159 830 3213; x_wconf 76' lang='grc' dir='ltr'>καὶ</span> <span class='ocrx_word' id='word_1_252' title='bbox 874 3157 935 3211; x_wconf 86' lang='grc' dir='ltr'>τὸ</span> <span class='ocrx_word' id='word_1_253' title='bbox 968 3155 1195 3227; x_wconf 85' lang='grc' dir='ltr'>Πνεῦμα</span> <span class='ocrx_word' id='word_1_254' title='bbox 1239 3155 1301 3208; x_wconf 82' lang='grc' dir='ltr'>τὸ</span> <span class='ocrx_word' id='word_1_255' title='bbox 1333 3155 1490 3224; x_wconf 75' lang='grc' dir='ltr'>ἅγιον</span> <span class='ocrx_word' id='word_1_256' title='bbox 1529 3153 1598 3208; x_wconf 76' lang='grc' dir='ltr'>τὰ</span> <span class='ocrx_word' id='word_1_257' title='bbox 1632 3153 1722 3206; x_wconf 90' lang='grc' dir='ltr'>τοῦ</span> <span class='ocrx_word' id='word_1_258' title='bbox 1753 3152 1889 3205; x_wconf 84' lang='grc' dir='ltr'>Θεοῦ</span> <span class='ocrx_word' id='word_1_259' title='bbox 1916 3142 2059 3222; x_wconf 80' lang='grc' dir='ltr'>μετὰ</span> 
     </span>
    </p>
   </div>
   <div class='ocr_carea' id='block_1_30' title="bbox 368 3246 2058 3332">
    <p class='ocr_par' dir='ltr' id='par_1_30' title="bbox 368 3246 2058 3332">
     <span class='ocr_line' id='line_1_30' title="bbox 368 3246 2058 3332; baseline -0.007 -19"><span class='ocrx_word' id='word_1_260' title='bbox 368 3258 656 3332; x_wconf 86' lang='grc' dir='ltr'>ἀκριϐείας</span> <span class='ocrx_word' id='word_1_261' title='bbox 683 3257 995 3311; x_wconf 84' lang='grc' dir='ltr'>ἐπίσταται.</span> <span class='ocrx_word' id='word_1_262' title='bbox 1028 3252 1187 3308; x_wconf 82' lang='grc' dir='ltr'>Οῦτω</span> <span class='ocrx_word' id='word_1_263' title='bbox 1215 3254 1310 3306; x_wconf 71' lang='grc' dir='ltr'>καὶ</span> <span class='ocrx_word' id='word_1_264' title='bbox 1341 3252 1401 3305; x_wconf 86' lang='grc' dir='ltr'>τὸ</span> <span class='ocrx_word' id='word_1_265' title='bbox 1420 3246 1508 3318; x_wconf 81' lang='grc' dir='ltr'>εἷς</span> <span class='ocrx_word' id='word_1_266' title='bbox 1535 3252 1786 3323; x_wconf 76' lang='grc' dir='ltr'>εἴρηται·</span> <span class='ocrx_word' id='word_1_267' title='bbox 1814 3250 1915 3321; x_wconf 78' lang='grc' dir='ltr'>τὴν</span> <span class='ocrx_word' id='word_1_268' title='bbox 1948 3248 2058 3319; x_wconf 91' lang='grc' dir='ltr'>γάρ</span> 
     </span>
    </p>
   </div>
   <div class='ocr_carea' id='block_1_31' title="bbox 371 3334 2059 3428">
    <p class='ocr_par' dir='ltr' id='par_1_31' title="bbox 371 3334 2059 3428">
     <span class='ocr_line' id='line_1_31' title="bbox 371 3334 2059 3428; baseline -0.004 -17"><span class='ocrx_word' id='word_1_269' title='bbox 371 3357 542 3428; x_wconf 83' lang='grc' dir='ltr'>αὐτὴν</span> <span class='ocrx_word' id='word_1_270' title='bbox 596 3354 751 3425; x_wconf 79' lang='grc' dir='ltr'>ίσχύν</span> <span class='ocrx_word' id='word_1_271' title='bbox 808 3353 921 3423; x_wconf 79' lang='grc' dir='ltr'>ἔχει</span> <span class='ocrx_word' id='word_1_272' title='bbox 949 3353 1128 3423; x_wconf 86' lang='grc' dir='ltr'>τούτῳ</span> <span class='ocrx_word' id='word_1_273' title='bbox 1166 3352 1260 3405; x_wconf 77' lang='grc' dir='ltr'>καὶ</span> <span class='ocrx_word' id='word_1_274' title='bbox 1296 3350 1549 3420; x_wconf 89' lang='grc' dir='ltr'>δύναμιν.</span> <span class='ocrx_word' id='word_1_275' title='bbox 1591 3348 1792 3402; x_wconf 85' lang='grc' dir='ltr'>Σκόπει</span> <span class='ocrx_word' id='word_1_276' title='bbox 1825 3347 1913 3402; x_wconf 88' lang='grc' dir='ltr'>δέ·</span> <span class='ocrx_word' id='word_1_277' title='bbox 1951 3334 2059 3404; x_wconf 82' lang='grc' dir='ltr'>Εἷς</span> 
     </span>
    </p>
   </div>
   <div class='ocr_carea' id='block_1_32' title="bbox 373 3441 2057 3523">
    <p class='ocr_par' dir='ltr' id='par_1_32' title="bbox 373 3441 2057 3523">
     <span class='ocr_line' id='line_1_32' title="bbox 373 3441 2057 3523; baseline -0.007 -14"><span class='ocrx_word' id='word_1_278' title='bbox 373 3454 540 3520; x_wconf 86' lang='grc' dir='ltr'>Θεὸς,</span> <span class='ocrx_word' id='word_1_279' title='bbox 567 3453 753 3523; x_wconf 76' lang='grc' dir='ltr'>φησὶν,</span> <span class='ocrx_word' id='word_1_280' title='bbox 776 3454 809 3505; x_wconf 82' lang='grc' dir='ltr'><em>ὀ</em></span> <span class='ocrx_word' id='word_1_281' title='bbox 825 3452 1028 3519; x_wconf 78' lang='grc' dir='ltr'>Πατὴρ</span> <span class='ocrx_word' id='word_1_282' title='bbox 1053 3450 1121 3514; x_wconf 82' lang='grc' dir='ltr'>ἐξ</span> <span class='ocrx_word' id='word_1_283' title='bbox 1147 3445 1218 3505; x_wconf 84' lang='grc' dir='ltr'>οὗ</span> <span class='ocrx_word' id='word_1_284' title='bbox 1250 3448 1324 3502; x_wconf 86' lang='grc' dir='ltr'>τὰ</span> <span class='ocrx_word' id='word_1_285' title='bbox 1343 3446 1563 3510; x_wconf 79' lang='grc' dir='ltr'>πάντα,</span> <span class='ocrx_word' id='word_1_286' title='bbox 1604 3446 1702 3500; x_wconf 79' lang='grc' dir='ltr'>καὶ</span> <span class='ocrx_word' id='word_1_287' title='bbox 1729 3441 1817 3511; x_wconf 81' lang='grc' dir='ltr'>εἵς</span> <span class='ocrx_word' id='word_1_288' title='bbox 1839 3445 2057 3513; x_wconf 87' lang='grc' dir='ltr'>Κύριος</span> 
     </span>
    </p>
   </div>
   <div class='ocr_carea' id='block_1_33' title="bbox 382 3538 2061 3616">
    <p class='ocr_par' dir='ltr' id='par_1_33' title="bbox 382 3538 2061 3616">
     <span class='ocr_line' id='line_1_33' title="bbox 382 3538 2061 3616; baseline -0.006 -14"><span class='ocrx_word' id='word_1_289' title='bbox 382 3547 624 3616; x_wconf 79' lang='grc' dir='ltr'>Ἰησοῦς</span> <span class='ocrx_word' id='word_1_290' title='bbox 656 3545 910 3615; x_wconf 86' lang='grc' dir='ltr'>Χριστὸς</span> <span class='ocrx_word' id='word_1_291' title='bbox 942 3544 1017 3598; x_wconf 80' lang='grc' dir='ltr'>δι’</span> <span class='ocrx_word' id='word_1_292' title='bbox 1047 3540 1119 3600; x_wconf 86' lang='grc' dir='ltr'>οὗ</span> <span class='ocrx_word' id='word_1_293' title='bbox 1158 3543 1230 3597; x_wconf 85' lang='grc' dir='ltr'>τὰ</span> <span class='ocrx_word' id='word_1_294' title='bbox 1258 3541 1475 3596; x_wconf 79' lang='grc' dir='ltr'>πάντα.</span> <span class='ocrx_word' id='word_1_295' title='bbox 1516 3541 1579 3596; x_wconf 82' lang='grc' dir='ltr'><strong>Εἰ</strong></span> <span class='ocrx_word' id='word_1_296' title='bbox 1616 3541 1726 3613; x_wconf 86' lang='grc' dir='ltr'>γὰρ</span> <span class='ocrx_word' id='word_1_297' title='bbox 1758 3541 1819 3595; x_wconf 82' lang='grc' dir='ltr'>τὸ</span> <span class='ocrx_word' id='word_1_298' title='bbox 1847 3540 1945 3593; x_wconf 74' lang='grc' dir='ltr'>ἕνα</span> <span class='ocrx_word' id='word_1_299' title='bbox 1972 3538 2061 3592; x_wconf 86' lang='grc' dir='ltr'>λέ-</span> 
     </span>
    </p>
   </div>
   <div class='ocr_carea' id='block_1_34' title="bbox 372 3637 2059 3714">
    <p class='ocr_par' dir='ltr' id='par_1_34' title="bbox 372 3637 2059 3714">
     <span class='ocr_line' id='line_1_34' title="bbox 372 3637 2059 3714; baseline -0.005 -16"><span class='ocrx_word' id='word_1_300' title='bbox 372 3642 562 3714; x_wconf 78' lang='grc' dir='ltr'>γεσθαι</span> <span class='ocrx_word' id='word_1_301' title='bbox 600 3641 735 3696; x_wconf 85' lang='grc' dir='ltr'>Θεὸν</span> <span class='ocrx_word' id='word_1_302' title='bbox 764 3639 856 3694; x_wconf 84' lang='grc' dir='ltr'>τὸν</span> <span class='ocrx_word' id='word_1_303' title='bbox 891 3640 1134 3712; x_wconf 79' lang='grc' dir='ltr'>Πατέρα,</span> <span class='ocrx_word' id='word_1_304' title='bbox 1168 3639 1424 3692; x_wconf 84' lang='grc' dir='ltr'>ἐκϐάλλει</span> <span class='ocrx_word' id='word_1_305' title='bbox 1456 3638 1545 3692; x_wconf 85' lang='grc' dir='ltr'>τὸν</span> <span class='ocrx_word' id='word_1_306' title='bbox 1576 3637 1706 3691; x_wconf 79' lang='grc' dir='ltr'>Υἱὸν</span> <span class='ocrx_word' id='word_1_307' title='bbox 1738 3638 1838 3709; x_wconf 84' lang='grc' dir='ltr'>τῆς</span> <span class='ocrx_word' id='word_1_308' title='bbox 1866 3637 2059 3707; x_wconf 87' lang='grc' dir='ltr'>θεότη-</span> 
     </span>
    </p>
   </div>
   <div class='ocr_carea' id='block_1_35' title="bbox 370 3725 2058 3810">
    <p class='ocr_par' dir='ltr' id='par_1_35' title="bbox 370 3725 2058 3810">
     <span class='ocr_line' id='line_1_35' title="bbox 370 3725 2058 3810; baseline -0.005 -15"><span class='ocrx_word' id='word_1_309' title='bbox 370 3725 610 3807; x_wconf 64' lang='grc' dir='ltr'>τος,ξκαὶ</span> <span class='ocrx_word' id='word_1_310' title='bbox 634 3739 696 3793; x_wconf 90' lang='grc' dir='ltr'>τὸ</span> <span class='ocrx_word' id='word_1_311' title='bbox 719 3738 815 3792; x_wconf 76' lang='grc' dir='ltr'>ἕνα</span> <span class='ocrx_word' id='word_1_312' title='bbox 844 3737 1099 3808; x_wconf 77' lang='grc' dir='ltr'>λέγεσθαι</span> <span class='ocrx_word' id='word_1_313' title='bbox 1133 3737 1340 3810; x_wconf 79' lang='grc' dir='ltr'>Κύριον</span> <span class='ocrx_word' id='word_1_314' title='bbox 1371 3735 1524 3809; x_wconf 73' lang='grc'>[482]</span> <span class='ocrx_word' id='word_1_315' title='bbox 1552 3737 1644 3789; x_wconf 79' lang='grc' dir='ltr'>τὸν</span> <span class='ocrx_word' id='word_1_316' title='bbox 1674 3735 1821 3799; x_wconf 87' lang='grc' dir='ltr'>Υἰὸν,</span> <span class='ocrx_word' id='word_1_317' title='bbox 1853 3734 2058 3788; x_wconf 87' lang='grc' dir='ltr'>ἐκϐάλ-</span> 
     </span>
    </p>
   </div>
   <div class='ocr_carea' id='block_1_36' title="bbox 372 3828 2058 3904">
    <p class='ocr_par' dir='ltr' id='par_1_36' title="bbox 372 3828 2058 3904">
     <span class='ocr_line' id='line_1_36' title="bbox 372 3828 2058 3904; baseline -0.004 -17"><span class='ocrx_word' id='word_1_318' title='bbox 372 3835 452 3889; x_wconf 81' lang='grc' dir='ltr'>λει</span> <span class='ocrx_word' id='word_1_319' title='bbox 479 3832 571 3889; x_wconf 73' lang='grc' dir='ltr'>τὸν</span> <span class='ocrx_word' id='word_1_320' title='bbox 602 3834 824 3904; x_wconf 86' lang='grc' dir='ltr'>Πατέρα</span> <span class='ocrx_word' id='word_1_321' title='bbox 857 3833 955 3904; x_wconf 82' lang='grc' dir='ltr'>τῆς</span> <span class='ocrx_word' id='word_1_322' title='bbox 985 3832 1307 3904; x_wconf 77' lang='grc' dir='ltr'>κυριότητος</span> <span class='ocrx_word' id='word_1_323' title='bbox 1325 3850 1338 3863; x_wconf 84' lang='grc'>·</span> <span class='ocrx_word' id='word_1_324' title='bbox 1368 3830 1506 3884; x_wconf 82' lang='grc' dir='ltr'>ἀλλά</span> <span class='ocrx_word' id='word_1_325' title='bbox 1534 3830 1639 3902; x_wconf 82' lang='grc' dir='ltr'>μὴν</span> <span class='ocrx_word' id='word_1_326' title='bbox 1674 3830 1773 3883; x_wconf 90' lang='grc' dir='ltr'>οὐκ</span> <span class='ocrx_word' id='word_1_327' title='bbox 1806 3828 2058 3882; x_wconf 88' lang='grc' dir='ltr'>ἐκϐάλλει</span> 
     </span>
    </p>
   </div>
   <div class='ocr_carea' id='block_1_37' title="bbox 370 3921 2060 4003">
    <p class='ocr_par' dir='ltr' id='par_1_37' title="bbox 370 3921 2060 4003">
     <span class='ocr_line' id='line_1_37' title="bbox 370 3921 2060 4003; baseline -0.004 -18"><span class='ocrx_word' id='word_1_328' title='bbox 370 3932 470 4003; x_wconf 80' lang='grc' dir='ltr'>τῆς</span> <span class='ocrx_word' id='word_1_329' title='bbox 497 3930 821 4001; x_wconf 83' lang='grc' dir='ltr'>κυριότητος</span> <span class='ocrx_word' id='word_1_330' title='bbox 842 3929 932 3983; x_wconf 81' lang='grc' dir='ltr'>τὸν</span> <span class='ocrx_word' id='word_1_331' title='bbox 954 3928 1174 4001; x_wconf 85' lang='grc' dir='ltr'>Πατέρα</span> <span class='ocrx_word' id='word_1_332' title='bbox 1201 3928 1261 3981; x_wconf 87' lang='grc' dir='ltr'>τὸ</span> <span class='ocrx_word' id='word_1_333' title='bbox 1286 3926 1561 3997; x_wconf 88' lang='grc' dir='ltr'>λέγεσθαι,</span> <span class='ocrx_word' id='word_1_334' title='bbox 1584 3928 1666 3981; x_wconf 87' lang='grc' dir='ltr'>ὅτι</span> <span class='ocrx_word' id='word_1_335' title='bbox 1702 3921 1809 3993; x_wconf 84' lang='grc' dir='ltr'>Εἷς</span> <span class='ocrx_word' id='word_1_336' title='bbox 1846 3926 2060 3995; x_wconf 80' lang='grc' dir='ltr'>Κύριος</span> 
     </span>
    </p>
   </div>
   <div class='ocr_carea' id='block_1_38' title="bbox 384 4022 2059 4096">
    <p class='ocr_par' dir='ltr' id='par_1_38' title="bbox 384 4022 2059 4096">
     <span class='ocr_line' id='line_1_38' title="bbox 384 4022 2059 4096; baseline -0.004 -14"><span class='ocrx_word' id='word_1_337' title='bbox 384 4026 619 4095; x_wconf 83' lang='grc' dir='ltr'>Ἰησοῦς</span> <span class='ocrx_word' id='word_1_338' title='bbox 667 4026 962 4095; x_wconf 83' lang='grc' dir='ltr'>Χριστός·</span> <span class='ocrx_word' id='word_1_339' title='bbox 1009 4025 1111 4095; x_wconf 75' lang='grc' dir='ltr'>οὐκ</span> <span class='ocrx_word' id='word_1_340' title='bbox 1155 4025 1265 4096; x_wconf 83' lang='grc' dir='ltr'>ἀρα</span> <span class='ocrx_word' id='word_1_341' title='bbox 1322 4024 1443 4078; x_wconf 88' lang='grc' dir='ltr'>οὐδέ</span> <span class='ocrx_word' id='word_1_342' title='bbox 1477 4024 1571 4079; x_wconf 89' lang='grc' dir='ltr'>τὸν</span> <span class='ocrx_word' id='word_1_343' title='bbox 1622 4025 1750 4078; x_wconf 78' lang='grc' dir='ltr'>Υίὸν</span> <span class='ocrx_word' id='word_1_344' title='bbox 1807 4022 2059 4079; x_wconf 74' lang='grc' dir='ltr'>ἐκϐάλλει</span> 
     </span>
    </p>
   </div>
   <div class='ocr_carea' id='block_1_39' title="bbox 369 4114 1849 4195">
    <p class='ocr_par' dir='ltr' id='par_1_39' title="bbox 369 4114 1849 4195">
     <span class='ocr_line' id='line_1_39' title="bbox 369 4114 1849 4195; baseline -0.003 -17"><span class='ocrx_word' id='word_1_345' title='bbox 369 4124 467 4195; x_wconf 76' lang='grc' dir='ltr'>τῆς</span> <span class='ocrx_word' id='word_1_346' title='bbox 493 4122 745 4194; x_wconf 87' lang='grc' dir='ltr'>θεότητος</span> <span class='ocrx_word' id='word_1_347' title='bbox 788 4122 849 4176; x_wconf 82' lang='grc' dir='ltr'>τὸ</span> <span class='ocrx_word' id='word_1_348' title='bbox 886 4120 1162 4190; x_wconf 82' lang='grc' dir='ltr'>λέγεσθαι,</span> <span class='ocrx_word' id='word_1_349' title='bbox 1198 4120 1282 4173; x_wconf 81' lang='grc' dir='ltr'>ὅτι</span> <span class='ocrx_word' id='word_1_350' title='bbox 1318 4114 1398 4184; x_wconf 82' lang='grc' dir='ltr'>εἷς</span> <span class='ocrx_word' id='word_1_351' title='bbox 1429 4118 1562 4184; x_wconf 82' lang='grc' dir='ltr'>Θεὸς</span> <span class='ocrx_word' id='word_1_352' title='bbox 1584 4121 1612 4172; x_wconf 93' lang='lat'>6</span> <span class='ocrx_word' id='word_1_353' title='bbox 1638 4120 1849 4191; x_wconf 87' lang='grc' dir='ltr'>Πατήρ.</span> 
     </span>
    </p>
   </div>
   <div class='ocr_carea' id='block_1_40' title="bbox 443 4212 2059 4291">
    <p class='ocr_par' dir='ltr' id='par_1_40' title="bbox 443 4212 2059 4291">
     <span class='ocr_line' id='line_1_40' title="bbox 443 4212 2059 4291; baseline -0.004 -17"><span class='ocrx_word' id='word_1_354' title='bbox 443 4215 507 4291; x_wconf 78' lang='grc' dir='ltr'>β’.</span> <span class='ocrx_word' id='word_1_355' title='bbox 529 4220 593 4273; x_wconf 70' lang='lat' dir='ltr'>El</span> <span class='ocrx_word' id='word_1_356' title='bbox 612 4219 670 4273; x_wconf 88' lang='grc' dir='ltr'>δέ</span> <span class='ocrx_word' id='word_1_357' title='bbox 703 4217 910 4288; x_wconf 79' lang='grc' dir='ltr'>λέγοιεν</span> <span class='ocrx_word' id='word_1_358' title='bbox 942 4218 1126 4284; x_wconf 80' lang='grc' dir='ltr'>πάλιν,</span> <span class='ocrx_word' id='word_1_359' title='bbox 1159 4218 1241 4272; x_wconf 83' lang='grc' dir='ltr'>ὅτι</span> <span class='ocrx_word' id='word_1_360' title='bbox 1273 4216 1361 4270; x_wconf 84' lang='grc' dir='ltr'>διὰ</span> <span class='ocrx_word' id='word_1_361' title='bbox 1390 4215 1548 4270; x_wconf 91' lang='grc' dir='ltr'>τοῦτο</span> <span class='ocrx_word' id='word_1_362' title='bbox 1575 4212 1655 4281; x_wconf 77' lang='grc' dir='ltr'>εἷς</span> <span class='ocrx_word' id='word_1_363' title='bbox 1686 4216 1817 4280; x_wconf 83' lang='grc' dir='ltr'>Θεὸς</span> <span class='ocrx_word' id='word_1_364' title='bbox 1839 4216 2059 4286; x_wconf 88' lang='grc' dir='ltr'>λέγεται</span> 
     </span>
    </p>
   </div>
   <div class='ocr_carea' id='block_1_41' title="bbox 332 4313 2059 4388">
    <p class='ocr_par' dir='ltr' id='par_1_41' title="bbox 332 4313 2059 4388">
     <span class='ocr_line' id='line_1_41' title="bbox 332 4313 2059 4388; baseline -0.002 -18"><span class='ocrx_word' id='word_1_365' title='bbox 332 4354 335 4355; x_wconf 50' lang='grc' dir='ltr'>ν</span> <span class='ocrx_word' id='word_1_366' title='bbox 369 4318 398 4370; x_wconf 91' lang='lat'>6</span> <span class='ocrx_word' id='word_1_367' title='bbox 423 4315 633 4388; x_wconf 82' lang='grc' dir='ltr'>Πατὴρ,</span> <span class='ocrx_word' id='word_1_368' title='bbox 667 4316 855 4387; x_wconf 81' lang='grc' dir='ltr'>ἐπειδὴ</span> <span class='ocrx_word' id='word_1_369' title='bbox 886 4315 1019 4379; x_wconf 84' lang='grc' dir='ltr'>Θεὸς</span> <span class='ocrx_word' id='word_1_370' title='bbox 1052 4316 1151 4386; x_wconf 82' lang='grc' dir='ltr'>μέν</span> <span class='ocrx_word' id='word_1_371' title='bbox 1192 4316 1341 4369; x_wconf 89' lang='grc' dir='ltr'>ἐστιν</span> <span class='ocrx_word' id='word_1_372' title='bbox 1374 4316 1402 4367; x_wconf 95' lang='lat'>6</span> <span class='ocrx_word' id='word_1_373' title='bbox 1448 4313 1597 4379; x_wconf 79' lang='grc' dir='ltr'>Υἱὸς,</span> <span class='ocrx_word' id='word_1_374' title='bbox 1630 4314 1691 4367; x_wconf 91' lang='grc' dir='ltr'>οὐ</span> <span class='ocrx_word' id='word_1_375' title='bbox 1721 4313 1964 4378; x_wconf 75' lang='grc' dir='ltr'>τοιοῦτος</span> <span class='ocrx_word' id='word_1_376' title='bbox 2002 4314 2059 4367; x_wconf 84' lang='grc' dir='ltr'>δὲ</span> 
     </span>
    </p>
   </div>
   <div class='ocr_carea' id='block_1_42' title="bbox 370 4407 2056 4484">
    <p class='ocr_par' dir='ltr' id='par_1_42' title="bbox 370 4407 2056 4484">
     <span class='ocr_line' id='line_1_42' title="bbox 370 4407 2056 4484; baseline -0.001 -17"><span class='ocrx_word' id='word_1_377' title='bbox 370 4413 524 4477; x_wconf 84' lang='grc' dir='ltr'>Θεὸς,</span> <span class='ocrx_word' id='word_1_378' title='bbox 555 4408 666 4476; x_wconf 78' lang='grc' dir='ltr'>οἷος</span> <span class='ocrx_word' id='word_1_379' title='bbox 701 4415 729 4466; x_wconf 83' lang='lat'>6</span> <span class='ocrx_word' id='word_1_380' title='bbox 762 4412 973 4484; x_wconf 80' lang='grc' dir='ltr'>Πατὴρ,</span> <span class='ocrx_word' id='word_1_381' title='bbox 1017 4412 1213 4467; x_wconf 80' lang='grc' dir='ltr'>ἐπεται</span> <span class='ocrx_word' id='word_1_382' title='bbox 1254 4414 1431 4467; x_wconf 88' lang='grc' dir='ltr'>ἐκεῖνο</span> <span class='ocrx_word' id='word_1_383' title='bbox 1463 4415 1660 4477; x_wconf 79' lang='grc' dir='ltr'>εἰπεῖν,</span> <span class='ocrx_word' id='word_1_384' title='bbox 1695 4413 1756 4478; x_wconf 78' lang='grc' dir='ltr'>ἐξ</span> <span class='ocrx_word' id='word_1_385' title='bbox 1792 4407 1870 4467; x_wconf 83' lang='grc' dir='ltr'>ὧν</span> <span class='ocrx_word' id='word_1_386' title='bbox 1898 4413 2056 4467; x_wconf 74' lang='grc' dir='ltr'>αὐτοὶ</span> 
     </span>
    </p>
   </div>
   <div class='ocr_carea' id='block_1_43' title="bbox 369 4508 2059 4581">
    <p class='ocr_par' dir='ltr' id='par_1_43' title="bbox 369 4508 2059 4581">
     <span class='ocr_line' id='line_1_43' title="bbox 369 4508 2059 4581; baseline -0.001 -17"><span class='ocrx_word' id='word_1_387' title='bbox 369 4509 586 4563; x_wconf 86' lang='grc' dir='ltr'>τιθέασι</span> <span class='ocrx_word' id='word_1_388' title='bbox 640 4509 948 4579; x_wconf 85' lang='grc' dir='ltr'>λημμάτων</span> <span class='ocrx_word' id='word_1_389' title='bbox 995 4509 1076 4580; x_wconf 92' lang='grc' dir='ltr'>(οὐ</span> <span class='ocrx_word' id='word_1_390' title='bbox 1110 4508 1219 4581; x_wconf 82' lang='grc' dir='ltr'>γὰρ</span> <span class='ocrx_word' id='word_1_391' title='bbox 1244 4508 1309 4579; x_wconf 82' lang='grc' dir='ltr'>δὴ</span> <span class='ocrx_word' id='word_1_392' title='bbox 1348 4511 1512 4580; x_wconf 82' lang='grc' dir='ltr'>ἡμεῖς</span> <span class='ocrx_word' id='word_1_393' title='bbox 1542 4508 1609 4562; x_wconf 79' lang='grc' dir='ltr'>ἂν</span> <span class='ocrx_word' id='word_1_394' title='bbox 1647 4510 1946 4580; x_wconf 75' lang='grc' dir='ltr'>εἴποιμεν),</span> <span class='ocrx_word' id='word_1_395' title='bbox 1976 4512 2059 4563; x_wconf 83' lang='grc' dir='ltr'>ὅτι</span> 
     </span>
    </p>
   </div>
   <div class='ocr_carea' id='block_1_44' title="bbox 370 4602 2058 4678">
    <p class='ocr_par' dir='ltr' id='par_1_44' title="bbox 370 4602 2058 4678">
     <span class='ocr_line' id='line_1_44' title="bbox 370 4602 2058 4678; baseline 0.001 -19"><span class='ocrx_word' id='word_1_396' title='bbox 370 4605 458 4660; x_wconf 83' lang='grc' dir='ltr'>διὰ</span> <span class='ocrx_word' id='word_1_397' title='bbox 478 4603 635 4659; x_wconf 88' lang='grc' dir='ltr'>τοῦτο</span> <span class='ocrx_word' id='word_1_398' title='bbox 663 4604 881 4672; x_wconf 84' lang='grc' dir='ltr'>λέγεται</span> <span class='ocrx_word' id='word_1_399' title='bbox 914 4602 995 4669; x_wconf 76' lang='grc' dir='ltr'>εἷς</span> <span class='ocrx_word' id='word_1_400' title='bbox 1030 4606 1236 4677; x_wconf 86' lang='grc' dir='ltr'>Κύριος</span> <span class='ocrx_word' id='word_1_401' title='bbox 1260 4608 1288 4660; x_wconf 92' lang='lat'>6</span> <span class='ocrx_word' id='word_1_402' title='bbox 1308 4606 1457 4671; x_wconf 87' lang='grc' dir='ltr'>Υἱὸς,</span> <span class='ocrx_word' id='word_1_403' title='bbox 1493 4606 1683 4677; x_wconf 81' lang='grc' dir='ltr'>ἐπειδὴ</span> <span class='ocrx_word' id='word_1_404' title='bbox 1718 4606 1925 4678; x_wconf 82' lang='grc' dir='ltr'>Κύριος</span> <span class='ocrx_word' id='word_1_405' title='bbox 1959 4608 2058 4678; x_wconf 83' lang='grc' dir='ltr'>μὲν</span> 
     </span>
    </p>
   </div>
   <div class='ocr_carea' id='block_1_45' title="bbox 370 4697 2061 4773">
    <p class='ocr_par' dir='ltr' id='par_1_45' title="bbox 370 4697 2061 4773">
     <span class='ocr_line' id='line_1_45' title="bbox 370 4697 2061 4773; baseline 0.002 -20"><span class='ocrx_word' id='word_1_406' title='bbox 370 4701 401 4753; x_wconf 92' lang='lat'>6</span> <span class='ocrx_word' id='word_1_407' title='bbox 428 4700 639 4772; x_wconf 86' lang='grc' dir='ltr'>Πατὴρ,</span> <span class='ocrx_word' id='word_1_408' title='bbox 670 4701 731 4754; x_wconf 86' lang='grc' dir='ltr'>οὐ</span> <span class='ocrx_word' id='word_1_409' title='bbox 755 4701 997 4767; x_wconf 88' lang='grc' dir='ltr'>τοιοῦτος</span> <span class='ocrx_word' id='word_1_410' title='bbox 1016 4702 1073 4756; x_wconf 87' lang='grc' dir='ltr'>δέ</span> <span class='ocrx_word' id='word_1_411' title='bbox 1100 4702 1324 4773; x_wconf 86' lang='grc' dir='ltr'>Κύριος,</span> <span class='ocrx_word' id='word_1_412' title='bbox 1356 4697 1467 4765; x_wconf 75' lang='grc' dir='ltr'>οἷος</span> <span class='ocrx_word' id='word_1_413' title='bbox 1490 4702 1518 4751; x_wconf 88' lang='grc' dir='ltr'><strong>ὁ</strong></span> <span class='ocrx_word' id='word_1_414' title='bbox 1557 4702 1699 4767; x_wconf 88' lang='grc' dir='ltr'>Υἱός.</span> <span class='ocrx_word' id='word_1_415' title='bbox 1730 4704 1793 4757; x_wconf 81' lang='grc' dir='ltr'><strong>Εἰ</strong></span> <span class='ocrx_word' id='word_1_416' title='bbox 1826 4703 1884 4758; x_wconf 85' lang='grc' dir='ltr'>δέ</span> <span class='ocrx_word' id='word_1_417' title='bbox 1901 4703 2061 4758; x_wconf 87' lang='grc' dir='ltr'>τοῦτο</span> 
     </span>
    </p>
   </div>
   <div class='ocr_carea' id='block_1_46' title="bbox 372 4797 2060 4872">
    <p class='ocr_par' dir='ltr' id='par_1_46' title="bbox 372 4797 2060 4872">
     <span class='ocr_line' id='line_1_46' title="bbox 372 4797 2060 4872; baseline 0 -19"><span class='ocrx_word' id='word_1_418' title='bbox 372 4799 591 4866; x_wconf 81' lang='grc' dir='ltr'>ἀσεϐὲς,</span> <span class='ocrx_word' id='word_1_419' title='bbox 625 4798 748 4853; x_wconf 89' lang='grc' dir='ltr'>οὐδέ</span> <span class='ocrx_word' id='word_1_420' title='bbox 775 4799 836 4852; x_wconf 87' lang='grc' dir='ltr'>τὸ</span> <span class='ocrx_word' id='word_1_421' title='bbox 869 4799 1136 4870; x_wconf 72' lang='grc' dir='ltr'>πρότερον</span> <span class='ocrx_word' id='word_1_422' title='bbox 1180 4797 1246 4852; x_wconf 80' lang='grc' dir='ltr'>ἂν</span> <span class='ocrx_word' id='word_1_423' title='bbox 1274 4798 1388 4872; x_wconf 77' lang='grc' dir='ltr'>ἔχοι</span> <span class='ocrx_word' id='word_1_424' title='bbox 1419 4798 1577 4868; x_wconf 89' lang='grc' dir='ltr'>λόγον</span> <span class='ocrx_word' id='word_1_425' title='bbox 1598 4816 1610 4830; x_wconf 89' lang='grc'><strong>·</strong></span> <span class='ocrx_word' id='word_1_426' title='bbox 1648 4799 1764 4853; x_wconf 84' lang='grc' dir='ltr'>ἀλλ’</span> <span class='ocrx_word' id='word_1_427' title='bbox 1787 4799 1977 4871; x_wconf 88' lang='grc' dir='ltr'>ῶσπερ</span> <span class='ocrx_word' id='word_1_428' title='bbox 1999 4801 2060 4853; x_wconf 87' lang='grc' dir='ltr'>τὸ</span> 
     </span>
    </p>
   </div>
   <div class='ocr_carea' id='block_1_47' title="bbox 368 4892 2059 4969">
    <p class='ocr_par' dir='ltr' id='par_1_47' title="bbox 368 4892 2059 4969">
     <span class='ocr_line' id='line_1_47' title="bbox 368 4892 2059 4969; baseline -0.001 -18"><span class='ocrx_word' id='word_1_429' title='bbox 368 4892 473 4963; x_wconf 77' lang='grc' dir='ltr'>Εἷς</span> <span class='ocrx_word' id='word_1_430' title='bbox 499 4898 715 4966; x_wconf 83' lang='grc' dir='ltr'>Κύριος</span> <span class='ocrx_word' id='word_1_431' title='bbox 775 4897 878 4950; x_wconf 88' lang='grc' dir='ltr'>οὐκ</span> <span class='ocrx_word' id='word_1_432' title='bbox 920 4895 1203 4961; x_wconf 81' lang='grc' dir='ltr'>ἐξωθεῖται</span> <span class='ocrx_word' id='word_1_433' title='bbox 1240 4896 1331 4949; x_wconf 87' lang='grc' dir='ltr'>τὸν</span> <span class='ocrx_word' id='word_1_434' title='bbox 1366 4896 1591 4967; x_wconf 87' lang='grc' dir='ltr'>Πατέρα</span> <span class='ocrx_word' id='word_1_435' title='bbox 1655 4897 1755 4967; x_wconf 84' lang='grc' dir='ltr'>τῆς</span> <span class='ocrx_word' id='word_1_436' title='bbox 1795 4896 2059 4969; x_wconf 89' lang='grc' dir='ltr'>ἀκριϐοῦς</span> 
     </span>
    </p>
   </div>
   <div class='ocr_carea' id='block_1_48' title="bbox 372 4991 2055 5066">
    <p class='ocr_par' dir='ltr' id='par_1_48' title="bbox 372 4991 2055 5066">
     <span class='ocr_line' id='line_1_48' title="bbox 372 4991 2055 5066; baseline 0.001 -19"><span class='ocrx_word' id='word_1_437' title='bbox 372 4993 715 5065; x_wconf 81' lang='grc' dir='ltr'>κυριότητος,</span> <span class='ocrx_word' id='word_1_438' title='bbox 746 4992 868 5047; x_wconf 85' lang='grc' dir='ltr'>οὐδέ</span> <span class='ocrx_word' id='word_1_439' title='bbox 898 4994 977 5056; x_wconf 78' lang='grc' dir='ltr'>εἰς</span> <span class='ocrx_word' id='word_1_440' title='bbox 1002 4992 1090 5045; x_wconf 88' lang='grc' dir='ltr'>τὸν</span> <span class='ocrx_word' id='word_1_441' title='bbox 1115 4991 1245 5047; x_wconf 82' lang='grc' dir='ltr'>Υἱὸν</span> <span class='ocrx_word' id='word_1_442' title='bbox 1274 4993 1616 5065; x_wconf 86' lang='grc' dir='ltr'>περιίστησιν</span> <span class='ocrx_word' id='word_1_443' title='bbox 1642 4994 1815 5066; x_wconf 80' lang='grc' dir='ltr'>αὐτὴν</span> <span class='ocrx_word' id='word_1_444' title='bbox 1857 4995 2017 5066; x_wconf 88' lang='grc' dir='ltr'>μόνον</span> <span class='ocrx_word' id='word_1_445' title='bbox 2042 5010 2055 5024; x_wconf 69' lang='grc' dir='ltr'><strong>ο</strong></span> 
     </span>
    </p>
   </div>
   <div class='ocr_carea' id='block_1_49' title="bbox 374 5082 2061 5162">
    <p class='ocr_par' dir='ltr' id='par_1_49' title="bbox 374 5082 2061 5162">
     <span class='ocr_line' id='line_1_49' title="bbox 374 5082 2061 5162; baseline 0.001 -20"><span class='ocrx_word' id='word_1_446' title='bbox 374 5088 548 5152; x_wconf 76' lang='grc' dir='ltr'>οὓτως</span> <span class='ocrx_word' id='word_1_447' title='bbox 579 5088 699 5142; x_wconf 80' lang='grc' dir='ltr'>οὐδὲ</span> <span class='ocrx_word' id='word_1_448' title='bbox 720 5087 780 5142; x_wconf 85' lang='grc' dir='ltr'>τὸ</span> <span class='ocrx_word' id='word_1_449' title='bbox 809 5082 915 5155; x_wconf 78' lang='grc' dir='ltr'>Εἷς</span> <span class='ocrx_word' id='word_1_450' title='bbox 939 5088 1083 5153; x_wconf 84' lang='grc' dir='ltr'>Θεὸς</span> <span class='ocrx_word' id='word_1_451' title='bbox 1114 5088 1369 5142; x_wconf 87' lang='grc' dir='ltr'>ἐκϐάλλει</span> <span class='ocrx_word' id='word_1_452' title='bbox 1399 5087 1491 5143; x_wconf 90' lang='grc' dir='ltr'>τὸν</span> <span class='ocrx_word' id='word_1_453' title='bbox 1522 5088 1652 5143; x_wconf 85' lang='grc' dir='ltr'>Υἱὸν</span> <span class='ocrx_word' id='word_1_454' title='bbox 1688 5090 1789 5160; x_wconf 78' lang='grc' dir='ltr'>τῆς</span> <span class='ocrx_word' id='word_1_455' title='bbox 1823 5090 2061 5162; x_wconf 86' lang='grc' dir='ltr'>ἀληθοῦς</span> 
     </span>
    </p>
   </div>
   <div class='ocr_carea' id='block_1_50' title="bbox 374 5186 2060 5260">
    <p class='ocr_par' dir='ltr' id='par_1_50' title="bbox 374 5186 2060 5260">
     <span class='ocr_line' id='line_1_50' title="bbox 374 5186 2060 5260; baseline 0.003 -21"><span class='ocrx_word' id='word_1_456' title='bbox 374 5186 470 5239; x_wconf 76' lang='grc' dir='ltr'>καὶ</span> <span class='ocrx_word' id='word_1_457' title='bbox 495 5187 725 5257; x_wconf 82' lang='grc' dir='ltr'>γνησίας</span> <span class='ocrx_word' id='word_1_458' title='bbox 764 5188 857 5241; x_wconf 78' lang='grc' dir='ltr'>καὶ</span> <span class='ocrx_word' id='word_1_459' title='bbox 882 5186 1222 5260; x_wconf 85' lang='grc' dir='ltr'>ἀκραιφνοῦς</span> <span class='ocrx_word' id='word_1_460' title='bbox 1258 5188 1287 5229; x_wconf 76' lang='lat' dir='ltr'><strong>b</strong></span> <span class='ocrx_word' id='word_1_461' title='bbox 1325 5187 1602 5259; x_wconf 87' lang='grc' dir='ltr'>θεότητος,</span> <span class='ocrx_word' id='word_1_462' title='bbox 1644 5187 1766 5242; x_wconf 86' lang='grc' dir='ltr'>οὐδέ</span> <span class='ocrx_word' id='word_1_463' title='bbox 1819 5188 1914 5244; x_wconf 87' lang='grc' dir='ltr'>τοῦ</span> <span class='ocrx_word' id='word_1_464' title='bbox 1949 5191 2060 5243; x_wconf 89' lang='grc' dir='ltr'>Πα-</span> 
     </span>
    </p>
   </div>
   <div class='ocr_carea' id='block_1_51' title="bbox 376 5283 2060 5358">
    <p class='ocr_par' dir='ltr' id='par_1_51' title="bbox 376 5283 2060 5358">
     <span class='ocr_line' id='line_1_51' title="bbox 376 5283 2060 5358; baseline 0.001 -20"><span class='ocrx_word' id='word_1_465' title='bbox 376 5283 503 5355; x_wconf 84' lang='grc' dir='ltr'>τρὸς</span> <span class='ocrx_word' id='word_1_466' title='bbox 538 5285 671 5337; x_wconf 82' lang='grc' dir='ltr'>αὐτὸ</span> <span class='ocrx_word' id='word_1_467' title='bbox 703 5285 862 5354; x_wconf 88' lang='grc' dir='ltr'>μόνον</span> <span class='ocrx_word' id='word_1_468' title='bbox 885 5285 1419 5339; x_wconf 80' lang='grc' dir='ltr'>ἀποδείκνυσιν.“οτι</span> <span class='ocrx_word' id='word_1_469' title='bbox 1439 5286 1549 5358; x_wconf 76' lang='grc' dir='ltr'>γάρ</span> <span class='ocrx_word' id='word_1_470' title='bbox 1570 5286 1703 5350; x_wconf 86' lang='grc' dir='ltr'>Θεὸς</span> <span class='ocrx_word' id='word_1_471' title='bbox 1722 5290 1751 5340; x_wconf 90' lang='lat'>6</span> <span class='ocrx_word' id='word_1_472' title='bbox 1775 5288 1922 5351; x_wconf 83' lang='grc' dir='ltr'>Υίὸς,</span> <span class='ocrx_word' id='word_1_473' title='bbox 1965 5289 2060 5340; x_wconf 78' lang='grc' dir='ltr'>καὶ</span> 
     </span>
    </p>
   </div>
   <div class='ocr_carea' id='block_1_52' title="bbox 378 5378 2059 5457">
    <p class='ocr_par' dir='ltr' id='par_1_52' title="bbox 378 5378 2059 5457">
     <span class='ocr_line' id='line_1_52' title="bbox 378 5378 2059 5457; baseline 0 -19"><span class='ocrx_word' id='word_1_474' title='bbox 378 5382 614 5447; x_wconf 85' lang='grc' dir='ltr'>τοιοῦτος</span> <span class='ocrx_word' id='word_1_475' title='bbox 641 5382 775 5446; x_wconf 83' lang='grc' dir='ltr'>Θεὸς</span> <span class='ocrx_word' id='word_1_476' title='bbox 799 5378 910 5447; x_wconf 81' lang='grc' dir='ltr'>οἷος</span> <span class='ocrx_word' id='word_1_477' title='bbox 941 5387 970 5437; x_wconf 96' lang='lat'>6</span> <span class='ocrx_word' id='word_1_478' title='bbox 1007 5383 1217 5455; x_wconf 80' lang='grc' dir='ltr'>Πατήρ,</span> <span class='ocrx_word' id='word_1_479' title='bbox 1262 5384 1439 5455; x_wconf 87' lang='grc' dir='ltr'>μένων</span> <span class='ocrx_word' id='word_1_480' title='bbox 1468 5385 1654 5457; x_wconf 83' lang='grc' dir='ltr'>μέντοι</span> <span class='ocrx_word' id='word_1_481' title='bbox 1683 5386 1830 5449; x_wconf 78' lang='grc' dir='ltr'>Υἱὸς,</span> <span class='ocrx_word' id='word_1_482' title='bbox 1871 5386 1930 5450; x_wconf 82' lang='grc' dir='ltr'>ἐξ</span> <span class='ocrx_word' id='word_1_483' title='bbox 1958 5387 2059 5438; x_wconf 86' lang='grc' dir='ltr'>αὐ-</span> 
     </span>
    </p>
   </div>
   <div class='ocr_carea' id='block_1_53' title="bbox 442 5556 2058 5626">
    <p class='ocr_par' dir='ltr' id='par_1_53' title="bbox 442 5556 2058 5626">
     <span class='ocr_line' id='line_1_53' title="bbox 442 5556 2058 5626; baseline 0.006 -22"><span class='ocrx_word' id='word_1_484' title='bbox 442 5556 648 5626; x_wconf 63' lang='lat' dir='ltr'>‘__Savi_l_.</span> <span class='ocrx_word' id='word_1_485' title='bbox 675 5561 727 5607; x_wconf 78' lang='lat' dir='ltr'><strong>et</strong></span> <span class='ocrx_word' id='word_1_486' title='bbox 748 5559 956 5626; x_wconf 59' lang='lat' dir='ltr'>maxima</span> <span class='ocrx_word' id='word_1_487' title='bbox 984 5574 1109 5626; x_wconf 56' lang='lat' dir='ltr'>pars</span> <span class='ocrx_word' id='word_1_488' title='bbox 1133 5575 1247 5626; x_wconf 74' lang='lat' dir='ltr'>rpss.</span> <span class='ocrx_word' id='word_1_489' title='bbox 1288 5563 1574 5626; x_wconf 76' lang='grc' dir='ltr'>ἀκούσωμεν</span> <span class='ocrx_word' id='word_1_490' title='bbox 1596 5564 1641 5612; x_wconf 90' lang='grc' dir='ltr'>τί</span> <span class='ocrx_word' id='word_1_491' title='bbox 1661 5564 1991 5626; x_wconf 82' lang='grc' dir='ltr'>διαλεγόμενος</span> <span class='ocrx_word' id='word_1_492' title='bbox 2030 5567 2058 5613; x_wconf 86' lang='lat'>6</span> 
     </span>
    </p>
   </div>
   <div class='ocr_carea' id='block_1_54' title="bbox 379 5618 2059 5695">
    <p class='ocr_par' dir='ltr' id='par_1_54' title="bbox 379 5618 2059 5695">
     <span class='ocr_line' id='line_1_54' title="bbox 379 5618 2059 5695; baseline 0.006 -31"><span class='ocrx_word' id='word_1_493' title='bbox 379 5618 576 5695; x_wconf 59' lang='grc' dir='ltr'>ξῐαῦλρς</span> <span class='ocrx_word' id='word_1_494' title='bbox 598 5621 858 5695; x_wconf 55' lang='grc' dir='ltr'>Κορινθίοις</span> <span class='ocrx_word' id='word_1_495' title='bbox 878 5618 1011 5695; x_wconf 48' lang='lat' dir='ltr'>mag:</span> <span class='ocrx_word' id='word_1_496' title='bbox 1035 5624 1094 5695; x_wconf 63' lang='grc' dir='ltr'>Τί</span> <span class='ocrx_word' id='word_1_497' title='bbox 1117 5623 1199 5695; x_wconf 62' lang='grc' dir='ltr'>οῦν</span> <span class='ocrx_word' id='word_1_498' title='bbox 1221 5640 1337 5687; x_wconf 85' lang='grc' dir='ltr'>φησι</span> <span class='ocrx_word' id='word_1_499' title='bbox 1352 5642 1366 5695; x_wconf 68' lang='grc' dir='ltr'>ξ</span> <span class='ocrx_word' id='word_1_500' title='bbox 1380 5625 1462 5695; x_wconf 51' lang='grc' dir='ltr'>Τίς</span> <span class='ocrx_word' id='word_1_501' title='bbox 1482 5618 1574 5695; x_wconf 61' lang='grc' dir='ltr'>γάρ</span> <span class='ocrx_word' id='word_1_502' title='bbox 1593 5626 1707 5695; x_wconf 64' lang='grc' dir='ltr'>οἶδε.</span> <span class='ocrx_word' id='word_1_503' title='bbox 1737 5618 1913 5695; x_wconf 54' lang='grc' dir='ltr'>διρτέι.</span> <span class='ocrx_word' id='word_1_504' title='bbox 1939 5618 2059 5695; x_wconf 75' lang='lat' dir='ltr'>vérp</span> 
     </span>
    </p>
   </div>
   <div class='ocr_carea' id='block_1_55' title="bbox 380 5680 2056 5751">
    <p class='ocr_par' dir='ltr' id='par_1_55' title="bbox 380 5680 2056 5751">
     <span class='ocr_line' id='line_1_55' title="bbox 380 5680 2056 5751; baseline 0.006 -25"><span class='ocrx_word' id='word_1_505' title='bbox 380 5680 903 5751; x_wconf 42' lang='lat' dir='ltr'>imampgy&#39;tijzaﬁ</span> <span class='ocrx_word' id='word_1_506' title='bbox 928 5684 1030 5751; x_wconf 75' lang='grc' dir='ltr'>οἶδε</span> <span class='ocrx_word' id='word_1_507' title='bbox 1070 5680 1372 5751; x_wconf 51' lang='grc' dir='ltr'>λεγόμενονλό</span> <span class='ocrx_word' id='word_1_508' title='bbox 1404 5680 1594 5751; x_wconf 76' lang='grc' dir='ltr'>Παῦλος</span> <span class='ocrx_word' id='word_1_509' title='bbox 1632 5687 1893 5749; x_wconf 80' lang='grc' dir='ltr'>Κορ-νθίοις</span> <span class='ocrx_word' id='word_1_510' title='bbox 1924 5687 2056 5751; x_wconf 68' lang='grc' dir='ltr'>φησί·</span> 
     </span>
    </p>
   </div>
   <div class='ocr_carea' id='block_1_56' title="bbox 380 5740 2054 5808">
    <p class='ocr_par' dir='ltr' id='par_1_56' title="bbox 380 5740 2054 5808">
     <span class='ocr_line' id='line_1_56' title="bbox 380 5740 2054 5808; baseline 0.009 -24"><span class='ocrx_word' id='word_1_511' title='bbox 380 5740 465 5808; x_wconf 73' lang='grc' dir='ltr'>Τίς</span> <span class='ocrx_word' id='word_1_512' title='bbox 482 5740 574 5808; x_wconf 69' lang='grc' dir='ltr'>γάρ</span> <span class='ocrx_word' id='word_1_513' title='bbox 590 5740 706 5788; x_wconf 71' lang='grc' dir='ltr'>οἶδε.</span> <span class='ocrx_word' id='word_1_514' title='bbox 721 5740 1194 5808; x_wconf 55' lang='grc' dir='ltr'>βενὶιίἰσςτῖρῑιιι-έιιὶ</span> <span class='ocrx_word' id='word_1_515' title='bbox 1220 5746 1364 5794; x_wconf 81' lang='lat' dir='ltr'>nobis</span> <span class='ocrx_word' id='word_1_516' title='bbox 1384 5740 1607 5808; x_wconf 65' lang='grc' dir='ltr'>νεώρει-ε</span> <span class='ocrx_word' id='word_1_517' title='bbox 1631 5740 1783 5796; x_wconf 78' lang='grc' dir='ltr'>νιείιιη</span> <span class='ocrx_word' id='word_1_518' title='bbox 1807 5740 1898 5800; x_wconf 61' lang='grc' dir='ltr'>εει.</span> <span class='ocrx_word' id='word_1_519' title='bbox 1923 5740 2054 5799; x_wconf 74' lang='grc' dir='ltr'>Εοιτ.</span> 
     </span>
    </p>
   </div>
   <div class='ocr_carea' id='block_1_57' title="bbox 446 5799 2053 5870">
    <p class='ocr_par' dir='ltr' id='par_1_57' title="bbox 446 5799 2053 5870">
     <span class='ocr_line' id='line_1_57' title="bbox 446 5799 2053 5870; baseline 0.005 -19"><span class='ocrx_word' id='word_1_520' title='bbox 446 5799 478 5843; x_wconf 71' lang='lat' dir='ltr'><strong><em>b</em></strong></span> <span class='ocrx_word' id='word_1_521' title='bbox 498 5799 635 5863; x_wconf 60' lang='lat' dir='ltr'>Hac,</span> <span class='ocrx_word' id='word_1_522' title='bbox 655 5803 737 5850; x_wconf 79' lang='grc' dir='ltr'>καὶ</span> <span class='ocrx_word' id='word_1_523' title='bbox 759 5799 1054 5870; x_wconf 68' lang='grc' dir='ltr'>ἀκραιφνοῦς,</span> <span class='ocrx_word' id='word_1_524' title='bbox 1067 5806 1118 5855; x_wconf 85' lang='lat' dir='ltr'><strong>in</strong></span> <span class='ocrx_word' id='word_1_525' title='bbox 1142 5807 1325 5857; x_wconf 78' lang='lat' dir='ltr'>Savilio</span> <span class='ocrx_word' id='word_1_526' title='bbox 1348 5813 1399 5857; x_wconf 82' lang='grc' dir='ltr'>ει</span> <span class='ocrx_word' id='word_1_527' title='bbox 1417 5809 1466 5858; x_wconf 79' lang='lat' dir='ltr'><strong>in</strong></span> <span class='ocrx_word' id='word_1_528' title='bbox 1489 5799 1716 5870; x_wconf 72' lang='lat' dir='ltr'>&#39;plurimis</span> <span class='ocrx_word' id='word_1_529' title='bbox 1736 5810 1845 5859; x_wconf 60' lang='lat' dir='ltr'>aliis</span> <span class='ocrx_word' id='word_1_530' title='bbox 1856 5799 2053 5864; x_wconf 76' lang='lat' dir='ltr'>desunt.</span> 
     </span>
    </p>
   </div>
   <div class='ocr_carea' id='block_1_58' title="bbox 1160 337 3029 403">
    <p class='ocr_par' dir='ltr' id='par_1_58' title="bbox 1160 337 3029 403">
     <span class='ocr_line' id='line_1_58' title="bbox 1160 337 3029 403; baseline 0.004 -8"><span class='ocrx_word' id='word_1_531' title='bbox 1160 338 1219 395; x_wconf 77' lang='grc' dir='ltr'>ε.</span> <span class='ocrx_word' id='word_1_532' title='bbox 1260 337 1544 395; x_wconf 72' lang='lat' dir='ltr'>JOANNIS</span> <span class='ocrx_word' id='word_1_533' title='bbox 1582 338 2071 396; x_wconf 70' lang='lat' dir='ltr'>CIIRYSOSTOW</span> <span class='ocrx_word' id='word_1_534' title='bbox 2112 342 2414 400; x_wconf 77' lang='lat' dir='ltr'>ARCHIEP</span> <span class='ocrx_word' id='word_1_535' title='bbox 2477 342 3029 403; x_wconf 71' lang='lat' dir='ltr'>CONSTANTINOP.</span> 
     </span>
    </p>
   </div>
   <div class='ocr_carea' id='block_1_59' title="bbox 3736 352 3845 410">
    <p class='ocr_par' dir='ltr' id='par_1_59' title="bbox 3736 352 3845 410">
     <span class='ocr_line' id='line_1_59' title="bbox 3736 352 3845 410; baseline 0.028 -3"><span class='ocrx_word' id='word_1_536' title='bbox 3736 352 3845 410; x_wconf 75' lang='lat'>738</span> 
     </span>
    </p>
   </div>
   <div class='ocr_carea' id='block_1_60' title="bbox 2159 462 3857 538">
    <p class='ocr_par' dir='ltr' id='par_1_60' title="bbox 2159 462 3857 538">
     <span class='ocr_line' id='line_1_60' title="bbox 2159 462 3857 538; baseline 0.005 -23"><span class='ocrx_word' id='word_1_537' title='bbox 2159 462 2256 534; x_wconf 79' lang='grc' dir='ltr'>τῆς</span> <span class='ocrx_word' id='word_1_538' title='bbox 2280 463 2379 531; x_wconf 80' lang='grc' dir='ltr'>τῆς</span> <span class='ocrx_word' id='word_1_539' title='bbox 2415 464 2725 535; x_wconf 77' lang='grc' dir='ltr'>προσθήκης</span> <span class='ocrx_word' id='word_1_540' title='bbox 2743 463 2919 535; x_wconf 78' lang='grc' dir='ltr'>δῆλον.</span> <span class='ocrx_word' id='word_1_541' title='bbox 2961 464 3026 517; x_wconf 79' lang='grc' dir='ltr'>ΕΞ</span> <span class='ocrx_word' id='word_1_542' title='bbox 3066 463 3174 534; x_wconf 75' lang='grc' dir='ltr'>γὰρ</span> <span class='ocrx_word' id='word_1_543' title='bbox 3212 464 3271 517; x_wconf 80' lang='grc' dir='ltr'>τὸ</span> <span class='ocrx_word' id='word_1_544' title='bbox 3311 465 3455 529; x_wconf 84' lang='grc' dir='ltr'>Θεὸς</span> <span class='ocrx_word' id='word_1_545' title='bbox 3489 465 3660 538; x_wconf 75' lang='grc' dir='ltr'>ὄνομα</span> <span class='ocrx_word' id='word_1_546' title='bbox 3688 467 3857 523; x_wconf 73' lang='grc' dir='ltr'>τοῦτο</span> 
     </span>
    </p>
   </div>
   <div class='ocr_carea' id='block_1_61' title="bbox 2156 549 3855 627">
    <p class='ocr_par' dir='ltr' id='par_1_61' title="bbox 2156 549 3855 627">
     <span class='ocr_line' id='line_1_61' title="bbox 2156 549 3855 627; baseline 0.005 -23"><span class='ocrx_word' id='word_1_547' title='bbox 2156 553 2250 605; x_wconf 85' lang='grc' dir='ltr'>τοῦ</span> <span class='ocrx_word' id='word_1_548' title='bbox 2295 552 2507 623; x_wconf 75' lang='lat' dir='ltr'>Ila-:96;</span> <span class='ocrx_word' id='word_1_549' title='bbox 2545 554 2703 622; x_wconf 73' lang='grc' dir='ltr'>μόνον</span> <span class='ocrx_word' id='word_1_550' title='bbox 2761 549 2850 624; x_wconf 79' lang='grc' dir='ltr'>ἦν,</span> <span class='ocrx_word' id='word_1_551' title='bbox 2898 553 2994 605; x_wconf 76' lang='grc' dir='ltr'>καὶ</span> <span class='ocrx_word' id='word_1_552' title='bbox 3043 552 3209 624; x_wconf 81' lang='grc' dir='ltr'>ἄλλην</span> <span class='ocrx_word' id='word_1_553' title='bbox 3246 553 3346 607; x_wconf 87' lang='grc' dir='ltr'>οὐκ</span> <span class='ocrx_word' id='word_1_554' title='bbox 3388 554 3619 623; x_wconf 73' lang='grc' dir='ltr'>ἠδύνατο</span> <span class='ocrx_word' id='word_1_555' title='bbox 3649 556 3855 627; x_wconf 78' lang='grc' dir='ltr'>δηλοῦν</span> 
     </span>
    </p>
   </div>
   <div class='ocr_carea' id='block_1_62' title="bbox 2158 641 3850 714">
    <p class='ocr_par' dir='ltr' id='par_1_62' title="bbox 2158 641 3850 714">
     <span class='ocr_line' id='line_1_62' title="bbox 2158 641 3850 714; baseline 0.004 -21"><span class='ocrx_word' id='word_1_556' title='bbox 2158 642 2289 712; x_wconf 86' lang='grc' dir='ltr'>ἡμῖν</span> <span class='ocrx_word' id='word_1_557' title='bbox 2332 641 2649 706; x_wconf 81' lang='grc' dir='ltr'>ὑπόστασιν,</span> <span class='ocrx_word' id='word_1_558' title='bbox 2695 642 2807 694; x_wconf 80' lang='grc' dir='ltr'>ἀλλ’</span> <span class='ocrx_word' id='word_1_559' title='bbox 2849 641 3066 711; x_wconf 87' lang='grc' dir='ltr'>ἐκείνην</span> <span class='ocrx_word' id='word_1_560' title='bbox 3098 641 3268 711; x_wconf 76' lang='grc' dir='ltr'>μόνην</span> <span class='ocrx_word' id='word_1_561' title='bbox 3301 641 3401 713; x_wconf 80' lang='grc' dir='ltr'>τὴν</span> <span class='ocrx_word' id='word_1_562' title='bbox 3424 641 3726 714; x_wconf 81' lang='grc' dir='ltr'>ἀγέννητον</span> <span class='ocrx_word' id='word_1_563' title='bbox 3749 646 3850 699; x_wconf 77' lang='grc' dir='ltr'>καὶ</span> 
     </span>
    </p>
   </div>
   <div class='ocr_carea' id='block_1_63' title="bbox 2158 730 3851 804">
    <p class='ocr_par' dir='ltr' id='par_1_63' title="bbox 2158 730 3851 804">
     <span class='ocr_line' id='line_1_63' title="bbox 2158 730 3851 804; baseline 0.002 -19"><span class='ocrx_word' id='word_1_564' title='bbox 2158 730 2405 802; x_wconf 81' lang='grc' dir='ltr'>πρώτην,</span> <span class='ocrx_word' id='word_1_565' title='bbox 2461 732 2537 796; x_wconf 85' lang='grc' dir='ltr'>ὡς</span> <span class='ocrx_word' id='word_1_566' title='bbox 2594 732 2724 785; x_wconf 76' lang='grc' dir='ltr'>ἴδιον</span> <span class='ocrx_word' id='word_1_567' title='bbox 2778 733 2952 801; x_wconf 80' lang='grc' dir='ltr'>αὐτῆς</span> <span class='ocrx_word' id='word_1_568' title='bbox 3001 734 3171 803; x_wconf 75' lang='grc' dir='ltr'>μόνης</span> <span class='ocrx_word' id='word_1_569' title='bbox 3214 731 3273 784; x_wconf 80' lang='grc' dir='ltr'>ὃν</span> <span class='ocrx_word' id='word_1_570' title='bbox 3312 734 3405 785; x_wconf 74' lang='grc' dir='ltr'>καὶ</span> <span class='ocrx_word' id='word_1_571' title='bbox 3459 736 3851 804; x_wconf 79' lang='grc' dir='ltr'>γνωριστικὸν,</span> 
     </span>
    </p>
   </div>
   <div class='ocr_carea' id='block_1_64' title="bbox 2161 820 3851 893">
    <p class='ocr_par' dir='ltr' id='par_1_64' title="bbox 2161 820 3851 893">
     <span class='ocr_line' id='line_1_64' title="bbox 2161 820 3851 893; baseline 0.001 -20"><span class='ocrx_word' id='word_1_572' title='bbox 2161 820 2495 892; x_wconf 86' lang='grc' dir='ltr'>περιττῶςή</span> <span class='ocrx_word' id='word_1_573' title='bbox 2537 820 2631 873; x_wconf 91' lang='grc' dir='ltr'>τοῦ</span> <span class='ocrx_word' id='word_1_574' title='bbox 2671 821 2885 892; x_wconf 87' lang='grc' dir='ltr'>Πατρὸς</span> <span class='ocrx_word' id='word_1_575' title='bbox 2928 823 3105 873; x_wconf 87' lang='grc' dir='ltr'>κεῖται</span> <span class='ocrx_word' id='word_1_576' title='bbox 3160 820 3481 891; x_wconf 83' lang='grc' dir='ltr'>προσθήκη·</span> <span class='ocrx_word' id='word_1_577' title='bbox 3525 822 3692 891; x_wconf 68' lang='grc' dir='ltr'>ἢρκει</span> <span class='ocrx_word' id='word_1_578' title='bbox 3737 822 3851 893; x_wconf 84' lang='grc' dir='ltr'>γάρ</span> 
     </span>
    </p>
   </div>
   <div class='ocr_carea' id='block_1_65' title="bbox 2160 904 3852 979">
    <p class='ocr_par' dir='ltr' id='par_1_65' title="bbox 2160 904 3852 979">
     <span class='ocr_line' id='line_1_65' title="bbox 2160 904 3852 979; baseline 0 -18"><span class='ocrx_word' id='word_1_579' title='bbox 2160 910 2332 962; x_wconf 87' lang='grc' dir='ltr'>εἰπεῖν</span> <span class='ocrx_word' id='word_1_580' title='bbox 2367 904 2472 973; x_wconf 77' lang='grc' dir='ltr'>Εἷς</span> <span class='ocrx_word' id='word_1_581' title='bbox 2501 908 2666 974; x_wconf 86' lang='grc' dir='ltr'>Θεὸς,</span> <span class='ocrx_word' id='word_1_582' title='bbox 2719 908 2812 961; x_wconf 70' lang='grc' dir='ltr'>καὶ</span> <span class='ocrx_word' id='word_1_583' title='bbox 2845 908 3215 978; x_wconf 73' lang='grc' dir='ltr'>ἐγνωρίζομεν</span> <span class='ocrx_word' id='word_1_584' title='bbox 3246 908 3331 971; x_wconf 90' lang='grc' dir='ltr'>τίς</span> <span class='ocrx_word' id='word_1_585' title='bbox 3360 904 3427 979; x_wconf 78' lang='grc' dir='ltr'>ἦν</span> <span class='ocrx_word' id='word_1_586' title='bbox 3460 909 3489 960; x_wconf 90' lang='lat'>6</span> <span class='ocrx_word' id='word_1_587' title='bbox 3515 908 3819 977; x_wconf 82' lang='grc' dir='ltr'>λεγόμενος</span> <span class='ocrx_word' id='word_1_588' title='bbox 3838 927 3852 941; x_wconf 89' lang='grc'><strong>·</strong></span> 
     </span>
    </p>
   </div>
   <div class='ocr_carea' id='block_1_66' title="bbox 2159 996 3850 1068">
    <p class='ocr_par' dir='ltr' id='par_1_66' title="bbox 2159 996 3850 1068">
     <span class='ocr_line' id='line_1_66' title="bbox 2159 996 3850 1068; baseline 0.002 -19"><span class='ocrx_word' id='word_1_589' title='bbox 2159 996 2273 1049; x_wconf 84' lang='grc' dir='ltr'>ἀλλ’</span> <span class='ocrx_word' id='word_1_590' title='bbox 2314 997 2503 1068; x_wconf 83' lang='grc' dir='ltr'>ἐπειδὴ</span> <span class='ocrx_word' id='word_1_591' title='bbox 2525 998 2586 1050; x_wconf 85' lang='grc' dir='ltr'>τὸ</span> <span class='ocrx_word' id='word_1_592' title='bbox 2610 996 2739 1060; x_wconf 84' lang='grc' dir='ltr'>Θεὸς</span> <span class='ocrx_word' id='word_1_593' title='bbox 2771 996 2943 1065; x_wconf 79' lang='grc' dir='ltr'>θνομα</span> <span class='ocrx_word' id='word_1_594' title='bbox 2985 997 3161 1050; x_wconf 89' lang='grc' dir='ltr'>κοινὸν</span> <span class='ocrx_word' id='word_1_595' title='bbox 3190 996 3405 1068; x_wconf 84' lang='grc' dir='ltr'>Πατρὸς</span> <span class='ocrx_word' id='word_1_596' title='bbox 3428 998 3521 1051; x_wconf 81' lang='grc' dir='ltr'>καὶ</span> <span class='ocrx_word' id='word_1_597' title='bbox 3554 997 3714 1063; x_wconf 84' lang='grc' dir='ltr'>Υίοῦ,</span> <span class='ocrx_word' id='word_1_598' title='bbox 3748 1000 3850 1053; x_wconf 59' lang='grc' dir='ltr'>καὶ⁵</span> 
     </span>
    </p>
   </div>
   <div class='ocr_carea' id='block_1_67' title="bbox 2160 1081 3853 1155">
    <p class='ocr_par' dir='ltr' id='par_1_67' title="bbox 2160 1081 3853 1155">
     <span class='ocr_line' id='line_1_67' title="bbox 2160 1081 3853 1155; baseline 0.002 -18"><span class='ocrx_word' id='word_1_599' title='bbox 2160 1083 2331 1138; x_wconf 77' lang='grc' dir='ltr'>εἰπὼν</span> <span class='ocrx_word' id='word_1_600' title='bbox 2370 1081 2474 1151; x_wconf 78' lang='grc' dir='ltr'>Εἷς</span> <span class='ocrx_word' id='word_1_601' title='bbox 2510 1084 2674 1150; x_wconf 85' lang='grc' dir='ltr'>Θεὸς.</span> <span class='ocrx_word' id='word_1_602' title='bbox 2703 1085 2803 1137; x_wconf 88' lang='grc' dir='ltr'>οὐκ</span> <span class='ocrx_word' id='word_1_603' title='bbox 2833 1084 3023 1155; x_wconf 82' lang='grc' dir='ltr'>ἐδήλου</span> <span class='ocrx_word' id='word_1_604' title='bbox 3054 1084 3177 1138; x_wconf 85' lang='grc' dir='ltr'>τίνα</span> <span class='ocrx_word' id='word_1_605' title='bbox 3226 1084 3392 1153; x_wconf 71' lang='grc' dir='ltr'>φησὶν</span> <span class='ocrx_word' id='word_1_606' title='bbox 3420 1085 3449 1137; x_wconf 93' lang='lat'>6</span> <span class='ocrx_word' id='word_1_607' title='bbox 3486 1084 3723 1148; x_wconf 89' lang='grc' dir='ltr'>Παῦλος,</span> <span class='ocrx_word' id='word_1_608' title='bbox 3759 1086 3853 1141; x_wconf 76' lang='grc' dir='ltr'>διὰ</span> 
     </span>
    </p>
   </div>
   <div class='ocr_carea' id='block_1_68' title="bbox 2160 1170 3852 1245">
    <p class='ocr_par' dir='ltr' id='par_1_68' title="bbox 2160 1170 3852 1245">
     <span class='ocr_line' id='line_1_68' title="bbox 2160 1170 3852 1245; baseline 0 -19"><span class='ocrx_word' id='word_1_609' title='bbox 2160 1172 2317 1227; x_wconf 81' lang='grc' dir='ltr'>τοῦτο</span> <span class='ocrx_word' id='word_1_610' title='bbox 2338 1172 2531 1244; x_wconf 81' lang='grc' dir='ltr'>ἐδεήθη</span> <span class='ocrx_word' id='word_1_611' title='bbox 2587 1174 2685 1244; x_wconf 81' lang='grc' dir='ltr'>τῆς</span> <span class='ocrx_word' id='word_1_612' title='bbox 2713 1171 2807 1225; x_wconf 87' lang='grc' dir='ltr'>τοῦ</span> <span class='ocrx_word' id='word_1_613' title='bbox 2839 1171 3055 1242; x_wconf 83' lang='grc' dir='ltr'>ῐῐατρὸς</span> <span class='ocrx_word' id='word_1_614' title='bbox 3102 1170 3443 1243; x_wconf 76' lang='grc' dir='ltr'>προσθήκης,</span> <span class='ocrx_word' id='word_1_615' title='bbox 3477 1172 3566 1226; x_wconf 88' lang='grc' dir='ltr'>ῖνα</span> <span class='ocrx_word' id='word_1_616' title='bbox 3605 1172 3852 1245; x_wconf 77' lang='grc' dir='ltr'>δηλώσῃ,</span> 
     </span>
    </p>
   </div>
   <div class='ocr_carea' id='block_1_69' title="bbox 2159 1259 3848 1332">
    <p class='ocr_par' dir='ltr' id='par_1_69' title="bbox 2159 1259 3848 1332">
     <span class='ocr_line' id='line_1_69' title="bbox 2159 1259 3848 1332; baseline -0.001 -17"><span class='ocrx_word' id='word_1_617' title='bbox 2159 1263 2241 1315; x_wconf 80' lang='grc' dir='ltr'>ὅτι</span> <span class='ocrx_word' id='word_1_618' title='bbox 2267 1263 2398 1332; x_wconf 87' lang='grc' dir='ltr'>περί</span> <span class='ocrx_word' id='word_1_619' title='bbox 2435 1263 2535 1332; x_wconf 86' lang='grc' dir='ltr'>τῆς</span> <span class='ocrx_word' id='word_1_620' title='bbox 2577 1260 2803 1330; x_wconf 82' lang='grc' dir='ltr'>πρώτης</span> <span class='ocrx_word' id='word_1_621' title='bbox 2835 1259 3188 1322; x_wconf 83' lang='grc' dir='ltr'>ὑποστάσεως</span> <span class='ocrx_word' id='word_1_622' title='bbox 3217 1260 3313 1311; x_wconf 69' lang='grc' dir='ltr'>καὶ</span> <span class='ocrx_word' id='word_1_623' title='bbox 3350 1260 3655 1331; x_wconf 84' lang='grc' dir='ltr'>άγεννήτου</span> <span class='ocrx_word' id='word_1_624' title='bbox 3676 1262 3848 1329; x_wconf 80' lang='grc' dir='ltr'>λέγει,</span> 
     </span>
    </p>
   </div>
   <div class='ocr_carea' id='block_1_70' title="bbox 2159 1342 3851 1416">
    <p class='ocr_par' dir='ltr' id='par_1_70' title="bbox 2159 1342 3851 1416">
     <span class='ocr_line' id='line_1_70' title="bbox 2159 1342 3851 1416; baseline 0.001 -18"><span class='ocrx_word' id='word_1_625' title='bbox 2159 1345 2233 1407; x_wconf 85' lang='grc' dir='ltr'>ὼς</span> <span class='ocrx_word' id='word_1_626' title='bbox 2262 1346 2362 1398; x_wconf 90' lang='grc' dir='ltr'>οὐκ</span> <span class='ocrx_word' id='word_1_627' title='bbox 2393 1345 2671 1416; x_wconf 86' lang='grc' dir='ltr'>ἀρκούσης</span> <span class='ocrx_word' id='word_1_628' title='bbox 2714 1346 2812 1415; x_wconf 82' lang='grc' dir='ltr'>τῆς</span> <span class='ocrx_word' id='word_1_629' title='bbox 2846 1343 2942 1396; x_wconf 90' lang='grc' dir='ltr'>τοῦ</span> <span class='ocrx_word' id='word_1_630' title='bbox 2981 1342 3114 1395; x_wconf 87' lang='grc' dir='ltr'>Θεοῦ</span> <span class='ocrx_word' id='word_1_631' title='bbox 3157 1343 3531 1414; x_wconf 82' lang='grc' dir='ltr'>προσηγορίας</span> <span class='ocrx_word' id='word_1_632' title='bbox 3565 1344 3739 1416; x_wconf 84' lang='grc' dir='ltr'>αὐτὴν</span> <span class='ocrx_word' id='word_1_633' title='bbox 3770 1347 3851 1399; x_wconf 82' lang='grc' dir='ltr'>ἐν-</span> 
     </span>
    </p>
   </div>
   <div class='ocr_carea' id='block_1_71' title="bbox 2160 1429 3850 1502">
    <p class='ocr_par' dir='ltr' id='par_1_71' title="bbox 2160 1429 3850 1502">
     <span class='ocr_line' id='line_1_71' title="bbox 2160 1429 3850 1502; baseline -0.001 -15"><span class='ocrx_word' id='word_1_634' title='bbox 2160 1432 2455 1499; x_wconf 79' lang='grc' dir='ltr'>δείξασθαι,</span> <span class='ocrx_word' id='word_1_635' title='bbox 2485 1433 2675 1502; x_wconf 78' lang='grc' dir='ltr'>ἐπειδὴ</span> <span class='ocrx_word' id='word_1_636' title='bbox 2704 1430 2884 1485; x_wconf 89' lang='grc' dir='ltr'>κοινὸν</span> <span class='ocrx_word' id='word_1_637' title='bbox 2916 1429 3075 1483; x_wconf 86' lang='grc' dir='ltr'>τοῦτο</span> <span class='ocrx_word' id='word_1_638' title='bbox 3096 1429 3243 1500; x_wconf 83' lang='grc' dir='ltr'>αὐτῷ</span> <span class='ocrx_word' id='word_1_639' title='bbox 3268 1430 3404 1501; x_wconf 87' lang='grc' dir='ltr'>πρὸς</span> <span class='ocrx_word' id='word_1_640' title='bbox 3430 1430 3524 1484; x_wconf 87' lang='grc' dir='ltr'>τὸν</span> <span class='ocrx_word' id='word_1_641' title='bbox 3547 1430 3699 1485; x_wconf 84' lang='grc' dir='ltr'>Υἰόν.</span> <span class='ocrx_word' id='word_1_642' title='bbox 3724 1432 3850 1486; x_wconf 86' lang='grc' dir='ltr'>Τῶν</span> 
     </span>
    </p>
   </div>
   <div class='ocr_carea' id='block_1_72' title="bbox 2160 1517 3849 1595">
    <p class='ocr_par' dir='ltr' id='par_1_72' title="bbox 2160 1517 3849 1595">
     <span class='ocr_line' id='line_1_72' title="bbox 2160 1517 3849 1595; baseline -0.002 -20"><span class='ocrx_word' id='word_1_643' title='bbox 2160 1524 2268 1595; x_wconf 83' lang='grc' dir='ltr'>γάρ</span> <span class='ocrx_word' id='word_1_644' title='bbox 2310 1521 2595 1592; x_wconf 84' lang='grc' dir='ltr'>ὀνομάτων</span> <span class='ocrx_word' id='word_1_645' title='bbox 2614 1520 2682 1573; x_wconf 80' lang='grc' dir='ltr'>τὰ</span> <span class='ocrx_word' id='word_1_646' title='bbox 2712 1520 2810 1590; x_wconf 88' lang='grc' dir='ltr'>μέν</span> <span class='ocrx_word' id='word_1_647' title='bbox 2839 1520 2955 1571; x_wconf 83' lang='grc' dir='ltr'>ἐστι</span> <span class='ocrx_word' id='word_1_648' title='bbox 2978 1518 3156 1576; x_wconf 85' lang='grc' dir='ltr'>κοινὰ.</span> <span class='ocrx_word' id='word_1_649' title='bbox 3180 1518 3248 1571; x_wconf 72' lang='grc' dir='ltr'>τά</span> <span class='ocrx_word' id='word_1_650' title='bbox 3268 1517 3326 1572; x_wconf 83' lang='grc' dir='ltr'>δέ</span> <span class='ocrx_word' id='word_1_651' title='bbox 3358 1518 3465 1571; x_wconf 75' lang='grc' dir='ltr'>ἴδια</span> <span class='ocrx_word' id='word_1_652' title='bbox 3483 1536 3496 1550; x_wconf 66' lang='grc' dir='ltr'><em>υ</em></span> <span class='ocrx_word' id='word_1_653' title='bbox 3528 1520 3687 1575; x_wconf 84' lang='grc' dir='ltr'>κοινά</span> <span class='ocrx_word' id='word_1_654' title='bbox 3722 1520 3849 1591; x_wconf 80' lang='grc' dir='ltr'>μὲν,</span> 
     </span>
    </p>
   </div>
   <div class='ocr_carea' id='block_1_73' title="bbox 2162 1605 3854 1680">
    <p class='ocr_par' dir='ltr' id='par_1_73' title="bbox 2162 1605 3854 1680">
     <span class='ocr_line' id='line_1_73' title="bbox 2162 1605 3854 1680; baseline 0 -19"><span class='ocrx_word' id='word_1_655' title='bbox 2162 1609 2249 1663; x_wconf 75' lang='grc' dir='ltr'>ἵνα</span> <span class='ocrx_word' id='word_1_656' title='bbox 2281 1609 2342 1662; x_wconf 82' lang='grc' dir='ltr'>τὸ</span> <span class='ocrx_word' id='word_1_657' title='bbox 2365 1607 2784 1679; x_wconf 80' lang='grc' dir='ltr'>ἀπαράλλακτον</span> <span class='ocrx_word' id='word_1_658' title='bbox 2819 1606 2969 1678; x_wconf 80' lang='grc' dir='ltr'>δείξῃ</span> <span class='ocrx_word' id='word_1_659' title='bbox 3011 1606 3109 1676; x_wconf 82' lang='grc' dir='ltr'>τῆς</span> <span class='ocrx_word' id='word_1_660' title='bbox 3139 1605 3348 1671; x_wconf 79' lang='grc' dir='ltr'>οὐσίας,</span> <span class='ocrx_word' id='word_1_661' title='bbox 3379 1605 3488 1660; x_wconf 79' lang='grc' dir='ltr'>ἴδια</span> <span class='ocrx_word' id='word_1_662' title='bbox 3525 1605 3605 1672; x_wconf 82' lang='grc' dir='ltr'>δὲ,</span> <span class='ocrx_word' id='word_1_663' title='bbox 3634 1607 3724 1661; x_wconf 79' lang='grc' dir='ltr'>ενα</span> <span class='ocrx_word' id='word_1_664' title='bbox 3750 1608 3854 1680; x_wconf 80' lang='grc' dir='ltr'>τὴν</span> 
     </span>
    </p>
   </div>
   <div class='ocr_carea' id='block_1_74' title="bbox 2164 1695 3346 1771">
    <p class='ocr_par' dir='ltr' id='par_1_74' title="bbox 2164 1695 3346 1771">
     <span class='ocr_line' id='line_1_74' title="bbox 2164 1695 3346 1771; baseline -0.001 -19"><span class='ocrx_word' id='word_1_665' title='bbox 2164 1699 2401 1771; x_wconf 68' lang='grc' dir='ltr'>ίδιάτητα</span> <span class='ocrx_word' id='word_1_666' title='bbox 2423 1697 2808 1770; x_wconf 80' lang='grc' dir='ltr'>χαρακτηρίσῃ</span> <span class='ocrx_word' id='word_1_667' title='bbox 2833 1695 2943 1749; x_wconf 89' lang='grc' dir='ltr'>τῶν</span> <span class='ocrx_word' id='word_1_668' title='bbox 2969 1695 3346 1752; x_wconf 82' lang='grc' dir='ltr'>ὐποστάσεων.</span> 
     </span>
    </p>
   </div>
   <div class='ocr_carea' id='block_1_75' title="bbox 2231 1885 3849 1963">
    <p class='ocr_par' dir='ltr' id='par_1_75' title="bbox 2231 1885 3849 1963">
     <span class='ocr_line' id='line_1_75' title="bbox 2231 1885 3849 1963; baseline 0.002 -18"><span class='ocrx_word' id='word_1_669' title='bbox 2231 1892 2305 1946; x_wconf 89' lang='grc' dir='ltr'>Τὸ</span> <span class='ocrx_word' id='word_1_670' title='bbox 2333 1891 2433 1963; x_wconf 81' lang='grc' dir='ltr'>μὲν</span> <span class='ocrx_word' id='word_1_671' title='bbox 2453 1885 2546 1946; x_wconf 82' lang='grc' dir='ltr'>οῦν</span> <span class='ocrx_word' id='word_1_672' title='bbox 2573 1890 2764 1963; x_wconf 79' lang='grc' dir='ltr'>Πατὴρ</span> <span class='ocrx_word' id='word_1_673' title='bbox 2806 1891 2901 1944; x_wconf 73' lang='grc' dir='ltr'>καὶ</span> <span class='ocrx_word' id='word_1_674' title='bbox 2947 1889 3098 1955; x_wconf 76' lang='grc' dir='ltr'>Υἱὸς,</span> <span class='ocrx_word' id='word_1_675' title='bbox 3153 1889 3285 1945; x_wconf 81' lang='grc' dir='ltr'>ῖδιον</span> <span class='ocrx_word' id='word_1_676' title='bbox 3329 1892 3569 1963; x_wconf 77' lang='grc' dir='ltr'>ἑκάστης</span> <span class='ocrx_word' id='word_1_677' title='bbox 3611 1892 3849 1948; x_wconf 63' lang='grc' dir='ltr'>ὑποστάς</span> 
     </span>
    </p>
   </div>
   <div class='ocr_carea' id='block_1_76' title="bbox 2165 1976 3848 2051">
    <p class='ocr_par' dir='ltr' id='par_1_76' title="bbox 2165 1976 3848 2051">
     <span class='ocr_line' id='line_1_76' title="bbox 2165 1976 3848 2051; baseline 0.001 -18"><span class='ocrx_word' id='word_1_678' title='bbox 2165 1998 2328 2044; x_wconf 89' lang='grc' dir='ltr'>σεως,</span> <span class='ocrx_word' id='word_1_679' title='bbox 2361 1981 2421 2034; x_wconf 90' lang='grc' dir='ltr'>τὸ</span> <span class='ocrx_word' id='word_1_680' title='bbox 2454 1979 2510 2033; x_wconf 81' lang='grc' dir='ltr'>δὲ</span> <span class='ocrx_word' id='word_1_681' title='bbox 2539 1979 2672 2043; x_wconf 83' lang='grc' dir='ltr'>Θεὸς</span> <span class='ocrx_word' id='word_1_682' title='bbox 2712 1980 2808 2033; x_wconf 83' lang='grc' dir='ltr'>καὶ</span> <span class='ocrx_word' id='word_1_683' title='bbox 2845 1978 3069 2051; x_wconf 87' lang='grc' dir='ltr'>Κύριος,</span> <span class='ocrx_word' id='word_1_684' title='bbox 3101 1979 3296 2034; x_wconf 75' lang='grc' dir='ltr'>κοινόν.</span> <span class='ocrx_word' id='word_1_685' title='bbox 3337 1980 3491 2033; x_wconf 73' lang='grc' dir='ltr'>Ἐπεὶ</span> <span class='ocrx_word' id='word_1_686' title='bbox 3517 1976 3611 2034; x_wconf 75' lang='grc' dir='ltr'>οὖν</span> <span class='ocrx_word' id='word_1_687' title='bbox 3634 1981 3848 2045; x_wconf 77' lang='grc' dir='ltr'>τέθεικε</span> 
     </span>
    </p>
   </div>
   <div class='ocr_carea' id='block_1_77' title="bbox 2159 2062 3849 2139">
    <p class='ocr_par' dir='ltr' id='par_1_77' title="bbox 2159 2062 3849 2139">
     <span class='ocr_line' id='line_1_77' title="bbox 2159 2062 3849 2139; baseline 0 -17"><span class='ocrx_word' id='word_1_688' title='bbox 2159 2068 2338 2122; x_wconf 86' lang='grc' dir='ltr'>κοινὸν</span> <span class='ocrx_word' id='word_1_689' title='bbox 2360 2068 2534 2139; x_wconf 73' lang='grc' dir='ltr'>ὄνομα</span> <span class='ocrx_word' id='word_1_690' title='bbox 2556 2067 2617 2120; x_wconf 89' lang='grc' dir='ltr'>τὸ</span> <span class='ocrx_word' id='word_1_691' title='bbox 2642 2062 2747 2133; x_wconf 79' lang='grc' dir='ltr'>Εἷς</span> <span class='ocrx_word' id='word_1_692' title='bbox 2769 2066 2935 2133; x_wconf 85' lang='grc' dir='ltr'>Θεὸς,</span> <span class='ocrx_word' id='word_1_693' title='bbox 2967 2066 3159 2138; x_wconf 83' lang='grc' dir='ltr'>ἐδεήθη</span> <span class='ocrx_word' id='word_1_694' title='bbox 3186 2067 3395 2120; x_wconf 75' lang='grc' dir='ltr'>καὶτοῦ</span> <span class='ocrx_word' id='word_1_695' title='bbox 3428 2068 3745 2135; x_wconf 82' lang='grc' dir='ltr'>ἰδιάζοντος,</span> <span class='ocrx_word' id='word_1_696' title='bbox 3766 2071 3849 2122; x_wconf 79' lang='grc' dir='ltr'>ἵνα</span> 
     </span>
    </p>
   </div>
   <div class='ocr_carea' id='block_1_78' title="bbox 2158 2155 3852 2229">
    <p class='ocr_par' dir='ltr' id='par_1_78' title="bbox 2158 2155 3852 2229">
     <span class='ocr_line' id='line_1_78' title="bbox 2158 2155 3852 2229; baseline 0 -20"><span class='ocrx_word' id='word_1_697' title='bbox 2158 2158 2435 2228; x_wconf 82' lang='grc' dir='ltr'>γνωρίσῃς</span> <span class='ocrx_word' id='word_1_698' title='bbox 2454 2156 2576 2210; x_wconf 88' lang='grc' dir='ltr'>τίνα</span> <span class='ocrx_word' id='word_1_699' title='bbox 2601 2156 2788 2227; x_wconf 78' lang='grc' dir='ltr'>φησὶν,</span> <span class='ocrx_word' id='word_1_700' title='bbox 2814 2155 2956 2210; x_wconf 82' lang='grc' dir='ltr'>ὥστε</span> <span class='ocrx_word' id='word_1_701' title='bbox 2982 2159 3127 2227; x_wconf 79' lang='grc' dir='ltr'>ἡμᾶς</span> <span class='ocrx_word' id='word_1_702' title='bbox 3150 2157 3224 2226; x_wconf 84' lang='grc' dir='ltr'>μὴ</span> <span class='ocrx_word' id='word_1_703' title='bbox 3242 2159 3501 2227; x_wconf 85' lang='grc' dir='ltr'>ἐμπεσεῖν</span> <span class='ocrx_word' id='word_1_704' title='bbox 3524 2160 3606 2220; x_wconf 85' lang='grc' dir='ltr'>είς</span> <span class='ocrx_word' id='word_1_705' title='bbox 3625 2157 3727 2229; x_wconf 75' lang='grc' dir='ltr'>τὴν</span> <span class='ocrx_word' id='word_1_706' title='bbox 3749 2159 3852 2210; x_wconf 83' lang='grc' dir='ltr'>Σα-</span> 
     </span>
    </p>
   </div>
   <div class='ocr_carea' id='block_1_79' title="bbox 2159 2244 3850 2316">
    <p class='ocr_par' dir='ltr' id='par_1_79' title="bbox 2159 2244 3850 2316">
     <span class='ocr_line' id='line_1_79' title="bbox 2159 2244 3850 2316; baseline 0.001 -19"><span class='ocrx_word' id='word_1_707' title='bbox 2159 2244 2375 2297; x_wconf 87' lang='grc' dir='ltr'>ϐελλίου</span> <span class='ocrx_word' id='word_1_708' title='bbox 2401 2245 2625 2315; x_wconf 89' lang='grc' dir='ltr'>μανίαν.</span> <span class='ocrx_word' id='word_1_709' title='bbox 2656 2244 2779 2299; x_wconf 73' lang='grc' dir='ltr'>Ὀτι</span> <span class='ocrx_word' id='word_1_710' title='bbox 2815 2244 2924 2316; x_wconf 84' lang='grc' dir='ltr'>γὰρ</span> <span class='ocrx_word' id='word_1_711' title='bbox 2952 2244 3076 2297; x_wconf 81' lang='grc' dir='ltr'>οῦτε</span> <span class='ocrx_word' id='word_1_712' title='bbox 3096 2245 3154 2297; x_wconf 85' lang='grc' dir='ltr'>τὸ</span> <span class='ocrx_word' id='word_1_713' title='bbox 3178 2244 3323 2310; x_wconf 85' lang='grc' dir='ltr'>Θεὸς</span> <span class='ocrx_word' id='word_1_714' title='bbox 3353 2245 3525 2315; x_wconf 83' lang='grc' dir='ltr'>ὄνομα</span> <span class='ocrx_word' id='word_1_715' title='bbox 3554 2245 3742 2315; x_wconf 74' lang='grc' dir='ltr'>μεῖζον</span> <span class='ocrx_word' id='word_1_716' title='bbox 3756 2246 3850 2299; x_wconf 86' lang='grc' dir='ltr'>τοῦ</span> 
     </span>
    </p>
   </div>
   <div class='ocr_carea' id='block_1_80' title="bbox 2157 2331 3832 2403">
    <p class='ocr_par' dir='ltr' id='par_1_80' title="bbox 2157 2331 3832 2403">
     <span class='ocr_line' id='line_1_80' title="bbox 2157 2331 3832 2403; baseline 0 -17"><span class='ocrx_word' id='word_1_717' title='bbox 2157 2334 2396 2401; x_wconf 85' lang='grc' dir='ltr'>Κύριος,</span> <span class='ocrx_word' id='word_1_718' title='bbox 2413 2331 2538 2385; x_wconf 78' lang='grc' dir='ltr'>οὐτε</span> <span class='ocrx_word' id='word_1_719' title='bbox 2562 2331 2622 2384; x_wconf 88' lang='grc' dir='ltr'>τὸ</span> <span class='ocrx_word' id='word_1_720' title='bbox 2644 2333 2859 2399; x_wconf 85' lang='grc' dir='ltr'>Κύριος</span> <span class='ocrx_word' id='word_1_721' title='bbox 2877 2331 3096 2385; x_wconf 84' lang='grc' dir='ltr'>ἐλαττον</span> <span class='ocrx_word' id='word_1_722' title='bbox 3126 2331 3218 2385; x_wconf 89' lang='grc' dir='ltr'>τοῦ</span> <span class='ocrx_word' id='word_1_723' title='bbox 3244 2333 3408 2398; x_wconf 86' lang='grc' dir='ltr'>Θεὸς,</span> <span class='ocrx_word' id='word_1_724' title='bbox 3425 2332 3585 2403; x_wconf 79' lang='grc' dir='ltr'>δῆλον</span> <span class='ocrx_word' id='word_1_725' title='bbox 3598 2332 3832 2386; x_wconf 83' lang='grc' dir='ltr'>ἐκεῖθεν.</span> 
     </span>
    </p>
   </div>
   <div class='ocr_carea' id='block_1_81' title="bbox 2170 2419 3848 2492">
    <p class='ocr_par' dir='ltr' id='par_1_81' title="bbox 2170 2419 3848 2492">
     <span class='ocr_line' id='line_1_81' title="bbox 2170 2419 3848 2492; baseline -0.001 -19"><span class='ocrx_word' id='word_1_726' title='bbox 2170 2420 2260 2473; x_wconf 85' lang='grc' dir='ltr'>Ἐν</span> <span class='ocrx_word' id='word_1_727' title='bbox 2285 2423 2351 2492; x_wconf 82' lang='grc' dir='ltr'>τῇ</span> <span class='ocrx_word' id='word_1_728' title='bbox 2389 2420 2609 2491; x_wconf 80' lang='grc' dir='ltr'>Παλαιᾷ</span> <span class='ocrx_word' id='word_1_729' title='bbox 2635 2420 2787 2492; x_wconf 82' lang='grc' dir='ltr'>πάσῃ</span> <span class='ocrx_word' id='word_1_730' title='bbox 2823 2419 3063 2489; x_wconf 85' lang='grc' dir='ltr'>συνεχῶς</span> <span class='ocrx_word' id='word_1_731' title='bbox 3086 2422 3115 2473; x_wconf 91' lang='lat'>6</span> <span class='ocrx_word' id='word_1_732' title='bbox 3144 2420 3335 2492; x_wconf 81' lang='grc' dir='ltr'>Πατὴρ</span> <span class='ocrx_word' id='word_1_733' title='bbox 3365 2419 3573 2489; x_wconf 83' lang='grc' dir='ltr'>Κύριος</span> <span class='ocrx_word' id='word_1_734' title='bbox 3592 2419 3848 2488; x_wconf 77' lang='grc' dir='ltr'>λέγεταιο</span> 
     </span>
    </p>
   </div>
   <div class='ocr_carea' id='block_1_82' title="bbox 2156 2503 3845 2578">
    <p class='ocr_par' dir='ltr' id='par_1_82' title="bbox 2156 2503 3845 2578">
     <span class='ocr_line' id='line_1_82' title="bbox 2156 2503 3845 2578; baseline -0.001 -16"><span class='ocrx_word' id='word_1_735' title='bbox 2156 2508 2372 2575; x_wconf 82' lang='grc' dir='ltr'>Κύριος</span> <span class='ocrx_word' id='word_1_736' title='bbox 2395 2510 2428 2561; x_wconf 84' lang='grc' dir='ltr'><strong><em>ό</em></strong></span> <span class='ocrx_word' id='word_1_737' title='bbox 2457 2509 2602 2573; x_wconf 84' lang='grc' dir='ltr'>Θεός</span> <span class='ocrx_word' id='word_1_738' title='bbox 2618 2521 2757 2574; x_wconf 91' lang='grc' dir='ltr'>σου,</span> <span class='ocrx_word' id='word_1_739' title='bbox 2785 2507 2941 2578; x_wconf 76' lang='grc' dir='ltr'>φησὶ,</span> <span class='ocrx_word' id='word_1_740' title='bbox 2972 2509 3189 2575; x_wconf 77' lang='grc' dir='ltr'>Κύριος</span> <span class='ocrx_word' id='word_1_741' title='bbox 3206 2503 3295 2573; x_wconf 87' lang='grc' dir='ltr'>εἷς</span> <span class='ocrx_word' id='word_1_742' title='bbox 3313 2508 3487 2561; x_wconf 79' lang='grc' dir='ltr'>ἐστιν</span> <span class='ocrx_word' id='word_1_743' title='bbox 3507 2525 3520 2538; x_wconf 89' lang='grc'><strong>·</strong></span> <span class='ocrx_word' id='word_1_744' title='bbox 3544 2508 3640 2561; x_wconf 70' lang='grc' dir='ltr'>καὶ</span> <span class='ocrx_word' id='word_1_745' title='bbox 3665 2507 3845 2574; x_wconf 77' lang='grc' dir='ltr'>πάλιν,</span> 
     </span>
    </p>
   </div>
   <div class='ocr_carea' id='block_1_83' title="bbox 2157 2594 3850 2661">
    <p class='ocr_par' dir='ltr' id='par_1_83' title="bbox 2157 2594 3850 2661">
     <span class='ocr_line' id='line_1_83' title="bbox 2157 2594 3850 2661; baseline 0 -13"><span class='ocrx_word' id='word_1_746' title='bbox 2157 2596 2379 2661; x_wconf 82' lang='grc' dir='ltr'>Κύριον</span> <span class='ocrx_word' id='word_1_747' title='bbox 2429 2595 2538 2648; x_wconf 84' lang='grc' dir='ltr'>τὸν</span> <span class='ocrx_word' id='word_1_748' title='bbox 2586 2596 2733 2649; x_wconf 83' lang='grc' dir='ltr'>Θεόν</span> <span class='ocrx_word' id='word_1_749' title='bbox 2794 2612 2911 2648; x_wconf 88' lang='grc' dir='ltr'>σου</span> <span class='ocrx_word' id='word_1_750' title='bbox 2978 2594 3471 2661; x_wconf 75' lang='grc' dir='ltr'>προσκυνήσεις,</span> <span class='ocrx_word' id='word_1_751' title='bbox 3540 2594 3642 2649; x_wconf 74' lang='grc' dir='ltr'>καὶ</span> <span class='ocrx_word' id='word_1_752' title='bbox 3689 2594 3850 2659; x_wconf 80' lang='grc' dir='ltr'>αὐτῷ</span> 
     </span>
    </p>
   </div>
   <div class='ocr_carea' id='block_1_84' title="bbox 2152 2682 3849 2753">
    <p class='ocr_par' dir='ltr' id='par_1_84' title="bbox 2152 2682 3849 2753">
     <span class='ocr_line' id='line_1_84' title="bbox 2152 2682 3849 2753; baseline 0.001 -18"><span class='ocrx_word' id='word_1_753' title='bbox 2152 2682 2320 2751; x_wconf 81' lang='grc' dir='ltr'>μόνῳ</span> <span class='ocrx_word' id='word_1_754' title='bbox 2386 2683 2777 2751; x_wconf 78' lang='grc' dir='ltr'>λατρεύσεις’</span> <span class='ocrx_word' id='word_1_755' title='bbox 2858 2685 2954 2736; x_wconf 52' lang='grc' dir='ltr'>καὶ⁸</span> <span class='ocrx_word' id='word_1_756' title='bbox 2998 2684 3198 2745; x_wconf 87' lang='grc' dir='ltr'>πάλιν,</span> <span class='ocrx_word' id='word_1_757' title='bbox 3268 2682 3469 2751; x_wconf 72' lang='grc' dir='ltr'>Μέγας</span> <span class='ocrx_word' id='word_1_758' title='bbox 3543 2685 3579 2736; x_wconf 79' lang='grc' dir='ltr'><em>δ</em></span> <span class='ocrx_word' id='word_1_759' title='bbox 3635 2684 3849 2753; x_wconf 66' lang='grc' dir='ltr'>Κύριος</span> 
     </span>
    </p>
   </div>
   <div class='ocr_carea' id='block_1_85' title="bbox 2156 2770 3850 2841">
    <p class='ocr_par' dir='ltr' id='par_1_85' title="bbox 2156 2770 3850 2841">
     <span class='ocr_line' id='line_1_85' title="bbox 2156 2770 3850 2841; baseline -0.001 -18"><span class='ocrx_word' id='word_1_760' title='bbox 2156 2770 2348 2840; x_wconf 72' lang='grc' dir='ltr'>ἡμῶν,</span> <span class='ocrx_word' id='word_1_761' title='bbox 2383 2771 2481 2824; x_wconf 78' lang='grc' dir='ltr'>καὶ</span> <span class='ocrx_word' id='word_1_762' title='bbox 2507 2772 2745 2841; x_wconf 72' lang='grc' dir='ltr'>μεγάλη</span> <span class='ocrx_word' id='word_1_763' title='bbox 2768 2774 2807 2840; x_wconf 73' lang='grc' dir='ltr'>ἡ</span> <span class='ocrx_word' id='word_1_764' title='bbox 2833 2771 3017 2840; x_wconf 70' lang='grc' dir='ltr'>ἰσχὺς</span> <span class='ocrx_word' id='word_1_765' title='bbox 3041 2770 3252 2840; x_wconf 78' lang='grc' dir='ltr'>αὺτρῦ,</span> <span class='ocrx_word' id='word_1_766' title='bbox 3285 2770 3514 2840; x_wconf 76' lang='grc' dir='ltr'>καὶτῆς</span> <span class='ocrx_word' id='word_1_767' title='bbox 3538 2771 3850 2837; x_wconf 50' lang='grc' dir='ltr'>συνέσεως</span> 
     </span>
    </p>
   </div>
   <div class='ocr_carea' id='block_1_86' title="bbox 2156 2859 3851 2929">
    <p class='ocr_par' dir='ltr' id='par_1_86' title="bbox 2156 2859 3851 2929">
     <span class='ocr_line' id='line_1_86' title="bbox 2156 2859 3851 2929; baseline 0 -17"><span class='ocrx_word' id='word_1_768' title='bbox 2156 2859 2345 2913; x_wconf 83' lang='grc' dir='ltr'>αὑτοῦ</span> <span class='ocrx_word' id='word_1_769' title='bbox 2371 2862 2482 2914; x_wconf 80' lang='grc' dir='ltr'>οὐκ</span> <span class='ocrx_word' id='word_1_770' title='bbox 2513 2861 2687 2914; x_wconf 77' lang='grc' dir='ltr'>ἐστιν</span> <span class='ocrx_word' id='word_1_771' title='bbox 2717 2861 2965 2929; x_wconf 75' lang='grc' dir='ltr'>ἀριθμός</span> <span class='ocrx_word' id='word_1_772' title='bbox 2985 2878 2999 2893; x_wconf 76' lang='grc' dir='ltr'><strong><em>ο</em></strong></span> <span class='ocrx_word' id='word_1_773' title='bbox 3035 2861 3127 2913; x_wconf 79' lang='grc' dir='ltr'>καὶ</span> <span class='ocrx_word' id='word_1_774' title='bbox 3161 2860 3344 2925; x_wconf 82' lang='grc' dir='ltr'>πάλιν,</span> <span class='ocrx_word' id='word_1_775' title='bbox 3390 2860 3735 2915; x_wconf 81' lang='grc' dir='ltr'>Γνώτωσαν</span> <span class='ocrx_word' id='word_1_776' title='bbox 3763 2860 3851 2912; x_wconf 76' lang='grc' dir='ltr'>ἔτι</span> 
     </span>
    </p>
   </div>
   <div class='ocr_carea' id='block_1_87' title="bbox 2160 2944 3851 3016">
    <p class='ocr_par' dir='ltr' id='par_1_87' title="bbox 2160 2944 3851 3016">
     <span class='ocr_line' id='line_1_87' title="bbox 2160 2944 3851 3016; baseline -0.001 -17"><span class='ocrx_word' id='word_1_777' title='bbox 2160 2946 2349 3016; x_wconf 75' lang='grc' dir='ltr'>ὄνομά</span> <span class='ocrx_word' id='word_1_778' title='bbox 2379 2964 2478 3000; x_wconf 84' lang='grc' dir='ltr'>σοι</span> <span class='ocrx_word' id='word_1_779' title='bbox 2518 2948 2734 3015; x_wconf 73' lang='grc' dir='ltr'>Κύριος</span> <span class='ocrx_word' id='word_1_780' title='bbox 2754 2963 2767 2977; x_wconf 70' lang='grc' dir='ltr'>ι</span> <span class='ocrx_word' id='word_1_781' title='bbox 2801 2946 2882 2999; x_wconf 87' lang='grc' dir='ltr'>σὺ</span> <span class='ocrx_word' id='word_1_782' title='bbox 2915 2944 2975 3001; x_wconf 79' lang='grc' dir='ltr'>εἶ</span> <span class='ocrx_word' id='word_1_783' title='bbox 2990 2949 3181 3016; x_wconf 80' lang='grc' dir='ltr'>μόνος</span> <span class='ocrx_word' id='word_1_784' title='bbox 3216 2947 3479 3015; x_wconf 72' lang='grc' dir='ltr'>ὕψιστος</span> <span class='ocrx_word' id='word_1_785' title='bbox 3516 2948 3617 3000; x_wconf 73' lang='grc' dir='ltr'>ἐπὶ</span> <span class='ocrx_word' id='word_1_786' title='bbox 3643 2946 3851 3002; x_wconf 74' lang='grc' dir='ltr'>πᾶσαν</span> 
     </span>
    </p>
   </div>
   <div class='ocr_carea' id='block_1_88' title="bbox 2158 3031 3845 3105">
    <p class='ocr_par' dir='ltr' id='par_1_88' title="bbox 2158 3031 3845 3105">
     <span class='ocr_line' id='line_1_88' title="bbox 2158 3031 3845 3105; baseline -0.001 -18"><span class='ocrx_word' id='word_1_787' title='bbox 2158 3034 2271 3103; x_wconf 76' lang='grc' dir='ltr'>τὴν</span> <span class='ocrx_word' id='word_1_788' title='bbox 2297 3033 2435 3103; x_wconf 78' lang='grc' dir='ltr'>γῆν.</span> <span class='ocrx_word' id='word_1_789' title='bbox 2461 3035 2651 3087; x_wconf 81' lang='grc' dir='ltr'>Καίτοι</span> <span class='ocrx_word' id='word_1_790' title='bbox 2682 3051 2744 3102; x_wconf 88' lang='grc' dir='ltr'>γε</span> <span class='ocrx_word' id='word_1_791' title='bbox 2774 3035 2823 3086; x_wconf 90' lang='grc' dir='ltr'>εί</span> <span class='ocrx_word' id='word_1_792' title='bbox 2848 3034 3070 3088; x_wconf 76' lang='grc' dir='ltr'>ἔλαττον</span> <span class='ocrx_word' id='word_1_793' title='bbox 3100 3034 3195 3088; x_wconf 87' lang='grc' dir='ltr'>τοῦ</span> <span class='ocrx_word' id='word_1_794' title='bbox 3229 3035 3375 3101; x_wconf 89' lang='grc' dir='ltr'>Θεὸς</span> <span class='ocrx_word' id='word_1_795' title='bbox 3403 3031 3470 3105; x_wconf 74' lang='grc' dir='ltr'>ἦν</span> <span class='ocrx_word' id='word_1_796' title='bbox 3494 3034 3591 3087; x_wconf 72' lang='grc' dir='ltr'>καὶ</span> <span class='ocrx_word' id='word_1_797' title='bbox 3624 3033 3845 3098; x_wconf 82' lang='grc' dir='ltr'>ἀνάξιον</span> 
     </span>
    </p>
   </div>
   <div class='ocr_carea' id='block_1_89' title="bbox 2158 3120 3849 3194">
    <p class='ocr_par' dir='ltr' id='par_1_89' title="bbox 2158 3120 3849 3194">
     <span class='ocr_line' id='line_1_89' title="bbox 2158 3120 3849 3194; baseline 0 -19"><span class='ocrx_word' id='word_1_798' title='bbox 2158 3126 2257 3194; x_wconf 81' lang='grc' dir='ltr'>τῆς</span> <span class='ocrx_word' id='word_1_799' title='bbox 2292 3121 2480 3185; x_wconf 83' lang='grc' dir='ltr'>οὐσίας</span> <span class='ocrx_word' id='word_1_800' title='bbox 2515 3122 2749 3192; x_wconf 83' lang='grc' dir='ltr'>ἐκείνης,</span> <span class='ocrx_word' id='word_1_801' title='bbox 2790 3121 2889 3174; x_wconf 86' lang='grc' dir='ltr'>οὐκ</span> <span class='ocrx_word' id='word_1_802' title='bbox 2932 3122 3042 3175; x_wconf 74' lang='grc' dir='ltr'>ἔδει</span> <span class='ocrx_word' id='word_1_803' title='bbox 3072 3122 3350 3191; x_wconf 87' lang='grc' dir='ltr'>λέγεσθαι,</span> <span class='ocrx_word' id='word_1_804' title='bbox 3392 3123 3442 3175; x_wconf 88' lang='grc' dir='ltr'><em>Γ</em></span> <span class='ocrx_word' id='word_1_805' title='bbox 3445 3120 3737 3177; x_wconf 74' lang='grc' dir='ltr'>νώτωσαν</span> <span class='ocrx_word' id='word_1_806' title='bbox 3763 3123 3849 3175; x_wconf 83' lang='grc' dir='ltr'>ὅτι</span> 
     </span>
    </p>
   </div>
   <div class='ocr_carea' id='block_1_90' title="bbox 2160 3206 3853 3282">
    <p class='ocr_par' dir='ltr' id='par_1_90' title="bbox 2160 3206 3853 3282">
     <span class='ocr_line' id='line_1_90' title="bbox 2160 3206 3853 3282; baseline 0.001 -17"><span class='ocrx_word' id='word_1_807' title='bbox 2160 3211 2347 3280; x_wconf 79' lang='grc' dir='ltr'>ὄνομὰ</span> <span class='ocrx_word' id='word_1_808' title='bbox 2368 3227 2467 3265; x_wconf 88' lang='grc' dir='ltr'>σοι</span> <span class='ocrx_word' id='word_1_809' title='bbox 2493 3213 2725 3279; x_wconf 67' lang='grc' dir='ltr'>Κύριος.</span> <span class='ocrx_word' id='word_1_810' title='bbox 2753 3210 2923 3265; x_wconf 85' lang='grc' dir='ltr'>Πάλιν</span> <span class='ocrx_word' id='word_1_811' title='bbox 2951 3214 3000 3264; x_wconf 81' lang='grc' dir='ltr'>εί</span> <span class='ocrx_word' id='word_1_812' title='bbox 3027 3211 3086 3264; x_wconf 88' lang='grc' dir='ltr'>τὸ</span> <span class='ocrx_word' id='word_1_813' title='bbox 3118 3211 3263 3276; x_wconf 86' lang='grc' dir='ltr'>Θεὸς</span> <span class='ocrx_word' id='word_1_814' title='bbox 3292 3209 3477 3280; x_wconf 77' lang='grc' dir='ltr'>μεῖζον</span> <span class='ocrx_word' id='word_1_815' title='bbox 3524 3206 3596 3282; x_wconf 82' lang='grc' dir='ltr'>ἦν</span> <span class='ocrx_word' id='word_1_816' title='bbox 3631 3210 3726 3264; x_wconf 91' lang='grc' dir='ltr'>τοῦ</span> <span class='ocrx_word' id='word_1_817' title='bbox 3744 3213 3853 3266; x_wconf 82' lang='grc' dir='ltr'>Κύ-</span> 
     </span>
    </p>
   </div>
   <div class='ocr_carea' id='block_1_91' title="bbox 2150 3297 3848 3370">
    <p class='ocr_par' dir='ltr' id='par_1_91' title="bbox 2150 3297 3848 3370">
     <span class='ocr_line' id='line_1_91' title="bbox 2150 3297 3848 3370; baseline 0.001 -18"><span class='ocrx_word' id='word_1_818' title='bbox 2150 3316 2285 3368; x_wconf 86' lang='grc' dir='ltr'>ριος</span> <span class='ocrx_word' id='word_1_819' title='bbox 2324 3299 2418 3352; x_wconf 74' lang='grc' dir='ltr'>καὶ</span> <span class='ocrx_word' id='word_1_820' title='bbox 2451 3300 2797 3370; x_wconf 87' lang='grc' dir='ltr'>σεμνότερον,</span> <span class='ocrx_word' id='word_1_821' title='bbox 2828 3299 2927 3352; x_wconf 86' lang='grc' dir='ltr'>οὐκ</span> <span class='ocrx_word' id='word_1_822' title='bbox 2955 3298 3061 3351; x_wconf 79' lang='grc' dir='ltr'>ἔδει</span> <span class='ocrx_word' id='word_1_823' title='bbox 3088 3298 3177 3351; x_wconf 87' lang='grc' dir='ltr'>τὸν</span> <span class='ocrx_word' id='word_1_824' title='bbox 3207 3299 3328 3352; x_wconf 80' lang='grc' dir='ltr'>κατ’</span> <span class='ocrx_word' id='word_1_825' title='bbox 3352 3299 3553 3361; x_wconf 77' lang='grc' dir='ltr'>αὐτοὺς</span> <span class='ocrx_word' id='word_1_826' title='bbox 3590 3297 3848 3354; x_wconf 85' lang='grc' dir='ltr'>ἐλάττονα</span> 
     </span>
    </p>
   </div>
   <div class='ocr_carea' id='block_1_92' title="bbox 2160 3386 3846 3459">
    <p class='ocr_par' dir='ltr' id='par_1_92' title="bbox 2160 3386 3846 3459">
     <span class='ocr_line' id='line_1_92' title="bbox 2160 3386 3846 3459; baseline -0.001 -18"><span class='ocrx_word' id='word_1_827' title='bbox 2160 3388 2287 3441; x_wconf 77' lang='grc' dir='ltr'>Υξὸν</span> <span class='ocrx_word' id='word_1_828' title='bbox 2308 3387 2417 3440; x_wconf 85' lang='grc' dir='ltr'>ἀπὸ</span> <span class='ocrx_word' id='word_1_829' title='bbox 2434 3386 2527 3441; x_wconf 88' lang='grc' dir='ltr'>τοῦ</span> <span class='ocrx_word' id='word_1_830' title='bbox 2560 3387 2933 3459; x_wconf 80' lang='grc' dir='ltr'>προσήκοντος</span> <span class='ocrx_word' id='word_1_831' title='bbox 2960 3386 3228 3457; x_wconf 78' lang='grc' dir='ltr'>ὀνόματος</span> <span class='ocrx_word' id='word_1_832' title='bbox 3256 3386 3334 3457; x_wconf 84' lang='grc' dir='ltr'>τῷ</span> <span class='ocrx_word' id='word_1_833' title='bbox 3352 3387 3526 3458; x_wconf 74' lang='grc' dir='ltr'>Πατρὶ</span> <span class='ocrx_word' id='word_1_834' title='bbox 3542 3386 3846 3449; x_wconf 81' lang='grc' dir='ltr'>καλεῖσθαι,</span> 
     </span>
    </p>
   </div>
   <div class='ocr_carea' id='block_1_93' title="bbox 2159 3471 3849 3546">
    <p class='ocr_par' dir='ltr' id='par_1_93' title="bbox 2159 3471 3849 3546">
     <span class='ocr_line' id='line_1_93' title="bbox 2159 3471 3849 3546; baseline 0 -18"><span class='ocrx_word' id='word_1_835' title='bbox 2159 3474 2188 3528; x_wconf 84' lang='grc' dir='ltr'>ὃ</span> <span class='ocrx_word' id='word_1_836' title='bbox 2214 3475 2311 3530; x_wconf 78' lang='grc' dir='ltr'>καὶ</span> <span class='ocrx_word' id='word_1_837' title='bbox 2345 3476 2504 3546; x_wconf 86' lang='grc' dir='ltr'>μόνον</span> <span class='ocrx_word' id='word_1_838' title='bbox 2533 3475 2663 3528; x_wconf 74' lang='grc' dir='ltr'>ἴδιον</span> <span class='ocrx_word' id='word_1_839' title='bbox 2690 3471 2758 3546; x_wconf 78' lang='grc' dir='ltr'>ἦν</span> <span class='ocrx_word' id='word_1_840' title='bbox 2794 3475 3025 3528; x_wconf 84' lang='grc' dir='ltr'>ἐκείνου.</span> <span class='ocrx_word' id='word_1_841' title='bbox 3081 3474 3223 3528; x_wconf 80' lang='grc' dir='ltr'>Ἀλλ’</span> <span class='ocrx_word' id='word_1_842' title='bbox 3248 3475 3350 3528; x_wconf 88' lang='grc' dir='ltr'>οὐκ</span> <span class='ocrx_word' id='word_1_843' title='bbox 3376 3473 3494 3528; x_wconf 81' lang='grc' dir='ltr'>ἐστι</span> <span class='ocrx_word' id='word_1_844' title='bbox 3527 3474 3727 3541; x_wconf 87' lang='grc' dir='ltr'>ταῦτα,</span> <span class='ocrx_word' id='word_1_845' title='bbox 3753 3477 3849 3529; x_wconf 84' lang='grc' dir='ltr'>οὐκ</span> 
     </span>
    </p>
   </div>
   <div class='ocr_carea' id='block_1_94' title="bbox 2160 3561 3849 3635">
    <p class='ocr_par' dir='ltr' id='par_1_94' title="bbox 2160 3561 3849 3635">
     <span class='ocr_line' id='line_1_94' title="bbox 2160 3561 3849 3635; baseline 0.001 -19"><span class='ocrx_word' id='word_1_846' title='bbox 2160 3563 2325 3617; x_wconf 80' lang='grc' dir='ltr'>ἐστιν.</span> <span class='ocrx_word' id='word_1_847' title='bbox 2390 3562 2527 3617; x_wconf 83' lang='grc' dir='ltr'>Οὐτε</span> <span class='ocrx_word' id='word_1_848' title='bbox 2580 3563 2690 3635; x_wconf 72' lang='grc' dir='ltr'>γὰρ</span> <span class='ocrx_word' id='word_1_849' title='bbox 2722 3566 2750 3616; x_wconf 90' lang='lat'>6</span> <span class='ocrx_word' id='word_1_850' title='bbox 2794 3562 2922 3627; x_wconf 80' lang='grc' dir='ltr'>Υἱὸς</span> <span class='ocrx_word' id='word_1_851' title='bbox 2959 3562 3051 3616; x_wconf 88' lang='grc' dir='ltr'>τοῦ</span> <span class='ocrx_word' id='word_1_852' title='bbox 3081 3561 3237 3635; x_wconf 71' lang='grc'>[485]</span> <span class='ocrx_word' id='word_1_853' title='bbox 3274 3563 3488 3634; x_wconf 87' lang='grc' dir='ltr'>Πατρὸς</span> <span class='ocrx_word' id='word_1_854' title='bbox 3531 3564 3849 3618; x_wconf 79' lang='grc' dir='ltr'>ὑποδεέστε-</span> 
     </span>
    </p>
   </div>
   <div class='ocr_carea' id='block_1_95' title="bbox 2161 3650 3844 3725">
    <p class='ocr_par' dir='ltr' id='par_1_95' title="bbox 2161 3650 3844 3725">
     <span class='ocr_line' id='line_1_95' title="bbox 2161 3650 3844 3725; baseline 0.002 -22"><span class='ocrx_word' id='word_1_855' title='bbox 2161 3669 2254 3723; x_wconf 89' lang='grc' dir='ltr'>ρος</span> <span class='ocrx_word' id='word_1_856' title='bbox 2281 3663 2329 3718; x_wconf 76' lang='lat'><strong>0,</strong></span> <span class='ocrx_word' id='word_1_857' title='bbox 2388 3650 2513 3704; x_wconf 83' lang='grc' dir='ltr'>οὐτε</span> <span class='ocrx_word' id='word_1_858' title='bbox 2550 3650 2611 3704; x_wconf 90' lang='grc' dir='ltr'>τὸ</span> <span class='ocrx_word' id='word_1_859' title='bbox 2657 3650 2862 3721; x_wconf 79' lang='grc' dir='ltr'>Κύριος</span> <span class='ocrx_word' id='word_1_860' title='bbox 2915 3651 3089 3717; x_wconf 76' lang='grc' dir='ltr'>ὄνομα</span> <span class='ocrx_word' id='word_1_861' title='bbox 3138 3651 3231 3704; x_wconf 89' lang='grc' dir='ltr'>τοῦ</span> <span class='ocrx_word' id='word_1_862' title='bbox 3257 3651 3391 3714; x_wconf 85' lang='grc' dir='ltr'>Θεὸς</span> <span class='ocrx_word' id='word_1_863' title='bbox 3443 3652 3844 3725; x_wconf 76' lang='grc' dir='ltr'>εὐτελέστερον.</span> 
     </span>
    </p>
   </div>
   <div class='ocr_carea' id='block_1_96' title="bbox 2160 3738 3841 3814">
    <p class='ocr_par' dir='ltr' id='par_1_96' title="bbox 2160 3738 3841 3814">
     <span class='ocr_line' id='line_1_96' title="bbox 2160 3738 3841 3814; baseline 0.002 -21"><span class='ocrx_word' id='word_1_864' title='bbox 2160 3738 2259 3793; x_wconf 83' lang='grc' dir='ltr'>Διά</span> <span class='ocrx_word' id='word_1_865' title='bbox 2287 3740 2447 3793; x_wconf 90' lang='grc' dir='ltr'>τοῦτο</span> <span class='ocrx_word' id='word_1_866' title='bbox 2475 3740 2570 3793; x_wconf 65' lang='grc' dir='ltr'>καλ⁵</span> <span class='ocrx_word' id='word_1_867' title='bbox 2592 3739 2684 3792; x_wconf 78' lang='grc' dir='ltr'>ἐπὶ</span> <span class='ocrx_word' id='word_1_868' title='bbox 2711 3739 2925 3809; x_wconf 84' lang='grc' dir='ltr'>Πατρὸς</span> <span class='ocrx_word' id='word_1_869' title='bbox 2962 3740 3058 3792; x_wconf 73' lang='grc' dir='ltr'>καὶ</span> <span class='ocrx_word' id='word_1_870' title='bbox 3097 3740 3191 3791; x_wconf 76' lang='grc' dir='ltr'>ἐπὶ</span> <span class='ocrx_word' id='word_1_871' title='bbox 3216 3738 3311 3792; x_wconf 92' lang='grc' dir='ltr'>τοῦ</span> <span class='ocrx_word' id='word_1_872' title='bbox 3340 3739 3471 3793; x_wconf 89' lang='grc' dir='ltr'>Υἰοῦ</span> <span class='ocrx_word' id='word_1_873' title='bbox 3503 3740 3841 3814; x_wconf 71' lang='grc' dir='ltr'>ἁδιαερόρως,</span> 
     </span>
    </p>
   </div>
   <div class='ocr_carea' id='block_1_97' title="bbox 2158 3827 3847 3901">
    <p class='ocr_par' dir='ltr' id='par_1_97' title="bbox 2158 3827 3847 3901">
     <span class='ocr_line' id='line_1_97' title="bbox 2158 3827 3847 3901; baseline 0.001 -18"><span class='ocrx_word' id='word_1_874' title='bbox 2158 3829 2387 3893; x_wconf 81' lang='grc' dir='ltr'>ταύταις</span> <span class='ocrx_word' id='word_1_875' title='bbox 2412 3828 2677 3900; x_wconf 87' lang='grc' dir='ltr'>κέχρηται</span> <span class='ocrx_word' id='word_1_876' title='bbox 2707 3830 2827 3891; x_wconf 85' lang='grc' dir='ltr'>ταῖς</span> <span class='ocrx_word' id='word_1_877' title='bbox 2853 3827 3249 3900; x_wconf 80' lang='grc' dir='ltr'>προσηγορίαις</span> <span class='ocrx_word' id='word_1_878' title='bbox 3271 3830 3304 3899; x_wconf 85' lang='grc' dir='ltr'>ή</span> <span class='ocrx_word' id='word_1_879' title='bbox 3331 3828 3546 3900; x_wconf 77' lang='grc' dir='ltr'>Γραφή.</span> <span class='ocrx_word' id='word_1_880' title='bbox 3588 3830 3847 3901; x_wconf 82' lang='grc' dir='ltr'>Καθάπερ</span> 
     </span>
    </p>
   </div>
   <div class='ocr_carea' id='block_1_98' title="bbox 2159 3911 3849 3988">
    <p class='ocr_par' dir='ltr' id='par_1_98' title="bbox 2159 3911 3849 3988">
     <span class='ocr_line' id='line_1_98' title="bbox 2159 3911 3849 3988; baseline 0.001 -19"><span class='ocrx_word' id='word_1_881' title='bbox 2159 3911 2254 3969; x_wconf 79' lang='grc' dir='ltr'>οὖν</span> <span class='ocrx_word' id='word_1_882' title='bbox 2274 3913 2546 3986; x_wconf 75' lang='grc' dir='ltr'>ἠκούσατε</span> <span class='ocrx_word' id='word_1_883' title='bbox 2580 3914 2786 3985; x_wconf 84' lang='grc' dir='ltr'>Κύριον</span> <span class='ocrx_word' id='word_1_884' title='bbox 2820 3916 2912 3967; x_wconf 89' lang='grc' dir='ltr'>τὸν</span> <span class='ocrx_word' id='word_1_885' title='bbox 2946 3914 3165 3984; x_wconf 83' lang='grc' dir='ltr'>Πατέρα</span> <span class='ocrx_word' id='word_1_886' title='bbox 3195 3915 3553 3987; x_wconf 76' lang='grc' dir='ltr'>καλούμενον,</span> <span class='ocrx_word' id='word_1_887' title='bbox 3589 3916 3729 3988; x_wconf 81' lang='grc' dir='ltr'>φέρε</span> <span class='ocrx_word' id='word_1_888' title='bbox 3756 3917 3849 3970; x_wconf 84' lang='grc' dir='ltr'>δεί-</span> 
     </span>
    </p>
   </div>
   <div class='ocr_carea' id='block_1_99' title="bbox 2162 4001 3848 4076">
    <p class='ocr_par' dir='ltr' id='par_1_99' title="bbox 2162 4001 3848 4076">
     <span class='ocr_line' id='line_1_99' title="bbox 2162 4001 3848 4076; baseline 0.002 -19"><span class='ocrx_word' id='word_1_889' title='bbox 2162 4003 2342 4076; x_wconf 80' lang='grc' dir='ltr'>ξωμεν</span> <span class='ocrx_word' id='word_1_890' title='bbox 2366 4004 2497 4074; x_wconf 84' lang='grc' dir='ltr'>ὑμῖν</span> <span class='ocrx_word' id='word_1_891' title='bbox 2528 4003 2623 4057; x_wconf 73' lang='grc' dir='ltr'>καὶ</span> <span class='ocrx_word' id='word_1_892' title='bbox 2659 4003 2751 4056; x_wconf 88' lang='grc' dir='ltr'>τὸν</span> <span class='ocrx_word' id='word_1_893' title='bbox 2779 4002 2908 4056; x_wconf 86' lang='grc' dir='ltr'>Υίὸν</span> <span class='ocrx_word' id='word_1_894' title='bbox 2937 4001 3230 4075; x_wconf 86' lang='grc' dir='ltr'>λεγόμενον</span> <span class='ocrx_word' id='word_1_895' title='bbox 3253 4004 3406 4061; x_wconf 87' lang='grc' dir='ltr'>Θεόν.</span> <span class='ocrx_word' id='word_1_896' title='bbox 3455 4004 3606 4059; x_wconf 84' lang='grc' dir='ltr'>Ἰδοὺ</span> <span class='ocrx_word' id='word_1_897' title='bbox 3640 4002 3679 4074; x_wconf 75' lang='grc' dir='ltr'><em>ἠ</em></span> <span class='ocrx_word' id='word_1_898' title='bbox 3711 4022 3848 4074; x_wconf 63' lang='lat' dir='ltr'>smp-</span> 
     </span>
    </p>
   </div>
   <div class='ocr_carea' id='block_1_100' title="bbox 2161 4090 3846 4161">
    <p class='ocr_par' dir='ltr' id='par_1_100' title="bbox 2161 4090 3846 4161">
     <span class='ocr_line' id='line_1_100' title="bbox 2161 4090 3846 4161; baseline 0.001 -15"><span class='ocrx_word' id='word_1_899' title='bbox 2161 4092 2335 4158; x_wconf 86' lang='grc' dir='ltr'>θένος</span> <span class='ocrx_word' id='word_1_900' title='bbox 2373 4092 2444 4145; x_wconf 77' lang='grc' dir='ltr'>ἐν</span> <span class='ocrx_word' id='word_1_901' title='bbox 2482 4091 2695 4161; x_wconf 80' lang='grc' dir='ltr'>γαστρὶ</span> <span class='ocrx_word' id='word_1_902' title='bbox 2723 4090 2868 4156; x_wconf 82' lang='grc' dir='ltr'>ἔξει,</span> <span class='ocrx_word' id='word_1_903' title='bbox 2920 4092 3021 4145; x_wconf 79' lang='grc' dir='ltr'>καὶ</span> <span class='ocrx_word' id='word_1_904' title='bbox 3067 4090 3299 4156; x_wconf 79' lang='grc' dir='ltr'>τέξεται</span> <span class='ocrx_word' id='word_1_905' title='bbox 3331 4094 3487 4156; x_wconf 69' lang='grc' dir='ltr'>υιθν,</span> <span class='ocrx_word' id='word_1_906' title='bbox 3536 4093 3640 4147; x_wconf 75' lang='grc' dir='ltr'>καί</span> <span class='ocrx_word' id='word_1_907' title='bbox 3673 4094 3846 4149; x_wconf 73' lang='grc' dir='ltr'>καλέ·</span> 
     </span>
    </p>
   </div>
   <div class='ocr_carea' id='block_1_101' title="bbox 2160 4178 3845 4251">
    <p class='ocr_par' dir='ltr' id='par_1_101' title="bbox 2160 4178 3845 4251">
     <span class='ocr_line' id='line_1_101' title="bbox 2160 4178 3845 4251; baseline 0.001 -18"><span class='ocrx_word' id='word_1_908' title='bbox 2160 4193 2346 4233; x_wconf 88' lang='grc' dir='ltr'>σουσι</span> <span class='ocrx_word' id='word_1_909' title='bbox 2376 4179 2442 4233; x_wconf 89' lang='grc' dir='ltr'>τὸ</span> <span class='ocrx_word' id='word_1_910' title='bbox 2474 4178 2662 4247; x_wconf 80' lang='grc' dir='ltr'>ὄνομα</span> <span class='ocrx_word' id='word_1_911' title='bbox 2694 4179 3307 4249; x_wconf 73' lang='grc' dir='ltr'>αὑτοῦἘμμανουὴλ,</span> <span class='ocrx_word' id='word_1_912' title='bbox 3334 4180 3371 4232; x_wconf 89' lang='lat'><em>6&#39;</em></span> <span class='ocrx_word' id='word_1_913' title='bbox 3398 4181 3531 4235; x_wconf 75' lang='grc' dir='ltr'>ἐστι</span> <span class='ocrx_word' id='word_1_914' title='bbox 3555 4186 3845 4251; x_wconf 78' lang='grc' dir='ltr'>μεθερμη-</span> 
     </span>
    </p>
   </div>
   <div class='ocr_carea' id='block_1_102' title="bbox 2159 4264 3848 4341">
    <p class='ocr_par' dir='ltr' id='par_1_102' title="bbox 2159 4264 3848 4341">
     <span class='ocr_line' id='line_1_102' title="bbox 2159 4264 3848 4341; baseline -0.001 -20"><span class='ocrx_word' id='word_1_915' title='bbox 2159 4267 2657 4337; x_wconf 73' lang='grc' dir='ltr'>νευόμενον-,Μεθ’</span> <span class='ocrx_word' id='word_1_916' title='bbox 2673 4266 2844 4336; x_wconf 75' lang='grc' dir='ltr'>ἡμῶν</span> <span class='ocrx_word' id='word_1_917' title='bbox 2866 4270 2900 4322; x_wconf 84' lang='grc' dir='ltr'><strong><em>ό</em></strong></span> <span class='ocrx_word' id='word_1_918' title='bbox 2918 4269 3087 4334; x_wconf 84' lang='grc' dir='ltr'>Θεός.</span> <span class='ocrx_word' id='word_1_919' title='bbox 3113 4264 3272 4332; x_wconf 79' lang='grc' dir='ltr'>Εἶδες</span> <span class='ocrx_word' id='word_1_920' title='bbox 3298 4267 3416 4332; x_wconf 86' lang='grc' dir='ltr'>πῶς</span> <span class='ocrx_word' id='word_1_921' title='bbox 3446 4270 3541 4323; x_wconf 76' lang='grc' dir='ltr'>καὶ</span> <span class='ocrx_word' id='word_1_922' title='bbox 3562 4269 3645 4340; x_wconf 82' lang='grc' dir='ltr'>τῷ</span> <span class='ocrx_word' id='word_1_923' title='bbox 3676 4271 3848 4341; x_wconf 60' lang='lat' dir='ltr'>Harp!</span> 
     </span>
    </p>
   </div>
   <div class='ocr_carea' id='block_1_103' title="bbox 2161 4355 3848 4429">
    <p class='ocr_par' dir='ltr' id='par_1_103' title="bbox 2161 4355 3848 4429">
     <span class='ocr_line' id='line_1_103' title="bbox 2161 4355 3848 4429; baseline 0 -20"><span class='ocrx_word' id='word_1_924' title='bbox 2161 4355 2335 4428; x_wconf 74' lang='grc' dir='ltr'>ὄνομα</span> <span class='ocrx_word' id='word_1_925' title='bbox 2356 4355 2417 4408; x_wconf 81' lang='grc' dir='ltr'>τὸ</span> <span class='ocrx_word' id='word_1_926' title='bbox 2433 4357 2673 4422; x_wconf 85' lang='grc' dir='ltr'>Κύριος,</span> <span class='ocrx_word' id='word_1_927' title='bbox 2694 4355 2790 4408; x_wconf 81' lang='grc' dir='ltr'>καὶ</span> <span class='ocrx_word' id='word_1_928' title='bbox 2813 4356 2891 4425; x_wconf 85' lang='grc' dir='ltr'>τῷ</span> <span class='ocrx_word' id='word_1_929' title='bbox 2913 4355 3027 4424; x_wconf 82' lang='grc' dir='ltr'>Υίῴ</span> <span class='ocrx_word' id='word_1_930' title='bbox 3055 4356 3228 4426; x_wconf 75' lang='grc' dir='ltr'>ὄνομα</span> <span class='ocrx_word' id='word_1_931' title='bbox 3246 4356 3306 4409; x_wconf 91' lang='grc' dir='ltr'>τὸ</span> <span class='ocrx_word' id='word_1_932' title='bbox 3322 4359 3488 4422; x_wconf 86' lang='grc' dir='ltr'>Θεός;</span> <span class='ocrx_word' id='word_1_933' title='bbox 3511 4358 3728 4429; x_wconf 83' lang='grc' dir='ltr'>Ὥσπερ</span> <span class='ocrx_word' id='word_1_934' title='bbox 3750 4361 3848 4428; x_wconf 65' lang='grc' dir='ltr'>γάρ</span> 
     </span>
    </p>
   </div>
   <div class='ocr_carea' id='block_1_104' title="bbox 2161 4443 3849 4516">
    <p class='ocr_par' dir='ltr' id='par_1_104' title="bbox 2161 4443 3849 4516">
     <span class='ocr_line' id='line_1_104' title="bbox 2161 4443 3849 4516; baseline 0.001 -19"><span class='ocrx_word' id='word_1_935' title='bbox 2161 4445 2280 4497; x_wconf 87' lang='grc' dir='ltr'>ἐκεῖ</span> <span class='ocrx_word' id='word_1_936' title='bbox 2297 4461 2451 4516; x_wconf 78' lang='grc' dir='ltr'>φησι,</span> <span class='ocrx_word' id='word_1_937' title='bbox 2470 4444 2811 4498; x_wconf 79' lang='grc' dir='ltr'>Γνώτωσαν</span> <span class='ocrx_word' id='word_1_938' title='bbox 2828 4443 2918 4498; x_wconf 82' lang='grc' dir='ltr'>ὅτι</span> <span class='ocrx_word' id='word_1_939' title='bbox 2937 4444 3125 4510; x_wconf 76' lang='grc' dir='ltr'>ὄνομα</span> <span class='ocrx_word' id='word_1_940' title='bbox 3140 4461 3239 4499; x_wconf 89' lang='grc' dir='ltr'>σοι</span> <span class='ocrx_word' id='word_1_941' title='bbox 3254 4447 3487 4514; x_wconf 79' lang='grc' dir='ltr'>Κύριος,</span> <span class='ocrx_word' id='word_1_942' title='bbox 3501 4444 3645 4499; x_wconf 78' lang='grc' dir='ltr'>οὕτω</span> <span class='ocrx_word' id='word_1_943' title='bbox 3660 4446 3758 4499; x_wconf 75' lang='grc' dir='ltr'>καὶ</span> <span class='ocrx_word' id='word_1_944' title='bbox 3773 4448 3849 4499; x_wconf 85' lang='grc' dir='ltr'>ἐν·</span> 
     </span>
    </p>
   </div>
   <div class='ocr_carea' id='block_1_105' title="bbox 2161 4529 3843 4601">
    <p class='ocr_par' dir='ltr' id='par_1_105' title="bbox 2161 4529 3843 4601">
     <span class='ocr_line' id='line_1_105' title="bbox 2161 4529 3843 4601; baseline 0.002 -19"><span class='ocrx_word' id='word_1_945' title='bbox 2161 4530 2337 4585; x_wconf 85' lang='grc' dir='ltr'>ταῦθά</span> <span class='ocrx_word' id='word_1_946' title='bbox 2362 4547 2517 4601; x_wconf 82' lang='grc' dir='ltr'>φησι,</span> <span class='ocrx_word' id='word_1_947' title='bbox 2548 4529 2898 4585; x_wconf 73' lang='grc' dir='ltr'>Καλέσουσι</span> <span class='ocrx_word' id='word_1_948' title='bbox 2933 4532 3000 4585; x_wconf 87' lang='grc' dir='ltr'>τὸ</span> <span class='ocrx_word' id='word_1_949' title='bbox 3024 4532 3212 4601; x_wconf 78' lang='grc' dir='ltr'>ὄνομα</span> <span class='ocrx_word' id='word_1_950' title='bbox 3230 4532 3417 4587; x_wconf 79' lang='grc' dir='ltr'>αὐτοῦ</span> <span class='ocrx_word' id='word_1_951' title='bbox 3447 4531 3843 4601; x_wconf 75' lang='grc' dir='ltr'>Ἐμμανουήλ.</span> 
     </span>
    </p>
   </div>
   <div class='ocr_carea' id='block_1_106' title="bbox 2160 4619 3842 4693">
    <p class='ocr_par' dir='ltr' id='par_1_106' title="bbox 2160 4619 3842 4693">
     <span class='ocr_line' id='line_1_106' title="bbox 2160 4619 3842 4693; baseline 0.001 -20"><span class='ocrx_word' id='word_1_952' title='bbox 2160 4621 2271 4674; x_wconf 71' lang='grc' dir='ltr'>Καὶ</span> <span class='ocrx_word' id='word_1_953' title='bbox 2286 4619 2468 4683; x_wconf 90' lang='grc' dir='ltr'>πάλιν,</span> <span class='ocrx_word' id='word_1_954' title='bbox 2483 4619 2731 4674; x_wconf 86' lang='grc' dir='ltr'>Παιδίον</span> <span class='ocrx_word' id='word_1_955' title='bbox 2740 4620 3033 4691; x_wconf 75' lang='grc' dir='ltr'>ἐγεννήθη</span> <span class='ocrx_word' id='word_1_956' title='bbox 3054 4619 3355 4689; x_wconf 55' lang='lat' dir='ltr'>quamn»;</span> <span class='ocrx_word' id='word_1_957' title='bbox 3372 4621 3470 4675; x_wconf 82' lang='grc' dir='ltr'>καὶ</span> <span class='ocrx_word' id='word_1_958' title='bbox 3488 4621 3670 4690; x_wconf 81' lang='grc' dir='ltr'>ἑδόδη</span> <span class='ocrx_word' id='word_1_959' title='bbox 3687 4622 3842 4693; x_wconf 78' lang='grc' dir='ltr'>ἡμῖν,</span> 
     </span>
    </p>
   </div>
   <div class='ocr_carea' id='block_1_107' title="bbox 2160 4703 3845 4778">
    <p class='ocr_par' dir='ltr' id='par_1_107' title="bbox 2160 4703 3845 4778">
     <span class='ocr_line' id='line_1_107' title="bbox 2160 4703 3845 4778; baseline 0.002 -20"><span class='ocrx_word' id='word_1_960' title='bbox 2160 4704 2263 4760; x_wconf 76' lang='grc' dir='ltr'>καὶ</span> <span class='ocrx_word' id='word_1_961' title='bbox 2296 4703 2564 4759; x_wconf 76' lang='grc' dir='ltr'>καλεῖται</span> <span class='ocrx_word' id='word_1_962' title='bbox 2595 4703 2662 4756; x_wconf 90' lang='grc' dir='ltr'>τὸ</span> <span class='ocrx_word' id='word_1_963' title='bbox 2706 4704 2895 4774; x_wconf 76' lang='grc' dir='ltr'>ὄνομα</span> <span class='ocrx_word' id='word_1_964' title='bbox 2927 4705 3115 4759; x_wconf 78' lang='grc' dir='ltr'>αὐτοῦ</span> <span class='ocrx_word' id='word_1_965' title='bbox 3155 4705 3431 4774; x_wconf 67' lang='grc' dir='ltr'>μεγάλης</span> <span class='ocrx_word' id='word_1_966' title='bbox 3466 4705 3715 4775; x_wconf 73' lang='grc' dir='ltr'>βουλῆς</span> <span class='ocrx_word' id='word_1_967' title='bbox 3747 4707 3845 4778; x_wconf 75' lang='grc' dir='ltr'>ἆγ-</span> 
     </span>
    </p>
   </div>
   <div class='ocr_carea' id='block_1_108' title="bbox 2160 4791 3845 4866">
    <p class='ocr_par' dir='ltr' id='par_1_108' title="bbox 2160 4791 3845 4866">
     <span class='ocr_line' id='line_1_108' title="bbox 2160 4791 3845 4866; baseline 0.001 -20"><span class='ocrx_word' id='word_1_968' title='bbox 2160 4797 2356 4863; x_wconf 75' lang='grc' dir='ltr'>γελος,</span> <span class='ocrx_word' id='word_1_969' title='bbox 2396 4792 2542 4857; x_wconf 87' lang='grc' dir='ltr'>Θεὸς</span> <span class='ocrx_word' id='word_1_970' title='bbox 2588 4791 2859 4862; x_wconf 71' lang='grc' dir='ltr'>ἰσχυρὸς,</span> <span class='ocrx_word' id='word_1_971' title='bbox 2895 4792 3329 4861; x_wconf 80' lang='grc' dir='ltr'>ἐξουσιαστής.</span> <span class='ocrx_word' id='word_1_972' title='bbox 3385 4794 3495 4848; x_wconf 79' lang='grc' dir='ltr'>Καὶ</span> <span class='ocrx_word' id='word_1_973' title='bbox 3531 4794 3731 4848; x_wconf 84' lang='grc' dir='ltr'>σκόπει</span> <span class='ocrx_word' id='word_1_974' title='bbox 3767 4809 3845 4866; x_wconf 87' lang='grc' dir='ltr'>μοι</span> 
     </span>
    </p>
   </div>
   <div class='ocr_carea' id='block_1_109' title="bbox 2162 4879 3844 4953">
    <p class='ocr_par' dir='ltr' id='par_1_109' title="bbox 2162 4879 3844 4953">
     <span class='ocr_line' id='line_1_109' title="bbox 2162 4879 3844 4953; baseline 0.002 -20"><span class='ocrx_word' id='word_1_975' title='bbox 2162 4880 2459 4952; x_wconf 81' lang='grc' dir='ltr'>προφητῶν</span> <span class='ocrx_word' id='word_1_976' title='bbox 2501 4879 2744 4945; x_wconf 87' lang='grc' dir='ltr'>σύνεσιν,</span> <span class='ocrx_word' id='word_1_977' title='bbox 2779 4880 2874 4934; x_wconf 79' lang='grc' dir='ltr'>καὶ</span> <span class='ocrx_word' id='word_1_978' title='bbox 2908 4880 3289 4953; x_wconf 78' lang='grc' dir='ltr'>πνευματικὴν</span> <span class='ocrx_word' id='word_1_979' title='bbox 3330 4881 3547 4951; x_wconf 76' lang='grc' dir='ltr'>σοφίαν.</span> <span class='ocrx_word' id='word_1_980' title='bbox 3592 4883 3716 4936; x_wconf 85' lang='grc' dir='ltr'>Ἵνα</span> <span class='ocrx_word' id='word_1_981' title='bbox 3749 4885 3844 4952; x_wconf 80' lang='grc' dir='ltr'>γάρ</span> 
     </span>
    </p>
   </div>
   <div class='ocr_carea' id='block_1_110' title="bbox 2165 4967 3843 5041">
    <p class='ocr_par' dir='ltr' id='par_1_110' title="bbox 2165 4967 3843 5041">
     <span class='ocr_line' id='line_1_110' title="bbox 2165 4967 3843 5041; baseline 0.001 -20"><span class='ocrx_word' id='word_1_982' title='bbox 2165 4968 2239 5039; x_wconf 83' lang='grc' dir='ltr'>μὴ</span> <span class='ocrx_word' id='word_1_983' title='bbox 2268 4967 2455 5032; x_wconf 83' lang='grc' dir='ltr'>ἁπλῶς</span> <span class='ocrx_word' id='word_1_984' title='bbox 2500 4968 2745 5033; x_wconf 78' lang='grc' dir='ltr'>εἰπόντες</span> <span class='ocrx_word' id='word_1_985' title='bbox 2789 4968 2958 5032; x_wconf 79' lang='grc' dir='ltr'>Θεὸν,</span> <span class='ocrx_word' id='word_1_986' title='bbox 2998 4969 3298 5039; x_wconf 87' lang='grc' dir='ltr'>νομισθῶσι</span> <span class='ocrx_word' id='word_1_987' title='bbox 3337 4968 3465 5041; x_wconf 81' lang='grc' dir='ltr'>περὶ</span> <span class='ocrx_word' id='word_1_988' title='bbox 3509 4968 3603 5023; x_wconf 88' lang='grc' dir='ltr'>τοῦ</span> <span class='ocrx_word' id='word_1_989' title='bbox 3637 4970 3843 5040; x_wconf 68' lang='lat' dir='ltr'>Ila-:96;</span> 
     </span>
    </p>
   </div>
   <div class='ocr_carea' id='block_1_111' title="bbox 2160 5055 3844 5128">
    <p class='ocr_par' dir='ltr' id='par_1_111' title="bbox 2160 5055 3844 5128">
     <span class='ocr_line' id='line_1_111' title="bbox 2160 5055 3844 5128; baseline -0.002 -19"><span class='ocrx_word' id='word_1_990' title='bbox 2160 5056 2360 5126; x_wconf 87' lang='grc' dir='ltr'>λέγειν,</span> <span class='ocrx_word' id='word_1_991' title='bbox 2381 5058 2480 5128; x_wconf 84' lang='grc' dir='ltr'>τῆς</span> <span class='ocrx_word' id='word_1_992' title='bbox 2499 5056 2812 5128; x_wconf 80' lang='grc' dir='ltr'>οἰκονομίας</span> <span class='ocrx_word' id='word_1_993' title='bbox 2844 5055 3109 5128; x_wconf 84' lang='grc' dir='ltr'>πρότερον</span> <span class='ocrx_word' id='word_1_994' title='bbox 3143 5056 3479 5128; x_wconf 70' lang='grc' dir='ltr'>μέμνηνταιο</span> <span class='ocrx_word' id='word_1_995' title='bbox 3505 5057 3565 5109; x_wconf 90' lang='grc' dir='ltr'>οὐ</span> <span class='ocrx_word' id='word_1_996' title='bbox 3593 5058 3708 5128; x_wconf 80' lang='grc' dir='ltr'>γάρ</span> <span class='ocrx_word' id='word_1_997' title='bbox 3736 5057 3799 5127; x_wconf 71' lang='grc' dir='ltr'>δὴ</span> <span class='ocrx_word' id='word_1_998' title='bbox 3823 5056 3844 5106; x_wconf 82' lang='lat'>6</span> 
     </span>
    </p>
   </div>
   <div class='ocr_carea' id='block_1_112' title="bbox 2160 5145 3839 5218">
    <p class='ocr_par' dir='ltr' id='par_1_112' title="bbox 2160 5145 3839 5218">
     <span class='ocr_line' id='line_1_112' title="bbox 2160 5145 3839 5218; baseline -0.002 -18"><span class='ocrx_word' id='word_1_999' title='bbox 2160 5147 2353 5218; x_wconf 85' lang='grc' dir='ltr'>Πατήρ</span> <span class='ocrx_word' id='word_1_1000' title='bbox 2389 5146 2475 5200; x_wconf 83' lang='grc' dir='ltr'>διὰ</span> <span class='ocrx_word' id='word_1_1001' title='bbox 2521 5146 2793 5218; x_wconf 81' lang='grc' dir='ltr'>παρθένου</span> <span class='ocrx_word' id='word_1_1002' title='bbox 2841 5146 3127 5218; x_wconf 85' lang='grc' dir='ltr'>ἐγεννήθη,</span> <span class='ocrx_word' id='word_1_1003' title='bbox 3184 5146 3306 5200; x_wconf 80' lang='grc' dir='ltr'>οὐδέ</span> <span class='ocrx_word' id='word_1_1004' title='bbox 3352 5145 3564 5200; x_wconf 84' lang='grc' dir='ltr'>παιδίον</span> <span class='ocrx_word' id='word_1_1005' title='bbox 3610 5145 3839 5215; x_wconf 79' lang='grc' dir='ltr'>ἐγένετο.</span> 
     </span>
    </p>
   </div>
   <div class='ocr_carea' id='block_1_113' title="bbox 2162 5231 3840 5307">
    <p class='ocr_par' dir='ltr' id='par_1_113' title="bbox 2162 5231 3840 5307">
     <span class='ocr_line' id='line_1_113' title="bbox 2162 5231 3840 5307; baseline -0.002 -18"><span class='ocrx_word' id='word_1_1006' title='bbox 2162 5235 2332 5289; x_wconf 85' lang='grc' dir='ltr'>Πάλιν</span> <span class='ocrx_word' id='word_1_1007' title='bbox 2361 5234 2548 5307; x_wconf 81' lang='grc' dir='ltr'>ἐτερος</span> <span class='ocrx_word' id='word_1_1008' title='bbox 2598 5235 2886 5307; x_wconf 76' lang='grc' dir='ltr'>προφήτης</span> <span class='ocrx_word' id='word_1_1009' title='bbox 2919 5233 3120 5287; x_wconf 90' lang='grc' dir='ltr'>οὐτωσί</span> <span class='ocrx_word' id='word_1_1010' title='bbox 3157 5234 3275 5298; x_wconf 84' lang='grc' dir='ltr'>πώς</span> <span class='ocrx_word' id='word_1_1011' title='bbox 3313 5250 3445 5304; x_wconf 80' lang='grc' dir='ltr'>φησι</span> <span class='ocrx_word' id='word_1_1012' title='bbox 3489 5233 3622 5305; x_wconf 79' lang='grc' dir='ltr'>περὶ</span> <span class='ocrx_word' id='word_1_1013' title='bbox 3648 5231 3840 5286; x_wconf 81' lang='grc' dir='ltr'>αὐτοῦ’</span> 
     </span>
    </p>
   </div>
   <div class='ocr_carea' id='block_1_114' title="bbox 2164 5319 3841 5392">
    <p class='ocr_par' dir='ltr' id='par_1_114' title="bbox 2164 5319 3841 5392">
     <span class='ocr_line' id='line_1_114' title="bbox 2164 5319 3841 5392; baseline -0.002 -14"><span class='ocrx_word' id='word_1_1014' title='bbox 2164 5319 2354 5390; x_wconf 87' lang='grc' dir='ltr'>Οὗτος</span> <span class='ocrx_word' id='word_1_1015' title='bbox 2379 5327 2412 5378; x_wconf 81' lang='grc' dir='ltr'><em>ὁ</em></span> <span class='ocrx_word' id='word_1_1016' title='bbox 2462 5322 2605 5389; x_wconf 90' lang='grc' dir='ltr'>Θεὸς</span> <span class='ocrx_word' id='word_1_1017' title='bbox 2648 5321 2837 5392; x_wconf 75' lang='grc' dir='ltr'>ἡμῶν,</span> <span class='ocrx_word' id='word_1_1018' title='bbox 2873 5323 2946 5375; x_wconf 85' lang='grc' dir='ltr'>οὐ</span> <span class='ocrx_word' id='word_1_1019' title='bbox 2978 5321 3415 5392; x_wconf 69' lang='grc' dir='ltr'>λογισθήσεται</span> <span class='ocrx_word' id='word_1_1020' title='bbox 3448 5320 3655 5390; x_wconf 82' lang='grc' dir='ltr'>ἔτερος</span> <span class='ocrx_word' id='word_1_1021' title='bbox 3698 5320 3841 5388; x_wconf 73' lang='grc' dir='ltr'>πρὸς</span> 
     </span>
    </p>
   </div>
   <div class='ocr_carea' id='block_1_115' title="bbox 2160 5405 3838 5481">
    <p class='ocr_par' dir='ltr' id='par_1_115' title="bbox 2160 5405 3838 5481">
     <span class='ocr_line' id='line_1_115' title="bbox 2160 5405 3838 5481; baseline -0.002 -18"><span class='ocrx_word' id='word_1_1022' title='bbox 2160 5413 2368 5466; x_wconf 82' lang='grc' dir='ltr'>αὐτόν.</span> <span class='ocrx_word' id='word_1_1023' title='bbox 2422 5410 2533 5463; x_wconf 70' lang='grc' dir='ltr'>Καὶ</span> <span class='ocrx_word' id='word_1_1024' title='bbox 2560 5410 2691 5480; x_wconf 74' lang='grc' dir='ltr'>περὶ</span> <span class='ocrx_word' id='word_1_1025' title='bbox 2722 5411 2865 5473; x_wconf 91' lang='grc' dir='ltr'>τίνος</span> <span class='ocrx_word' id='word_1_1026' title='bbox 2891 5408 3049 5462; x_wconf 88' lang='grc' dir='ltr'>τοῦτό</span> <span class='ocrx_word' id='word_1_1027' title='bbox 3077 5425 3245 5479; x_wconf 84' lang='grc' dir='ltr'>φησιν</span> <span class='ocrx_word' id='word_1_1028' title='bbox 3269 5427 3284 5475; x_wconf 91' lang='lat'><strong>;</strong></span> <span class='ocrx_word' id='word_1_1029' title='bbox 3341 5405 3451 5481; x_wconf 83' lang='grc' dir='ltr'>ἆρα</span> <span class='ocrx_word' id='word_1_1030' title='bbox 3479 5410 3556 5481; x_wconf 85' lang='grc' dir='ltr'>μὴ</span> <span class='ocrx_word' id='word_1_1031' title='bbox 3593 5408 3724 5479; x_wconf 75' lang='grc' dir='ltr'>περὶ</span> <span class='ocrx_word' id='word_1_1032' title='bbox 3752 5406 3838 5460; x_wconf 87' lang='grc' dir='ltr'>τοῦ</span> 
     </span>
    </p>
   </div>
   <div class='ocr_carea' id='block_1_116' title="bbox 2161 5488 3834 5569">
    <p class='ocr_par' dir='ltr' id='par_1_116' title="bbox 2161 5488 3834 5569">
     <span class='ocr_line' id='line_1_116' title="bbox 2161 5488 3834 5569; baseline -0.002 -19"><span class='ocrx_word' id='word_1_1033' title='bbox 2161 5499 2403 5569; x_wconf 74' lang='grc' dir='ltr'>Πατρόςς</span> <span class='ocrx_word' id='word_1_1034' title='bbox 2449 5498 2750 5568; x_wconf 76' lang='grc' dir='ltr'>Οὐδαμῶςο</span> <span class='ocrx_word' id='word_1_1035' title='bbox 2810 5498 3043 5551; x_wconf 84' lang='grc' dir='ltr'>ἄκουσον</span> <span class='ocrx_word' id='word_1_1036' title='bbox 3088 5497 3197 5569; x_wconf 71' lang='grc' dir='ltr'>γάρ</span> <span class='ocrx_word' id='word_1_1037' title='bbox 3231 5496 3349 5561; x_wconf 88' lang='grc' dir='ltr'>πῶς</span> <span class='ocrx_word' id='word_1_1038' title='bbox 3396 5498 3494 5549; x_wconf 71' lang='grc' dir='ltr'>καὶ</span> <span class='ocrx_word' id='word_1_1039' title='bbox 3532 5488 3690 5559; x_wconf 83' lang='grc' dir='ltr'>οὗτος</span> <span class='ocrx_word' id='word_1_1040' title='bbox 3719 5495 3834 5565; x_wconf 75' lang='grc' dir='ltr'>περὶ</span> 
     </span>
    </p>
   </div>
   <div class='ocr_carea' id='block_1_117' title="bbox 2160 5578 3833 5659">
    <p class='ocr_par' dir='ltr' id='par_1_117' title="bbox 2160 5578 3833 5659">
     <span class='ocr_line' id='line_1_117' title="bbox 2160 5578 3833 5659; baseline 0.001 -22"><span class='ocrx_word' id='word_1_1041' title='bbox 2160 5585 2260 5656; x_wconf 82' lang='grc' dir='ltr'>τῆς</span> <span class='ocrx_word' id='word_1_1042' title='bbox 2303 5585 2613 5656; x_wconf 83' lang='grc' dir='ltr'>οἰκονομίας</span> <span class='ocrx_word' id='word_1_1043' title='bbox 2662 5585 2944 5657; x_wconf 85' lang='grc' dir='ltr'>ἐμνήσθη·</span> <span class='ocrx_word' id='word_1_1044' title='bbox 3004 5584 3177 5641; x_wconf 77' lang='grc' dir='ltr'>εἰπὼν</span> <span class='ocrx_word' id='word_1_1045' title='bbox 3218 5584 3348 5659; x_wconf 82' lang='grc' dir='ltr'>γὰρ,</span> <span class='ocrx_word' id='word_1_1046' title='bbox 3402 5578 3593 5651; x_wconf 77' lang='grc' dir='ltr'>Οὗτος</span> <span class='ocrx_word' id='word_1_1047' title='bbox 3624 5585 3662 5640; x_wconf 77' lang='grc' dir='ltr'><em>ὁ</em></span> <span class='ocrx_word' id='word_1_1048' title='bbox 3696 5579 3833 5647; x_wconf 75' lang='grc' dir='ltr'>Θεὸς</span> 
     </span>
    </p>
   </div>
   <div class='ocr_carea' id='block_1_118' title="bbox 2228 5813 2882 5877">
    <p class='ocr_par' dir='ltr' id='par_1_118' title="bbox 2228 5813 2882 5877">
     <span class='ocr_line' id='line_1_118' title="bbox 2228 5813 2882 5877; baseline -0.003 -14"><span class='ocrx_word' id='word_1_1049' title='bbox 2228 5816 2249 5844; x_wconf 71' lang='grc' dir='ltr'>θ</span> <span class='ocrx_word' id='word_1_1050' title='bbox 2277 5813 2482 5874; x_wconf 77' lang='lat' dir='ltr'>Quidam</span> <span class='ocrx_word' id='word_1_1051' title='bbox 2502 5814 2882 5877; x_wconf 76' lang='grc' dir='ltr'>καταδεέστερος.</span> 
     </span>
    </p>
   </div>
  </div>
