3918 6370
132 355 214 407 75]·
1000 359 1086 413 DE
1128 354 1803 412 lNCO.\lPREHEl\'SlBILl
1854 354 1962 409 DEI
1995 353 2298 409 NATUIL—L
2337 352 2401 409 Υ.

126 491 229 532 cum
256 472 425 528 videre
454 486 641 542 posse,
678 471 727 525 id
757 470 1117 526 additamento
1160 470 1249 521 illo
1291 469 1461 538 palam
1503 467 1625 522 fecit
1655 485 1669 521 :

125 582 225 620 cum
252 564 384 618 enim
416 564 631 617 dixisset
657 606 672 621 .
705 561 908 615 Patrem
940 577 1082 614 nemo
1108 561 1229 614 vidit
1253 577 1511 629 umquam,
1545 561 1676 614 sub-

125 659 287 721 iunxit,
341 656 457 709 Nisi
500 656 544 710 is
595 655 681 725 qui
714 664 793 705 est
827 670 887 708 ea:
928 653 1072 715 Deo;
1104 653 1183 705 hic
1208 653 1331 706 vidit
1360 652 1589 707 Patrem.
1620 652 1675 706 Si

123 749 241 803 enim
270 746 570 817 simpliciter
597 745 836 809 dixisset,
866 758 1008 797 nemo
1032 784 1047 809 ,
1078 744 1228 796 multi
1255 758 1320 796 ex
1347 743 1678 796 auditoribus

123 839 163 894 id
205 838 265 891 de
310 848 490 891 natura
536 846 735 890 tantum
768 846 947 890 nostra
976 835 1176 889 dictum
1208 843 1521 903 putassent:
1565 835 1675 903 jam

123 944 246 991 vero,
273 942 388 981 cum
413 937 687 996 postquam
716 926 943 991 dixerat,
968 942 1133 990 nemo,
1157 925 1338 991 addat,
1368 926 1463 978 nisi
1488 923 1532 976 F
1535 924 1673 988 ilius,

123 1016 461 1085 hocuuigeniti
489 1015 847 1070 additameuto
864 1031 1079 1070 omnem
1107 1024 1404 1069 creaturam
1429 1015 1674 1068 exclusit.

120 1106 235 1174 Quid
262 1121 404 1174 ergo,
422 1106 585 1172 dices,
616 1106 870 1175 numquid
900 1115 953 1160 et
979 1105 1233 1176 Spiritum
1262 1115 1502 1160 sanctum
1521 1109 1543 1159 ’ἰ
1574 1106 1676 1159 Ne-

122 1212 374 1267 quaquam,
399 1213 569 1266 neque
597 1198 737 1253 enim
766 1198 854 1251 ille
885 1213 1006 1266 pars
1027 1206 1389 1251 creaturarum
1414 1206 1515 1251 est.
1548 1197 1676 1251 lliud

124 1304 249 1353 vero,
279 1304 455 1352 nemo,
483 1287 548 1341 ad
574 1298 935 1342 creaturarum
968 1297 1169 1342 tantum
1211 1289 1494 1343 discrimen
1537 1305 1680 1343 seni-

124 1394 201 1447 per
227 1378 451 1448 ponitur.

178 1468 328 1522 Filius
371 1478 418 1521 et
464 1467 689 1540 Spiritus
738 1468 801 1522 S.
840 1468 1048 1522 Patrem
1093 1472 1309 1540 perfecte
1347 1476 1576 1522 noscunt.
1606 1497 1679 1507 —

123 1557 209 1614 Nec
244 1560 285 1612 si
327 1559 394 1614 de
436 1560 593 1614 Patre
621 1558 848 1624 dicatur,
885 1559 1074 1613 Filium
1102 1558 1335 1613 excludit
1359 1600 1374 1625 ,
1408 1574 1506 1612 nec
1537 1558 1578 1612 si
1611 1557 1677 1612 de

120 1649 262 1716 Filio,
302 1648 557 1719 Spiritum
597 1659 857 1704 sanctum.
883 1648 954 1706 Ut
982 1659 1159 1704 autem
1188 1650 1273 1703 vel
1298 1649 1419 1703 inde
1448 1649 1675 1703 demon-

123 1751 259 1796 strem
303 1741 459 1805 illud,
492 1757 672 1807 nemo,
716 1758 819 1794 non
866 1740 934 1795 ad
962 1740 1192 1811 Spiritus
1235 1741 1441 1804 sancti,
1474 1739 1566 1793 sed
1608 1739 1675 1793 ad

122 1841 345 1886 creatura:
384 1832 748 1887 exclusionem
778 1832 974 1886 dictum
1019 1847 1173 1897 esse,
1224 1832 1290 1886 de
1329 1830 1514 1885 eadem
1564 1831 1674 1900 ipsa

125 1920 409 1993 cognitione,
462 1939 620 1993 quam
669 1924 835 1977 solius
879 1924 1003 1977 Filii
1037 1938 1157 1977 esse
1205 1922 1366 1988 dicit,
1402 1922 1676 1976 audiamus

126 2015 223 2081 quid
260 2029 384 2068 voce
407 2056 422 2079 ,
466 2015 633 2076 novit,
672 2014 904 2068 adhibita
943 2015 1137 2069 Paulus
1165 2013 1457 2069 Corinthiis
1494 2013 1671 2068 dicat:

126 2102 223 2167 Quis
240 2104 361 2158 enim
387 2106 552 2158 novit‘
571 2120 683 2173 quae
702 2113 817 2158 sunt
839 2104 1076 2169 hominis,
1091 2105 1188 2157 nisi
1209 2104 1416 2174 spiritus
1436 2103 1673 2168 hominis,

125 2195 189 2259 qui
205 2204 269 2247 est
294 2195 344 2247 in
369 2194 479 2265 ipso
501 2193 526 2247 .9
546 2192 629 2247 Ita
656 2205 703 2248 et
732 2210 845 2264 qua:
868 2194 957 2248 Dei
979 2206 1091 2248 sunt
1114 2196 1283 2249 nullus
1308 2196 1554 2265 cognovit,
1579 2195 1675 2249 nisi

126 2282 312 2352 Spiritus
340 2284 430 2338 Dei
457 2286 534 2356 (ι.
568 2285 686 2340 Cor.
715 2285 767 2338 2.
808 2287 909 2357 Η).
934 2286 1080 2342 Sicut
1119 2287 1275 2355 igitur
1300 2285 1386 2341 hic
1424 2303 1524 2341 vox
1556 2287 1672 2352 illa,

126 2392 259 2441 nemo,
291 2394 392 2431 non
423 2379 660 2432 excludit
692 2378 918 2444 Filium;
949 2379 1025 2433 sic
1050 2388 1102 2433 et
1131 2395 1249 2433 enm
1278 2379 1342 2434 de
1363 2379 1574 2434 Christo
1597 2380 1676 2433 di-

124 2467 248 2531 citur,
280 2483 379 2522 vox
411 2470 601 2524 eadem
621 2513 635 2535 ,
667 2486 812 2524 nemo
832 2513 845 2535 ,
876 2487 978 2524 non
1006 2472 1239 2525 excludit
1265 2471 1517 2541 Spiritum
1549 2487 1673 2526 sau-

124 2566 252 2611 ctum.
280 2560 427 2615 Patet
451 2577 585 2632 ergo
611 2578 797 2616 verum
837 2577 955 2617 esse
982 2562 1121 2633 quod
1152 2563 1403 2617 diximus.
1441 2562 1497 2617 Si
1532 2563 1672 2617 enim

126 2664 219 2703 cum
252 2651 465 2715 dicitur,
501 2651 665 2706 Nemo
696 2654 829 2707 novit
859 2652 1071 2707 Patrem
1094 2695 1108 2719 ,
1141 2654 1239 2707 nisi
1283 2654 1327 2707 is
1366 2653 1453 2723 qui
1477 2670 1540 2706 ex
1572 2653 1674 2707 Deo

127 2749 194 2803 est,
220 2740 436 2809 Spiritus
465 2752 683 2798 sanctus
716 2744 1111 2809 excluderetur,
1139 2744 1330 2798 frustra
1361 2743 1555 2798 Paulus
1590 2744 1674 2797 di-

127 2839 267 2898 ceret,
296 2833 438 2889 Sicut
480 2834 642 2888 homo
672 2850 788 2905 qua:
814 2844 933 2890 sunt
960 2851 1053 2891 sua
1078 2837 1240 2901 novit,
1270 2837 1345 2891 sic
1370 2845 1424 2891 et
1446 2836 1674 2906 Spiritus

126 2934 301 2980 sanctus
336 2942 453 2996 qua:
493 2938 619 2981 sunt
647 2928 739 2982 Dei
769 2940 1016 2982 accurate
1046 2929 1210 2984 novit.
1234 2928 1434 2982 Eodem
1464 2944 1674 2999 qunque

126 3015 250 3070 modo
275 3033 367 3071 vox
398 3019 513 3086 illa,
545 3035 691 3084 unus,
724 3019 934 3079 dicitur.
969 3020 1213 3074 eamdem
1255 3021 1449 3089 quippe
1476 3022 1581 3074 vim
1618 3031 1672 3075 et

127 3116 396 3172 potestatem
429 3109 611 3164 habet.
645 3109 777 3164 Illud
809 3126 934 3165 vero
973 3111 1279 3166 consideres
1313 3112 1500 3174 velim,
1533 3110 1675 3167 Unus

128 3194 234 3252 Deus
255 3198 419 3264 Pater,
454 3202 664 3270 inquit,
697 3218 759 3255 ea:
796 3218 893 3271 quo
933 3203 1103 3255 omnia
1130 3217 1149 3254 :
1170 3211 1215 3254 et
1257 3218 1389 3255 unus
1429 3200 1673 3257 Dominus

126 3286 243 3344 lesus
266 3292 513 3360 Christus,
545 3310 633 3362 per
682 3310 824 3363 quem
855 3295 1023 3347 omnia
1074 3291 1184 3367 (Id.
1230 3295 1281 3349 8.
1316 3293 1394 3364 6).
1445 3294 1574 3348 Nam
1628 3295 1673 3349 si

128 3394 177 3433 eo
199 3384 317 3452 quod
340 3400 474 3440 unus
496 3385 706 3441 dicatur
729 3402 847 3442 esse
870 3387 1008 3441 Deus
1030 3387 1205 3454 Pater,
1230 3387 1397 3441 Filius
1419 3403 1448 3442 a
1477 3387 1674 3443 deitate

128 3474 481 3544 excluderetur;
518 3478 678 3532 etiam
718 3478 859 3549 quod
902 3495 1036 3533 unus
1067 3478 1273 3533 dicatur
1304 3480 1558 3534 Dominus
1587 3479 1675 3533 Fi-

130 3563 234 3629 lius,
261 3569 406 3626 Pater
452 3587 482 3625 a
532 3570 897 3625 dominatione
922 3570 1330 3626 excluderetur:
1361 3571 1500 3640 atqui
1532 3572 1672 3640 quod

129 3656 311 3729 dicatur,
332 3663 475 3720 Unus
505 3664 761 3718 Dominus
786 3664 944 3719 .lesus
964 3662 1225 3737 Christus,
1254 3665 1302 3719 id
1334 3664 1542 3720 Patrem
1566 3682 1671 3719 non

128 3750 317 3806 excludit
338 3769 368 3808 a
406 3754 805 3820 dominatione;
828 3769 955 3824 ergo
983 3770 1154 3824 neque
1185 3754 1352 3808 Filius
1376 3756 1673 3812 excluditur

128 3852 149 3889 ει
175 3840 340 3901 deitate
365 3861 483 3901 cum
508 3845 725 3912 dicitur,
752 3845 915 3900 Deum
942 3860 1061 3900 esse
1082 3847 1312 3900 Patrem.

179 3929 221 3983 2.
247 3934 384 3999 Quod
406 3937 448 3990 si
478 3937 675 3991 iterum
696 3934 898 4000 dicant,
928 3935 1049 3991 ideo
1076 3936 1284 3990 Patrem
1310 3952 1470 3991 unum
1500 3937 1667 3993 Deum

128 4018 223 4087 dici,
243 4026 370 4095 quod
396 4027 566 4082 Filius
597 4028 716 4082 licet
742 4028 903 4093 Deus,
937 4043 1040 4083 non
1070 4027 1189 4081 talis
1211 4037 1384 4082 tamen
1414 4028 1553 4083 Deus
1574 4030 1661 4089 sit,

128 4114 264 4179 qualis
281 4116 445 4185 Pater,
466 4134 543 4175 ex
569 4133 753 4173 eorum
778 4118 1211 4173 distinctionibus
1232 4119 1361 4174 illud
1384 4119 1666 4175 dicendum
1732 4182 1735 4187 ι

128 4204 397 4275 relinquitur
422 4212 640 4280 (neque
670 4211 810 4265 enim
837 4226 932 4266 nos
955 4211 1005 4264 id
1037 4226 1285 4280 umquam
1313 4211 1663 4284 dixerimus),

129 4307 281 4363 nempe
303 4299 417 4355 ideo
444 4300 643 4354 Filium
666 4300 844 4355 vocari
877 4300 1181 4366 Dominum,
1215 4301 1336 4369 quia
1364 4301 1483 4353 licet
1514 4302 1668 4356 Pater

127 4382 177 4435 sit
200 4385 451 4456 Dominus,
477 4406 588 4445 non
621 4398 798 4445 tamen
827 4391 945 4445 talis
980 4390 1236 4444 Dominus
1258 4431 1271 4455 ,
1304 4391 1474 4459 qualis
1501 4391 1665 4447 Filius

127 4483 204 4529 est.
239 4480 377 4547 Quod
422 4485 466 4537 si
512 4484 615 4537 hoc
654 4483 872 4553 impium
900 4492 1014 4547 est,
1046 4498 1219 4552 neque
1243 4484 1386 4553 prius
1410 4484 1535 4538 illud
1566 4485 1669 4538 dici

128 4572 277 4633 PGssit.
304 4575 402 4630 Sed
425 4576 875 4647 quemadmodum
903 4577 1053 4642 illud,
1082 4575 1223 4631 Unus
1250 4576 1498 4630 Dominus
1517 4619 1531 4643 ,
1563 4593 1667 4631 non

128 4660 326 4717 excludit
363 4666 576 4720 Patrem
619 4681 649 4720 a
687 4666 916 4735 perfecta
948 4665 1311 4723 dominatione
1335 4707 1349 4731 ,
1383 4681 1553 4735 neque
1579 4667 1669 4721 uni

129 4754 294 4805 tantum
323 4754 457 4810 Filio
497 4756 644 4810 illam
685 4755 976 4823 adscribit;
1023 4756 1091 4809 ita
1128 4771 1302 4826 neque
1337 4755 1487 4820 illud,
1526 4754 1672 4810 Unus

127 4835 266 4904 Deus,
293 4845 479 4901 Filium
508 4846 743 4903 excludit
773 4863 799 4900 a
830 4862 958 4902 vera
979 4888 994 4914 ,
1031 4863 1281 4918 germana
1322 4857 1376 4903 et
1418 4848 1624 4904 sincera
1648 4850 1669 4881 ¹

127 4925 287 4989 deitate
307 4976 320 5000 ,
348 4954 519 5009 neque
545 4939 611 4993 ad
638 4939 851 4994 Patrem
892 4940 1063 4994 solum
1105 4941 1373 5009 pertinere
1415 4941 1667 4995 ostendit.

128 5019 251 5085 Quod
274 5029 407 5084 enim
432 5032 571 5086 Deus
594 5033 664 5087 sit
685 5031 868 5101 Filius,
892 5042 945 5088 et
966 5032 1087 5087 talis
1110 5034 1273 5099 Deus,
1296 5035 1468 5105 qualis
1490 5036 1666 5091 Pater.

130 5109 229 5167 dum
255 5124 421 5174 tamen
444 5120 610 5176 Filius
634 5132 814 5178 manet
838 5165 852 5190 ,
883 5138 946 5178 ex
978 5122 1095 5193 ipso
1124 5123 1486 5181 additamento
1513 5127 1672 5197 liqui-

127 5201 228 5260 dum
260 5219 355 5264 est.
394 5211 526 5267 Nam
558 5215 600 5269 si
633 5215 763 5269 illud
791 5231 983 5270 nomen
1006 5258 1020 5281 ,
1052 5215 1224 5281 Deus,
1266 5216 1437 5272 Patris
1467 5227 1667 5273 tantum

128 5305 257 5363 esset,
286 5316 452 5371 neque
476 5303 632 5358 aliam
666 5306 818 5361 nobis
855 5305 1165 5377 hypostasin
1205 5306 1506 5377 significare
1545 5323 1669 5377 pos-

170 5507 183 5581 }
212 5511 338 5561 savil.
365 5523 415 5567 et
446 5519 651 5581 maxima
675 5532 785 5581 pars
805 5526 930 5581 5155.,
956 5518 1216 5569 Audiamus
1238 5520 1365 5577 quod
1395 5518 1663 5571 Corinthios

123 5563 671 5642 ammissum;
678 5563 1213 5642 Sesamiiriaza:
1219 5563 1671 5640 erasa-ansis}?

124 5633 809 5712 ﬁlf-nljggl..yero,_audiamus
827 5633 953 5712 quod
976 5643 1110 5712 circa
1137 5633 1349 5704 verbum,
1374 5642 1520 5706 novit,
1548 5653 1676 5694 Pau-

128 5685 1182 5765 laceratasua:wws'niaé‘aa

174 5751 193 5782 ³
218 5761 368 5824 vom,
390 5769 434 5813 et
456 5751 679 5829 sincera,
694 5751 1183 5829 aestimanti-ius
1206 5767 1329 5816 aliis.

3269 355 3372 410 758

1782 474 1887 533 set,
1917 466 2018 520 nisi
2045 466 2186 521 illam
2216 467 2388 522 solum
2417 465 2705 537 ingenitam
2730 476 2784 522 et
2810 467 3069 537 primam;
3096 475 3278 537 utpote
3299 470 3374 523 illi

1781 560 1880 614 soli
1924 561 2199 629 proprium
2247 568 2301 613 ct
2344 559 2459 628 ejus
2498 560 2930 630 signiﬁcativnm,
2964 557 3137 615 Patris
3165 560 3374 614 addita-

1783 661 2024 705 mentum
2056 650 2321 721 supertlne
2341 651 2567 720 jaceret.
2598 652 2741 707 Satis
2771 653 2915 707 enim
2958 663 3103 708 esset
3141 652 3374 715 dixisse,

1786 738 1930 795 Unus
1954 740 2089 795 Deus
2108 784 2122 805 ,
2151 750 2208 796 ut
2233 742 2301 797 de
2331 758 2437 812 quo
2462 742 2739 798 diceretur
2781 743 3203 813 intelligeremus
3236 761 3249 796 :
3282 744 3374 797 sed

1782 830 1903 899 quia
1934 831 2061 885 illud
2091 848 2307 898 nomen,
2340 833 2500 896 Deus,
2538 848 2825 888 commune
2854 843 2940 888 est
2965 834 3102 888 Patri
3132 844 3185 888 et
3210 834 3372 897 Filio,

1782 933 1837 977 et
1879 940 2001 978 cum
2049 925 2243 978 Paulus
2286 926 2508 990 dicens,
2556 924 2697 981 Unus
2735 926 2894 993 Deus,
2923 942 3028 981 non
3051 927 3377 996 significaret

1782 1016 1849 1070 de
1878 1032 1982 1085 quo
2015 1016 2294 1086 loquatur;
2324 1018 2445 1071 ideo
2480 1018 2650 1072 Patris
2684 1018 3048 1082 additamento
3087 1035 3217 1074 usus
3262 1027 3374 1084 est,

1784 1116 1839 1160 ut
1869 1107 2130 1161 indicaret
2155 1122 2213 1161 se
2238 1108 2304 1162 de
2332 1109 2499 1176 prima
2529 1118 2581 1161 et
2623 1109 2854 1178 ingenita
2889 1109 3161 1180 hypostasi
3194 1109 3373 1178 loqui,

1783 1198 1926 1268 quod
1956 1199 2127 1252 solum
2160 1199 2254 1253 Dei
2285 1215 2479 1254 nomen
2510 1200 2676 1270 ipsam
2712 1201 2984 1256 declarare
3017 1218 3120 1254 non
3154 1210 3371 1269 posset:

1781 1291 1903 1360 quia
1945 1291 2076 1345 illud
2103 1306 2390 1347 commune
2419 1293 2488 1347 sit
2516 1293 2677 1346 etiam
2719 1292 2894 1346 Filio:
2920 1293 3133 1346 nomina
3173 1292 3373 1360 quippe

1781 1384 1881 1435 alia
1911 1392 2035 1436 sunt
2060 1384 2384 1450 communia,
2412 1384 2516 1437 alia
2548 1384 2780 1453 propria.
2805 1382 3120 1438 Communia
3165 1392 3222 1435 ut
3266 1399 3370 1436 non

1780 1472 1998 1528 differre
2027 1474 2379 1528 substantiam
2412 1474 2760 1541 ostendatur;
2791 1476 3006 1546 prOpria
3039 1484 3099 1529 ut
3129 1475 3371 1544 proprie-

1783 1571 1865 1617 tas
1896 1563 2263 1634 hypostasium
2294 1564 2621 1619 declaretur.

1854 1650 2019 1717 Illud,
2047 1653 2184 1706 Deus
2202 1663 2246 1705 et
2272 1653 2420 1718 illud,
2442 1654 2716 1717 Dominus,
2743 1651 2885 1707 Patri
2913 1662 2959 1707 et
2990 1652 3128 1708 Filio
3150 1671 3374 1708 commu-

1782 1743 1889 1797 nia.
1915 1772 1986 1782 —
2011 1743 2141 1797 Illud
2172 1744 2365 1813 itaque,
2394 1745 2552 1798 Pater
2578 1754 2631 1799 et
2663 1746 2848 1810 Filius,
2873 1745 3182 1801 alterutrius
3208 1747 3375 1817 hypo-

1781 1844 1988 1890 staseos
2018 1836 2289 1905 proprium
2321 1846 2435 1901 est;
2461 1837 2586 1892 illud
2612 1853 2738 1891 vero
2765 1880 2780 1901 ,
2808 1839 2947 1894 Deus
2986 1846 3038 1892 et
3082 1838 3368 1903 Dominus,

1780 1940 2063 1981 commune
2090 1937 2190 1981 est.
2229 1928 2361 1994 Quia
2412 1928 2570 1997 igitur
2596 1944 2880 1985 commune
2920 1943 3112 1983 nomen
3158 1928 3369 1997 posuit,

1785 2016 1927 2072 Unus
1958 2016 2116 2084 Deus,
2148 2018 2363 2089 proprio
2390 2019 2607 2074 nomine
2646 2035 2783 2089 Opus
2821 2019 3019 2084 habuit,
3073 2030 3129 2073 ut
3167 2034 3369 2088 cogno-

1780 2124 1959 2165 sceres
1987 2110 2054 2164 de
2079 2126 2184 2179 quo
2215 2112 2541 2181 loqueretur,
2576 2126 2644 2166 ne
2676 2112 2726 2165 in
2754 2111 2968 2166 Sabellii
3002 2112 3258 2165 insaniam
3287 2111 3370 2165 in-

1778 2199 2096 2255 cideremus.
2123 2199 2272 2268 Quod
2303 2202 2444 2255 enim
2479 2201 2605 2254 illud
2637 2217 2853 2267 nomen,
2886 2200 3041 2265 Deus,
3074 2201 3244 2269 majus
3265 2216 3369 2254 non

1780 2288 1849 2343 sit
1878 2291 1967 2345 illo
1986 2330 1999 2352 ,
2031 2288 2278 2345 Dominus
2297 2333 2312 2357 ,
2344 2306 2515 2361 neque
2547 2291 2675 2345 illud
2699 2333 2714 2356 ,
2743 2290 3013 2356 Dominus,
3042 2290 3212 2360 majus
3241 2290 3370 2356 illo,

1778 2369 1937 2445 Deus,
1969 2379 2091 2435 hinc
2118 2380 2455 2435 manil‘estdm
2486 2389 2587 2437 est.
2615 2381 2670 2435 In
2694 2380 2872 2435 Veteri
2906 2381 3245 2435 Testamento
3274 2381 3371 2435 Pa-

1781 2478 1863 2525 ter
1894 2472 2199 2541 frequenter
2227 2473 2481 2528 Dominus
2508 2480 2730 2526 vocatur
2761 2490 2774 2524 :
2808 2471 3058 2526 Dominus
3098 2472 3258 2536 Deus,
3286 2472 3371 2526 in-
3408 2530 3411 2539 ί

1780 2563 1912 2630 quit,
1955 2562 2201 2618 Dominus
2230 2581 2358 2618 unus
2397 2572 2467 2616 est
2508 2566 2527 2634 (
2556 2563 2722 2617 Exod.
2753 2562 2844 2617 20.
2883 2561 2953 2633 Ξ)
2981 2581 2993 2615 :
3026 2578 3089 2617 ac
3131 2577 3369 2629 rursum,

1780 2650 2053 2706 Dominum
2074 2653 2237 2707 Deum
2255 2664 2393 2707 tuum
2414 2654 2671 2719 adorabis,
2696 2664 2739 2706 et
2765 2655 2842 2707 illi
2865 2654 2959 2707 soli
2987 2655 3167 2707 servies
3189 2652 3369 2722 (Deut.

1779 2741 1832 2796 6.
1869 2742 1970 2816 15)
2001 2762 2013 2797 :
2047 2728 2313 2814 itemque,
2344 2745 2567 2816 Magnus
2603 2745 2850 2799 Dominus
2891 2756 3058 2799 noster
3100 2756 3145 2799 et
3188 2763 3373 2816 magna

1778 2834 1936 2888 virtus
1957 2835 2086 2902 eius,
2109 2846 2154 2890 et
2174 2838 2434 2905 sapientia:
2455 2837 2562 2907 ejus
2585 2854 2683 2890 non
2706 2848 2774 2891 est
2796 2854 3031 2891 numerus
3049 2837 3217 2907 (Psal.
3244 2837 3366 2892 HG.

1780 2925 1834 2996 5)
1865 2944 1877 2980 :
1907 2928 2225 2997 iterumque,
2256 2928 2573 3000 Cognoscant
2598 2930 2718 3000 quia
2762 2946 2941 2983 nomen
2973 2930 3060 2982 tibi
3084 2928 3369 2993 Dominus;

1779 3029 1833 3072 tu
1858 3019 1997 3072 solus
2021 3020 2296 3073 altissimus
2327 3022 2376 3074 in
2408 3022 2545 3074 omni
2569 3032 2702 3074 terra
2728 3021 2747 3092 (
2770 3020 2911 3073 Psal.
2940 3020 3029 3074 82.
3056 3020 3121 3073 19
3138 3021 3179 3089 ).
3211 3021 3369 3089 Atqui

1779 3112 1820 3165 si
1868 3111 1956 3164 illa
2000 3126 2099 3163 vox
2151 3111 2327 3164 minor
2369 3121 2512 3165 esset
2550 3126 2714 3177 voce,
2754 3110 2923 3177 Deus,
2956 3119 3010 3164 et
3037 3110 3247 3180 indigna
3281 3111 3369 3163 illa

1778 3203 2067 3257 substantia
2097 3242 2113 3268 ,
2146 3217 2250 3255 non
2282 3203 2563 3257 dicendum
2594 3213 2709 3258 erat
2732 3243 2747 3268 ,
2787 3202 3102 3273 Cognoscant
3132 3202 3249 3271 quia
3278 3218 3369 3255 no-

1778 3310 1892 3346 men
1935 3293 2022 3347 tibi
2063 3292 2335 3348 Dominus.
2368 3295 2596 3348 Rursum
2626 3296 2670 3348 si
2699 3309 2800 3348 vox
2829 3294 2913 3347 illa
2933 3333 2949 3358 ,
2990 3291 3160 3358 Deus,
3199 3292 3371 3363 major

1778 3393 1920 3438 esset
1965 3386 2054 3440 illa
2079 3428 2094 3449 ,
2122 3384 2403 3449 Dominus,
2434 3394 2487 3440 et
2519 3385 2899 3449 honorabilior,
2942 3399 3047 3438 non
3096 3392 3369 3452 oporteret

1781 3476 1993 3542 Filium,
2026 3477 2316 3532 secundum
2350 3478 2468 3532 illos
2498 3477 2785 3541 minorem,
2810 3476 3034 3530 nomine
3059 3475 3198 3545 quod
3225 3475 3367 3529 Patri

1778 3571 2060 3623 conveniat
2102 3571 2312 3633 vocari,
2343 3570 2603 3640 siquidem
2643 3569 2717 3623 illi
2761 3570 2858 3624 soli
2893 3568 3162 3638 proprium
3201 3578 3367 3622 esset.

1779 3660 1848 3712 At
1874 3674 1978 3713 non
2010 3661 2078 3714 ita
2108 3675 2237 3715 sane
2264 3676 2351 3716 res
2374 3675 2431 3714 se
2458 3659 2638 3715 habet.
2664 3660 2845 3729 Neque
2873 3660 3012 3713 enim
3039 3659 3203 3714 Filius
3223 3660 3368 3714 Patri

1779 3748 2021 3814 inferior,
2068 3766 2240 3819 neque
2284 3751 2492 3804 Domini
2539 3765 2734 3804 nomen
2781 3751 2995 3805 nomine
3049 3750 3140 3804 Dei
3187 3750 3364 3804 vilius.

1776 3840 2132 3908 Quamobrem
2162 3842 2308 3895 etde
2349 3841 2504 3895 Patre
2534 3850 2586 3894 ct
2620 3842 2688 3895 de
2726 3840 2862 3894 Filio
2905 3839 3366 3895 indiscriminatim

1781 3931 1862 3985 his
1891 3932 2338 4000 appellationibus
2381 3932 2543 3986 utitur
2572 3932 2865 4001 Scriptura.
2903 3930 3363 3998 Quemadmodum
3430 3930 3438 3936 ’

1779 4023 1938 4092 igitur
1961 4024 2186 4077 audistis
2216 4023 2425 4078 Patrem
2454 4025 2733 4077 Dominum
2761 4024 3039 4092 appellari,
3067 4039 3163 4093 age
3186 4033 3368 4078 osten-

1777 4114 1962 4168 damus
1995 4114 2182 4168 Filium
2207 4118 2367 4169 etiam
2393 4115 2556 4169 Deum
2585 4114 2760 4169 vocari
2791 4132 2804 4168 :
2833 4112 2967 4169 Ecce
2991 4114 3130 4183 virgo
3155 4114 3205 4165 in
3227 4123 3367 4166 utero

1779 4205 1994 4269 habebit,
2020 4216 2067 4260 et
2095 4208 2253 4276 pariet
2280 4207 2462 4274 ﬁlium,
2490 4216 2537 4259 et
2563 4205 2805 4259 rocabunt
2828 4220 3004 4257 nomen
3028 4204 3135 4271 ejus
3155 4200 3365 4254 Emma-

1777 4298 1915 4359 nuel,
1949 4298 2085 4367 quod
2106 4306 2179 4350 est
2208 4295 2607 4365 interpretatum,
2637 4297 2893 4349 nobiscum
2917 4292 3057 4348 Deus
3080 4293 3284 4366 (Hesai.
3305 4293 3358 4347 7.

1780 4387 1866 4441 M.
1899 4385 2083 4439 Matth.
2118 4388 2167 4440 1.
2195 4386 2324 4457 25).
2357 4385 2546 4440 Vidisti
2578 4395 2632 4440 et
2665 4386 2806 4440 Patri
2836 4400 3029 4440 nomen
3061 4384 3187 4438 illud
3208 4424 3223 4448 ,
3259 4382 3368 4436 Do-

1777 4482 1975 4549 minus,
2006 4492 2059 4535 et
2097 4481 2235 4535 Filio
2271 4495 2464 4535 nomen
2492 4480 2621 4534 illud
2661 4478 2801 4533 Deus
2825 4479 3075 4534 adscribi.
3104 4478 3369 4545 Quemado

1780 4575 1996 4629 modum
2028 4574 2167 4629 enim
2194 4572 2300 4625 illic
2318 4573 2392 4625 ait
2416 4589 2429 4624 :
2457 4571 2771 4641 Cognoscant
2797 4571 2915 4641 quia
2942 4587 3122 4624 nomen
3146 4570 3234 4623 tibi
3251 4568 3365 4624 Do-

1779 4667 1944 4721 minus
1967 4664 2139 4736 (Psal.
2170 4664 2259 4719 82.
2295 4663 2414 4733 l9);
2448 4664 2525 4717 sic
2552 4672 2605 4717 et
2634 4662 2736 4716 hoc
2779 4662 2897 4716 loco
2923 4662 3071 4720 dicit.
3110 4660 3366 4714 Vocabunt
3409 4689 3413 4693 -

1780 4773 1961 4811 nomen
1991 4758 2099 4828 ejus
2130 4754 2433 4810 Emmanuel
2448 4771 2468 4819 ;
2494 4769 2553 4808 ac
2579 4769 2812 4817 rursum,
2844 4751 2977 4805 Puer
3000 4762 3148 4805 natus
3169 4765 3240 4805 est
3269 4769 3366 4805 no-

1779 4848 1872 4912 bis,
1903 4857 1950 4900 et
1978 4848 2117 4916 ﬁlius
2147 4846 2294 4899 datus
2333 4853 2403 4899 est
2447 4844 2622 4908 nobis,
2663 4853 2707 4897 et
2751 4843 3006 4897 vocabitur
3030 4858 3210 4895 nomen
3236 4843 3364 4911 ejus,

1779 4939 1951 5008 magni
1978 4939 2176 4991 consilii
2202 4937 2433 5006 angelus,
2464 4934 2604 4989 Deus
2639 4935 2815 5005 fortis,
2849 4943 3024 5005 potens
3052 4936 3069 5003 (
3096 4932 3276 4986 Ilesai.
3308 4932 3362 4986 9.

1781 5028 1859 5098 6).
1890 5028 2268 5082 Animadverte
2299 5026 2426 5079 mihi
2459 5025 2838 5094 prophetarum
2868 5023 3224 5093 prudentiam,
3250 5023 3364 5092 spi-

1780 5121 2134 5190 ritualemque
2163 5120 2497 5188 sapientiam.
2521 5117 2652 5171 Nam
2684 5131 2751 5171 ne
2784 5116 3097 5185 simpliciter
3123 5115 3363 5170 dicentes

1778 5210 1976 5277 Deum,
2000 5210 2067 5265 de
2093 5209 2251 5264 Patre
2282 5209 2426 5278 loqui
2458 5216 2799 5277 putarentur,
2827 5206 3183 5262 oeconomiam
3201 5247 3216 5271 ,
3246 5207 3285 5259 i.
3313 5222 3361 5261 e.

1782 5301 2201 5355 incarnationem
2222 5341 2237 5365 ,
2273 5301 2417 5369 prius
2456 5306 2986 5353 commemorarent:
3018 5311 3192 5368 neque
3220 5297 3363 5351 enim

1777 5394 1936 5449 Pater
1959 5394 2028 5449 de
2057 5394 2272 5463 Virgine
2305 5401 2461 5447 natus
2490 5399 2609 5457 est,
2654 5406 2826 5461 neque
2854 5405 2985 5459 puer
3014 5389 3131 5444 fuit.
3162 5390 3370 5444 Rursus

1779 5486 1915 5540 alter
1942 5484 2198 5553 propheta
2225 5485 2302 5539 sic
2328 5483 2395 5539 de
2425 5484 2539 5552 ipso
2568 5482 2802 5552 loquitur
2827 5500 2842 5536 :
2877 5480 2978 5536 Hic
2998 5480 3139 5535 Deus
3168 5487 3365 5540 noster,

1778 5593 1878 5630 non
1903 5576 2231 5630 wstimabitur
2265 5574 2396 5628 alius
2424 5573 2664 5627 adversus
2692 5589 2808 5627 eum
2846 5571 2865 5644 (
2888 5571 3011 5627 Bar.
3042 5573 3094 5628 3.
3125 5571 3193 5627 56
3213 5569 3255 5642 ).
3289 5571 3363 5625 De

1778 5681 2009 5737 quonam
2053 5666 2168 5720 haec
2209 5665 2319 5720 ait?
2351 5663 2487 5719 Num
2517 5664 2586 5721 de
2611 5665 2809 5719 Patre?
2835 5663 3197 5734 Nequaquam.
3228 5662 3366 5723 Audi

1776 5758 1919 5814 enim
1947 5773 2052 5828 quo
2082 5765 2234 5827 pacto
2270 5765 2322 5813 et
2365 5756 2480 5826 ipse
2517 5753 2871 5812 oeconomiam
2908 5762 3212 5812 memoret:
3241 5766 3365 5809 cum
