3918 6362
522 362 630 417 759

531 476 671 531 cnim
699 474 940 535 dixisset,
976 474 1075 529 llic
1103 474 1236 529 Deus
1263 484 1449 535 uoster,
1482 491 1581 528 non
1623 473 1953 528 (estimabitur
1977 473 2111 526 alius

530 566 768 620 adversus
793 583 924 630 eum,
957 566 1025 619 ita
1056 567 1243 636 pergit,
1276 566 1475 619 Invenit
1495 581 1691 619 onmem
1718 564 1849 616 viam
1873 563 2111 627 scientia';

530 666 575 710 et
603 655 741 709 dedit
781 673 891 709 eam
936 655 1097 710 Iacob
1140 674 1294 728 puero
1334 673 1461 719 suo,
1497 665 1543 710 et
1583 654 1749 709 Israel
1791 655 1971 708 dilecto
2001 671 2113 707 suo.

532 744 661 800 Post
688 747 795 800 Ιιωσ
821 747 874 800 in
903 746 1049 800 terris
1077 747 1210 801 visus
1237 756 1311 799 est
1334 787 1349 811 ,
1379 755 1426 799 et
1451 763 1566 799 cum
1592 744 1877 799 hominibus
1912 759 2119 799 conver-

530 847 670 891 satus
699 845 771 890 est
800 835 1025 909 (Baruch
1052 834 1202 892 5.37.
1228 834 1560 904 38).Paulus
1575 849 1704 890 vero
1754 853 1769 891 :
1818 832 1906 888 Ea:
1940 834 2120 903 quibus

531 926 760 981 Christus
785 925 1057 979 secundum
1085 940 1289 979 carnem
1308 966 1323 991 ,
1364 926 1450 996 qui
1484 934 1556 979 est
1595 942 1746 995 super
1783 925 1953 978 omnia
1978 922 2120 978 Deus

534 1016 819 1069 benedictus
844 1016 896 1069 in
924 996 1145 1082 sieoula,
1175 1032 1323 1070 amen
1355 1017 1372 1086 (
1401 1016 1552 1071 Rom.
1581 1015 1633 1071 9.
1662 1013 1735 1087 5)
1761 1033 1773 1068 :
1801 1025 1857 1070 et.
1884 1030 2113 1079 rursum,

536 1105 714 1158 Omnis
740 1106 1038 1175 fornicator,
1083 1115 1174 1159 aut
1214 1121 1398 1161 avarus
1428 1122 1529 1160 non
1570 1106 1767 1159 habebit
1794 1105 2121 1158 hereditatem

531 1200 583 1250 in
612 1213 764 1269 regno
788 1196 977 1254 Christi
1001 1207 1049 1251 et
1082 1198 1175 1252 Dei
1201 1199 1219 1269 (
1241 1198 1432 1267 Ephes.
1463 1200 1516 1254 5.
1542 1197 1648 1270 5):
1674 1199 1988 1268 iterumque,
2017 1194 2122 1249 Per

531 1291 802 1343 adventum
841 1290 1013 1361 magni
1056 1289 1153 1344 Dei
1199 1300 1245 1345 et
1290 1290 1572 1345 Saluatoris
1601 1291 1759 1345 nostri
1783 1288 1908 1343 Jesu
1935 1287 2123 1342 Christi

535 1381 553 1449 (
601 1379 709 1434 Tit.
763 1379 818 1435 2.
879 1380 948 1436 15
990 1381 1031 1453 ).
1064 1381 1299 1437 Joannes
1326 1388 1536 1452 quoque
1572 1383 1650 1438 sic
1690 1382 1931 1436 nominat
1955 1395 2075 1436 eum
2102 1421 2117 1445 ,

533 1487 653 1523 cum
684 1471 834 1534 dicit,
867 1470 935 1526 In
978 1472 1233 1543 principio
1262 1484 1371 1527 erat
1411 1473 1627 1527 Verbum
1646 1515 1660 1537 ,
1689 1483 1737 1528 et
1772 1471 1988 1527 Verbum
2014 1481 2121 1527 erat

532 1561 672 1630 apud
692 1560 877 1629 Deum,
900 1572 946 1615 et
972 1560 1112 1617 Deus
1139 1574 1245 1617 erat
1280 1563 1495 1617 Verbum
1523 1562 1699 1636 (Ioan.
1734 1564 1786 1618 1.
1813 1562 1888 1635 1).

606 1652 658 1705 5.
687 1650 800 1705 Hoc
831 1652 1020 1719 fateor,
1051 1653 1261 1724 inquies
1282 1696 1298 1722 ,
1326 1654 1421 1709 sed
1449 1654 1575 1710 illud
1612 1654 1834 1710 ostende
1857 1695 1871 1719 ,
1904 1653 2120 1709 ubinam

533 1748 657 1790 eum
688 1736 846 1790 Patre
875 1735 1069 1823 Filiu’m
1101 1738 1451 1809 conjungens,
1480 1739 1763 1793 Dominum
1790 1738 2002 1793 Patrem
2023 1752 2117 1807 ap-
2165 1776 2168 1783 η

538 1829 717 1896 pellet.
750 1829 860 1899 Ego
880 1845 1010 1885 vero
1040 1846 1145 1886 non
1174 1831 1225 1886 id
1256 1841 1459 1886 tantum
1482 1831 1786 1896 ostendam,
1814 1829 1908 1885 sed
1935 1830 2119 1896 etiam,

535 1924 675 1991 quod
698 1924 976 1979 Dominum
998 1926 1232 1992 Patrem,
1259 1934 1314 1981 et
1342 1926 1621 1981 Dominum
1646 1924 1842 1980 Filium
1863 1923 2118 1996 appellet,

535 2015 807 2084 etiamque
836 2015 1046 2069 Patrem
1078 2017 1242 2070 Deum
1270 2026 1324 2070 et
1350 2015 1543 2071 Filium
1573 2015 1763 2081 Deum,
1791 2023 2014 2084 utraque
2044 2014 2120 2068 si-

536 2108 647 2161 mul
678 2107 890 2161 nomina
925 2122 1150 2176 ponens.
1188 2107 1412 2163 Ubinam
1443 2107 1558 2163 haec
1595 2105 1968 2176 reperiuntur?
1989 2103 2121 2159 Cum

534 2199 735 2253 Juda~is
770 2198 1056 2268 aliquando
1092 2200 1369 2269 disputans
1407 2199 1651 2254 Christus
1680 2199 1790 2253 ait:
1823 2197 1960 2265 Quid
1985 2196 2122 2251 vobis

536 2289 732 2342 videtur
751 2291 813 2344 de
836 2289 1078 2344 Christo?
1104 2289 1260 2357 Cuius
1288 2289 1426 2358 ﬁlius
1453 2290 1564 2344 est?
1595 2287 1785 2343 Dicunt
1813 2289 1857 2343 ei
1885 2304 1904 2343 :
1931 2287 2117 2342 David.

543 2378 674 2431 Dicit
700 2381 810 2433 eis:
843 2380 1107 2447 Quomodo
1146 2397 1263 2452 ergo
1295 2381 1461 2435 David
1502 2381 1553 2435 in
1595 2381 1777 2451 spiritu
1825 2388 1968 2433 vocat
2009 2395 2122 2432 eum

541 2470 832 2537 Dominum,
862 2473 1031 2525 dicens
1049 2487 1068 2525 :
1098 2472 1237 2525 Dixit
1265 2471 1515 2526 Dominus
1545 2470 1762 2525 Domino
1788 2487 1917 2538 meo,
1948 2470 2066 2525 sede
2091 2487 2123 2523 a

536 2561 726 2616 dextris
755 2563 877 2617 meis
908 2561 1130 2634 (Matth.
1174 2563 1266 2617 22.
1307 2563 1378 2617 42
1398 2563 1505 2617 -44
1525 2562 1744 2633 )‘iEcce
1783 2561 2041 2617 Dominus
2069 2570 2123 2617 et

540 2652 817 2709 Dominus.
850 2654 890 2709 Ν
900 2655 1014 2709 isne
1052 2653 1262 2709 discere
1301 2654 1389 2708 ubi
1415 2654 1628 2710 Patrem
1656 2663 1710 2711 et
1738 2655 1930 2710 Filium
1960 2654 2121 2709 simul

539 2745 736 2814 positos
765 2745 929 2800 Deum
957 2755 1010 2800 et
1035 2745 1200 2800 Deum
1230 2746 1423 2801 vocet?
1450 2746 1586 2800 Audi
1614 2746 1927 2817 prophetam
1951 2744 2116 2799 David

535 2846 590 2892 ct
618 2838 915 2907 apostolum
946 2837 1169 2892 Paulum
1197 2837 1300 2892 hoc
1348 2838 1520 2908 ipsum
1556 2838 1709 2894 nobis
1747 2837 2117 2893 declarantes:

539 2925 771 2983 Thronus
795 2939 911 2983 tuus
933 2928 1070 2983 Deus
1092 2929 1145 2983 in
1171 2930 1412 2984 steculum
1437 2931 1629 2998 swculi,
1650 2932 1792 3002 virga
1812 2931 2116 2997 directionis,

549 3013 699 3083 virga
735 3014 883 3083 regni
914 3015 1010 3068 tui.
1038 3012 1290 3069 Dilexisti
1307 3016 1571 3086 justitiam
1598 3026 1650 3073 et
1681 3018 1846 3074 odisti
1875 3021 2127 3092 iniquita-

533 3112 672 3156 tem:
697 3113 975 3173 propterea
999 3107 1150 3159 unxit
1175 3114 1225 3160 te
1245 3105 1409 3171 Deus,
1445 3108 1587 3163 Deus
1610 3117 1752 3173 tuus,
1777 3110 1890 3165 oleo
1915 3111 2122 3166 laetitia:

529 3212 642 3265 pra:
659 3197 990 3251 consortibus
1012 3199 1119 3253 tuis
1141 3200 1317 3267 (Psal.
1337 3199 1646 3269 44.7;Heb.
1668 3203 1718 3257 1.
1741 3203 1796 3258 8.
1821 3202 1897 3275 9).
1920 3202 2124 3258 Paulus

533 3302 754 3343 rursum
791 3289 896 3346 hoc
911 3291 1285 3346 testimonium
1312 3292 1535 3348 adducit
1555 3295 1643 3349 his
1672 3295 1891 3351 verbis:
1920 3295 2002 3350 Ad
2024 3313 2123 3350 an-

531 3381 672 3451 gelos
697 3382 909 3451 quidem
931 3382 1097 3437 dicit:
1120 3384 1225 3450 Qui
1243 3385 1373 3455 facit
1397 3386 1612 3456 angelos
1644 3403 1768 3441 suos
1795 3387 2039 3456 spiritus;
2056 3387 2124 3441 ad

528 3470 641 3526 Fili
649 3489 736 3526 um
754 3482 957 3529 autem:
976 3474 1219 3530 Thronus
1240 3486 1382 3544 tuus,
1404 3475 1571 3545 Deus,
1586 3480 1642 3533 in
1660 3479 1916 3535 saxulum
1934 3482 2122 3537 steculi

529 3562 718 3633 (Hebr.
753 3566 805 3619 1.
854 3566 887 3619 7
917 3567 1037 3638 -9).
1075 3567 1194 3636 Qua
1229 3569 1298 3625 de
1332 3584 1502 3628 causa
1540 3571 1653 3637 hic,
1706 3571 1910 3643 inquit,
1955 3573 2121 3629 Deum

538 3652 756 3709 Patrem
778 3656 1016 3711 vocavit.
1041 3656 1238 3712 Filium
1264 3674 1397 3715 vero
1424 3660 1713 3718 Dominum
1737 3662 1760 3715 ?

606 3737 765 3794 Pauli
790 3741 1059 3811 prudentia
1091 3743 1145 3796 in
1188 3742 1430 3799 docendo.
1455 3773 1527 3785 —
1550 3744 1664 3800 Non
1693 3754 1911 3812 temere,
1944 3763 2116 3819 neque

532 3828 729 3884 frustra
758 3830 810 3885 id
841 3829 944 3885 hoc
969 3831 1089 3888 loco
1116 3831 1272 3899 fecit;
1301 3833 1398 3888 sed
1440 3835 1561 3905 quia
1609 3835 1864 3891 adversus
1888 3838 2115 3907 gentiles

533 3920 724 3991 agebat
750 3921 972 3976 deorum
1003 3923 1407 3992 multiplicitatis
1447 3925 1635 3981 morbo
1677 3927 2000 3982 laborantes.
2038 3928 2115 3984 Ne

534 4013 713 4082 itaque
754 4013 853 4083 ipsi
898 4014 1137 4071 dicerent
1166 4033 1181 4071 :
1216 4016 1349 4070 Dum
1383 4033 1478 4072 nos
1508 4016 1720 4074 incusas
1747 4019 1888 4089 quod
1916 4020 2114 4075 multos

530 4105 662 4161 deos
686 4106 946 4175 dicamus,
973 4116 1027 4161 et
1054 4108 1248 4164 multos
1274 4108 1538 4174 dominos,
1569 4120 1623 4165 tu
1655 4111 1768 4180 ipse
1793 4111 1979 4166 iisdem
2005 4113 2112 4167 cri-

530 4199 760 4254 minibus
801 4200 1067 4256 obnoxius
1113 4201 1568 4271 deprehenderis,
1619 4203 1745 4258 dum
1791 4203 1956 4271 deos,
2005 4221 2111 4260 non

529 4293 691 4347 deum
730 4291 906 4346 dicis:
941 4293 1063 4348 ideo
1093 4294 1303 4349 illorum
1349 4294 1644 4349 inﬁrmitati
1690 4309 1809 4350 sese
1846 4305 2111 4366 attempe-

529 4399 655 4438 rans
695 4382 920 4452 Filium,
952 4387 1058 4440 vim
1101 4387 1342 4442 eamdem
1387 4388 1704 4453 habentem,
1748 4390 1854 4444 alio
1894 4390 2112 4446 nomine

530 4477 756 4528 vocavit.
790 4476 943 4543 Quod
969 4487 1144 4533 autem
1168 4479 1296 4533 illud
1326 4480 1396 4533 sit
1426 4496 1631 4546 verum,
1660 4482 1704 4535 si
1735 4481 1909 4538 locum
1951 4484 2111 4538 altius

528 4576 830 4637 repetamus
875 4569 1020 4626 clare
1061 4572 1398 4641 intelligetis,
1445 4588 1549 4627 non
1595 4588 1664 4628 ex
1707 4583 1884 4630 nostra
1914 4577 2110 4647 quippe

528 4659 832 4727 conjectura
862 4660 1163 4731 loquimur:
1195 4662 1274 4717 De
1293 4664 1354 4717 iis
1376 4674 1572 4731 autem,
1602 4681 1715 4736 qua:
1737 4666 1885 4721 idolis
1913 4668 2111 4736 sacriﬁ-

525 4761 743 4820 cantur,
789 4755 975 4808 scimus
1009 4754 1245 4824 quoniam
1273 4771 1446 4810 omnes
1499 4757 1757 4810 scientiam
1807 4758 2105 4813 habemus‘.

527 4844 752 4898 Scientia
779 4844 954 4913 inﬂat,
985 4845 1172 4899 caritas
1204 4860 1319 4899 vero
1353 4846 1593 4915 tedi/icat.
1631 4847 1705 4901 De
1745 4849 1869 4903 escis
1896 4859 2105 4919 autem,

524 4950 637 5005 qua:
680 4934 833 4989 idolis
864 4936 1239 5004 sacriﬁcantur,
1280 4937 1467 4991 scimus
1495 4939 1730 5007 quoniam
1757 4940 1885 4994 nihil
1896 4950 1969 4995 est
1995 4943 2111 4996 ida-

525 5028 629 5078 lum
656 5027 708 5079 in
725 5026 934 5088 mundo,
957 5036 1003 5079 et
1018 5028 1256 5096 quoniam
1277 5026 1447 5081 nullus
1468 5027 1602 5081 Deus
1623 5029 1722 5082 nisi
1743 5046 1870 5084 unus
1890 5032 1964 5103 (1.
1984 5032 2102 5086 Cor.

525 5116 576 5169 8.
615 5118 665 5171 1.
697 5118 776 5186 4).
814 5115 973 5174 Vides
1006 5132 1129 5172 eum
1177 5118 1430 5173 adversus
1470 5134 1563 5174 eos
1606 5120 1767 5190 loqui,
1796 5123 1885 5191 qui
1929 5124 2105 5192 plures

520 5208 652 5263 deos
677 5224 800 5264 esse
824 5212 1109 5279 putarent?
1130 5209 1268 5265 Nam
1298 5213 1390 5266 etsi
1414 5222 1531 5267 sunt
1561 5214 1726 5281 multi,
1757 5216 1843 5282 qui
1868 5216 2106 5270 dicamur

521 5298 613 5363 dii,
662 5309 707 5351 et
752 5300 945 5355 demitti
970 5302 1134 5365 multi,
1158 5303 1261 5358 sive
1286 5303 1338 5356 in
1367 5304 1515 5368 cado,
1546 5305 1650 5358 sive
1671 5305 1724 5358 in
1753 5318 1884 5359 terra
1927 5305 2101 5379 (Ibid.

518 5402 567 5442 ν.
608 5386 700 5461 5);
722 5405 906 5445 rursus
926 5392 1106 5446 eosita
1131 5392 1404 5465 impugnat
1429 5412 1441 5447 :
1469 5393 1536 5449 Ut
1560 5406 1693 5449 certe
1711 5406 1827 5449 sunt
1845 5397 1917 5450 dii
1937 5398 2099 5465 multi,

523 5488 579 5531 et
596 5480 790 5534 domini
816 5484 1002 5549 multi;
1032 5484 1085 5538 id
1116 5493 1217 5551 est,
1243 5486 1333 5556 qui
1368 5487 1446 5541 sic
1469 5486 1740 5553 dicuntur,
1769 5488 1909 5543 nobis
1936 5499 2101 5544 tamen

525 5587 657 5625 unus
675 5572 815 5628 Deus
839 5573 1018 5642 Pater,
1042 5592 1108 5631 ea:
1129 5593 1225 5647 quo
1245 5580 1414 5633 omnia
1436 5594 1455 5632 :
1475 5588 1522 5633 et
1538 5595 1667 5634 unus
1687 5579 1934 5633 Dominus
1952 5578 1985 5632 J
1990 5595 2102 5636 esus

526 5705 909 5824 ἱηῆαἶγθὲωδιδε.
943 5710 1130 5764 habent
1172 5726 1188 5764 :
1221 5712 1272 5766 si
1310 5712 1560 5766 scientiam
1604 5685 1832 5767 habemus
1847 5750 1863 5779 ,
1894 5718 2096 5770 scientia

662 5809 675 5833 ,
724 5802 817 5819 νυν·

1248 361 1305 418 S.
1346 361 1621 417 JOANNIS
1656 358 2126 415 CIIRYSOSTUMI
2167 357 2486 416 ARClilEP.
2528 357 3064 416 CONSTANTINOP.

3600 394 3613 407 ε
3710 358 3815 417 τω

2228 471 2478 535 Christus,
2507 488 2596 541 per
2623 489 2766 542 quem
2795 474 2982 526 omnia.
3014 472 3135 527 ideo
3167 472 3290 527 illud
3319 474 3496 537 etiam,
3532 490 3685 539 unus,
3716 476 3813 529 ad-

2221 564 2347 630 jecit
2393 579 2459 615 ne
2500 577 2709 616 rursum
2756 563 2829 617 illi
2875 563 3319 632 multipliritatem
3364 564 3585 619 deorum
3631 565 3813 621 induci

2226 660 2509 721 putarent:
2540 669 2807 723 unumque
2857 655 3021 708 Deum
3063 654 3276 708 Patrem
3327 656 3564 722 vocavit,
3606 671 3714 710 non
3759 666 3815 711 ttt

2225 744 2440 811 ejiceret
2468 742 2656 799 Filium
2683 760 2712 798 a
2743 744 2941 800 deitate
2972 763 2985 811 ;
3017 746 3151 800 sicut
3173 753 3226 800 et
3259 745 3442 800 Filium
3469 788 3483 812 ,
3515 762 3681 801 unum
3706 746 3814 800 Do-

2226 836 2447 901 minum,
2475 850 2579 889 non
2608 845 2666 891 ut
2692 837 2910 906 ejiceret
2938 837 3146 892 Patrem
3174 853 3203 891 a
3226 836 3609 903 dominatione,
3631 837 3728 891 sed
3760 847 3816 891 ut

2227 928 2436 982 illorum
2470 928 2831 985 infirmitatem
2858 930 3189 997 emendaret,
3214 931 3521 1001 nullamque
3551 932 3655 985 illis
3677 946 3808 1000 pra).

2226 1017 2377 1073 beret
2415 1033 2618 1072 ansam.
2662 1019 2815 1087 Quod
2860 1021 3032 1090 ipsum
3066 1022 3115 1074 in
3153 1035 3311 1076 causa
3341 1020 3441 1075 fuit
3468 1036 3563 1075 cur
3589 1020 3812 1088 Judmis,

2226 1124 2334 1163 non
2378 1109 2521 1165 clare
2563 1119 2615 1165 et
2657 1111 2965 1178 manifeste,
2996 1111 3091 1167 sed
3126 1112 3352 1167 obscure
3388 1128 3615 1183 raroque
3642 1111 3814 1166 Filius

2226 1200 2319 1255 Dei
2365 1215 2396 1255 a
2441 1202 2713 1271 prophetis
2743 1202 3151 1272 significaretur.
3181 1203 3312 1257 Cum
3350 1204 3491 1257 enim
3537 1216 3708 1271 nuper
3744 1200 3813 1255 ab

2225 1307 2409 1347 errore
2437 1293 2665 1361 plurium
2693 1293 2915 1349 deorum
2938 1292 3155 1348 abducti
3182 1303 3381 1359 essent,
3406 1293 3449 1347 si
3481 1308 3693 1347 rursum
3717 1309 3811 1345 au-

2226 1384 2451 1449 dissent,
2469 1383 2629 1439 deum
2652 1395 2705 1439 et
2726 1384 2906 1451 deum,
2930 1400 3115 1439 rursus
3138 1385 3189 1439 in
3211 1384 3454 1440 eumdem
3470 1385 3809 1448 recidisseut,

2227 1475 2490 1529 morbum.
2519 1474 2647 1531 Ideo
2677 1474 2989 1547 frequenter
3017 1477 3293 1548 propheta:
3328 1475 3532 1539 dicunt,
3569 1475 3714 1530 Unus
3741 1484 3811 1527 est

2228 1565 2384 1633 Deus,
2415 1577 2461 1621 et
2491 1576 2671 1638 prwter
2690 1586 2804 1622 eum
2833 1569 3003 1624 nullus
3032 1577 3103 1622 est
3126 1567 3303 1637 (Deut.
3326 1569 3380 1623 4.
3404 1568 3492 1623 55.
3520 1567 3696 1622 llesai.
3717 1568 3808 1620 45.

2226 1659 2282 1714 5.
2304 1659 2419 1730 2i).
2438 1658 2554 1714 Non
2579 1660 2722 1730 quod
2744 1659 2937 1715 Filium
2969 1668 3191 1731 negent;
3217 1659 3377 1727 absit,
3403 1659 3495 1715 sed
3518 1667 3573 1714 ut
3594 1659 3810 1713 illorum

2226 1750 2589 1806 inﬁrmitatem
2616 1760 2888 1818 curarent,
2922 1752 3159 1823 ipsisque
3187 1751 3399 1807 interim
3423 1751 3731 1816 suaderent,
3756 1759 3812 1804 ut

2225 1857 2255 1897 a
2284 1842 2569 1898 multorum
2600 1859 2700 1899 nec
2724 1859 2851 1899 vere
2885 1844 3257 1899 cxsistcntium
3299 1845 3521 1897 deorum
3561 1841 3811 1912 opinione

2226 1935 2571 1992 absisterent.
2603 1936 2736 1992 Cum
2765 1936 2923 2007 igitur
2946 1935 3158 2001 audies,
3187 1952 3318 1989 unus
3342 1944 3397 1989 et
3420 1934 3592 1988 nullus
3611 1976 3625 2000 ,
3653 1943 3709 1988 et
3735 1935 3809 1988 si-

2226 2028 2392 2093 milia,
2425 2044 2493 2083 ne
2521 2028 2796 2084 Trinitatis
2814 2029 3035 2099 gloriam
3066 2030 3306 2091 minuas,
3353 2027 3448 2081 sed
3485 2034 3686 2096 quanto
3731 2026 3807 2079 in-

2228 2106 2449 2177 tervallo
2471 2136 2501 2175 a
2528 2131 2770 2176 creatura
2813 2121 2973 2176 distet
3015 2120 3140 2176 hinc
3186 2118 3411 2194 ediscas.
3444 2118 3654 2173 Etenim
3684 2117 3807 2170 alibi

2224 2226 2435 2283 quoque
2458 2211 2586 2267 dicit
2616 2230 2629 2267 :
2665 2212 2789 2276 Quis
2817 2212 2948 2265 enim
2973 2213 3108 2265 novit
3133 2227 3331 2266 sensum
3361 2207 3568 2263 Domini
3593 2209 3610 2278 (
3631 2207 3805 2262 Hesai.

2226 2305 2434 2362 40.13.
2481 2304 2632 2359 Rom.
2660 2306 2751 2360 11.
2786 2303 2936 2378 '54)?
2970 2303 3121 2372 Quod
3160 2313 3336 2358 autem
3379 2317 3447 2356 ne
3468 2302 3553 2355 hic
3599 2315 3807 2370 quoque

2225 2401 2417 2457 Filium
2445 2402 2526 2455 vel
2548 2399 2799 2471 Spiritum
2831 2409 3071 2457 sanetum
3097 2401 3164 2457 ab
3191 2400 3278 2455 illa
3306 2400 3608 2470 cognitione
3626 2400 3806 2456 exclu-

2225 2492 2336 2559 dat,
2363 2493 2472 2563 jam
2502 2508 2661 2562 supra
2690 2492 3111 2549 demonstratum
3143 2501 3260 2558 est,
3293 2490 3503 2562 quando
3532 2490 3633 2545 hoc
3662 2491 3807 2545 testi-

2224 2584 2462 2639 monium
2489 2583 2807 2639 adduximus
2837 2602 2850 2639 :
2887 2584 3012 2651 Quis
3038 2584 3169 2638 enim
3194 2584 3327 2636 novit
3355 2598 3469 2652 qua:
3493 2593 3608 2636 sunt
3642 2584 3806 2637 homi-

2225 2678 2332 2745 nis,
2365 2678 2463 2731 nisi
2489 2678 2696 2749 spiritus
2735 2678 2986 2744 hominis,
3018 2678 3102 2748 qui
3129 2686 3201 2731 est
3237 2677 3288 2730 in
3326 2676 3481 2745 ipso?
3521 2674 3605 2729 Ita
3630 2685 3675 2730 et
3699 2692 3808 2746 qure

2226 2769 2319 2824 Dei
2346 2778 2462 2825 sunt
2491 2770 2663 2824 nullus
2686 2770 2933 2840 cognovit,
2962 2771 3058 2824 nisi
3086 2769 3309 2839 Spiritus
3350 2767 3449 2821 Dei
3490 2769 3579 2837 (l.
3607 2769 3724 2823 Cor.
3751 2768 3805 2822 2.

2225 2858 2316 2933 11)
2340 2877 2356 2916 :
2383 2875 2447 2916 ac
2475 2875 2685 2916 rursum
2720 2860 2884 2915 Filius
2908 2860 2983 2913 ait
3011 2878 3024 2914 :
3059 2857 3225 2913 Nemo
3268 2858 3402 2911 novit
3438 2857 3628 2912 Filium
3651 2898 3668 2924 ,
3714 2859 3807 2911 nisi

2226 2954 2381 3009 Pater
2407 2970 2428 3009 :
2454 2970 2609 3025 neque
2637 2952 2840 3008 Patrem
2866 2954 2978 3024 quis
3005 2954 3172 3020 novit,
3202 2953 3299 3007 nisi
3329 2951 3496 3008 Filius
3522 2951 3691 3023 (Luc.
3720 2952 3804 3009 1ο.

2222 3044 2348 3116 9.2).
2390 3045 2476 3100 Sic
2498 3055 2550 3100 ct
2572 3044 2671 3100 hoc
2696 3044 2816 3100 loco
2838 3062 2852 3098 :
2878 3044 2998 3098 Non
3024 3048 3139 3116 quia
3170 3042 3375 3099 Patrem
3403 3045 3513 3115 quis
3533 3045 3686 3109 vidit,
3712 3044 3809 3099 uisi

2221 3138 2308 3210 qui
2331 3146 2404 3190 est
2430 3153 2493 3190 ex
2520 3135 2626 3191 Deo
2655 3152 2673 3189 :
2699 3136 2780 3190 hic
2811 3137 2931 3190 vidit
2961 3135 3170 3190 Patrem
3198 3135 3379 3207 (Joan.
3407 3135 3459 3191 6.
3488 3135 3601 3207 46).
3636 3135 3803 3192 Simul

2222 3229 2364 3282 enim
2392 3236 2448 3283 et
2470 3228 2704 3298 perfecte
2734 3228 2881 3283 illum
2908 3242 3101 3307 nosse,
3142 3236 3197 3283 et
3238 3242 3454 3282 causam
3484 3242 3582 3282 cur
3606 3243 3805 3298 cogno-

2220 3328 2356 3388 scat,
2385 3321 2623 3390 apponit.
2650 3319 2905 3388 Qumnam
2950 3319 3066 3375 hinc
3127 3319 3325 3375 causa?
3353 3319 3615 3387 Quoniam
3644 3334 3717 3374 ex
3743 3334 3805 3374 eo

2222 3423 2303 3467 est
2334 3429 2348 3466 ἶ
2379 3426 2447 3467 ex
2488 3426 2553 3465 ΕΟ
2581 3421 2759 3467 autem
2787 3392 2909 3467 esse
2937 3426 3152 3466 l'lll'Slll'll
3182 3410 3582 3466 demonstratur
3607 3426 3677 3465 ex
3707 3426 3800 3474 80,

2220 3501 2362 3572 quod
2391 3503 2563 3573 ipsum
2594 3512 2903 3573 cognoscat.
2934 3494 3340 3558 ldcirco'autem
3374 3502 3518 3557 illum
3542 3502 3688 3558 clare
3711 3518 3803 3557 no-

2219 3596 2313 3659 vit,
2337 3594 2460 3665 quia
2487 3609 2553 3649 ex
2585 3594 2701 3665 ipso
2725 3603 2844 3660 est;
2892 3594 3103 3665 signum
3132 3608 3261 3649 vero
3288 3593 3432 3663 quod
3467 3608 3533 3649 ex
3575 3594 3693 3662 ipso
3739 3595 3803 3648 sit

2220 3685 2347 3740 illud
2389 3698 2507 3754 ρει,
2550 3685 2694 3757 quod
2739 3686 2883 3741 clare
2923 3695 3210 3756 cognoscat
3254 3686 3445 3755 ipsum.
3495 3683 3801 3740 Substantia

2218 3778 2412 3849 quippe
2437 3766 2788 3834 substantiam
2814 3781 3147 3850 superiorem
3177 3794 3284 3834 non
3324 3778 3491 3848 probe
3519 3793 3682 3832 nosse
3711 3792 3800 3847 po-

2220 3876 2358 3937 test,
2386 3869 2596 3925 etiamsi
2626 3885 2791 3941 parvo
2816 3871 3097 3926 intervallo
3122 3870 3305 3926 distet.
3330 3870 3466 3925 Audi
3502 3870 3647 3924 enim
3675 3856 3799 3941 quid

2218 3962 2287 4018 de
2316 3963 2519 4034 angelis
2546 3962 2803 4034 pr0plteta
2835 3963 2998 4028 dicat,
3032 3963 3296 4032 simulque
3329 3961 3397 4017 de
3433 3961 3664 4016 humana
3705 3976 3798 4016 ua-

2218 4062 2371 4119 tura,
2419 4053 2560 4123 quod
2604 4053 2873 4109 modicum
2920 4054 2989 4108 sit
3033 4053 3173 4107 inter
3218 4061 3500 4121 utramque
3554 4058 3797 4105 naturam

2216 4145 2527 4199 discrimen.
2570 4144 2701 4200 Cum
2745 4145 2887 4198 enim
2934 4144 3175 4211 dixisset,
3204 4144 3341 4208 Quid
3363 4153 3437 4198 est
3465 4143 3637 4209 homo,
3668 4144 3799 4214 quod

2216 4253 2406 4291 memor
2442 4254 2493 4291 es
2541 4239 2688 4309 ejus?
2736 4247 2824 4290 aut
2867 4238 3004 4307 ﬁlius
3052 4237 3307 4302 hominis,
3333 4236 3569 4307 quoniam
3595 4247 3798 4305 reputas

2214 4344 2327 4381 eum
2353 4326 2522 4397 (Psal.
2551 4328 2604 4383 8.
2634 4328 2686 4383 5.
2715 4328 2805 4397 6)?
2832 4328 3026 4397 adjecit
3053 4345 3068 4381 :
3100 4327 3330 4381 Minuiin
3366 4342 3479 4379 eum
3517 4325 3673 4394 paulo
3699 4326 3795 4378 mi-

2214 4436 2311 4474 nus
2334 4420 2396 4473 ab
2425 4420 2636 4491 angelis.
2664 4421 2909 4474 Attamen
2944 4420 3071 4475 licet
3099 4418 3313 4489 pablum
3340 4418 3408 4471 sit
3434 4415 3759 4470 discriminis
3778 4455 3794 4479 ,

2213 4515 2335 4584 quia
2380 4523 2560 4568 tamen
2599 4512 2811 4580 aliquod
2860 4511 3081 4567 interest
3125 4509 3445 4573 discrimen,
3487 4508 3794 4575 angelorum

2213 4607 2563 4662 substantiam
2594 4621 2698 4659 non
2726 4614 2975 4660 accurate
3018 4604 3287 4665 novimus,
3329 4602 3557 4671 licetque
3601 4601 3796 4656 millies

2214 4699 2677 4771 philosophemur,
2710 4699 2948 4768 reperire
2977 4713 3083 4752 non
3115 4709 3417 4766 possumus.

2282 4792 2336 4848 4.
2367 4789 2488 4845 Νοη
2541 4790 2848 4862 Angelorum
2894 4788 3071 4854 modo,
3131 4787 3219 4841 sed
3268 4803 3329 4840 ne
3365 4785 3549 4839 animai
3593 4786 3798 4857 quidem

2212 4891 2397 4938 nostra:
2424 4883 2757 4936 substantiam
2804 4881 3147 4935 novimus.—
3172 4878 3279 4934 Sed
3326 4893 3422 4932 cur
3469 4876 3537 4930 de
3592 4877 3794 4947 angelis

2211 4976 2400 5047 loquor
2426 5016 2442 5041 ,
2490 4989 2610 5029 cum
2643 4988 2712 5028 ne
2740 4972 2931 5027 anima:
2961 4970 3175 5042 quidem
3204 4979 3400 5025 nostrae
3442 4968 3790 5024 substantiam

2212 5067 2348 5123 bene
2374 5080 2659 5122 noscamus
2681 5108 2697 5134 ,
2730 5065 2837 5119 imo
2866 5079 2995 5120 vero
3018 5061 3352 5118 nullatenus?
3377 5061 3527 5129 Quod
3553 5061 3597 5115 si
3628 5062 3704 5116 illi
3733 5075 3792 5116 se

2211 5171 2371 5212 nosse
2400 5155 2724 5211 contendant
2743 5197 2759 5223 ,
2790 5156 3053 5224 interroga
3080 5169 3196 5223 quae
3222 5152 3293 5205 sit
3319 5153 3510 5206 animm
3534 5152 3789 5207 substan-

2210 5249 2279 5302 tia
2301 5288 2316 5313 ,
2346 5263 2471 5301 num
2500 5261 2593 5301 aer
2620 5286 2637 5312 ,
2668 5261 2794 5300 num
2824 5245 3059 5315 spiritus,
3082 5259 3147 5296 an
3177 5253 3365 5296 ventus
3386 5282 3403 5307 ,
3455 5255 3522 5295 an
3572 5240 3790 5310 ignis‘?

2208 5339 2347 5394 Nihil
2363 5354 2546 5394 eorum
2574 5338 2787 5392 dicent:
2818 5337 2931 5391 haec
2968 5334 3160 5406 quipre
3185 5332 3360 5388 omnia
3388 5345 3612 5400 corpora
3634 5337 3787 5398 sunt,

2208 5432 2295 5487 illa
2327 5446 2453 5485 vero
2480 5430 2810 5499 incorporea.
2844 5428 3074 5497 Angelos
3098 5441 3204 5481 non
3252 5432 3544 5490 noverunt,
3576 5438 3678 5479 nec
3705 5422 3785 5492 ip-

2207 5538 2294 5578 sas
2344 5523 2549 5575 animas
2579 5534 2702 5575 suas
2752 5528 3011 5583 noscunt,
3049 5516 3235 5571 herum
3275 5524 3452 5573 autem
3509 5513 3783 5570 domimtm

2206 5623 2261 5670 et
2287 5621 2583 5670 creatorem
2627 5627 2686 5668 se
2713 5610 2943 5683 perfecte
2996 5624 3157 5666 nosse
3185 5606 3513 5665 contendunt
3549 5625 3564 5663 :
3594 5602 3785 5679 ecquid

2272 5777 2289 5812 ι
2324 5780 2488 5836 Deest,
2511 5786 2574 5824 an
2606 5771 2747 5837 ignis,
2771 5773 2817 5822 in
2843 5770 3059 5835 piurimis
3083 5768 3434 5833 manumiptis.
