3918 6358
134 375 234 434 739

137 490 316 559 ἡμῶν,
362 492 438 545 οὺ
470 491 909 563 λογισθήσεται
942 492 1145 560 ἔτερος
1182 493 1333 560 πρὸς
1363 494 1570 555 αὑτὸν,
1603 494 1813 565 ἐπήγα-

137 595 250 647 γεν·
314 578 564 647 Ἑξεῦρε
614 579 822 634 πᾶσαν
858 579 1004 633 ὁδὸν
1032 578 1392 650 ἐπιστήμης,
1440 580 1539 634 καὶ
1592 580 1815 635 ἔδωκεν

135 665 325 733 αὐτὴν
359 666 567 720 Ἰακὼϐ
596 667 679 733 τῷ
711 666 875 723 παιδὶ
905 668 1115 733 αὐτοῦ,
1149 668 1250 722 καὶ
1290 667 1533 737 Ἰσραὴλ
1566 666 1646 733 τῷ
1669 669 1814 738 ἠγα-

135 754 377 822 ειημένφ
412 755 517 807 ὑπ’
557 755 768 810 αὐτοῦ.
808 754 971 809 Μετὰ
1006 756 1323 812 ταῦτανέπὶ
1350 756 1461 825 τῆς
1498 755 1613 827 m'c
1643 756 1812 825 ὤφθη

134 840 377 907 καὶτοῖς
403 842 739 911 ἀνθρώποις
763 843 1255 912 συνανεστράφη,
1290 844 1349 897 '0
1377 843 1590 908 Παῦλος
1609 843 1687 910 δὲ,
1716 843 1812 908 Ἐξ

133 921 217 982 ὧν
248 932 282 983 ό
308 929 587 998 Χριστὸς,
619 931 686 984 τὸ
709 930 860 984 κατὰ
891 930 1111 997 σάρκα,
1144 932 1329 1000 φησὶν,
1364 934 1397 984 ό
1423 930 1510 985 ὢν
1533 931 1632 989 ἐπὶ
1662 930 1813 985 πάν-

134 1033 251 1069 των
278 1017 426 1084 Θεὸς
442 1018 772 1088 εὐλογητὸς
807 1019 895 1084 εἰς
920 1018 1065 1085 τοὺς
1091 1018 1335 1083 αἰῶνας,
1367 1018 1562 1088 ἀμήνο
1589 1020 1684 1073 καὶ
1706 1020 1812 1073 πά-

133 1103 235 1168 λιν,
254 1104 383 1171 Πᾶς
407 1107 633 1174 πόρνος
665 1106 703 1175 ἢ
730 1106 1101 1174 πλεονέκτης
1116 1109 1227 1161 οὐκ
1253 1106 1378 1183 ἔχει
1405 1108 1811 1176 κληρονομίαν

131 1190 201 1244 ἐν
229 1192 309 1259 τῇ
343 1192 635 1259 ,βασιλείᾳ
662 1193 769 1246 τοῦ
800 1192 1061 1262 Χριστοῦ
1102 1192 1201 1246 καὶ
1248 1193 1397 1247 Θεοῦ
1416 1208 1431 1223 ο
1482 1194 1579 1247 καὶ
1607 1193 1769 1249 πάλιν
1791 1210 1806 1225 ο

131 1280 297 1334 Κατά
331 1279 452 1349 τὴν
475 1281 830 1350 ἐπιφάνειαν
865 1280 974 1334 τοῦ
1002 1279 1272 1351 μεγάλου
1308 1281 1457 1335 Θεοῦ
1486 1281 1585 1336 καὶ
1612 1278 1810 1349 Σωτῆ-

124 1382 234 1435 ,ρος
280 1367 451 1437 ἡμῶν
490 1369 684 1436 Ἰησοῦ
733 1368 1014 1437 Χριστοῦ.
1070 1368 1183 1422 Καὶ
1224 1368 1479 1439 Ἰωάννης
1531 1369 1590 1425 δὲ
1635 1368 1808 1433 οὕτως

131 1452 294 1507 αὐτὸν
324 1454 479 1509 καλεῖ
502 1456 707 1524 λέγων’
767 1456 864 1509 Ἐν
895 1454 1055 1526 ἀρχῇ
1084 1451 1165 1525 ἦν
1199 1458 1234 1509 ό
1265 1456 1477 1525 Λόγος,
1508 1454 1609 1510 καὶ
1636 1459 1671 1510 ὀ
1698 1455 1809 1510 Λό-

128 1558 237 1613 τος
265 1538 343 1613 ἦν
366 1542 517 1611 πρὸς
544 1543 651 1597 τὸν
678 1539 847 1607 Θεὸν,
879 1544 978 1597 καί
1006 1543 1152 1610 Θεὸς
1172 1540 1253 1613 ἦν
1286 1547 1319 1597 ό
1351 1545 1563 1613 Λόγος.

195 1636 268 1700 γ.
285 1631 412 1696 Ναὶ,
439 1630 631 1702 φησίν·
656 1631 770 1685 ἀλλ’
789 1633 967 1684 ἐκεῖνο
984 1628 1179 1695 δεῖξον,
1199 1631 1301 1685 ποῦ
1325 1631 1463 1702 μετὰ
1482 1630 1576 1684 τοῦ
1595 1630 1808 1702 Πατρὸς

128 1716 290 1771 αὐτὸν
312 1719 681 1772 συντάττουσα
713 1720 746 1789 ἡ
774 1719 988 1790 Γραφὴ,
1020 1718 1225 1788 Κύριον
1262 1718 1352 1771 τὸν
1382 1717 1603 1789 Πατέρα
1628 1718 1803 1773 καλεῖ.

140 1802 281 1874 Ἐγὼ
322 1804 381 1858 δέ
419 1807 479 1858 ού
510 1806 671 1859 τοῦτο
711 1805 959 1876 δείκνυμι
1003 1806 1185 1877 μόνον,
1214 1806 1329 1859 ἀλλ’
1357 1806 1437 1859 ὅτι
1476 1807 1571 1859 καὶ
1602 1806 1807 1877 Κύριον

82 1918 85 1919 ν
128 1891 217 1946 τὸν
246 1892 467 1964 Πατέρα
504 1891 679 1956 καλεῖ,
721 1894 816 1948 καὶ
846 1892 1052 1965 Κύριον
1101 1893 1194 1947 τὸν
1222 1894 1373 1960 Υίὸν,
1420 1893 1513 1949 καὶ
1559 1893 1641 1947 ὅτι
1674 1893 1807 1947 Θεὸν

129 1980 218 2033 τὸν
242 1981 466 2052 Πατέρα
503 1983 675 2048 καλεῖ,
707 1982 803 2035 καὶ
848 1981 931 2035 ὅτι
970 1981 1106 2036 Θεὸν
1151 1982 1241 2036 τὸν
1284 1982 1434 2048 Υίὸν,
1473 1981 1608 2053 ὁμοῦ
1636 1981 1808 2045 τιθεὶς

131 2067 364 2140 ἑκάτερα
387 2071 455 2123 τά
482 2070 742 2141 ὀνόματα.
773 2070 883 2123 Ποῦ
916 2067 1010 2125 οῦν
1042 2071 1207 2125 τοῦτο
1233 2070 1380 2124 ἐστιν
1419 2071 1636 2143 εὑρεῖνς
1675 2072 1805 2123 Δια-

130 2156 415 2229 λεγόμενός
448 2177 578 2213 ποτε
610 2161 723 2223 τοῖς
755 2160 1033 2225 Ἰουδαίοις
1065 2161 1094 2213 ὁ
1122 2160 1357 2232 Χριστός
1374 2178 1503 2232 φησι
1524 2176 1538 2190 ⁸
1579 2160 1639 2215 Τί
1665 2157 1807 2229 ὑμῖν

129 2243 293 2300 δοκεῖ
316 2245 453 2315 περὶ
479 2246 586 2301 τοῦ
607 2246 901 2318 Χριστοῦ;
932 2248 1098 2314 τινος
1123 2249 1255 2315 υἱός
1283 2248 1491 2313 ἐστιν;
1529 2250 1593 2302 Οἱ
1622 2246 1689 2302 δὲ
1708 2246 1808 2302 λέ-

132 2352 343 2404 γουσιν
372 2334 532 2401 αὐτῷ
554 2352 571 2368 ο
623 2334 733 2390 Τοῦ
763 2336 968 2392 Δαυΐδ.
1039 2334 1213 2406 Λέγει
1252 2335 1456 2402 αὐτοῖς
1478 2353 1493 2368 ο
1535 2336 1669 2401 Πῶς
1695 2332 1809 2393 οὖν

133 2423 303 2479 Δαυῒδ
330 2425 403 2477 ἐν
430 2425 724 2493 πνεύματι
745 2424 968 2494 Κύριον
992 2424 1180 2478 αὐτὸν
1207 2424 1386 2480 καλεῖ
1398 2423 1595 2495 λέγων
1612 2441 1626 2455 ⁸
1656 2421 1807 2480 Εἷπε

134 2516 163 2567 ό
186 2514 402 2583 Κύριος
428 2512 508 2579 τῷ
542 2514 737 2583 Κυρίῳ
760 2532 905 2582 μου,
938 2513 1125 2568 κάθου
1145 2515 1214 2568 ἐκ
1239 2513 1457 2578 δεξιῶν
1475 2532 1595 2583 μου
1610 2530 1630 2578 ;
1673 2514 1806 2570 Ἰδοὺ

134 2602 328 2673 Κύριος
362 2602 458 2655 καὶ
486 2601 711 2673 Κύριος.
762 2601 953 2655 Βούλει
992 2602 1184 2671 μαθεῖν
1225 2601 1329 2654 ποῦ
1374 2601 1508 2655 Θεὸν
1547 2601 1642 2656 καί
1673 2601 1807 2657 Θεὸν

133 2692 281 2746 καλεῖ
302 2692 399 2746 τὸν
428 2692 650 2763 Πατέρα
678 2691 884 2746 καὶτὸν
918 2689 1048 2745 Υίὸν
1073 2688 1210 2761 ὁμοῦ
1240 2690 1449 2745 τιθεῖσα
1472 2693 1506 2763 ή
1530 2691 1722 2762 Γραφή
1742 2703 1804 2759 lI;

130 2780 355 2836 ἄκουσον
387 2781 483 2835 καὶ
502 2780 598 2834 τοῦ
626 2781 907 2852 προφήτου
929 2776 1094 2833 Δαυϊδ
1112 2780 1207 2832 καὶ
1228 2778 1323 2833 τοῦ
1345 2779 1645 2833 ἀποστόλου
1658 2778 1807 2835 Παύ-

129 2868 215 2923 λου
236 2869 399 2923 τοῦτο
428 2869 559 2923 αὐτὸ
578 2868 881 2940 δηλούντων
908 2870 1042 2940 ἡμῖν
1059 2885 1073 2899 ’
1101 2867 1163 2922 '0
1192 2868 1406 2938 θρόνος
1419 2883 1559 2932 σου,
1585 2870 1620 2922 ό
1637 2868 1803 2937 Θεὸς,

128 2962 208 3025 είς
228 2958 337 3013 τὸν
357 2956 544 3012 αἰῶνα
557 2957 664 3012 τοῦ
693 2956 930 3023 αἰῶνος,
945 2955 1173 3023 ῥάϐδος
1188 2957 1516 3023 εὐθύτητος
1529 2958 1569 3026 ἡ
1579 2956 1806 3025 ῥάϐδος

128 3048 233 3114 τῆς
275 3048 604 3113 βασιλείας
645 3063 783 3102 σου.
841 3045 1191 3116 Ἠγάπησας
1230 3045 1649 3115 δικαιοσύνην,
1701 3047 1803 3101 καὶ

127 3137 424 3205 ἐμίσησας
457 3136 744 3206 ἀνομίανο
794 3135 894 3191 διὰ
930 3135 1107 3190 τοῦτο
1148 3133 1360 3205 ἕχρισέ
1399 3150 1475 3191 σε
1505 3139 1539 3191 ό
1564 3137 1731 3203 Θεὸς,
1771 3138 1805 3190 ό

126 3226 266 3292 Θεός
298 3240 440 3287 σου,
470 3225 677 3278 ἔλαιον
707 3224 1122 3294 ἀγαλλιάσεως
1151 3225 1311 3292 παρὰ
1332 3225 1477 3291 τοὺς
1502 3225 1802 3295 μετόχους

123 3330 253 3368 σου.
301 3314 417 3367 Καὶ
460 3314 488 3366 ὁ
516 3312 727 3374 Παῦλος
782 3311 945 3370 πάλιν
983 3311 1087 3381 τὴν
1120 3311 1428 3383 μαρτυρίαν
1461 3311 1667 3383 ταύτην
1696 3314 1798 3368 ἐπα

124 3402 299 3473 ήγαγε
331 3400 532 3469 λέγων,
585 3397 738 3472 [484]
765 3400 846 3453 ὅτι
882 3399 911 3439 ιι
965 3399 1121 3469 Πρὸς
1163 3399 1282 3469 μὲν
1332 3399 1475 3467 τοὺς
1502 3399 1804 3471 ἀγγέλους

121 3489 303 3545 αὑτοῦ
336 3502 564 3558 φησιν’
607 3487 670 3542 'U
699 3486 886 3542 ποιῶν
913 3487 1057 3554 τοὺς
1083 3486 1380 3557 ἀγγέλους
1412 3489 1600 3544 αὑτοῦ
1624 3491 1806 3545 πνεύ-

121 3596 303 3647 ματα·
360 3578 508 3646 πρὸς
545 3576 615 3631 δὲ
648 3577 758 3631 τὸν
794 3577 969 3632 Υίόνο
1030 3576 1093 3630 '0
1118 3578 1333 3646 θρόνος
1371 3590 1512 3641 σου,
1558 3581 1593 3633 ό
1635 3579 1801 3645 Θεὸς,

121 3670 199 3732 εἰς
227 3667 339 3721 τὸν
378 3666 566 3720 αίῶνα
603 3665 711 3719 τοῦ
738 3664 977 3731 αἰῶνος.
1012 3664 1172 3728 Τίνος
1205 3659 1301 3719 οὖν
1326 3666 1519 3720 ἕνεκεν
1541 3665 1800 3731 ἐνταῦθα,

121 3755 270 3827 φησί,
291 3755 389 3808 τὸν
412 3754 512 3825 μὲν
541 3753 674 3808 Θεὸν
693 3752 914 3824 Πατέρα
939 3752 1191 3819 ἐκάλεσε,
1212 3753 1305 3807 τὸν
1336 3755 1537 3809 δὲΥίὸν
1560 3753 1801 3828 Κύριον;

184 3932 300 4003 Οὐχ
338 3929 529 3994 ἀπλῶς
570 3930 691 3984 οὐδὲ
730 3929 855 4002 εἰκῆ
904 3928 1140 3984 ἐνταῦθα
1177 3929 1338 3984 τοῦτο
1382 3931 1659 4002 ἐποίησεν,
1686 3932 1805 3989 ἀλλ’

116 4020 303 4089 ἐπειδὴ
327 4017 747 4090 πρὸςἜλληνας
763 4013 832 4089 ἦν
858 4015 1060 4086 ὁλόγος
1081 4017 1230 4089 αὐτῷ
1255 4018 1549 4074 πολυθεῖαν
1581 4021 1804 4076 νοσοῦν-

112 4108 338 4173 τας.Ἵν⁹
372 4102 465 4161 οῦν
498 4104 573 4177 μὴ
595 4105 849 4175 λέγωσιν,
886 4106 970 4160 ὃτι
999 4107 1135 4176 ἡμῖν
1168 4106 1419 4175 ἐγκαλῶν
1455 4108 1533 4172 ὡς
1571 4108 1806 4177 πολλοὺς

114 4195 271 4260 θεοὺς
308 4194 533 4263 λέγουσι
570 4194 667 4248 καὶ
699 4193 930 4257 πολλοὺς
961 4193 1209 4264 κυρίους,
1248 4195 1413 4260 αὐτὸς
1448 4196 1652 4269 ἁλίσκῃ
1688 4201 1806 4265 τοῖς

111 4283 425 4355 ἐγκλήμασι
453 4280 665 4345 τούτοις
693 4280 850 4347 θεοὺς
881 4281 1077 4351 λέγων,
1114 4284 1210 4338 καὶ
1237 4284 1299 4338 ού
1332 4283 1497 4338 Θεόν’
1532 4284 1623 4340 διὰ
1643 4286 1806 4343 τοῦτο

110 4368 569 4440 συγκαταϐαίνων
588 4369 768 4424 αὐτῶν
790 4372 857 4441 τῇ
892 4370 1171 4444 ἀσθενείᾳ,
1201 4372 1375 4445 ἑτέρῳ
1396 4372 1554 4427 καλεῖ
1567 4372 1661 4430 τὸν
1675 4376 1805 4432 Υίὸν

108 4457 338 4529 ὀνόματι
367 4457 466 4529 τὴν
496 4456 666 4529 αὐτὴν
693 4457 925 4530 δύναμιν
958 4459 1157 4531 ἔχοντι.
1216 4461 1327 4517 Καὶ
1352 4462 1436 4516 ὅτι
1462 4463 1619 4517 τοῦτό
1654 4465 1804 4522 ἐστιν

107 4545 333 4617 ἀληθὲς,
366 4544 575 4599 ἀνωθεν
600 4545 929 4617 ἀναγνῶμεν
959 4547 1091 4602 αὐτὸ
1121 4548 1184 4603 τὸ
1216 4549 1438 4621 χωρίον,
1470 4550 1567 4605 καὶ
1588 4551 1803 4606 είσεσθε

109 4634 303 4704 σαφῶς
322 4633 406 4687 ὅτι
437 4633 536 4703 οὐχ
566 4633 837 4705 ἡμέτερός
877 4636 995 4688 ἐστι
1026 4637 1335 4707 στοχασμὸς
1376 4638 1437 4691 τὸ
1476 4630 1798 4709 λεγόμενονο

105 4720 251 4791 Περὶ
271 4720 344 4774 δὲ
366 4719 486 4774 τῶν
502 4721 917 4777 εἰδωλοθύτων
940 4722 1192 4793 οἴδαμεν
1210 4723 1299 4779 ὅτι
1324 4724 1549 4793 πάντες
1575 4727 1803 4796 γνῶσιν

106 4809 349 4878 ἔχομεν.
366 4807 660 4878 Ἠγνῶσις
671 4810 888 4879 φυσιοῖ
907 4822 954 4876 ο,
977 4810 1305 4883 ἡδὲάγάπη
1322 4814 1639 4883 οἰκοδομεῖ.
1659 4818 1801 4884 Περὶ

106 4894 518 4966 τῆςβρὼσεως
537 4893 653 4953 οὖν
674 4897 795 4953 τῶν
808 4898 1220 4955 είδωλοθύτων
1241 4902 1492 4973 οῖδαμεν
1512 4901 1604 4957 ὅτι
1618 4904 1803 4959 οὐδὲν

104 4982 365 5038 ειδωλον
384 4983 456 5037 ἐν
468 4986 697 5057 κόσμῳ.
709 4987 808 5042 καὶ
826 4986 915 5042 ὅτι
929 4987 1131 5055 οὐδεὶς
1144 4989 1291 5057 Θεὸς
1302 4989 1508 5060 ἕτερος
1518 4992 1569 5046 εί
1585 4991 1674 5063 μὴ
1687 4988 1795 5060 εἷς.

113 5071 283 5144 Ὁρᾷς
303 5071 390 5126 ὅτι
421 5072 558 5143 πρὸς
583 5074 829 5140 ἐκείνους
851 5076 1274 5149 ἀποτεινόμενος
1299 5079 1476 5135 ταῦτα
1495 5080 1643 5150 λέγει
1670 5082 1799 5147 τοὺς

104 5158 339 5223 πολλοὺς
355 5153 495 5214 εἶναι
521 5160 845 5231 νομίζοντας
871 5161 1058 5231 θεούς;
1096 5157 1210 5219 Καὶ
1229 5166 1342 5235 γὰρ
1353 5166 1522 5237 εἴπερ
1553 5167 1674 5222 εἰσί
1700 5172 1801 5223 λεν

105 5246 347 5315 τόμενοι
361 5246 483 5301 θεοὶ
499 5249 742 5314 πολλοὶ,
760 5247 884 5321 [καὶ
906 5250 1100 5321 κύριοι
1116 5253 1383 5327 πολλοί,]
1399 5254 1520 5311 εἴτε
1536 5256 1607 5311 ἐν
1620 5259 1799 5324 οὐρα-

103 5330 348 5417 νῷ,εττε
361 5332 461 5386 ἐπὶ
489 5334 602 5402 τῆς
627 5333 743 5404 γῆς
761 5334 948 5407 (πάλιν
976 5339 1112 5409 πρὸς
1133 5340 1377 5407 ἐκείνους
1396 5343 1652 5417 μάχεται)
1673 5345 1795 5399 ὥσ-

104 5427 216 5484 περ
234 5411 355 5471 οὖν
379 5417 501 5471 εισι
523 5417 648 5472 θεοί
667 5419 888 5475 πολλοὶ
908 5421 1009 5476 καὶ
1034 5424 1229 5493 κύριοι
1254 5411 1659 5494 πολλοιξτοῦιέ
1678 5427 1795 5486 ἔστι

107 5503 422 5574 λεγόμενον
465 5504 607 5559 ἀλλ’
644 5505 794 5576 ἡμῖν
831 5502 921 5576 εἷς
954 5509 1101 5575 Θεὸς
1131 5512 1167 5565 ό
1210 5512 1418 5583 Πατὴρ
1441 5554 1457 5582 ,
1493 5513 1563 5580 ἐξ
1601 5510 1676 5572 οὗ
1721 5517 1796 5571 τὰ

164 5653 185 5725 ς
208 5656 328 5725 ηεξ.
352 5657 582 5725 nonuqlli
604 5659 730 5725 ἐμοῦ
747 5663 919 5725 “om;
1398 5690 1402 5694 '

161 5714 198 5797 ξ
212 5719 317 5797 ξλιίὶ
340 5732 452 5797 cui?
489 5714 684 5797 ‘Savzllo
713 5724 857 5773 πάλιν
878 5714 987 5790 περὶ
1015 5725 1102 5776 τοῦ
1139 5729 1353 5795 Χριστοῦ
1385 5734 1473 5791 τήν
1514 5750 1565 5797 μ.
1612 5735 1789 5795 ταύτην

108 5780 377 5893 Wa
398 5782 563 5839 εἰπὼν,
585 5783 676 5833 ὅτι.
943 5780 984 5862 ἠ

259 5853 340 5891 res
359 5856 478 5892 mss.
516 5844 597 5892 hic
622 5845 806 5893 addunt
829 5846 870 5893 εἰ
894 5864 984 5893 γνω

259 5853 340 5891 res
359 5856 478 5892 mss.
516 5844 597 5892 hic
622 5845 806 5897 addunt
829 5846 870 5896 εί
894 5850 1072 5911 γνῶσιν
1091 5849 1281 5915 ἔχομεν.

459 5933 735 5998 ΡΔτιιοι..
783 5940 901 5999 Gn.
950 5941 1230 6004 XLVIII.

1166 377 1254 433 DE
1294 375 1993 435 INCOMPREHENSIBILI
2030 376 2139 431 DEI
2177 375 2484 433 NA'I‘URA.
2527 375 2594 432 Υ.

3488 379 3596 436 7ιο

1920 492 2154 557 πάντα,
2184 491 2285 546 καὶ
2323 487 2412 557 εἷς
2456 492 2669 559 Κύριος
2730 490 2960 558 Ἰησοῦς
2998 492 3271 561 Χριστὸς,
3315 492 3389 546 δι’
3421 489 3493 550 οὗ
3528 495 3603 552 τὰ

1921 581 2136 635 πάντα.
2166 580 2267 633 Διά
2297 579 2455 632 τοῦτο
2488 579 2582 632 καὶ
2613 578 2676 632 τὸ
2708 573 2794 645 εἷς
2819 578 3179 650 προσέθηκεν,
3209 580 3298 634 ἵνα
3332 581 3408 652 μὴ
3434 583 3600 635 πολυ-

1921 667 2071 723 θεῒαν
2102 668 2418 737 εἰσάγεσθαι
2451 666 2613 721 πάλιν
2641 667 2839 720 ἐκεῖνοι
2868 666 3165 737 νομίζωσι,
3206 669 3302 721 καὶ
3333 668 3432 723 ἕνα
3462 668 3598 723 Θεὸν

1918 757 2010 810 τὸν
2044 757 2265 827 Πατέρα
2297 756 2576 820 ἐκάλεσεν,
2610 755 2710 809 οὐκ
2742 754 3022 809 ἐκϐάλλων
3060 756 3152 809 τὸν
3180 756 3310 809 Υίὸν
3347 758 3448 828 τῆς
3475 757 3596 811 θεό-

1916 860 2098 915 τητος,
2134 843 2323 915 ὥσπερ
2354 838 2446 897 οῦν
2483 842 2579 896 καὶ
2606 842 2704 896 ἕνα
2728 842 2935 913 Κύριον
2961 842 3054 896 τὸν
3081 842 3231 906 Υίὸν,
3265 843 3367 897 οὐκ
3399 844 3599 899 ἐκϐάλ-

1918 931 2025 985 λων
2048 932 2149 1001 τῆς
2173 932 2492 1002 κυριότητος
2509 930 2601 983 τὸν
2631 930 2870 999 Πατέρα,
2899 929 3035 983 ἀλλά
3062 930 3163 1000 τὴν
3190 931 3415 984 ἐκείνων
3440 932 3599 986 ἀσθέ-

1917 1035 2064 1071 νειαν
2091 1017 2499 1089 διορθούμενος,
2540 1017 2635 1071 καὶ
2671 1015 2941 1088 μηδεμίαν
2986 1016 3170 1080 αὐτοῖς
3198 1016 3383 1072 δοῦναι
3424 1017 3598 1088 λαϐὴν

1919 1103 2256 1175 βουλόμενος.
2289 1103 2459 1157 Τοῦτο
2482 1103 2613 1171 γοῦν
2642 1104 2737 1156 καὶ
2765 1104 2935 1157 αἴτιον
2955 1103 3145 1172 γέγονε
3171 1104 3265 1158 τοῦ
3297 1106 3374 1176 μὴ
3407 1105 3598 1173 σαφῶς

1919 1192 2056 1263 μηδὲ
2086 1191 2355 1263 φανερῶς,
2389 1189 2506 1244 ἀλλ’
2534 1189 2791 1262 ἀμυδρῶς
2819 1208 2935 1253 πως
2959 1190 3054 1245 καὶ
3102 1192 3344 1256 σπανίως
3373 1192 3463 1246 διὰ
3486 1192 3599 1246 τῶν

1915 1282 2212 1353 προφητῶν
2260 1280 2630 1352 γνωρισθῆναι
2677 1281 2790 1343 τοῖς
2844 1280 3118 1344 Ἰουδαίοις
3174 1280 3266 1333 τὸν
3320 1281 3452 1333 Υίὸν
3500 1279 3598 1335 τοῦ

1914 1369 2069 1423 Θεοῦ.
2106 1370 2265 1440 ’Ἄρτι
2296 1369 2405 1440 γὰρ
2437 1369 2536 1439 τῆς
2591 1367 2852 1420 πολυθέου
2888 1367 3099 1437 πλάνης
3143 1367 3595 1436 ἀπαλλαγέντες,

1914 1458 1964 1510 εί
2002 1455 2165 1509 πάλιν
2200 1456 2439 1527 ἤκουσαν
2470 1453 2603 1507 Θεὸν
2633 1455 2729 1508 καὶ
2757 1452 2910 1515 Θεὸν,
2950 1454 3089 1526 πρὸς
3138 1455 3238 1524 τὴν
3266 1455 3439 1525 αὐτὴν
3475 1454 3541 1509 ἂν
3563 1454 3591 1493 ά

1914 1543 2260 1615 ὑπέστρεψαν
2288 1542 2461 1597 νόσον.
2498 1541 2596 1595 Διά
2635 1540 2792 1594 τοῦτο
2821 1541 2935 1595 ἄνω
2967 1543 3062 1595 καὶ
3096 1542 3248 1596 κάτω
3277 1541 3518 1612 συνεχῶς
3545 1542 3594 1596 οἰ

1913 1632 2190 1704 προφῆται
2228 1631 2476 1700 λέγουσιν
2498 1633 2579 1684 ὅτι
2604 1626 2692 1696 εἷς
2721 1631 2887 1695 Θεὸς,
2932 1631 3035 1686 καί
3065 1630 3237 1699 πλὴν
3260 1631 3448 1688 αὐτοῦ
3483 1632 3598 1684 οὐκ

1912 1717 2115 1772 ἔστιν⁹
2142 1718 2264 1788 οὐχὶ
2292 1719 2381 1772 τὸν
2409 1717 2537 1771 Υίὸν
2566 1716 2907 1781 ἀθετοῦντες,
2941 1716 3017 1789 μὴ
3048 1717 3280 1786 γένοιτο,
3318 1717 3457 1771 ἀλλὰ
3493 1717 3596 1788 τὴν

1914 1806 2138 1861 ἐκείνων
2170 1806 2452 1861 ἀσθένειαν
2490 1805 2828 1877 θεραπεῦσαι
2877 1805 3210 1877 βουλόμενοι,
3267 1806 3362 1859 καὶ
3406 1808 3596 1865 πεῖσαι

1912 1893 2051 1958 τέως
2096 1893 2198 1964 τῆς
2247 1894 2357 1947 τῶν
2390 1892 2599 1947 πολλῶν
2647 1892 2786 1946 θεῶν
2832 1894 2927 1947 καὶ
2971 1892 3072 1947 οὐκ
3127 1892 3297 1948 ὄντων
3338 1893 3596 1962 ὑπονοίας

1913 1980 2313 2053 ἀπαλλαγῆναι.
2347 1981 2517 2035 Ὅταν
2544 1979 2725 2034 τοίνυν
2757 1979 2998 2054 ἀκούσῃς
3021 1980 3083 2034 τὸ
3119 1976 3208 2047 εἷς
3238 1980 3332 2036 καὶ
3357 1980 3559 2047 οὐδεὶς
3582 2020 3593 2041 .

1914 2069 2010 2122 καὶ
2040 2069 2142 2123 ὃσα
2169 2068 2420 2132 τοιαῦτα,
2450 2068 2524 2140 μὴ
2554 2067 2654 2138 τῆς
2685 2066 2914 2138 Τριάδος
2948 2066 3258 2142 ἐλαττώσῃς
3286 2067 3384 2139 τὴν
3414 2068 3592 2135 δόξαν,

1913 2157 2051 2213 ἀλλά
2080 2158 2143 2212 τὸ
2174 2157 2337 2230 μέσον
2372 2156 2543 2226 αὐτῆς
2572 2155 2709 2229 πρὸς
2741 2157 2842 2228 τὴν
2883 2156 3064 2210 κτίσιν
3105 2155 3194 2211 διὰ
3217 2157 3424 2211 τούτων
3459 2157 3599 2229 μάν*

1915 2246 2042 2301 θανε
2084 2245 2191 2300 τῶν
2220 2245 2507 2317 ῥημάτων-
2554 2245 2678 2297 ἐπεὶ
2731 2244 2827 2298 καί¹
2871 2243 3106 2316 ἀλλαχοῦ
3152 2262 3318 2316 φησι·
3355 2245 3451 2312 Τίς
3482 2243 3593 2315 γὰρ

1912 2333 2065 2404 ἔγνω
2102 2331 2254 2386 νοῦν
2280 2331 2535 2400 Κυρίου;
2575 2332 2686 2386 Καὶ
2717 2331 2799 2385 ὅτι
2825 2330 2983 2386 τοῦτό
3023 2332 3171 2386 ἐστιν
3205 2331 3464 2396 ἐνταῦθα,
3493 2336 3590 2388 καί

1911 2419 2036 2475 οὔτε
2069 2421 2159 2474 τὸν
2189 2419 2338 2484 Υίὸν,
2371 2417 2495 2473 οὔτε
2525 2418 2586 2471 τὸ
2619 2418 2845 2489 Πνεῦμα
2886 2411 3139 2472 ἐκϐάλλει
3168 2421 3269 2491 τῆς
3301 2416 3592 2486 γνώσεως,

1912 2507 2395 2579 προαποδέδεικται
2441 2507 2499 2559 ἐν
2540 2507 2653 2570 τοῖς
2693 2505 2950 2577 ἀνωτέρω
2986 2503 3331 2577 εἰρημένοις,
3373 2505 3460 2557 ὅτε
3493 2505 3594 2574 τὴν

1910 2593 2222 2665 μαρτυρίαν
2265 2591 2665 2664 παρηγάγομεν
2702 2592 2801 2664 τὴν
2830 2591 3115 2661 λέγουσαν
3177 2592 3273 2659 Τίς
3313 2590 3423 2663 γὰρ
3467 2587 3595 2645 οἶδε

1910 2681 1986 2736 τὰ
2012 2680 2118 2735 τοῦ
2155 2678 2469 2747 ἀνθρώπου
2488 2721 2504 2745 ,
2540 2682 2595 2734 εί
2628 2678 2716 2750 μὴ
2747 2679 2816 2733 τὸ
2853 2679 3091 2749 πνεῦμα
3127 2679 3236 2734 τοῦ
3275 2680 3594 2748 ἀνθρώπου

1910 2770 1978 2825 τὸ
2019 2768 2091 2822 ἐν
2137 2766 2332 2833 αὑτῷ;
2388 2768 2553 2821 Οὕτω
2600 2767 2699 2822 καὶ
2741 2768 2814 2822 τὰ
2860 2766 3008 2822 Θεοῦ
3057 2767 3259 2834 οὐδεὶς
3299 2768 3499 2832 οἶδεν,
3540 2769 3596 2822 ει

1903 2856 1992 2928 μὴ
2024 2857 2095 2912 τὸ
2123 2857 2368 2927 Πνεῦμα
2392 2856 2499 2911 τοῦ
2528 2856 2698 2911 Θεοῦ.
2738 2856 2851 2910 Καὶ
2874 2856 3035 2911 πάλιν
3060 2858 3090 2910 ὁ
3125 2856 3361 2926 Χριστός
3393 2873 3590 2926 φησιν·

1912 2946 2121 3009 Οὐδεὶς
2154 2944 2436 3016 γινώσκει
2463 2946 2572 3000 τὸν
2614 2946 2771 3012 Υίὸν,
2800 2948 2855 2999 εί
2882 2946 2969 3015 μὴ
2995 2946 3028 2999 ό
3058 2945 3282 3014 Πατὴρ,
3318 2945 3463 3000 οὐδὲ
3486 2946 3595 2999 τὸν

1909 3033 2143 3102 Πατέρα
2188 3051 2277 3100 τις
2315 3032 2695 3103 ἐπιγινώσκει
2719 3045 2767 3099 ο,
2793 3036 2848 3088 εί
2878 3034 2965 3103 μὴ
2988 3036 3022 3087 ό
3044 3034 3197 3099 Υἱός.
3224 3033 3381 3086 Οῦτω
3408 3034 3472 3104 δὴ
3497 3035 3594 3087 καὶ

1908 3120 2142 3174 ἐνταῦθα
2162 3135 2175 3151 ·
2209 3121 2335 3188 Οὐχ
2373 3120 2464 3173 ὅτι
2503 3120 2611 3174 τὸν
2638 3121 2874 3190 Πατέρα
2902 3138 2993 3186 τις
3022 3119 3303 3188 ἑώρακεν,
3343 3121 3398 3174 ει
3424 3118 3511 3189 μὴ
3558 3122 3594 3174 ό

1909 3201 1994 3257 ὢν
2010 3204 2079 3257 ἐκ
2098 3201 2206 3256 τοῦ
2230 3202 2400 3257 Θεοῦ·
2424 3197 2605 3269 οὗτος
2632 3202 2853 3270 ἑώρακε
2868 3204 2977 3256 τὸν
2998 3202 3250 3271 Πατέρα.
3289 3200 3459 3272 Ὁμοῦ
3482 3203 3593 3275 γὰρ

1909 3291 1989 3345 ὅτι
2019 3289 2156 3361 μετά
2186 3289 2474 3360 ἀκριϐείας
2507 3289 2670 3344 αὐτὸν
2696 3284 2857 3351 οἶδεν,
2882 3284 3024 3355 εἷπε,
3049 3289 3146 3342 καὶ
3170 3289 3271 3361 τὴν
3294 3289 3473 3343 αἰτίαν
3502 3290 3593 3343 τέ-

1910 3374 2108 3444 θεικεν,
2133 3378 2201 3432 δι’
2240 3377 2308 3448 ἢν
2348 3371 2478 3430 οἶδε.
2513 3377 2612 3441 Τίς
2639 3377 2697 3431 δὲ
2727 3378 2761 3449 ἡ
2800 3376 2984 3442 αἰτίας
3028 3376 3103 3430 Τὸ
3144 3375 3204 3443 ἐξ
3236 3375 3402 3432 αὐτοῦ
3434 3374 3589 3451 [485]

1910 3461 2078 3520 εἶναι’
2113 3463 2207 3518 τοῦ
2244 3464 2302 3518 δὲ
2346 3463 2406 3528 ἐξ
2435 3463 2599 3521 αὑτοῦ
2647 3460 2788 3518 εἶναι
2830 3464 2994 3519 πάλιν
3037 3463 3313 3529 ἀπόδειξις
3355 3465 3416 3517 τὸ
3453 3463 3593 3534 μετά

1909 3551 2193 3625 ἀκριϐείας
2207 3550 2369 3606 αὐτὸν
2389 3552 2607 3606 εἰδέναι.
2630 3552 2730 3606 Διά
2749 3551 2907 3605 τοῦτο
2935 3551 3044 3623 γὰρ
3066 3551 3227 3604 αὐτὸν
3247 3546 3355 3604 οἶδε
3378 3550 3588 3620 σαφῶς,

1908 3637 2093 3709 ἐπειδὴ
2135 3638 2194 3704 ἐξ
2235 3637 2400 3692 αὐτοῦ
2445 3638 2617 3703 ἐστιν,
2653 3636 2748 3690 καὶ
2778 3639 3005 3708 σημεῖον
3033 3635 3128 3690 τοῦ
3159 3635 3219 3702 ἐξ
3248 3636 3416 3689 αὑτοῦ
3448 3632 3589 3690 εἶναι

1906 3727 1968 3781 τὸ
1995 3725 2190 3779 ειδέναι
2210 3725 2373 3779 αὐτὸν
2406 3725 2613 3794 σαφῶς.
2640 3724 2813 3778 Ούσία
2852 3725 2961 3797 γὰρ
2993 3725 3180 3778 οὐσίαν
3215 3725 3591 3796 ὑπερέχουσαν

1907 3816 2007 3869 οὐκ
2035 3814 2102 3869 ἂν
2126 3814 2377 3886 δυνηθείη
2403 3813 2586 3879 καλῶς
2609 3814 2808 3869 εἰδέναι
2828 3854 2844 3880 ,
2884 3813 2989 3869 κᾶν
3021 3814 3202 3882 ὀλίγον
3303 3814 3365 3867 τὸ
3395 3815 3584 3884 μέσον.

1911 3899 2177 3953 Ἀκουσον
2202 3897 2334 3967 γοῦν
2364 3899 2492 3970 περὶ
2520 3898 2630 3953 τῶν
2662 3899 2917 3968 ἀγγέλων,
2936 3899 2987 3952 τί
3012 3916 3177 3971 φησιν
3207 3900 3236 3953 ὁ
3266 3894 3554 3971 προφήτης
3574 3939 3588 3962 ,

1909 3985 2005 4041 καὶ
2039 3984 2167 4058 περὶ
2197 3985 2297 4057 τῆς
2322 3984 2671 4059 ἀνθρωπίνης
2700 3985 2935 4056 φύσεως,
2970 3986 3053 4040 ὅτι
3090 3986 3272 4055 ὀλίγον
3302 3985 3363 4040 τὸ
3403 3985 3592 4054 διάφο-

1913 4090 2004 4146 ρον
2029 4073 2232 4143 ταύτης
2258 4072 2543 4144 κάκείνης.
2574 4073 2759 4127 Είπὼν
2791 4073 2925 4145 γὰρ,
2961 4071 3029 4126 Τί
3052 4072 3227 4127 ἔστιν
3254 4072 3589 4140 ἅνθρωπος,

1909 4159 1999 4213 ὅτι
2027 4158 2339 4230 μιμνήσκῃ
2367 4159 2576 4223 αὐτοῦ,
2618 4161 2660 4229 ἣ
2710 4160 2842 4227 υίὸς
2873 4159 3214 4229 ἀνθρώπου,
3245 4157 3336 4212 ὅτι
3384 4156 3589 4228 λογίζῃ

1909 4247 2131 4311 αὐτόν;
2163 4247 2463 4317 ἐπήγαγεν,
2510 4245 2898 4315 ’Πλάττωσας
2925 4246 3116 4302 αὐτὸν
3135 4246 3340 4316 ,βραχύ
3369 4263 3425 4299 τι
3452 4248 3590 4313 παρ’

1908 4333 2225 4405 ἀγγέλους.
2279 4334 2418 4387 Ἀλλ’
2452 4336 2603 4407 ὅμως
2635 4336 2685 4389 εἰ
2725 4336 2822 4390 καὶ
2858 4335 3030 4409 βραχὺ
3063 4334 3126 4389 τὸ
3171 4333 3355 4406 μέσον,
3399 4334 3588 4406 ἐπειδὴ

1907 4417 2047 4482 ὅλως
2074 4418 2190 4471 ἐστί
2219 4435 2273 4472 τι
2310 4418 2495 4490 μέσον,
2536 4421 2639 4475 οὐκ
2665 4421 2889 4493 οἴδαμεν
2929 4421 3070 4494 μετά
3104 4418 3396 4493 ἀκριϐείας
3424 4420 3590 4489 ἀγγέ-

1907 4503 2015 4558 λων
2038 4506 2248 4572 οὐσίαν,
2278 4505 2383 4561 κᾶν
2431 4507 2603 4579 μυρία
2642 4508 3121 4582 φιλοσοφήσωμεν,
3170 4509 3354 4583 εὑρεῖν
3393 4507 3454 4563 οὐ
3492 4508 3588 4565 δυ-

1907 4588 2137 4661 νάμεθα.

1976 4763 2039 4818 δ’.
2070 4765 2182 4820 Καὶ
2210 4767 2261 4821 τί
2281 4767 2424 4837 λέγω
2457 4769 2723 4839 ἀγγέλων,
2742 4771 2875 4826 ὅπου
2891 4789 2953 4841 γε
2971 4772 3091 4827 οὐδὲ
3110 4772 3282 4846 αὐτῆς
3314 4774 3414 4845 τῆς
3443 4774 3476 4845 ἡ
3488 4790 3586 4844 με·

1904 4849 2068 4922 τέρας
2107 4852 2285 4925 ψυχῆς
2327 4856 2427 4929 τὴν
2453 4857 2642 4912 οὐσίαν
2688 4859 2847 4929 ἴσμεν
2876 4859 3080 4924 καλῶς,
3127 4862 3328 4931 μᾶλλον
3361 4861 3420 4915 δὲ
3463 4861 3586 4914 οὐδὲ

1903 4939 2155 4996 ὁπωσοῦν
2178 4960 2194 5010 ;
2229 4943 2292 4997 El
2320 4945 2378 4998 δὲ
2406 4947 2604 5001 ἐκεῖνοι
2634 4945 3033 5016 φιλονεικοῦσιν
3060 4948 3280 5014 εἰδέναι,
3308 4948 3585 5021 ἐρώτησον

1904 5027 1958 5081 τί
1986 5045 2119 5082 ποτε
2164 5029 2281 5084 ἐστι
2312 5031 2411 5103 τὴν
2450 5034 2640 5089 οὐσίαν
2667 5035 2700 5105 ἡ
2729 5034 2874 5107 ψυχή
2895 5051 2909 5067 ·
2943 5031 3054 5107 ἀρα
3080 5035 3191 5108 ἀὴρ
3210 5077 3224 5101 ,
3257 5036 3291 5107 ἢ
3322 5035 3543 5106 πνεῦμα
3565 5074 3581 5099 ,

1903 5112 1938 5185 ἦ
1966 5114 2186 5188 ἄνεμος,
2215 5118 2249 5190 ἢ
2274 5119 2388 5192 πῦρ
2424 5122 2477 5186 t;
2524 5122 2664 5176 Ἀλλ’
2693 5123 2847 5177 οὐδὲν
2895 5122 3104 5178 τούτων
3155 5120 3373 5197 ἐροῦσι,
3403 5123 3576 5177 ταῦτα

1902 5201 2010 5276 γὰρ
2053 5206 2235 5261 πάντα
2273 5209 2535 5279 σώματα,
2584 5213 2771 5284 ἐκείνη
2808 5212 2866 5266 δὲ
2896 5212 3209 5284 ἀσώματος.
3243 5209 3378 5270 Εἶτα
3416 5214 3585 5281 ἀγγέ-

1900 5286 2029 5354 λους
2072 5292 2172 5363 μὲν
2209 5295 2310 5350 οὐκ
2347 5297 2549 5364 ἴσασιν,
2596 5299 2718 5353 οὐδὲ
2762 5299 2863 5364 τὰς
2902 5300 3114 5356 ἑαυτῶν
3161 5301 3370 5372 ψυχὰς,
3401 5300 3493 5353 τὸν
3524 5300 3581 5352 δὲ

1898 5380 2120 5436 πάντων
2157 5385 2436 5458 Δεσπότην
2468 5388 2563 5442 καὶ
2605 5389 2943 5460 δημιουργὸν
2980 5389 3191 5444 εἰδέναι
3214 5388 3581 5460 φιλονεικοῦσι

1898 5470 2039 5539 μετά
2076 5472 2393 5548 ἅκριϐείας;
2438 5478 2534 5532 καὶ
2577 5479 2633 5532 τί
2675 5478 2882 5550 ταύτης
2920 5478 3122 5548 γένοιτ’
3164 5480 3231 5534 ἂν
3257 5481 3357 5551 τῆς
3397 5479 3583 5545 ἀνοίας

1896 5558 2113 5629 χεῖρον;
2141 5561 2251 5615 Καὶ
2274 5563 2328 5615 τί
2350 5562 2514 5633 λέγω,
2537 5565 2589 5619 τί
2616 5566 2716 5639 τὴν
2738 5565 2927 5621 οὐσίαν
2953 5566 3100 5620 ἐστὶν
3125 5569 3159 5638 ἡ
3180 5567 3357 5639 ψυχή;
3387 5566 3582 5633 Ὅπως

1955 5670 2191 5749 ὶὲπρτθιε
2216 5678 2485 5749 “Qui?!”
2526 5695 2640 5749 [ns-‘3.
2666 5681 2783 5749 πρὸς
2826 5682 3011 5749 ταῦῖην,
3041 5682 3228 5749 «imm
3272 5681 3416 5748 (inter
3457 5696 3580 5749 quos

1890 5733 2329 5827 δαείςξζεπεὸετὴςι
2351 5743 2498 5801 αὐτὴν
2524 5744 2581 5792 ἄν
2606 5733 3163 5809 (ιιιιὸά’νεεφοὶρείιιιιιέ).

2011 5796 2111 5848 Alii
2135 5796 2376 5861 γινώσκει.

1966 5853 1991 5897 ί
2035 5861 2096 5910 Ἦ
2118 5853 2213 5927 τερ
2235 5865 2383 5916 deest
2402 5866 2450 5915 in
2471 5862 2696 5928 plurimis
2716 5867 3074 5931 manuscriplis.

3172 5949 3246 6015 ιι
