3918 6372
374 336 469 394 741
1155 340 1216 395 S.
1254 340 1539 396 JOANMS
1571 340 2062 397 CHRYSOSTOMI
2100 340 2424 397 ARCHIEP.
2466 339 3015 398 CONSTANTINOP.
3681 347 3773 407 ἰη

365 452 525 522 ήμῶν
553 454 698 506 ἐστιν
726 454 783 506 ἐν
810 453 888 524 τῷ
926 452 1157 524 σώματι,
1201 456 1320 510 οὐδὲ
1351 457 1508 510 τοῦτο
1550 456 1697 509 ἔστιν
1729 458 1923 508 εἰπεῖν.
1972 457 2043 508 Τί

370 540 476 610 γάρ
505 538 620 610 ἔχοι
654 557 737 604 τις
770 540 837 595 ἂν
882 543 1087 608 είπεῖν;
1118 544 1200 596 ὅτι
1236 544 1655 613 παρεκτείνεται
1699 542 1777 613 τῷ
1816 541 1909 594 τοῦ
1946 541 2050 593 σώ-

2155 457 2236 510 ὃτι
2280 458 2545 511 Ἤκουσα
2585 456 2811 524 ἄρρητα
2837 455 3097 523 ῥήματα,
3125 451 3162 506 d
3202 453 3308 505 οὑκ
3355 453 3491 515 ἐξὸν
3524 455 3775 527 ﬁrm-(6mg:

2152 544 2443 612 λαλῆσαι.
2482 544 2622 596 Ἀλλ’
2647 544 2797 613 ὅμως
2843 543 2937 596 καὶ
2968 542 3129 604 0616;
3177 536 3327 603 οὗτος
3359 544 3449 595 καὶ
3491 542 3604 596 τότε
3634 545 3777 598 ἀκού-

371 644 540 696 ματος
568 626 751 698 δγκῳς
805 628 965 682 Ἀλλά
1009 629 1167 682 τοῦτο
1208 628 1422 698 ἀλογον,
1468 630 1735 701 σωμάτων
1781 629 1891 700 γάρ
1919 630 2047 682 ῖδιον
2154 647 2253 695 σας
2300 632 2514 702 ἄρρητα
2568 631 2809 700 ῥήματα,
2841 629 2876 683 ἀ
2910 629 3011 682 οὐκ
3063 626 3183 692 ἐξὸν
3233 626 3497 698 ἀνθρώπῳ
3542 626 3773 699 λαλῆσαι,

367 714 555 768 τοῦτο·
587 716 667 769 ὅτι
697 715 754 769 δέ
786 718 877 770 ἐπὶ
904 716 1081 788 ψυχῆς
1110 720 1210 772 ούκ
1246 719 1361 771 ἐστι
1397 718 1557 771 τοῦτο
1579 717 1829 770 ἐντεῦθεν
1863 717 2042 786 δῆλον,

371 803 630 867 πολλάκις
659 805 753 858 καὶ
780 804 887 857 τῶν
910 805 1108 876 χειρῶν
1132 807 1226 859 καὶ
1252 806 1363 858 τῶν
1392 805 1568 858 ποδῶν
1594 805 2042 876 ἐκκεκομμένων,

369 887 660 959 ὁλόκληρος
690 890 872 961 ἐκείνη
902 891 1073 961 μένει,
1098 892 1251 944 οὐδὲν
1277 891 1795 963 ἀκρωτηριασθεῖσα
1818 890 1925 943 ἀπὸ
1945 893 2044 961 τῆς

370 974 462 1027 τοῦ
513 975 765 1048 σώματος
805 979 1125 1049 πηρώσεως.
1188 979 1329 1032 Ἀλλ’
1370 980 1472 1032 οὐκ
1516 980 1665 1032 ἐστιν
1713 980 1773 1031 ἐν
1818 978 1924 1049 ὅλῳ
1968 977 2044 1048 τῷ

371 1058 606 1130 σώματι,
634 1062 747 1115 ἀλλ’
780 1066 838 1116 ἐν
866 1064 1019 1136 μέρει
1047 1067 1153 1119 τινὶ
1177 1066 1529 1137 συνείληπται
1550 1073 1575 1102 ⁸
1600 1082 1615 1132 ;
1636 1064 1844 1118 Οὐκοῦν
1876 1063 2044 1135 νεκρά

370 1146 581 1220 ἀνάγκη
614 1149 681 1203 τὰ
704 1149 865 1204 λοιπά
893 1148 1031 1206 εῖναι
1057 1154 1193 1225 μέλη
1214 1168 1228 1183 ·
1260 1155 1322 1207 τὸ
1350 1153 1459 1225 γάρ
1483 1152 1687 1223 ἄψυχον
1718 1152 1934 1215 πάντως
1959 1168 2043 1204 νε-

370 1235 517 1305 κρόν.
568 1236 705 1290 Ἀλλ’
734 1239 855 1292 ούδέ
883 1240 1042 1294 τοῦτο
1081 1242 1229 1294 ἐστιν
1262 1243 1458 1301 εἰπεῖν,
1492 1240 1609 1294 ἀλλ’
1649 1240 1732 1292 ὅτι
1769 1240 1869 1310 μὲν
1898 1237 2043 1291 ἐστιν

368 1322 427 1374 ἐν
454 1322 532 1393 τῷ
566 1324 779 1395 σώματι
809 1327 888 1397 τῷ
919 1329 1173 1399 ἡμετέρῳ
1205 1329 1387 1400 ἴσμεν,
1418 1328 1480 1381 16
1514 1327 1569 1380 δέ
1604 1327 1721 1390 πῶς
1760 1329 1908 1379 ἐστιν
1941 1326 2042 1379 ούκ

370 1407 547 1477 ίσμεν.
580 1412 680 1464 Διά
713 1414 821 1485 γάρ
863 1414 1021 1467 τοῦτο
1049 1417 1142 1468 καὶ
1180 1415 1278 1486 τὴν
1318 1414 1525 1486 ταύτης
1551 1414 1754 1483 γνῶσιν
1782 1412 2041 1466 ἀπέκλει·

371 1509 462 1546 σεν
487 1495 515 1546 6
538 1497 674 1560 θεὸς
701 1499 765 1551 ἐκ
798 1499 996 1569 πολλῆς
1026 1499 1340 1570 περιουσίας
1369 1498 1739 1569 ἐπιστομίζων
1767 1499 1919 1569 ἡμᾶς
1950 1496 2041 1551 καὶ

371 1578 633 1648 κατέχων,
659 1583 751 1635 καὶ
795 1585 976 1654 μένειν
1015 1586 1166 1638 κάτω
1208 1584 1431 1650 πείθων,
1466 1586 1560 1638 καὶ
1601 1585 1670 1637 τά
1711 1583 1850 1655 ὑπὲρ
1894 1584 2042 1654 ἡμᾶς

373 1667 448 1737 μὴ
492 1670 987 1740 περιεργάζεσθαι,
1038 1672 1176 1744 μηδὲ
1218 1672 1715 1743 πολυπραγμονεῖν.
1768 1671 1907 1724 Ἀλλ’
1956 1672 2042 1724 ίνα

374 1753 448 1822 μὴ
491 1755 597 1807 ἀπὸ
646 1756 919 1828 λογισμῶν
960 1758 1027 1812 τά
1078 1758 1301 1812 τοιαῦτα
1345 1760 1865 1828 κατασκευάσωμεν,
1909 1758 2040 1829 φέρε

373 1841 533 1895 πάλιν
562 1845 652 1896 ἐπὶ
677 1848 771 1918 τὴν
799 1848 838 1898 Γ
843 1847 1022 1919 ραφὴν
1042 1848 1131 1900 τὸν
1147 1848 1304 1916 λόγον
1326 1847 1645 1918 ἀγάγωμεν.
1668 1849 1792 1915 Οὐχ
1823 1846 1911 1899 ὅτι
1934 1846 2044 1898 τὸν

370 1928 601 1996 Πατέρα
636 1931 856 2001 ὲιίῳακέ
880 1951 989 1999 τις,
1019 1935 1204 2005 φησὶν,
1233 1937 1287 1987 εί
1307 1934 1393 2002 μὴ
1424 1937 1456 1988 ό
1493 1931 1578 1987 ὢν
1600 1933 1670 1987 ἐκ
1711 1933 1814 1988 τοῦ
1858 1930 2040 1995 Θεοῦ,

370 2009 549 2081 οὗτος
573 2017 795 2085 ἑώρακε
832 2019 939 2073 τὸν
980 2020 1232 2089 Πατέρα.
1276 2022 1386 2073 Καὶ
1411 2020 1465 2073 τί
1502 2019 1689 2085 τοῦτο;
1723 2018 1917 2090 φησίν·
1946 2018 2042 2071 06-

369 2098 519 2154 δέπω
553 2104 661 2174 γὰρ
703 2107 852 2177 αὑτῷ
888 2107 1088 2175 γνῶσιν
1122 2108 1332 2179 ἀκριϐῆ
1376 2108 1536 2160 τοῦτο
1583 2106 1935 2178 ἐμαρτύρησε
1981 2105 2044 2158 16

377 2188 547 2259 ῥῆμα.
592 2191 729 2244 Ἀλλ’
765 2194 847 2247 ὄτι
879 2195 975 2265 μὲν
1001 2195 1164 2248 αὑτὸν
1192 2197 1226 2266 ἡ
1258 2196 1434 2258 κτίσις
1461 2195 1561 2248 οὐκ
1601 2192 1741 2247 οἶδεν
1774 2193 2043 2263 ἐδήλωσεν

371 2276 575 2330 εἰπών’
613 2282 735 2347 Οὐχ
771 2280 860 2335 ὅτι
906 2284 1012 2335 τὸν
1048 2281 1280 2353 Πατέρα
1320 2299 1405 2348 τις
1456 2281 1678 2349 ἑώρακε
1702 2297 1715 2311 ’
1765 2280 1861 2334 καὶ
1892 2281 1975 2333 ὃτι
2014 2279 2044 2331 6

374 2361 500 2427 Υίὸς
547 2366 707 2419 αὑτὸν
745 2363 883 2434 οἶδε,
936 2370 1030 2422 καὶ
1062 2369 1221 2422 τοῦτο
1266 2370 1427 2423 πάλιν
1467 2370 1705 2441 ἐδήλωσε
1745 2367 2005 2441 προσθείς
2028 2383 2040 2396 ·

366 2448 535 2519 Είμὴ
564 2455 597 2506 ό
625 2452 709 2505 ὢν
740 2454 809 2507 ἐκ
843 2455 948 2509 τοῦ
980 2456 1149 2519 Θεοῦ,
1176 2452 1354 2521 οὗτος
1378 2457 1600 2524 ἑώρακε
1639 2455 1743 2509 τὸν
1780 2455 2039 2523 Πατέρα’

367 2539 451 2591 ὅτι
491 2541 674 2609 μέντοι
698 2541 942 2614 ἀκριϐῶς
964 2543 1125 2597 αὑτὸν
1148 2540 1278 2608 οἶδε,
1309 2545 1405 2597 καὶ
1437 2543 1610 2606 οὕτως
1630 2542 1706 2606 ώς
1732 2542 1894 2606 0616;
1924 2544 2046 2595 ἐαυο

367 2626 480 2690 τὸν,
514 2628 723 2683 οὐδέπω
757 2630 914 2683 τοῦτο
942 2632 1334 2687 ἀποδέδεικται.
1383 2631 1692 2701 Ἑνδέχεται
1713 2630 1843 2700 γὰρ,
1884 2629 2043 2698 φησὶ,

371 2713 511 2785 μηδὲ
555 2716 653 2786 τὴν
698 2718 876 2771 κτίσιν
911 2719 1071 2772 αὑτὸν
1109 2719 1307 2774 εἰδέναι
1338 2719 1560 2789 σαφῶς,
1596 2719 1733 2789 μήτε
1774 2717 1866 2769 16v
1893 2716 2044 2781 Υίὸν,

371 2800 486 2855 ἀλλ’
512 2804 728 2873 ἐκείνης
770 2804 922 2877 [486]
956 2807 1056 2875 μὲν
1099 2807 1456 2877 σαφέστερον,
1484 2806 1585 2875 τὴν
1631 2805 1813 2875 μέντοι
1839 2803 2045 2876 ἀκριϐῆ

371 2890 676 2961 κατάληψιν
710 2892 845 2963 μηδέ
884 2894 1073 2947 τοῦτον
1115 2892 1280 2964 ἔχειν.
1315 2895 1437 2947 Ὅτι
1473 2893 1571 2965 μὲν
1602 2893 1711 2963 γὰρ
1749 2891 1911 2944 αὑτὸν
1946 2891 2047 2963 ὁρᾷ

369 2976 508 3047 ὅπερ
541 2979 657 3031 ἐστὶ
684 2980 777 3032 καὶ
808 2980 1066 3048 γινώσκει
1092 2978 1264 3045 εἶπεν,
1292 2982 1376 3034 ὅτι
1402 2980 1458 3033 δέ
1488 2980 1735 3052 ἀκριϐῶς
1764 2978 1926 3032 αὑτὸν
1956 2994 2046 3047 γι-

371 3064 592 3132 νώσκει,
615 3068 709 3121 καὶ
732 3066 903 3133 οὕτως
922 3069 998 3134 ὡς
1022 3070 1184 3134 0616;
1206 3068 1418 3134 ἑαυτὸν,
1442 3066 1593 3121 οὔπω
1612 3067 1769 3121 τοῦτο
1790 3066 2044 3137 ἐδήλωσε.

370 3151 635 3208 Βούλεσθε
687 3150 780 3210 οὖν
817 3157 911 3210 καὶ⁹
946 3156 1106 3210 τοῦτο
1155 3157 1263 3211 ἀπὸ
1309 3156 1417 3210 τῶν
1469 3154 1705 3227 Γραφῶν
1759 3153 2050 3207 πιστωσιῦ-

369 3241 534 3313 μεθα,
576 3243 671 3297 καὶ
706 3244 803 3298 ἀπ’
830 3246 1003 3317 αὐτῆς
1035 3246 1134 3316 τῆς
1171 3244 1265 3300 τοῦ
1305 3244 1545 3317 Χριστοῦ
1586 3244 1804 3314 φωνῆςς
1838 3241 2047 3296 Οὐκοῦν

371 3329 696 3402 ἀκούσωμεν
732 3332 785 3385 τί
821 3350 953 3405 φησι
987 3334 1125 3406 πρὸς
1169 3336 1298 3398 106;
1339 3333 1658 3398 Ἰουδαίους·
1703 3332 1911 3399 Καθὼς
1962 3350 2048 3402 γι-

373 3415 595 3470 νώσκει
640 3432 719 3486 με
751 3421 785 3473 ό
826 3420 1061 3487 Πατὴρ,
1099 3420 1260 3488 κάγὼ
1311 3419 1584 3490 γινώσκω
1633 3417 1743 3472 τὸν
1791 3418 2045 3487 Πατέρα.

372 3502 443 3554 Τί
491 3502 694 3574 ταύτης
732 3506 1118 3578 ἀκριϐέστερον
1168 3507 1346 3577 βούλει
1386 3509 1485 3577 τῆς
1538 3504 1792 3576 γνώσεως
1823 3505 2047 3572 λοιπόν;

383 3592 692 3664 Ἐρώτησον
731 3594 823 3647 τὸν
863 3595 1210 3665 ἀντιλέγοντα
1234 3613 1247 3624 ·
1278 3593 1418 3649 οῑδεν
1446 3594 1690 3666 ἀκριϐῶς
1743 3596 1836 3648 τὸν
1871 3594 1998 3647 Υῖὺν
2023 3596 2051 3647 6

371 3682 587 3753 Πατὴρ,
616 3684 711 3737 καὶ
749 3685 931 3738 πᾶσαν
961 3684 1130 3737 αὑτοῦ
1166 3684 1409 3756 ἀκριϐῶς
1435 3684 1531 3755 τὴν
1563 3684 1765 3752 γνῶσιν
1791 3683 1925 3754 ἔχει,
1956 3683 2052 3737 καὶ

372 3768 526 3822 οὐδὲν
568 3771 731 3825 αὑτὸν
775 3770 1027 3826 λανθάνει
1064 3773 1174 3826 τῶν
1218 3773 1360 3826 κατά
1407 3772 1500 3825 τὸν
1539 3772 1691 3835 Υίὸν,
1727 3770 1842 3824 ἀλλ’
1872 3772 2052 3842 ἀπηρο

372 3856 604 3927 τισμένη
658 3859 807 3912 ἐστὶν
858 3861 891 3931 ἡ
949 3859 1189 3931 εῖδησις;
1231 3860 1372 3927 Ναὶ,
1425 3859 1604 3932 φησίν.
1649 3858 1878 3924 Οὐκοῦν,
1923 3860 2052 3913 ὅταν

373 3942 616 4016 ἀκούσῃς
639 3946 721 3999 ὅτι
746 3946 842 4000 καὶ
865 3948 894 3998 6
924 3946 1052 4011 Υἱὸς
1088 3946 1265 4010 οὕτως
1290 3946 1454 4000 αὑτὸν
1485 3944 1626 4002 οἶδεν
1660 3946 1738 4010 ώς
1766 3947 1931 4010 αὐτὸς
1954 3946 2050 4001 τὸν

375 4027 524 4096 Υίὺν,
557 4031 723 4103 μηδὲν
760 4032 840 4086 ἐτι
869 4032 1021 4104 ζήτει
1062 4033 1247 4101 πλέον,
1286 4033 1430 4088 οὕτω
1465 4034 1606 4105 μετὰ
1637 4034 1925 4103 ἀκριϐείας
1949 4033 2052 4104 τῆς

372 4117 631 4187 γνώσεως
661 4120 1038 4193 ἐξισαζούσης.
1076 4121 1180 4176 Καὶ
1212 4122 1321 4195 γάρ
1349 4124 1444 4177 καὶ
1471 4122 1705 4192 ἀλλαχοῦ
1736 4122 1893 4175 τοῦτο
1921 4122 2053 4175 0616

369 4205 655 4277 ἐμφαίνων
696 4208 915 4279 ἔλεγεν·
966 4209 1179 4275 Οὐδείς
1207 4209 1489 4279 γινώσκει
1529 4210 1637 4264 τὸν
1678 4212 1835 4275 Υιὸν,
1874 4212 1931 4264 ει
1964 4210 2051 4279 μὴ

372 4296 408 4348 ὁ
450 4295 676 4365 Πατὴρ,
705 4295 851 4352 οὐδὲ
887 4296 994 4352 τὸν
1026 4298 1259 4366 Πατέρα
1304 4316 1395 4365 τις
1436 4296 1838 4369 ἐπιγινώσκει,
1870 4301 1924 4351 εί
1964 4299 2051 4367 μὴ

374 4382 409 4435 ό
454 4382 605 4448 Υἱὸς,
655 4383 757 4437 καί
792 4376 840 4450 ᾧ
877 4384 986 4439 ἐὰν
1026 4386 1325 4454 ,βούληται
1367 4389 1401 4439 ό
1451 4387 1585 4452 Υἱὸς
1633 4387 2049 4456 ἀποκαλύψαι.

387 4468 786 4523 ’Δποκαλύπτει
814 4469 893 4534 δὲ,
918 4472 1017 4542 οὐχ
1046 4472 1169 4525 ὅσον
1196 4473 1359 4535 αὐτὸς
1385 4466 1547 4536 οἶδεν,
1581 4474 1696 4527 ἀλλ’
1730 4475 1854 4527 ὅσον
1893 4476 2053 4545 ἡμεῖς

374 4556 681 4627 χωροῦμεν.
706 4557 772 4611 El
806 4558 916 4629 γὰρ
942 4561 970 4610 ὁ
1002 4559 1215 4622 Παῦλος
1246 4559 1408 4613 τοῦτο
1436 4563 1603 4626 ποιεῖ,
1640 4561 1819 4633 πολλῷ
1847 4562 2054 4633 μᾶλλον

374 4646 405 4697 6
426 4644 688 4712 Χριστός·
716 4645 812 4700 καὶ
838 4647 947 4716 γάρ
979 4646 1184 4710 ἐκεῖνός
1210 4665 1342 4718 φησι
1374 4650 1486 4711 τοῖς
1518 4649 1714 4701 ἐαυτοῦ
1750 4649 2049 4719 μαθηταῖςο

380 4732 502 4784 Οὐκ
529 4731 846 4802 ἠδυνήθην
874 4734 1017 4803 ὑμῖν
1041 4733 1309 4801 λαλῆσαι
1337 4737 1418 4801 ὠς
1444 4736 1889 4806 πνευματικοῖς,
1917 4739 2054 4791 ἀλλ’

374 4818 453 4884 ὡς
497 4819 844 4888 σαρκικοῖς·
879 4822 960 4888 ὼς
994 4822 1252 4889 νηπίους
1298 4822 1369 4877 ἐν
1421 4822 1654 4891 Χριστῷ
1703 4824 1857 4894 γάλα
1899 4825 2056 4894 ὑμᾶς

374 4905 661 4971 ἐπότισα,
713 4909 786 4962 οὐ
839 4908 1084 4978 βρῶμα·
1136 4909 1301 4962 οὔπω
1356 4909 1469 4980 γὰρ
1532 4911 1857 4978 ἠδύνασθε.
1896 4913 2057 4967 Ἀλλά

376 4997 689 5069 Κορινθίοις
730 4998 909 5065 τοῦτο,
946 4999 1133 5071 φησὶν,
1162 4999 1316 5068 ἔλεγε
1347 5001 1527 5070 μόνον.
1568 5000 1633 5053 Τί
1680 4997 1795 5069 οὖν,
1824 5002 1891 5055 ἂν
1956 5002 2058 5056 65i-

377 5084 560 5156 ξωμεν
621 5087 704 5141 ὅτι
766 5088 861 5142 καὶ
909 5087 1075 5159 ἐτερά
1125 5087 1153 5127 ι)
1215 5105 1370 5151 τινα,
1417 5087 1454 5141 ἀ
1507 5088 1696 5158 μηδεὶς
1751 5088 2055 5160 ἀνθρώπων

377 5172 580 5243 ἔμαθεν
612 5176 759 5248 ᾔδει,
802 5177 898 5232 καὶ
944 5176 1153 5248 ἀπῆλθε
1199 5177 1361 5247 μόνος
1397 5176 1537 5230 αὐτά
1569 5177 1675 5230 τῶν
1713 5178 1928 5230 πάντων
1962 5180 2057 5232 ἀν-

381 5260 614 5331 θρώπων
654 5265 846 5330 είδώς;
895 5267 1005 5319 Καὶ
1049 5265 1152 5319 ποῦ
1202 5265 1362 5319 τοῦτο
1410 5264 1555 5318 ἐστιν
1603 5266 1819 5335 εὑρεῖν;
1864 5267 1951 5318 Ἐν
1989 5270 2055 5338 τῇ

382 5350 518 5420 πρὸς
565 5352 887 5423 Κορινθίους
933 5353 1222 5424 ἐπιστολῇ·
1268 5346 1423 5417 οὗτος
1462 5352 1572 5423 γάρ
1609 5354 1756 5408 ἐστιν
1792 5355 1819 5406 6
1860 5353 2054 5421 λέγων,

460 5633 483 5660 ⁸
503 5630 599 5709 ,διῘί
625 5636 938 5709 συνείλεκται.
966 5635 1124 5686 Paulo
1152 5641 1265 5699 post
1289 5636 1507 5699 quinque
1531 5646 1645 5689 mss.
1670 5644 1723 5689 el
1742 5638 1896 5690 Savll.
1917 5642 2060 5691 λοιπά

389 5693 596 5765 γίνεσθαι
612 5696 746 5758 μέρη·
772 5699 829 5745 τὸ
845 5697 953 5808 γάρ.
1155 5693 1168 5699 ’
1307 5693 1322 5698 ’
1426 5693 1440 5699 ’

459 5758 489 5799 1ο
506 5759 733 5817 Qumque
763 5771 879 5809 mss.
937 5757 1130 5815 είεωιιεν
1156 5758 1313 5810 εἰδότα
1352 5760 1434 5809 καὶ
1453 5760 1652 5825 ἔτερα...
1673 5762 1839 5824 ἔμαθεν
1853 5762 1964 5821 ἤδη.

2155 721 2384 792 μερικὴν
2417 720 2529 791 ἔχει
2569 720 2766 788 γνῶσιν
2801 721 2895 773 καὶ
2926 718 3060 773 πολὺ
3088 719 3186 790 τῆς
3216 718 3504 790 μελλούσης
3546 719 3774 775 ἀποδέου-

2153 823 2271 862 σαν.
2294 808 2464 871 Αὐτὸς
2496 807 2605 878 γάρ
2623 810 2651 860 6
2686 806 2855 860 ταῦτα
2886 805 3055 859 εἰπὼν
3081 806 3306 859 κάκεῖνα
3341 805 3569 877 εἴρηκεν,
3595 807 3669 860 ὅτι
3695 807 3775 861 Ἐκ

2144 894 2367 964 μέρους
2407 892 2801 963 γινώσκομεν,
2832 894 2929 946 καί
2965 893 3033 946 ἐκ
3064 892 3288 962 μέρους
3332 894 3771 964 προφητεύομεν

2150 984 2262 1046 καὶ,
2289 982 2417 1035 Ὅτε
2451 981 2612 1050 ἢμην
2641 980 2878 1045 νήπιος,
2908 980 2988 1046 ὡς
3016 980 3234 1047 νήπιος
3268 981 3545 1047 ἐλάλουν,
3582 983 3654 1048 ὠς
3686 984 3775 1051 νή-

2148 1085 2283 1135 πιος
2328 1071 2646 1139 ἐφρόνουν.
2694 1071 2775 1136 ὡς
2826 1069 3045 1135 νήπιος
3089 1068 3467 1138 ἐλογιζόμην·
3502 1070 3607 1135 καὶ,
3646 1071 3777 1137 ’Ἄρτι

2142 1153 2356 1218 ,ϐλέπω
2400 1152 2473 1205 δι’
2501 1153 2800 1221 ἐσόπτρου
2835 1152 2904 1205 ἐν
2951 1153 3281 1221 αἰνίγματι,
3330 1153 3460 1205 τότε
3496 1152 3561 1205 δὲ
3614 1158 3774 1220 .1de-

2147 1254 2311 1293 ωπον
2338 1241 2488 1307 πρὸς
2532 1240 2878 1309 πρόσωπον.
2907 1240 3070 1292 Ὥστε
3113 1240 3177 1292 ἐκ
3214 1239 3416 1292 τούτων
3452 1242 3575 1310 ἡμῖν
3617 1240 3777 1293 ἅπασα

2148 1326 2326 1380 αὐτῶν
2373 1329 2405 1396 ἡ
2483 1327 2753 1399 σκευωρία
2788 1338 2809 1365 θ
2876 1327 3286 1398 διελήλεγκταν
3337 1328 3462 1381 ὅταν
3508 1325 3610 1396 γὰρ
3662 1327 3775 1397 αὑτὴ

2146 1417 2179 1484 ή
2207 1415 2362 1468 οὐσία
2392 1417 2671 1486 ἀγνοῆται,
2714 1416 2812 1485 οὐχ
2851 1416 2933 1467 ὅτι
2978 1414 3147 1477 ἐστιν,
3177 1414 3312 1468 ἀλλά
3359 1414 3411 1467 τί
3453 1416 3610 1476 ἐστιν,
3638 1415 3773 1484 ἐσχά-

2145 1518 2245 1573 της
2279 1501 2345 1555 ἀν
2373 1500 2457 1571 εἴη
2502 1502 2699 1570 μανίας
2728 1502 2822 1554 καὶ
2852 1501 3023 1571 ὄνομα
3058 1502 3195 1572 αὗτῇ
3248 1500 3472 1555 τιθέναι.
3502 1502 3678 1554 Καίτοι
3723 1518 3774 1569 γε

2147 1588 2242 1640 καὶ
2290 1590 2339 1641 εί
2382 1587 2518 1658 δήλη
2567 1588 2662 1640 καὶ
2713 1587 2988 1659 γνώριμος
3036 1584 3126 1659 ἦν,
3170 1589 3293 1641 οὐδὲ
3340 1587 3509 1652 οὕτως
3561 1583 3624 1659 ἦν
3667 1589 3778 1657 ἡμῖν

2147 1674 2384 1743 ἀσφαλὲς
2423 1674 2617 1737 06106;
2644 1673 2853 1727 οἴκοθεν
2887 1675 2981 1727 καὶ
3025 1676 3158 1745 παρ’
3201 1675 3408 1729 ἑαυτῶν
3441 1674 3775 1745 προσηγορίαν

2147 1760 2444 1814 ἐπιτιθέναι
2487 1763 2554 1831 τῇ
2601 1760 2694 1813 τοῦ
2742 1761 3015 1814 Δεσπότω
3067 1761 3249 1832 οὐσίᾳ.
3286 1763 3349 1815 Ei
3395 1762 3502 1831 γὰρ
3530 1764 3556 1815 6
3601 1759 3778 1823 Παῦλος

2145 1849 2268 1910 ταῖς
2301 1846 2413 1900 ἀνω
2459 1846 2753 1916 δυνάμεσιν
2795 1847 2897 1900 οὐκ
2942 1846 3244 1917 ἐτόλμησεν
3296 1849 3534 1919 ὀνόματα
3566 1847 3775 1901 ἐπιτιθέ-

2147 1949 2267 1997 ναι,
2314 1933 2430 1987 ἀλλ⁹
2475 1934 2664 1997 εἰπὼν,
2705 1935 2786 1987 ὅτι
2842 1934 3112 1988 Ἐκάθισε
3162 1935 3273 1988 τὸν
3323 1934 3570 2003 Χριστὸν
3605 1933 3773 1987 ἐπάνω

2148 2017 2351 2084 πάσης
2370 2016 2562 2086 ἀρχῆς
2596 2019 2694 2072 καὶ
2728 2017 3015 2084 ἐξουσίας
3049 2019 3145 2071 καὶ
3167 2017 3495 2088 δυνάμεως,
3524 2017 3613 2071 καί
3650 2031 3775 2069 παν-

2149 2102 2251 2169 τὸς
2288 2104 2578 2173 ὀνόματος
2615 2104 3069 2172 ὀνομαζομένου,
3098 2106 3172 2159 οὐ
3205 2106 3398 2174 μόνον
3429 2104 3498 2157 ἐν
3525 2102 3599 2169 τῷ
3631 2101 3772 2157 αίῶνι

2147 2192 2353 2259 τούτῳ,
2380 2191 2543 2246 ἀλλὰ
2574 2190 2675 2246 καί
2704 2192 2774 2245 ἐν
2819 2191 2900 2258 τῷ
2939 2191 3254 2260 μέλλοντι,
3285 2193 3380 2245 καὶ
3408 2191 3611 2255 διδάξας
3654 2190 3777 2262 ἡμᾶς

2147 2277 2229 2331 ὅτι
2261 2277 2374 2331 εστι
2403 2278 2527 2335 τινὰ
2553 2278 2793 2349 ὀνόματα
2818 2279 2926 2331 τῶν
2960 2277 3268 2348 δυνάμεων,
3296 2279 3332 2333 ἀ
3371 2278 3490 2331 τότε
3522 2276 3776 2347 εἰσόμεθα,

2148 2365 2251 2418 οὐκ
2290 2364 2593 2438 ἐθάρρησεν
2646 2366 2810 2437 ἕτερα
2856 2367 3016 2430 0616;
3056 2366 3171 2420 ἀντ’
3208 2363 3434 2420 ἐκείνων
3471 2366 3649 2428 θεῖναι,
3681 2363 3779 2417 οὐδὲ

2150 2453 2290 2507 αύτά
2342 2454 2527 2508 ἐκεῖνα
2581 2452 3102 2526 περιεργάζεσθαιά·
3137 2455 3284 2519 τίνος
3327 2457 3391 2510 ἂν
3434 2450 3540 2508 εἷεν
3572 2450 3777 2521 συγγνώ-

2154 2557 2262 2611 μης
2316 2541 2487 2606 ἄξιοι,
2534 2541 2567 2612 ἦ
2617 2542 2777 2606 ποίας
2831 2541 3128 2610 ἀπολογίας
3192 2544 3245 2596 οι
3302 2542 3396 2594 ἐπ)⁸
3443 2542 3539 2612 τῆς
3590 2539 3672 2594 τοῦ
3702 2540 3780 2590 Δε-

2153 2626 2352 2679 σπότου
2398 2627 2588 2691 οὐσίας
2640 2628 2812 2681 ταῦτα
2857 2627 3194 2698 τολμῶντες;
3228 2629 3400 2683 Ὅταν
3441 2627 3497 2681 δέ
3538 2627 3626 2680 καὶ
3664 2622 3780 2693 αὑτὴ

2150 2712 2183 2782 ή
2215 2712 2373 2767 οὐσία
2402 2704 2660 2785 ἀγνοῆται
2700 2715 2951 2786 καθάπερ
2989 2718 3115 2778 τοὺς
3160 2716 3571 2788 παραπαίοντας
3616 2711 3784 2771 αὐτοὺς

2152 2799 2589 2870 ἀποστρέφεσθαι
2630 2803 2758 2873 χρή.
2806 2803 2929 2855 Ὅτι
2979 2803 3076 2873 μὲν
3119 2802 3229 2873 γὰρ
3271 2801 3560 2871 ἀγέννητὸς
3596 2801 3724 2852 ἐστιν
3757 2796 3783 2847 6

2151 2887 2282 2951 Θεὸς
2330 2888 2516 2959 δῆλον
2557 2890 2637 2942 ὅτι
2677 2890 2735 2944 δὲ
2776 2890 2935 2943 τοῦτό
2978 2892 3125 2944 ἐστιν
3166 2891 3335 2944 αὑτοῦ
3388 2890 3482 2959 τῆς
3528 2887 3693 2949 οὐσίας
3729 2883 3780 2937 ἐδ

2151 2973 2320 3046 ὄνομα
2369 2976 2543 3039 οὐδεὶς
2579 2979 2862 3049 προφήτης
2903 2972 3078 3046 εἶπεν,
3118 2978 3299 3043 οὐδεὶς
3335 2977 3618 3038 ἀπόστολος
3657 2966 3783 3046 [687}

2153 3065 2394 3135 ᾐνίξατο,
2436 3067 2610 3131 οὐδεὶς
2660 3068 3089 3139 εὐαγγελιστήςο
3131 3068 3228 3121 καὶ
3286 3068 3432 3138 μάλα
3488 3065 3707 3125 εἰκότως.
3732 3059 3784 3112 Οί

2154 3152 2263 3224 γὰρ
2294 3152 2462 3225 αὐτὴν
2504 3154 2603 3226 τὴν
2647 3155 2834 3209 οὐσίαν
2878 3154 3231 3225 ἀγνοοῦντες,
3277 3155 3397 3219 πῶς
3440 3153 3602 3224 ὄνομα
3643 3147 3786 3218 αὐτῆς

2156 3238 2335 3309 λέγειν
2375 3242 2639 3314 ήμελλονς

2229 3390 2292 3441 ε’.
2333 3386 2443 3439 Καὶ
2491 3385 2545 3438 τί
2578 3385 2723 3455 λέγω
2759 3384 2890 3457 περὶ
2940 3383 3049 3439 τῶν
3082 3384 3246 3440 θείων
3292 3383 3544 3457 Γραφῶν,
3576 3381 3697 3435 ὅπου
3734 3392 3787 3446 γε

2155 3471 2392 3545 τοσαύτη
2429 3474 2529 3544 τῆς
2563 3473 2793 3538 ἀτοπίας
2837 3475 2871 3545 ή
2906 3472 3237 3544 περιφάνεια
3271 3485 3321 3538 ο,
3365 3472 3461 3525 καὶ
3502 3471 3595 3541 τῆς
3639 3482 3788 3536 παρα·

2156 3563 2348 3635 νομίας
2382 3566 2417 3635 ή
2446 3563 2740 3636 ὑπερϐολὴ,
2781 3563 2857 3627 ὡς
2898 3564 3034 3635 μηδὲ
3072 3564 3202 3624 τοὺς
3247 3563 3349 3634 τῆς
3383 3560 3630 3632 ἀληθείας
3669 3557 3785 3609 ἀπο-

2157 3651 2529 3722 πλανηθέντας
2563 3651 2835 3723 Ἕλληνας
2883 3650 3233 3722 ἐπιχειρῆσαι
3294 3650 3427 3704 ποτέ
3479 3665 3531 3702 τι
3582 3641 3789 3699 τοιοῦτον

2157 3742 2358 3807 είπεῖν;
2389 3741 2578 3804 Οὐδεὶς
2609 3740 2718 3812 γάρ
2745 3740 2868 3793 ούδέ
2907 3738 3133 3794 ἐκείνων
3158 3739 3431 3809 ἐτόλμησε
3462 3735 3603 3796 θείας
3630 3728 3790 3789 οὐσίας

2157 3829 2281 3900 ὅρον
2310 3828 2587 3892 ἐκθέσθαι,
2616 3830 2710 3882 καὶ
2736 3829 2816 3882 ἐνὶ
2841 3828 3064 3899 ὀνόματι
3091 3826 3432 3899 περιλαϐεῖν.
3456 3825 3563 3880 Καὶ
3590 3822 3638 3875 τί
3672 3818 3790 3886 λέγω

2157 3915 2305 3980 θείας
2337 3916 2541 3981 οὐσίας,
2567 3917 2703 3970 ὅπου
2733 3932 2796 3984 γε
2829 3917 2958 3987 περὶ
2996 3915 3095 3984 τῆς
3115 3914 3225 3969 τῶν
3264 3913 3569 3985 ἀσωμάτων
3607 3905 3790 3977 φύσεως

2158 4003 2571 4074 φιλοσοφοῦντες
2592 4003 2715 4057 οὐδὲ
2739 4002 2944 4073 ταύτης
2965 4001 3381 4073 ἀπηρτισμένον
3407 4001 3529 4072 ὅρον
3555 3994 3789 4062 ἐξέθεντο.

2157 4091 2274 4144 ἀλλ’
2315 4091 2563 4162 ἀμυδράν
2610 4107 2731 4143 τινα
2764 4089 3025 4160 ἐξήγησιν
3062 4088 3159 4142 καὶ
3192 4087 3520 4160 ὑπογραφὴν
3562 4075 3791 4156 μᾶλλωῆ

2158 4179 2315 4249 690v;
2352 4178 2513 4233 Ἀλλά
2539 4176 2624 4241 τίς
2653 4179 2684 4229 6
2724 4176 2890 4246 σοφὸς
2924 4174 3107 4229 αὐτῶν
3144 4174 3309 4245 λόγος
3329 4194 3345 4243 ;

2232 4318 2348 4371 Οὐκ
2392 4315 2538 4381 οἶδας
2585 4312 2678 4370 οὖν
2713 4316 2742 4369 ὃ
2790 4315 3000 4381 σέϐεις;
3050 4313 3205 4385 φησί.
3261 4313 3512 4368 Μάλιστα
3562 4309 3655 4381 μὲν
3694 4303 3793 4359 οὐδὲ

2160 4404 2555 4475 ἀποκρίνασθαι
2600 4404 2737 4475 πρὸς
2788 4402 2947 4456 τοῦτο
2991 4402 3127 4466 ἔδει,
3179 4399 3455 4471 τοσαύτης
3505 4391 3794 4456 ἀποδείξεως

2160 4493 2225 4544 ἐκ
2248 4491 2357 4544 τῶν
2391 4490 2621 4562 Γραφῶν
2648 4490 2965 4561 γενομένης,
3002 4489 3084 4541 ὅτι
3115 4488 3378 4542 ἀδύνατον
3409 4485 3602 4540 εἰδέναι
3633 4480 3681 4535 τί
3713 4478 3793 4547 τὴν

2158 4579 2344 4634 οὐσίαν
2382 4579 2530 4631 ἐστὶν
2558 4578 2588 4629 6
2621 4577 2755 4641 Θεός
2776 4594 2789 4607 ·
2825 4576 3013 4647 ἐπειδὴ
3038 4576 3096 4630 δὲ
3128 4577 3189 4629 06
3236 4575 3375 4647 πρὸς
3416 4573 3609 4645 ἔχθραν
3649 4568 3793 4639 φθεγ-

2159 4665 2400 4736 γόμεθα,
2443 4665 2555 4719 ἀλλ’
2585 4664 2727 4718 ῶστε
2773 4665 2969 4727 αὐτοὺς
3000 4663 3329 4735 διορθῶσαι,
3362 4663 3495 4733 φέρε
3542 4658 3792 4725 δείξωμεν,

2160 4755 2239 4807 ὅτι
2272 4755 2333 4806 06
2369 4753 2430 4806 16
2459 4754 2672 4819 ἀγνοεῖν
2710 4751 2761 4803 τί
2794 4752 2893 4821 τὴν
2930 4751 3121 4804 οὐσίαν
3164 4752 3315 4802 ἐστὶν
3346 4752 3375 4803 6
3407 4748 3555 4811 Θεὸς,
3599 4742 3720 4798 ἀλλά
3746 4738 3796 4791 τὸ

2163 4843 2482 4911 φιλονεικεῖν
2510 4841 2728 4906 εἰδέναι,
2757 4839 2916 4892 τοῦτο
2943 4839 3057 4893 ἐστι
3084 4839 3177 4892 τὸν
3209 4839 3343 4893 Θεὸν
3371 4839 3599 4907 ἀγνοεῖν.

2233 4993 2368 5046 Εἰπὲ
2396 4993 2505 5063 γάρ
2541 5009 2651 5061 μοι,
2677 4993 2727 5045 εἰ
2755 4991 2850 5045 δύο
2876 4990 3179 5063 ἀνθρώπων
3209 4990 3650 5062 φιλονεικούντων
3680 4982 3795 5053 πρὸς

2162 5079 2424 5149 ἀλλήλους
2468 5078 2664 5131 εἰδέναι
2715 5078 2806 5131 τοῦ
2856 5078 3091 5150 ούρανοῦ
3138 5079 3200 5131 τὸ
3253 5078 3502 5148 μέγεθος,
3541 5078 3569 5129 6
3601 5074 3690 5145 μὲν
3727 5064 3794 5131 εἷς

2162 5168 2310 5236 λέγει
2365 5167 2440 5238 μὴ
2494 5165 2753 5219 δύνασθαι
2803 5166 2935 5219 0616
2998 5165 3338 5237 ἀνθρώπινον
3390 5154 3794 5231 καταλαμϐάνειν

2161 5255 2461 5325 ὀφθαλμὸν,
2503 5257 2533 5307 6
2575 5254 2632 5307 δὲ
2682 5254 2869 5324 ἕτερος
2919 5252 3245 5324 φιλονεικοίη
3294 5250 3516 5307 δυνατὸν
3544 5244 3693 5310 εἶναι,
3733 5239 3792 5311 τῇ

2232 5585 2254 5646 ‘_
2292 5583 2387 5646 Α.Ιῇ
2410 5584 2664 5646 σκαιωρία.

2227 5643 2258 5683 (1
2293 5648 2326 5693 Α
2339 5643 2389 5691 lii
2414 5643 2830 5707 περιεργάσασθαι.

2235 5710 2259 5737 θ
2286 5708 2393 5755 Duo
2415 5702 2865 5781 m§S.;61159nc90v€0’
2903 5710 2956 5754 et
2999 5702 3069 5781 sic
3102 5704 3252 5756 Savil.
3292 5703 3424 5757 Intra
3458 5703 3666 5767 quintu
3691 5708 3779 5752 mss

2171 5766 2290 5815 ὅπου
2309 5782 2364 5828 γι
2383 5767 2488 5829 περὶ
2508 5771 2593 5825 τῆς
2612 5766 2707 5813 τῶν
2718 5766 2962 5829 σωμάτων
2982 5766 3183 5830 φύσεως.
