3918 6360
237 374 323 429 7n
1136 361 1224 416 DE
1263 356 1946 417 INCOMPREHENSIBILI
1990 355 2099 411 DEI
2140 356 2443 414 NATURA.
2487 341 2567 412 v.’

234 487 324 540 hac
356 480 556 536 Insania
599 475 856 532 deterius?
886 476 989 529 Cur
1032 483 1208 528 autem
1245 473 1364 528 dico
1389 515 1404 538 ,
1447 488 1566 542 quae
1591 473 1658 526 sit
1688 471 1802 525 ani-

233 590 325 629 ma:
359 569 685 626 substantia?
713 567 790 620 Ne
817 565 1029 635 quidem
1060 564 1326 631 quomodo
1368 564 1438 616 sit
1483 563 1534 615 in
1577 575 1802 629 corpore

231 663 480 735 quispiam
508 660 706 728 dicere
731 666 924 727 potest.
961 657 1095 724 Quid
1123 657 1265 710 enim
1299 655 1506 709 dicatur
1524 695 1539 718 ,
1567 668 1634 708 an
1683 668 1800 706 eam

231 758 276 810 in
320 761 426 808 tota
449 750 685 820 corporis
723 748 864 802 mole
908 745 1165 802 extendi?
1191 745 1295 800 Sed
1343 744 1443 799 hoc
1471 742 1756 798 absurdum
1783 783 1800 807 ,

230 847 277 901 id
305 845 496 914 quippe
523 839 834 911 corporibus
867 840 1136 908 proprium
1181 845 1280 890 est.
1309 834 1461 901 Quod
1486 843 1663 889 autem
1691 834 1803 887 aui-

228 953 306 991 ma
337 935 415 989 sic
443 947 560 988 esse
599 946 704 986 non
750 929 956 1000 possit,
986 928 1110 982 hinc
1149 928 1313 995 liquet
1341 945 1352 978 :
1386 940 1529 994 εει-βε
1556 925 1802 980 manibus

229 1027 547 1097 pedibusque
597 1022 831 1092 praecisis
871 1061 886 1084 ,
938 1020 1144 1088 integra
1207 1018 1295 1072 illa
1350 1025 1570 1081 manet,
1624 1030 1798 1084 neque

233 1124 471 1171 truncato
493 1126 720 1182 corpore
747 1111 932 1166 mutila
964 1109 1212 1163 efficitur.
1247 1107 1434 1162 Verum
1469 1107 1521 1159 in
1552 1114 1663 1160 toto
1689 1119 1801 1158 cor-

228 1222 354 1274 pore
398 1218 504 1258 non
549 1211 659 1268 est,
712 1200 806 1255 sed
855 1200 907 1254 in
960 1209 1112 1267 parte
1153 1197 1376 1267 quadam
1417 1195 1718 1250 continetur
1745 1195 1803 1246 ':

231 1310 356 1366 ergo
403 1293 600 1363 reliqua
633 1290 870 1346 membra
900 1296 1107 1344 mortua
1134 1302 1254 1341 esse
1292 1300 1511 1341 necesse
1539 1292 1657 1351 est,
1685 1299 1806 1338 nam

229 1388 362 1459 quod
405 1387 782 1448 inanimatum,
813 1391 1080 1436 mortuum
1137 1387 1240 1434 est.
1282 1380 1350 1432 At
1395 1393 1495 1431 nec
1545 1376 1671 1431 illud
1725 1376 1808 1430 di-

229 1478 446 1534 cendum
475 1519 489 1542 ,
537 1476 628 1530 sed
658 1475 802 1530 illam
833 1472 1046 1542 quidem
1097 1471 1152 1525 in
1197 1484 1423 1539 corpore
1458 1482 1578 1522 esse
1623 1478 1807 1521 nostro

230 1572 419 1625 scimus
442 1611 457 1634 ,
505 1565 775 1638 quomodo
803 1573 983 1620 autem
1020 1564 1127 1626 sit,
1168 1563 1492 1632 ignoramus.
1523 1560 1808 1629 Propterea

231 1663 365 1717 enim
401 1661 544 1715 Deus
575 1658 712 1713 hanc
754 1657 907 1711 nobis
943 1654 1296 1724 cognitionem
1337 1653 1545 1721 penitus
1573 1649 1809 1706 occulta-

230 1757 294 1807 vit
323 1796 336 1819 ,
365 1763 422 1808 ut
453 1751 609 1805 nobis
638 1765 731 1804 ora
776 1749 1022 1802 frtenaret
1043 1788 1058 1814 ,
1087 1746 1410 1808 contineret,
1443 1753 1606 1812 atque
1643 1742 1693 1795 in
1726 1743 1808 1794 in-

231 1843 360 1898 ﬁmis
389 1856 610 1896 manere
653 1837 939 1903 suaderet,
985 1851 1050 1890 ne
1086 1850 1204 1906 qua:
1229 1849 1386 1902 supra
1418 1847 1515 1888 nos
1565 1841 1689 1886 sunt
1717 1848 1812 1884 cu-

230 1937 361 1989 riose
389 1941 771 1995 scrutaremur,
806 1937 899 1982 aut
927 1923 1576 1997 perquireremusNerum
1604 1937 1670 1977 ne
1699 1924 1812 1975 hate

229 2025 521 2081 ratiociniis
565 2021 762 2078 nostris
811 2019 1280 2084 demonstremus,
1328 2032 1425 2088 age
1479 2031 1688 2071 rursum
1745 2015 1811 2068 ad

231 2115 556 2185 Scripturam
603 2126 905 2168 sermonem
936 2120 1344 2166 convertamus:
1379 2107 1503 2162 Non
1543 2108 1664 2177 quia
1702 2105 1811 2159 Pa-

230 2216 344 2259 trem
372 2205 499 2258 vidit
542 2203 846 2275 quisquam,
891 2201 989 2253 nisi
1039 2200 1125 2270 qui
1167 2215 1231 2253 ea:
1257 2198 1363 2251 Deo
1407 2209 1519 2265 est,
1567 2198 1649 2250 hic
1690 2197 1812 2250 uidit

232 2295 430 2350 Patrem
459 2295 640 2364 (Joan.
687 2293 740 2348 6.
770 2291 889 2363 46).
913 2290 1113 2346 Verum
1139 2290 1262 2360 quid
1292 2291 1434 2344 hoc?
1459 2289 1663 2359 inquiet
1682 2306 1695 2344 :
1714 2289 1816 2344 hoc

231 2391 418 2445 dictum
477 2405 588 2444 non
635 2389 734 2458 ipsi
765 2387 1126 2458 cognitionem
1160 2385 1446 2456 perfectam
1492 2383 1813 2453 adscripsit,

233 2481 318 2536 sed
342 2489 644 2536 creaturam
674 2479 886 2548 quidem
917 2493 1037 2534 eum
1066 2493 1173 2534 non
1196 2491 1355 2532 nosse
1401 2475 1691 2531 declaravit
1732 2473 1818 2528 bis

234 2573 441 2628 verbis:
477 2571 604 2625 Non
656 2573 777 2641 quia
825 2569 1035 2625 Patrem
1075 2570 1199 2624 vidit
1250 2570 1550 2639 quisquam;
1587 2569 1819 2638 itemque

234 2663 363 2718 dixit
413 2663 615 2718 Filium
659 2663 832 2733 ipsum
882 2675 1076 2726 nosse,
1110 2660 1223 2715 haec
1278 2659 1644 2730 subjungens,
1701 2655 1821 2710 Nisi

233 2756 311 2823 qui
347 2766 416 2810 est
443 2772 513 2810 ea:
531 2753 641 2808 Deo
662 2771 680 2808 :
705 2755 786 2808 hic
806 2754 929 2807 vidit
957 2753 1181 2807 Patrem.
1211 2752 1365 2820 Quod
1383 2760 1558 2807 autem
1586 2747 1821 2822 perfecte

235 2846 370 2900 illum
400 2853 734 2915 cognoscat,
766 2854 923 2914 atque
952 2845 1021 2897 ita
1060 2854 1117 2897 ut
1143 2843 1256 2912 ipse
1297 2843 1532 2912 seipsum
1559 2840 1738 2905 novit,
1767 2837 1819 2893 id

235 2937 459 2993 nondum
517 2937 938 2993 demonstratum
989 2945 1094 3004 est.
1138 2936 1278 2991 Fieri
1331 2949 1561 3005 namque
1600 2940 1818 3002 potest,

237 3030 305 3085 ait
324 3071 338 3097 ,
368 3040 426 3086 ut
468 3045 648 3100 neque
689 3039 933 3084 creatura
962 3043 1082 3084 eum
1112 3029 1254 3083 clare
1297 3033 1584 3098 cognoscat
1609 3066 1621 3088 ,
1649 3038 1822 3092 neque

238 3112 411 3187 Filius,
441 3119 542 3175 sed
569 3120 766 3176 clarius
796 3120 882 3175 hic
908 3135 1065 3190 quam
1114 3120 1221 3182 illa,
1247 3128 1300 3173 et
1325 3127 1504 3173 tamen
1531 3114 1822 3186 perfectam

239 3212 767 3283 comprehensionem
817 3226 922 3266 non
970 3212 1212 3280 attingat.
1243 3209 1373 3263 Nam
1413 3209 1560 3262 illum
1608 3207 1822 3275 quidem

241 3303 442 3370 videre,
481 3311 542 3356 ut
579 3312 696 3370 est,
727 3312 783 3357 et
806 3315 1130 3372 cognoscere
1156 3317 1214 3356 se
1254 3301 1366 3366 ait,
1392 3298 1622 3370 perfecte
1645 3307 1824 3353 autem

243 3408 567 3465 cognoscere
595 3401 755 3463 atque
783 3402 840 3447 ut
867 3395 982 3462 ipse
1022 3394 1256 3462 seipsum
1292 3393 1476 3456 novit,
1505 3389 1556 3444 id
1587 3389 1824 3443 nondum

234 3483 547 3562 declaravit.
579 3482 817 3539 Vultisne
843 3483 1002 3552 igitur
1029 3523 1044 3550 ,
1073 3492 1132 3536 ut
1158 3497 1189 3536 a
1227 3481 1393 3535 sacris
1413 3480 1703 3548 Scripturis
1726 3519 1741 3546 ,
1775 3487 1828 3533 et

240 3577 302 3632 ab
341 3577 470 3647 ipsis
497 3574 699 3630 Christi
735 3575 912 3630 verbis
947 3575 999 3628 id
1022 3574 1353 3643 probemus?
1383 3571 1674 3626 Audiamus
1699 3569 1828 3640 quid

242 3667 428 3722 ludatis
469 3668 589 3736 ipse
613 3666 754 3721 dicat
781 3682 796 3718 :
830 3665 974 3720 Sicut
999 3665 1253 3736 cognoscit
1282 3679 1361 3716 me
1395 3661 1548 3716 Pater
1568 3703 1586 3727 ,
1631 3673 1677 3715 et
1733 3677 1825 3732 ego

242 3773 479 3825 cognosco
513 3754 721 3809 Patrem
774 3754 887 3824 (Id.
921 3755 1008 3810 10.
1037 3755 1149 3823 15).
1200 3753 1335 3822 Quid
1391 3752 1488 3806 hac
1529 3752 1832 3822 cognitione

245 3850 532 3917 perfectius
561 3847 756 3903 deinde
804 3845 1061 3917 quaeras?
1086 3846 1355 3915 Interroga
1419 3843 1780 3899 adversarium
1813 3885 1828 3908 ,

244 3957 303 3994 an
328 3940 490 3996 Pater
521 3937 714 3993 Filium
745 3938 982 4008 perfecte
1013 3938 1195 4003 novit,
1227 3936 1694 4005 omnimodamque
1717 3934 1833 4004 ejus

245 4033 599 4104 cognitionem
638 4031 840 4096 habet,
877 4031 1114 4100 nihilque
1169 4030 1266 4098 ipsi
1309 4030 1438 4084 latet
1483 4044 1666 4083 eorum
1715 4042 1834 4097 qua:

245 4126 428 4183 Filium
461 4134 748 4196 spectant,
779 4125 875 4181 sed
928 4123 1160 4194 perfecta
1186 4130 1268 4178 est
1312 4121 1575 4177 scientia?
1611 4120 1686 4175 lta
1715 4128 1830 4184 est,

247 4220 608 4290 respondebit.
654 4218 819 4288 Igitur
881 4231 1000 4272 cum
1046 4215 1318 4280 audieris,
1381 4216 1450 4267 ita
1502 4228 1625 4267 eum
1675 4226 1835 4266 nosse

246 4308 434 4366 Filium
471 4319 534 4364 ut
558 4310 672 4379 ipse
701 4309 892 4363 Filium
919 4307 1100 4373 novit,
1131 4305 1260 4359 nihil
1283 4305 1416 4359 ultra
1440 4317 1647 4374 quaeras
1669 4344 1683 4368 ,
1714 4318 1834 4358 cum

247 4401 524 4472 utrobique
564 4399 795 4469 cognitio
822 4399 892 4453 ita
935 4398 1004 4452 sit
1057 4397 1295 4467 :cqualis.
1337 4395 1470 4450 Nam
1501 4404 1554 4449 et
1582 4395 1708 4450 alibi
1756 4393 1838 4448 id-

248 4489 414 4561 ipsum
471 4493 766 4547 declaravit
815 4491 898 4545 his
943 4481 1163 4547 verbis:
1199 4489 1365 4545 Nemo
1409 4489 1544 4543 novit
1606 4487 1835 4553 Filium,

249 4584 342 4638 nisi
391 4583 554 4638 Pater
577 4624 592 4646 ,
653 4599 812 4653 neque
856 4582 1064 4636 Patrem
1115 4582 1225 4652 quis
1275 4582 1443 4645 novit,
1483 4579 1580 4632 nisi
1626 4577 1797 4632 Filius
1819 4616 1834 4642 ,

251 4681 295 4726 et
343 4676 426 4730 cui
478 4675 690 4730 voluerit
719 4673 890 4729 Filius
930 4676 1149 4728 revelare
1183 4671 1394 4744 (Matth.
1449 4672 1534 4725 11.
1591 4669 1708 4741 27).
1733 4669 1840 4723 Re-

251 4765 386 4820 velat
426 4774 609 4822 autem
663 4781 770 4821 non
797 4774 1053 4836 quantum
1082 4765 1197 4836 ipse
1223 4763 1410 4829 novit,
1453 4762 1548 4819 sed
1583 4772 1839 4831 quantum

254 4871 347 4910 nos
369 4857 631 4928 capimus.
668 4855 802 4911 Nam
847 4857 892 4911 si
918 4855 1112 4910 Paulus
1139 4855 1208 4908 ita
1234 4853 1431 4920 faciat,
1459 4853 1627 4907 multo
1671 4851 1840 4921 magis

253 4946 492 5006 Christus
515 4968 528 5003 :
551 4950 824 5021 discipulis
852 4951 1046 5019 quippe
1066 4948 1180 5003 suis
1202 4948 1280 5003 sic
1309 4947 1398 5003 ille
1423 4949 1528 5002 ait:
1554 4944 1675 5000 Non
1700 4945 1842 5014 potui

257 5042 390 5094 vobis
417 5042 554 5110 loqui
609 5041 754 5109 quasi
786 5039 1169 5110 spiritualibus,
1198 5040 1287 5093 sed
1335 5040 1480 5109 quasi
1527 5037 1837 5092 carnalibus.

261 5132 536 5205 Tamquam
580 5133 805 5205 parvulis
847 5133 901 5185 in
929 5131 1129 5185 Christo
1164 5131 1242 5184 lac
1287 5130 1423 5184 vobis
1470 5128 1798 5204 potumdedi
1822 5167 1837 5192 ,

261 5242 356 5277 non
374 5242 576 5280 escam:
602 5228 828 5279 nondum
867 5223 1000 5277 enim
1029 5223 1267 5292 poteratis
1297 5223 1376 5290 (1.
1407 5223 1523 5275 Cor.
1545 5222 1598 5274 5.
1634 5221 1655 5274 1
1671 5231 1707 5290 ).
1737 5218 1841 5274 Sed

265 5315 314 5369 id
339 5315 630 5371 Corinthiis
680 5324 915 5381 tantum,
945 5313 1182 5383 inquiet,
1230 5312 1376 5367 dicit.
1417 5311 1555 5379 Quid
1614 5311 1772 5380 igitur
1797 5309 1842 5364 si

266 5408 638 5476 ostendamus,
676 5407 848 5478 ipsum
891 5407 994 5461 alia
1052 5405 1305 5472 novisse,
1355 5420 1474 5475 quae
1521 5403 1698 5459 nullus
1743 5403 1842 5456 ho-

269 5501 466 5558 minum
493 5510 735 5570 noverat,
762 5511 818 5556 et
844 5516 968 5556 cum
992 5500 1136 5555 solus
1174 5499 1358 5562 sciret,
1388 5498 1465 5552 sic
1492 5512 1523 5551 e
1573 5496 1706 5551 vivis
1729 5495 1843 5550 dis-

269 5598 527 5653 cessisse?
567 5596 794 5654 Ubinam
845 5603 1021 5650 autem
1061 5602 1238 5648 autem
1273 5590 1326 5646 id
1370 5589 1591 5660 reperiri
1634 5587 1844 5658 possit?

331 5751 350 5784 ι
370 5752 748 5819 slii,_colligitar.
775 5749 917 5819 Paulo
953 5755 1061 5811 post
1078 5760 1182 5819 pro,
1195 5744 1382 5819 reliqua
1403 5742 1618 5819 membra
1655 5749 1844 5796 mortua

276 5823 389 5876 me,
411 5807 624 5882 quinque
647 5823 772 5876 Mss,
793 5807 1001 5877 reliquas
1023 5807 1182 5876 partes
1205 5811 1415 5858 mortuas
1435 5807 1560 5870 ﬁeri.

3387 359 3487 418 71⁸2

1911 468 1966 522 ln
1999 469 2218 538 epistola
2265 469 2332 524 ad
2381 469 2718 535 Corinthios,
2753 469 2840 524 ubi
2891 470 2960 523 ita
3011 471 3277 540 loquitur:
3312 471 3492 524 Audivi

1909 575 2096 612 arcana
2116 561 2263 613 verba
2286 601 2302 627 ,
2335 576 2451 629 qua:
2486 576 2587 613 non
2614 561 2725 614 licet
2770 562 2960 614 homini
2986 561 3121 630 loqui
3156 561 3227 632 (2.
3253 561 3371 616 Cor.
3406 563 3493 614 12.

1909 651 1987 721 4).
2036 651 2103 704 Ει
2131 659 2307 706 tamen
2349 651 2434 704 hic
2461 651 2572 719 ipse
2593 651 2682 720 qui
2708 651 2909 705 audivit
2936 667 3129 706 arcana
3155 653 3313 706 verba
3335 695 3349 717 ,
3376 667 3496 722 qua:

1911 756 2016 794 non
2046 741 2171 796 licet
2199 741 2400 794 homini
2432 740 2574 810 loqui
2605 783 2620 806 ,
2657 741 3031 809 particularem
3077 742 3361 812 quamdam
3404 757 3497 798 co-

1908 833 2202 902 gnitionem
2254 832 2452 899 habet,
2497 843 2551 886 et
2601 835 2771 887 futura
2821 834 2908 889 illa
2960 835 3116 904 longe
3165 833 3491 891 inferiorem.

1910 922 2009 989 Qui
2060 923 2202 977 enim
2239 924 2324 977 illa
2373 923 2542 988 dixit,
2591 924 2668 978 sic
2723 926 2882 979 etiam
2920 925 3197 994 loquitur:
3231 925 3315 980 Ea:
3358 939 3500 995 parte

1911 1017 2276 1086 cognoscimus,
2305 1025 2350 1070 et
2377 1032 2439 1070 ex.
2463 1027 2606 1086 parte
2644 1016 3021 1086 praphetamus.
3052 1017 3176 1070 Cum
3201 1034 3357 1072 essem
3388 1035 3500 1087 par-

1911 1110 2089 1171 vulus,
2136 1108 2372 1179 loquebar
2416 1118 2470 1161 ut
2509 1107 2786 1175 parvulus,
2836 1108 3092 1178 sapiebam
3131 1119 3187 1163 ut
3232 1111 3496 1181 paruulus,

1912 1192 2212 1264 cogitabam
2231 1203 2286 1246 ut
2313 1195 2588 1264 parvulus.
2615 1194 2682 1248 Et
2705 1211 2842 1248 nunc
2864 1198 3008 1248 video
3028 1213 3120 1264 per
3153 1199 3424 1266 speculum
3448 1203 3501 1254 iu

1913 1290 2216 1357 amigmate;
2237 1296 2361 1344 tunc
2382 1299 2563 1344 autem
2586 1287 2722 1353 facie
2752 1289 2821 1342 ad
2851 1289 3042 1357 faciem
3070 1289 3143 1360 (1.
3173 1290 3300 1344 Cor.
3326 1291 3414 1346 15.
3444 1291 3497 1345 9.

1916 1381 2004 1435 11.
2023 1381 2134 1445 12).
2161 1380 2348 1450 Itaque
2367 1395 2432 1434 ex
2461 1380 2545 1435 his
2570 1381 2729 1435 nobis
2749 1389 2862 1435 tota
2889 1381 3108 1435 illorum
3133 1381 3350 1437 fallacia
3370 1383 3387 1413 ‘
3415 1398 3502 1438 re-

1912 1468 2189 1540 darguitur
2222 1485 2234 1521 ε
2263 1483 2386 1523 cum
2418 1466 2564 1521 enim
2594 1467 2707 1537 ipsa
2734 1465 3028 1522 substantia
3057 1467 3330 1538 ignoratur
3351 1505 3367 1532 ,
3396 1479 3504 1520 non

1917 1575 1983 1612 an
2032 1561 2122 1622 sit,
2169 1557 2264 1612 sed
2293 1557 2417 1627 quid
2461 1557 2575 1622 sit,
2621 1565 2876 1612 extremae
2904 1571 3034 1612 sane
3073 1557 3296 1612 insaniae
3349 1554 3506 1610 fuerit

1923 1664 2117 1704 nomen
2158 1649 2257 1717 ipsi
2287 1649 2541 1703 tribuere.
2590 1649 2920 1717 Quamquam
2950 1649 3050 1703 etsi
3099 1658 3222 1702 nota
3257 1657 3507 1718 certaque

1916 1750 2099 1806 esset,
2131 1755 2236 1793 non
2282 1749 2448 1792 tutum
2509 1751 2683 1794 tamen
2741 1749 2924 1804 esset,
2975 1753 3074 1794 nos
3128 1739 3273 1808 ipsos
3307 1754 3503 1794 nomen

1916 1840 2100 1885 nostro
2151 1830 2309 1884 modo
2357 1840 2600 1886 statuere
2653 1833 2967 1887 substantiae
3025 1832 3253 1886 Domini.
3287 1833 3419 1886 Nam
3460 1833 3505 1886 si

1919 1922 2114 1976 Paulus
2163 1922 2408 1990 supernis
2453 1922 2736 1977 virtutibus
2792 1923 3008 1976 nomina
3065 1923 3341 1991 imponere
3402 1937 3507 1976 non

1918 2028 2080 2068 ausus
2127 2025 2241 2079 est,
2292 2015 2385 2067 sed
2433 2029 2551 2066 cum
2606 2015 2860 2079 dixisset,
2933 2015 3200 2068 Constituit
3257 2014 3510 2069 Christum

1917 2123 2072 2175 super
2119 2123 2315 2160 onmem
2352 2107 2694 2177 principatum
2730 2118 2776 2160 et
2829 2117 3153 2177 potestatem,
3197 2117 3242 2161 et
3282 2108 3511 2160 virtutem

1929 2211 1973 2251 et
2023 2215 2169 2254 omne
2229 2216 2446 2264 nomen,
2495 2199 2631 2270 quod
2699 2203 3026 2264 nominatur,
3081 2217 3181 2254 non
3252 2201 3414 2254 solum
3460 2217 3513 2254 tu

1921 2294 2015 2345 hoc
2039 2293 2222 2347 steculo
2248 2333 2263 2357 ,
2294 2293 2382 2346 sed
2407 2294 2557 2347 etiam
2582 2295 2633 2346 in
2657 2294 2830 2361 futuro
2858 2293 3072 2365 (Ephes.
3101 2295 3285 2365 l.2l),
3311 2311 3517 2366 nosque

1921 2384 2230 2452 docuisset,
2282 2400 2401 2440 esse
2480 2385 2722 2454 quaedam
2784 2386 3036 2439 virtutum
3091 2388 3338 2450 nomina,
3395 2401 3515 2454 quae

1923 2485 2050 2532 tunc
2100 2491 2526 2548 cognoscemus,
2575 2492 2676 2533 nec
2739 2493 2903 2532 ausus
2957 2478 3070 2546 ipse
3139 2488 3221 2532 est
3260 2478 3363 2532 alia
3413 2493 3513 2547 pro

1924 2569 2034 2624 illis
2075 2579 2342 2635 statuere,
2376 2584 2550 2640 neque
2593 2569 2682 2624 illa
2724 2570 3027 2639 exquirere,
3072 2585 3174 2640 qua
3222 2571 3398 2637 venia,
3432 2571 3517 2624 vel

1924 2677 2028 2733 qua
2070 2664 2415 2718 excusatione
2443 2662 2589 2733 digni
2633 2663 2830 2719 fuerint
2875 2663 2943 2730 ii,
2987 2664 3077 2734 qui
3130 2664 3270 2719 circa
3310 2663 3519 2720 Domini

1925 2755 2275 2810 substantiam
2315 2755 2546 2825 idipsum
2574 2756 2751 2813 facere
2772 2755 3012 2812 audent?
3033 2758 3163 2812 Cum
3191 2766 3367 2812 autem
3399 2758 3512 2827 ipsa

1925 2861 2136 2917 quoque
2196 2846 2491 2902 substantia
2539 2848 2856 2920 ignoretur,
2925 2849 3068 2918 ipsos
3119 2863 3218 2902 ceu
3288 2848 3518 2922 furiosos

1932 2939 2168 2994 aversari
2199 2949 2428 3008 oportet.
2467 2939 2600 2994 Nam
2644 2940 2783 3010 quod
2833 2940 2978 2995 Deus
3016 2941 3086 2995 sit
3130 2941 3394 3012 ingenitus
3426 2957 3520 3010 pa—

1928 3028 2031 3082 lam
2063 3037 2187 3093 est;
2235 3029 2376 3099 quod
2406 3039 2584 3085 autem
2629 3030 2759 3084 illud
2805 3031 2875 3084 sit
2915 3030 3031 3100 ejus
3056 3029 3371 3086 substantiae
3418 3047 3514 3085 no-

1928 3136 2083 3188 men,
2113 3121 2165 3176 id
2191 3122 2366 3178 nullus
2392 3124 2775 3192 prophetarum
2821 3123 2955 3177 dixit
2979 3165 2994 3190 ,
3041 3123 3218 3178 nullus
3245 3124 3519 3193 apostolo-

1929 3227 2048 3268 rum
2093 3211 2488 3280 subindicavit,
2546 3213 2833 3282 nullusque
2871 3215 3195 3284 evangelism
3222 3231 3235 3280 ;
3265 3223 3320 3269 et
3366 3225 3512 3273 recte

1929 3305 2164 3378 quidem.
2188 3305 2288 3374 Qui
2305 3306 2447 3362 enim
2466 3309 2633 3378 ipsam
2654 3308 3007 3363 substantiam
3036 3310 3367 3380 ignorarent,
3388 3325 3520 3380 quo-

1932 3396 2093 3452 modo
2120 3412 2316 3454 nomen
2347 3399 2462 3470 ejus
2489 3397 2732 3470 proferre
2762 3400 3025 3470 possent?

2004 3489 2058 3544 5.
2091 3488 2293 3560 Ecquid
2330 3491 2520 3560 loquor
2576 3489 2644 3546 de
2699 3491 2892 3546 divinis
2949 3491 3240 3562 Scripturis
3263 3534 3280 3560 ,
3310 3495 3522 3562 quando

1936 3589 2079 3636 tanta
2143 3591 2228 3638 est
2278 3582 2620 3638 absurditatis
2680 3583 2824 3639 illius
2869 3582 3167 3648 evidentia,
3227 3594 3370 3639 tanta
3421 3583 3526 3637 ini-

1936 3674 2149 3744 quitatis
2193 3673 2541 3743 magnitudo,
2588 3682 2646 3728 ut
2698 3690 2766 3729 ne
2808 3674 3037 3744 gentiles
3077 3673 3337 3744 quidem,
3365 3674 3454 3744 qui
3497 3688 3526 3726 a

1937 3769 2158 3822 veritate
2199 3767 2611 3833 aberraveraut,
2655 3766 2778 3837 quid
2832 3767 3006 3821 simile
3054 3781 3304 3837 umquam
3348 3766 3530 3820 dicere

1937 3858 2051 3912 ausi
2100 3857 2207 3911 sint
2237 3874 2250 3909 :
2283 3871 2440 3911 nemo
2487 3858 2629 3911 enim
2684 3872 2750 3912 ex
2805 3857 2908 3912 illis
2951 3856 3146 3911 divina:
3213 3857 3525 3912 substantim

1938 3947 2299 4004 deﬁnitionem
2327 3948 2518 4004 efferre
2567 3949 2827 4014 tentavit,
2854 3963 3079 4018 eamque
3109 3963 3215 4003 uno
3242 3947 3527 4017 complecti

1940 4042 2159 4096 nomine
2191 4057 2352 4097 ausus
2377 4051 2479 4096 est.
2512 4042 2578 4096 Et
2609 4041 2736 4112 quid
2766 4042 2954 4111 loquor
2980 4041 3049 4096 de
3077 4040 3253 4095 divina
3284 4040 3532 4094 substan-

1943 4132 2012 4184 tia
2037 4173 2050 4195 ,
2095 4132 2307 4201 quando
2335 4147 2400 4186 ne
2441 4132 2507 4185 de
2555 4132 2866 4202 incorporea
2896 4130 3110 4200 quidem
3153 4139 3340 4184 natura
3362 4130 3382 4160 ²
3413 4128 3529 4197 phi-

1944 4220 2308 4291 losophantes,
2333 4223 2449 4292 ejus
2481 4222 2770 4292 perfectam
2802 4221 3167 4276 definitionem
3191 4229 3490 4275 statuerunt
3516 4235 3532 4283 ;

1941 4315 2035 4369 sed
2066 4316 2347 4370 obscuram
2370 4323 2572 4370 tantum
2602 4314 3012 4383 descriptionem
3044 4322 3097 4367 et
3123 4311 3534 4367 delineatlonem

1943 4408 2118 4478 potius
2142 4449 2158 4473 ,
2188 4422 2344 4476 quam
2370 4407 2754 4463 definitionem.
2785 4407 2980 4461 Verum
3009 4405 3134 4478 quid
3167 4407 3432 4477 sapientes
3457 4402 3535 4458 illi

1943 4498 2200 4568 objiciunt
2219 4498 2242 4550 ?

1947 4649 1949 4652 ,
2019 4588 2246 4662 Objectio
2287 4590 2664 4644 Anomteorum.
2693 4589 2923 4658 —Ergo
2967 4588 3210 4657 ignoras,
3266 4585 3448 4651 aiunt,
3485 4584 3538 4638 id

1945 4682 2087 4752 quod
2116 4683 2290 4739 colis?
2335 4683 2467 4737 lluic
2495 4684 2648 4752 plane
2678 4682 2963 4752 objectioni
3007 4697 3074 4736 ne
3102 4677 3533 4749 respondendum

1951 4773 2164 4843 quidem
2229 4784 2412 4840 esset,
2463 4783 2744 4845 postquam
2787 4789 2852 4828 ex
2906 4773 3198 4845 Scripturis
3257 4771 3540 4842 perspicue

1947 4865 2370 4923 demonstratum
2395 4878 2497 4935 est,
2520 4869 2770 4938 cognosci
2792 4883 2897 4922 non
2919 4881 3076 4938 posse
3102 4866 3226 4936 quid
3249 4865 3540 4920 secundum

1947 4963 2298 5020 substantiam
2331 4963 2401 5016 sit
2443 4962 2606 5016 Deus.
2638 4959 2772 5029 Quia
2801 4974 2927 5013 vero
2957 4974 3063 5012 non
3108 4957 3324 5014 inimico
3366 4955 3539 5024 loqui-

1951 5073 2071 5112 mur
2105 5055 2286 5109 animo
2306 5096 2320 5119 ,
2351 5053 2444 5108 sed
2475 5063 2536 5107 ut
2562 5068 2654 5106 eos
2683 5050 3028 5106 emendemus
3060 5069 3071 5102 :
3105 5064 3202 5119 age
3222 5090 3237 5113 ,
3283 5046 3540 5102 ostenda-

1949 5164 2069 5204 mus
2110 5164 2214 5204 non
2264 5149 2509 5218 ignorare
2546 5145 2671 5216 quid
2732 5142 3021 5198 secundum
3072 5140 3420 5196 substantiam
3475 5138 3544 5193 sit

1951 5243 2090 5297 Deus
2119 5282 2135 5305 ,
2164 5239 2258 5294 sed
2289 5240 2339 5293 id
2367 5254 2426 5293 se
2451 5251 2610 5292 nosse
2659 5235 2985 5290 contendere
3005 5274 3020 5299 ,
3065 5231 3192 5287 illud
3223 5247 3343 5288 esse
3374 5231 3540 5285 Deum

1952 5334 2218 5404 ignorare.

2025 5427 2326 5496 Responsio.
2351 5455 2419 5464 —-
2447 5425 2539 5479 Dic
2568 5423 2708 5478 enim
2739 5422 2867 5476 mihi
2889 5463 2903 5485 ,
2955 5422 2998 5475 si
3038 5419 3148 5474 duo
3185 5417 3428 5473 homines
3473 5415 3543 5472 de

1953 5516 2331 5588 magnitudinis
2374 5515 2488 5570 caeli
2557 5514 2741 5569 notitia
2787 5513 2926 5567 inter
2985 5525 3043 5566 se
3108 5509 3540 5575 contenderent,

1953 5624 2177 5680 quorum
2204 5608 2339 5662 alter
2361 5607 2580 5672 diceret,
2603 5621 2705 5660 non
2729 5619 2885 5675 posse
2909 5603 3140 5658 humano
3163 5602 3318 5657 oculo
3345 5598 3535 5655 cadum

2020 5746 2036 5777 ι
2073 5743 2179 5802 Alii,
2202 5741 2430 5805 nequitia.

2020 5813 2040 5842 ι
2076 5801 2295 5868 Quinque
2318 5811 2444 5864 Mss,
2473 5801 2532 5854 de
2549 5813 2801 5866 corporum
2849 5805 3036 5851 natura.
