3918 6392
370 332 492 386 715.

371 430 750 501 comprehendi
778 448 793 496 ;
832 431 968 487 alter
996 449 1122 487 vero
1148 435 1438 490 afﬁrmaret
1480 452 1638 507 posse
1681 437 1951 495 hominem

371 524 551 591 palmo
604 533 770 578 totum
798 525 1053 590 dimetiri;
1081 542 1239 597 quem
1264 543 1332 582 ex
1367 527 1448 582 his
1484 528 1786 586 diceremus
1836 533 1952 587 οωιί

371 614 787 685 magnitudinem
816 633 1004 672 nosse:
1026 632 1219 673 eumne
1238 620 1326 688 qui
1351 623 1771 676 contenderctse
1793 638 1954 679 nosse

378 717 511 774 qum
542 708 747 777 palmes
776 707 968 763 habeat
1012 724 1078 763 an
1105 726 1226 764 eum
1254 710 1344 780 qui
1373 726 1431 766 se
1457 712 1701 782 ignorare
1737 714 1955 783 proﬁte-

376 799 551 853 retur?
570 800 721 868 Quod
748 801 790 855 si
825 801 869 854 is
897 802 985 872 qui
1015 802 1130 856 (τωιὶ
1161 804 1506 873 magnitudini
1529 805 1690 868 cedit,
1720 807 1833 876 ipse
1859 822 1955 876 p0-

370 888 473 942 tius
493 891 639 943 novit
657 890 771 959 ejus
797 891 1228 961 magnitudinem.
1261 908 1427 962 quare
1448 910 1553 949 non
1594 896 1660 949 de
1685 896 1792 950 Deo
1839 897 1952 966 pari

377 995 502 1034 cum
535 984 827 1034 reverentia
852 980 1459 1051 loquemur?Quomodo
1483 1002 1585 1040 non
1619 986 1668 1040 id
1700 973 1954 1043 extremae

368 1068 654 1126 dementia:
693 1072 896 1129 fuerit?
924 1073 1076 1140 Quod
1101 1085 1278 1130 autem
1310 1077 1361 1131 id
1393 1078 1562 1132 solum
1590 1080 1891 1149 requiratur
1920 1096 1950 1136 a

370 1160 543 1227 nobis,
569 1172 623 1216 ut
644 1164 873 1218 sciamus
902 1165 1063 1219 Deum
1092 1180 1232 1233 esse,
1259 1178 1441 1221 nonut
1465 1169 1581 1238 ejus
1598 1171 1944 1226 substantiam

373 1256 581 1307 curiose
609 1264 947 1321 scrutemur,
997 1258 1119 1312 audi
1178 1259 1397 1315 Paulum
1447 1262 1792 1331 loquentem:
1835 1262 1956 1320 Cre-

363 1343 484 1395 dere
509 1343 641 1396 enim
671 1356 863 1416 Oportet
911 1363 1023 1401 cum
1047 1349 1131 1418 qui
1152 1350 1220 1402 ad
1244 1349 1408 1405 Deum
1456 1354 1683 1418 accedit,
1715 1355 1833 1423 quia
1883 1365 1955 1410 est

373 1434 558 1504 (Hebr.
614 1437 699 1493 11.
740 1437 816 1507 6).
873 1438 1099 1495 Rursum
1152 1443 1406 1511 propheta
1435 1485 1452 1511 ,
1503 1461 1622 1499 cunt
1673 1446 1954 1515 impietatis

370 1528 672 1596 quempiam
700 1540 1009 1597 accusaret,
1036 1548 1140 1585 non
1173 1533 1220 1588 ei
1253 1536 1381 1589 vitio
1405 1537 1603 1600 vertit,
1634 1538 1775 1607 quod
1807 1538 1954 1607 igno-

369 1628 514 1672 raret
539 1618 662 1688 quid
716 1620 785 1675 sit
816 1621 993 1686 Deus,
1025 1622 1119 1677 sed
1169 1623 1311 1694 quod
1363 1640 1484 1680 eum
1534 1643 1653 1682 esse
1698 1629 1950 1683 nesciret.

369 1706 500 1760 Nam
548 1708 640 1773 ait,
674 1709 814 1765 Dixit
843 1711 1084 1782 insipiens
1129 1714 1182 1768 in
1211 1715 1364 1770 corde
1402 1732 1494 1770 suo
1518 1758 1534 1783 ,
1581 1734 1683 1771 non
1713 1729 1784 1773 cst
1815 1717 1955 1774 Deus

367 1797 537 1868 (Psul.
572 1800 760 1870 15.1).
795 1800 957 1872 Igitur
1004 1814 1061 1859 ut
1110 1806 1196 1860 ille
1238 1807 1433 1876 impius
1476 1818 1590 1873 est,
1652 1825 1757 1863 non
1810 1810 1953 1880 quod

367 1890 577 1959 ignoret
629 1893 754 1963 quid
798 1895 1091 1951 secundum
1136 1898 1487 1954 substantiam
1528 1900 1599 1954 sit
1648 1900 1829 1969 Deus,
1859 1902 1956 1957 sed

366 1982 510 2052 quod
554 1984 763 2054 ignoret
813 1987 975 2041 Deum
1023 2004 1185 2053 esse;
1232 1991 1310 2045 sic
1337 1991 1405 2045 ad
1451 1992 1590 2061 piam
1642 1993 1952 2063 religiouent

367 2073 607 2143 sufﬁcit,
645 2086 701 2131 ut
729 2078 931 2133 sciatur
962 2080 1126 2134 Deum
1157 2096 1295 2137 esse.
1335 2081 1441 2138 Sed
1469 2084 1665 2140 habent
1690 2086 1764 2142 illi
1792 2088 1952 2143 aliam

367 2164 675 2220 meditatam
740 2170 1144 2238 argumentandi
1192 2173 1499 2230 rationem:
1537 2191 1694 2245 quam
1760 2178 1954 2232 illam?

367 2256 575 2311 Dictum
622 2267 741 2325 est,
791 2260 1066 2330 inquiunt,
1123 2262 1348 2333 Spiritus
1382 2275 1455 2320 est
1488 2264 1628 2321 Deus
1654 2266 1832 2340 (Joan.
1895 2270 1951 2325 4.

365 2344 482 2419 24).
525 2347 758 2404 Ilocciue
782 2391 798 2419 ,
830 2350 915 2405 dic
939 2353 1068 2406 mihi
1094 2394 1110 2420 ,
1138 2355 1490 2410 substantiam
1516 2357 1632 2427 ejus
1670 2358 1905 2416 declarat
1929 2360 1953 2414 Ἰ

368 2440 564 2512 Ecquis
591 2443 709 2501 haec
748 2445 884 2501 ferat
906 2488 921 2515 ,
952 2449 997 2503 si
1030 2450 1113 2504 vel
1143 2450 1402 2506 tantillum
1437 2451 1506 2507 ad
1548 2452 1838 2525 Scriptura:
1861 2469 1952 2510 sa-

364 2548 471 2590 crte
510 2536 653 2592 fores
696 2540 1025 2595 accesserit?
1063 2540 1198 2597 Nam
1243 2542 1344 2598 hac
1392 2545 1601 2600 ratione
1646 2546 1784 2600 Deus
1817 2546 1954 2616 ignis

364 2640 576 2695 quoque
626 2629 767 2694 erit;
818 2630 1268 2700 quemadmodum
1311 2633 1454 2688 enim
1500 2636 1755 2704 scriptum
1802 2645 1885 2691 est
1933 2654 1949 2691 :

366 2713 592 2785 Spiritus
638 2728 712 2773 est
752 2718 889 2775 Deus
916 2736 937 2786 ;
967 2722 1038 2777 ita
1087 2738 1301 2793 quoque
1340 2725 1596 2794 scriptum
1641 2734 1761 2790 est,
1813 2725 1953 2782 Deus

364 2818 536 2863 noster
559 2809 691 2881 ignis
716 2827 1014 2868 consumens
1043 2824 1113 2870 est
1136 2813 1319 2887 (Hebr.
1351 2815 1437 2871 12.
1460 2815 1555 2888 29)
1580 2833 1596 2882 ;
1624 2832 1688 2871 ac
1713 2833 1949 2887 rursum,

362 2895 506 2954 Fons
535 2917 682 2971 aqua:
702 2902 825 2957 vim
867 2904 1086 2975 (Jerem.
1114 2906 1172 2961 2.
1210 2909 1319 2977 15).
1350 2908 1532 2979 Neque
1559 2910 1788 2978 Spiritus
1832 2909 1953 2967 fons

361 3000 419 3046 et
466 2991 601 3063 ignis
659 3003 859 3050 tantum
899 2997 1041 3066 erit,
1087 2998 1183 3054 sed
1228 3001 1389 3055 etiam
1461 3003 1673 3068 anima,
1719 3014 1950 3074 ventus,

364 3098 516 3139 mens
568 3087 795 3143 lmmana
824 3129 839 3154 ,
875 3100 928 3145 et
958 3091 1060 3144 alia
1115 3090 1198 3146 his
1247 3092 1406 3165 longe
1432 3094 1745 3151 absurdiora
1774 3114 1789 3163 ;
1844 3113 1952 3154 non

356 3173 505 3228 enim
553 3178 729 3232 omnia
758 3194 1038 3236 recensere
1067 3197 1203 3253 opus
1245 3193 1330 3240 est
1357 3226 1371 3250 ,
1427 3201 1601 3256 neque
1634 3188 1843 3243 illorum
1872 3190 1954 3244 in-

362 3265 570 3320 saniam
625 3267 841 3323 imitari.
910 3270 1023 3326 lloc
1060 3272 1201 3328 enim
1271 3288 1465 3330 nomen
1517 3278 1728 3345 spiritus
1786 3280 1952 3335 multa

360 3356 665 3425 significat;
715 3361 945 3415 animam
978 3379 1168 3432 nempe
1210 3377 1446 3423 nostram
1474 3408 1488 3434 ,
1522 3377 1579 3424 ut
1607 3370 1681 3424 ait
1709 3370 1905 3427 Paulus
1930 3412 1949 3439 ,

368 3442 580 3501 Tradite
626 3447 921 3516 hujusmodi
968 3452 1219 3508 hominem
1260 3466 1453 3512 satana:
1475 3499 1488 3523 ,
1521 3469 1575 3512 ut
1616 3462 1824 3530 spiritus
1848 3464 1952 3517 sal-

357 3552 454 3593 sius
500 3539 575 3593 sit
630 3540 705 3612 (1.
739 3541 856 3596 Cor.
888 3544 940 3599 5.
972 3544 1067 3615 5);
1116 3546 1349 3621 itemque
1396 3560 1611 3605 ventum
1656 3553 1949 3607 secundum

356 3629 709 3697 prephetam,
768 3632 969 3704 Spiritu
1020 3638 1294 3693 uehementi
1359 3650 1583 3696 conteres
1644 3659 1729 3696 cos
1777 3643 1946 3714 (Psal.

359 3719 449 3774 47.
484 3721 586 3793 8);
628 3721 826 3778 donum
876 3726 1037 3782 etiam
1082 3730 1357 3798 spiritttale
1394 3732 1471 3786 sic
1514 3742 1777 3788 vocatur:
1825 3734 1951 3806 Ipse

360 3816 493 3867 enim
520 3815 730 3885 spiritus
758 3819 1096 3874 testimonium
1123 3821 1287 3876 reddit
1312 3823 1515 3893 spiritui
1543 3835 1715 3880 nostro
1769 3827 1947 3899 (Rom.

356 3907 413 3962 8.
446 3908 533 3978 16)
557 3925 571 3973 ;
600 3923 663 3964 ac
708 3925 953 3981 rursum,
985 3911 1154 3968 Orabo
1181 3916 1365 3986 spiritu
1384 3957 1400 3983 ,
1431 3917 1584 3971 orabo
1606 3928 1653 3973 et
1680 3930 1842 3976 mente
1867 3922 1948 3991 (l.

362 3996 483 4051 Cor.
532 3999 619 4053 14.
654 4001 743 4072 13)
772 4018 787 4058 :
830 4012 1049 4058 vocatur
1092 4005 1220 4060 item
1271 4006 1383 4073 ira;
1413 4007 1632 4064 llesaias
1655 4011 1798 4065 enim
1827 4012 1946 4081 ait,

359 4088 547 4144 Nonne
561 4101 614 4145 tu
631 4109 742 4147 eras
762 4094 848 4163 qui
865 4095 1185 4151 meditabaris
1204 4097 1390 4167 spiritu
1410 4108 1497 4153 tuo
1516 4099 1645 4153 duro
1665 4101 1949 4157 interimere

351 4198 462 4237 eos.
508 4181 713 4254 (Ilesai.
756 4185 845 4240 27.
878 4185 977 4258 8)?
1006 4188 1277 4242 Auxilium
1323 4205 1537 4261 quoque
1588 4190 1684 4246 Dei
1729 4201 1947 4248 vocatur

356 4276 576 4345 Spiritus
606 4293 622 4334 ;
654 4276 880 4348 Spiritus
906 4280 1040 4333 enim
1072 4290 1190 4334 ante
1234 4282 1418 4351 faciem
1445 4293 1670 4337 nostram
1715 4282 1946 4339 Christus

356 4362 607 4420 Dominus
634 4366 843 4438 (Thren.
870 4369 925 4424 4.
952 4369 1068 4442 20).
1115 4371 1241 4426 llaec
1273 4386 1400 4441 ergo
1441 4373 1622 4430 omnia
1668 4374 1806 4430 Deus
1844 4376 1947 4432 erit

358 4471 428 4510 ex
472 4456 683 4512 illorum
711 4462 1004 4526 sententia,
1039 4472 1198 4532 atque
1225 4479 1290 4518 ex
1330 4464 1435 4518 illis
1472 4464 1632 4519 rebus
1656 4467 1942 4522 constabit.

359 4548 465 4604 Sed
492 4564 558 4604 ne
587 4564 817 4622 nugaces
867 4553 1035 4610 simus
1081 4556 1168 4611 illa
1194 4557 1463 4613 alfereudo
1490 4599 1507 4624 ,
1532 4574 1652 4629 qua:
1696 4577 1764 4615 ue
1815 4576 1946 4619 cou-

355 4641 669 4697 futationem
732 4645 946 4714 quidem
999 4661 1316 4703 merentur:
1364 4665 1463 4722 age
1505 4652 1763 4707 adversus
1823 4654 1947 4715 illos
1992 4693 2001 4698 ν

357 4733 689 4804 disceptandi
739 4736 900 4793 ﬁnem
949 4739 1245 4810 faciamus,
1277 4751 1333 4797 et
1383 4744 1449 4799 ad
1505 4745 1766 4801 orandum
1810 4762 1943 4802 con-

352 4835 666 4895 vertamur,
718 4838 867 4885 tanto
896 4834 1064 4904 magis
1111 4850 1207 4903 pro
1245 4835 1350 4892 illis
1376 4848 1622 4909 rogantes
1664 4849 1717 4894 et
1743 4840 1943 4910 suppli-

353 4926 579 4987 cantes,
627 4930 686 4976 ut
735 4921 804 4977 ab
831 4922 1032 4979 insania
1077 4926 1379 4996 absistant,
1409 4939 1609 4999 quanto
1654 4932 1821 5003 magis
1864 4933 1943 4988 illi

354 5010 518 5081 impie
541 5022 724 5084 agunt.
756 5013 869 5070 Hoc
893 5016 1035 5071 enim
1061 5026 1269 5087 gratum
1296 5030 1680 5092 acceptumque
1707 5024 1808 5079 erit
1831 5024 1941 5081 Deo

352 5105 616 5159 servatori
645 5114 860 5175 nostro,
896 5108 997 5173 Qui
1022 5110 1124 5164 vult
1155 5126 1325 5166 omnes
1349 5113 1575 5168 homines
1601 5115 1769 5169 salvos
1787 5116 1900 5185 ﬁeri
1922 5159 1937 5182 ,

356 5206 403 5250 et
440 5197 509 5250 ad
565 5199 876 5270 agnitionem
949 5203 1174 5258 veritatis
1250 5205 1416 5259 venire
1469 5206 1547 5276 (1.
1593 5204 1729 5262 Tim.
1758 5208 1815 5261 2.
1857 5211 1937 5280 4).

426 5286 477 5341 6.
510 5287 761 5360 Magnum
789 5291 942 5346 telum
970 5295 1211 5364 precatio.
1230 5325 1306 5335 —
1328 5295 1407 5351 Ne
1431 5296 1737 5366 desinamus
1762 5300 1943 5369 itaque

348 5392 538 5447 preces
561 5395 656 5450 pro
681 5382 789 5439 illis
813 5386 1056 5443 emittere
1080 5405 1093 5442 :
1120 5402 1367 5459 magnum
1390 5390 1532 5444 enim
1557 5391 1719 5446 telum
1747 5393 1936 5457 oratio,

351 5467 631 5527 thesaurus
657 5473 987 5547 indeﬁciens,
1014 5478 1213 5534 divitia:
1247 5480 1595 5549 inexhausta,
1627 5492 1812 5554 portus
1843 5483 1941 5537 litt-

349 5560 522 5618 ctihus
544 5580 761 5631 vacuus,
785 5570 996 5625 occasio
1019 5571 1410 5641 tranquillitatis
1433 5591 1447 5628 :
1474 5575 1938 5631 innumerabilium

344 5652 610 5707 honorum
642 5656 809 5722 radix,
843 5658 960 5713 fons
989 5670 1039 5715 et
1071 5671 1241 5717 mater
1266 5673 1348 5717 est
1373 5665 1542 5720 oratio
1561 5707 1574 5728 ,
1605 5667 1823 5735 ipsoque
1848 5682 1939 5720 re-

353 5762 462 5816 gno
490 5747 770 5814 potentior.
808 5749 962 5823 Sarpe
1001 5754 1178 5824 itaque
1219 5755 1311 5809 illo
1356 5757 1471 5826 ipso
1507 5759 1597 5827 qtti
1636 5756 1938 5813 diademate

1092 321 1149 377 S.
1189 320 1465 379 JOANNIS
1501 323 1974 382 CHRYSOSTOMI
2013 324 2332 382 ARCIIIEP.
2372 323 2903 383 OONSTANTINOP.

3543 320 3655 377 ut
3702 388 3709 394 ,

2061 449 2281 496 ornatur
2309 440 2642 497 febricitante
2669 450 2723 496 et
2763 441 2814 493 in
2856 439 2993 494 lecto
3017 437 3262 508 jacente,
3293 436 3506 492 adstant
3532 452 3649 493 me-

2060 530 2185 597 dici,
2217 532 2494 597 satellites,
2524 532 2725 594 famuli,
2755 532 2919 587 duces
2945 548 2958 585 :
2987 546 3160 601 neque
3185 528 3512 584 medicorum
3538 543 3647 596 ars,

2061 636 2234 693 neque
2259 622 2551 677 amicorum
2580 623 2883 693 praesentia,
2911 636 3018 675 non
3044 635 3318 675 servorum
3346 620 3651 690 famulatus,

2061 726 2167 764 tton
2190 711 2696 767 medicamentorum
2726 712 2974 778 varietas,
3002 726 3107 766 non
3138 719 3423 781 apparatus
3446 712 3655 781 magni-

2063 798 2276 855 ficentia
2295 840 2312 867 ,
2351 816 2457 855 tton
2499 802 2840 870 pecuniarum
2871 802 3021 870 cepia
3041 842 3058 864 ,
3086 816 3184 856 nec
3208 800 3351 855 aliud
3382 801 3653 870 quidpiam

2061 889 2349 945 humanum
2393 901 2567 962 potest
2597 890 2876 961 mgrotanti
2917 891 3166 945 solatium
3209 891 3419 946 afferre.
3447 892 3503 946 Si
3531 894 3656 960 quis

2060 996 2190 1037 vero
2215 996 2401 1036 eorum
2422 1023 2437 1049 ,
2473 981 2562 1052 qui
2602 982 2653 1036 itt
2685 982 2907 1036 Domino
2937 981 3182 1036 fiduciam
3214 980 3446 1049 habent,
3475 982 3656 1050 ingre-

2060 1071 2262 1137 diatur,
2293 1087 2594 1142 corpusque
2626 1072 2961 1128 Solummodo
2993 1083 3202 1143 tangat,
3235 1088 3527 1144 puramque
3557 1090 3655 1143 pro

2060 1162 2151 1216 illo
2193 1164 2488 1217 orationem
2528 1164 2770 1228 emittat,
2808 1163 3169 1219 inﬁrmitatem
3214 1180 3429 1220 omnem
3467 1165 3652 1234 abigit.

2059 1253 2317 1323 Quodque
2359 1269 2466 1309 non
2522 1255 2720 1309 divitim
2765 1265 3086 1324 potuerunt,
3130 1271 3238 1312 non
3286 1258 3655 1325 ministrorum

2061 1344 2357 1414 frequentia
2380 1387 2396 1412 ,
2428 1363 2533 1403 non
2572 1348 2906 1403 medicinalis
2941 1350 3266 1419 experientia
3286 1389 3304 1416 ,
3336 1366 3442 1405 non
3473 1351 3657 1420 regius

2061 1437 2226 1492 fastus
2245 1480 2260 1504 ,
2292 1439 2392 1494 hoc
2421 1455 2563 1510 saepe
2603 1441 2774 1509 potuit
2798 1441 2953 1495 unius
2983 1442 3231 1512 pauperis
3255 1453 3308 1497 et
3335 1443 3508 1512 inopis
3532 1458 3656 1496 ora-

2062 1529 2153 1583 tio.
2185 1530 2489 1584 Orationem
2518 1531 2670 1596 dico,
2702 1547 2807 1586 nou
2837 1532 2972 1586 hanc
3003 1533 3174 1587 levem
3199 1542 3253 1587 et
3281 1534 3507 1602 segnitie
3536 1535 3655 1604 ple-

2062 1635 2218 1685 nam,
2252 1622 2343 1673 sed
2386 1621 2677 1677 ferventem
2702 1663 2718 1688 ,
2748 1638 2869 1692 qua:
2897 1624 3076 1677 animo
3107 1623 3321 1678 dolente
3357 1634 3412 1679 et
3448 1624 3655 1680 intenta

2060 1720 2237 1765 mente
2277 1710 2533 1767 funditur.
2576 1712 2702 1767 [hec
2738 1713 2934 1783 quippe
2967 1714 3018 1768 itt
3048 1714 3237 1768 etelum
3274 1716 3515 1771 ascendit
3546 1734 3558 1769 :
3588 1731 3657 1771 ac

2059 1802 2506 1870 quemadmodum
2530 1819 2681 1873 aqua:
2706 1804 2877 1860 donec
2904 1805 2954 1858 in
2984 1806 3140 1873 plano
3170 1806 3285 1860 loco
3315 1806 3577 1873 feruntur,
3600 1816 3657 1861 ct

2059 1893 2224 1947 latum
2254 1895 2485 1962 spatium
2514 1907 2814 1965 occupant,
2845 1914 2950 1957 non
2978 1899 3030 1954 in
3061 1898 3288 1955 sublime
3316 1900 3653 1965 ascendunt;

2058 2000 2179 2039 cum
2210 1995 2386 2041 autem
2414 2002 2605 2041 manus
2632 1988 2893 2042 artiﬁcum
2932 1990 3071 2058 ipsas
3099 1991 3456 2060 comprimens
3486 1992 3537 2045 itt
3566 2007 3657 2045 att-

2057 2087 2270 2147 gustum
2293 2078 2538 2147 deduxit,
2565 2078 2671 2134 telo
2696 2079 2992 2135 velociores
3017 2095 3135 2135 sese
3159 2081 3212 2135 in
3234 2081 3401 2135 altum
3422 2081 3657 2151 jaculatt-

2061 2179 2178 2239 tur;
2204 2171 2281 2224 sic
2300 2179 2354 2225 et
2373 2170 2602 2225 humana
2625 2186 2796 2236 mens,
2816 2170 2991 2227 donec
3013 2175 3177 2226 multa
3201 2172 3391 2227 fruitur
3411 2172 3651 2238 licentia,

2059 2262 2370 2318 diffunditur
2398 2273 2454 2320 et
2495 2262 2663 2320 eflluit
2688 2281 2703 2330 ;
2731 2279 2854 2318 cum
2891 2273 3068 2319 autem
3108 2266 3361 2319 terumnis
3394 2265 3656 2335 deprimi-

2059 2365 2174 2424 tur,
2203 2356 2258 2410 iu
2286 2364 2675 2426 angustumque
2701 2354 2983 2412 deducitur
3001 2398 3018 2424 ,
3049 2357 3127 2412 sic
3167 2358 3335 2427 probe
3364 2358 3659 2415 exercitata

2059 2463 2219 2518 puras
2244 2461 2298 2504 et
2323 2448 2592 2504 ferventes
2618 2449 2671 2503 in
2697 2449 2863 2504 altum
2900 2449 3096 2503 emittit
3132 2449 3424 2504 orationes.
3455 2448 3526 2504 Ut
3550 2464 3653 2503 au-

2061 2551 2167 2596 tem
2195 2542 2403 2597 ediscas
2437 2541 2556 2596 illas
2582 2541 2813 2597 maxime
2837 2542 3079 2598 exaudiri
3111 2557 3266 2612 posse
3284 2584 3300 2609 ,
3328 2558 3445 2613 quae
3471 2543 3523 2596 itt
3550 2558 3653 2596 an-

2057 2631 2225 2701 gustia
2248 2632 2583 2698 emittuntur,
2607 2632 2731 2688 audi
2758 2635 3069 2703 prephetam
3096 2650 3109 2686 :
3134 2633 3215 2688 Ad
3241 2632 3517 2689 Dominum
3536 2651 3655 2690 cunt

2058 2722 2328 2777 tribularer
2344 2723 2580 2791 clamaui,
2602 2733 2651 2778 et
2670 2723 2923 2777 exaudiuit
2944 2741 3022 2778 me
3042 2723 3213 2794 (Psat.
3241 2725 3362 2781 H9.
3391 2723 3466 2798 1).
3493 2726 3654 2796 Igitur

2058 2823 2295 2870 nostram
2336 2814 2629 2871 ferventem
2672 2816 2929 2870 faciamus
2970 2817 3384 2884 conscientiam,
3420 2820 3654 2874 animam

2058 2916 2395 2977 peceatorum
2423 2907 2679 2963 memoria
2709 2906 3039 2978 affligamus;
3068 2907 3382 2978 afﬂigamus,
3410 2910 3653 2979 inquam,

2058 3014 2164 3053 non
2187 3008 2243 3053 ιιι
2263 2999 2315 3052 in
2335 3011 2612 3070 angustam
2637 2999 2963 3056 deducamus
2984 3001 3144 3068 viam,
3168 3001 3260 3056 sed
3281 3018 3400 3056 eam
3422 3003 3491 3057 ita
3512 3018 3655 3058 com-

2058 3105 2339 3161 paremus,
2365 3100 2424 3144 ut
2448 3090 2797 3153 exaudiatur;
2828 3101 2884 3145 ut
2912 3090 3177 3158 sobriam,
3208 3092 3421 3164 vigilem
3447 3094 3653 3163 ipsum-

2055 3196 2161 3252 que
2189 3182 2379 3236 caelum
2421 3191 2722 3252 tangentem
2750 3181 3055 3237 reddamus.
3095 3182 3237 3237 Nihil
3264 3184 3334 3238 ita
3370 3185 3657 3255 segnitiem

2056 3283 2110 3330 et
2137 3273 2437 3330 socordiam
2463 3274 2646 3345 abigit,
2677 3284 2735 3330 ut
2762 3290 2964 3331 mceror
2994 3285 3050 3330 et
3073 3274 3313 3345 afflictio,
3344 3292 3463 3346 qua:
3492 3278 3654 3332 nudi-

2055 3382 2160 3436 que
2186 3376 2418 3421 mentem
2448 3366 2679 3438 colligit,
2709 3376 2762 3423 et
2789 3367 2857 3422 ad
2884 3368 3112 3438 seipsam
3144 3367 3338 3424 reverti
3371 3367 3516 3423 facit.
3547 3369 3653 3436 Qui

2055 3456 2133 3511 sic
2159 3458 2212 3511 in
2238 3454 2525 3512 afﬂictione
2544 3468 2599 3512 et
2628 3458 2679 3512 in
2709 3458 2953 3514 oratione
2978 3467 3242 3525 versatur,
3279 3468 3400 3528 post
3426 3460 3655 3516 emissas

2056 3559 2245 3615 preces
2270 3560 2516 3617 magnam
2554 3548 2734 3603 animo
2760 3548 3085 3618 voluptatem
3112 3563 3305 3618 capere
3326 3549 3541 3604 valebit.
3573 3552 3655 3614 Ac

2054 3637 2499 3708 quemadmodum
2527 3639 2744 3694 nubium
2766 3639 3046 3696 conﬂictus
3070 3638 3331 3710 principio
3357 3655 3535 3695 aerem
3560 3655 3654 3695 ca-

2054 3729 2218 3800 ligine
2243 3729 2501 3798 offuseat;
2529 3731 2619 3787 ubi
2644 3746 2774 3787 vero
2799 3732 3019 3788 crebras
3042 3733 3280 3788 emiserit
3304 3733 3495 3800 stillas,
3523 3748 3653 3788 eva-

2053 3830 2211 3877 cuata
2250 3821 2460 3892 pluvia,
2500 3837 2750 3878 serenum
2791 3822 3078 3892 Ianumque
3103 3836 3283 3877 aerem
3308 3823 3325 3854 ⁸
3358 3822 3649 3893 relinquit;

2054 3912 2133 3971 sic
2156 3924 2213 3970 et
2240 3928 2443 3970 mceror
2478 3914 2652 3969 donec
2680 3915 2821 3968 intus
2853 3924 3118 3981 versatur,
3144 3914 3519 3984 cogitationem
3545 3915 3650 3969 ob-

2054 4005 2201 4061 ducit
2246 4014 2483 4061 nostram
2525 4022 2539 4059 :
2580 4013 2859 4075 postquam
2904 4014 3081 4059 autem
3128 4003 3385 4060 orationis
3427 4004 3604 4060 verbis
3630 4046 3649 4070 ,

2053 4097 2431 4152 comitantibus
2476 4095 2727 4166 lacrymis
2748 4136 2764 4162 ,
2812 4104 3099 4152 evacuatus
3140 4094 3301 4149 fuerit
3344 4103 3400 4150 et
3444 4094 3651 4164 ejectus

2052 4189 2424 4259 dimatusque,
2454 4204 2699 4259 magnam
2740 4188 2896 4244 affert
2935 4187 3098 4245 animi
3131 4187 3393 4256 la'litiatn,
3426 4187 3517 4241 Dei
3548 4202 3649 4257 pa-

2053 4281 2279 4337 trocinio
2306 4280 2440 4336 radii
2464 4281 2634 4336 instar
2654 4280 2707 4335 in
2731 4279 2933 4335 orantis
2955 4288 3187 4334 mentem
3214 4279 3421 4349 illapsu.
3449 4278 3649 4334 Verum

2052 4373 2298 4444 quisnam
2332 4372 2422 4427 ille
2457 4371 2681 4443 frigidus
2718 4370 3003 4426 multorum
3041 4369 3257 4425 sermo?
3294 4369 3525 4433 Vereor,
3560 4368 3649 4422 in-

2052 4464 2262 4535 quiunt,
2290 4463 2495 4534 pudore
2521 4461 2818 4529 sutl'undor,
2849 4475 3022 4531 neque
3048 4474 3264 4530 possum
3293 4459 3373 4514 vel
3404 4474 3466 4512 os
3490 4458 3651 4513 didu.

2052 4569 2196 4611 cere.
2220 4555 2467 4610 Satanica
2492 4563 2577 4609 est
2600 4555 2715 4608 hate
2738 4552 3077 4618 verecundia,
3100 4551 3347 4625 segnitiet
3371 4550 3646 4605 obtentus.

2053 4644 2171 4701 Tibi
2222 4660 2450 4716 namque
2492 4643 2735 4700 diabolus
2781 4643 2982 4698 aditum
3029 4640 3098 4697 ad
3149 4641 3316 4696 Deum
3363 4639 3647 4709 occludere

2054 4743 2243 4791 tentat.
2273 4734 2562 4790 Fiduciane
2590 4733 2778 4790 cares?
2802 4734 2991 4805 Magna
3016 4731 3214 4787 ﬁdendi
3240 4745 3421 4796 causa,
3453 4745 3648 4801 magna

2052 4827 2286 4894 utilitas,
2323 4826 2370 4881 si
2408 4838 2459 4881 te
2501 4834 2658 4896 putas
2695 4824 2894 4881 ﬁdendi
2921 4838 3135 4881 causam
3177 4837 3283 4877 non
3325 4821 3556 4886 habere;
3588 4832 3648 4875 ιιι

2051 4930 2235 4976 contra
2261 4919 2430 4990 pudor
2448 4927 2796 4988 extremaque
2814 4916 3107 4981 damnatio.
3130 4915 3176 4970 si
3204 4925 3253 4969 te
3274 4923 3426 4984 putas
3448 4913 3646 4968 ﬁdendi

2051 5026 2268 5067 causam
2310 5011 2510 5066 habere
2541 5028 2557 5066 :
2587 5025 2906 5081 quamquam
2936 5010 3078 5064 enim
3120 5009 3285 5063 multa
3314 5007 3451 5061 bona
3479 5020 3644 5077 opera

2051 5101 2276 5170 feceris,
2315 5117 2637 5171 quamquam
2677 5102 2873 5157 nullius
2903 5100 2976 5157 sis
3011 5100 3105 5155 tibi
3137 5099 3383 5155 conscius
3407 5098 3567 5163 mali,
3595 5098 3644 5153 si

2048 5209 2203 5266 putes
2228 5195 2509 5268 te‘ﬁdendi
2536 5211 2749 5251 causam
2787 5196 3017 5263 habere,
3044 5194 3114 5250 ab
3149 5194 3389 5249 oratione
3430 5193 3643 5261 penitus

2048 5288 2311 5344 excidisti.

2122 5380 2403 5436 Humilitas
2437 5379 2679 5448 ﬁduciam
2716 5381 2871 5451 parit.
2900 5407 2972 5419 -—
2996 5377 3193 5433 Contra
3228 5378 3273 5432 si
3310 5390 3471 5432 onera
3511 5390 3642 5447 pec-

2047 5482 2286 5529 catorum
2333 5473 2610 5526 innumera
2649 5472 2703 5527 in
2748 5470 3074 5526 conscientia
3121 5467 3318 5534 habes,
3351 5466 3510 5521 modo
3542 5466 3641 5523 tibi

2048 5564 2371 5634 persuadeas
2397 5572 2448 5618 te
2468 5563 2702 5617 omnium
2726 5563 2969 5617 ultimum
2990 5575 3129 5626 esse,
3152 5572 3397 5630 magnam
3420 5557 3644 5613 habebis

2046 5655 2186 5725 apud
2212 5656 2378 5709 Deum
2402 5653 2646 5709 fiduciam
2675 5670 2688 5706 :
2713 5653 2838 5707 licet
2863 5652 2916 5707 id
2938 5652 3081 5707 nulla
3105 5650 3375 5705 humilitas
3400 5648 3488 5713 sit,
3511 5658 3642 5699 cum

2115 5767 2134 5799 ι
2169 5764 2275 5829 Alii,
2298 5763 2552 5827 (ictumque
2575 5763 2700 5814 hunc
2723 5763 2895 5814 locum.
