3918 6360
131 381 217 440 7ὰὸ
1139 381 1224 436 ΟΕ
1264 379 1777 438 INCOMPREHEN!

1950 386 1968 441 l
2010 384 2121 441 DEI
2160 382 2471 440 NATURA.
2514 384 2581 442 ν.

124 498 341 570 σπιθαμῇ
387 495 483 567 τῆς
516 496 699 571 χειρὸς
734 484 914 551 πάντα
949 496 1111 561 αὐτὸν
1149 497 1453 569 μετροῦντα
1499 499 1768 565 ἐπελθεῖν,

121 590 221 643 τίνα
248 585 309 640 ἂν
342 587 585 656 φήσομεν
622 585 824 639 εἰδέναι
860 583 1091 656 μέγεθος
1117 584 1374 655 οὐρανοῦ,
1404 585 1497 640 τόν
1542 587 1776 659 φιλονει-

122 677 292 733 κοῦντα
319 676 518 729 εἰδέναι
546 676 721 738 πόσας
753 673 868 745 ἔχει
899 672 1204 745 σπιθαμὰς,
1231 675 1264 745 ῆ
1288 674 1382 727 τὸν
1407 675 1775 746 ὁμολογοῦντα

119 768 333 835 ἀγνοεῖν;
376 760 512 819 Εἶτα
549 764 642 817 ἐπὶ
684 764 783 835 μὲν
817 761 1049 835 οὐρανοῦ
1099 764 1127 817 6
1181 764 1529 836 παραχωρῶν
1560 764 1640 836 τῷ
1675 782 1772 835 με-

118 853 262 925 γέθει,
289 846 440 916 οὗτος
488 852 640 906 ἔσται
685 853 714 904 6
751 850 952 923 μᾶλλον
986 850 1141 916 εἰδὼς
1184 851 1246 905 τὸ
1295 852 1545 924 μέγεθος,
1588 855 1681 907 ἐπὶ
1716 855 1773 907 δέ

117 943 192 1000 τοῦ
218 942 345 996 Θεοῦ
375 940 497 994 οὐδέ
530 939 701 1012 ταύτῃ
747 939 1069 1013 χρησόμεθα
1099 943 1163 1013 τῇ
1201 940 1491 1011 εὐλαϐείᾳ;
1531 942 1625 997 καὶ⁵
1656 945 1775 1008 πῶς

114 1034 197 1088 οὐκ
238 1030 470 1100 ἐσχάτης
524 1028 683 1082 τοῦτο
733 1027 1151 1100 παραπληξίας;
1180 1030 1306 1087 Ὅτι
1359 1031 1471 1101 γὰρ
1515 1031 1772 1086 τοσοῦτον

119 1116 465 1188 ἀπαιτούμεθα
504 1117 661 1187 μόνον
697 1116 919 1180 είδέναι,
946 1117 1029 1170 ὅτι
1062 1116 1178 1171 ἐστι
1212 1117 1366 1182 Θεὸς,
1399 1119 1521 1191 οὐχὶ
1552 1136 1773 1192 περιερ-

120 1207 347 1277 γάζεσθαι
370 1205 536 1260 αὐτοῦ
568 1206 666 1277 τὴν
693 1206 904 1271 οὐσίαν,
929 1205 1163 1260 ἄκουσον
1200 1207 1253 1260 τί
1285 1225 1451 1278 φησιν
1477 1209 1505 1260 ὁ
1528 1208 1738 1272 Παῦλος
1756 1227 1767 1240 ·

119 1296 413 1350 Πιστεῦσαι
459 1295 572 1364 γὰρ
607 1294 704 1348 δεῖ
731 1295 843 1348 τὸν
879 1294 1368 1365 προσερχόμενον
1403 1294 1486 1362 τῷ
1520 1296 1642 1362 Θεῷ
1683 1296 1773 1349 ὅτι

118 1386 240 1437 ἔστι.
275 1384 383 1437 Καὶ
415 1383 579 1436 πάλιν
608 1385 635 1436 6
663 1384 951 1455 προφήτης
980 1384 1232 1453 ἐγκαλῶν
1262 1385 1520 1440 ἀσέϐειαν
1550 1386 1676 1451 τινὶ,
1707 1387 1769 1439 οὐ

116 1471 247 1524 τοῦτο
274 1471 514 1539 ἐγκαλεῖ,
559 1472 640 1525 ὅτι
675 1472 776 1524 οὐκ
830 1467 941 1526 οἶδε
991 1472 1046 1526 τί
1097 1474 1245 1527 ἐστιν
1273 1474 1302 1525 6
1335 1473 1491 1538 Θεὸς,
1534 1473 1651 1527 ἀλλ’
1689 1474 1770 1527 δτι

116 1560 194 1612 οὐκ
229 1555 383 1617 οἶδεν,
415 1560 498 1612 ὅτι
533 1558 649 1611 ἐστι
681 1559 833 1621 Θεός.
868 1556 1017 1614 Εἷπε
1062 1560 1192 1631 γὰρ,
1236 1560 1424 1631 φησὶν,
1467 1560 1672 1629 ἄφρων
1703 1561 1772 1612 ἐν

117 1646 297 1716 καρδίᾳ
348 1647 559 1713 αὐτοῦ,
606 1649 719 1702 οὐκ
769 1649 905 1702 ἔστι
958 1650 1124 1717 Θεός.
1161 1650 1375 1721 Ὥσπερ
1421 1646 1516 1703 οὖν
1563 1652 1771 1704 ἐκεῖνον

118 1736 258 1805 ἀσεϐῆ
296 1738 437 1788 ποιεῖ
467 1736 531 1788 οὐ
560 1736 622 1789 τὸ
661 1737 876 1804 ἀγνοεῖν
909 1736 963 1789 τί
996 1737 1098 1809 τὴν
1139 1738 1328 1793 οὐσίαν
1362 1739 1512 1793 ἐστὶν
1548 1740 1577 1792 6
1615 1739 1768 1802 Θεὸς,

119 1821 228 1875 ἀλλά
266 1821 323 1875 τὸ
377 1824 618 1891 ἀγνοεῖν,
681 1824 764 1876 ὅτι
814 1823 930 1877 ἔστι
983 1824 1150 1889 Θεός·
1208 1823 1385 1889 οὕτως
1434 1827 1597 1898 ἀρκεῖ
1632 1828 1772 1898 πρὸς

120 1910 364 1964 εὐσέϐειαν
397 1911 459 1964 τὸ
491 1911 693 1965 εἰδέναι
729 1912 812 1965 ὅτι
850 1911 997 1967 ἔστιν
1027 1914 1055 1966 6
1077 1913 1229 1977 Θεός.
1278 1914 1418 1968 Ἀλλ’
1441 1914 1624 1986 ἔχουσί
1649 1932 1772 1969 τινα

120 1996 192 2049 καὶ
225 1997 403 2068 ἕτερον
442 1998 891 2070 μεμελετημένον
923 1997 1104 2069 λόγον.
1146 1999 1280 2053 Τίνα
1307 2000 1371 2071 δὴ
1407 2000 1632 2067 τοῦτον;
1680 2001 1770 2055 Εἴ·

120 2100 273 2153 ρηται,
301 2085 454 2154 φησι,
503 2085 752 2155 Πνεῦμα
795 2089 828 2141 ὁ
884 2087 1052 2152 Θεός.
1088 2087 1261 2141 Τοῦτο
1300 2083 1395 2141 οὖν
1445 2089 1547 2159 τῆς
1582 2089 1772 2153 οὐσίας

119 2170 255 2223 αὐτοῦ
292 2173 729 2242 παραστατικὸν,
762 2173 884 2226 είπέ
930 2180 1056 2245 μοῖς
1101 2175 1196 2228 καί⁹
1236 2174 1324 2240 τίς
1365 2174 1541 2230 ταῦτα
1581 2175 1771 2242 ἀνέξεο

122 2274 205 2320 ται,
235 2258 332 2312 κᾶν
368 2259 624 2313 ὁπωσοῦν
658 2261 752 2314 ἐπὶ
787 2260 960 2333 θύρας
981 2261 1090 2316 τῶν
1119 2261 1280 2318 θείων
1308 2263 1545 2336 Γραφῶν
1568 2263 1768 2333 ἐλθών;

120 2347 280 2401 Ἔσται
333 2348 442 2421 γάρ
504 2350 651 2404 κατὰ
704 2349 895 2404 τοῦτον
939 2349 1030 2403 τὸν
1062 2350 1221 2420 λόγον
1263 2352 1360 2405 καὶ
1410 2352 1522 2424 πῦρ
1553 2354 1583 2406 6
1614 2353 1769 2418 Θεός·

117 2433 271 2507 ὥσπερ
318 2436 426 2509 γὰρ
463 2437 784 2510 γέγραπται
820 2439 903 2493 ὅτι
939 2437 1186 2508 Πνεῦμα
1223 2442 1257 2494 ὀ
1302 2439 1468 2507 Θεὸς,
1501 2441 1644 2496 οῦτω
1680 2441 1773 2511 γέ-

117 2539 320 2592 γραπται
352 2524 435 2577 ὅτι
477 2525 550 2577 '0
594 2524 747 2603 ,Θεὸς
784 2524 958 2593 ἡμῶν
989 2525 1111 2595 πῦρ
1160 2529 1632 2593 καταναλίσκον,
1679 2530 1773 2583 καὶ

116 2611 263 2693 πάλιν,
287 2613 453 2685 Πηγὴ
500 2613 725 2681 ὕδατος
752 2613 989 2681 ζῶντος.
1023 2614 1098 2668 Οὐ
1131 2615 1351 2687 πνεῦμα
1382 2616 1441 2670 δὲ
1476 2619 1570 2671 καὶ
1618 2618 1771 2690 πηγὴ

117 2700 306 2773 καὶπῦρ
349 2702 515 2756 ἐσται
569 2703 751 2773 μόνον,
785 2702 921 2756 ἀλλά
964 2702 1060 2757 καὶ
1087 2703 1257 2775 ψυχὴ,
1297 2705 1393 2758 καὶ
1426 2706 1647 2777 ἄνεμος,
1679 2706 1774 2760 καὶ

118 2785 212 2851 νοῦς
244 2788 609 2861 ἀνθρώπινος,
663 2790 758 2845 καὶ
787 2790 953 2863 ’έτερα
986 2791 1167 2863 πολλῷ
1191 2791 1396 2847 τούτων
1424 2793 1770 2865 ἀτοπώτερα·

117 2877 160 2926 οὐ
184 2878 276 2949 γὰρ
296 2878 357 2950 δὴ
377 2878 568 2933 πάντα
597 2877 872 2946 ἐπεξιέναι
902 2879 1010 2951 χρὴ
1035 2880 1113 2951 τῷ
1138 2880 1306 2951 λόγῳ,
1343 2882 1464 2935 οὐδέ
1493 2883 1592 2955 τὴν
1624 2883 1773 2936 ἐκεί-

117 2980 197 3018 νων
218 2967 493 3036 μιμεῖσθαι
533 2968 754 3039 μανίαν.
796 2967 870 3021 Τὸ
902 2968 1011 3040 γὰρ
1042 2968 1281 3038 πνεῦμα
1298 2968 1458 3024 τοῦτο
1496 2970 1774 3042 πολλάδη-

116 3049 193 3116 λοῖ,
221 3049 321 3107 οἷον
342 3055 438 3127 τὴν
458 3054 648 3127 ψυχήν
677 3054 777 3127 τὴν
805 3055 1111 3128 ἡμετέραν,
1144 3057 1398 3130 καθάπερ
1426 3059 1521 3113 καὶ
1560 3058 1773 3123 Παῦλὸς

116 3156 238 3210 φησι·
275 3142 422 3215 [488]
463 3142 787 3212 Παράὃοτε
835 3144 944 3198 τὸν
978 3144 1257 3198 τοιοῦτον
1279 3145 1360 3211 τῷ
1379 3146 1636 3214 σατανᾷ,
1671 3149 1773 3202 ἵνα

116 3226 164 3280 τὸ
188 3229 403 3299 πνεῦμα
435 3228 636 3300 σωθῇ·
662 3229 756 3283 καὶ
788 3230 1009 3302 ἄνεμον,
1038 3230 1290 3302 καθάπερ
1308 3232 1337 3283 6
1370 3233 1657 3305 προφήτης
1682 3233 1769 3287 λέ·
1799 3246 1807 3253 ·

116 3332 199 3382 γει·
227 3320 530 3389 Πνεύματι
569 3318 753 3385 ,ϐιαίῳ
802 3319 1161 3388 συντρίψεις
1214 3321 1460 3385 αὐτούς.
1508 3321 1773 3376 Καλεῖται

114 3401 157 3456 δὲ
182 3405 261 3459 καὶ
293 3406 353 3460 τὸ
381 3407 647 3480 χάρισμα
668 3406 733 3460 τὸ
774 3406 1149 3477 πνευματικὸν
1174 3406 1367 3473 οὕτως·
1391 3411 1546 3467 Αὐτὸ
1572 3410 1681 3481 γὰρ
1707 3411 1771 3466 τὸ

118 3493 311 3562 πνεῦμα
336 3494 768 3566 συμμαρτυρεῖ
789 3493 869 3561 τῷ
896 3497 1197 3566 πνεύματι
1249 3497 1440 3567 ἡμῶν,
1487 3499 1642 3569 φησί·
1678 3500 1775 3553 καὶ

118 3580 263 3643 τάλιν,
282 3582 703 3654 Προσεύξομαι
726 3583 795 3636 δὲ
812 3582 894 3649 τῷ
909 3586 1223 3654 πνεύματι,
1258 3586 1669 3658 προσεύξομαι
1706 3587 1776 3641 δὲ

118 3670 192 3723 καὶ
231 3671 303 3737 τῷ
331 3673 442 3729 νοτ.
471 3671 750 3727 Καλεῖται
794 3671 851 3726 66
879 3672 974 3726 καὶ
999 3674 1029 3726 6
1067 3672 1239 3744 θυμὸς
1285 3673 1481 3740 οὕτως·
1526 3676 1622 3730 καὶ
1665 3677 1775 3749 γὰρ

127 3756 316 3824 Ἠσαίας
337 3763 535 3833 φησίν·
570 3762 656 3815 Οὐ
684 3760 768 3816 σὺ
807 3757 972 3832 ἦσθα
1004 3765 1037 3816 ὁ
1073 3761 1348 3832 μελετῶν
1376 3763 1456 3830 τῷ
1479 3767 1776 3835 πνεύματί

117 3860 206 3897 σου
228 3846 300 3913 τῷ
342 3846 602 3916 σκληρῷ
646 3848 892 3902 ἀνελεῖν
933 3850 1192 3915 αὐτούς;
1234 3850 1493 3905 Καλεῖται
1532 3852 1589 3905 δέ
1622 3853 1772 3924 καὶὴ

119 3930 301 4002 βοήθεια
330 3939 360 4007 ή
389 3936 554 4009 παρὰ
585 3936 680 3990 τοῦ
737 3936 873 3991 Θεοῦ
919 3936 1160 4009 πνεῦμα·
1214 3939 1459 4008 Πνεῦμα
1503 3940 1616 4010 γὰρ
1658 3941 1772 4010 πρὸ

116 4023 399 4086 προσώπου
451 4023 634 4095 ἡμῶν
681 4025 940 4094 Χριστὸς
967 4027 1205 4095 Κύριος.
1236 4026 1423 4081 Ταῦτα
1457 4023 1552 4082 οὗν
1594 4029 1775 4084 πάντα

115 4106 221 4173 ἡμῖν
245 4111 413 4174 ὁΘεὸς
439 4111 605 4165 ἐσται
645 4113 765 4164 κατ’
794 4112 1061 4176 ἐκείνους,
1099 4113 1195 4166 καὶ
1225 4114 1290 4166 ἐκ
1314 4113 1587 4168 τοσούτων
1639 4132 1773 4184 συγ-

115 4192 340 4250 κείσεται.
358 4197 532 4251 Ἀλλὰ
547 4198 655 4269 γὰρ
685 4198 775 4252 ῐνα
797 4197 873 4270 μὴ
897 4197 962 4270 λη
970 4197 1179 4270 ρῶμεν,
1201 4198 1271 4252 τά
1295 4199 1430 4271 μηδὲ
1462 4201 1775 4271 ἀντιλογίας

115 4277 311 4350 δεόμενα
339 4287 693 4358 παράγοντες
728 4288 810 4350 είς
845 4286 1032 4357 μέσον,
1071 4286 1206 4357 φέρε
1245 4287 1483 4343 ἐνταῦθα
1510 4288 1603 4344 τὸν
1636 4289 1775 4361 πρὸς

115 4368 279 4436 αὐτοὺς
298 4374 709 4440 καταλύσαντες
741 4375 920 4443 λόγον,
964 4375 1062 4429 ἐπὶ
1086 4375 1185 4448 τὴν
1217 4376 1383 4449 εὐχὴν
1426 4377 1488 4431 τὸ
1513 4380 1623 4434 πᾶν
1644 4380 1773 4453 τρέ-

114 4453 295 4527 ψωμεν,
349 4463 459 4533 ὅσῳ
518 4462 781 4533 μειζόνως
834 4462 1115 4529 ἀσεϐοῦσι,
1168 4464 1406 4537 τοσούτῳ
1440 4466 1601 4521 πλέον
1633 4468 1774 4540 ὐπέρ

114 4540 261 4600 αὐτῶν
287 4548 741 4621 παρακαλοῦντες
770 4550 865 4602 καὶ
897 4550 1143 4619 δεόμενοι
1181 4552 1484 4624 ἀποστῆναί
1513 4570 1644 4607 ποτε
1676 4553 1774 4625 τῆς

117 4630 284 4697 μανίας
314 4637 538 4699 αὐτούς.
571 4634 743 4691 Τοῦτο
771 4635 883 4708 γὰρ
925 4638 1230 4693 ἀποδεκτὸν
1273 4639 1506 4695 ἐνώπιον
1537 4641 1633 4695 τοῦ
1664 4642 1776 4696 Σω-

113 4714 254 4788 τῆρος
276 4722 435 4795 ἡμῶν
461 4722 627 4786 Θεοῦ,
662 4725 768 4791 Ὃς
795 4723 1031 4791 πάντας
1066 4724 1423 4794 ἀνθρώπους
1452 4726 1615 4782 θέλει
1658 4742 1775 4782 σω-

114 4798 283 4877 θῆναι,
312 4811 414 4866 καί
443 4814 536 4880 είς
555 4811 889 4882 ἐπίγνωσιν
903 4812 1195 4880 ἀληθείας
1220 4813 1445 4872 ἐλθεῖν.

173 5089 236 5148 ς’.
263 5085 351 5160 Μὴ
378 5088 753 5162 διαλείπωμεν
774 5088 957 5145 τοίνυν
982 5088 1080 5154 τὰς
1103 5089 1245 5163 ὑπὲρ
1280 5088 1460 5147 αὐτῶν
1493 5094 1777 5169 ἱκετηρίας

116 5171 423 5244 ποιούμενοι.
453 5175 617 5245 Μέγα
638 5175 748 5249 γάρ
771 5176 936 5232 ὅπλον
962 5175 1119 5249 εὐχὴ,
1152 5177 1429 5250 θησαυρὸς
1458 5179 1774 5256 ἀνελλιπὴς,

116 5256 318 5341 πλοῦτος
350 5263 625 5336 μηδέποτε
655 5263 1070 5337 δαπανώμενος,
1107 5264 1273 5337 λιμὴν
1301 5267 1641 5339 ἀκύμαντος,
1677 5289 1778 5341 γα·-

114 5340 260 5432 λήνης
286 5350 565 5418 ὑπόθεσις,
597 5352 688 5407 καὶ
712 5353 924 5427 μυρίων
952 5353 1177 5422 ἀγαθῶν
1211 5353 1336 5427 ῥίζα
1356 5356 1452 5409 καὶ
1486 5359 1637 5432 πηγὴ
1682 5340 1779 5416 καὶ

118 5431 278 5506 μήτηρ
308 5436 460 5491 ἐστὶν
489 5440 523 5511 ἠ
568 5440 724 5512 εὐχὴ,
748 5440 845 5495 καὶ
868 5440 1038 5513 αὐτῆς
1084 5441 1186 5511 τῆς
1228 5441 1505 5512 βασιλείας
1537 5431 1779 5501 δυνατω-

113 5516 246 5588 τέρα.
268 5522 536 5590 Πολλάκις
567 5522 663 5583 οὖν
689 5527 856 5583 αὐτοῦ
897 5528 994 5583 τοῦ
1017 5528 1080 5583 τὸ
1115 5528 1356 5601 διάδημα
1389 5535 1775 5605 περικειμένου

116 5608 475 5681 πυρέττοντος,
498 5617 593 5672 καὶ
610 5617 704 5671 ἐπὶ
733 5618 835 5690 τῆς
857 5617 1048 5691 κλίνης
1085 5618 1343 5691 κειμένου
1374 5621 1469 5674 καὶ
1502 5620 1775 5695 φλεγομέ-

117 5705 213 5760 νου,
230 5703 636 5775 παρεστήκασιν
665 5707 862 5781 ἰατροὶ,
886 5706 1195 5780 δορυφόροι,
1236 5706 1587 5780 θεράποντες,
1619 5729 1781 5784 στρα-

119 5783 274 5868 τηγοὶ,
305 5789 400 5843 καὶ
432 5789 558 5846 οὔτε
608 5794 810 5868 ἰατρῶν
879 5795 1068 5867 τέχνη,
1111 5793 1239 5849 οὐτε
1273 5796 1549 5868 παρουσία
1582 5783 1773 5867 φίλων,

121 5864 208 5961 οὐκ
225 5873 443 5936 οἰκετῶν
466 5864 729 5954 διακονία,
780 5882 842 5965 οὐ
879 5864 1189 5957 φαρμάκων
1215 5864 1484 5955 δαψίλεια,
1515 5888 1575 5941 οὐ
1594 5864 1774 5945 πολυέ

3462 384 3567 440 ἹιΗ

1886 502 2069 555 τέλεια
2113 501 2493 573 παρασκευῆς,
2526 499 2587 553 οὐ
2616 498 2912 571 χρημάτων
2956 499 3263 571 περιουσία,
3300 499 3400 552 οὐκ
3440 497 3572 553 ἄλλο

1884 589 2036 643 οὐδὲν
2056 589 2166 643 τῶν
2198 589 2554 661 ἀνθρωπίνων
2586 585 2761 656 ἰσχύει
2783 586 3288 659 παραμυθήσασθαι
3320 586 3420 659 τὴν
3446 587 3569 640 ἐπι-

1885 677 2146 748 κειμένην
2177 676 2509 748 ἀρρωστίαν·
2545 675 2611 730 ἂν
2651 674 2709 728 δέ
2766 691 2851 738 τις
2898 675 3211 748 παρρησίαν
3252 673 3391 746 ἔχων
3430 672 3569 744 πρὸς

1883 764 1973 817 τὸν
2002 765 2135 820 Θεὸν
2164 764 2401 836 είσέλθῃ,
2426 764 2523 817 καὶ
2559 759 2655 816 τοῦ
2704 762 2958 833 σώματος
2995 764 3200 834 ἅψηται
3248 763 3428 834 μόνον,
3476 763 3571 816 καὶ

1883 853 2135 924 καθαρὰν
2172 852 2311 924 ὑπὲρ
2338 851 2501 905 αὐτοῦ
2527 851 2731 924 ποιήσῃ
2762 850 2861 923 τήν
2890 851 3078 923 εὐχὴν,
3103 852 3321 905 ἃπασαν
3353 850 3450 921 τὴν
3467 852 3570 924 ἁῤ-

1884 937 2124 1012 ρωστίαν
2170 940 2521 1010 ἐφυγάδευσε·
2563 940 2660 993 καὶ
2684 942 2823 1010 ὅπερ
2865 940 2967 993 οὐκ
3002 940 3223 1011 ίσχυσεν
3262 941 3291 992 6
3318 937 3567 1003 πλοῦτος,

1882 1028 1975 1082 καὶ
2002 1029 2114 1081 τῶν
2149 1029 2581 1098 διακονουμένων
2618 1029 2681 1082 τὸ
2702 1027 2930 1098 πλῆθος,
2965 1027 3111 1099 καὶὴ
3140 1028 3239 1098 τῆς
3277 1025 3575 1098 ἐμπειρίας

1881 1119 2190 1189 ἐπιστήμη,
2226 1117 2322 1171 καὶ
2364 1118 2392 1169 6
2432 1118 2530 1187 τῆς
2594 1116 2871 1187 βασιλείας
2922 1116 3106 1183 ὄγκος,
3161 1114 3319 1167 τοῦτο
3351 1116 3571 1184 ίσχυσεν

1880 1205 2001 1269 ἐνὸς
2032 1205 2267 1278 πένητος
2300 1205 2564 1269 πολλάκις
2602 1204 2696 1258 καὶ
2749 1203 3126 1275 πτωχεύοντος
3186 1204 3342 1274 εὐχή.
3387 1203 3571 1274 Εὐχὴν

1880 1293 1937 1346 δὲ
1964 1293 2128 1363 λέγω,
2171 1296 2231 1348 οὐ
2270 1296 2369 1366 τήν
2396 1293 2557 1365 ψιλὴν
2609 1293 2815 1365 ταύτην
2843 1292 2938 1345 καὶ
2972 1292 3245 1363 ῥᾳθυμίας
3268 1289 3569 1361 γέμουσαν,

1880 1381 2019 1437 ἀλλὰ
2042 1384 2141 1454 τήν
2173 1386 2290 1456 μετ’
2343 1384 2621 1449 ἐκτενείας
2667 1382 2982 1453 γινομένην,
3039 1381 3176 1451 μετά
3227 1378 3571 1449 ὀδυνωμένης

1879 1471 2078 1544 ψυχῆς,
2110 1474 2250 1542 μετὰ
2301 1473 2711 1543 συντεταμένης
2739 1470 2982 1533 διανοίας
3010 1470 3052 1524 ⁸.
3091 1466 3242 1538 Αὕτη
3286 1467 3397 1537 γάρ
3424 1469 3572 1520 ἐστιν

1882 1561 1914 1630 ἡ
1940 1561 2077 1632 πρὸς
2097 1561 2189 1614 τὸν
2217 1561 2445 1632 οὐρανὸν
2467 1560 2859 1623 ἀναϐαίνουσα,
2894 1557 2990 1611 καὶ
3008 1556 3262 1628 καθάπερ
3290 1555 3358 1608 τά
3380 1554 3571 1621 ῦδατα,

1880 1647 1986 1711 ἕως
2014 1648 2113 1718 μὲν
2137 1647 2203 1702 ἂν
2232 1649 2325 1702 ἐπὶ
2350 1647 2603 1702 ἰσοπέδου
2641 1646 2877 1718 φέρηται
2919 1644 3197 1717 [χωρίου],
3236 1644 3332 1697 καὶ
3370 1642 3572 1714 πολλῆς

1880 1736 2129 1808 ἀπολαύῃ
2176 1737 2279 1807 τῆς
2326 1736 2689 1809 εὐρυχωρίας,
2728 1735 2829 1787 οὐκ
2877 1734 3161 1787 ἀνίσταται
3209 1734 3348 1804 πρὸς
3401 1730 3562 1800 ῦψος·

1878 1825 2098 1878 ἐπειδάν
2137 1826 2195 1879 δὲ
2230 1825 2370 1879 αὐτά
2404 1828 2589 1895 χεῖρες
2622 1821 2901 1893 ὀχετηγῶν
2937 1819 3182 1876 κάτωθεν
3214 1818 3575 1891 περισφίγξα-

1881 1929 1972 1967 σαι
2016 1911 2247 1982 θλίψωσι
2282 1911 2788 1982 στενοχωρούμενα,
2843 1908 3032 1979 βέλους
3070 1906 3274 1970 παντὸς
3315 1904 3572 1978 ὀξύτερον

1880 2001 2023 2072 πρὸς
2044 2000 2107 2054 τὸ
2160 1999 2294 2069 ὕψος
2319 1998 2748 2064 ἐξακοντίζεται·
2790 1996 2932 2051 οῦτω
2960 1996 3024 2067 δὴ
3057 1997 3153 2049 καὶ
3191 1996 3225 2066 ἡ
3254 1993 3573 2065 ἀνθρωπίνη

1878 2086 2109 2150 διάνοια,
2140 2086 2246 2150 ἐως
2295 2088 2394 2158 μὲν
2421 2086 2487 2140 ἂν
2519 2085 2708 2149 ἀδείας
2750 2082 3002 2154 ἀπολαύῃ
3044 2081 3267 2152 πολλῆς.
3305 2081 3574 2150 διαχεῖται

1880 2173 1975 2227 καὶ
1997 2171 2230 2244 διαρρεῖ·
2252 2169 2477 2224 ἐπειδὰν
2502 2170 2560 2224 δέ
2604 2168 2947 2240 πραγμάτων
2973 2167 3299 2240 περίστασις
3328 2164 3574 2219 κάτωθεν

1879 2259 2049 2332 αὐτὴν
2075 2260 2483 2331 στενοχωρήσῃ,
2518 2257 2923 2328 ἀποθλιϐομένη
2953 2256 3157 2320 καλῶς,
3187 2254 3436 2326 καθαρὰς
3478 2251 3574 2307 καί¹

1880 2349 2131 2412 εὐτόνους
2182 2348 2320 2419 πρὸς
2356 2346 2419 2400 16
2475 2345 2607 2415 ὕψος
2635 2346 2952 2416 ἀναπέμπει
2993 2344 3089 2408 τὰς
3121 2342 3307 2414 εὐχάς.
3341 2342 3450 2395 Καὶ
3484 2341 3576 2395 ἵνα

1883 2437 2062 2510 μάθῃς
2086 2437 2168 2489 ὅτι
2194 2434 2428 2505 μάλιστα
2456 2434 2662 2487 ἐκεῖναι
2689 2431 3061 2487 ἐπακούεσθαι
3082 2432 3122 2472 ’δ
3147 2430 3385 2485 δύναιντ’
3414 2429 3481 2482 ἂν
3515 2428 3577 2483 αί

1885 2525 2024 2599 μετὰ
2054 2521 2286 2594 θλίψεως
2309 2523 2611 2594 γινόμεναι,
2649 2521 2881 2575 ἄκουσον
2914 2519 2968 2573 τί
3000 2536 3166 2590 φησιν
3200 2519 3229 2572 6
3263 2518 3574 2591 προφήτης·

1882 2612 2038 2682 Πρός
2062 2611 2368 2680 Κύριονὲν
2403 2608 2484 2677 τῷ
2515 2609 2831 2665 θλίϐεσθαι
2873 2625 2951 2678 με
2983 2607 3302 2676 ἐκέκραξα,
3326 2604 3426 2661 καὶ
3452 2607 3578 2659 εισ-

1879 2699 2116 2768 ήκουσέ
2151 2717 2294 2770 μου.
2325 2697 2797 2770 Διαθερμάνωμεν
2826 2696 3006 2752 τοίνυν
3036 2694 3098 2748 τὸ
3123 2694 3385 2760 συνειδὸς,
3423 2691 3577 2765 [ί891

1884 2790 2163 2861 θλίψωμεν
2191 2790 2290 2860 τὴν
2322 2787 2500 2859 ψυχὴν
2524 2791 2590 2858 τῇ
2627 2788 2817 2859 μνήμῃ
2846 2785 2957 2840 τῶν
2997 2783 3434 2855 ἁμαρτημάτων,
3458 2780 3577 2834 θλί-

1880 2877 2097 2949 ψωμεν,
2144 2879 2243 2948 οὐχ
2266 2877 2353 2931 ἴνα
2391 2876 2923 2946 στενοχωρήσωμεν,
2960 2872 3078 2927 ἀλλ’
3112 2872 3200 2925 ἵνα
3235 2869 3576 2941 ἀκουσθῆναι

1883 2966 2419 3038 παρασκευάσωμεν,
2453 2964 2540 3016 ἵνα
2592 2964 2783 3033 νήφειν
2841 2961 3160 3031 ποιήσωμεν
3209 2960 3304 3012 καὶ
3344 2961 3578 3029 ἐγρηγο-

1885 3054 2057 3125 ρέναι,
2112 3056 2208 3107 καὶ
2241 3051 2422 3105 αὐτῶν
2458 3048 2867 3104 ἆπτεσθαι’τῶν
2912 3047 3178 3119 οὐρανῶν.
3232 3045 3399 3099 Οὐδὲν
3433 3044 3575 3097 οὕτω

1883 3140 2179 3212 φυγαδεύει
2207 3138 2483 3210 ῥᾳθυμίαν
2526 3137 2623 3190 καὶ
2662 3133 2978 3205 ὀλιγωρίαν,
3014 3133 3091 3198 ὡς
3128 3132 3293 3204 ὀδύνη
3330 3131 3424 3186 καὶ
3459 3130 3576 3183 θλῖ-

1881 3231 1975 3301 ψις
2008 3227 2346 3299 πανταχόθεν
2377 3225 2690 3294 συνάγουσα
2728 3224 2826 3296 τὴν
2857 3222 3122 3286 διάνοιαν,
3152 3219 3247 3274 καὶ
3276 3220 3414 3292 πρὸς
3443 3220 3577 3273 ἐαυ-

1880 3319 1981 3390 τὴν
2012 3317 2442 3388 ἐπιστρέφουσα.
2492 3313 2551 3368 '0
2583 3312 2902 3384 θλιϐόμενος
2952 3309 3096 3364 οὕτω
3141 3308 3237 3362 καὶ
3278 3307 3579 3377 εὐχόμενος

1882 3405 2085 3478 πολλὴν
2120 3404 2258 3475 μετά
2309 3402 2406 3474 τὴν
2441 3402 2608 3473 εὐχὴν
2635 3401 2718 3464 είς
2754 3399 2854 3471 τὴν
2886 3397 3066 3469 ψυχὴν
3105 3395 3204 3466 τὴν
3233 3393 3430 3449 ἐαυτοῦ
3476 3393 3579 3465 τὴν

1883 3494 2076 3566 ἡδονὴν
2110 3491 2403 3546 είσοικίσαι
2435 3491 2751 3563 δυνήσεται.
2796 3487 2908 3543 Καὶ
2934 3485 3186 3558 καθάπερ
3225 3483 3405 3553 νεφῶν
3450 3499 3587 3536 συν--Δ

1882 3583 2056 3655 δρομὴ
2090 3581 2242 3653 παρά
2297 3582 2395 3652 μὲν
2425 3579 2526 3650 τὴν
2576 3579 2752 3651 ἀρχὴν
2800 3578 3031 3648 ζοφερὸν
3091 3577 3238 3629 ποιεῖ
3286 3574 3377 3628 τὸν
3416 3574 3576 3644 ἀέρα·

1884 3671 2105 3726 ἐπειδὰν
2136 3672 2194 3726 δὲ
2223 3668 2565 3740 ἐπαλλήλους
2618 3669 2806 3738 ἐπαφῇ
2837 3666 2935 3729 τὰς
2982 3664 3227 3733 νιφάδας,
3260 3662 3588 3732 ἀποθεμένη

1883 3760 1975 3813 τὸν
2004 3758 2159 3812 ὑετὸν
2199 3758 2435 3824 ἅπαντα,
2461 3754 2700 3825 γαληνὸν
2740 3754 2833 3806 καὶ
2875 3753 3100 3824 φαιδρὸν
3146 3750 3443 3823 ἐργάζεται
3487 3751 3579 3803 τὸν

1884 3849 2022 3919 ἀέρα
2060 3859 2110 3915 ο,
2139 3846 2284 3900 οῦτω
2312 3845 2376 3916 δὴ
2417 3845 2514 3900 καὶ
2557 3843 2767 3913 ἀθυμία
2795 3842 2901 3905 ἓως
2942 3842 3041 3913 μὲν
3077 3840 3144 3895 ἂν
3176 3840 3324 3895 ἔνδον
3353 3838 3582 3908 συστρέ-
3621 3904 3627 3913 t

1885 3955 2077 4008 φηται,
2120 3937 2303 3988 σκοτοί
2331 3934 2424 3988 τὸν
2474 3933 2740 4005 ἡμέτερον
2797 3930 3083 4001 λογισμόν·
3122 3929 3342 3984 ἐπειδὰν
3401 3929 3458 3982 δὲ
3492 3928 3580 3981 διά

1882 4025 1992 4080 τῶν
2015 4026 2115 4094 τῆς
2143 4024 2309 4093 εὐχῆς
2346 4022 2611 4094 ῥημάτων
2643 4020 2739 4074 καὶ
2770 4019 2878 4072 τῶν
2912 4020 3029 4090 μετ’
3056 4017 3284 4071 ἐκείνων
3322 4013 3575 4085 δακρύων

1883 4112 2116 4184 κενωθῇ,
2151 4112 2248 4165 καὶ⁹
2272 4112 2351 4175 είς
2380 4109 2441 4163 τὸ
2474 4108 2580 4177 ἔξω
2629 4108 2953 4178 διαπνεύσῃ,
2986 4105 3190 4177 πολλὴν
3236 4099 3478 4174 ἐντίθησι
3507 4104 3573 4174 τῇ

1882 4201 2028 4273 ψυχῇ
2057 4200 2159 4272 τὴν
2215 4197 2573 4270 φαιδρότητα,
2613 4196 2717 4266 τῆς
2767 4194 3108 4267 ἀντὶλήψεως
3149 4192 3244 4246 τοῦ
3276 4191 3412 4244 Θεοῦ
3444 4191 3578 4244 καθ-

1885 4290 2030 4361 άπερ
2054 4288 2199 4353 τινὸς
2220 4288 2438 4349 ἀκτῖνος
2465 4287 2545 4349 είς
2577 4284 2678 4355 τὴν
2691 4282 2931 4337 διάνοιαν
2952 4280 3254 4351 ἀφεθείσης
3286 4278 3381 4332 τοῦ
3420 4279 3582 4349 εὐχο-

1887 4380 2072 4452 μένου.
2128 4375 2290 4430 ’Λλλά
2331 4375 2416 4439 τίς
2448 4377 2478 4428 6
2513 4373 2721 4445 ψυχρὸς
2760 4372 2868 4426 τῶν
2898 4369 3118 4425 πολλῶν.
3143 4370 3335 4438 λόγος;
3373 4369 3580 4440 Ἀπαρ-

1886 4465 2181 4539 ρησίαστός
2208 4466 2347 4534 είμι,
2379 4463 2567 4535 φησιν,
2600 4460 2867 4533 αἰσχύνης
2901 4458 3079 4530 γέμω,
3127 4457 3249 4510 οὐδέ
3280 4454 3488 4520 ἀνοῖξαι
3516 4454 3578 4508 τὸ

1885 4554 2063 4627 στόμα
2108 4552 2365 4624 δύναμαι.
2398 4550 2671 4622 Σατανικὴ
2711 4547 2850 4619 αῦτη
2896 4549 2930 4619 ἡ
2980 4545 3262 4612 εὐλάϐεια,
3306 4543 3578 4617 ῥᾳθυμίας

1883 4643 2060 4706 ταῦτα
2112 4638 2588 4711 προκαλύμματα·
2628 4636 2956 4692 ἀποκλεῖσαι
2982 4635 3092 4706 γάρ
3131 4652 3212 4687 σοι
3259 4633 3360 4697 τάς
3407 4631 3577 4703 θύρας

1882 4735 1981 4804 τῆς
2012 4730 2149 4803 πρὸς
2176 4729 2268 4783 τὸν
2300 4727 2433 4782 Θεὸν
2467 4726 2731 4798 προσόδου
2765 4724 3013 4797 βούλεται
3040 4724 3071 4777 6
3096 4720 3363 4785 διάϐολος.
3382 4721 3582 4792 ’Λπαρη

1888 4820 2182 4893 ῥησίαστος
2218 4811 2309 4883 sf;
2339 4816 2569 4887 Μεγάλη
2601 4813 2907 4889 παρρησία,
2940 4813 3085 4884 μέγα
3109 4811 3270 4865 τοῦτο
3302 4809 3434 4865 αὐτὸ
3454 4808 3582 4877 ὕφε-

1883 4909 1974 4973 λος
1994 4909 2056 4963 τὸ
2083 4907 2326 4979 νομίζειν
2350 4904 2799 4978 ἀπαρρησίαστον
2831 4898 2992 4968 εἶναι,
3018 4899 3209 4971 ὥσπερ
3229 4895 3323 4954 οὖν
3349 4897 3579 4969 αἰσχύνη

1884 4998 1981 5054 καί¹
2009 4997 2335 5067 κατάκρισις
2359 4995 2560 5067 ἐσχάτη
2584 4993 2646 5047 τὸ
2672 4991 2916 5063 νομίζειν
2933 4988 3249 5061 παρρησίαν
3274 4987 3441 5058 ἐχειν.
3460 4985 3580 5041 Κάν

1883 5088 1992 5160 γὰρ
2022 5085 2196 5139 πολλὰ
2242 5083 2373 5156 ἔχῃς
2416 5080 2839 5153 κατορθώματα,
2870 5078 2965 5132 καὶ
3001 5076 3167 5149 μηδὲν
3202 5075 3379 5147 ἐαυτῷ
3404 5074 3581 5129 σύνοιο

1883 5178 1981 5240 δας
2011 5173 2268 5247 πονηρὸν,
2306 5169 2534 5243 νομίζῃς
2559 5169 2618 5223 δέ
2643 5166 2952 5241 παρρησίαν
2982 5164 3146 5237 ἔχειν,
3175 5163 3357 5236 πάσης
3388 5162 3578 5230 ἐξέπε-

1887 5281 1980 5329 σες
2004 5266 2104 5335 τῆς
2129 5261 2328 5333 εὐχῆς·
2371 5260 2477 5314 κᾶν
2522 5258 2695 5331 μυρία
2730 5256 2903 5328 φέρῃς
2935 5253 3352 5326 ἁμαρτημάτων
3387 5251 3581 5325 φορτία

1885 5353 1981 5407 ἐπὶ
2015 5350 2111 5405 τοῦ
2141 5349 2460 5412 συνειδότος,
2499 5346 2594 5401 καὶ
2626 5346 2787 5416 μόνον
2825 5343 2983 5398 τοῦτο
3017 5341 3214 5412 πείσῃς
3248 5340 3467 5406 σαυτὸν,
3496 5339 3581 5395 ὅτι

1886 5442 2105 5496 πάντων
2137 5438 2362 5510 ἔσχατος
2399 5431 2468 5503 εἷ,
2498 5433 2699 5505 πολλὴν
2733 5432 2877 5499 ἕξεις
2909 5428 3049 5503 πρὸς
3072 5428 3165 5483 τὸν
3200 5427 3332 5482 Θεὸν
3362 5430 3579 5501 παρρη-

1950 5716 1976 5745 ⁸
2001 5714 2176 5766 Morel.
2191 5717 2245 5764 et
2263 5711 2463 5776 quidam
2482 5728 2600 5765 mss.
2626 5714 2747 5767 μετᾶ
2765 5710 3159 5776 συντετριμμένης
3179 5710 3404 5776 διανοίαςι
3420 5710 3573 5766 Same

1885 5788 1996 5840 cum
2021 5773 2414 5840 plprisquc'mss.
2435 5778 2800 5840 συντεταμένης,
2821 5773 3005 5823 melius
3030 5779 3082 5822 ut
3109 5773 3321 5822 videtur.

1950 5839 1978 5879 δ
2006 5837 2099 5887 {Hii
2125 5837 2449 5887 ὐπὰκούεσθαι

1951 5905 1973 5932 ε
1999 5902 2098 5952 Alii
2118 5904 2229 5965 ἀφῇ.
2259 5900 2366 5950 Mox
2388 5899 2469 5951 alii
2492 5899 2823 5962 γαληνιαῖονη.
2848 5897 3094 5961 ἐργάζεται
3119 5896 3198 5944 τὸν
3217 5897 3383 5947 τόπον.
