3918 6364
242 348 344 407 ’145

243 465 315 520 sis
360 473 650 534 peccator,
696 474 748 519 te
798 474 1127 534 peccatorum
1171 467 1493 522 existimare.
1541 467 1821 521 llumilitas

243 558 434 627 quippe
461 566 561 622 est,
594 573 713 611 cum
741 558 877 628 quis,
908 557 1190 612 multorum
1222 573 1637 629 magnorumque
1662 559 1825 615 meri—

245 660 414 702 torum
435 649 536 703 sibi
561 649 824 713 conscius,
854 649 984 703 nihil
1015 649 1187 719 magni
1213 649 1280 702 de
1305 650 1485 718 seipse
1511 650 1780 704 existimat
1809 666 1824 703 :

244 753 363 792 eum
391 738 509 807 quis
538 739 702 793 Paulo
731 739 918 793 similis
945 739 1122 793 dicere
1150 748 1343 808 potest,
1380 737 1526 793 Nihil
1554 739 1677 793 mihi
1703 755 1827 794 con-

244 831 377 884 scius
404 846 553 894 sum;
579 837 634 885 et
660 838 837 885 tamen
866 831 1032 896 addit,
1066 830 1171 885 Sed
1199 847 1299 884 non
1324 832 1376 884 in
1406 832 1500 884 hoc
1518 832 1830 901 justi/iectus

245 937 355 973 sunt
376 921 450 982 (1.
474 919 593 974 Cor.
614 921 667 976 4.
691 922 748 990 4)
773 938 786 974 :
809 935 872 976 ac
893 936 1123 988 rursum,
1146 920 1372 975 Christus
1389 920 1539 974 Iesus
1559 920 1691 975 venit
1711 937 1827 990 pec-

246 1022 440 1066 catores
477 1011 701 1075 calcare,
742 1027 955 1081 quorum
998 1013 1188 1081 primus
1222 1028 1334 1064 sum
1367 1027 1458 1081 ego
1490 1013 1573 1081 (1.
1602 1010 1739 1065 Tim.
1774 1013 1825 1066 1.

248 1103 374 1174 15).
417 1101 529 1157 lloc
559 1110 644 1156 est
685 1101 950 1155 humilitas
969 1144 983 1166 ,
1018 1117 1139 1156 cum
1169 1103 1286 1171 quis
1314 1104 1555 1156 excelsus
1583 1102 1831 1173 cperibus

247 1206 368 1247 sese
393 1201 571 1247 mente
597 1192 859 1246 humiliat.
897 1193 1144 1246 Attamen
1174 1193 1313 1247 Dens
1353 1202 1566 1261 propter
1593 1190 1832 1247 ineﬂ'abi—

248 1287 352 1340 lem
387 1285 722 1340 clementiam
765 1298 911 1339 suam
932 1325 946 1350 ,
977 1300 1082 1338 non
1113 1298 1206 1339 eos
1248 1283 1406 1338 modo
1434 1283 1522 1353 qui
1564 1282 1833 1337 humiliter

247 1377 505 1445 sentiunt,
528 1376 623 1432 sed
651 1377 809 1431 etiam
840 1390 954 1439 eos,
986 1376 1070 1444 qui
1100 1376 1238 1430 honu
1262 1376 1439 1428 animo
1460 1390 1554 1428 sua
1576 1373 1835 1428 conﬁtcn-

252 1480 339 1525 tur
367 1478 607 1538 peccata,
634 1469 884 1531 admittit,
915 1468 1119 1537 recipit,
1148 1468 1328 1537 sicque
1353 1466 1553 1521 allectis
1574 1466 1835 1536 propitius

250 1572 354 1616 est.
387 1560 453 1616 Ut
480 1569 655 1614 autem
686 1560 860 1614 discas
888 1567 1140 1629 quantum
1188 1557 1385 1611 bonum
1420 1558 1489 1612 sit
1528 1572 1631 1611 non
1670 1557 1832 1611 altum

250 1666 470 1720 sapere,
499 1651 634 1706 duos
660 1650 797 1720 ﬁnge
822 1664 1008 1704 currus
1028 1690 1043 1715 ,
1069 1649 1231 1718 jnnge
1252 1648 1508 1718 justitiam
1539 1662 1657 1701 cum
1687 1660 1834 1700 arro-

249 1746 448 1815 gantia,
489 1755 543 1799 et
574 1752 844 1813 peccatum
875 1758 993 1797 cum
1027 1741 1342 1806 humilitate,
1373 1740 1681 1809 videbisque
1710 1752 1834 1807 pec-

251 1835 356 1889 cati
382 1849 596 1888 currum
632 1833 848 1904 justitia:
883 1847 1097 1887 currum
1131 1829 1463 1900 prrecedere,
1492 1844 1595 1884 non
1624 1828 1836 1897 propria

253 1925 338 1987 vi,
384 1925 479 1979 sed
524 1923 823 1993 conjuncta:
864 1921 1176 1975 humilitatis
1217 1920 1413 1973 virtute
1452 1936 1465 1972 :
1507 1919 1667 1971 alium
1709 1918 1837 1971 item

252 2029 466 2069 currum
495 2013 733 2083 superari
762 2011 966 2067 videbis
995 2026 1101 2073 non
1127 2008 1345 2078 justitiae
1372 2008 1677 2061 infirmitate
1699 2048 1713 2070 ,
1744 2005 1837 2060 sed

252 2120 420 2160 onere
444 2103 688 2173 moleque
718 2101 1054 2171 arrogantiae.
1080 2098 1536 2167 Quemadmodum
1568 2098 1707 2151 enim
1742 2097 1841 2149 hu-

253 2196 450 2251 militas
472 2194 826 2265 praacellen'ia
845 2209 938 2248 sua
957 2201 1294 2264 peccatorum
1317 2190 1635 2260 gravitatem
1659 2188 1839 2269 vincit,

255 2296 310 2342 et
329 2287 395 2342 ad
415 2287 604 2341 caelum
633 2302 797 2356 usque
822 2285 1101 2355 pertingit;
1131 2283 1208 2339 sic
1229 2291 1281 2337 et
1304 2282 1600 2351 armgantia
1628 2279 1768 2334 mole
1788 2286 1844 2333 et.

253 2378 512 2446 gravitate
540 2390 635 2430 sua
666 2384 834 2444 potest
859 2374 1077 2443 iustitiae
1108 2373 1377 2429 levitatem
1403 2371 1635 2436 vincere,
1667 2369 1841 2424 illam-

256 2482 360 2537 qne
388 2467 540 2522 facile
561 2466 810 2522 deorsum
841 2464 1072 2520 trahere.

328 2558 381 2611 7.
404 2556 476 2613 Ut
491 2565 669 2611 autem
690 2556 869 2610 videas
890 2554 1028 2609 hanc
1047 2553 1224 2624 bigam
1245 2553 1333 2607 illa
1355 2551 1675 2607 velociorem
1697 2563 1838 2616 esse,

253 2649 541 2706 recordare
567 2647 820 2703 Pharisaei
840 2661 904 2701 ac
926 2645 1213 2715 publicani.
1240 2645 1271 2700 J
1277 2645 1424 2699 unxit
1448 2642 1847 2711 Pharisacusju-

257 2741 459 2796 stitiam
483 2748 538 2795 et
561 2739 911 2809 arrogantiam
932 2779 948 2803 ,
977 2736 1054 2793 sic
1082 2737 1304 2808 loquens
1330 2752 1344 2789 :
1374 2734 1578 2789 Gratias
1606 2732 1694 2786 tibi
1715 2748 1812 2803 ago
1828 2773 1843 2798 ,

256 2832 377 2903 quia
405 2848 506 2884 non
533 2846 644 2884 sum
677 2831 804 2884 sicut
839 2828 1005 2883 ueteri
1032 2828 1324 2893 hominum,
1354 2834 1608 2896 raptores,
1637 2823 1844 2894 injusti,

259 2938 418 2989 neque
437 2923 565 2975 sicut
585 2922 665 2975 hic
689 2920 986 2992 publicanus
1007 2919 1157 2990 (Luc.
1188 2919 1273 2973 18.
1302 2915 1412 2989 11).
1441 2916 1485 2971 0
1512 2917 1769 2971 insaniam
1790 2913 1843 2966 ⁸1

263 3014 522 3070 Universa
561 3013 833 3067 hominum
880 3019 1069 3065 natura
1107 3010 1222 3081 ejus
1248 3009 1602 3079 arrogantiam
1633 3005 1850 3074 explere

260 3122 369 3160 non
397 3105 594 3175 potuit,
621 3103 714 3159 sed
752 3101 1035 3173 publicano
1066 3101 1306 3171 proxime
1334 3098 1507 3169 posito
1539 3098 1850 3166 insipienter

261 3196 550 3252 admodum
580 3195 866 3251 insultavit.
895 3194 1031 3262 Quid
1058 3193 1217 3264 igitur
1239 3192 1364 3246 ille?
1389 3191 1589 3246 Probra
1623 3204 1727 3243 non
1762 3204 1851 3243 re-

263 3290 428 3359 pulit,
456 3304 564 3343 non
603 3303 744 3358 aegre
771 3287 887 3342 tulit
913 3284 1337 3341 criminationem
1363 3325 1379 3351 ,
1409 3282 1503 3337 sed
1532 3280 1671 3351 quod
1702 3280 1849 3335 dice-

264 3384 420 3438 batur
446 3382 585 3436 bono
604 3382 813 3450 excepit
837 3379 1016 3434 animo
1042 3396 1055 3432 :
1084 3375 1388 3445 inimicique
1418 3374 1578 3429 telum
1606 3372 1706 3442 ipsi
1733 3387 1853 3427 ver-

264 3490 383 3528 sum
408 3474 563 3528 estin
594 3472 1038 3528 medicamentum
1066 3479 1121 3525 et
1144 3471 1494 3532 curationem,
1520 3466 1775 3537 probrum
1798 3466 1852 3519 in

264 3565 497 3632 laudem,
519 3565 819 3620 criminatio
847 3566 896 3616 in
924 3577 1200 3617 coronam.
1223 3560 1451 3616 Tantum
1477 3567 1559 3615 est
1584 3558 1854 3613 humilitas

264 3659 463 3713 bonum
484 3698 499 3723 ,
530 3666 732 3712 tantum
764 3658 969 3711 lucrum
1001 3671 1107 3710 non
1143 3654 1377 3709 morderi
1420 3652 1628 3724 probris
1657 3652 1851 3720 illatis,

266 3764 369 3805 nec
393 3748 602 3804 efferari
642 3748 998 3804 contumeliis.
1026 3744 1110 3800 Ex
1148 3746 1215 3800 iis
1241 3747 1436 3815 quippe
1462 3759 1711 3814 magnum
1742 3742 1854 3797 fru-

267 3849 412 3894 ctum
436 3839 727 3909 ingensque
752 3837 948 3892 bonum
971 3850 1284 3906 comparare
1310 3850 1611 3906 possumus,
1638 3832 1780 3905 quod
1803 3843 1858 3889 et

268 3931 553 4001 publicano
587 3930 827 4001 contigit.
868 3928 1072 3983 Probra
1113 3929 1255 3983 enim
1294 3928 1601 3996 excipiens,
1639 3936 1856 3997 peccata

270 4020 549 4093 deposuit,
578 4035 805 4090 cunzque
834 4019 1088 4084 dixisset,
1119 4017 1378 4089 Propitius
1402 4027 1507 4072 esto
1532 4018 1656 4071 mihi
1682 4033 1858 4088 pecca-

270 4113 368 4166 tari
398 4110 573 4183 (Ibid.
602 4127 650 4165 υ.
685 4112 797 4180 15),
838 4109 1115 4165 descendit
1139 4108 1456 4180 justiﬁcatus
1494 4124 1604 4178 prae
1646 4108 1772 4173 illo,
1805 4117 1859 4162 ct

271 4204 430 4260 dictis
455 4202 591 4258 facta
620 4212 868 4273 superata
907 4211 1060 4269 sunt,
1086 4202 1266 4257 verbis
1292 4211 1462 4273 gesta.
1491 4202 1643 4257 Alter
1665 4204 1859 4273 quippe

272 4295 529 4365 justitiam
574 4293 964 4364 praetendebat,
1006 4293 1207 4364 jejunia
1228 4335 1243 4360 ,
1273 4294 1540 4360 decimas;
1578 4295 1665 4349 hic
1697 4295 1860 4351 verba

276 4385 537 4454 simplicia
564 4384 896 4455 proferebat,
922 4394 977 4440 et
998 4385 1176 4440 omnia
1207 4393 1421 4455 peccata
1449 4385 1714 4455 deposuit.
1742 4384 1858 4440 Non

274 4476 421 4530 enim
462 4475 623 4530 verba
663 4476 836 4530 solum
882 4475 1023 4531 Deus
1058 4476 1291 4545 audivit,
1326 4476 1420 4531 sed
1455 4484 1725 4544 mentem,
1755 4492 1859 4547 qua

277 4567 395 4623 haec
423 4566 787 4639 proferrentur
820 4568 979 4639 vidit,
1012 4569 1260 4640 illamque
1294 4568 1619 4624 humiliatam
1648 4581 1701 4626 et
1724 4585 1859 4626 con-

340 4919 466 4971 Post
508 4918 676 4980 verba,
717 4910 999 4980 criminatio
1040 4909 1119 4980 in_
1131 4922 1393 4980 coronam,_
1422 4909 1864 4980 haeejnseruntur

278 4985 332 5032 in
361 4981 516 5030 Savil.
562 4970 756 5047 uncinis
799 4978 1030 5047 inclusa;
1057 4973 1228 5039 [Deus,
1252 4970 1460 5047 gratias.
1479 4970 1587 5047 tibi
1612 4984 1724 5047 ago,
1747 4973 1864 5039 quia

276 5056 376 5095 non
414 5053 524 5092 sum
565 5037 689 5099 sicut
707 5035 848 5099 multi
886 5032 1149 5099 horninum,
1189 5032 1519 5099 v'el'sicuthic
1559 5032 1861 5099 publicanus.

278 5093 463 5168 .téjuno
502 5099 575 5170 bis
617 5098 669 5169 in
699 5098 911 5171 sabbato.
932 5093 1155 5165 Decimus
1173 5099 1268 5169 ,ἀρ
1302 5093 1533 5166 omnium.
1558 5093 1670 5208 igua:
1706 5094 1865 5166 passi--

278 5168 392 5208 άρο-
442 5162 571 5208 Omd
609 5162 754 5208 dicis.
798 5156 986 5208 miser?
1030 5159 1093 5208 In
1118 5171 1299 5208 ieiunio
1337 5159 1557 5208 superbis
1635 5171 1730 5208 non
1752 5157 1865 5208 talis

278 5156 392 5217 dei).
442 5160 571 5229 Quid
609 5159 760 5229 dicis,
798 5156 986 5229 miser?
1030 5159 1093 5227 In
1108 5156 1299 5229 jejunio
1310 5156 1598 5229 paper-bis?
1635 5156 1730 5229 nojt
1752 5156 1865 5229 talis

279 5218 582 5288 arrogantia:
605 5221 762 5288 morbi
802 5220 887 5288 tibi
920 5218 1138 5271 conscius
1157 5218 1268 5288 ‘es?
1304 5218 1643 5288 [lyperbqlicw
1670 5221 1865 5288 jactan-

281 5290 366 5339 tia:
402 5279 502 5337 iure
543 5281 965 5342 immoderantiam
1004 5294 1101 5342 non
1145 5282 1281 5342 vides
1304 5279 1327 5342 ?
1353 5279 1581 5342 'Excolas
1621 5279 1862 5342 culicem,

282 5348 520 5400 cautelam
543 5353 723 5409 autem
762 5341 946 5409 glutis!
992 5344 1050 5392 Et
1086 5340 1417 5409 legisperitum
1436 5341 1641 5409 teipsum
1680 5340 1862 5404 dicens,

281 5411 413 5473 quod
454 5406 689 5470 scriptum
730 5403 801 5457 est
843 5404 1043 5471 ignoras
1084 5414 1101 5454 :
1130 5403 1328 5473 ριᾳμαει
1369 5411 1411 5455 te
1452 5403 1658 5473 alienus,
1699 5412 1744 5454 et
1770 5403 1865 5454 non

282 5464 339 5523 ὀε
363 5464 885 5530 ιιιιιιη;ἰεαταηειιδ,’
906 5473 953 5530 et
978 5477 1089 5530 non
1124 5464 1255 5516 labia
1292 5472 1391 5530 tuo.
1441 5465 1751 5530 Bublicanus
1775 5479 1867 5515 au-

282 5542 378 5585 tent
418 5546 450 5581 a
492 5523 634 5594 longe
673 5535 821 5595 stans,
848 5523 1051 5595 'nolebat
1090 5539 1177 5578 nec
1220 5526 1382 5595 oculos
1420 5526 1483 5574 ad
1522 5528 1696 5595 coetum
1735 5526 1866 5577 leva-

283 5608 378 5658 τςὲ
419 5594 507 5646 sed
555 5588 849 5658 ganniebat
898 5593 1064 5658 pectus
1096 5600 1236 5658 suum
1273 5588 1445 5658 dicens
1481 5603 1499 5640 :
1536 5590 1667 5658 ρειῳ
1693 5624 1707 5649 ,
1750 5601 1867 5658 prof

284 5647 584 5720 pitius_estb
627 5653 751 5720 mihi
800 5647 1058 5720 peccatori.
1102 5648 1327 5720 Audivit_
1351 5648 1433 5711 qui
1463 5647 1759 5720 .miseriwrs'
1784 5654 1865 5720 est

287 5710 496 5781 humilia
534 5716 698 5781 verba,
739 5710 809 5781 et"
827 5711 988 5781 statim
1026 5724 1254 5781 coronam
1295 5710 1507 5761 donavit.
1554 5710 1674 5781 Dico
1706 5719 1864 5764 autem

286 5781 450 5840 vobis,
460 5773 711 5831 descendit
731 5773 810 5826 hic
826 5773 1119 5839 justiﬁmtus
1138 5773 1189 5825 in
1210 5774 1408 5824 (turnum
1436 5774 1618 5837 suam]

1141 351 1229 408 DE
1267 351 1950 411 INCOMPREHENSIBILI
1994 357 2107 414 DEI
2145 359 2445 420 NATURA.
2486 364 2550 423 ν.

3404 372 3514 432 7η

1938 469 2114 527 tritam
2143 475 2426 534 miseratus
2453 488 2563 547 est,
2593 492 2654 536 ac
2690 481 2914 554 benigne
2947 488 3175 556 excepit.
3201 484 3327 542 llaec
3355 502 3519 555 perm

1933 561 2054 618 dico
2076 605 2092 628 ,
2121 580 2226 620 non
2256 576 2313 622 ut
2339 584 2620 638 peccemus
2644 614 2659 637 ,
2695 574 2789 629 sed
2820 583 2877 629 ut
2909 575 3179 632 humiliter
3204 580 3516 633 sentiamus.

1932 652 2062 708 Nam
2084 656 2128 709 si
2149 658 2463 728 publicanus
2484 663 2661 728 homo,
2684 665 2824 734 quod
2845 676 2928 722 est
2950 677 3246 723 extremum
3268 670 3520 738 nequitiae

1931 760 2126 815 genus,
2161 764 2265 802 non
2298 750 2481 806 humili
2512 761 2745 819 tantum,
2775 757 2868 812 sed
2898 758 3065 828 probo
3092 760 3273 814 animo
3300 771 3530 829 peccata-

1931 851 2027 893 sua
2047 840 2341 908 confessus,
2369 854 2423 898 et
2448 846 2499 900 id
2524 848 2661 916 quod
2684 858 2799 904 erat
2826 851 3157 917 testiﬁcatus,
3190 862 3389 907 tantam
3417 854 3518 909 sibi

1932 929 2027 984 Dei
2066 931 2490 990 benevolentiam
2525 940 2857 1007 conciliavit,
2894 951 3147 1011 quantam
3183 942 3250 1005 ii,
3277 943 3367 1013 qui
3396 958 3530 999 cum'

1932 1022 2187 1090 prazclara
2233 1027 2529 1094 gesserint,
2563 1045 2671 1084 non
2713 1032 2879 1085 altum
2925 1042 3099 1087 tamen
3143 1034 3385 1103 sapiunt,
3416 1033 3551 1087 sibi

1932 1128 2087 1183 opem
2116 1116 2405 1173 attrahunt.
2434 1120 2789 1188 Quamobrem
2821 1124 2981 1179 etiam
3012 1132 3170 1194 atque
3204 1127 3364 1180 etiam
3397 1125 3524 1178 hor-

1936 1213 2036 1271 tor,
2066 1221 2195 1276 rogo
2217 1216 2270 1262 et
2298 1224 2414 1275 oro,
2445 1222 2502 1265 ut
2527 1212 2826 1282 frequenter
2857 1215 2965 1269 Deo
2989 1216 3370 1271 conﬁteamini.
3396 1216 3515 1271 Non

1934 1304 1987 1350 te
2011 1298 2064 1350 in
2094 1298 2352 1355 theatrum
2380 1315 2761 1358 conservorum
2789 1314 2997 1361 tuorum
3027 1309 3185 1371 duco,
3218 1323 3391 1379 neque
3419 1309 3518 1361 ho-

1935 1388 2165 1445 minibus
2214 1403 2429 1461 peccata
2472 1396 2712 1452 revelare
2753 1412 2920 1468 cogo;
2959 1400 3339 1454 conscientiam
3376 1410 3519 1454 tuam

1935 1481 2177 1549 expande
2205 1497 2384 1538 coram
2418 1486 2526 1540 Deo
2548 1527 2563 1552 ,
2592 1488 2815 1544 ostende
2854 1490 2955 1560 ipsi
2991 1492 3207 1545 vulnera
3227 1533 3241 1556 ,
3273 1501 3325 1546 et
3360 1492 3428 1546 ab
3455 1506 3522 1546 eo

1936 1570 2320 1627 medicamenta
2350 1576 2554 1644 postula
2583 1593 2596 1629 :
2629 1579 2851 1634 ostende
2874 1595 2979 1636 non
3019 1582 3393 1651 exprobranti,
3429 1582 3525 1635 sed

1936 1662 2141 1714 curanti
2172 1680 2183 1715 :
2216 1662 2339 1718 licet
2365 1666 2505 1719 enim
2536 1674 2732 1733 taceas,
2762 1669 2876 1738 ipse
2902 1671 3052 1724 novit
3077 1670 3277 1726 omnia.
3310 1671 3405 1726 Die
3433 1671 3527 1738 igi-

1940 1760 2045 1816 tur,
2072 1762 2128 1807 ut
2158 1752 2209 1807 id
2240 1754 2388 1810 lucro
2418 1757 2509 1810 tibi
2537 1758 2606 1812 sit
2631 1774 2643 1809 :
2672 1758 2780 1825 die,
2806 1770 2856 1812 ut
2890 1759 2994 1814 illis
3024 1759 3110 1814 hic
3135 1758 3410 1827 depositis,
3433 1759 3528 1814 illo

1938 1841 2102 1897 abeas
2141 1858 2307 1913 purus
2330 1855 2384 1900 et
2421 1861 2453 1901 a
2481 1847 2690 1903 delictis
2728 1863 2924 1904 vacuus
2947 1890 2962 1912 ,
2991 1859 3047 1904 et
3084 1849 3151 1903 ab
3195 1848 3527 1904 intoleranda

1940 1936 2360 2008 promulgatione
2386 1939 2471 1993 illa
2500 1942 2765 1996 libereris.
2797 1942 2929 1997 Tres
2957 1944 3103 2013 pueri
3135 1943 3209 1997 illi
3237 1943 3288 1997 in
3316 1943 3530 1999 camino

1939 2025 2241 2096 degebant,
2286 2030 2627 2100 animamque
2656 2048 2805 2087 suam
2845 2048 2941 2102 pro
2971 2035 3193 2088 Domino
3219 2033 3482 2088 dederunt
3514 2077 3530 2090 .

1941 2128 2177 2175 attamen
2209 2131 2326 2191 post
2352 2131 2431 2177 tot
2457 2131 2707 2195 tantaque
2730 2125 2940 2180 virtutis
2965 2126 3139 2182 ofﬁcia
3164 2126 3383 2180 dicunt:
3410 2125 3534 2179 Non

1943 2226 2206 2279 possumus
2234 2214 2432 2282 aperire
2458 2230 2514 2269 os
2543 2230 2563 2268 :
2591 2216 2824 2287 confusio
2851 2225 2896 2270 et
2924 2216 3253 2286 opprobrium
3289 2215 3414 2286 facti
3448 2232 3536 2270 su-

1942 2316 2054 2354 mus
2074 2303 2225 2356 servis
2246 2305 2364 2368 tuis,
2391 2314 2440 2359 et
2459 2305 2735 2361 colentibus
2760 2316 2807 2360 te
2831 2305 2991 2379 (Dan.
3016 2309 3069 2362 5.
3094 2306 3207 2377 55).
3233 2308 3338 2362 Cur
3359 2307 3536 2376 itaque

1943 2404 2006 2445 os
2032 2392 2286 2460 aperitis?
2315 2403 2375 2448 ut
2412 2396 2514 2450 hoc
2544 2397 2715 2466 ipsum
2742 2397 3003 2463 dicamus,
3033 2398 3299 2468 inquiunt,
3332 2414 3439 2452 non
3471 2399 3537 2452 Ii-

1946 2495 2070 2536 cerc
2096 2482 2249 2538 nobis
2273 2499 2334 2540 os
2359 2486 2591 2554 aperire,
2623 2497 2678 2543 et
2703 2503 2769 2543 eo
2798 2489 2915 2559 ipso
2946 2489 3227 2544 Dominum
3254 2490 3535 2546 leniamus.

1945 2569 2212 2626 Orationis
2239 2573 2320 2627 vis
2346 2574 2451 2629 vim
2480 2576 2616 2646 ignis
2643 2579 2916 2645 exstinxit,
2950 2579 3163 2633 leonum
3196 2577 3429 2634 furorem
3455 2595 3539 2635 re-

1946 2660 2206 2728 frmnavit,
2238 2663 2376 2720 bella
2405 2671 2726 2737 composuit,
2757 2684 2961 2739 pugnas
2987 2669 3214 2737 sedavit,
3244 2676 3539 2740 tempesta-

1949 2762 2030 2809 tes
2062 2754 2313 2823 sustulit,
2347 2756 2620 2815 daemones
2662 2760 2901 2832 fugavit,
2931 2762 3050 2817 θα)ιί
3088 2772 3266 2833 portas
3293 2764 3500 2832 aperuit
3521 2803 3539 2829 ,

1950 2844 2162 2900 vincula
2189 2848 2375 2904 mortis
2399 2850 2631 2922 abrupit,
2660 2853 2875 2909 morbos
2901 2855 3079 2924 ejccit,
3102 2854 3295 2910 damna
3323 2855 3546 2926 repulit,

1948 2934 2109 2990 urbes
2131 2950 2419 2994 concussas
2448 2940 2704 3009 ﬁrmavit,
2735 2943 2961 2999 inﬂictas
2986 2944 3190 2999 caelitus
3217 2945 3417 3015 piagas,
3448 2944 3543 2999 ho.

1950 3026 2152 3081 minum
2180 3028 2432 3097 insidias,
2464 3033 2641 3087 omnia
2672 3033 2903 3103 denique
2942 3034 3080 3088 mala
3112 3035 3324 3090 sustulit
3350 3037 3540 3090 oratio.

1952 3115 2258 3173 Orationem
2286 3134 2447 3189 porro
2474 3121 2615 3190 dico,
2648 3138 2755 3178 non
2788 3138 2905 3178 eam
2937 3139 3057 3194 quae
3081 3138 3176 3180 ore
3201 3134 3357 3180 tenus
3383 3125 3544 3180 eﬁ‘cr-

1956 3217 2063 3275 tur,
2092 3211 2187 3265 sed
2215 3227 2331 3266 eam
2359 3228 2477 3284 quae
2505 3228 2571 3270 ex
2603 3215 2791 3270 intimo
2828 3216 3022 3272 mentis
3055 3216 3312 3272 ascendit.
3343 3217 3543 3285 Quem-

1951 3302 2238 3359 admodum
2283 3306 2425 3361 enim
2473 3307 2693 3363 arbores
2740 3308 2884 3376 illae,
2934 3324 3055 3379 quae
3104 3309 3338 3364 radicem
3388 3309 3546 3364 altius

1952 3395 2235 3463 miserint,
2269 3398 2370 3454 etsi
2412 3400 2724 3455 innumeros
2763 3408 3045 3456 ventorum
3092 3402 3355 3472 impulsus
3396 3402 3545 3457 exei-

1953 3487 2131 3555 piant,
2166 3504 2273 3544 non
2315 3489 2668 3562 franguntur,
2702 3507 2802 3548 nec
2839 3492 3167 3560 evelluntur,
3197 3492 3464 3549 radicibus
3492 3493 3545 3548 in

1955 3578 2063 3633 imo
2088 3587 2243 3635 terrae
2267 3580 2488 3638 ﬁrmiter
2512 3584 2862 3651 hrerentibus;
2885 3585 2961 3639 sic
2985 3585 3252 3640 orationes
3271 3601 3335 3641 ex
3361 3586 3548 3639 intimo

1955 3671 2150 3724 mentis
2178 3672 2410 3734 emissae,
2440 3672 2541 3730 hac
2567 3674 2760 3728 innixae
2797 3675 2997 3741 radice,
3025 3690 3211 3731 secure
3240 3676 3291 3730 in
3321 3676 3549 3733 sublime

1958 3763 2246 3830 tolluntur,
2287 3765 2541 3837 nulloque
2576 3768 2955 3837 cogitationum
2997 3767 3195 3838 impetu
3225 3767 3549 3823 subvertan-

1959 3862 2045 3908 tur
2077 3871 2091 3908 :
2123 3853 2243 3909 ideo
2271 3854 2531 3926 propheta
2558 3856 2770 3912 dicebat
2797 3875 2810 3910 :
2842 3856 2922 3912 De
2949 3857 3217 3930 profundis
3243 3858 3458 3913 clamavi
3481 3858 3552 3911 ad

1957 3954 2030 4011 te,
2065 3944 2280 4001 Domine
2309 3946 2330 4021 (
2346 3946 2491 4003 Psal.
2521 3948 2644 4005 129.
2680 3950 2700 4003 1
2725 3948 2767 4017 ).
2804 3948 2931 4005 "rec
2956 3949 3076 4004 dico
3105 3965 3211 4004 non
3237 3959 3298 4004 ut
3326 3950 3561 4005 laudetis

1959 4043 2186 4104 tantum,
2218 4037 2311 4092 sed
2342 4047 2398 4094 ut
2424 4038 2577 4094 factis
2604 4040 2763 4095 etiam
2794 4039 3114 4095 exhibeatis.
3147 4040 3279 4095 Nam
3305 4040 3350 4094 si
3381 4040 3567 4095 humi--

1958 4126 2115 4182 nibus
2156 4129 2484 4185 calamitates
2525 4131 2767 4201 proprias
2804 4145 3057 4196 narrare,
3090 4131 3261 4200 iisque
3289 4131 3425 4185 mala
3454 4144 3568 4188 sua:

1958 4216 2288 4285 describere,
2323 4219 2373 4275 id
2401 4221 2686 4291 quamdam
2722 4221 2876 4278 aﬁ'ert
2916 4222 3264 4277 mmrentihus
3302 4223 3548 4278 consola.

1960 4307 2159 4363 tionem
2185 4350 2200 4374 ,
2237 4324 2301 4365 ac
2342 4310 2389 4365 si
2426 4312 2516 4366 illa
2556 4328 2652 4383 per
2680 4313 2944 4383 loquelam
2975 4311 3355 4380 exsufflentur,
3384 4313 3552 4367 multo

1961 4399 2128 4467 magis
2156 4399 2203 4454 si
2231 4401 2394 4456 animi
2420 4404 2493 4458 tui
2530 4404 2771 4459 miserias
2802 4403 3028 4459 Domino
3058 4410 3149 4457 tuo
3184 4402 3551 4457 communica-

1960 4490 2121 4555 veris,
2146 4490 2429 4560 quamdam
2457 4493 2844 4548 recreationem
2865 4492 3393 4562 consolationemque
3418 4492 3554 4547 muf-

1963 4590 2068 4637 tam
2106 4583 2357 4653 accipies.
2402 4584 2575 4640 Homo
2612 4586 2753 4640 enim
2792 4600 2936 4655 saepe
2971 4594 3254 4655 gravatur,
3282 4585 3584 4654 querentis.

1960 4675 2291 4745 lugentisque
2313 4674 2544 4745 fastidio,
2566 4691 2796 4748 eumque
2816 4677 2993 4746 rejicit
3011 4676 3277 4746 abigitque
3297 4693 3312 4729 :
3335 4684 3390 4730 at
3414 4677 3579 4731 Deus~

1959 4779 2068 4819 nou
2099 4765 2259 4833 item,
2300 4766 2397 4821 sed
2440 4766 2673 4822 admittit
2711 4783 2775 4822 ac
2815 4766 3077 4838 pertrahit
3105 4784 3119 4820 :
3152 4767 3196 4822 si
3224 4766 3556 4822 calamitates

1961 4866 2078 4913 tuas
2107 4859 2208 4929 ipsi
2235 4859 2632 4915 communicare
2656 4858 2747 4915 diu
2779 4874 2970 4930 pergas
2990 4899 3005 4925 ,
3035 4865 3163 4915 tunc
3193 4867 3245 4914 te
3273 4858 3441 4929 magis
3469 4856 3555 4912 di-

1959 4951 2109 5022 ligit,
2152 4953 2364 5023 tuisque
2404 4953 2655 5026 precibus
2692 4952 2899 5008 annuit.
2945 4951 3059 5007 Hoc
3100 4952 3273 5021 ipsum
3315 4948 3557 5003 indicum

1960 5041 2206 5100 Christus
2235 5043 2450 5099 dicebat
2478 5062 2492 5098 :
2529 5042 2706 5099 Venite
2731 5042 2800 5097 ad
2828 5058 2908 5097 me
2934 5058 3105 5097 omnes
3132 5040 3218 5106 qui
3242 5038 3482 5094 laboratis
3498 5049 3557 5093 «st

1960 5136 2156 5191 onerati
2179 5137 2317 5205 estis,
2340 5145 2390 5192 et
2417 5152 2508 5209 ego
2534 5136 2761 5205 reﬁciam
2781 5151 2870 5190 vos
2892 5132 3103 5207 (Matth.
3134 5132 3221 5186 11.
3243 5129 3361 5201 28).
3384 5129 3558 5185 Vocat

1959 5224 2154 5297 igitur,
2183 5241 2253 5282 ne
2280 5227 2693 5297 inobsequentes
2728 5225 2932 5290 simus;
2964 5222 3212 5293 attrahit,
3244 5236 3312 5276 ne
3349 5219 3558 5276 resilia-

1958 5332 2120 5386 mus;
2168 5316 2271 5375 etsi
2313 5318 2545 5388 peccatis
2587 5316 2880 5372 innumeris
2923 5314 3141 5370 obnoxii
3185 5312 3391 5378 simus,
3431 5321 3559 5366 tunc

1959 5410 2130 5481 magis
2168 5422 2511 5465 aecus-ramus
2542 5424 2556 5462 :
2589 5405 2894 5481 hujusmodi
2931 5407 3081 5462 enim
3116 5403 3362 5460 homines
3400 5410 3557 5458 vocat

1960 5500 2049 5554 ille
2077 5516 2101 5554 ε
2128 5498 2248 5554 Non
2273 5499 2403 5566 veni,
2430 5498 2620 5570 inquit,
2645 5514 2825 5553 vocare
2850 5498 3040 5568 justas,
3065 5495 3154 5550 sed
3181 5502 3464 5563 peccatores
3486 5491 3565 5546 ad

1960 5593 2304 5663 ptenitentiam
2349 5588 2473 5662 (Id.
2506 5589 2561 5645 9.
2607 5588 2731 5661 15).
2784 5587 3044 5644 Oneratos
3093 5587 3178 5640 hic
3218 5593 3373 5639 vocat
3422 5597 3563 5650 eos,

1959 5686 2048 5756 qui
2095 5685 2371 5749 laborant,
2399 5682 2488 5752 qui
2531 5690 2872 5752 peccatorum
2916 5677 3173 5748 gravitate
3210 5674 3576 5745 afﬂiguntur;

1964 5787 2183 5834 vocatur
2216 5777 2357 5833 enim
2388 5776 2527 5831 Deus
2554 5773 2967 5841 consolationis,
2997 5780 3048 5827 ct
3077 5771 3216 5827 Deus
3246 5769 3551 5826 miserimu-
