3918 6362
384 272 483 328 71⁸1
1095 273 1155 328 S.
1195 271 1476 328 JOANNIS
1513 271 1998 327 CHRYSOSTOMI
2025 270 2342 327 ARCHIEP.
2381 271 2919 329 CONSTANTINOP.
3548 279 3642 338 τίς

378 387 582 440 diarum
610 386 687 456 (2.
720 384 837 439 Car.
869 385 918 439 1.
949 385 1003 455 5)
1032 402 1044 435 :
1076 385 1326 455 quoniam
1355 385 1455 439 hoc
1479 386 1596 454 ejus
1623 384 1856 439 ofﬁcium
1884 395 1969 440 est
2075 384 2253 439 delet?
2276 383 2344 440 Ut
2367 384 2526 454 igitur
2554 396 2871 455 praesentem
2901 387 3059 440 vitam
3081 402 3199 442 cum
3221 387 3468 446 facilitate
3487 401 3645 450 trans-
3695 456 3699 459 ,

382 487 714 546 perpetuum,
746 485 803 530 ut
825 476 1067 531 dolentes
1092 485 1146 530 et
1171 475 1398 531 afﬂictos
1426 475 1731 531 consoletur
1755 485 1811 530 et
1838 475 1966 531 hor-
2073 477 2276 546 igamus
2297 516 2313 542 ,
2364 485 2418 530 et
2444 486 2658 545 peccata
2679 519 2693 542 ,
2719 493 2836 547 qua:
2863 479 3229 534 contraximus
3246 521 3262 545 ,
3291 481 3642 550 deponamus,

377 578 536 632 tetur,
564 570 772 624 etiamsi
803 569 1094 624 innumeris
1122 570 1230 624 sint
1256 569 1487 639 peccatis
1511 570 1707 624 onusti.
1739 569 1965 625 Tantum
2069 581 2296 637 cumque
2318 565 2505 621 ﬁducia
2527 577 2730 624 stemus
2749 579 2873 624 ante
2895 569 3126 624 tribunal
3146 569 3361 638 Christi,
3385 571 3483 626 hoc
3503 575 3645 630 nobis

380 675 478 715 nos
515 661 612 728 ipsi
649 659 942 727 dedamus,
977 668 1177 714 tantum
1215 673 1556 714 aceurramus
1582 658 1649 714 ad
1681 675 1834 727 eum,
1867 675 1967 716 nec
2069 670 2327 731 perpetuo
2365 661 2808 717 medicamentum
2849 677 3098 731 paremus
3136 663 3417 734 lacrymis,
3446 665 3642 728 studio,

377 753 729 817 desistamus,
769 760 929 822 atque
974 753 1338 822 experimento
1379 751 1642 808 dictorum
1684 753 1964 809 veritatem
2069 753 2411 819 assiduitate,
2461 754 2712 824 patientia
2759 753 2886 808 illud
2924 755 3269 821 condientes;
3313 757 3385 811 ita
3423 756 3560 811 enim
3595 768 3644 812 et

379 845 678 900 ediscemus
699 884 716 910 ,
748 844 996 914 nullaque
1024 859 1111 898 res
1138 858 1235 900 nos
1267 843 1452 898 dolore
1485 842 1699 899 afﬁcere
1738 845 1959 914 poterit,
2069 845 2289 912 perenni
2321 843 2558 900 fruemur
2588 845 2891 900 valetudine
2913 886 2928 909 ,
2964 855 3020 901 et
3060 845 3236 900 futura
3265 862 3648 916 consequemur

372 936 412 991 si
447 937 658 994 assidua
679 947 734 993 et
752 945 993 992 accurata
1015 938 1255 992 oratione
1275 947 1505 992 utamur.
1531 937 1797 1007 Quidquid
1818 937 1960 992 enim
2067 937 2227 1002 bona,
2250 952 2370 1004 qua:
2396 952 2493 992 nos
2520 952 2707 993 omnes
2731 937 2952 1007 adipisci
2977 941 3267 1009 contingat,
3295 941 3460 1010 gratia
3481 949 3534 995 et
3557 940 3644 994 hu-

376 1030 600 1097 accidat,
633 1045 728 1100 per
756 1030 902 1084 illam
932 1029 1086 1085 facile
1112 1030 1386 1102 depellere
1416 1029 1727 1098 poterimus.
1761 1030 1962 1099 Ecquid
2067 1032 2322 1086 manitate
2361 1031 2571 1086 Domini
2611 1031 2778 1086 nostri
2815 1030 2942 1086 Jesu
2967 1031 3162 1088 Christi
3183 1074 3198 1097 ,
3225 1047 3349 1087 cum
3379 1049 3483 1103 quo
3511 1033 3644 1086 Patri

376 1123 568 1176 mirum
606 1123 649 1176 si
687 1122 944 1177 humanas
982 1137 1247 1178 aerumnas
1289 1123 1460 1177 oratio
1502 1122 1710 1176 solvere
1754 1122 1957 1192 possit,
2065 1122 2233 1192 gloria
2259 1121 2523 1191 simulque
2549 1130 2733 1177 sancto
2757 1121 3002 1192 Spiritui,
3035 1137 3174 1178 nunc
3203 1132 3257 1178 et
3285 1137 3496 1192 semper
3519 1123 3644 1178 etin

376 1214 586 1282 quando
615 1223 953 1284 peccatorum
990 1223 1232 1269 naturam
1277 1215 1348 1268 ita
1391 1212 1548 1269 facile
1587 1211 1872 1278 exstinguit
1905 1221 1962 1268 et
2067 1213 2264 1269 saecula
2291 1214 2630 1270 saeculorum.
2661 1215 2854 1271 Amen.

752 1305 805 1333 ι..

1423 2233 1501 2294 ΙΝ
1544 2231 1742 2294 TRES
1777 2229 2234 2307 SEQUENTES
2261 2228 2654 2290 HOMILIAS

492 2789 592 2849 Hic
622 2793 980 2847 vetustiorum
1006 2791 1250 2847 ordinem
1278 2789 1776 2860 manuscriptorum
1807 2785 1992 2858 sequi-
2097 2799 2260 2855 quem
2291 2783 2652 2839 interturbare
2683 2821 2698 2845 ,
2755 2778 3049 2836 Frontonis
3117 2777 3304 2833 Duezei
3369 2776 3656 2845 exemplum

421 2924 567 2972 mur,
600 2923 762 2978 quem
803 2914 1024 2962 secutus
1057 2905 1185 2961 item
1217 2913 1300 2960 est
1329 2920 1382 2958 v.
1412 2905 1484 2959 cl.
1513 2904 1720 2959 Fronto
1739 2903 1991 2958 Ducazus.
2099 2897 2293 2961 secuti,
2320 2895 2622 2951 noluimus.

420 3017 540 3074 Non
601 3017 760 3088 pauci
806 3016 1008 3086 quippe
1071 3016 1310 3080 codices,
1369 3023 1497 3085 post
1529 3013 1777 3084 quinque
1807 3018 1995 3066 contra
2166 3008 2295 3066 Hice
2314 3023 2480 3080 porro
2507 3010 2561 3062 in
2592 3005 2652 3061 S.
2685 3001 3062 3076 Philaganium
3097 3002 3328 3059 homilia
3385 3000 3562 3057 habita
3586 3003 3662 3053 est

424 3134 702 3188 Auamma:
740 3129 1019 3196 homilias,
1051 3137 1259 3184 sextam
1297 3127 1605 3198 adiungunt
1646 3125 1726 3180 De
1765 3124 1826 3180 S.
1863 3123 1997 3179 Phi—
2103 3137 2250 3179 anno
2301 3121 2427 3187 586,
2485 3119 2746 3176 vicesima
2800 3117 3144 3182 Decembris,
3197 3117 3450 3188 quinque
3479 3113 3663 3170 diebus

423 3245 655 3316 (agonia,
687 3241 974 3313 septimam
1017 3239 1092 3294 De
1124 3238 1596 3305 consubstantiali,
1641 3246 1887 3294 octavam
1918 3235 1998 3292 De
2104 3249 2231 3298 ante
2249 3239 2494 3295 Natalem
2521 3236 2745 3302 Christi,
2789 3243 2851 3290 ut
2878 3235 3080 3290 dicitur
3120 3249 3276 3290 num.
3327 3236 3382 3289 4.
3411 3231 3540 3287 Nam
3579 3228 3663 3283 illo

419 3355 670 3424 petitione
711 3353 945 3422 ﬁliarum
984 3351 1223 3407 Zebedrei
1249 3367 1268 3405 :
1327 3366 1563 3421 quarum
1608 3349 1732 3406 dua:
1776 3348 1996 3418 quidem
2104 3369 2350 3426 tempore
2373 3354 2490 3423 jam
2523 3350 2728 3406 Natalis
2782 3349 2985 3405 Christi
3039 3350 3174 3414 dies,
3215 3344 3658 3417 quemadmodum

423 3479 717 3539 postremae
762 3484 874 3524 non
916 3477 1161 3537 tempore
1203 3477 1440 3531 tantum,
1485 3465 1582 3523 sed
1629 3466 1792 3520 etiam
1837 3479 2001 3535 argu-
2109 3469 2380 3538 hodieque
2437 3467 2490 3520 in
2547 3463 2863 3527 Occidente,
2905 3462 2978 3517 25
3001 3460 3319 3518 Decembris
3377 3454 3660 3513 Antiochiae

426 3593 612 3640 mento
641 3598 766 3640 cum
819 3584 1063 3654 quinque
1092 3583 1372 3653 prioribus
1416 3581 1789 3643 conveniunt;
1849 3588 2003 3634 sexta
2109 3575 2507 3637 celebrabatur,
2539 3573 2701 3645 idque
2729 3589 2761 3628 a
2797 3573 2987 3644 paucis
3031 3571 3212 3636 annis,
3245 3580 3309 3626 ut
3357 3571 3413 3624 in
3478 3565 3667 3622 Monito

423 3711 578 3762 vero,
637 3696 740 3752 etsi
791 3705 915 3766 post
948 3695 1238 3765 quintam,
1288 3693 1436 3748 nulla
1492 3691 1816 3762 interposita
1872 3691 2001 3755 alia,
2111 3685 2177 3742 ad
2202 3685 2482 3740 homiliam
2513 3684 2568 3738 in
2597 3684 2849 3738 eumdem
2887 3683 3131 3738 Natalem
3159 3681 3668 3747 enarrabiturzquze

427 3809 614 3864 habita
643 3808 828 3876 fuerit,
857 3817 1182 3878 argumento
1213 3807 1763 3878 pcregrinam-orsus
1795 3807 2004 3861 videre-
2111 3796 2330 3864 quidem
2371 3794 2600 3850 homilia
2631 3794 2775 3848 inter
2810 3792 3163 3864 panegyricos
3219 3803 3504 3846 sermones
3539 3783 3666 3840 infra

427 3929 544 3986 tur,
582 3920 689 3976 nisi
720 3919 876 3974 initio
907 3918 1113 3974 diceret
1153 3917 1603 3988 Cbrysostomus,
1659 3929 1720 3969 se
1763 3930 1794 3967 a
1845 3912 2005 3968 solita
2111 3910 2345 3964 locatur.
2404 3907 2590 3962 Sancti
2630 3912 2759 3960 vero
2788 3903 3096 3976 Philogonii
3131 3903 3518 3974 panegyricum
3569 3910 3667 3951 non

429 4030 811 4100 destinataque
877 4037 1068 4084 contra
1125 4028 1425 4082 Auommos
1487 4023 1894 4080 concertatione
1944 4019 2004 4075 S.
2113 4021 2349 4078 absolvit
2408 4019 2872 4090 Chrysostomus;
2947 4015 3042 4072 sed
3115 4014 3360 4070 maxima
3426 4005 3667 4082 praeconii

434 4142 739 4214 Philogonii
771 4143 857 4198 die
884 4141 1022 4199 festo
1056 4141 1411 4213 interpellari.
1448 4137 1576 4194 Ideo
1609 4153 1732 4194 mos
1770 4136 2011 4192 obtinuit
2112 4143 2264 4206 parte
2297 4132 2559 4188 Flaviano
2587 4131 2866 4202 episcopo,
2895 4129 3086 4186 eadem
3124 4129 3210 4183 die
3256 4126 3660 4182 coneionaturo.

429 4257 566 4312 utin
604 4257 832 4312 vetustis
865 4256 1146 4312 codicibus
1177 4254 1432 4311 eumdem
1484 4252 1734 4308 ordinem
1775 4260 2005 4316 teneret,
2107 4250 2333 4318 relicta,
2372 4250 2429 4305 in
2465 4246 2732 4304 orationis
2777 4244 2956 4300 medio
2994 4257 3218 4298 cursum
3264 4235 3568 4307 intercipit,
3611 4236 3667 4284 ut

2779 4485 2834 4489 __..
2847 4484 2874 4489 .-
2880 4479 3065 4488 ..οι-...σ-
3081 4476 3184 4484 -—-—-

450 4493 805 4508 .—_...-_._.__._——
815 4491 1188 4497 —--——-—-——————
1202 4493 1324 4498 ———--_
1337 4494 1424 4498 ——._
1441 4491 2010 4499 __._..___._——.~._—

422 4642 488 4684 IN
535 4643 790 4685 BEATUM
833 4642 1297 4697 PHILOGONIUM,
1344 4642 1452 4694 QUI
1496 4640 1647 4684 FUIT
1691 4641 1775 4683 EX
1820 4639 2112 4684 PATRONO
2155 4637 2495 4681 CAUSARUM
2539 4637 2776 4680 FACTUS
2822 4637 3179 4693 EPISCOPUS,
3211 4637 3291 4679 ET
3320 4635 3487 4688 QUOD
3529 4630 3686 4674 NIHIL

504 4743 687 4796 EQUE
733 4745 972 4788 REDDIT
1014 4746 1130 4790 NOS
1176 4745 1302 4789 DEO
1347 4743 1689 4798 PBOBATOS,
1736 4743 1946 4795 ATQUE
1990 4744 2046 4787 SI
2091 4743 2380 4786 STUDIOSI
2427 4742 2611 4785 SIMUS
2657 4743 2876 4785 EARUM
2923 4743 3145 4785 RERUM
3178 4770 3194 4798 ,
3241 4743 3383 4795 QUE
3425 4732 3691 4782 ιηωιιεω

499 4847 882 4893 CONDUCUNT
925 4848 1249 4892 UTILITATI
1296 4849 1377 4891 ΕΤ
1418 4847 1589 4900 QUOD
1632 4846 2075 4890 NEGLIGENTEB
2135 4844 2466 4887 ADEUN'I‘ES
2522 4843 2742 4886 DIVINA
2791 4844 3112 4887 MYSTERIA
3167 4840 3543 4887 GRAVISSIME
3584 4833 3691 4876 PU‘

499 4950 812 5006 NIUNTUR,
862 4952 1061 4995 ETIAM
1106 4952 1161 4994 SI
1205 4950 1412 4993 SEMEL
1454 4949 1717 4991 TANTUM
1776 4947 1839 4988 IN
1904 4946 2071 4988 ANNO
2129 4945 2358 4988 SCELUS
2404 4943 2528 4986 HOC
2583 4943 3042 4987 COMMISERINT.
3091 4945 3278 4987 DICTA
3323 4943 3437 4986 EST
3486 4933 3688 4982 AUTEM

499 5053 782 5106 QUINQUE
814 5054 1042 5097 DIEBUS
1083 5054 1250 5096 ANTE
1293 5051 1592 5094 NATALEM
1620 5048 1872 5092 CHRISTI
1908 5044 1948 5088 ³.

1874 5199 2262 5211 ..η--ῌο

1040 5309 1258 5348 ιιοκιιιιΔ
1300 5309 1372 5347 τι·
2119 5317 2242 5357 nem
2267 5301 2498 5370 linguam
2526 5309 2759 5353 nostram
2783 5299 3040 5353 evocavit.
3074 5297 3142 5351 Et
3172 5297 3389 5352 omnino
3412 5290 3684 5363 parendum

490 5427 538 5479 1.
571 5426 679 5495 Ego
707 5426 922 5497 quidem
951 5426 1186 5481 ethodic
1213 5427 1532 5482 destinarant
1557 5425 1812 5479 adversus
1842 5421 2009 5475 hmre-
2114 5403 2248 5495 es“.
2275 5394 2471 5497 “enim
2517 5392 2560 5447 Si
2604 5393 2692 5461 qui
2742 5392 2873 5497 Ρθξξί
2921 5387 3481 5497 ¹¹¹³Ι¹Ϊίν⁶ξ⁴¹ξξῗ¹θδίξίδ

418 5516 552 5568 tiens
577 5517 870 5572 luctaturus
887 5527 1063 5573 vestes
1083 5533 1300 5582 exuere,
1321 5517 1568 5588 quodque
1594 5515 1828 5572 restabat
1846 5513 2010 5568 debiti

417 5609 568 5663 vobis
596 5611 900 5677 persolvere
929 5629 944 5666 :
977 5626 1160 5666 verum
1186 5610 1325 5666 beati
1364 5609 1662 5680 Philugonii
1695 5609 1827 5676 dies,
1858 5608 2010 5678 cujus

431 5657 566 5663 -v~--
597 5657 898 5677 r""'"""'
929 5657 943 5666 -
989 5657 1160 5666 νν---η
1186 5657 1325 5666 νυν·
1364 5657 1388 5665 -
1698 5657 1827 5676 ww,
1863 5657 2008 5678 --νσπ
3665 5679 3682 5689 ,

418 5704 611 5760 festum
637 5704 990 5771 celebramus,
1014 5705 1079 5759 ad
1101 5705 1264 5774 ipsius
1291 5704 1689 5759 benefactorum
1713 5707 2008 5760 cnarratio-
2116 5681 2308 5774 "afur‘i
2332 5679 2582 5774 paremcﬁ
2614 5676 2736 5721 sum
2765 5676 2963 5774 imit?
2986 5657 3679 5774 ἀθΡθηξυέΑΡῘίῗδξῗθμῗῗΕῗ,

638 5743 990 5771 ιν.υυ......ι.σ,
1014 5743 1079 5759 ..υ
1101 5743 1264 5774 ,μεως
1291 5743 1585 5759 uenenum
1603 5743 1689 5756 υ...
1714 5743 2007 5760 mauu...“—

481 5821 497 5853 ⁸
534 5820 713 5872 Collata
735 5835 843 5872 cum
883 5821 1133 5872 Codicibus
1169 5823 1329 5872 Regiis
1356 5822 1492 5872 1958.
1524 5822 1660 5872 1959.
1689 5821 1812 5870 ⁵2543
1837 5829 1886 5872 et
1902 5823 1981 5872 Col
1999 5850 2010 5861 -

2117 5764 2422 5827 volentiam,
2456 5762 2620 5814 multo
2650 5759 2816 5826 magis
2838 5757 2886 5811 id
2912 5756 3269 5826 prtestandum
3298 5755 3380 5816 iis,
3400 5752 3486 5820 qui
3511 5743 3682 5816 spiritu

2221 5864 2234 5872 -
2309 5859 2516 5872 _“-_..-_
2562 5851 2890 5872 __.:-..:__-.-...-
2912 5862 3039 5872 -.-....
3065 5863 3181 5872 ,......
3216 5846 3488 5872 ΔΑΕ-..ηιηε
3519 5842 3677 5872 nnelm

415 5829 843 5935 he:.l.cglllzfaugt:gl
1156 5829 1492 5945 :nfzgnfeggﬁ’
2113 5864 2239 5911 sunt
2271 5859 2538 5923 parentes,
2562 5851 2892 5922 potissimum
2912 5862 3041 5903 vero
3061 5863 3182 5902 cum
3213 5846 3490 5902 defunctos
3519 5842 3680 5946 nostra

414 5949 582 6001 ItaLita
601 5959 765 6001 autem
790 5943 867 6000 est
890 5948 1125 6011 vigesima
1147 5943 1446 5999 Decembris.

2115 5952 2343 6009 laudatio
2375 5950 2541 6005 nihilo
2573 5949 2758 6007 reddat
2784 5947 3160 6022 gloriosiorcs,
3201 5961 3301 6004 nos
3330 5956 3455 6000 vero
3480 5943 3679 6004 congre'

2117 5486 2360 5547 moritur,
2385 5485 2549 5554 liquet
2568 5498 2712 5544 eum,
2737 5485 2822 5551 qui
2848 5481 3178 5536 benedixerit
3200 5480 3321 5543 illis,
3343 5479 3463 5530 vita:
3485 5469 3683 5568 praemia

2113 5588 2449 5648 recepturum
2495 5575 2686 5647 (Exod.
2709 5574 2798 5629 21.
2825 5575 2912 5629 16.
2932 5573 3201 5628 Levit.20.
3231 5573 3288 5640 9)
3318 5589 3331 5625 :
3359 5579 3413 5625 et
3443 5567 3485 5622 si
3518 5564 3576 5618 iis
3606 5564 3685 5631 qui

2355 6071 2390 6080 Α
