3918 6364
121 401 205 459 749
955 435 960 439 -
1227 399 1315 454 DE
1355 398 1581 455 ΒΕΑΤο
1618 398 2052 461 PHILOGONIO.
2098 406 2184 461 Vl.

113 527 237 587 gates
274 523 376 569 tum
421 511 507 583 qui
548 512 830 583 loquimur,
872 520 980 567 tum
1022 512 1108 582 qui
1147 512 1421 578 audimus,
1465 512 1652 568 reddat

112 610 346 663 meliores.
378 607 506 661 Nam
531 606 616 660 ille
633 606 846 677 quidem
871 606 1155 661 subvectus
1185 606 1236 659 in
1268 605 1454 660 caelum
1485 605 1654 660 hand-

112 713 337 768 quaquam
353 711 507 767 egere
528 706 699 765 potest
723 696 967 751 immanis
994 696 1238 751 laudibus
1266 695 1333 750 ad
1362 693 1651 751 feliciorem

110 800 273 844 sortem
304 787 562 858 profectus
594 805 610 841 :
640 801 737 841 nos
764 802 896 841 vero
932 788 1019 857 qui
1058 786 1315 842 hactenus
1352 786 1440 841 hic
1468 801 1652 842 versa.

108 898 190 938 mut
220 923 234 948 ,
276 882 539 952 multaque
583 896 716 950 Opus
759 880 1014 935 habemus
1057 878 1459 946 exhortatione,
1510 879 1655 935 illius

107 986 292 1043 egemus
327 971 597 1033 encomiis.
628 988 732 1041 quo
763 972 1001 1026 videlicet
1042 971 1107 1025 ad
1145 972 1262 1039 ejus
1301 971 1648 1025 imitationem

108 1066 379 1120 excitemur.
410 1063 742 1133 Quapropter
764 1063 978 1131 sapiens
1007 1062 1219 1131 quidam
1249 1063 1490 1116 hortatur
1513 1103 1526 1125 ,
1570 1062 1651 1115 di-

106 1171 204 1210 cens
231 1173 243 1208 :
274 1154 517 1209 Memoria
544 1156 675 1224 justi
701 1171 813 1208 cum
840 1155 1073 1208 laudibus
1103 1153 1281 1222 (Prov.
1312 1154 1395 1209 10.
1427 1154 1505 1225 7).
1535 1154 1650 1208 Non

105 1247 221 1316 quasi
245 1247 314 1300 illi
337 1246 425 1316 qui
450 1245 814 1312 decesserunt,
845 1245 940 1301 sed
980 1245 1013 1299 ii
1051 1245 1228 1316 potius
1252 1245 1340 1312 qui
1362 1260 1454 1299 eos
1476 1245 1648 1299 laudi—

106 1339 181 1392 bus
216 1344 437 1403 ornant,
491 1337 776 1392 maximam
828 1337 952 1392 inde
999 1338 1294 1407 percipiant
1341 1338 1643 1391 utilitatem.

103 1429 322 1497 Quoniam
345 1429 502 1499 igitur
524 1428 623 1485 bac
648 1445 711 1484 ex
742 1445 800 1485 re
828 1441 1027 1485 tantum
1059 1430 1213 1484 nobis
1243 1430 1449 1485 lucrum
1477 1429 1648 1486 obve-

104 1525 177 1589 nit,
205 1522 642 1590 obtemperemus,
673 1539 846 1592 neque
876 1539 1204 1579 recusemus.
1235 1524 1365 1578 Nam
1393 1535 1446 1579 et
1473 1524 1644 1594 ipsum

104 1623 274 1683 tempus
316 1614 437 1669 huic
490 1615 779 1670 narrationi
833 1617 1094 1686 congruit.
1162 1617 1436 1686 Siquidem
1487 1616 1645 1671 hodie

101 1703 252 1758 beatus
290 1703 375 1759 ille
417 1704 484 1758 ad
531 1705 868 1774 tranquillam
898 1706 1178 1776 omnisque
1207 1706 1522 1761 turbationis
1551 1722 1645 1760 ex-

102 1804 264 1863 pertem
284 1796 443 1850 vitam
475 1798 761 1852 translatus
788 1807 890 1863 est,
919 1813 1088 1868 eoque
1114 1799 1376 1867 navigium
1405 1798 1640 1868 appulit,

102 1890 166 1943 ubi
196 1890 433 1960 deinceps
471 1906 581 1945 non
625 1891 821 1961 poterit
858 1901 1096 1947 metuere
1138 1889 1498 1961 naufragium,
1541 1906 1643 1948 nec

102 1984 225 2037 ullam
250 1985 403 2038 animi
428 1983 785 2053 dejectionem
811 1993 901 2039 aut
922 1984 1181 2039 dolorem.
1214 1982 1282 2038 Et
1299 1983 1426 2054 quid
1447 1986 1641 2039 mirum

103 2083 177 2137 est,
213 2075 251 2130 si
290 2076 432 2130 locus
473 2076 567 2131 ille
600 2084 775 2146 ‘purus
802 2085 885 2131 est
911 2076 978 2131 ah
1005 2077 1148 2130 omni
1179 2076 1425 2131 molestia
1450 2077 1637 2145 animi,

102 2181 189 2220 cum
213 2168 391 2223 Paulus
419 2169 728 2225 hominibus
753 2170 929 2223 adhuc
964 2169 1018 2223 in
1056 2168 1155 2223 hac
1187 2169 1289 2223 vita
1326 2168 1641 2238 degentibus

103 2258 279 2328 loquens
302 2259 475 2315 dicat:
502 2261 717 2332 Semwr
740 2261 973 2334 gaudete,
992 2262 1101 2317 sine
1119 2260 1483 2317 intermissione
1501 2270 1644 2317 orate

101 2351 153 2419 (ι.
179 2350 333 2407 Thess.
359 2353 411 2409 5.
446 2354 539 2407 to.
573 2353 700 2421 t7)?

149 2442 286 2506 Quam
316 2453 523 2513 priestet
558 2446 659 2499 vita
697 2448 871 2517 futura
905 2447 1156 2516 prtesenti.
1179 2476 1246 2488 -
1278 2446 1427 2514 Quod
1455 2447 1500 2502 si
1528 2446 1638 2513 hic,

100 2531 161 2589 ubi
181 2534 349 2602 morbi,
392 2536 478 2591 ubi
531 2537 929 2606 insectationes,
979 2537 1065 2593 ubi
1112 2547 1445 2608 praematuras
1492 2552 1640 2593 mor-

99 2637 179 2697 tes,
214 2633 291 2688 ubi
329 2634 636 2699 calumnia},
679 2629 770 2686 ubi
814 2631 1045 2696 invidiae,
1085 2629 1173 2686 ubi
1221 2644 1502 2694 mmrores,
1546 2628 1640 2684 ubi

101 2722 191 2787 ire,
240 2725 320 2780 ubi
379 2724 746 2796 cupiditates,
794 2724 880 2779 ubi
924 2721 1338 2780 innumerabiles
1391 2722 1637 2787 insidiae,

100 2814 161 2867 ubi
195 2815 505 2885 quotidiana:
543 2815 952 2878 sollicitudines,
996 2814 1087 2868 ubi
1131 2823 1383 2884 perpetua
1433 2813 1638 2883 sibique

100 2903 359 2961 cohaerentia
381 2906 524 2961 mala
545 2914 690 2973 sunt,
715 2906 1025 2961 innumeros
1052 2920 1119 2960 ex
1145 2907 1288 2960 omni
1319 2914 1467 2976 parte
1486 2905 1640 2960 dolo-

101 3007 162 3048 res
180 2996 442 3064 all'erentia,
465 2998 670 3053 Paulus
696 2996 827 3052 dixit
872 2997 986 3052 fieri
1013 3005 1246 3066 possent
1274 3011 1489 3065 semper
1511 3011 1641 3066 gau-

100 3083 297 3152 deamus,
344 3090 387 3143 si
432 3090 562 3159 quis
605 3089 874 3158 paululum
916 3104 983 3144 ex
1027 3104 1205 3143 rerum
1252 3088 1639 3143 mundanarum

102 3176 294 3236 ﬂuctibus
329 3183 568 3239 erexerit
609 3191 767 3251 caput
787 3224 802 3247 ,
832 3182 1100 3252 vitamque
1128 3197 1276 3237 suam
1310 3189 1458 3236 recte
1483 3195 1635 3235 com-

100 3271 282 3334 posuerit
310 3290 323 3325 :
348 3274 525 3328 multo
557 3273 724 3343 magis
765 3280 1042 3342 postquam
1088 3271 1214 3327 hinc
1255 3271 1637 3341 demigraveri-

99 3372 186 3413 mus
204 3361 336 3420 facile
352 3373 636 3435 compotes
665 3363 862 3420 erimus
885 3363 1000 3432 ejus
1019 3363 1163 3431 boni,
1182 3378 1302 3417 cum
1326 3364 1438 3417 hare
1458 3364 1635 3417 omnia

98 3451 518 3519 sublatafuerint,
562 3454 786 3509 adversa
828 3453 1094 3519 valetudo,
1147 3454 1338 3516 morbi.
1383 3454 1636 3523 peccandi

99 3545 287 3609 materia,
314 3546 396 3601 ubi
429 3561 546 3601 non
582 3556 664 3602 est
708 3560 885 3600 meum
929 3561 993 3602 ac
1037 3555 1202 3611 tuum,
1238 3544 1480 3617 frigidum
1509 3545 1637 3600 illud

97 3633 349 3702 verbum,“
364 3637 625 3708 quidquid
645 3646 726 3693 est
748 3637 1005 3693 malorum
1034 3637 1088 3692 in
1114 3638 1276 3692 vitam
1307 3647 1542 3692 nostram
1566 3638 1640 3693 in-

97 3723 267 3793 vehens,
283 3728 666 3800 innumeraque
684 3730 905 3802 gignens
924 3729 1084 3785 bella.
1100 3727 1456 3797 Quamobrem
1474 3729 1645 3784 maxi-

97 3828 265 3886 mopere
304 3823 549 3891 gratulor
591 3821 745 3892 hujus
786 3821 953 3878 sancti
980 3822 1256 3891 felicitati,
1281 3824 1424 3894 quod
1453 3839 1640 3893 quam-

99 3920 219 3975 quam
238 3915 518 3971 translatus
544 3924 646 3982 est,
674 3926 835 3986 atque
853 3915 1121 3971 civitatem
1144 3925 1381 3972 nostram
1403 3917 1634 3988 reliquit,

96 4006 231 4058 tamen
264 4005 310 4059 iu
344 4008 574 4064 alteram
623 4008 834 4062 transiit
868 4007 1159 4074 civitatem,
1205 4023 1396 4078 nempe
1431 4009 1543 4075 Dei,
1575 4024 1638 4066 ac

97 4088 315 4161 digressus
347 4099 412 4154 ab
444 4099 555 4154 hac
594 4098 827 4154 Ecclesia
852 4099 917 4152 ad
942 4099 1083 4155 illam
1110 4100 1383 4169 pervenit,
1410 4115 1529 4170 qua!
1554 4108 1639 4156 est

96 4185 519 4257 Wmogeuitorum
566 4191 955 4260 deseriptorum
1001 4192 1053 4245 in
1098 4190 1277 4255 caelis,
1327 4206 1391 4246 ac
1437 4191 1637 4247 relictis

98 4273 210 4333 hisce
223 4280 356 4338 festis
373 4283 587 4338 transiit
605 4283 672 4337 ad
689 4283 1051 4338 celebritatem
1068 4283 1395 4352 angelorum.
1425 4282 1634 4337 Etenim

95 4369 202 4434 quod
238 4382 288 4427 et
321 4390 555 4446 superne
593 4376 663 4430 sit
702 4373 886 4429 civitas
906 4417 922 4441 ,
955 4374 1213 4438 Ecclesia,
1242 4388 1306 4428 ac
1329 4374 1631 4441 celebritas,

95 4459 187 4513 audi
225 4463 431 4521 Paulum
479 4464 749 4523 dicentem
783 4466 1109 4521 :Accessistis
1145 4465 1214 4519 ad
1250 4466 1498 4519 civitatem
1538 4465 1638 4519 Dei

94 4548 275 4617 viventis,
297 4556 362 4608 ad
378 4556 756 4627 Jerosolymam
775 4556 1038 4623 ctelestem,
1066 4565 1114 4610 et
1147 4555 1423 4611 Ecclesiam
1448 4555 1638 4626 primo-

94 4641 327 4703 {leniturum
363 4648 730 4718 descriptorum
771 4647 824 4700 in
864 4647 1030 4711 etatis,
1060 4657 1106 4700 et
1129 4647 1198 4700 ad
1221 4645 1637 4700 innumerabilem

94 4732 339 4800 angelorum
370 4739 706 4808 frequentiam
727 4737 912 4810 (Hebr.
936 4736 1025 4792 l2.
1047 4738 1138 4792 22.
1168 4735 1282 4810 25).
1321 4736 1436 4792 Non
1463 4736 1635 4792 solum

94 4830 235 4877 autem
268 4829 334 4880 ob
369 4829 763 4885 multitudinem
790 4828 1046 4884 virtutum
1091 4828 1383 4884 ctelestium
1403 4870 1418 4895 ,
1450 4843 1635 4883 verum

94 4910 219 4967 etiam
244 4916 308 4972 ob
331 4918 706 4975 abundantiam
736 4919 996 4976 honorum
1016 4961 1031 4984 ,
1067 4934 1132 4975 ac
1158 4920 1284 4990 juge
1305 4919 1554 4991 gaudium
1582 4927 1639 4974 et

95 4996 312 5072 latinam,
348 5011 675 5081 panegyrim,
718 5011 821 5066 hoc
862 5022 967 5077 est,
1009 5009 1359 5081 frequentiam
1404 5011 1637 5081 appellat

92 5096 223 5148 totam
251 5098 386 5155 illam
414 5102 600 5157 vitam.
644 5101 754 5157 Nec
780 5102 922 5158 enim
949 5101 1091 5157 aliud
1123 5101 1430 5176 panegyrim
1461 5104 1636 5162 facere

92 5184 219 5253 solet,
258 5206 412 5261 quam
455 5194 807 5251 multitudinis
846 5204 1039 5262 catus,
1082 5197 1338 5253 mercium
1367 5200 1633 5256 venalium

92 5277 232 5345 copia,
262 5297 380 5338 cum
419 5286 675 5353 triticum,
703 5286 988 5354 hordeum,
1018 5296 1073 5342 et
1099 5289 1397 5360 omnigenae
1423 5289 1633 5360 frugum

92 5369 279 5437 δβθείθδ,
301 5376 478 5431 ovium
504 5391 712 5448 greges,
735 5378 894 5434 boum
921 5388 1180 5444 armenta,
1202 5389 1395 5445 vestes,
1428 5381 1636 5452 aliaque

92 5454 131 5508 id
151 5472 299 5528 Bellus
326 5466 547 5535 plurima
574 5468 960 5538 importantur,
992 5470 1111 5525 aliis
1148 5470 1363 5541 quidem
1393 5473 1632 5528 venden-

94 5548 223 5621 tibus,
247 5556 357 5614 aliis
386 5574 516 5615 vero
539 5562 856 5619 ementibus.
904 5562 1007 5620 Sed
1046 5563 1170 5633 quid
1211 5564 1410 5634 inquis,
1445 5565 1632 5620 harum

94 5651 240 5698 rerum
266 5656 345 5702 est
371 5648 424 5704 in
453 5651 642 5706 caelis?
685 5652 885 5707 llorum
921 5653 1134 5721 quidem
1174 5645 1338 5719 nihil,
1379 5654 1472 5709 sed
1513 5664 1636 5709 sunt

96 5727 161 5786 his
182 5740 332 5797 multo
353 5743 707 5814 praeclarium.
747 5746 863 5801 Non
904 5748 1046 5801 enim
1081 5746 1189 5800 illic
1223 5757 1347 5800 sunt
1377 5748 1629 5815 triticum,

97 5818 342 5903 hordeum,
382 5850 443 5892 ac
481 5835 687 5909 frugum
715 5838 872 5894 Varia:
902 5838 1142 5909 species,
1170 5840 1264 5896 sed
1291 5840 1401 5896 illic
1438 5836 1633 5913 ubique

3236 419 3345 475 750

1768 514 1969 572 fruetus
2007 520 2226 588 spiritus
2270 521 2484 586 caritas,
2526 526 2805 596 gaudium,
2846 529 3076 598 bonitas,
3125 549 3245 602 pax,
3285 550 3351 592 ac

1761 610 2113 664 mansuetudo
2142 626 2347 667 summa
2374 615 2630 671 exuberat
2654 620 2826 686 copia.
2869 621 2982 675 Non
3011 627 3190 680 ovittm
3218 642 3348 696 gre-

1756 711 1872 768 ges,
1904 715 2007 755 non
2032 700 2190 756 boum
2218 714 2481 769 armenta,
2512 707 2605 761 sed
2633 711 2851 778 spiritus
2874 712 3138 782 justorum
3172 718 3346 787 perfe-

1758 796 1964 845 cturum
1985 834 1999 856 ,
2030 794 2325 849 animarum
2358 798 2580 867 virtutes
2603 841 2617 864 ,
2648 808 2879 872 vitzrque
2918 814 3059 861 recta
3089 807 3219 863 facta
3248 825 3348 881 per

1757 894 1945 936 omnes
1968 884 2129 937 eteius
2149 885 2330 941 videre
2353 888 2495 944 licet.
2527 890 2639 945 Non
2664 904 2840 947 vestes
2863 904 2950 949 aut
2978 899 3226 965 amictus,
3250 902 3345 956 sed

1754 982 1980 1028 coronas
2006 978 2192 1043 quovis
2218 992 2349 1033 auro
2386 981 2754 1046 pretiosiores,
2793 993 2903 1040 tum
2946 988 3145 1053 brahia,
3171 1002 3348 1046 certa-

1756 1065 1956 1118 minum
1989 1067 2224 1134 praemia,
2254 1071 2462 1140 aliaque
2504 1073 2778 1130 innumera
2823 1078 2957 1130 bona
3003 1081 3233 1148 reposita
3281 1084 3346 1140 iis

1752 1159 1839 1226 qui
1869 1168 2015 1213 recte
2046 1158 2267 1215 fecerint
2294 1181 2309 1217 :
2338 1164 2402 1217 ad
2442 1164 2555 1219 lucc
2599 1166 2665 1219 ibi
2714 1178 2796 1223 est
2840 1168 3153 1239 frequentia,
3187 1173 3344 1243 longe

1752 1254 1863 1301 tum
1896 1250 2182 1319 copiosior,
2212 1261 2320 1307 tum
2354 1253 2683 1310 honomtior.
2728 1257 2910 1327 Neque
2951 1262 3090 1315 enim
3133 1274 3344 1319 constat

1752 1356 1817 1395 ex
1852 1341 1982 1397 viris
2021 1344 2236 1399 urbanis
2276 1346 2675 1418 indigenisque,
2725 1352 2817 1404 sed
2850 1351 2935 1407 hic
2964 1362 3086 1407 sunt
3116 1357 3340 1425 angelo-

1751 1446 1867 1486 rum
1896 1433 2095 1486 inlinita
2125 1435 2286 1489 millia
2308 1478 2320 1499 ,
2352 1437 2456 1493 illic
2483 1440 2644 1493 multa
2677 1441 2835 1495 millia
2859 1443 3297 1515 archangelorum
3319 1488 3338 1515 ,

1748 1524 1874 1579 alibi
1914 1524 2156 1581 Sodalitia
2199 1529 2611 1598 prophetarum,
2652 1532 2775 1586 alibi
2823 1544 3116 1606 martyrum
3162 1536 3335 1604 chori,

1748 1621 2108 1689 apostolorum
2136 1623 2369 1690 ordines,
2392 1625 2548 1680 cunei
2570 1625 2856 1695 justorum,
2879 1632 3223 1700 omniumque
3249 1632 3340 1701 qui

1749 1711 1861 1766 Deo
1900 1713 2212 1782 placuerunt
2247 1714 2378 1769 varii
2421 1725 2613 1771 etetus.
2656 1717 2902 1773 Profecto
2932 1718 3170 1775 miranda
3195 1737 3343 1792 qua:-

1747 1802 1868 1858 dam
1911 1806 2193 1877 panegyris
2220 1818 2302 1862 est
2334 1825 2348 1861 :
2376 1808 2623 1879 quodque
2651 1811 2821 1879 majus
2847 1821 2930 1866 est
2955 1813 3206 1867 omnibus
3231 1856 3246 1877 ,
3286 1814 3338 1868 in

1745 1895 1921 1951 media
1943 1896 2238 1968 frequentia
2260 1910 2504 1955 versatur
2524 1900 2711 1955 horum
2729 1903 2964 1957 omnium
2987 1920 3099 1959 rex.
3128 1905 3338 1961 Etenim
3386 1898 3391 1903 ’

1747 1988 1833 2041 ubi
1861 1988 2101 2054 dixisset,
2126 1989 2205 2043 Ad
2223 1990 2660 2045 innumerabilium
2676 1994 2968 2063 angelorum
2985 1996 3336 2065 frequentiam,

1746 2077 1995 2147 subjecit,
2023 2089 2071 2133 et
2095 2082 2163 2133 ad
2182 2080 2411 2152 judicent
2447 2083 2792 2138 universorum
2819 2083 2982 2140 Deum
3021 2086 3039 2156 (
3061 2086 3218 2140 Hebr.
3246 2088 3336 2144 12.

1742 2167 1869 2240 2'5).
1918 2169 2049 2238 Quis
2096 2187 2345 2243 umquam
2371 2173 2497 2227 vidit
2543 2173 2595 2228 in
2643 2176 2952 2246 panegyrim
2982 2177 3333 2247 prodeuntem

1743 2277 1925 2333 regem
1952 2263 1976 2317 Ἰ
2023 2263 2120 2319 Hic
2159 2264 2374 2336 quidem
2415 2282 2571 2321 nemo
2602 2267 2749 2333 vidit,
2781 2268 2890 2323 illic
2914 2278 3089 2325 autem
3119 2272 3207 2340 qui
3233 2272 3331 2325 ad-

1745 2355 2637 2429 suutperpetuovideut,quatenus
2666 2360 2813 2415 illum
2840 2362 3021 2417 videre
3049 2363 3192 2429 licet,
3222 2380 3332 2420 non

1742 2447 1914 2501 solum
1946 2458 2285 2519 praesentem,
2308 2465 2492 2505 verum
2518 2452 2678 2505 etiam
2704 2466 2815 2507 sum
2839 2453 3022 2524 gloriae
3042 2455 3331 2524 splendore

1742 2539 2189 2596 condecorantem
2214 2541 2522 2598 universum
2552 2552 2774 2598 coetum.
2803 2544 2870 2599 Et
2897 2554 3096 2601 nostra:
3115 2546 3332 2618 quidem

1742 2628 2080 2686 celebritates
2106 2631 2206 2686 sub
2236 2631 2512 2687 meridiem
2543 2635 2853 2705 plerumque
2879 2636 3160 2692 solvuntur
3180 2680 3197 2705 ,
3244 2639 3332 2693 illa

1741 2737 1871 2776 vero
1900 2737 2006 2777 non
2036 2723 2183 2779 item.
2211 2722 2392 2795 Neque
2417 2725 2559 2779 enim
2582 2727 2843 2782 mensium
2873 2727 2924 2781 in
2944 2727 3127 2782 orbem
3152 2743 3337 2784 recur-

1741 2825 1851 2878 sus,
1881 2827 2054 2883 neque
2082 2828 2343 2868 annorum
2370 2815 2623 2870 circuitus
2645 2856 2661 2881 ,
2702 2830 2875 2887 neque
2907 2816 3114 2872 dierum
3143 2834 3334 2875 nume-

1741 2919 1859 2958 rum
1900 2913 2173 2973 exspectat
2222 2921 2236 2957 :
2276 2906 2371 2960 sed
2416 2914 2516 2959 stat
2562 2916 2851 2976 perpetuo,
2902 2907 3147 2978 illiusque
3190 2908 3330 2963 bona

1747 2994 1894 3048 nullo
1923 2995 2150 3049 termino
2177 2994 2512 3055 clauduntur,
2547 2994 2705 3049 tinem
2736 3011 2840 3048 non
2867 2994 3084 3060 habent,
3118 3011 3216 3051 nec
3243 3013 3335 3051 se-

1744 3099 1989 3151 nescere,
2020 3100 2118 3140 nec
2139 3099 2471 3139 marcescere
2505 3095 2743 3152 possunt,
2774 3084 2865 3138 sed
2893 3095 3015 3138 sunt
3039 3094 3147 3139 tum
3173 3086 3332 3153 senii,

1746 3184 1859 3230 tum
1896 3175 2087 3230 mortis
2114 3175 2370 3244 expertia.
2416 3173 2602 3227 Nullus
2627 3173 2732 3228 illic
2760 3176 3046 3241 tumultus,
3076 3176 3334 3244 quemad-

1749 3266 1967 3321 modum
2011 3264 2127 3331 hic,
2160 3264 2300 3319 nulla
2334 3264 2582 3331 turbatio,
2615 3263 2707 3319 sed
2738 3264 2922 3335 ingens
2948 3266 3185 3320 onmium
3210 3281 3334 3320 cum

1746 3358 1937 3413 ordine
1963 3357 2314 3426 compositio,
2348 3356 2484 3411 haud
2515 3371 2671 3412 secus
2698 3367 2857 3427 atque
2894 3357 2946 3412 in
2975 3358 3176 3413 cithara
3205 3375 3330 3428 qua-

1744 3450 1926 3520 piam,
1971 3449 2447 3504 modulatissimum
2490 3460 2804 3505 concentum
2835 3460 2889 3506 et
2915 3453 3100 3522 quavis
3133 3453 3333 3509 musica

1745 3543 2045 3597 suaviorem
2087 3541 2421 3597 reddentium
2468 3543 2740 3613 utriusque
2783 3553 3041 3598 creatura:
3084 3544 3332 3613 Domino,

1742 3631 1868 3686 dum
1893 3630 2071 3686 anima
2094 3631 2203 3686 illic
2230 3632 2373 3688 velut
2394 3632 2446 3685 in
2473 3632 2639 3687 sacris
2658 3631 2859 3702 adytis,
2889 3632 3184 3704 divinisque
3211 3648 3332 3705 my-

1742 3728 1922 3784 steriis
1941 3769 1956 3794 ,
1986 3726 2284 3782 divinorum
2316 3742 2629 3782 arcanorum
2667 3728 3078 3783 celebrationem
3108 3730 3329 3798 peragit.

1809 3819 1864 3874 2.
1893 3819 1973 3874 Ad
2005 3819 2143 3874 hanc
2168 3818 2376 3875 beatam
2402 3830 2453 3874 et
2484 3819 2615 3874 senii
2641 3829 2912 3889 expertem
2943 3831 3139 3876 sortem
3169 3821 3327 3877 hodie

1742 3912 1952 3966 transiit
1973 3913 2160 3967 beatus
2187 3910 2546 3982 Philogonins.
2578 3912 2831 3978 Quaenam
2859 3911 3017 3982 igitur
3035 3913 3206 3966 oratio
3233 3928 3330 3981 par

1738 4005 1808 4059 sit
1849 4005 1983 4069 viro,
2028 4018 2188 4075 quem
2235 4004 2374 4059 Dens
2412 4014 2516 4058 tam
2557 4003 2697 4059 felici
2738 4013 2884 4060 sorte
2922 4003 3165 4074 dignatus
3209 4006 3330 4059 est?

1736 4096 1912 4151 Nulla.
1940 4095 2045 4150 Sed
2071 4111 2190 4165 age,
2221 4094 2304 4150 die
2341 4095 2492 4160 mihi,
2525 4111 2653 4149 num
2682 4094 2878 4150 ideirco
2904 4095 3221 4149 silebimus?
3262 4097 3330 4151 Et

1738 4188 1889 4258 cujus
1930 4187 2010 4242 rei
2053 4188 2220 4258 gratia
2260 4185 2644 4243 convenimus?
2689 4187 2768 4240 An
2798 4185 3036 4241 dicemus
3066 4201 3163 4239 nos
3187 4186 3326 4240 haud

1738 4266 1903 4347 posse
1944 4277 2358 4348 magnitudinem
2408 4287 2677 4347 gestorum
2730 4277 2970 4331 oratione
3026 4275 3327 4346 consequi?

1737 4368 1896 4438 Atqui
1919 4368 1988 4423 ob
2008 4368 2110 4423 hoc
2134 4368 2303 4438 ipsum
2330 4382 2549 4423 necesse
2568 4378 2651 4423 est
2675 4367 2873 4432 dicere,
2892 4367 3322 4439 quandoquidem

1739 4459 1854 4514 hmc
1876 4468 1960 4514 est
1986 4460 2248 4529 praecipua
2269 4458 2482 4514 laudum
2505 4459 2643 4514 illius
2663 4475 2805 4530 pars,
2828 4458 2969 4529 quod
2996 4461 3144 4514 factis
3163 4460 3324 4515 verba

1738 4550 2053 4620 mquiparari
2080 4565 2186 4605 non
2213 4550 2436 4620 possint.
2477 4551 2608 4604 Nam
2648 4565 2873 4620 quorum
2902 4561 3047 4619 gesta
3081 4560 3325 4608 naturam

1737 4642 1898 4696 etiam
1943 4649 2196 4711 superant
2237 4642 2551 4706 mortalem,
2595 4642 2930 4710 perspicuum
2973 4651 3085 4707 est,
3134 4645 3326 4699 borum

1737 4733 1922 4788 laudes
1952 4732 2216 4789 excedere
2243 4733 2476 4802 linguam
2509 4732 2814 4788 humanam.
2865 4734 3013 4789 Haud
3051 4743 3225 4791 tamen
3252 4736 3326 4791 ob

1739 4826 1792 4881 id
1819 4825 2193 4896 aspernabitur
2214 4824 2453 4882 officium
2484 4834 2746 4889 nostrum,
2775 4825 2868 4881 sed
2898 4841 3053 4881 suum
3090 4827 3324 4881 imitabi-

1739 4925 1825 4972 tur
1866 4918 2143 4973 Dominum
2178 4935 2192 4973 :
2231 4916 2491 4987 siquidem
2532 4924 2587 4972 et
2629 4916 2718 4971 ille
2756 4915 2927 4971 viduae
2956 4916 3090 4972 duos
3119 4926 3323 4972 tantum

1738 5007 1925 5064 obolos
1948 5007 2236 5078 dejicienti,
2267 5023 2373 5063 non
2404 5016 2605 5063 tantum
2626 5007 2851 5063 duorum
2878 5008 3155 5063 obolorum
3182 5024 3325 5064 mer—

1737 5102 1920 5157 cedem
1949 5101 2196 5157 reddidit.
2237 5102 2345 5157 Cur
2382 5102 2452 5156 ita
2494 5101 2741 5157 tandem?
2781 5101 3039 5170 Quoniam
3071 5117 3176 5157 non
3202 5118 3326 5173 per-

1739 5192 2002 5262 pendcbat
2029 5192 2265 5262 pecunia:
2291 5192 2527 5259 modum,
2552 5190 2646 5248 sed
2674 5191 2835 5246 animi
2860 5191 3090 5247 divitias.
3118 5191 3251 5247 Nam
3277 5195 3324 5249 si

1740 5285 1979 5355 pecuniae
2008 5284 2225 5338 modum
2251 5282 2523 5353 expendas
2541 5323 2557 5345 ,
2584 5296 2772 5352 magna
2810 5290 3092 5351 paupertas
3128 5289 3213 5338 est
3241 5283 3326 5338 :si

1740 5377 2061 5431 voluntatem
2087 5372 2684 5445 explices,‘inell‘abilem
2712 5373 2915 5429 videbis
2935 5373 3130 5430 excelsi
3159 5374 3324 5430 animi

1739 5470 2066 5525 thesaurum.
2092 5466 2321 5523 Proinde
2344 5468 2583 5537 quamvis
2612 5475 2806 5521 nostrae
2827 5467 3098 5522 facultates
3117 5467 3325 5538 exiguas

1735 5561 1842 5616 sint
1867 5559 2179 5629 minimique
2206 5559 2391 5628 pretii,
2421 5567 2653 5613 attamen
2683 5572 2802 5628 qua:
2830 5571 3113 5626 possumus
3138 5556 3323 5613 alicn-

1737 5669 1873 5707 mus.
1925 5653 1993 5706 Et
2039 5651 2165 5706 licet
2210 5666 2316 5705 non
2368 5650 2727 5720 respondeant
2768 5650 3116 5720 magnitudini
3160 5649 3327 5705 animi

1739 5743 1979 5813 praeclari
2023 5742 2258 5812 iustique
2303 5741 2636 5811 Pbilogonii,
2681 5749 2854 5795 tamen
2887 5740 3179 5811 bocipsum
3209 5756 3323 5796 man

1740 5834 2099 5910 guanimitatis
2121 5835 2263 5891 illius
2282 5832 2571 5890 maximum
2596 5833 2749 5890 fuerit
2773 5845 3163 5905 argumentum,
3181 5834 3322 5905 quod
