3918 6364
573 371 672 427 751

569 501 669 541 nec
698 482 886 556 pusilla
918 480 1162 551 repellat,
1186 479 1282 536 sed
1311 478 1449 533 idem
1479 478 1634 533 faciat
1661 476 1804 546 quod
1831 475 2010 531 solent
2029 475 2163 529 divi-

570 590 671 633 tes.
708 575 981 647 Siquidem
1018 574 1097 629 illi
1131 587 1252 628 cum
1279 570 1582 642 acceperint
1622 585 1654 625 a
1698 570 1943 625 tenuibus
1968 569 2159 639 exigua

572 669 761 741 quibus
801 683 907 722 non
947 672 1130 736 egent,
1158 679 1253 719 sua
1292 662 1525 718 vicissim
1565 670 1860 732 apponunt,
1908 675 2159 717 remune-

571 771 748 816 rantes
791 774 907 822 eos,
943 758 1031 827 qui
1069 755 1211 827 quod
1247 762 1494 825 poterant
1533 753 1866 810 obtulerint:
1898 751 2080 806 itidem
2108 758 2163 806 ct

568 851 657 907 hic
697 868 820 908 cum
862 851 1129 922 acceperit
1165 864 1196 903 a
1244 848 1398 904 nobis
1438 847 1669 913 laudem,
1691 861 1797 917 qua
1826 858 2160 915 nequaquam

566 956 705 1015 eget,
721 942 997 999 redonabit
1018 941 1172 997 nobis
1192 955 1286 1010 per
1304 940 1416 1011 ipsa
1440 939 1574 995 facta
1590 938 2037 1003 benedictionem,
2055 950 2161 1007 qua

567 1051 782 1105 semper
808 1034 1123 1104 indigemus.
1156 1032 1307 1088 Unde
1329 1032 1487 1103 igitur
1514 1030 1724 1086 laudem
1755 1029 1894 1084 illius
1918 1029 2163 1098 auspica-

570 1126 785 1180 bimur?
831 1126 914 1179 An
960 1139 989 1178 a
1037 1124 1370 1194 magistratu,
1396 1137 1554 1192 quem
1582 1120 1814 1188 Spiritus
1840 1120 1919 1174 illi
1946 1118 2163 1173 tradidit

565 1218 771 1288 gratia?
799 1216 931 1272 Nam
957 1216 1211 1271 mundani
1232 1216 1570 1286 magistratus
1586 1227 1919 1284 nequaquam
1936 1218 2163 1282 possunt

566 1310 773 1377 eorum,
822 1310 1017 1380 quibus
1059 1307 1249 1365 crediti
1293 1316 1454 1374 sunt,
1491 1306 1860 1362 demonstrare
1888 1305 2110 1359 virtutes
2143 1321 2159 1358 :

566 1401 695 1471 quin
725 1400 899 1470 potius
932 1397 1242 1470 frequenter
1271 1398 1467 1453 habent
1502 1399 1894 1452 accusationem
1923 1395 2160 1449 malitize.

567 1491 780 1557 Quare?
808 1490 1068 1557 Quoniam
1097 1498 1152 1544 et
1181 1489 1471 1558 patrocinia
1500 1489 1816 1554 amicorum,
1849 1495 1903 1542 et
1926 1487 2159 1540 circum-

576 1582 902 1636 :ursatioues
938 1589 993 1635 ct
1033 1581 1398 1643 adulationes,
1426 1579 1634 1648 aliaque
1662 1577 1920 1647 permulta
1957 1576 2040 1631 his
2067 1575 2166 1631 fte-

578 1670 722 1726 .liora
750 1671 879 1725 tales
905 1670 1245 1739 magistratus
1266 1668 1440 1723 solent
1459 1668 1744 1723 conciliare
1764 1685 1776 1720 :
1800 1676 2049 1722 caeterum
2075 1665 2166 1721 ubi

572 1768 713 1820 Deus
751 1778 851 1819 suo
892 1763 1145 1833 suffragio
1174 1764 1462 1834 designarit
1480 1762 1734 1831 aliquem,
1759 1761 1951 1829 illaque
1977 1774 2167 1814 manus

529 1864 813 1910 ~sanctum
843 1854 1124 1925 contigerit
1175 1862 1368 1924 caput,
1411 1854 1778 1924 incorruptum
1831 1850 2163 1922 sull‘mgium,

573 1946 807 2001 alienum
834 1961 865 1999 a
887 1944 1189 2014 suSpicione
1212 1944 1489 2013 judicium,
1522 1942 1815 1998 indubitata
1837 1940 1996 1996 fuerit
2015 1940 2167 1995 dele-

570 2035 642 2091 cti
665 2035 1029 2105 comprobatio
1052 2019 1271 2104 propter
1294 2034 1409 2103 ejus
1428 2033 1520 2102 qui
1548 2032 1745 2104 delegit
1770 2031 2163 2087 auctoritatem.

644 2125 982 2197 Philogonius
1000 2126 1303 2197 conjugatus
1324 2127 1494 2197 [orum
1513 2123 1816 2190 sectabatur,
1835 2133 2007 2193 postea
2031 2121 2078 2175 Ε
2080 2122 2134 2190 pi
2147 2153 2163 2165 -

567 2232 753 2287 scopas
778 2217 942 2288 factus
966 2224 1060 2269 est.
1082 2245 1154 2254 —
1180 2215 1347 2269 Porro
1375 2214 1518 2286 quod
1557 2213 1781 2284 elegerit
1807 2214 1956 2268 illum
1982 2212 2123 2267 Deus
2146 2252 2163 2279 ,

569 2309 656 2365 vel
680 2324 744 2363 ex
772 2308 884 2378 ipsa
913 2323 1123 2363 morum
1155 2308 1455 2374 integritate
1484 2306 1821 2377 perspicuum
1845 2314 1947 2369 est,
1969 2304 2165 2376 quippe

569 2388 727 2471 quem
749 2413 815 2453 ex
849 2397 1025 2452 medio
1053 2400 1332 2467 abreptum
1360 2397 1479 2452 foro
1503 2396 1569 2453 ad
1601 2395 1848 2452 thronum
1877 2396 2020 2450 hunc
2042 2410 2167 2450 cve-

568 2492 710 2547 xerit
735 2509 750 2546 :
779 2489 913 2546 adeo
936 2502 1139 2546 castam
1168 2500 1224 2546 et
1249 2490 1507 2560 insignem
1537 2492 1682 2560 prius
1708 2490 1814 2560 egit
1839 2489 2022 2556 vitam,
2041 2504 2163 2544 cum

568 2596 790 2635 uxorem
819 2579 1040 2636 haberet
1066 2594 1131 2635 ac
1159 2579 1320 2635 ﬁliam
1351 2588 1407 2636 et
1429 2579 1483 2635 in
1509 2579 1623 2634 loro
1649 2587 1952 2634 versaretur
1984 2596 1998 2633 :
2029 2577 2165 2634 adeo

567 2672 735 2727 solem
768 2672 939 2740 ipsum
968 2667 1255 2741 splendore
1290 2671 1414 2725 vicit
1436 2711 1452 2737 ,
1480 2678 1541 2725 ut
1583 2670 1824 2741 protinus
1853 2668 1956 2725 hoc
1994 2667 2166 2740 magi-

567 2772 738 2816 stratu
759 2761 950 2832 dignus
974 2761 1270 2828 videretur,
1299 2770 1355 2817 et
1376 2778 1408 2816 a
1426 2761 1749 2832 judiciorum
1780 2761 1797 2793 ί
1826 2760 2072 2816 tribunali
2098 2758 2166 2816 ad

567 2866 779 2907 sacrum
801 2853 1031 2908 tribunal
1047 2861 1264 2908 evectus
1282 2853 1372 2907 sit.
1397 2853 1475 2907 Ac
1497 2860 1607 2907 tum
1625 2850 1839 2922 quidem
1861 2850 2167 2907 hominibus

566 2944 1005 3018 patrocinabatur
1033 2944 1288 3000 adversus
1312 2945 1579 3013 homines,
1604 2945 1694 3016 qui
1722 2944 2000 3001 struebant
2028 2944 2162 3000 insi-

562 3042 700 3107 dias,
733 3052 827 3097 eos
852 3039 940 3109 qui
968 3038 1336 3095 afﬁciebantur
1360 3039 1572 3111 injuria,
1600 3040 1906 3111 superiores
1932 3039 2165 3095 reddens

562 3133 650 3201 iis,
678 3134 766 3204 qui
795 3130 1041 3201 iujuriam
1068 3129 1367 3188 inferebant
1393 3147 1407 3187 :
1432 3130 1521 3187 hic
1548 3140 1727 3187 autem
1751 3131 1906 3187 adest
1926 3130 2163 3187 homini-

562 3226 663 3281 bus
683 3224 1029 3297 patrocinans
1050 3223 1308 3281 adversus
1332 3225 1604 3281 dzemones
1626 3224 1958 3281 invadentes.
1981 3225 2164 3293 Quan-

564 3326 677 3372 tum
706 3327 882 3372 autem
910 3314 981 3373 sit
1009 3315 1220 3385 pietatis
1250 3326 1646 3385 argumentum,
1676 3315 1820 3386 quod
1848 3314 1988 3370 Deus
2015 3316 2164 3370 illum

563 3418 711 3463 tanto
732 3408 1040 3477 magistratu
1056 3406 1272 3479 dignum
1285 3406 1557 3477 judicarit,
1578 3407 1994 3479 audi,,Cbristus
2008 3407 2156 3463 exci-

565 3509 707 3554 tatus
731 3515 762 3554 a
784 3508 976 3566 morte,
1009 3497 1137 3569 quid
1159 3498 1289 3554 dicit
1310 3499 1504 3554 Petro?
1533 3499 1819 3569 Postquam
1844 3498 1988 3554 enim
2009 3498 2162 3554 illum

562 3593 965 3663 interrogasset,
985 3590 1159 3659 Petre,
1179 3607 1322 3646 amas
1343 3607 1422 3645 me
1437 3590 1620 3662 (Joan.
1637 3591 1729 3646 2i.
1750 3590 1878 3662 16)?
1895 3592 2045 3661 isque
2059 3605 2167 3647 res-

562 3683 862 3753 pondisset:
885 3681 982 3749 Tu,
996 3681 1336 3749 Domine,scis
1354 3681 1489 3753 quod
1503 3698 1619 3737 amo
1639 3690 1713 3737 te:
1732 3696 1839 3737 non
1855 3681 1989 3738 dixit
2002 3681 2162 3735 Chri-

562 3774 874 3844 stus,abjice
887 3775 1161 3844 pecunias,
1171 3773 1432 3845 jejunium
1444 3788 1660 3840 exerce,
1674 3788 1884 3829 macera
1905 3782 1957 3829 te
1969 3773 2158 3829 labori-

564 3866 689 3932 bus,
715 3874 953 3922 mortuos
977 3866 1171 3932 excita,
1194 3865 1467 3921 daemones
1480 3865 1634 3935 abige
1650 3906 1665 3932 ,
1685 3865 1815 3920 nihil
1831 3865 1914 3921 vel
1940 3864 2157 3932 horum,

562 3956 652 4011 vel
667 3956 891 4010 aliorum
908 3956 1284 4013 miraculorum
1303 3966 1554 4027 recteque
1575 3957 1834 4012 laetorum
1856 3957 1909 4012 in
1928 3956 2160 4012 medium

561 4047 803 4113 adduxit,
839 4046 933 4104 sed
961 4048 1210 4104 omnibus
1239 4048 1341 4104 illis
1371 4046 1749 4119 praetermissis
1777 4049 1907 4105 dicit
1944 4049 2019 4103 illi
2052 4065 2066 4102 :
2100 4047 2165 4104 Si

559 4140 734 4212 diligis
764 4156 873 4207 me,
904 4156 1054 4211 pasce
1091 4156 1205 4195 oves
1242 4156 1399 4194 meas.
1435 4139 1549 4196 Hoc
1587 4149 1767 4196 autem
1807 4139 2019 4195 dicebat
2053 4154 2160 4194 non

562 4233 736 4289 solum
750 4239 811 4286 ut
826 4231 982 4287 nobis
997 4231 1297 4288 certissime
1313 4230 1632 4299 declararet,
1646 4239 1977 4303 quantopere
1989 4230 2163 4301 ipsum

561 4323 808 4394 diligeret
831 4323 1021 4378 Petrus
1044 4339 1059 4376 :
1088 4338 1275 4378 verum
1295 4324 1458 4379 etiam
1476 4332 1537 4378 ut
1563 4339 1719 4380 suum
1733 4338 1857 4394 erga
1881 4336 2006 4378 suas
2030 4335 2161 4377 oves

562 4429 801 4471 amorem
830 4413 1175 4481 ostenderet,
1208 4415 1501 4470 maximum
1529 4415 1838 4484 exemplum
1883 4413 2159 4486 proposuit

563 4508 711 4563 Petri
736 4523 860 4578 erga
883 4507 1057 4578 ipsum
1083 4509 1300 4573 amoris,
1331 4517 1534 4564 tantum
1560 4522 1667 4563 non
1691 4508 1877 4565 dicens
1908 4528 1923 4565 ε
1953 4509 2055 4577 Qui
2074 4505 2160 4565 di-

562 4600 681 4671 ligit
706 4613 835 4655 oves
873 4614 1021 4655 meas
1041 4640 1058 4664 ,
1088 4615 1176 4656 me
1215 4599 1406 4670 diligit.
1437 4599 1573 4657 Vide
1614 4600 1775 4671 igitur
1802 4617 1961 4673 quam
1992 4604 2159 4661 multa

563 4699 784 4761 propter
812 4689 957 4746 hunc
985 4705 1203 4761 gregem
1252 4706 1439 4761 passus
1477 4692 1548 4746 sit
1584 4690 1847 4748 Christus.
1874 4693 2048 4751 Homo
2081 4695 2160 4751 ia-

563 4790 687 4837 ctus
705 4790 808 4848 est,
827 4782 968 4837 servi
992 4782 1219 4837 formam
1243 4783 1552 4854 assumpsit,
1565 4792 1855 4854 consputus
1865 4793 1968 4851 est,
1990 4786 2160 4857 alapis

562 4889 736 4937 cresus
761 4883 877 4943 est,
918 4883 1190 4946 postremo
1234 4892 1304 4932 ne
1345 4886 1573 4933 mortem
1602 4877 1814 4947 quidem
1854 4881 2155 4948 recusavit,

562 4981 789 5037 eamque
809 4965 1398 5037 ignominiosissimam;
1431 4966 1693 5040 siquidem
1721 4967 1774 5023 in
1798 4984 1958 5025 cruce
1981 4971 2156 5041 ipsum

561 5057 721 5112 etiam
752 5056 1065 5127 sanguinem
1112 5056 1317 5113 effudit.
1349 5057 1533 5129 itaque
1571 5058 1619 5114 si
1662 5060 1781 5129 quis
1807 5060 2039 5118 voluerit
2078 5062 2158 5117 illi

561 5147 966 5202 commendatus
994 5161 1137 5215 esse,
1164 5162 1347 5204 curam
1372 5148 1566 5204 habeat
1587 5150 1767 5205 ovium
1799 5151 1959 5215 illius.
1985 5153 2158 5222 publi-

560 5253 679 5293 cam
711 5247 916 5309 qumrat
958 5240 1241 5296 utilitatem
1265 5283 1280 5307 ,
1312 5240 1536 5297 [ratrum
1579 5257 1798 5299 suorum
1837 5245 1993 5301 saluti
2032 5261 2157 5315 pro-

559 5329 752 5397 spiciat
778 5345 792 5381 :
822 5330 1025 5385 nullum
1069 5331 1215 5386 enim
1257 5330 1491 5388 ofﬁcium
1531 5333 1634 5389 hoc
1675 5335 1786 5389 Deo
1815 5336 1991 5391 carius
2032 5346 2155 5392 est:

562 5417 686 5473 ideo
711 5419 839 5478 alibi
875 5420 1005 5475 dicit
1033 5438 1049 5477 :
1080 5420 1262 5476 Simon
1284 5462 1301 5489 ,
1331 5422 1543 5492 Simon,
1573 5427 1806 5497 expetivit
1832 5426 2076 5493 Satanas,
2104 5439 2160 5483 ut

561 5510 802 5564 cribraret
828 5520 874 5563 te
898 5520 1155 5583 tamquam
1175 5514 1396 5568 triticum
1419 5554 1436 5581 ,
1465 5516 1553 5570 sed
1577 5533 1668 5588 ego
1695 5518 1870 5590 rogavi
1893 5535 1986 5587 pro
2013 5529 2079 5585 te,
2102 5527 2161 5575 ut

563 5614 665 5661 non
692 5601 894 5669 deﬁciat
920 5603 1047 5671 fides
1072 5612 1162 5659 tua
1210 5602 1374 5676 (Luc.
1415 5607 1506 5660 22.
1541 5609 1629 5663 3i.
1662 5607 1795 5682 52).
1823 5610 1973 5678 Quod
2002 5611 2161 5681 igitur

570 5688 731 5761 hujus
747 5692 1123 5751 sollicitudinis
1146 5710 1395 5767 curaeque
1416 5702 1692 5768 praemium
1720 5703 1850 5761 mihi
1871 5704 2162 5775 rependis?

639 5802 657 5836 ι
692 5807 744 5853 In
769 5800 1016 5869 plerisque
1032 5815 1140 5860 Mss.
1163 5809 1660 5874 dcest,judiciortan.

1309 364 1367 420 S.
1408 361 1688 420 JOANNIS
1713 358 2161 418 CHRYSOSTOM

2268 360 2551 418 .llClllEP.
2590 365 3139 423 CONSTANTINOP.

3719 376 3815 437 75%

2265 475 2372 532 Sed
2394 492 2550 545 quam
2574 479 2740 547 poscit
2759 482 3020 551 gratiam?
3039 482 3288 539 Eamdem
3310 498 3503 551 curaui,
3520 503 3663 555 quam
3678 491 3811 550 nobis

2266 566 2523 638 impendit
2554 572 2805 639 reposcit.
2836 571 2967 627 Nam
2999 582 3045 628 et
3081 581 3169 639 tu,
3203 574 3406 645 inquit,
3433 578 3686 649 aliquando
3707 599 3810 636 con-

2265 671 2437 711 versus
2460 700 2476 726 ,
2503 660 2751 728 conﬁrma
2787 664 2971 732 fratres
3000 672 3134 718 (nos.
3166 664 3256 719 Sic
3279 675 3334 719 et
3357 665 3544 722 Paulus
3568 669 3635 722 ait
3660 687 3671 723 :
3698 670 3807 726 lmi-

2265 756 2451 803 tatores
2477 751 2572 804 mei
2617 759 2770 805 estote
2797 753 2927 806 sicut
2957 763 3004 807 et
3040 770 3133 825 ego
3161 753 3344 809 Christi
3371 758 3461 825 (1.
3489 756 3601 814 Cor.
3626 760 3674 815 4.
3705 761 3803 831 16).

2264 839 2544 907 Quomodo
2578 840 2751 898 factus
2789 858 2851 898 es
2887 841 3084 900 Christi
3131 847 3400 903 imitator?
3436 848 3678 906 Omnibus
3731 869 3807 921 per

2264 933 2442 987 omnia
2460 934 2698 1004 placens,
2713 951 2817 990 non
2839 952 3086 1006 quaerens
3103 953 3277 994 meam
3295 941 3584 1005 utilitatem,
3599 944 3685 999 sed
3700 947 3809 998 mul-

2267 1035 2463 1091 torum,
2488 1033 2545 1079 ut
2564 1026 2696 1080 salvi
2718 1025 2929 1083 ﬁerent.
2952 1027 3159 1084 Rursus
3184 1029 3291 1084 alio
3317 1031 3434 1085 loco
3456 1032 3615 1088 dicit:
3639 1032 3807 1089 Etenim

2267 1113 2497 1169 Christus
2518 1132 2619 1169 non
2638 1116 2733 1170 sibi
2753 1118 2853 1187 ipsi
2879 1119 3092 1188 placuit,
3115 1120 3202 1175 sed
3228 1123 3395 1176 multis
3420 1123 3597 1195 (llam.
3624 1125 3698 1178 l5.
3717 1128 3805 1198 5):

2266 1224 2442 1279 neque
2469 1224 2689 1279 prorsus
2719 1210 2820 1265 alia
2850 1226 2939 1267 res
2968 1221 3070 1279 est,
3101 1229 3221 1283 qua:
3248 1216 3465 1282 perinde
3495 1216 3710 1271 declaret
3729 1220 3810 1272 tlu.

2266 1310 2515 1369 ceatque,
2547 1301 2667 1372 quis
2693 1302 2764 1357 sit
2788 1302 2958 1358 ﬁdelis
2980 1313 3035 1358 et
3057 1319 3245 1359 amans
3262 1304 3477 1371 Christi,
3500 1323 3646 1376 quam
3669 1311 3705 1363 si
3726 1310 3809 1363 fra-

2268 1400 2408 1446 trum
2438 1408 2620 1447 curam
2648 1403 2790 1463 agat,
2824 1395 3144 1465 illorumque
3169 1396 3325 1450 saluti
3356 1399 3647 1468 prOSpieiat.

2340 1485 2394 1539 5.
2436 1484 2561 1540 llaec
2589 1487 2808 1541 audiant
2837 1496 2892 1542 et
2931 1489 3177 1543 monachi
3217 1504 3404 1544 omnes
3426 1532 3441 1557 ,
3468 1491 3555 1562 qui
3590 1491 3813 1547 montium

2267 1584 2601 1644 occuparunt
2625 1578 2902 1633 cacumina
2919 1619 2934 1643 ,
2962 1580 3157 1649 quique
3185 1580 3358 1636 modis
3383 1583 3618 1638 omnibus
3640 1584 3811 1652 seipsos

2268 1665 2466 1720 mundo
2507 1666 2918 1735 cruciﬁxerunt;
2971 1686 3077 1741 quo
3113 1686 3212 1741 pro
3251 1672 3453 1729 viribus
3498 1674 3813 1729 Ecclesiarutn

2268 1757 2547 1828 prmfcctos
2575 1759 2831 1828 adjuvcut
2848 1803 2863 1829 ,
2896 1772 2953 1817 et
2978 1763 3199 1820 incitent
3223 1766 3504 1834 precibus,
3531 1766 3776 1822 couwrdia
3794 1808 3807 1831 ,

2272 1850 2520 1917 Caritate,
2545 1852 2776 1907 scientes
2801 1853 2943 1923 quod
2973 1855 3024 1909 ni
3054 1854 3226 1910 modis
3264 1856 3509 1913 omnibus
3531 1858 3815 1927 opitulentur

2266 1941 2355 2008 iis,
2378 1942 2469 2011 qui
2501 1951 2579 1997 tot
2615 1943 2864 2012 periculis
2890 1945 3214 2012 objiciuntur
3241 1962 3339 2018 per
3366 1949 3579 2019 gratiam
3604 1948 3705 2015 Dei,
3726 1958 3805 2002 tot-

2267 2048 2371 2104 que
2408 2034 2740 2103 negotiorum
2770 2049 2927 2091 curas
2954 2037 3225 2092 sustinent
3244 2080 3260 2104 ,
3292 2039 3692 2109 quibuscumque
3714 2054 3812 2109 pos-

2268 2135 2393 2179 sunt
2434 2126 2728 2182 rationibus
2762 2127 3115 2195 auxilientur,
3145 2145 3468 2202 quamquam
3496 2131 3664 2201 procul
3686 2130 3811 2185 habi-

2269 2227 2464 2285 tantes,
2490 2228 2543 2275 et
2575 2229 2739 2289 caput
2766 2218 2899 2289 ipsis
2936 2221 3152 2291 peribit,
3195 2230 3252 2278 et
3299 2232 3409 2279 tota
3444 2223 3720 2279 destruetur
3745 2236 3815 2275 sa-

2268 2310 2490 2379 pientia.
2534 2308 2737 2365 Verum
2789 2311 2892 2367 hoc
2934 2326 3057 2368 esse
3098 2313 3393 2369 maximum
3442 2313 3671 2371 amicitia:
3709 2326 3815 2382 erga

2267 2402 2538 2460 Christum
2568 2413 2941 2474 argumentum
2965 2404 3094 2461 hinc
3111 2406 3417 2464 declaratur
3439 2425 3453 2462 :
3474 2406 3719 2462 videamus
3738 2419 3815 2458 au-

2268 2511 2378 2559 tem
2435 2504 2705 2574 quomodo
2764 2520 2959 2561 munus
3018 2504 3122 2561 hoc
3181 2505 3420 2576 episc0pi
3460 2501 3810 2559 administrarit.

2268 2595 2405 2664 Quin
2428 2597 2604 2667 potius
2624 2613 2731 2663 pou
2755 2605 2839 2653 est
2864 2611 3001 2666 opus
3026 2596 3115 2653 hic
3146 2598 3390 2666 pluribus
3417 2597 3588 2652 verbis
3609 2604 3691 2649 aut
3708 2607 3815 2648 voce

2267 2694 2448 2741 nostra
2468 2728 2484 2754 ,
2515 2687 2726 2757 quando
2750 2697 2988 2744 vestrum
3017 2688 3253 2745 studium
3302 2690 3403 2745 hoc
3442 2689 3575 2744 ultro
3598 2685 3811 2743 declarat.

2271 2777 2421 2833 Sicut
2440 2778 2584 2833 enim
2604 2779 2797 2849 aliquis
2826 2780 3100 2850 ingressus
3119 2780 3355 2847 vineam,
3380 2782 3608 2850 vitesque
3625 2787 3814 2833 contem-

2269 2868 2445 2937 platus
2468 2869 2733 2939 pampinis
2747 2880 3043 2937 comantes,
3068 2871 3240 2926 fructu
3265 2882 3507 2939 onustas,
3529 2868 3747 2925 maceriis
3764 2880 3813 2919 ac

2267 2961 2435 3030 septis
2451 2961 2684 3032 undique
2696 2964 2948 3031 munitas,
2962 2963 3375 3036 haudquaquam
3391 2961 3814 3021 desideratoratio-

2268 3068 2394 3109 nem
2420 3054 2867 3126 cujusquam,qui
2896 3054 3227 3113 demonstret
3264 3057 3502 3113 vinitoris
3529 3054 3814 3116 industriam,

2269 3153 2326 3202 et
2343 3147 2594 3218 agricola:
2617 3148 2870 3204 virtutem
2904 3166 2919 3203 :
2949 3148 3132 3204 itidem
3156 3158 3212 3204 et
3240 3149 3356 3216 hic,
3387 3151 3433 3205 si
3460 3150 3573 3220 quis
3592 3149 3815 3218 ingressus

2267 3239 2560 3309 conspiciat
2586 3240 2721 3295 vites
2747 3240 3071 3311 spirituales,
3099 3250 3454 3314 vestrumque
3481 3242 3689 3298 fructum
3710 3254 3813 3294 con-

2270 3335 2582 3405 templetur,
2612 3337 2688 3392 nil
2716 3352 2852 3407 opus
2881 3336 3168 3404 habuerit,
3205 3346 3269 3392 ut
3309 3354 3379 3393 ex
3411 3336 3700 3407 cujusquam
3721 3346 3815 3386 on-

2270 3426 2414 3482 tione
2447 3426 2639 3493 discat,
2685 3429 2858 3499 qualis
2901 3428 2974 3482 sit
3011 3438 3195 3484 vester
3232 3430 3569 3500 praepositus.
3610 3425 3739 3481 Sicut
3771 3429 3816 3476 et

2266 3517 2466 3574 Paulus
2488 3519 2676 3575 scribit
2706 3536 2719 3573 :
2758 3517 2989 3589 Epistola
3031 3535 3143 3575 mea
3177 3534 3268 3575 vos
3303 3521 3452 3587 estis,
3482 3534 3591 3589 qua:
3614 3514 3817 3583 inscripta

2267 3619 2360 3678 est,
2387 3621 2436 3665 et
2464 3612 2646 3683 legitur
2673 3611 2761 3684 (2.
2787 3611 2906 3667 Cor.
2932 3613 2988 3669 5.
3015 3610 3107 3685 ‘2).
3136 3613 3363 3669 Fluvius
3395 3613 3565 3684 arguit
3593 3608 3741 3680 qualis
3759 3603 3816 3659 sit

2270 3701 2423 3770 fons,
2450 3713 2508 3758 et
2536 3703 2744 3759 fructus
2786 3703 2988 3759 indicat
3031 3704 3207 3775 qualis
3248 3707 3322 3760 sit
3364 3704 3536 3760 radix.
3567 3696 3815 3757 Dicendum

2268 3795 2429 3868 igitur
2448 3804 2565 3853 erat
2590 3804 2646 3852 et
2666 3805 2877 3868 tempus
2902 3812 3011 3867 quo
3036 3797 3397 3868 principatum
3420 3798 3558 3852 hunc
3578 3788 3812 3860 suscepit:

2268 3905 2445 3960 neque
2486 3889 2630 3945 enim
2668 3888 2784 3944 haec
2821 3888 3042 3945 minima
3092 3904 3216 3959 pars
3260 3889 3490 3945 encomii
3531 3885 3705 3947 fuerit,
3739 3875 3815 3933 sed

2268 3980 2447 4051 magni
2493 3979 2750 4036 momenti
2795 3979 2864 4035 ad
2905 3979 3286 4036 declarandam
3332 3978 3560 4036 hominis
3586 3976 3812 4030 virtutem.

2268 4070 2375 4127 Res
2409 4081 2519 4127 tum
2548 4080 2666 4126 erat
2701 4072 2885 4127 multa}
2913 4071 3241 4127 difﬁcultatis
3269 4088 3392 4127 eum
3421 4085 3584 4141 nuper
3607 4072 3730 4122 esset
3748 4075 3815 4116 se-

2266 4161 2390 4217 data
2420 4163 2764 4232 persequutio
2787 4202 2803 4228 ,
2835 4163 3174 4219 manentibus
3214 4166 3507 4219 etiamnum
3532 4156 3814 4233 gravissima!

2266 4255 2599 4324 tempestatis
2628 4254 2769 4311 illius
2796 4256 3055 4327 reliquiis,
3080 4271 3313 4328 cumque
3349 4256 3555 4328 negotia
3578 4250 3814 4323 plurimam

2265 4346 2635 4404 desiderarent
2656 4348 3069 4404 correctionem.
3115 4348 3210 4405 His
3249 4351 3471 4420 insuper
3501 4345 3624 4403 illud
3654 4342 3814 4412 adjun-

2263 4437 2498 4509 gendum
2524 4446 2643 4494 erat
2663 4479 2679 4504 ,
2713 4438 2857 4510 quod
2884 4439 3262 4496 haereticorum
3293 4440 3454 4497 factio
3480 4438 3576 4495 sub
3601 4436 3684 4491 illo
3715 4437 3811 4486 nata

2267 4532 2538 4601 negotium
2554 4531 2815 4600 exhibuit,
2832 4533 2974 4605 illius
2993 4534 3252 4603 sapientia
3270 4543 3461 4590 cuneta
3479 4526 3808 4604 prospiciente.

2266 4621 2464 4678 Verum
2490 4622 2560 4678 ad
2584 4623 2741 4678 aliam
2770 4625 3130 4681 necessariam
3156 4626 3434 4681 materiam
3464 4622 3610 4679 nobis
3637 4616 3815 4675 festinal

2265 4713 2460 4781 oratio,
2490 4730 2664 4786 eoque
2690 4716 2961 4771 communi
2988 4716 3149 4786 patri,
3172 4716 3424 4787 beatique
3448 4707 3722 4783 Philogonii
3740 4719 3812 4761 se-

2265 4808 2457 4863 ctatori
2478 4807 2594 4863 hzec
2615 4807 2843 4864 dicenda
2869 4808 3254 4879 relinquentes,
3287 4818 3346 4864 ut
3373 4808 3466 4879 qui
3492 4806 3670 4862 melius
3687 4796 3814 4855 nobis

2264 4907 2446 4955 teneat
2480 4898 2737 4971 quidquid
2774 4907 2860 4956 est
2897 4900 3272 4970 antiquitatum
3296 4940 3313 4965 ,
3340 4900 3409 4956 ad
3443 4899 3595 4954 aliam
3629 4888 3810 4949 concio-

2266 4990 2429 5046 nan‘di
2473 4993 2734 5048 rationem
2780 5001 3139 5049 transeamus.
3194 4993 3415 5064 Appetit
3457 4989 3598 5046 enim
3645 4984 3809 5041 feswln

2263 5082 2502 5137 omnium
2532 5082 2790 5137 festorum
2834 5083 3067 5138 maxime
3094 5082 3459 5140 venerandum
3487 5071 3809 5135 tremendum-

2262 5188 2368 5245 que
2399 5192 2415 5230 :
2441 5174 2587 5245 quod
2615 5177 2661 5229 si
2691 5174 2810 5245 quis
2836 5174 3335 5245 appellet'omnium
3366 5173 3616 5231 festorum
3646 5172 3813 5221 metro-

2263 5268 2426 5336 polim
2448 5307 2464 5333 ,
2494 5266 2902 5337 haudquaquam
2931 5267 3165 5324 aberret.
3194 5267 3352 5336 Quod
3392 5273 3569 5321 autem
3596 5260 3691 5314 hoc
3710 5247 3812 5309 est?

2260 5357 2461 5413 Christi
2490 5358 2544 5413 in
2569 5373 2731 5414 carne
2754 5358 2975 5413 Natalis.

2332 5450 2413 5506 De
2440 5454 2572 5522 festo
2601 5449 2899 5507 Nativitatis
2924 5461 2971 5507 et
2997 5451 3305 5523 Epiphanice
3327 5448 3530 5506 Christi.
3550 5440 3709 5498 -—Ab
3728 5437 3813 5492 hoc

2262 5542 2404 5597 enim
2423 5542 2616 5598 festum
2637 5542 3083 5613 Epiphaniorum,
3101 5558 3166 5600 ac
3185 5558 3400 5599 sacrum
3420 5539 3634 5604 Pascha,
3650 5535 3814 5590 Ascen-

2261 5634 2365 5700 sio,
2397 5643 2453 5688 et
2481 5634 2798 5690 Pentecoste
2824 5635 3086 5706 originem
3113 5651 3179 5693 ac
3204 5634 3599 5691 fundamentum
3622 5627 3812 5683 ducimi-

2262 5724 2377 5779 Nisi
2396 5725 2540 5780 enim
2567 5724 2860 5780 secundum
2887 5741 3107 5782 carnem
3132 5736 3291 5782 natus
3308 5734 3454 5781 esset
3471 5720 3714 5781 Christus,
3731 5724 3813 5765 ἰε’

2265 5831 2529 5888 quaquam
2560 5815 2858 5887 baptizatus
2884 5825 2987 5887 est,
3022 5833 3145 5875 nam
3183 5817 3234 5876 id
3264 5813 3459 5875 festum
3483 5801 3813 5885 Theophani?
