3918 6364
578 335 683 390 ’155

579 453 648 506 ἂν
670 452 732 506 τὺ
758 451 978 522 Πνεῦμα
1006 451 1375 520 κατέπεμψεν,
1398 453 1536 522 ὅπερ
1559 453 1706 506 ἐστὶν
1727 455 1759 524 ἡ
1785 453 2156 524 Πεντηκοστή.

577 534 744 589 Ὠστε
793 535 1060 599 ἐντεῦθεν,
1103 534 1292 606 ῶσπερ
1338 536 1446 588 ἀπό
1486 553 1629 599 τινος
1677 538 1883 608 πηγῆς,
1931 536 2166 606 ποταμοὶ

579 621 821 690 διάφοροι
841 621 1080 688 ῥυέντες,
1102 613 1263 672 αὗται
1299 619 1596 689 ἐτέχθησαν
1632 623 1762 691 ἡμῖν
1787 623 1841 673 αἱ
1865 620 2069 690 ἑορταί.
2092 619 2167 671 Οὐ

579 701 720 757 κατά
745 703 903 756 τοῦτο
945 703 1002 755 δὲ
1031 703 1191 772 μόνον
1214 702 1398 756 δικαία
1422 704 1627 774 ταύτης
1659 707 1724 757 ἂν
1764 704 1850 774 εἴη
1889 704 1988 774 τῆς
2033 719 2169 773 προ-

577 785 765 857 εδρίας
784 785 1116 838 ιάπολαύειν
1139 787 1173 856 ἠ
1195 785 1399 855 ἡμέρα,
1413 787 1527 839 ἀλλ’
1543 788 1626 840 ὅτι
1648 788 1742 840 καὶ
1763 787 1823 840 τὸ
1843 789 1898 840 ἐν
1918 787 2055 857 αὐτῇ
2076 801 2170 854 γε·

579 869 806 940 νόμενον
819 869 928 922 τῶν
947 868 1121 923 ἄλλων
1144 869 1402 923 ἀπάντων
1424 869 1560 923 πολὺ
1579 869 1914 941 φρικωδέστε
1924 871 2014 941 ρόν
2031 873 2166 923 ἐστι.

580 952 624 1004 Τ
627 952 656 1004 ὸ
684 952 782 1022 μὲν
809 950 918 1023 γὰρ
941 951 1232 1023 ἄνθρωπον
1260 951 1554 1023 γενόμενον
1583 953 1675 1007 τὸν
1705 953 1940 1024 Χριστὸν
1960 953 2171 1007 ἀποθα-

581 1037 715 1101 νεῖν,
737 1036 836 1105 τῆς
860 1035 1181 1098 ἀκολουθίας
1216 1035 1403 1089 λοιπὸν
1425 1030 1494 1106 ἦν
1510 1051 1525 1067 ο
1565 1036 1614 1088 εί
1638 1036 1747 1108 γὰρ
1770 1037 1867 1089 καὶ
1897 1036 2173 1108 ἁμαρτίαν

580 1121 682 1173 οὐκ
703 1119 978 1190 ἐποίησεν,
999 1119 1135 1172 ἀλλά
1161 1118 1354 1190 θνητδν
1383 1119 1545 1191 σῶμα
1573 1118 1807 1174 ἀνέλαϐε
1827 1138 1842 1151 ·
1868 1122 1962 1173 καὶ
1982 1116 2050 1190 ἦν
2075 1121 2175 1191 μὲν

581 1202 860 1258 καὶτοῦτο
889 1202 1202 1274 θαυμαστόν
1221 1221 1234 1234 ·
1267 1202 1330 1255 τὸ
1359 1203 1415 1254 δέ
1446 1202 1582 1257 Θεὸν
1606 1203 1755 1268 ὄντα,
1780 1203 2066 1276 ἄνθρωπον
2085 1204 2176 1257 θε-

581 1286 744 1354 λῆσαι
777 1285 1030 1353 γενέσθαι
1059 1286 1154 1338 καὶ
1184 1285 1517 1354 ἀνασχέσθαι
1555 1285 1860 1356 καταϐῆναι
1892 1284 2172 1352 τοσοῦτον,

581 1369 707 1422 ὅσον
729 1369 850 1421 οὐδὲ
867 1369 1077 1422 διάνοια
1093 1367 1348 1432 δέξασθαι
1371 1367 1616 1432 δύναται,
1640 1370 1801 1422 τοῦτό
1827 1371 1944 1422 ἐστι
1966 1369 2030 1422 τὸ
2051 1387 2175 1439 φρι-

583 1451 925 1506 κωδέστατον
959 1453 1054 1505 καὶ
1083 1450 1398 1522 ἐκπλήξεως
1424 1452 1614 1523 γέμον.
1655 1454 1719 1506 Ὃ
1751 1452 1816 1523 δὴ
1846 1454 1941 1506 καὶ
1964 1452 2176 1516 Παῦλος

583 1535 882 1606 θαυμάζων
905 1535 1090 1604 ἔλεγεν
1105 1552 1117 1564 ·
1140 1535 1246 1590 Καὶ
1266 1535 1758 1604 ὁμολογουμένως
1777 1535 1932 1604 μέγα
1954 1537 2084 1590 ἐστὶ
2108 1537 2177 1590 τὸ

583 1617 699 1688 τῆς
727 1621 1042 1682 εὐσεϐείας
1066 1617 1428 1686 μυστήριον.
1460 1619 1617 1670 Ποῖον
1644 1619 1817 1688 μέγα;
1847 1622 1994 1686 Θεὸς
2027 1619 2174 1689 ἐφα-

583 1702 810 1770 νερώίω
838 1703 908 1755 ἐν
944 1701 1144 1770 σαρκί.
1177 1702 1286 1754 Καὶ
1315 1701 1477 1754 πάλιν
1507 1700 1744 1772 ἀλλαχοῦ
1767 1719 1780 1732 ο
1814 1704 1898 1756 Οὐ
1931 1704 2038 1772 γὰρ
2073 1704 2178 1773 dr-

583 1785 779 1855 τέλων
816 1782 1280 1854 ἐπιλαμϐάνεται
1332 1787 1365 1837 ό
1410 1782 1576 1850 Θεὸς,
1627 1783 1790 1838 ἀλλὰ
1831 1784 2178 1854 σπέρματος

595 1867 849 1936 Ἀϐραὰμ
871 1867 1338 1938 ἐπιλαμϐάνεται
1358 1881 1376 1899 ο
1405 1866 1544 1920 ὅθεν
1571 1867 1789 1936 ὤφειλε
1816 1869 1967 1922 κατὰ
1983 1869 2180 1923 πάντα

584 1951 730 2017 τοῖς
751 1950 1038 2020 ἀδελφοῖς
1063 1949 1443 2019 ὁμοιωθῆναι.
1480 1951 1580 2003 Διά
1609 1951 1768 2004 τοῦτο
1802 1951 2042 2021 μάλιστα
2073 1952 2176 2006 ἀσ-

586 2035 835 2105 πάζομαι
858 2034 958 2105 τὴν
983 2033 1198 2104 ἡμέραν
1223 2033 1430 2102 ταύτην
1456 2034 1552 2086 καὶ
1576 2033 1737 2102 φιλῶ,
1766 2035 1860 2087 καὶ
1887 2035 1981 2087 τὸν
1997 2035 2176 2106 ἔρωτα

587 2119 669 2180 εἰς
700 2117 864 2188 μέσον
894 2115 1216 2187 προτίθημι,
1247 2116 1334 2170 ἴνα
1366 2117 1656 2180 κοινωνοὺς
1685 2117 1830 2188 ὑμᾶς
1853 2119 2063 2189 ποιήσω
2083 2117 2176 2172 τοῦ

588 2201 848 2272 φίλτρουο
879 2201 967 2254 διὰ
996 2199 1156 2253 τοῦτο
1199 2199 1392 2270 δέομαι
1438 2199 1660 2253 πάντων
1711 2199 1866 2271 ὑμῶν
1905 2202 2003 2256 καὶ¹
2031 2203 2182 2256 ἀντι-

589 2284 733 2338 ϐολῶ
781 2283 918 2356 μετά
949 2282 1128 2352 πάσης
1164 2283 1401 2353 σπουδῆς
1441 2283 1538 2336 καὶ
1575 2283 1887 2354 προθυμίας
1931 2301 2180 2356 παραγε-

590 2367 808 2426 νέσθαι.
839 2367 940 2438 τὴν
971 2365 1150 2420 οίκίαν
1185 2365 1416 2419 ἕκαστον
1449 2366 1763 2420 κενώσαντα
1811 2369 1912 2438 τὴν
1958 2367 2179 2433 ἐαυτοῦ,

592 2452 682 2506 ἵνα
718 2452 917 2520 ἴδωμεν
952 2450 1044 2504 τὸν
1075 2449 1352 2519 Δεσπότην
1379 2452 1412 2520 ἠ
1423 2449 1540 2520 μῶν
1571 2451 1664 2503 ἐπὶ
1692 2451 1791 2522 τῆς
1825 2451 2032 2523 φάτνης
2068 2451 2183 2505 κεί-

594 2553 779 2606 μενον,
815 2533 1332 2604 ἐσπαργανωμένον,
1367 2533 1432 2585 τὸ
1473 2533 1703 2603 φρικτὸν
1734 2535 1912 2587 ἐκεῖνο
1946 2535 2042 2589 καὶ
2075 2553 2183 2588 πα-

595 2617 814 2688 ράδοξον
837 2616 1034 2687 θέαμα.
1059 2616 1195 2668 Ποία
1215 2615 1324 2686 γάρ
1347 2617 1479 2687 ἡμῖν
1497 2615 1652 2688 [498]
1677 2617 1964 2686 ἀπολογία,
1985 2619 2114 2672 ποία
2126 2619 2184 2672 δὲ

595 2699 918 2770 συγγνώμη,
951 2701 1080 2752 ὅταν
1109 2699 1274 2761 αὐτὸς
1305 2699 1406 2768 μὲν
1435 2701 1500 2753 ἐκ
1523 2700 1633 2752 τῶν
1665 2701 1915 2770 οὐρανῶν
1936 2701 2003 2754 δι’
2037 2703 2187 2772 ἡμᾶς

593 2781 920 2854 καταϐαίνῃ,
960 2783 1121 2854 ἡμεῖς
1153 2782 1211 2835 δέ
1243 2781 1380 2852 μηδέ
1417 2784 1484 2835 ἐκ
1516 2782 1615 2854 τῆς
1645 2783 1823 2847 οἰκίας
1855 2784 1994 2854 πρὸς
2023 2785 2186 2839 αὑτὸν

594 2866 917 2938 ἐρχώμεθα;
951 2866 1079 2918 ὅταν
1116 2866 1282 2934 μάγοι
1317 2866 1438 2935 μὲν,
1475 2866 1753 2938 ἄνθρωποι
1790 2867 2058 2939 βάρϐαροι
2092 2869 2188 2922 καὶ

594 2949 908 3019 ἀλλόφυλοι,
953 2951 1018 3002 ἐκ
1059 2949 1320 3020 Περσίδος
1364 2951 1654 3020 τρέχωσιν,
1691 2949 1835 3003 ὥστε
1866 2951 2028 3005 αὑτὸν
2061 2951 2188 3005 ἰδεῖν

594 3033 688 3086 ἐπὶ
716 3033 816 3102 τῆς
863 3032 1071 3102 φάτνης
1113 3030 1366 3102 κείμενον
1388 3050 1401 3062 ο
1437 3033 1501 3085 σὺ
1534 3033 1592 3085 δέ
1617 3035 1646 3086 ὁ
1685 3034 2011 3105 Χριστιανὸς
2052 3036 2188 3106 μηδέ

597 3117 796 3187 μικρὸν
820 3115 1101 3187 διάστημα
1129 3115 1410 3186 ύπομένης
1429 3157 1443 3180 ,
1468 3115 1612 3169 ὥστε
1631 3118 1730 3188 τῆς
1757 3118 2036 3190 μακαρίας
2059 3121 2191 3174 ταύ-

594 3217 696 3271 της
723 3199 1032 3253 ἀπολαῦσαι
1065 3198 1334 3270 θεωρίας;
1368 3201 1478 3252 Kal
1514 3200 1646 3271 γάρ,
1683 3200 1750 3255 ἂν
1781 3202 1922 3272 μετά
1951 3202 2190 3268 πίστεως

595 3281 1059 3354 παραγενώμεθα.
1090 3282 1312 3346 πάντως
1333 3283 1496 3336 αὑτὸν
1523 3283 1768 3354 ὀψόμεθα
1801 3284 1893 3337 ἐπὶ
1933 3284 2035 3354 τῆς
2078 3287 2189 3354 φά·-

597 3383 730 3437 τνης
751 3367 1076 3438 κείμενον’ὴ
1107 3365 1216 3438 γάρ
1242 3365 1490 3438 τράπεζα
1519 3366 1660 3438 αῦτη
1686 3366 1841 3432 τάξιν
1861 3367 1964 3440 τῆς
1984 3369 2192 3440 φάτνης

594 3449 820 3521 πληροῖ.

668 3596 782 3650 Kal
822 3595 932 3668 γὰρ
961 3596 1058 3649 καὶ
1085 3593 1322 3649 ἐνταῦθα
1353 3595 1596 3650 κείσεται
1628 3597 1690 3650 τὸ
1721 3597 1881 3667 σῶμα
1905 3599 1969 3653 τὸ
1997 3599 2190 3654 δεσπο-

595 3680 772 3746 τικὸν,
816 3680 938 3750 οὐχὶ
988 3680 1507 3750 ἐσπαργανωμένον,
1559 3680 1820 3757 καθάπερ
1860 3683 2005 3749 τότε,
2053 3685 2190 3739 ἀλλά

599 3763 878 3835 Πνεύματι
911 3763 1246 3832 πανταχόθεν
1276 3762 1416 3833 ἁγίῳ
1443 3763 1950 3835 περιστελλόμενον.
1982 3769 2192 3825 Ἴσασιν

599 3849 652 3901 οί
681 3847 1029 3918 μεμυημένοι
1059 3845 1129 3899 τὰ
1153 3846 1444 3916 λεγόμενα.
1477 3848 1541 3900 Ol
1575 3847 1673 3917 μέν
1698 3843 1792 3902 οῦν
1825 3849 1990 3920 μάγοι
2014 3869 2190 3924 προσ-

598 3930 873 4002 εκύνησαν
916 3929 1107 4001 μόνον’
1135 3931 1200 3983 σὺ
1233 3929 1312 3995 δὲ,
1340 3930 1406 3982 ἂν
1437 3930 1576 4000 μετά
1606 3930 1852 4004 καθαροῦ
1880 3934 2193 4007 προσέλθῃς

602 4013 905 4077 συνειδότος
930 4053 946 4076 ,
983 4013 1078 4067 καὶ
1122 4012 1309 4066 λαϐεῖν
1350 4031 1431 4066 σοι
1464 4013 1599 4066 αὐτὸ
1632 4017 2068 4089 συγχωρήσομεν
2097 4019 2195 4073 καὶ

601 4097 858 4152 ἀπελθεῖν
891 4097 1097 4150 οἶκαδε.
1131 4096 1358 4175 Πρόσιθι
1391 4095 1571 4150 τοίνυν
1600 4097 1697 4151 καὶ
1729 4101 1795 4154 σὺ
1825 4100 1976 4171 δῶρα
2018 4118 2195 4175 προσ-

597 4182 772 4252 άγων,
811 4181 887 4252 μὴ
921 4179 1149 4234 τοιαῦτα
1191 4173 1280 4233 οἷα
1316 4181 1552 4247 ἐκεῖνοι,
1603 4181 1742 4238 ἀλλά
1787 4183 1970 4256 πολλῷ
2001 4173 2193 4257 σεμνά.

599 4283 756 4338 τερα.
799 4264 1195 4336 Προσήνεγκαν
1241 4263 1439 4317 ἐκεῖνοι
1475 4264 1710 4335 χρυσόνο
1743 4267 2080 4338 προσένεγκε
2123 4270 2190 4324 σὺ

604 4347 964 4420 σωφροσύνην
991 4347 1089 4400 καὶ
1119 4347 1324 4418 ἀρετήν
1348 4363 1363 4379 ·
1396 4348 1782 4418 προσήνεγκαν
1811 4351 2008 4405 ἐκεῖνοι
2039 4351 2194 4405 λιϐα.

601 4432 800 4486 νωτόν·
834 4431 1170 4502 προσένεγκε
1195 4431 1260 4484 σὺ
1282 4428 1448 4500 εύχάς
1477 4431 1750 4502 καθαρὰς,
1780 4432 1851 4485 τά
1871 4433 2192 4506 θυμιάματα

600 4514 675 4569 τά
688 4513 1055 4584 πνευματικά’
1083 4513 1464 4584 προσήνεγκαν
1485 4514 1684 4568 ἐκεῖνοι
1709 4515 1987 4586 σμύρνανο
2015 4535 2192 4588 προσ-

604 4599 800 4665 ένεγκε
876 4597 941 4649 σὺ
1001 4594 1513 4666 ταπεινοφροσύνην
1569 4597 1665 4652 καὶ
1717 4603 2194 4674 τεταπεινωμένην

605 4679 836 4750 καρδίαν
865 4680 961 4731 καὶ
994 4678 1390 4750 ἐλεημοσύνην.
1425 4681 1521 4733 Ἂν
1554 4679 1692 4751 μετὰ
1725 4681 1931 4736 τούτων
1964 4685 2197 4756 προσέλο

609 4763 710 4836 θῃς
737 4760 846 4815 τῶν
873 4760 1082 4832 δώρων,
1121 4760 1258 4830 μετά
1304 4762 1490 4826 ἀδείας
1528 4764 1811 4836 ἀπολαύσῃ
1849 4765 2050 4836 πολλῆς
2093 4767 2196 4838 τῆς

610 4847 764 4918 ἱερᾶς
796 4844 999 4915 ταύτης
1020 4844 1324 4916 τραπέζης.
1358 4846 1469 4898 Kal
1492 4846 1601 4918 γὰρ
1625 4846 1737 4916 ἐγὼ
1761 4847 1850 4902 διά
1881 4848 2042 4902 τοῦτο
2069 4850 2196 4903 τού-

607 4947 734 4994 τους
763 4927 898 4982 κινῶ
926 4928 1052 4990 τοὺς
1094 4925 1287 4996 λόγους
1326 4928 1444 4993 νῦν,
1472 4929 1660 5002 ἐπειδὴ
1693 4928 1810 4984 οἶδα
1855 4933 1937 4985 ὅτι
1979 4933 2196 4998 πάντως

609 5013 797 5067 πολλοὶ
823 5011 943 5066 κατ’
973 5011 1194 5082 ἐκείνην
1219 5011 1675 5080 προσελεύσονται
1700 5013 1808 5084 τὴν
1829 5015 2066 5086 ἡμέραν,
2100 5017 2196 5070 καὶ

610 5094 1002 5150 ἐπιπεσοῦνται
1033 5096 1098 5166 τῇ
1136 5097 1486 5167 πνευματικῇ
1525 5095 1698 5166 ταύτῃ
1729 5096 1911 5168 θυσίᾳ.
1948 5098 2069 5152 Ἵνα
2101 5094 2196 5152 οῦν

613 5178 748 5249 μηδέ
773 5177 868 5231 ἐπὶ
892 5176 1072 5248 κακῷ,
1116 5177 1251 5248 μηδέ
1281 5178 1375 5230 ἐπὶ
1407 5178 1636 5248 κρίματι
1663 5179 1763 5248 τῆς
1791 5180 2070 5252 ἡμετέρας
2095 5181 2197 5251 ψυ-

611 5261 715 5333 χῆς
743 5261 903 5315 τοῦτο
929 5261 1196 5331 ποιῶμεν,
1224 5260 1360 5313 ἀλλά
1386 5260 1480 5314 ἐπὶ
1514 5262 1781 5332 σωτηρίᾳ,
1814 5262 2066 5318 ἐντεῦθεν
2091 5265 2193 5336 ἠδη

610 5345 1166 5416 προδιαμαρτύρομαι
1195 5345 1292 5397 καὶ
1320 5343 1646 5414 παρακαλῶ,
1682 5345 1847 5399 παντὶ⁵
1870 5347 2060 5417 τρόπῳ
2091 5365 2195 5400 κασ-

613 5428 886 5500 θάραντας
915 5428 1142 5491 ἑαυτοὺς
1171 5427 1315 5480 οὕτω
1342 5427 1625 5497 προσιέναι
1647 5431 1760 5493 τοῖς
1789 5430 1956 5501 ἱεροῖς
1987 5446 2197 5501 μυστη-

613 5515 768 5581 ρίοις.

682 5629 748 5684 δ’.
771 5629 883 5684 Kal
902 5630 976 5700 μή
1005 5646 1096 5700 μοι
1123 5628 1328 5697 λεγέτω
1347 5646 1452 5695 τις,
1478 5629 1740 5702 αἰσχύνης
1754 5631 1929 5704 γέμω,
1951 5631 2199 5703 ἁμαρτη.

690 5779 708 5800 ³
729 5786 829 5838 Alii
851 5787 1146 5852 προσεδρίας,
1172 5787 1254 5836 alii
1272 5787 1535 5855 προεδρίας.

2167 6350 2218 6364 =

1281 335 1339 390 S.
1377 335 1665 392 JOANNIS
1703 333 2194 395 CHRYSOSTOMI
2235 331 2552 390 ABCIIIEP.
2595 333 3148 392 CONSTANTINOI’.

3719 342 3798 400 751

2279 447 2463 518 μάτων
2493 448 2600 519 ἔχω
2623 451 2685 503 τὸ
2716 450 2956 513 συνειδὸς
2987 449 3436 520 πεπληρωμένον,
3467 452 3671 522 φορτίον
3709 457 3805 511 ἐπιο

2272 532 2506 602 φέρομαι
2547 533 2878 604 βαρύτατον·
2923 532 3082 604 ἱκανὴ
3123 533 3230 604 γὰρ
3265 532 3375 586 τῶν
3419 536 3574 589 πέντε
3615 537 3806 611 ἡμερῶν

2273 616 2476 668 τούτων
2501 617 2535 686 ἡ
2559 617 2888 688 προθεσμία,
2915 616 3010 668 ἐὰν
3036 619 3212 688 νήφῃς
3237 617 3330 670 καὶ
3366 617 3633 690 προσεύχῃ
3670 621 3695 661 ιι
3731 625 3807 677 καὶ

2273 701 2580 770 ἀγρυπνῇς,
2603 700 2665 752 τὸ
2689 700 2824 754 πολὺ
2855 699 2962 752 τῶν
2988 700 3404 772 ἁμαρτημάτων
3427 702 3807 772 ὑποτέμνεσθαι.

2275 784 2368 853 Μὴ
2397 783 2506 853 γάρ
2545 782 2628 834 ὅτι
2663 781 2870 854 βραχὺς
2901 784 2930 836 ὀ
2961 783 3153 853 χρόνος
3184 782 3319 854 ἴδῃς,
3353 783 3465 836 ἀλλ’
3505 787 3672 841 ἐκεῖνο
3705 790 3805 842 σκό-

2275 883 2472 937 πησον,
2497 867 2580 919 ὅτι
2609 865 2994 938 φιλάνθρωπος
3021 869 3051 921 ὁ
3079 867 3389 938 Δεσπότης·
3425 870 3604 940 ἐπειδὴ
3631 872 3712 924 καὶ
3733 874 3810 926 Νι-

2275 950 2483 1006 νευῖται
2510 951 2569 1004 ἐν
2599 952 2779 1022 τρισὶν
2805 951 3044 1023 ἡμέραις
3077 951 3346 1023 τοσαύτην
3376 952 3542 1024 ὀργὴν
3569 955 3807 1027 ἀπεκρού-

2277 1052 2460 1098 σαντο,
2502 1035 2596 1090 καὶ
2619 1035 2773 1089 οὐδὲν
2811 1035 3124 1090 ἐνεπόδισεν
3158 1037 3192 1108 ἠ
3228 1037 3324 1090 τοῦ
3362 1037 3554 1109 καιροῦ
3586 1056 3810 1110 στενοχω-

2278 1120 2391 1190 ρία,
2420 1119 2536 1174 ἀλλ’
2569 1119 2790 1190 ι’σχυσεν
2819 1122 2852 1190 ἠ
2885 1119 2987 1190 τῆς
3023 1118 3204 1191 ψυχῆς
3233 1119 3511 1192 προθυμία
3536 1123 3630 1193 τῆς
3653 1125 3809 1193 φιλαν-

2277 1202 2526 1273 θρωπίας
2564 1201 2937 1274 ἐπιλαϐομένη
2963 1201 3058 1256 τοῦ
3093 1204 3366 1257 Δεσπότου
3396 1205 3456 1258 τὸ
3488 1208 3590 1258 πᾶν
3614 1208 3810 1278 ἐργάσα-

2277 1287 2424 1343 σθαι.
2447 1288 2555 1340 Kal
2587 1290 2621 1358 ἡ
2653 1288 2826 1358 πόρνη
2846 1286 2906 1339 δὲ
2944 1289 3002 1339 ἐν
3034 1285 3262 1358 βραχείᾳ.
3295 1288 3487 1359 καιροῦ
3521 1292 3650 1359 ῥοπῇ
3672 1308 3810 1362 προς-

2277 1370 2509 1423 ἐλθοῦσα
2531 1371 2608 1442 τῷ
2636 1369 2879 1441 Χριστῷ,
2909 1370 2980 1423 τά
3006 1370 3185 1439 ὀνείδη
3209 1372 3389 1424 πάντα
3418 1372 3717 1441 ἀπενίψατο,
3736 1377 3809 1428 καὶ

2276 1453 2384 1506 τῶν
2417 1453 2688 1507 Ἰουδαίων
2713 1453 3110 1522 ἐγκαλούντων,
3143 1456 3226 1508 ὅτι
3252 1455 3565 1525 προσήκατο
3597 1457 3681 1508 καὶ
3707 1474 3808 1526 μετο

2276 1536 2475 1590 έδωκεν
2515 1538 2652 1608 αὐτῇ
2697 1536 3012 1609 παρρησίας
3046 1536 3320 1606 τοσαύτης
3371 1539 3402 1590 ό
3435 1539 3687 1608 Χριστὸς,
3711 1543 3808 1605 τοὺς

2280 1621 2379 1690 μὲν
2407 1621 2789 1691 ἐπεστόμισεν,
2822 1621 3038 1690 ἐκείνην
3066 1620 3122 1673 δέ
3156 1621 3377 1674 πάντων
3409 1622 3702 1687 ἀπαλλάξας
3725 1625 3808 1678 τῶν

2278 1703 2487 1770 κακῶν,
2520 1705 2615 1756 καὶ¹
2663 1705 2759 1775 τῆς
2814 1704 3052 1775 σπουδῆς
3079 1704 3480 1775 ἀποδεξάμενος
3501 1747 3516 1770 ,
3548 1705 3701 1770 οὕτως
3726 1711 3808 1760 ὰπ-

2281 1786 2520 1859 έπεμψε.
2557 1787 2624 1840 Τί
2651 1787 2880 1858 δήποτε;
2923 1788 3048 1840 Ὅτι
3086 1789 3224 1858 μετὰ
3257 1787 3466 1860 θερμῆς
3490 1789 3705 1854 διανοίας
3736 1793 3810 1846 καὶ

2279 1872 2684 1944 πεπυρωμένης
2717 1871 2895 1943 ψυχῆς
2923 1872 3019 1926 καὶ
3045 1871 3276 1944 ζεούσης
3305 1873 3571 1944 προσῆλθε
3598 1874 3805 1939 πίστεως,

2279 1956 2374 2010 καὶ
2398 1956 2510 2008 τῶν
2537 1956 2710 2024 ἁγίων
2738 1957 2830 2010 καὶ
2863 1955 3024 2028 ἱερῶν
3050 1956 3280 2010 ἐκείνων
3308 1956 3485 2027 ἥψατο
3511 1957 3688 2020 ποδῶν,
3711 1960 3809 2020 τοὺς

2279 2039 2612 2112 βοστρύχους
2643 2039 2878 2104 λύσασα,
2924 2039 3110 2114 πηγὰς
3139 2038 3393 2112 δακρύων
3433 2041 3496 2094 ἐκ
3527 2041 3626 2094 τῶν
3650 2041 3810 2110 ὀφθαλ-

2283 2122 2404 2196 μῶν
2436 2123 2660 2194 ἀφεῖσα,
2693 2122 2756 2178 τδ
2783 2122 2956 2195 μύρον
2984 2121 3298 2178 κενώσασα.

2351 2320 2430 2374 Δι’
2457 2312 2534 2374 ὧν
2557 2318 2668 2390 γάρ
2696 2319 2988 2390 ἐγοήτευσε
3010 2317 3138 2382 τοὺς
3165 2315 3508 2390 ἀνθρώπους,
3536 2314 3619 2370 διὰ
3645 2314 3812 2370 τούτων

2277 2403 2350 2458 τά
2366 2405 2633 2476 φάρμακα
2650 2403 2750 2474 τῆς
2768 2401 3054 2474 μετανοίας
3065 2400 3457 2455 κατεσκεύασε·
3475 2399 3538 2454 δι’
3551 2392 3620 2454 ὧν
3629 2398 3813 2454 ἀνεπτέ-

2283 2505 2426 2560 ρωσε
2449 2488 2549 2552 τάς
2577 2486 2688 2540 τῶν
2714 2485 3030 2540 ἀκολάστων
3051 2485 3225 2554 ὄψεις,
3252 2484 3343 2538 διὰ
3359 2483 3559 2538 τούτων
3573 2484 3810 2554 ἐδάκρυσε·

2279 2571 2376 2627 διὰ
2388 2573 2498 2626 τῶν
2515 2571 2667 2644 [499]
2690 2569 3007 2641 πλοκάμων,
3028 2569 3096 2623 δι’
3119 2562 3195 2622 ὧν
3216 2567 3568 2621 ὑπεσκέλισεν
3586 2569 3657 2630 είς
3671 2567 3814 2636 ἁμαρ-

2282 2657 2402 2710 τίαν
2445 2655 2693 2718 πολλοὺς,
2723 2652 2812 2706 διὰ
2836 2653 3045 2707 τούτων
3085 2653 3214 2716 τοὺς
3267 2651 3438 2715 πόδας
3483 2649 3708 2720 ἀπέμαξε
3738 2647 3813 2700 τοῦ

2283 2739 2523 2812 Χριστοῦ
2545 2756 2558 2769 ο
2585 2739 2673 2792 διὰ
2697 2737 2790 2791 τοῦ
2826 2735 3020 2810 μύρου,
3042 2735 3110 2790 δι’
3144 2731 3205 2790 οῦ
3236 2733 3469 2798 πολλοὺς
3490 2733 3730 2793 ἐδελέασε,
3748 2730 3814 2812 διὰ

2283 2807 2474 2876 τούτου
2491 2823 2618 2886 τοὺς
2641 2822 2808 2886 πόδας
2830 2807 3042 2874 ἐκείνου
3059 2818 3272 2890 ἠλειψε.
3299 2819 3410 2872 Kal
3433 2820 3494 2872 σὺ
3515 2817 3674 2870 τοίνυν
3690 2816 3742 2868 δι’
3757 2807 3814 2868 ὧν

2285 2907 2612 2979 παρώξυνας
2642 2906 2733 2958 τὸν
2766 2904 2920 2968 Θεὸν,
2953 2903 3042 2958 διὰ
3079 2901 3288 2956 τούτων
3320 2901 3479 2954 ἵλεων
3513 2901 3712 2970 ποίησον
3736 2899 3815 2950 πά-

2284 2990 2388 3045 λιν.
2422 2989 2756 3062 Παρώξυνας
2790 2989 2954 3042 αὑτὸν
2989 2986 3079 3040 διὰ
3117 2983 3422 3056 χρημάτων
3454 2985 3716 3056 ἀρπαγῆς;
3749 2981 3815 3033 διὰ

2285 3075 2492 3128 τούτων
2523 3073 2686 3128 αὐτὸν
2707 3071 3064 3138 κατάλλαξον,
3088 3070 3180 3125 καὶ
3198 3069 3270 3122 τά
3300 3069 3608 3141 ἁρπαγέντα
3630 3066 3818 3127 ἀποδοὶς

2286 3163 2399 3224 τοῖς
2425 3157 2778 3230 ἠδικημένοις
2797 3197 2811 3220 ,
2838 3155 2933 3210 καὶ
2971 3155 3134 3226 ἐτερα
3176 3153 3394 3219 τούτοις
3439 3150 3760 3225 προσεπιδοὺς
3779 3159 3814 3209 ε,

2289 3245 2412 3299 είπέ
2443 3243 2585 3298 κατὰ
2626 3243 2718 3296 τὸν
2760 3241 3066 3310 Ζακχαῖονο
3107 3237 3414 3308 ἀποδίδωμι
3442 3231 3818 3308 τετραπλασίαν]⁵

2285 3325 2363 3385 ὧν
2389 3332 2618 3402 ἥρπασα
2645 3325 2886 3380 πάντων.
2915 3319 3246 3390 Παρώξυνας
3261 3321 3355 3374 διὰ
3378 3320 3612 3390 γλώττης
3637 3317 3718 3402 καῖ
3731 3314 3818 3368 λοι-

2287 3400 2474 3486 δορίας
2526 3410 2757 3482 ὑϐρίσας
2816 3405 3076 3470 πολλούςς
3130 3405 3424 3472 ἐειλέωσαι
3483 3403 3568 3458 διὰ
3617 3400 3818 3486 γλώττης

2289 3484 2489 3559 πάλιν,
2529 3495 2696 3565 εὐχὰς
2752 3491 3002 3562 καθαράς
3049 3489 3418 3559 ἀναπέμπων,
3462 3485 3680 3556 εὐλογῶν
3720 3484 3818 3544 τοὺς

2289 3580 2688 3654 λοιδοροῦντας,
2716 3575 3082 3646 ἐγκωμιάζων
3110 3573 3238 3636 τοὺς
3259 3572 3448 3636 κακῶς
3472 3571 3721 3654 λέγοντας,
3745 3566 3820 3654 χά-

2293 3683 2378 3738 ριν
2405 3649 2684 3736 ὁμολογῶν
2720 3662 2835 3721 τοῖς
2871 3657 3138 3712 ἀδικοῦσι.
3171 3654 3363 3710 Ταῦτα
3389 3656 3486 3725 οὐχ
3510 3651 3714 3738 ἡμερῶν
3742 3649 3820 3738 δεῖ·

2288 3729 2401 3814 ται,
2439 3729 2593 3801 *ούδέή
2616 3742 2878 3798 ἐνιαυτῶν
2920 3739 3152 3804 πολλῶν,
3191 3738 3333 3794 ἀλλά
3375 3735 3720 3807 προαιρέσεως
3747 3729 3819 3801 μό-

2289 3851 2409 3904 νης,
2443 3831 2539 3886 καὶ
2565 3831 2622 3883 ἐν
2659 3829 2760 3899 μιᾷ
2791 3822 3154 3895 κατορθοῦται
3185 3823 3395 3893 ἡμέρᾳ.
3447 3815 3714 3904 Ἀπόστηθι
3741 3814 3819 3904 ῆς

2291 3897 2579 3988 πονηρίας,
2615 3897 2875 3967 ἐπιλαϐοῦ
2898 3908 2998 3978 τῆς
3021 3907 3241 3978 ἀρετῆς,
3273 3905 3484 3989 παῦσαι
3517 3902 3614 3989 τῆς
3641 3897 3818 3989 κακίας,

2291 4001 2388 4056 καὶ
2411 3998 2651 4068 ὑπόσχου
2691 3994 2888 4066 μηκέτι
2907 3991 3078 4046 ταῦτα
3105 3991 3301 4054 ποιεῖν,
3323 3988 3418 4042 καὶ
3433 3988 3588 4059 ἀρκεῖ
3605 4001 3677 4037 σοι
3693 3988 3820 4068 τοῦτο

2290 4086 2371 4148 είς
2395 4065 2713 4150 ἀπολογίαν.
2760 4065 2916 4146 νἘγὼ
2949 4072 3400 4146 διαμαρτύρομαι
3435 4071 3529 4157 καί
3560 4065 3818 4157 ἐγγυῶμαι,

2291 4167 2500 4223 ὅτιτῶν
2522 4161 2949 4236 ἁμαρτανόντων
2969 4157 3126 4230 ἡμῶν
3140 4157 3397 4220 ἕκαστος,
3419 4155 3485 4209 ἂν
3504 4150 3723 4236 ἀποστὰς
3736 4150 3821 4236 τῶν

2291 4229 2577 4326 προτέρων
2609 4229 2796 4302 κακῶν
2835 4243 3140 4314 ὑπόσχηται
3175 4239 3253 4326 τῷ
3289 4239 3411 4309 Θεῷ
3434 4235 3580 4326 μετά
3609 4229 3821 4326 ἀληθείας

2295 4315 2493 4412 μηκέτ-ι
2519 4331 2699 4387 αὐτῶν
2726 4329 2990 4401 ἅψασθαι,
3021 4325 3389 4412 ούδένμέτερον
3421 4325 3449 4376 ό
3483 4321 3607 4412 Θεὸς
3629 4315 3819 4412 ’ζητήσει

2293 4393 2430 4494 ἓιρδς
2462 4415 2760 4484 ἀπολογίαν
2777 4393 3037 4484 μείζονα.
3070 4393 3456 4481 Φιλάνθρωπος
3476 4404 3724 4494 ,γάρ-ἐστι
3748 4393 3820 4494 {at

2295 4481 2566 4575 ἐλεήμων,
2603 4481 2700 4553 καὶ
2730 4481 2982 4564 καθάπερ
3013 4497 3046 4564 ἡ
3075 4493 3339 4548 ὠδίνουσα
3378 4489 3624 4558 ἐπιθυμεῖ
3643 4481 3817 4575 ,τεκείνι

2294 4566 2442 4642 οὕτω
2469 4585 2566 4638 καὶ
2603 4581 2770 4645 αὐτὸς
2802 4578 3062 4649 ἐπιθυμεῖ
3091 4577 3182 4630 τὸν
3215 4575 3365 4629 ἔλεον
3403 4575 3578 4643 ἐκχεῖν
3613 4567 3694 4620 τὸν
3717 4566 3819 4616 ἐαυ·

2294 4670 2409 4725 τοῦ·
2444 4667 2559 4722 ἀλλ’
2591 4666 2649 4720 αἱ
2686 4662 2954 4735 ἁμαρτίαι
2985 4665 3040 4714 ai
3078 4659 3346 4732 ἡμέτεραι
3375 4657 3529 4710 τοῦτο
3545 4650 3819 4735 διακόπτρξ·

2297 4773 2404 4809 σιν.
2449 4728 2756 4819 Ἀνέλωμεν
2792 4728 2972 4799 τοίνυν
3007 4745 3068 4798 τὸ
3101 4728 3324 4812 τειχίον,
3359 4740 3452 4794 καὶ
3486 4733 3714 4822 ἐντεῦθεν
3742 4728 3820 4822 ἥδη

2293 4840 2394 4908 τῆς
2423 4834 2618 4908 ἑορτῆς
2646 4817 2964 4902 ἀρξώμεθα,
2995 4826 3095 4889 τὰς
3125 4825 3286 4878 πέντε
3309 4817 3821 4908 ἠμέρας-ταύταςῆπᾶ·

2297 4893 2391 4978 σιν.
2413 4893 2836 4986 ἀποταξάμενοίο
2874 4911 3082 4984 ἐρῤἑτω
3112 4893 3459 4980 δικαστήρια,
3492 4900 3686 4974 ἐρρέτω
3723 4893 3820 4986 $93-

2294 4974 2580 5076 λευτήρια,
2605 4974 2918 5070 ’σι’μωζέτω
2941 4974 3170 5078 βιωτικά
3201 4974 3496 5078 πράγματα
3540 4986 3628 5078 καὶ

2293 5092 2422 5144 λαια
2447 5066 2566 5140 ’καὶ
2608 5066 3050 5152 συναλλάγματαθ
3091 5075 3190 5147 τὴν
3234 5076 3413 5145 ψυχήν
3462 5088 3556 5141 μου
3603 5066 3821 5152 βούλομαι

2298 5175 2492 5228 σῶσαι.
2528 5170 2591 5226 Τί
2629 5148 2942 5237 ὠφελεῖται
2987 5161 3315 5230 ἄνθρωπος,
3354 5153 3596 5241 ἑὰν-τὸν

2464 5225 2743 5323 κερδὼ-ᾖ,
2773 5250 2888 5317 τὴν
2914 5247 2982 5301 δὲ
3005 5225 3219 5315 ψυχὴν
3239 5241 3423 5298 αὐτοῦ
3445 5230 3698 5323 ζημιιεθθῇς
3729 5225 3822 5288 Ἑξ⁹⁴

2296 5342 2460 5414 ἦλθον
2494 5313 2603 5392 ἀῖιτδ
2633 5313 2891 5406 Πὲρσίδὸς
2923 5331 2970 5383 οἱ
3001 5313 3184 5414 μάγοιζ
3219 5325 3398 5414 ἔξελθε
3420 5317 3638 5414 ,σῖζξῶν
3674 5313 3822 5414 WE:

2298 5403 2411 5480 κῶν
2447 5403 2811 5495 πραγμάτων,
2847 5416 2943 5472 καὶ
2979 5413 3114 5482 πρὸς
3137 5411 3230 5466 τὸν
3278 5406 3480 5480 Ἰησοῦν
3502 5403 3714 5456 ὂδευσονσ
3743 5403 3823 5444 οὐκ

2360 5663 2391 5704 Ῑ)
2416 5662 2513 5712 Alii
2533 5662 2789 5725 προσέχῃς,
2811 5656 2896 5708 aiii
2921 5655 3182 5721 προσεύχῃ.
3212 5653 3426 5712 Utraque
3457 5644 3598 5696 lectio
3619 5631 3822 5699 quadtare

2301 5731 2483 5787 potest.
2670 5784 2683 5787 _
2735 5782 2745 5787 _
2812 5782 2847 5787 _
2919 5780 2931 5787 _
3091 5784 3099 5787 _
3206 5777 3250 5787 __
3495 5761 3629 5787 tu”

2369 5764 2516 5835 ῖΧίιι
2539 5782 2786 5848 ςροσδοῦς.
2812 5780 2968 5831 Paulo
2996 5784 3105 5841 pos!
3134 5777 3328 5840 quidam
3352 5785 3462 5822 mss.
3487 5764 3722 5817 ἀπιδώσωο
