3918 6364
142 387 225 443 πε
498 392 514 405 ~
1223 364 1317 423 DE
1356 357 1582 418 ΒΕΑΤο
1619 353 2050 416 ιδιιιιοαοΝιο.
2093 361 2182 419 Ἣ.

132 515 230 551 rum
256 501 333 548 est
365 508 378 543 :
408 488 737 559 nequaquam
763 484 947 539 fuisset
970 480 1254 536 cruciﬁxus
1273 519 1291 541 ,
1318 492 1440 531 nam
1469 476 1570 529 hoc
1598 480 1681 528 est

128 590 296 644 festum
336 580 553 636 Pascha:
584 596 597 631 :
634 591 961 646 nequaquam
1001 573 1232 627 misisset
1270 570 1525 640 Spiritum
1561 581 1684 621 san-

127 687 270 740 ctum,
298 671 437 743 quod
470 679 553 727 est
590 670 779 724 festum
820 668 1184 722 Pentecostes.
1232 661 1414 731 Itaque
1442 659 1511 714 ab
1541 659 1641 713 hoc
1664 699 1681 725 ,

124 780 254 822 ceua
279 763 425 820 fonte
463 761 709 832 qquiam
752 758 947 813 diversi
993 755 1139 810 fluvii
1167 795 1183 819 ,
1214 762 1335 808 nata
1377 761 1503 805 sunt
1531 751 1685 805 nobis

126 854 223 909 luce
249 852 400 908 festa.
425 850 623 907 Verum
671 864 774 904 non
817 848 888 904 ob
932 846 1034 901 hoc
1073 854 1274 899 tantum
1307 859 1403 914 par
1425 852 1507 898 est
1545 841 1686 896 hunc

122 946 244 1000 diem
270 943 479 999 caeteris
514 941 799 1012 anteponi,
828 938 922 993 sed
961 938 1121 993 etiam
1152 938 1274 1007 quia
1317 934 1461 1006 quod
1501 935 1552 989 iu
1585 934 1687 988 hoc

124 1045 283 1091 natum
321 1044 438 1100 est,
465 1032 678 1088 caeteris
717 1030 966 1088 omnibus
1002 1036 1087 1085 est
1129 1027 1506 1083 venerabilius.
1550 1024 1684 1080 Nam

123 1125 244 1196 quod
264 1124 506 1180 Christus
528 1123 685 1177 homo
705 1121 895 1185 factus,
917 1122 987 1175 sit
1006 1127 1266 1183 mortuus,
1288 1116 1686 1187 consequentiae

123 1218 374 1287 cujusdam
406 1217 506 1271 fuit
537 1234 551 1270 :
577 1217 703 1272 licet
729 1214 871 1269 enim
919 1214 1123 1268 nullum
1166 1210 1384 1265 omnino
1411 1215 1686 1278 peccatum

125 1317 460 1380 perpetrasset
478 1349 492 1372 ,
519 1307 742 1362 mortale
770 1315 947 1361 tamen
976 1318 1170 1373 corpus
1200 1309 1560 1370 assumpserat
1590 1314 1604 1351 :
1631 1306 1687 1353 et

123 1412 217 1457 erat
249 1402 458 1471 quidem
488 1400 589 1455 hoc
616 1399 982 1454 admirandum
1029 1415 1043 1451 :
1087 1405 1337 1451 carterum
1371 1392 1514 1464 quod
1545 1392 1686 1447 Deus

122 1508 225 1546 cum
250 1501 429 1557 esset,
461 1492 689 1547 voluerit
719 1491 878 1545 homo
908 1490 1021 1545 ﬁeri
1046 1530 1062 1553 ,
1096 1497 1407 1558 tantumque
1445 1500 1565 1540 sese
1591 1484 1687 1539 de-

125 1585 312 1637 mittere
353 1581 687 1645 suSIinuerit,
710 1588 965 1650 quantum
1012 1594 1080 1634 ne
1115 1579 1435 1647 cogitatione
1469 1577 1683 1647 quidem

123 1673 373 1742 complecti
398 1686 602 1742 queas,
631 1672 731 1726 hoc
773 1681 856 1725 est
891 1670 1131 1725 omnium
1174 1670 1404 1723 maxime
1430 1682 1685 1722 reveren-

124 1765 229 1818 dum
252 1806 267 1830 ,
293 1764 634 1834 stuporisque
673 1764 908 1833 plenum.
950 1761 1104 1831 Quod
1138 1760 1355 1831 quidem
1396 1768 1449 1815 et
1490 1758 1685 1813 Paulus

124 1854 365 1909 admirans
392 1855 607 1909 dicebat
630 1895 645 1917 ,
679 1853 747 1907 Et
786 1854 1051 1925 manifeste
1084 1869 1321 1924 magnum
1351 1852 1549 1924 pietatis
1575 1868 1687 1921 my-

123 1947 302 2001 sterium
327 1946 345 2017 (
367 1948 416 2001 l.
453 1945 589 2002 Tim.
617 1947 670 2001 5.
715 1946 783 2001 l6
800 1944 839 2018 ).
864 1945 1016 2012 Quod
1041 1944 1333 2016 magnum?
1361 1944 1498 1999 Deus
1523 1943 1689 1997 mani-

127 2038 306 2101 festatas
331 2037 383 2090 in
408 2052 581 2090 carne.
613 2039 688 2091 Ac
714 2050 924 2091 rursum
969 2035 1093 2090 alibi
1125 2053 1139 2089 :
1174 2032 1296 2089 Non
1320 2034 1452 2089 enim
1479 2033 1686 2105 angelos

125 2128 427 2198 apprehendit
484 2126 625 2182 Deus
646 2167 664 2194 ,
713 2126 801 2182 sed
861 2144 1027 2183 semen
1071 2126 1289 2181 Abrahae
1328 2125 1685 2195 apprehendit.

128 2219 250 2275 Unde
272 2219 435 2273 debuit
475 2236 571 2290 per
596 2220 767 2272 omnia
807 2218 1052 2289 fratribus
1084 2217 1360 2272 assimilari
1396 2215 1592 2286 (Hebr.
1626 2215 1684 2270 2.

125 2314 195 2367 l6.
232 2310 353 2383 l7).
384 2312 617 2381 Propter
661 2310 762 2365 hoc
802 2310 1140 2382 potissimum
1177 2309 1470 2379 amplector
1497 2308 1687 2379 diligo-

123 2419 206 2472 que
222 2405 354 2459 diem
384 2406 557 2471 hunc,
583 2411 638 2458 ct
666 2419 901 2458 amorem
931 2404 1047 2473 ejus
1076 2404 1129 2457 iu
1161 2402 1392 2457 medium
1421 2416 1684 2473 propono,

124 2504 171 2547 ut
206 2511 291 2550 vos
334 2495 501 2565 hujus
553 2495 837 2565 participes
891 2495 1109 2549 reddam
1145 2513 1158 2547 :
1190 2510 1361 2566 eoque
1413 2508 1544 2564 rogo
1589 2506 1687 2547 vos

124 2601 281 2641 onmes
298 2588 658 2658 obsecroque,
685 2602 894 2641 summo
915 2587 1090 2641 studio
1105 2600 1416 2655 summaque
1434 2600 1555 2640 cum
1577 2584 1689 2639 ala-

125 2680 282 2736 critate
308 2681 490 2735 velitis
518 2679 728 2746 adesse,
758 2679 852 2735 sed
883 2679 1028 2750 prius
1056 2695 1204 2734 suam
1227 2680 1453 2748 quisque
1471 2679 1686 2733 dommn

126 2779 312 2825 evacuet
334 2813 349 2838 ,
374 2778 433 2825 ut
456 2769 739 2824 videamus
780 2772 1063 2825 Dominum
1095 2782 1335 2825 nostrum
1368 2770 1419 2824 in
1463 2768 1686 2840 prtesepi

124 2861 354 2929 iacentem
382 2877 446 2918 ac
473 2863 660 2917 fasciis
683 2863 999 2927 involutum,
1030 2863 1363 2918 tremendum
1391 2877 1454 2917 ac
1479 2871 1691 2930 stupen-

126 2953 229 3008 dum
254 2956 639 3026 spectaculum.
668 2955 803 3022 Quid
832 2956 975 3010 enim
1002 2955 1395 3021 excusabimus,
1419 2964 1510 3009 aut
1528 2969 1686 3024 quam

125 3046 303 3101 veniam
326 3047 712 3111 obtinebimus,
739 3046 785 3101 si
806 3062 926 3101 cum
956 3048 1066 3116 ipse
1094 3048 1260 3102 nostri
1291 3060 1446 3102 causa
1466 3045 1688 3100 descen-

127 3138 239 3194 derit
262 3157 290 3195 e
314 3141 456 3196 curiis
478 3180 501 3207 ,
531 3144 629 3194 nos
654 3140 719 3194 ad
764 3140 908 3193 illum
939 3140 1023 3194 vel
1067 3156 1130 3194 ex
1162 3140 1366 3194 {edibus
1394 3141 1471 3194 ire
1497 3152 1689 3209 grave-

128 3231 257 3285 mur?
293 3246 409 3286 cum
465 3230 787 3301 alienigena
830 3230 1145 3300 barbarique
1185 3230 1317 3300 Magi
1361 3244 1427 3283 ex
1476 3227 1690 3284 Perside

127 3332 407 3389 occurrant,
439 3329 512 3376 ut
539 3321 683 3376 illum
725 3322 939 3377 videant
966 3322 1019 3375 in
1052 3322 1272 3390 praesepi
1303 3321 1566 3390 jacentem
1589 3361 1604 3381 ,
1634 3328 1690 3373 tu

130 3425 234 3465 vero
272 3414 357 3481 qui
398 3412 739 3467 Christianus
784 3426 843 3466 es
889 3427 956 3466 ne
999 3410 1163 3466 breve
1206 3410 1419 3489 quidem
1461 3410 1689 3480 spatium

128 3505 303 3559 emetiri
331 3506 627 3569 sustineas,
662 3514 719 3558 ut
745 3503 848 3559 hoc
873 3504 1009 3559 felici
1036 3503 1340 3573 spectaculo
1368 3501 1693 3571 perfruaris?

127 3594 235 3650 Nam
268 3598 309 3652 si
337 3613 455 3654 cum
498 3596 601 3652 fide
643 3590 1060 3659 accesserimus,
1088 3595 1275 3664 procul
1302 3594 1463 3650 dubio
1487 3593 1692 3648 videbi-

129 3703 226 3742 mus
250 3689 387 3745 illum
415 3690 468 3745 in
503 3688 727 3759 prasepi
750 3687 1036 3758 jacentem.
1070 3686 1341 3758 Siquidem
1372 3685 1486 3741 haec
1510 3700 1692 3740 mensa

128 3780 269 3836 vicem
288 3782 463 3851 explet
499 3780 769 3849 pratsepis.

185 3871 364 3943 Corpus
391 3873 717 3928 Duminicum
745 3872 798 3926 in
830 3871 1106 3942 Mysteriis.
1135 3903 1209 3913 -—
1232 3872 1366 3928 Nam
1399 3881 1454 3928 et
1483 3872 1570 3928 hic
1597 3888 1697 3945 p0-

131 3975 265 4020 netur
288 3981 489 4037 corpus
510 3965 833 4020 dominicum
855 4005 871 4030 ,
904 3981 1008 4019 non
1037 3965 1249 4036 quidem
1278 3964 1457 4022 fasciis
1483 3967 1694 4020 invuln-

131 4062 224 4108 tum
243 4057 390 4112 sicuti
420 4067 574 4120 tunc,
604 4054 698 4110 sed
723 4054 955 4125 undique
979 4055 1179 4125 Spiritu
1204 4067 1389 4111 sancto
1417 4057 1693 4111 vestitum.

130 4144 211 4210 Qui
239 4147 506 4218 mysteriis
538 4146 726 4200 initiati
751 4154 909 4209 sunt,
940 4145 1240 4216 intelligunt
1264 4162 1385 4216 qua:
1424 4146 1693 4202 dicuntur.

130 4239 193 4291 Ac
215 4239 338 4310 Magi
364 4238 586 4310 quidem
616 4238 745 4293 nihil
771 4238 911 4292 aliud
935 4253 1091 4308 quam
1121 4238 1429 4306 adorarunt,
1448 4239 1549 4307 tibi
1570 4256 1697 4295 vero

130 4327 166 4379 si
190 4344 300 4383 cum
330 4345 460 4399 pura
499 4330 789 4385 accesseris
808 4329 1134 4384 conscientia
1156 4368 1173 4388 .
1204 4329 1608 4397 permittemus,
1638 4339 1700 4386 ut

130 4433 307 4485 sumas,
324 4428 610 4489 etsumpto
629 4420 844 4476 domum
871 4420 1053 4475 abeas.
1076 4419 1283 4476 Accede
1310 4421 1469 4490 igitur
1489 4429 1544 4474 tu
1565 4437 1701 4492 quo-

131 4524 221 4580 que
242 4530 458 4570 munera
489 4513 719 4569 offerens
737 4555 753 4573 .
783 4529 888 4568 non
915 4513 1089 4584 qualia
1116 4513 1427 4569 deferebant
1463 4514 1561 4577 illi,
1602 4513 1698 4568 sed

132 4605 279 4659 multo
316 4606 679 4676 religiosum.
724 4604 1044 4661 Obtulerunt
1084 4605 1161 4660 illi
1206 4619 1393 4660 aurum
1418 4645 1435 4671 ,
1481 4605 1616 4661 offer
1645 4616 1696 4660 tu

133 4697 520 4763 temperantiam
549 4710 611 4750 ac
635 4696 884 4752 virtutem
917 4695 1262 4751 :obtulerunt
1287 4697 1360 4751 illi
1394 4696 1533 4759 thus,
1567 4697 1703 4752 offer

134 4791 180 4837 tu
206 4801 357 4856 puras
403 4800 633 4857 preces,
681 4802 803 4858 qua:
834 4795 962 4843 sunt
996 4785 1340 4843 odoramenta
1388 4787 1705 4856 spiritualia:

135 4877 424 4934 obtulerunt
448 4879 528 4934 illi
557 4877 851 4950 myrrham.
878 4879 1012 4935 offer
1034 4886 1089 4933 tu
1121 4878 1494 4944 humilitatem,
1528 4889 1582 4933 et
1605 4892 1702 4933 cur

136 4969 441 5027 submissum
469 4987 592 5028 cum
618 4971 978 5044 eleemosyna.
1009 4972 1160 5039 Quod
1186 4973 1230 5027 si
1259 4971 1405 5028 hisce
1429 4986 1548 5026 cum
1585 4986 1706 5026 mu-

138 5061 337 5117 neribus
375 5064 671 5119 accesseris
692 5105 708 5129 ,
742 5065 908 5118 multa
938 5079 1059 5119 cum
1084 5063 1273 5118 ﬁducia
1308 5064 1574 5134 particeps
1598 5063 1706 5118 eris

138 5148 278 5219 hujus
322 5169 494 5211 sacrae
538 5170 757 5211 mensae.
817 5155 949 5211 Nam
997 5154 1111 5209 haec
1158 5154 1279 5209 ideo
1307 5170 1450 5211 nunc
1489 5157 1701 5224 loquor,

139 5244 266 5309 quod
294 5247 463 5300 sciam
500 5255 650 5300 certo
687 5246 917 5300 futurum
943 5285 960 5313 ,
1003 5253 1063 5300 ut
1090 5245 1144 5299 in
1174 5244 1264 5298 illa
1291 5245 1378 5299 die
1406 5248 1706 5315 complures

140 5333 383 5389 accedant
432 5336 741 5405 irruantque
768 5336 835 5391 ad
876 5336 1141 5390 victimam
1179 5335 1317 5390 hanc
1353 5335 1705 5405 spiritualem.

141 5418 291 5491 Igitur
330 5440 399 5482 ne
443 5427 696 5482 faciamus
719 5428 787 5482 ad
816 5427 1194 5483 detrimentum
1223 5436 1277 5483 et
1305 5428 1708 5482 condemnatio-

144 5528 255 5570 nem
278 5518 474 5573 atrium
502 5528 696 5574 nostrae
720 5561 735 5583 ,
778 5518 873 5574 sed
909 5519 976 5573 ad
1010 5519 1236 5575 salutem
1270 5537 1285 5573 :
1312 5519 1422 5589 jam
1451 5536 1592 5574 nunc
1616 5519 1713 5575 ob-

145 5613 301 5665 testor
324 5609 654 5682 obsecroque
674 5650 694 5678 ,
726 5619 784 5666 ut
808 5610 1061 5666 omnibus
1087 5612 1262 5667 modis
1297 5614 1594 5684 repurgati,
1639 5613 1713 5668 ita

146 5701 346 5752 demum
370 5715 521 5755 sacra
549 5701 748 5758 adeatis
777 5702 1050 5765 mysteria.

210 5790 261 5847 4.
286 5789 411 5847 Cum
439 5807 554 5849 vera
582 5794 872 5867 pmnitentia
896 5792 1031 5849 brevi
1053 5802 1216 5866 potest
1238 5794 1542 5851 conscientia
1560 5813 1711 5855 intat-

3260 377 3324 432 75
3339 380 3360 435 ι

1788 469 1921 525 dari.
1950 501 2024 515 --
2050 472 2231 544 Neque
2253 475 2382 531 mihi
2409 478 2688 550 quicquam
2709 477 2926 544 dixerit.
2962 499 3170 551 vereor,
3197 486 3372 542 habet)

1786 563 2170 621 conscientiam
2212 569 2441 636 peccatis
2482 571 2751 640 oppletam
2777 614 2792 637 ,
2839 575 3105 630 sarcinam
3144 578 3375 633 circum-

1788 652 1902 707 fero
1923 655 2313 725 gravissimam.
2365 657 2575 715 Sufficit
2603 663 2746 717 enim
2776 663 2966 720 borum
2993 666 3229 737 quinque
3252 668 3370 723 die-

1789 761 1904 800 rum
1931 759 2160 819 tempus,
2188 749 2231 803 si
2258 749 2467 806 sobrius
2486 750 2669 819 fueris,
2691 754 2737 809 si
2762 756 3018 821 oraveris,
3046 757 3092 812 si
3113 758 3372 828 vigilave-

1790 838 1883 905 ris,
1905 847 1962 893 ut
1977 841 2366 896 multitudinem
2383 857 2720 913 peccatorum
2739 847 2930 903 reddas
2941 852 3374 907 contractiorem.

1788 927 1896 983 Nec
1926 929 2051 983 illud
2089 931 2357 1000 perpende
2381 933 2521 1003 quod
2549 933 2714 991 breve
2736 946 2944 1006 tempus
2963 946 3087 1006 est;
3115 940 3213 996 sed
3243 941 3371 996 illud

1788 1019 2066 1073 considera
2099 1021 2237 1090 quod
2283 1023 2545 1094 benignus
2583 1035 2666 1082 est
2706 1026 2979 1084 Dominus.
3027 1029 3379 1102 Quandoqui-

1788 1108 1909 1164 dem
1929 1119 1984 1163 et
2008 1109 2252 1167 Ninivita:
2302 1114 2458 1168 tridui
2504 1117 2677 1185 spatio
2719 1124 2921 1177 tantam
2950 1119 3082 1174 iram
3113 1120 3209 1176 Dei
3238 1136 3269 1176 a
3313 1137 3377 1177 se

1788 1198 2149 1269 depulerunt,
2193 1218 2293 1257 nec
2317 1204 2524 1259 obstitit
2549 1206 2656 1260 illis
2688 1210 2939 1277 temporis
2966 1210 3204 1280 angustia
3230 1252 3245 1276 ,
3277 1208 3375 1266 sed

1788 1290 1950 1343 animi
1979 1293 2364 1361 promptitudo,
2391 1296 2721 1366 amplectens
2738 1298 2943 1353 Domini
2969 1299 3373 1370 benignitatem,

1787 1390 1957 1436 totum
1987 1398 2241 1454 peragere
2261 1385 2427 1439 valuit
2454 1386 2601 1459 (Jan.
2635 1387 2712 1459 ὅ).
2744 1390 2807 1443 Et
2833 1390 3081 1444 meretrix
3111 1391 3201 1446 illa
3224 1392 3373 1448 brevi

1789 1476 2042 1544 temporis
2083 1485 2390 1545 momento,
2446 1494 2569 1535 cum
2608 1480 2675 1534 ad
2715 1480 2985 1537 Christum
3029 1484 3371 1551 accessisset,

1788 1567 1963 1621 omnia
1992 1567 2184 1636 probra
2212 1568 2366 1623 diluit
2391 1570 2545 1639 (Luc.
2575 1573 2648 1642 7).
2676 1573 2813 1639 Quin
2844 1583 2900 1628 et
2930 1574 3375 1633 calumniantibus

1787 1656 2006 1722 Judaais,
2032 1658 2174 1728 quod
2206 1660 2348 1714 illam
2375 1661 2699 1728 admisisset,
2732 1672 3036 1735 tantamque
3061 1668 3379 1736 praebuisset

1788 1741 2034 1796 fiduciam
2060 1783 2075 1807 ,
2120 1743 2370 1800 Christus
2414 1746 2519 1800 illis
2546 1748 2758 1816 quidem
2799 1749 3072 1803 silentium
3103 1752 3374 1820 imposuit,

1788 1832 1927 1895 hanc
1956 1849 2082 1888 vero
2109 1836 2263 1891 malis
2287 1838 2537 1893 omnibus
2577 1839 2854 1895 liberatam
2876 1882 2892 1907 ,
2921 1843 3376 1915 comprobatoque

1789 1923 1932 1980 illius
1955 1925 2153 1992 studio,
2194 1929 2264 1980 ita
2294 1927 2511 1983 domum
2537 1930 2762 1985 remisit.
2811 1931 2947 1998 Quid
2992 1932 3065 1988 ita
3111 1933 3371 1988 tandem?

1790 2016 2051 2083 Quoniam
2080 2017 2301 2074 ferventi
2338 2021 2536 2087 animo,
2568 2030 2624 2076 et
2650 2022 2895 2094 flagranti
2915 2026 3101 2091 corde,
3139 2025 3378 2085 ardenti-

1792 2124 1895 2179 que
1932 2110 2159 2165 accessit
2200 2110 2306 2166 fide
2328 2151 2344 2175 ,
2381 2123 2703 2184 sanctosque
2744 2115 2862 2170 illos
2900 2131 2963 2171 ac
2995 2132 3178 2172 sacros
3206 2118 3380 2190 attigit

1789 2200 1973 2270 pedes,
2004 2201 2189 2256 solutis
2216 2203 2442 2271 capillis,
2475 2201 2708 2259 fontibus
2734 2206 3089 2278 lacrymarum
3116 2221 3185 2263 ex
3208 2209 3380 2265 oculis

1789 2293 2001 2349 emissis
2022 2334 2037 2360 ,
2067 2305 2336 2363 unguento
2363 2295 2598 2364 profuso.

1863 2385 2181 2442 Pwnitentiw
2207 2389 2405 2442 modus.
2445 2417 2522 2430 —
2567 2389 2780 2445 Etenim
2819 2405 2918 2462 per
2952 2408 3073 2463 qum
3098 2393 3382 2464 deceperat

1791 2477 2070 2543 homines,
2114 2495 2211 2549 per
2243 2480 2429 2535 eadem
2473 2484 2677 2550 paravit
2718 2485 2951 2540 remedia
3005 2488 3378 2556 pmnitentim:

1790 2583 1888 2639 per
1924 2585 2042 2638 qum
2070 2584 2317 2626 avocarat
2345 2572 2527 2627 oculos
2570 2574 3068 2645 intemperantium,
3122 2594 3219 2646 per
3266 2579 3382 2634 lure

1791 2665 1967 2720 emisit
1993 2667 2254 2736 lacrymas
2285 2684 2298 2720 :
2322 2683 2419 2737 per
2444 2667 2667 2737 capillos
2693 2680 2808 2723 arte
2830 2671 3155 2740 compositos
3185 2672 3381 2726 multos

1794 2757 2036 2811 illexerat
2077 2756 2142 2810 ad
2174 2766 2446 2826 peccatum
2471 2798 2488 2825 ,
2532 2774 2626 2829 per
2663 2759 2881 2814 eosdem
2931 2761 3095 2831 pedes
3130 2761 3383 2817 abstersit

1792 2847 2006 2902 Christi.
2054 2846 2332 2916 Unguento
2373 2851 2568 2904 multos
2608 2849 2911 2913 inescarat,
2964 2866 3057 2920 per
3084 2851 3186 2907 bdc
3220 2852 3383 2924 pedes

1793 2939 1936 2993 illius
1965 2938 2134 2993 unxit.
2180 2939 2415 2995 Proinde
2444 2951 2497 2996 et
2533 2950 2587 2995 tu
2616 2957 2757 2996 nunc
2783 2942 2979 3012 quibus
3005 2943 3166 2998 rebus
3189 2959 3383 3012 provo-

1792 3033 1926 3085 casti
1955 3032 2143 3096 Deum,
2173 3045 2271 3100 per
2298 3030 2395 3086 has
2422 3047 2633 3087 rursum
2659 3032 2819 3087 facito
2848 3034 3152 3102 propitium.
3185 3035 3386 3090 Provo-

1793 3127 1926 3177 casti
1983 3123 2129 3177 illum
2185 3122 2528 3192 pecuniarum
2583 3125 2796 3192 rapina,
2844 3139 2941 3193 per
2982 3124 3202 3181 easdem
3232 3124 3383 3181 illum

1793 3215 2075 3269 reconcilia
2103 3255 2119 3276 ,
2170 3228 2400 3284 cumque
2439 3222 2494 3268 et
2534 3223 2686 3285 rapta
2729 3215 3032 3271 restitueris
3068 3216 3209 3286 illis,
3250 3233 3385 3289 quos

1796 3305 1986 3375 injuria
2012 3304 2304 3371 affeceras,
2333 3313 2387 3359 et
2427 3304 2529 3361 alia
2589 3306 2809 3376 insuper
2855 3306 3126 3363 addideris
3150 3349 3165 3373 ,
3217 3309 3384 3365 dicito

1794 3397 1947 3467 juxta
2002 3394 2284 3451 Zachmum
2316 3415 2331 3452 :
2360 3396 2528 3453 reddo
2559 3398 2576 3430 ί
2606 3401 2866 3465 omnium,
2894 3414 3015 3469 quae
3048 3400 3219 3470 rapui,
3250 3416 3385 3471 qua-

1796 3488 2043 3559 druplum
2074 3486 2227 3560 (Luc.
2260 3487 2348 3544 l9.
2385 3487 2466 3558 8).
2516 3488 2820 3544 Provocasti
2863 3490 3040 3561 lingua
3068 3499 3124 3545 et
3160 3490 3386 3546 maledi-

1796 3582 1967 3637 centia
1993 3622 2009 3649 ,
2056 3581 2239 3636 multis
2282 3582 2600 3637 contumelia
2646 3581 2886 3647 aﬁ‘cctis,
2929 3584 3163 3638 vicissim
3206 3583 3387 3654 lingua

1797 3676 2007 3745 placato
2030 3716 2046 3741 ,
2089 3689 2251 3745 puras
2279 3674 2530 3730 emittens
2560 3689 2776 3744 preces,
2806 3674 3126 3729 benedicens
3157 3674 3386 3730 maledi-

1798 3768 2064 3831 centibus,
2094 3766 2317 3821 laudans
2339 3766 2720 3835 vituperantes,
2740 3765 2940 3835 gratias
2960 3779 3123 3836 agens
3140 3766 3385 3835 injuriam

1798 3858 2168 3914 inferentibus.
2219 3857 2344 3912 llmc
2368 3871 2473 3911 non
2500 3866 2661 3926 egent
2693 3857 2873 3911 multis
2913 3856 3102 3912 diebus
3131 3858 3374 3922 annisve,

1798 3949 1893 4006 sed
1918 3950 2033 4004 solo
2061 3948 2221 4003 animi
2252 3949 2558 4018 proposito,
2608 3957 2664 4002 et
2710 3948 2868 4003 unico
2896 3949 2984 4005 die
3022 3948 3386 4019 perﬁciuntur.

1803 4041 2026 4098 Discede
2051 4058 2081 4097 a
2109 4042 2251 4097 malo
2269 4078 2287 4108 ,
2330 4041 2576 4096 virtutem
2606 4041 2926 4111 amplectere
2944 4083 2961 4107 ,
2991 4042 3189 4097 desiSte
3208 4057 3237 4096 a
3264 4058 3389 4112 pra-

1799 4136 2002 4190 vitate:
2038 4134 2286 4204 pollicere
2315 4141 2366 4188 te
2404 4132 2626 4202 posthac
2670 4132 2768 4186 ista
2814 4147 2917 4186 non
2956 4134 3386 4199 couunissurum,

1800 4237 1855 4283 et
1880 4226 2020 4283 istud
2062 4224 2292 4281 sufficiet
2326 4224 2392 4280 ad
2421 4223 2835 4279 excusationem.
2891 4223 3004 4293 Ego
3038 4224 3292 4280 testificor
3327 4240 3394 4279 ac

1803 4321 2068 4392 fidejubeo
2111 4318 2261 4381 fore,
2287 4326 2345 4372 ut
2382 4318 2427 4371 si
2476 4326 2716 4372 nostrum
2755 4317 2979 4387 quisque
3016 4320 3107 4386 qui
3159 4316 3392 4387 peccatis

1802 4412 2016 4469 obnoxii
2057 4424 2244 4467 sumus
2272 4408 2530 4464 recedens
2556 4423 2586 4461 a
2617 4407 2856 4478 pristinis
2881 4407 3068 4475 malis,
3105 4423 3174 4463 ex
3208 4409 3392 4463 animo

1803 4520 2033 4576 vereque
2079 4504 2351 4575 promittat
2387 4502 2497 4557 Deo
2538 4516 2599 4558 sc
2640 4511 2823 4571 postea
2853 4500 3157 4573 numquam
3192 4501 3261 4556 ad
3304 4501 3394 4556 illa

1805 4600 2120 4664 rediturum,
2154 4597 2287 4652 nihil
2313 4596 2454 4651 aliud
2482 4596 2622 4651 Deus
2646 4594 2880 4666 requiret
2899 4594 2968 4651 ad
2992 4594 3393 4652 excusationem

1805 4692 2084 4761 majorem.
2117 4689 2381 4759 Bcuignus
2405 4687 2547 4743 enim
2575 4693 2659 4741 est
2677 4727 2693 4747 .
2719 4694 2775 4741 et
2795 4685 3241 4755 quemadmodum
3271 4700 3399 4757 par-

1805 4785 2012 4842 turiens
2034 4782 2180 4853 cupit
2206 4781 2334 4837 eniti
2376 4780 2539 4836 fetum
2564 4820 2580 4843 ,
2624 4778 2693 4832 ita
2739 4786 2794 4833 et
2829 4778 2916 4832 ille
2954 4777 3100 4847 cupit
3123 4776 3398 4833 effundere

1807 4893 1959 4937 suam
1984 4874 2404 4932 miscricordiam
2438 4888 2453 4926 :
2485 4871 2579 4927 sed
2608 4870 2683 4924 illi
2711 4869 2921 4925 obstant
2950 4880 3164 4939 peccata
3189 4879 3391 4925 nostra.

1810 4972 2092 5026 Diruamus
2117 4968 2273 5037 igitur
2299 4962 2604 5028 maceriam,
2627 4970 2786 5032 atque
2809 4976 2873 5015 ex
2898 4959 3000 5015 hoc
3024 4959 3131 5027 jam
3152 4968 3394 5029 tempore

1811 5065 2004 5121 festum
2032 5061 2389 5131 auspicemur,
2418 5056 2584 5111 hosce
2602 5053 2715 5108 dies
2730 5053 2962 5123 quinque
2985 5051 3210 5122 negotiis
3234 5052 3401 5105 omni-

1814 5158 1913 5211 bus
1938 5156 2114 5209 valere
2142 5153 2303 5223 jussis
2326 5192 2341 5215 ,
2374 5149 2545 5201 valeat
2577 5146 2747 5201 forum
2771 5187 2783 5207 ,
2812 5145 2983 5197 valeat
3011 5145 3160 5199 curia
3183 5186 3196 5207 ,
3229 5142 3401 5198 fares-

1813 5257 1934 5303 sant
1978 5245 2261 5299 mundana:
2310 5255 2453 5296 curae
2500 5253 2618 5292 cum
2668 5237 2837 5305 pactis
2883 5243 2937 5290 et
2986 5236 3396 5290 contractibus:

1814 5342 2041 5395 animam
2068 5351 2239 5392 meam
2270 5348 2484 5390 servare
2520 5330 2696 5399 cupio.
2733 5329 2868 5394 Quid
2907 5329 3107 5397 prodest
3139 5328 3331 5382 homini
3355 5329 3401 5381 si

1815 5441 1970 5486 totum
1998 5428 2240 5482 mtmdnm
2265 5427 2487 5480 lucretur
2506 5464 2520 5485 ,
2560 5421 2744 5476 animte
2780 5437 2892 5474 vero
2920 5435 3025 5474 sure
3052 5419 3405 5472 detrimentmn

1817 5524 2041 5593 patiatur
2066 5517 2276 5591 (Matth.
2302 5515 2386 5571 lﬁ.
2409 5512 2539 5582 9.6)?
2563 5512 2774 5583 Egressi
2801 5519 2924 5565 sunt
2949 5525 2976 5562 a
3008 5508 3226 5564 Perside
3245 5505 3405 5577 Magi,

1816 5613 2072 5686 egredere
2116 5619 2171 5665 tu
2199 5624 2230 5664 e
2260 5602 2596 5677 temporariis
2638 5602 2901 5675 negotiis,
2943 5599 3012 5657 ad
3048 5598 3231 5658 Jesum
3277 5613 3404 5670 pru-

1888 5808 1903 5840 ί
1939 5804 2136 5867 quidam
2159 5808 2286 5863 Mss,
2310 5797 2535 5850 reddam.
