3918 6364
536 327 642 384 753

526 453 763 500 ttciseere
803 460 817 501 :
855 458 960 499 non
1004 449 1086 499 est
1128 440 1344 513 longum
1387 444 1720 502 intervallum
1768 446 1815 502 si
1856 447 2101 505 velimus.

525 536 639 591 Non
666 536 807 592 enim
832 550 1051 592 necesse
1072 546 1155 591 est
1176 536 1425 606 trajicere
1450 553 1618 602 mare,
1646 554 1818 608 neque
1843 541 2101 596 montium

521 644 776 700 superare
802 631 1097 697 cacumina,
1125 631 1218 685 sed
1240 630 1382 685 domi
1411 630 1626 697 sedens,
1654 631 1699 687 si
1731 632 1978 702 pietatem
2008 649 2107 689 ex-

523 720 748 785 hibeas,
802 720 1130 791 multamque
1171 722 1347 776 cordis
1396 724 1902 793 compunctionem,
1950 735 2104 796 potes

521 812 673 867 illum
700 812 879 870 videre
899 855 913 877 ,
959 823 1108 881 potes
1138 822 1299 868 totam
1325 813 1541 870 diruere
1570 816 1854 870 maceriam
1878 856 1896 882 ,
1934 825 2102 872 totum

519 904 841 961 submovere
867 906 1222 972 obstaculum,
1249 905 1561 961 abbrevinre
1578 907 1675 961 viae
1694 908 2099 978 longitudinem.

518 992 661 1049 Deus
695 996 827 1049 enim
848 1035 865 1061 ,
909 996 1107 1065 inquit,
1156 996 1574 1066 appropinquans
1599 1013 1691 1068 ego
1717 1015 1831 1052 sum
1856 1040 1872 1064 ,
1912 1009 1960 1053 et
2000 1016 2101 1054 non

518 1082 657 1140 Deus
697 1086 876 1156 procul
907 1084 1120 1151 (λετ-ειη.
1144 1086 1236 1142 25.
1275 1088 1370 1157 23)
1390 1127 1407 1154 ,
1446 1096 1519 1155 et,
1552 1086 1805 1143 Dominus
1837 1104 1997 1158 prope
2030 1100 2104 1144 est

515 1176 745 1231 omnibus
762 1177 1106 1234 invocantibus
1132 1181 1298 1250 ipsum
1323 1180 1376 1234 in
1404 1181 1608 1235 veritate
1636 1180 1806 1252 (Psal.
1834 1183 1957 1237 144.
1988 1183 2099 1253 18).

519 1264 666 1321 Nunc
689 1274 864 1323 autem
893 1269 1045 1323 multi
1073 1270 1309 1325 ﬁdelium
1339 1270 1393 1325 in
1422 1279 1620 1326 tantam
1648 1271 1952 1326 vecordiam
1983 1282 2099 1327 tan-

519 1365 736 1428 tumque
762 1372 958 1414 venere
985 1368 1348 1429 contemptum
1368 1402 1383 1427 ,
1418 1370 1475 1415 ut
1506 1376 1626 1416 cum
1659 1361 1951 1416 innumeris
1979 1378 2100 1417 sca-

514 1453 662 1501 teant
685 1448 839 1502 malis
859 1489 875 1514 ,
919 1449 1222 1519 nullamque
1249 1451 1369 1506 vita:
1395 1468 1507 1507 sua:
1534 1466 1718 1507 curam
1746 1451 2010 1517 habeant,
2046 1453 2097 1507 in

514 1537 702 1594 diebus
730 1539 876 1595 festis
903 1541 1231 1611 negligenter
1257 1557 1321 1597 ac
1347 1552 1548 1599 temere
1582 1542 1648 1598 ad
1681 1558 1922 1600 mensam
1963 1544 2099 1599 hanc

514 1628 788 1695 accedant,
819 1629 961 1685 haud
989 1631 1360 1703 intelligentes,
1388 1633 1527 1703 quod
1553 1635 1944 1689 communionis
1963 1643 2101 1690 tem-

515 1736 616 1791 pus
640 1738 745 1777 non
766 1733 848 1778 est
876 1722 1091 1792 festum,
1120 1741 1293 1797 neque
1321 1728 1629 1794 celebritas,
1657 1728 1754 1783 sed
1775 1730 2097 1785 conscientia

514 1828 680 1883 pura,
726 1816 936 1886 vitaque
971 1832 1001 1871 a
1038 1818 1271 1886 peccatis
1309 1829 1616 1889 repurgata.
1661 1820 1811 1876 Sicut
1838 1822 1981 1876 enim
2008 1822 2097 1892 qui

511 1904 613 1959 sibi
645 1906 839 1960 nullius
882 1907 1006 1963 mali
1032 1909 1278 1965 conscius
1304 1920 1422 1974 est,
1461 1910 1602 1966 hunc
1638 1920 1851 1982 oportet
1877 1913 2099 1983 singulis

511 1994 700 2053 diebus
719 1996 1014 2062 accedere;
1056 1999 1134 2053 sic
1171 1999 1262 2069 qui
1287 2000 1519 2070 peccatis
1546 2013 1838 2071 occupatus
1865 2012 1968 2069 est,
1998 2020 2099 2060 nec

513 2090 754 2157 ptenitet,
781 2104 901 2145 eum
930 2105 999 2145 ne
1027 2090 1083 2144 in
1109 2088 1259 2146 festis
1277 2091 1490 2162 quidem
1518 2093 1772 2149 accedere
1794 2104 1964 2149 tutum
1991 2107 2093 2151 est.

511 2178 692 2249 Neque
721 2181 862 2235 enim
893 2181 1060 2237 semel
1101 2180 1156 2238 in
1199 2197 1341 2238 anno
1382 2184 1637 2240 accedere
1659 2227 1675 2252 ,
1723 2186 1908 2242 liberat
1940 2204 2039 2243 nos
2065 2204 2095 2242 a

511 2271 741 2340 peccatis
764 2312 780 2338 ,
826 2272 870 2326 si
913 2272 1129 2343 indigne
1166 2275 1587 2331 accesserimus:
1618 2278 1744 2348 quin
1793 2279 1895 2334 hoc
1924 2281 2097 2350 ipsum

512 2362 686 2431 potius
713 2371 871 2433 auget
895 2363 1290 2421 damnationem
1308 2407 1323 2430 ,
1371 2367 1511 2437 quod
1537 2383 1660 2425 cum
1688 2370 1859 2425 semel
1890 2380 2094 2427 tantum

506 2452 857 2519 accedamus,
900 2470 968 2510 ne
1016 2464 1126 2512 tum
1172 2457 1387 2528 quidem
1434 2474 1562 2528 pure
1604 2462 1925 2517 accalimus.
1954 2464 2091 2531 Qua-

509 2554 725 2613 propter
766 2545 1026 2601 adhortor
1053 2563 1150 2603 vos
1192 2563 1383 2605 omnes
1428 2565 1498 2606 ne
1543 2551 1890 2622 negligenter,
1929 2555 2095 2610 veluti

507 2636 645 2690 festo
668 2634 757 2690 die
781 2646 1003 2706 cogente
1021 2678 1040 2705 ,
1080 2638 1148 2693 ad
1172 2639 1351 2695 divina
1376 2642 1628 2711 mysteria
1665 2642 1933 2698 accedatis
1950 2685 1968 2711 ,
1996 2646 2094 2701 sed

506 2726 553 2780 si
590 2726 803 2795 quando
832 2727 990 2797 hujus
1017 2745 1181 2786 sacrae
1222 2730 1407 2786 hostia:
1436 2731 1598 2787 futuri
1633 2733 1917 2804 participes
1940 2736 2091 2800 esus,

505 2818 687 2871 nniltis
729 2829 853 2874 ante
893 2819 1082 2875 diebus
1126 2824 1421 2893 repurgetis
1450 2839 1548 2879 vos
1580 2825 1724 2895 ipsos
1754 2824 1772 2857 ³
1800 2841 1897 2898 per
1923 2828 2093 2897 paeni-

506 2913 754 2977 tentiam,
786 2912 1145 2983 precationem
1166 2924 1220 2971 et
1245 2915 1657 2988 eleemosynam,
1693 2934 1891 2990 perque
1931 2921 2090 2990 spiri-

506 3006 702 3060 tnalem
726 3006 1178 3073 exercitationem,
1209 3022 1310 3063 nec
1336 3008 1513 3064 denuo
1532 3011 1916 3065 convertamini
1941 3012 2092 3068 canis

505 3098 558 3153 in
582 3113 786 3153 morem
810 3097 875 3152 ad
902 3100 1172 3169 proprium
1199 3100 1479 3155 vomitum.
1511 3102 1704 3158 Annon
1732 3103 1877 3156 enim
1903 3102 2092 3158 absuro

500 3189 629 3243 dum
668 3197 868 3244 tantam
914 3188 1111 3245 habere
1149 3204 1332 3245 curam
1384 3206 1566 3247 rerum
1593 3193 1946 3263 corporalium
1971 3235 1987 3260 ,
2034 3204 2093 3250 ut

498 3289 782 3349 appetente
829 3278 966 3336 festo
1001 3279 1183 3336 multis
1222 3289 1349 3337 ante
1373 3280 1562 3338 diebus
1588 3291 1789 3340 vestem
1818 3299 1850 3339 e
1877 3285 2089 3341 scriniis

500 3370 913 3439 pulcherrimam
940 3370 1223 3442 diligenter
1250 3387 1499 3442 appares,
1526 3388 1675 3429 emas
1703 3376 2086 3442 calceamenta,

498 3475 686 3514 mensa
715 3460 912 3531 largior
927 3462 1359 3533 splendidiorque
1383 3473 1618 3533 paretur,
1641 3465 1870 3541 denique
1888 3469 2087 3524 variam

500 3552 842 3623 undiquaque
882 3568 1063 3609 rerum
1109 3554 1319 3623 copiam
1365 3556 1674 3627 excogites,
1729 3561 2087 3631 omnibusque

498 3642 672 3699 modis
695 3645 1030 3715 temetipsum
1066 3660 1225 3701 ornes
1240 3685 1257 3713 ,
1282 3646 1612 3717 nitidumque
1635 3648 1829 3706 reddas
1857 3652 2087 3707 :animte

497 3750 628 3790 vero
670 3735 927 3805 neglecta:
946 3775 965 3804 ,
1006 3734 1274 3791 sordentia
1296 3777 1313 3805 ,
1348 3738 1636 3807 squalidae,
1667 3739 1804 3795 fame
1827 3742 2085 3797 contabe-

495 3827 697 3882 scentis
735 3827 937 3882 nullum
977 3827 1176 3883 habeas
1204 3837 1506 3899 reSpectum
1548 3845 1671 3885 cum
1714 3831 1829 3886 sola
1872 3842 2085 3888 maneat

498 3921 728 3991 impura,
756 3934 821 3975 ac
843 3933 1039 3990 corpus
1056 3919 1269 3990 quidem
1295 3919 1520 3976 nitidum
1545 3920 1652 3978 huc
1672 3922 1929 3991 adducas,
1958 3925 2079 3979 ani—

557 4099 572 4129 ι
610 4104 757 4148 Deest
781 4099 830 4148 tn
847 4097 1131 4162 quibusdam
1145 4103 1273 4160 Mss,
1297 4109 1378 4149 vos
1398 4096 1545 4162 ipsos.

1269 334 1325 390 S.
1359 336 1644 393 JOANNIS
1671 331 2151 391 CHRYSOSTOMI
2190 337 2509 394 ARCHIEP.
2549 338 3081 401 CONSTANTINOP.

2214 467 2354 506 mam
2376 467 2504 508 vero
2534 454 2728 509 nudam
2755 456 3118 529 incultamque
3135 459 3161 513 ἲ
3179 460 3335 532 Atqui
3362 480 3550 535 corpus
3564 474 3753 540 quidem

2209 543 2356 599 videt
2395 559 2727 612 conservus,
2779 563 2953 618 neque
3001 551 3287 621 quidquam
3337 566 3419 611 est
3459 559 3752 632 detrimenti,

2211 632 2712 704 quomodocumque
2753 636 2912 691 fuerit
2949 638 3187 694 habitum
3216 658 3230 694 :
3258 643 3397 698 illam
3423 657 3592 705 autem
3628 654 3755 710 videt

2211 721 2502 787 Dominus,
2555 727 2648 794 qui
2693 727 3005 796 gravissime
3054 731 3209 799 punit
3259 736 3635 807 negligentiam.
3682 747 3753 800 An

2208 814 2426 868 nescitis
2448 816 2589 885 quod
2614 816 2728 871 hanc
2758 832 2943 874 mensa
2969 820 3123 889 plena
3149 834 3234 878 est
3261 825 3379 894 igne
3410 829 3653 899 spirituah
3670 876 3683 898 ,
3708 848 3755 892 et

2207 905 2652 972 quemadmodum
2695 906 2869 964 fontes
2910 925 3062 980 aqua:
3092 913 3203 968 vim
3239 917 3499 973 exundant
3525 961 3538 985 ,
3566 922 3631 977 ita
3659 925 3757 982 hac

2206 992 2474 1049 ﬂammam
2503 998 2783 1066 quamdam
2816 999 2975 1056 habet
2999 1016 3247 1059 arcanam
3274 1006 3395 1062 ἳΝο
3424 1010 3577 1078 igitur
3598 1030 3755 1071 acces-

2206 1086 2344 1141 seris
2369 1087 2619 1158 stipulam
2657 1089 2885 1147 at'ferens
2906 1132 2923 1159 ,
2965 1108 3074 1149 non
3113 1096 3253 1166 ligna
3276 1138 3292 1164 ,
3322 1115 3424 1154 non
3452 1100 3638 1159 faenum
3655 1146 3670 1171 ,
3697 1124 3754 1164 ne

2204 1188 2399 1244 augeas
2438 1177 2740 1235 incendium
2767 1222 2783 1248 ,
2830 1173 3130 1254 exurasque
3173 1186 3404 1243 animam
3442 1191 3506 1246 ad
3545 1209 3756 1250 comma.

2204 1266 2419 1358 nionem
2455 1270 2796 1328 accedentem
2832 1290 2846 1326 :
2873 1274 2969 1330 sed
3003 1277 3200 1333 accede
3227 1278 3402 1336 ferens
3431 1281 3622 1352 lapides
3644 1303 3751 1358 pre-

2205 1356 2370 1411 tiosos
2394 1401 2408 1421 ,
2438 1374 2655 1426 aurum,
2684 1371 2964 1433 argentum
2985 1406 3001 1431 ,
3023 1381 3130 1436 quo
3157 1369 3425 1436 puriorem
3452 1356 3752 1431 reddas—nia-

2204 1448 2434 1513 teriam,
2475 1451 2748 1521 multoque
2773 1468 2896 1509 cum
2940 1455 3090 1511 lucro
3133 1458 3396 1514 discedas.
3425 1463 3478 1517 Si
3506 1467 3622 1533 quid
3646 1468 3751 1523 maii

2203 1547 2322 1605 est,
2353 1540 2535 1611 abigas
2560 1543 2628 1598 ab
2651 1546 2850 1601 animo.
2883 1546 3054 1604 Habet
3074 1551 3192 1621 quis
3220 1552 3520 1622 inimicum,
3550 1560 3755 1627 graviter

2203 1629 2361 1685 lmsus
2385 1641 2470 1686 est
2486 1673 2501 1696 ,
2533 1634 2705 1690 solvat
2730 1636 3074 1705 simultatem,
3102 1651 3351 1698 coerceat
3377 1647 3604 1701 animum
3625 1663 3754 1703 exar-

2202 1719 2510 1776 descentem
2555 1723 3107 1798 intumescentemque
3128 1772 3144 1795 ,
3187 1747 3257 1786 ne
3281 1733 3402 1803 quis
3427 1735 3496 1789 sit
3521 1737 3654 1792 intus
3680 1750 3750 1792 tuo

2201 1812 2400 1867 multus
2443 1820 2536 1867 aut
2582 1815 2932 1883 perturbatio.
2981 1818 3181 1889 Regem
3221 1822 3366 1876 enim
3393 1836 3755 1894 excepturuses

2202 1917 2301 1972 per
2340 1911 2770 1962 communionem
2799 1925 2814 1961 :
2843 1922 2966 1963 cum
3003 1920 3181 1965 autem
3227 1928 3323 1968 rex
3353 1914 3637 1985 ingreditur
3658 1920 3754 1973 ani-

2200 2008 2364 2061 mam,
2395 2005 2606 2067 oportet
2632 2012 2876 2068 magnam
2898 2014 3017 2055 esse
3047 2003 3500 2072 tranquillitatem,
3528 2008 3755 2062 multum-

2200 2098 2305 2155 que
2329 2086 2623 2154 silentium,
2655 2088 2975 2159 profundam
2998 2094 3381 2164 cogitationum
3401 2097 3641 2166 quietem.
3664 2098 3753 2155 Sed

2198 2180 2454 2236 atrociter
2473 2180 2631 2238 laesus
2650 2197 2729 2247 es,
2757 2198 2857 2239 nec
2881 2194 3031 2255 potes
3056 2186 3188 2241 iram
3207 2189 3497 2245 remittere.
3524 2191 3601 2245 An
3619 2190 3755 2261 igitur

2201 2268 2425 2338 teipsum
2452 2274 2620 2342 magis
2644 2273 2803 2329 etiam
2832 2284 2888 2330 et
2915 2277 3132 2345 gravius
3162 2277 3372 2333 laedes?
3413 2280 3589 2351 Neque
3623 2283 3747 2337 enim

2200 2361 2363 2415 tantis
2388 2362 2541 2419 malis
2570 2373 2620 2420 te
2666 2365 2862 2422 afﬁciet
2901 2368 3149 2424 inimicus
3188 2385 3535 2441 quaecumque
3569 2372 3747 2435 fecerit,

2198 2451 2393 2520 quibus
2432 2454 2657 2524 teipsum
2683 2456 2850 2512 afﬁcis
2871 2499 2886 2523 ,
2937 2459 2982 2513 si
3024 2475 3129 2514 non
3162 2460 3237 2515 illi
3266 2463 3646 2529 reconcilieris,
3671 2463 3752 2518 sed

2199 2540 2297 2597 Dei
2324 2541 2469 2612 leges
2507 2546 2862 2602 conculcatis.
2903 2547 2997 2603 Ille
3027 2557 3080 2604 te
3105 2551 3433 2606 contumelia
3461 2551 3655 2618 affecit,
3679 2552 3751 2607 die

2198 2632 2351 2700 mihi,
2380 2651 2505 2690 num
2528 2637 2724 2693 tuideo
2754 2638 2920 2694 Deum
2949 2638 3154 2697 afﬁcias
3178 2644 3544 2699 contumelia?
3568 2643 3750 2699 Etenim

2199 2739 2306 2777 non
2338 2725 2576 2795 recipere
2623 2727 2675 2781 in
2721 2728 2943 2798 gratiam
2970 2745 3092 2785 eum
3131 2731 3222 2801 qui
3259 2732 3555 2788 molestiam
3582 2732 3750 2799 attulit,

2198 2830 2306 2869 non
2338 2825 2444 2870 tam
2470 2825 2552 2871 est
2589 2817 2734 2872 illum
2764 2819 2984 2885 ulcisci,
3014 2836 3172 2890 quam
3212 2821 3433 2878 afﬁcere
3463 2822 3750 2878 contumelia

2197 2904 2363 2959 Deum
2387 2946 2406 2975 ,
2451 2906 2585 2977 legis
2614 2907 2771 2978 hujus
2812 2917 3105 2966 auctorem.
3153 2912 3387 2969 Proinde
3423 2929 3491 2968 ne
3525 2912 3749 2983 respicias

2198 2999 2267 3054 ad
2296 3015 2646 3068 conservum,
2687 3018 2860 3072 neque
2898 3003 2967 3058 ad
3004 3004 3424 3075 magnitudinem
3450 3006 3749 3076 injuriarum,

2195 3106 2329 3161 quas
2373 3091 2548 3147 intulit
2591 3092 2680 3147 ille
2709 3134 2723 3157 ,
2773 3092 2867 3148 sed
2909 3095 3113 3162 Deum,
3164 3096 3416 3166 illiusque
3460 3098 3684 3152 timorem
3708 3096 3751 3149 in

2193 3186 2373 3241 animo
2395 3184 2619 3253 habens,
2653 3186 2704 3241 id
2736 3195 2909 3242 tecum
2935 3198 3143 3259 reputa,
3170 3199 3220 3243 te
3248 3204 3359 3258 quo
3387 3190 3636 3259 majorem
3662 3190 3750 3243 vim

2193 3278 2496 3335 admoveris
2540 3280 2720 3334 animo
2764 3288 2893 3346 tuo,
2939 3281 3382 3357 post_innumera
3424 3284 3555 3338 mala
3578 3296 3749 3352 cogens

2193 3369 2341 3424 illum
2370 3369 2545 3426 redire
2567 3371 2621 3427 in
2642 3370 2863 3441 gratiam
2884 3386 3003 3426 cum
3026 3386 3115 3436 eo,
3142 3373 3230 3442 qui
3251 3373 3554 3428 molestiam
3580 3372 3750 3435 intulit,

2193 3472 2341 3518 tanto
2371 3465 2543 3533 majus
2573 3464 2849 3533 praemium
2875 3464 3105 3520 laturum
3129 3480 3159 3518 a
3185 3464 3300 3519 Deo
3323 3506 3340 3531 ,
3370 3465 3459 3536 qui
3500 3465 3607 3519 ιιωο
3631 3478 3751 3533 prze-

2192 3555 2353 3624 cepit.
2390 3555 2457 3612 Et
2483 3555 2621 3609 sicut
2649 3555 2734 3610 hic
2764 3554 2930 3609 Deum
2956 3555 3156 3625 excipis
3184 3556 3360 3611 multo
3397 3572 3515 3611 cum
3553 3554 3749 3618 honore,

2189 3644 2269 3701 sic
2288 3653 2342 3700 et
2371 3646 2484 3715 ipse
2509 3653 2562 3700 te
2591 3646 2700 3700 illic
2725 3645 2891 3699 multa
2916 3660 3038 3699 cum
3061 3645 3232 3716 gloria
3259 3647 3528 3717 excipiet,
3554 3643 3746 3699 reddet-

2188 3749 2295 3805 que
2328 3734 2423 3790 tibi
2460 3734 2814 3804 millecuplam
2861 3735 3015 3790 istius
3060 3734 3384 3790 obedientite
3428 3734 3747 3790 mercedem:

2188 3840 2349 3895 quam
2398 3825 2549 3880 nobis
2597 3826 2845 3880 omnibus
2885 3826 3102 3896 assequi
3148 3827 3465 3898 contingat,
3511 3827 3667 3898 gratia
3704 3835 3750 3878 et

2187 3917 2520 3988 benignitate
2568 3919 2778 3973 Domini
2826 3919 2995 3973 nostri
3041 3917 3168 3974 Jesu
3217 3918 3454 3986 Christi,
3502 3934 3618 3974 cum
3660 3930 3749 3987 quo

2184 4007 2358 4077 gloria
2405 4009 2473 4063 sit
2518 4008 2695 4073 Patri,
2737 4007 2947 4074 honor,
2993 4008 3273 4078 imperium
3303 4020 3358 4065 et
3386 4010 3649 4074 adoratio,
3685 4006 3749 4060 si-

2186 4097 2402 4167 mulque
2430 4108 2617 4153 sancto
2642 4097 2860 4166 Spiritui
2892 4097 2944 4168 in
2968 4098 3160 4153 smcula
3190 4099 3511 4154 saeculorum
3531 4139 3546 4164 ,
3578 4103 3729 4152 Amen

491 4320 555 4365 IN
602 4322 740 4378 IOS,
785 4321 897 4376 QUI
938 4323 1024 4366 ΔΙ)
1066 4321 1352 4366 8ΪΠΔΧΙΙΙ
1393 4321 1523 4365 NON
1564 4321 2053 4378 OCCURRERUNT,
2111 4321 2195 4365 ET
2244 4321 2418 4374 QUOD
2473 4323 2681 4366 FILIUS
2735 4323 2925 4366 PATBI
2986 4324 3087 4368 SIT
3137 4318 3743 4371 CONSUBSTANTIALIS,

571 4423 1090 4486 υπωοκετιιλτιο,
1134 4423 1435 4477 QUODQUE
1477 4425 1584 4481 ΕΔ,
1630 4422 1774 4477 ΩυΕ
1818 4422 2091 4486 ,Ηυκιιιτι

2255 4423 2338 4467 ΑΒ
2373 4422 2455 4467 ΕΟ
2497 4423 2688 4467 DICTA
2715 4423 2879 4467 SUNT
2910 4424 2993 4467 ET
3032 4423 3261 4478 FACTA,
3307 4424 3434 4468 NON
3489 4419 3747 4466 PROPTER

570 4485 1113 4568 IMBECILLITATEII
1154 4523 1509 4580 POTENTIE,
1557 4523 1677 4568 νει
1717 4524 1803 4566 UT
1842 4522 2050 4567 ΜιΝοιι
2089 4536 2091 4551 ι

2195 4523 2484 4579 ῐθΕΔΤῦιι,
2527 4523 2732 4566 FACTA
2773 4522 2914 4565 SINT
2946 4523 3029 4565 ET
3069 4522 3257 4565 DICTA
3282 4548 3299 4578 ,
3346 4522 3462 4565 δεῖ)
3489 4515 3747 4563 PROPTER

573 4624 869 4669 DIVERSAS
930 4622 1443 4669 DISPENSATIONIS
1496 4623 1806 4667 RATIONES
1851 4624 1867 4666 ἒ

469 4774 481 4783 ,
570 4726 891 4780 QUENTEB.
1414 4700 1431 4718 ’

1932 4623 2021 4666 EX
2060 4622 2526 4667 DISPUTATIONE
2568 4623 2653 4665 DE
2694 4622 3371 4679 INCONPREHENSIBILI,
3416 4624 3498 4665 ET
3538 4619 3746 4665 σοΝεεο

1902 4848 2345 4889 «tum

1028 5005 1249 5047 ιιοιιιιιλ
1285 5004 1346 5047 δε
1353 5004 1535 5046 ΡΤΙΙΙΔ.

561 5169 611 5223 ι.
642 5167 839 5224 lterum
874 5166 1131 5222 circensia
1156 5205 1172 5229 ,
1220 5165 1518 5236 iterumque
1562 5166 1718 5222 nobis
1760 5166 2074 5223 imminutus

488 5269 570 5315 est
610 5269 903 5314 conventus
933 5275 946 5311 :
975 5259 1083 5313 imo
1107 5273 1237 5314 vero
1266 5258 1518 5328 quamdiu
1542 5272 1640 5313 vos
1680 5258 1882 5314 adestis
1900 5301 1917 5325 ,
1959 5256 2073 5315 ﬁeri

488 5349 705 5415 nequit,
744 5357 803 5403 ut
834 5348 1194 5403 imminuatur.
1237 5346 1372 5403 Nam
1400 5349 1537 5403 sicut
1566 5348 1795 5419 agricola
1820 5348 1867 5402 si
1892 5349 2074 5418 fruges

488 5439 696 5496 adultas
736 5439 928 5495 viderit
961 5447 1015 5495 et
1050 5449 1284 5494 maturas
1307 5480 1323 5507 ,
1354 5439 1496 5510 quod
1541 5439 1733 5495 cadant
1758 5440 1881 5495 folia
1904 5480 1921 5507 ,
1968 5457 2073 5496 non

490 5533 774 5589 admodmn
817 5535 1114 5589 curatzsic
1156 5535 1405 5589 nimirum
1435 5543 1489 5590 et
1513 5549 1653 5605 ego,
1705 5547 1828 5589 cum
1872 5533 2074 5589 fructus

491 5623 647 5678 nobis
672 5624 844 5687 adsit,
889 5638 995 5679 non
1037 5624 1110 5679 ita
1136 5624 1293 5680 doleo
1320 5665 1336 5691 ,
1365 5624 1491 5679 dum
1536 5625 1663 5680 folia
1704 5625 1858 5681 nobis
1903 5625 2073 5695 abripi

491 5726 676 5768 cerno.
728 5715 855 5769 Mihi
907 5715 1119 5784 quidem
1171 5725 1389 5786 propter
1437 5717 1648 5773 illorum
1697 5717 2073 5788 negligentiam

490 5799 641 5857 dolet
659 5841 678 5870 ,
718 5813 1081 5867 verumtamen
1104 5813 1422 5879 conceptum
1449 5806 1520 5866 ob
1547 5806 1671 5868 illos
1706 5807 1949 5867 dolorem
1974 5809 2075 5866 mi-

2179 4990 2313 5061 tigat
2352 4996 2550 5044 vestrm
2589 4985 2837 5041 alacritas
2865 4984 3136 5041 caritatis.
3184 4984 3474 5041 Enimvero
3499 4982 3571 5037 illi
3590 4992 3744 5050 quan-

2177 5081 2380 5138 tumvis
2401 5079 2714 5135 advenerint
2740 5077 3042 5149 aliquando,
3072 5092 3140 5133 ne
3166 5089 3274 5132 tum
3304 5076 3518 5146 quidem
3545 5072 3739 5133 adsunt,

2175 5172 2271 5229 sed
2299 5172 2385 5227 hic
2406 5171 2621 5242 quidem
2651 5185 2847 5241 corpus
2874 5185 3059 5225 eorum
3087 5178 3172 5225 est
3198 5170 3380 5233 situm,
3409 5182 3557 5223 mens
3582 5172 3741 5220 autem

2176 5262 2307 5319 foris
2348 5269 2613 5332 vagatur:
2642 5268 2699 5315 at
2734 5274 2830 5315 vos
2872 5260 2996 5314 licet
3041 5258 3228 5315 absitis
3270 5256 3586 5327 aliquando,
3624 5262 3738 5306 tunc

2176 5354 2335 5409 etiam
2360 5351 2560 5408 adestis
2587 5370 2601 5406 :
2633 5365 2828 5421 corpus
2856 5351 2997 5406 enim
3021 5357 3258 5404 vestrum
3283 5348 3412 5401 foris
3431 5388 3447 5411 ,
3482 5360 3626 5400 mens
3652 5356 3739 5395 auo

2177 5453 2284 5500 tem
2307 5444 2393 5498 hic
2421 5454 2601 5498 vestra
2622 5450 2885 5497 versatur.
2906 5440 3207 5496 Statueram
3230 5437 3473 5507 equidem
3500 5434 3736 5505 prolixam

2177 5533 2232 5588 in
2261 5533 2380 5589 illos
2400 5533 2696 5588 orationem
2718 5530 2954 5595 habere;
2991 5529 3083 5585 sed
3115 5544 3203 5595 ne,
3232 5530 3357 5584 dum
3386 5525 3595 5580 minime
3620 5533 3740 5590 pra:-

2186 5632 2398 5690 sentes,
2441 5637 2544 5677 nec
2582 5622 2864 5677 audientes
2907 5622 3163 5689 increpo,
3204 5632 3323 5674 enm
3369 5616 3551 5671 umbra
3577 5610 3740 5665 videar

2177 5713 2483 5784 depugnare
2506 5753 2521 5778 ,
2563 5713 2646 5769 his
2670 5712 3008 5769 sermonibus
3036 5711 3090 5765 in
3119 5709 3330 5765 illorum
3356 5705 3629 5761 adventum
3657 5713 3735 5753 re-

2180 5807 2436 5878 servatis,
2481 5805 2550 5864 ad
2574 5816 2887 5866 consuetum
2898 5807 3186 5880 Scriptura
3210 5811 3419 5877 pratum
3441 5815 3506 5859 ac
3530 5797 3729 5871 pelagus
