3918 6364
196 446 299 505 ἐστι
326 446 459 501 πολὺ
487 445 551 501 τὸ
577 446 764 519 μέσον,
804 446 872 501 ἂν
907 446 1201 518 ἐθέλωμεν.
1249 446 1322 502 Οὑ
1364 445 1475 520 γάρ
1510 447 1749 515 πέλαγος

194 531 389 601 ἀνάγκη
417 530 767 600 διαπερᾶσαι,
808 530 929 583 οὑδὲ
956 529 1103 601 όρῶν
1136 529 1438 602 ὑπερϐῆναι
1479 529 1746 601 κορυφάς,

190 614 295 669 ἀλλ’
323 612 456 667 οἴκοι
485 612 810 685 καθήμενον,
843 611 1129 666 εὑλάϐειαν
1166 611 1608 683 ἐπιδεικνύμενον
1654 611 1751 665 καὶ

192 696 377 768 πολλὴν
417 696 517 767 τὴν
536 694 846 761 κατάνυξιν,
876 694 1023 749 ἐστιν
1051 695 1179 749 ίδεῖν
1213 706 1239 735 ⁸
1272 695 1419 749 ἅπαν
1446 692 1749 749 καταλῦσαι

188 780 243 835 τὸ
285 781 501 851 τειχίον,
544 778 753 833 ἀνελεῖν
809 778 872 831 τὸ
908 778 1156 850 κώλυμα,
1196 780 1466 833 συστεῖλαι
1498 779 1598 849 τῆς
1627 777 1748 832 ὁδοῦ

188 866 243 918 τὸ
272 865 457 935 μῆκος·
490 863 633 929 Θεὸς
664 863 775 932 γὰρ
794 860 1038 932 ﬁrm-H.201“
1058 861 1172 934 ἐγώ
1195 865 1333 933 εἰμι,
1366 863 1519 934 φησὶ,
1549 863 1647 917 καὶ
1676 863 1749 915 οὐ

189 949 323 1014 Θεὸς
372 947 695 1016 πόρῤωθεν·
750 950 869 1010 καὶ,
921 946 1134 1017 Ἐγγὺς
1181 950 1399 1016 Κύριος
1434 945 1585 1002 πᾶσι
1626 946 1751 1012 τοῖς

185 1028 670 1100 ἐπικαλουμένοις
708 1029 899 1084 αὑτὸν
940 1029 1011 1083 ἐν
1062 1030 1334 1098 ἀληθείᾳ.
1387 1029 1504 1082 Νῦν
1557 1028 1616 1082 δὲ
1671 1030 1751 1093 εἰς

186 1112 396 1168 τοσοῦτο
439 1113 624 1176 ἀνοίας
657 1112 752 1166 καὶ
789 1114 1255 1185 καταφρονήσεως
1286 1111 1473 1167 πολλοὶ
1518 1113 1629 1166 τῶν
1661 1130 1749 1166 mo

189 1197 318 1252 στῶν
356 1196 704 1269 ὲληλάκασιν,
744 1196 821 1260 ὡς
858 1197 957 1250 καὶ
991 1197 1202 1267 μυρίων
1237 1197 1501 1267 γέμοντες
1541 1196 1748 1261 κακῶν,

185 1281 270 1334 καὶ
317 1279 582 1352 μηδεμίαν
624 1279 761 1343 ὅλως
801 1277 1009 1333 ἑαυτῶν
1060 1279 1379 1349 ἐπιμέλειαν
1416 1279 1748 1351 ποιούμενοι,

187 1365 359 1428 ἁπλῶς
406 1365 499 1418 καὶ
546 1364 620 1427 ὡς
659 1364 848 1435 ἔτυχεν
890 1364 948 1417 ὲν
989 1365 1110 1426 ταῖς
1153 1365 1367 1435 ἑορταῖς
1400 1366 1466 1435 τῇ
1500 1363 1753 1438 τραπέζῃ

186 1447 345 1519 ταύτῃ
368 1446 786 1520 προσέρχονται,
822 1447 923 1500 ούκ
951 1447 979 1487 b
1006 1446 1207 1509 εἰδότες
1231 1446 1314 1499 ὅτι
1343 1447 1534 1518 καιρὸς
1559 1464 1747 1500 κοινω-

188 1533 293 1594 νίας
323 1533 420 1604 οὐχ
459 1533 627 1604 ἑορτὴ
654 1531 749 1586 καὶ
776 1532 1105 1602 πανήγυρις,
1136 1529 1271 1584 ἀλλά
1307 1530 1547 1594 συνειδὸς
1583 1532 1754 1585 καθα-

189 1618 270 1688 ρὺν
294 1618 388 1671 καὶ
427 1617 543 1687 βίος
575 1615 937 1686 ἐγκλημάτων
971 1613 1410 1687 ἀπηλλαγμένος.
1445 1616 1555 1670 Καὶ
1579 1616 1752 1670 καθά-

188 1720 279 1775 περ
307 1702 396 1756 τὸν
424 1701 578 1756 οὐδὲν
610 1699 788 1771 ἑαυτῷ
817 1700 1087 1753 συνειδότα
1134 1700 1337 1770 φαῦλον
1368 1700 1488 1754 καθ’
1516 1701 1754 1773 ἑκάστην

184 1787 257 1840 δεῖ
289 1786 566 1859 προσιέναι
603 1784 703 1857 τὴν
738 1784 973 1856 ἡμέραν,
1003 1782 1147 1838 οὕτω
1174 1784 1266 1838 τὸν
1296 1786 1354 1837 ὲν
1391 1786 1753 1857 ἁμαρτήμασι

187 1869 736 1944 προκατειλημμένον,
763 1871 858 1923 καὶ
881 1870 956 1941 μὴ
981 1869 1344 1940 μετανοοῦντα
1369 1870 1489 1923 οὑδὲ
1510 1872 1567 1923 ὲν
1591 1872 1751 1943 ἑορτῇ

185 1957 451 2029 προσιέναι
483 1954 743 2025 ἀσφαλές.
772 1955 849 2008 υὺ
877 1952 990 2026 γὰρ
1020 1953 1086 2025 δὴ
1117 1953 1180 2007 τὸ
1212 1952 1357 2021 ἅπαξ
1381 1954 1476 2008 τοῦ
1507 1956 1753 2009 ἐνιαυτοῦ

185 2042 490 2114 προσελθεῖν
540 2039 873 2095 ἀπαλλάττει
927 2038 1038 2092 τῶν
1085 2038 1451 2111 ἐγκλημάτων
1482 2041 1654 2112 ἡμᾶς,
1688 2041 1755 2096 ἂν

185 2124 400 2190 ἀναξίως
454 2123 797 2196 προσίωμεν,
850 2122 966 2177 ἀλλ’
1003 2122 1138 2176 αὐτὸ
1179 2123 1243 2195 δὴ
1286 2122 1447 2177 τοῦτο
1493 2124 1756 2193 μειζόνως

186 2210 549 2275 καταδικάζει,
594 2209 678 2262 ὅτι
724 2207 1054 2280 ἅπαξ
1089 2207 1431 2280 προσιόντες,
1462 2207 1584 2262 οὐδὲ
1633 2209 1755 2262 τότε

186 2292 421 2367 καθαρῶς
443 2293 639 2365 προσίε
650 2309 766 2363 μεν.
783 2291 1052 2347 Διάτοῦτο
1068 2290 1372 2363 παρακαλῶ
1387 2291 1596 2354 πάντας
1612 2291 1758 2361 ὑμᾶς

188 2379 256 2451 μὴ
300 2378 490 2443 ἁπλῶς
534 2377 623 2431 διὰ
661 2375 759 2448 τὴν
803 2377 904 2448 τῆς
939 2376 1134 2448 ἑορτῆς
1172 2375 1420 2447 ἀνάγκην
1461 2375 1570 2429 τῶν
1597 2375 1757 2430 θείων

187 2462 434 2518 ἅπτεσθαι
498 2461 833 2533 μυστηρίων·
899 2459 1014 2514 ἀλλ’
1068 2461 1125 2512 εί
1171 2477 1303 2514 ποτε
1363 2458 1608 2530 μέλλοιτε
1656 2459 1759 2531 τῆς

187 2547 330 2616 ἁγίας
357 2546 567 2618 ταύτης
591 2544 837 2617 μεθέξειν
876 2546 1214 2616 προσφορᾶς,
1247 2544 1354 2611 πρὸ
1387 2542 1596 2597 πολλῶν
1621 2545 1761 2615 ἡμε-

188 2631 283 2706 ρῶν
311 2633 541 2695 ὲαυτοὺς
571 2642 594 2671 ο
617 2629 988 2700 διακαθαίρειν
1026 2628 1114 2682 διὰ
1147 2629 1433 2700 μετανοίας
1468 2630 1563 2683 καὶ
1591 2629 1759 2701 εὐχῆς

188 2718 270 2770 καὶ
309 2714 684 2789 ὲλεημοσύνης
731 2714 825 2768 καὶ
855 2714 955 2785 τῆς
989 2714 1117 2784 περὶ
1150 2713 1221 2765 τὰ
1259 2712 1608 2785 πνευματικά
1644 2730 1760 2784 σχο-

187 2802 293 2873 λῆς,
324 2803 415 2856 καὶ
446 2801 528 2874 μὴ
554 2800 716 2854 πάλιν
750 2797 1178 2869 ἐπιστρέφεσθαι
1209 2796 1462 2870 καθάπερ
1488 2797 1633 2852 κύων
1667 2798 1762 2851 ἐπὶ

191 2886 270 2940 τὸν
299 2886 427 2940 ἴδιον
465 2885 685 2956 ἔμετον.
717 2883 845 2946 Πῶς
880 2881 991 2952 γὰρ
1025 2882 1126 2935 οὑκ
1154 2880 1352 2935 ἄτοπον
1380 2880 1488 2934 τῶν
1526 2882 1625 2952 μὲν
1655 2898 1760 2935 σω-

193 2971 417 3041 ματικῶν
464 2969 741 3039 τοσαύτην
777 2965 1048 3020 ποιεῖσθαι
1085 2966 1185 3036 τὴν
1229 2964 1567 3036 ἐπιμέλειαν,
1618 2963 1758 3018 ὥστε

192 3055 363 3126 ἑορτῆς
381 3052 769 3127 παραγούσης,
806 3049 913 3121 πρὸ
942 3047 1152 3102 πολλῶν
1174 3047 1399 3119 ἡμερῶν
1420 3047 1515 3100 καὶ¹
1545 3046 1760 3118 ἱμάτιον

193 3139 248 3191 ὲκ
266 3139 369 3191 τῶν
389 3137 669 3192 κιϐωτίων
694 3135 756 3189 τδ
780 3134 1066 3188 κάλλιστον
1092 3129 1449 3202 ἀνελομένους
1477 3147 1764 3201 προευτρε-

193 3221 370 3288 πίζειν,
400 3222 506 3277 καὶ
535 3219 865 3291 ὑποδήματα
893 3215 1171 3279 ὠνεῖσθαι,
1202 3214 1296 3267 καὶ
1321 3210 1567 3285 τραπέζῃ
1609 3212 1763 3282 δαψι-

192 3303 405 3380 λεστέρᾳ
445 3304 783 3376 κεχρῆσθαι,
818 3302 915 3357 καὶ
945 3299 1171 3363 πολλοὺς
1202 3296 1467 3380 πάντοθεν
1497 3313 1762 3368 προσεπι·

193 3393 316 3445 νοεῖν
342 3379 574 3462 πόρους,
627 3387 722 3442 καὶ
764 3386 930 3440 παντὶ
982 3383 1170 3456 τρόπῳ
1223 3379 1536 3454 φαιδρύνειν
1568 3380 1761 3462 ἑαυτὸν

193 3473 275 3525 καὶ
300 3470 687 3535 καλλωπίζειν·
718 3469 818 3541 τῆς
856 3468 914 3523 δὲ
945 3467 1125 3538 ψυχῆς
1168 3465 1543 3538 ὴμελημένης,
1581 3461 1763 3534 ῥυπώ-

193 3573 301 3629 σης,
344 3555 672 3630 αὑχμώσης,
717 3552 862 3626 λιμῷ
921 3552 1394 3624 διαφθειρομένης.
1449 3550 1761 3622 ἀκαθάρτου

197 3640 447 3713 μενούσης
489 3639 692 3711 μηδένα
720 3636 991 3692 ποιεῖσθαι
1020 3635 1198 3705 λόγον,
1228 3634 1365 3689 ἀλλά
1388 3635 1447 3689 τὸ
1481 3634 1580 3706 μὲν
1603 3633 1764 3705 σῶμα

196 3723 593 3788 καλλωπίζοντα
633 3720 872 3790 εἰσάγειν
909 3719 1161 3783 ἐνταῦθα,
1203 3718 1419 3790 ἐκείνην
1458 3718 1516 3771 δὲ
1548 3718 1764 3789 γυμνὴν

195 3807 278 3860 καὶ
326 3804 754 3879 ἀσχημονοῦσαν
799 3805 1097 3876 περιορᾷν;
1153 3802 1347 3856 Καίτοι
1387 3802 1545 3856 τοῦτο
1594 3801 1694 3873 μὲν
1738 3804 1767 3855 ὁ

196 3889 464 3955 σύνδουλος
514 3891 639 3962 ὁρᾷ,
662 3890 767 3942 καὶ
810 3887 1005 3959 βλάϐος
1035 3886 1187 3940 οὐδὲν
1229 3885 1333 3940 κᾶν
1362 3883 1612 3940 ὁπωσοῦν
1648 3885 1766 3938 δια-

249 4045 275 4107 _‘
303 4043 433 4096 Ἰδεῖν
454 4046 604 4097 deest
624 4044 672 4092 in
692 4044 880 4107 aliquot
897 4056 1014 4093 mss.

247 4105 274 4145 ι’
292 4110 384 4171 ᾼιίί
401 4114 465 4171 τῇ
487 4108 692 4171 amity
711 4102 955 4171 πρόσιέγαι
976 4103 1144 4171 sum.
1166 4104 1258 4152 οὐκ
1276 4102 1364 4153 d5-

252 4171 272 4198 °
299 4166 534 4226 ¹Εαυτοὺξ
553 4166 697 4219 ἀθεεὶ
716 4166 767 4217 iu
790 4166 1083 4231 quibusdam
1102 4178 1235 4215 mss;

1055 327 1145 382 DE
1176 323 1840 390 CONSUBSTANTIALI,
1882 322 2166 379 CONTRA
2206 318 2589 379 ANONKEOS.
2644 322 2754 379 VII.

3320 305 3424 361 756

1847 443 2101 516 κείμενον
2125 438 2182 518 ᾖ,
2207 443 2422 514 ἐκείνην
2449 443 2506 497 δὲ
2535 445 2564 496 ὁ
2590 442 2888 513 Δεσπότης,
2917 444 3012 498 καὶ
3042 443 3305 515 μεγίστην
3333 445 3433 499 ἐπ·-

1848 532 1973 599 άγει
2003 531 2226 585 κόλασιν
2252 530 2352 601 τῆς
2371 529 2652 602 ἀμελείας.
2677 530 2792 583 Οὑκ
2825 530 2939 584 ίστε
2967 530 3050 584 ὅτι
3081 530 3254 603 πυρὸς
3291 530 3430 600 αὕτη

1849 615 2009 685 γέμει
2035 617 2069 687 ἡ
2088 614 2340 686 τράπεζα
2363 613 2755 685 πνευματικοῦ,
2788 615 2883 669 καὶ
2905 614 3155 688 καθάπερ
3179 617 3234 669 αἱ
3256 618 3432 686 πηγαὶ

1849 698 2011 769 φύσιν
2044 697 2236 763 ὓδατος
2273 697 2689 763 ἀναϐλύζουσιν,
2741 698 2884 753 οὕτω
2931 700 3024 753 καὶ
3065 698 3203 770 αὕτη
3259 698 3433 768 φλόγα

1849 782 1972 836 τινά
2016 783 2130 854 ἔχει
2184 781 2455 854 ἀρρητονς
2494 783 2585 853 Μὴ
2618 783 2796 836 τοίνυν
2837 782 3140 855 προσέλθῃς
3177 783 3432 856 καλάμην

1849 864 2010 936 ἔχων,
2051 866 2126 936 μὴ
2168 864 2300 931 ξύλα
2328 867 2424 920 καὶ
2451 866 2666 938 χόρτον,
2708 867 2795 921 ἵνα
2844 866 2917 939 μὴ
2958 866 3178 920 πλείονα
3210 867 3303 920 τὸν
3334 869 3434 937 ἐμ-

1854 949 2106 1022 πρησμὸν
2133 950 2364 1022 ἐργάσῃ.
2408 952 2504 1006 καὶ
2544 950 2902 1025 κατακαύσῃς
2948 951 3046 1024 τὴν
3077 951 3432 1023 μεταλαμϐά-

1849 1052 2046 1088 νουσαν
2070 1035 2270 1107 ψυχήν·
2308 1035 2422 1089 ἀλλ’
2453 1035 2591 1106 ἔχων
2619 1036 2799 1100 λίθους
2818 1037 3052 1107 τιμίους,
3082 1037 3304 1108 χρυσὸν,
3336 1039 3433 1109 ἀρ-

1848 1135 2036 1189 γυρον,
2067 1119 2156 1173 ενα
2183 1119 2576 1192 καθαρωτέραν
2611 1121 2845 1192 ποιήσῃς
2876 1121 2973 1192 τὴν
3009 1120 3158 1193 ὕλην,
3194 1121 3280 1174 ἵνα
3303 1120 3433 1174 πολ·-

1848 1202 1947 1272 λὴν
1981 1201 2164 1256 λαϐὼν
2207 1204 2309 1276 τὴν
2353 1203 2648 1276 ἐμπορίαν,
2682 1202 2945 1277 ἀπέλθῃς.
2996 1205 3065 1258 Εἴ
3082 1221 3133 1258 τι
3171 1205 3432 1276 πονηρὸν,

1850 1285 2159 1358 ὲξόρισονά,
2189 1288 2526 1359 φυγάδευσον
2555 1289 2662 1343 ἀπὸ
2687 1290 2787 1361 τῆς
2810 1288 2988 1361 ψυχῆς
3018 1308 3132 1344 σου.
3161 1292 3317 1361 Ἔχει
3348 1307 3435 1355 τις

1852 1371 2068 1444 ἐχθρὸν,
2111 1373 2209 1427 καὶ
2251 1372 2322 1427 τά
2372 1373 2582 1442 μεγάλα
2630 1373 2923 1443 ἠδίκηταις
2973 1374 3288 1428 καταλυέτω
3335 1375 3434 1445 τὴν

1851 1454 2075 1527 ἔχθραν,
2109 1456 2517 1511 καταστελλέτω
2559 1458 2658 1529 τὴν
2691 1457 2931 1512 διάνοιαν
2971 1458 3432 1527 φλεγμαίνουσαν,

1850 1540 2121 1605 οἰδοῦσαν,
2167 1542 2256 1595 ἵνα
2291 1541 2478 1613 μηδεὶς
2507 1540 2653 1595 ἔνδον
2694 1542 2922 1615 θόρυϐος
3023 1543 3159 1613 μηδὲ
3197 1545 3434 1615 ταραχή.

1852 1625 2087 1680 Βασιλέα
2117 1625 2227 1697 γάρ
2253 1624 2611 1696 ὑποδέχεσθαι
2642 1626 2858 1697 μέλλεις
2883 1625 2971 1680 διά
2999 1627 3099 1696 τῆς
3130 1626 3432 1689 κοινωνίας·

1856 1708 2122 1778 βασιλέως
2154 1710 2211 1762 δὲ
2244 1708 2613 1772 ἐπιϐαίνοντος
2641 1711 2706 1780 τῇ
2738 1709 2908 1781 ψυχῇ,
2948 1709 3148 1780 πολλὴν
3185 1705 3327 1763 εἷναι
3356 1711 3438 1763 δεῖ

1852 1791 1953 1862 τὴν
1978 1791 2242 1863 γαλήνην,
2270 1792 2472 1865 πολλὴν
2494 1791 2592 1863 τὴν
2621 1792 2872 1863 ἡσυχίαν,
2905 1791 3125 1862 βαθεῖαν
3152 1791 3263 1845 τῶν
3292 1793 3439 1861 λογι-

1856 1874 2008 1944 σμῶν
2041 1873 2141 1945 τὴν
2183 1876 2428 1947 εἰρήνην.
2463 1874 2627 1927 Ἀλλά
2668 1873 2879 1945 μεγάλα
2919 1874 3190 1944 ἠδίκησαι.
3239 1876 3332 1929 καὶ
3373 1876 3436 1929 οὑ

1855 1959 2045 2031 φέρεις
2078 1960 2294 2028 ἀφεῖναι
2323 1960 2422 2030 τὴν
2461 1958 2668 2030 όργήν;
2709 1956 2761 2010 τί
2800 1957 2982 2011 τοίνυν
3025 1959 3220 2013 σαυτὸν
3257 1960 3439 2029 πολλῷ

1859 2043 2082 2115 μείζονα
2110 2045 2315 2108 ἀδικεῖς
2342 2043 2437 2098 καὶ
2458 2041 2846 2114 χαλεπώτερα;
2874 2043 2949 2095 Οὐ
2986 2043 3092 2114 γάρ
3119 2043 3439 2099 τοιαῦτά’σε

1855 2127 2172 2196 διαθήσεται
2214 2128 2243 2180 ό
2277 2126 2469 2198 ἐχθρὸς
2500 2127 2708 2196 ὅσαπερ
2741 2126 2808 2180 ἂν
2848 2128 2997 2198 ποιῇ,
3036 2122 3122 2180 οἷα
3154 2129 3218 2181 σὺ
3246 2126 3442 2181 σαυτὸν

1861 2212 1935 2285 μὴ
1992 2212 2494 2283 καταλλαττόμενος
2543 2211 2680 2282 πρὸς
2726 2212 2952 2274 ἐκεῖνον,
3005 2211 3144 2265 ἀλλά
3180 2213 3306 2276 τοὺς
3344 2213 3439 2266 τοῦ

1857 2295 1993 2349 Θεοῦ
2041 2295 2374 2351 καταπατῶν
2409 2301 2631 2366 νόμους.
2675 2293 2907 2366 Ὕϐρισέ
2956 2313 3014 2348 σε
3059 2298 3302 2362 ἐκεῖνοςς
3353 2298 3445 2352 διὰ

1857 2379 2016 2433 τοῦτο
2044 2374 2137 2434 οῦν
2171 2381 2236 2434 σὺ
2274 2379 2367 2433 τὸν
2401 2379 2537 2432 Θεὸν
2586 2377 2851 2449 ὑϐρίζεις,
2891 2379 3014 2432 εἰπέ
3059 2397 3182 2451 μοι;
3219 2380 3293 2434 Τὸ
3332 2381 3443 2453 γὰρ

1862 2461 1937 2533 μὴ
1965 2462 2430 2517 καταλλάττεσθαι
2462 2461 2542 2532 τῷ
2568 2460 2921 2532 λελυπηκότι,
2943 2462 3042 2515 οὑκ
3065 2463 3273 2517 ἐκεῖνόν
3295 2464 3444 2518 ἐστιν

1859 2545 2203 2617 ἀμυνομένου
2233 2544 2507 2611 τοσοῦτον,
2544 2546 2668 2599 ὅσον
2714 2544 2806 2599 τὸν
2837 2545 2970 2598 Θεὸν
3010 2546 3324 2617 ὑϐρίζοντος
3350 2548 3446 2601 τὸν

1858 2629 2033 2684 ταῦτα
2064 2627 2524 2701 νομοτεθήσαντα.
2552 2629 2645 2699 Μὴ
2673 2628 2852 2683 τοίνυν
2878 2629 3015 2700 πρὸς
3040 2629 3131 2684 τὸν
3164 2629 3446 2684 σύνδουλον

1863 2712 2002 2788 ἴδῃς,
2038 2712 2175 2784 μηδὲ
2213 2711 2351 2785 πρὸς
2390 2712 2451 2765 τὸ
2489 2711 2718 2783 μέγεθος
2750 2712 2860 2766 τῶν
2904 2713 3258 2783 ἀδικημάτων
3303 2714 3448 2768 ὲκεί-

1862 2816 1975 2854 νου·
2017 2797 2156 2853 ἀλλά
2193 2797 2284 2851 τὸν
2316 2797 2449 2850 Θεὸν
2491 2798 2587 2851 καὶ
2619 2797 2711 2850 τὸν
2746 2797 2954 2850 ἐκείνου
2994 2797 3157 2864 φόϐον
3203 2799 3281 2860 εἰς
3324 2798 3448 2851 νοῦν

1864 2881 2212 2954 βαλλόμενος,
2267 2881 2446 2935 ἐκεῖνο
2487 2881 2784 2953 σκόπησον,
2825 2881 2906 2933 ὅτι
2947 2879 3057 2951 ὅσῳ
3113 2879 3180 2934 ἂν
3228 2879 3450 2950 μείζονα

1863 2966 2082 3037 πάσχῃς
2110 2965 2234 3036 βίαν
2273 2964 2417 3018 κατά
2443 2962 2643 3035 ψυχὴν,
2675 2964 2811 3033 μετά
2840 2962 3007 3034 μυρία
3040 2961 3187 3016 κακὰ
3208 2963 3451 3032 ἀναγκα-

1864 3046 2093 3118 ζόμενος
2134 3046 2598 3101 καταλλάττεσθαι
2645 3045 2722 3116 τῷ
2762 3045 3112 3114 λελυπηκότι,
3157 3046 3396 3117 τοσούτῳ
3423 3058 3447 3087 ο

1864 3130 2110 3195 πλείονος
2132 3129 2414 3202 ἀπολαύσῃ
2441 3132 2541 3201 τῆς
2566 3129 2735 3199 τιμῆς
2766 3128 2917 3199 παρά
2938 3127 3030 3181 τοῦ
3051 3128 3226 3182 ταῦτα
3258 3130 3444 3184 κελεύο

1867 3230 2061 3278 σαντος
2089 3213 2246 3267 Θεοῦ·
2275 3212 2370 3267 καὶ
2395 3211 2650 3281 καθάπερ
2672 3210 2836 3265 αὑτὸν
2872 3210 3011 3281 μετά
3048 3211 3246 3279 πολλῆς
3269 3212 3465 3266 ὑποδὲ-

1866 3314 1937 3372 χῃ
1964 3296 2119 3370 [501]
2163 3296 2267 3367 τῆς
2303 3299 2469 3368 τιμῆς
2503 3294 2757 3357 ἐνταῦθα,
2799 3291 2942 3347 οὑτω
2979 3293 3072 3347 καὶ
3106 3293 3268 3357 αὐτὸς
3312 3295 3451 3365 μετὰ

1869 3380 2073 3452 πολλῆς
2111 3379 2425 3446 ὑποδέξεταί
2457 3396 2517 3434 σε
2544 3378 2646 3450 τῆς
2675 3376 2833 3448 δόξης
2862 3378 2999 3444 ἐκεῖ,
3027 3376 3451 3449 μυριοπλασίους

1869 3463 2156 3528 ἀποδιδούς
2208 3481 2293 3519 σοι
2347 3464 2450 3535 τῆς
2505 3462 2746 3533 ὑποκοῆς
2796 3461 2999 3533 ταύτης
3047 3461 3147 3526 τάς
3192 3461 3448 3533 ἀμοιϐάς·

1869 3544 1945 3604 ὧν
1984 3549 2197 3619 γένοιτο
2237 3549 2448 3612 πάντας
2489 3548 2635 3619 ἡμᾶς
2664 3548 2942 3617 ἐπιτυχεῖν
2985 3545 3168 3616 χάριτι
3210 3546 3303 3600 καὶ
3330 3545 3452 3618 φιλ-

1871 3633 2161 3707 ανθρωπίᾳ
2209 3632 2303 3686 τοῦ
2354 3631 2561 3703 Κυρίου
2605 3631 2762 3702 ἡμῶν
2804 3628 2981 3700 Ἰησοῦ
3030 3628 3293 3700 Χριστοῦ,
3333 3630 3454 3701 μεθ’

1870 3710 1933 3770 οῦ
1970 3717 2050 3788 τῷ
2086 3716 2263 3787 Πατρὶ
2302 3714 2451 3782 δόξα,
2485 3715 2641 3786 τιμὴ,
2679 3713 2878 3785 κράτος
2921 3714 3016 3767 καὶ
3059 3710 3451 3784 προσκύνησις,

1874 3799 1992 3870 ἅμα
2027 3799 2105 3871 τῷ
2143 3798 2285 3870 ἀγίῳ
2317 3798 2616 3869 Πνεύματι,
2656 3799 2736 3860 εἰς
2775 3797 2902 3860 τοὺς
2934 3795 3137 3859 αἰῶνας
3168 3794 3278 3849 τῶν
3322 3794 3454 3850 αἰών

1875 3900 2003 3938 νων.
2042 3883 2238 3954 Ἀμήν.

1932 4032 1962 4073 ἀ
1985 4034 2067 4085 Sic
2088 4036 2242 4089 Savil.
2272 4042 2327 4085 et.
2360 4048 2533 4085 omnes
2574 4033 2681 4083 fere
2710 4046 2824 4082 mss.
2857 4032 2907 4081 In
2935 4030 3104 4080 Morel.
3149 4044 3267 4079 vero
3305 4032 3454 4094 ἐξόρι-

1870 4113 1955 4147 σον
1975 4098 2136 4147 deest.

1937 4170 1960 4197 ε
1983 4159 2083 4209 Alii
2103 4161 2173 4223 τῷ
2195 4157 2477 4217 πεποιηκότι
2498 4159 2679 4216 κακῶς,
2699 4153 2933 4217 τοσούτῳ.

217 4298 3432 4334 _____________________________.,_____._____________.__.

195 4420 340 4489 Πρὸς
366 4420 518 4486 τοὺς
545 4413 1020 4485 ἀπολειφθέντας
1039 4411 1150 4482 τῆς
1171 4424 1195 4453 ο
1223 4388 1683 4478 συνάξεως,’καί
1709 4409 1819 4465 τοῦ
1858 4409 2184 4480 ὀμοούσιον
2204 4406 2357 4465 εἶναι
2390 4409 2498 4464 τὸν
2527 4408 2665 4463 Υὶὸν
2688 4406 2769 4474 τῷ
2794 4405 2978 4474 Πατρί
3006 4403 3333 4470 ἀπόδειξις,
3354 4406 3451 4459 καὶ

253 4514 343 4570 ῦτι
380 4516 459 4569 τὰ
492 4510 784 4576 ταπεινῶς
817 4506 1102 4577 εἰρημένα
1134 4506 1235 4559 καὶ
1273 4506 1638 4576 γεγενημένα
1678 4503 1815 4573 παρ’
1837 4502 2048 4568 αὑτοῦ,
2072 4505 2144 4558 οὐ
2183 4503 2258 4558 δι’
2289 4504 2611 4558 ἀσθένειαν
2639 4500 2968 4569 δυνάμεως,
2996 4496 3139 4552 οὐδὲ
3169 4497 3244 4552 δι’
3275 4496 3451 4550 ἐλάτ-

258 4622 442 4661 τωσιν
488 4604 717 4674 ἐγένετο
750 4599 850 4655 καὶ
879 4597 1141 4666 ἐλέγετο,
1174 4597 1335 4652 ἀλλὰ
1371 4597 1444 4651 δι’
1478 4595 1820 4665 οἰκονομίας
1855 4591 2183 4662 διαφόρους
2242 4594 2292 4648 ι).
2346 4592 2490 4648 Ἀπὸ
2531 4592 2639 4646 τοῦ
2686 4589 2821 4659 περὶ
2872 4587 3324 4656 ἀκαταλήπτου,
3354 4584 3453 4641 καὶ

260 4700 629 4763 ἀκολούθως.

727 4907 915 4985 Λόγος
957 4913 1226 4981 ἕϐδομος.

263 5008 333 5056 α’.
361 4997 537 5056 Πάλιν
564 4999 921 5070 ἱπποδρομίαι
939 5038 955 5063 ,
996 4997 1092 5052 καὶ
1116 4996 1278 5051 πάλιν
1304 4997 1332 5049 ό
1357 4992 1612 5063 σύλλογος
1639 4992 1775 5063 μῖν

201 5084 431 5140 ἑλάττων
465 5083 689 5153 γέγονε·
730 5083 931 5154 μᾶλλον
977 5081 1035 5135 δὲ
1067 5084 1173 5145 ἕως
1206 5080 1272 5134 ἂν
1325 5081 1485 5150 ὑμεῖς
1532 5076 1772 5148 παρῆτε,

202 5175 294 5224 οὐκ
334 5169 403 5223 ἂν
452 5168 663 5237 γένοιτο
703 5167 966 5222 ἐλάττων.
999 5166 1211 5237 ’Ὠσπερ
1247 5165 1358 5238 γὰρ
1392 5163 1676 5234 γεωργὸς,
1724 5163 1775 5215 εἰ

208 5253 285 5307 τὸν
314 5257 461 5307 σῖτον
487 5250 806 5322 ἀκμάζοντα
829 5249 924 5304 καὶ
944 5248 1352 5320 ἀπηρτισμένον
1372 5247 1491 5312 ἴδοι,
1514 5246 1575 5299 ού
1606 5244 1773 5298 πολὺν

206 5342 435 5393 ποιεῖται
461 5336 620 5405 λόγον
646 5336 757 5391 τῶν
784 5335 1000 5406 φύλλων
1028 5333 1510 5389 καταπιπτόντων·
1539 5330 1681 5383 οὑτω
1707 5328 1772 5399 δὴ

202 5423 295 5477 καὶ
319 5422 433 5492 ἐγὼ
462 5420 579 5487 νῦν,
620 5420 715 5475 τοῦ
745 5417 963 5492 καρποῦ
1001 5418 1270 5491 παρόντος
1295 5419 1449 5488 ἡμῖν,
1481 5415 1541 5468 οὑ
1574 5411 1773 5468 τοσαύ-

205 5525 297 5581 την
320 5505 580 5576 ποιοῦμαι
611 5506 715 5578 τὴν
746 5505 961 5577 ὀδύνην,
983 5503 1051 5559 τά
1085 5502 1260 5574 φύλλα
1291 5498 1724 5572 ἀναρπαζόμενα
1745 5508 1769 5537 ο

267 5607 497 5655 “tollat:
515 5619 625 5657 cum
659 5605 906 5656 codicibus
942 5603 1115 5668 Regiis
1152 5603 1293 5668 18m,
1334 5598 1780 5668 ίθῖὅρθοθτϐοιι-

213 5659 415 5718 hominis
434 5680 551 5718 vero
572 5668 681 5726 247,
702 5668 811 5725 248,
831 5668 943 5727 629,
961 5659 1087 5716 5035
1110 5681 1122 5715 :
1145 5665 1443 5717 Coisliuiano
1464 5662 1574 5713 262.

485 5731 749 5803 διαφόροιις·
774 5732 856 5803 καὶ
887 5731 1002 5803 πρὸς
1018 5728 1286 5795 ἀνομοίους.

278 5795 301 5821 °
319 5795 517 5853 Aliquot
535 5793 650 5842 mss.
676 5793 1083 5857 ἀναῤῥιπιζόμενα,
1106 5845 1111 5852 _

387 5876 651 5939 ΡΑτιιοι..
693 5881 811 5939 Gn.
858 5876 1141 5939 XLVIII.

1885 4904 2121 4977 βλέπων.
2157 4897 2333 4968 Ἀλγῶ
2362 4895 2461 4968 μὲν
2492 4893 2602 4968 γὰρ
2646 4893 2743 4951 καὶ
2766 4891 2856 4977 διὰ
2886 4889 2986 4977 τὴν
3014 4889 3460 4977 ρᾳθυμίαν-εκεί-

1882 4972 2012 5053 νων,
2056 4981 2464 5056 παραμυθεῖται
2508 4978 2564 5031 δὲ
2593 4977 2744 5048 ὅμως
2771 4976 2871 5046 τὴν
2901 4975 2990 5028 ἐπ’
3024 4972 3252 5035 ἐκείνοις
3292 4972 3454 5042 ἀλγη-

1880 5074 2010 5126 δόνα
2039 5070 2139 5139 τῆς
2162 5065 2437 5138 ὑμετέρας
2462 5063 2683 5131 ἀγάπης
2708 5062 2743 5131 ἡ
2766 5057 3069 5131 προθυμία.
3102 5056 3331 5109 Ἐκεῖνοι
3362 5056 3461 5126 μὲν

1880 5157 1991 5224 γὰρ
2019 5154 2125 5209 κᾶν
2171 5146 2590 5223 παραγένωνται
2638 5162 2767 5197 ποτε
2787 5184 2804 5211 ,
2835 5140 2956 5196 οὐδὲ
2993 5141 3117 5194 τότε
3168 5139 3424 5224 πάρεισιν
3444 5179 3460 5199 ,

1882 5222 2020 5296 ἀλλά
2047 5238 2108 5291 τὸ
2139 5237 2235 5309 μὲν
2264 5222 2430 5304 σῶμα
2462 5231 2645 5293 αὐτοῖς
2674 5225 3166 5309 ὲνταῦθαᾲίδρυτμαι,
3192 5224 3225 5294 ή
3254 5222 3463 5309 διάνοια

1876 5326 1934 5379 δὲ
1958 5324 2062 5389 ἔξω
2091 5305 2394 5375 πλανᾶται·
2413 5315 2572 5385 ὑμεῖς
2591 5311 2647 5365 δὲ
2673 5310 2777 5364 κᾶν
2804 5306 3169 5378 ἀπολειφθῖῃέ
3194 5322 3346 5389 ποτε,
3367 5305 3464 5357 καὶ

1870 5386 2281 5476 τότε-πάρεστε·
2314 5398 2375 5454 τὸ
2410 5397 2509 5469 μὲν
2539 5393 2649 5465 γὰρ
2685 5392 2846 5462 σῶμα
2878 5392 3007 5463 ὑμῖν
3032 5389 3158 5453 ἔξω,
3188 5391 3221 5458 ἡ
3252 5386 3462 5442 διάνοια

1872 5505 1932 5560 δὲ
1954 5500 2208 5559 ἐνταῦθα.
2241 5494 2575 5566 Ἐϐουλόμην
2604 5491 2702 5562 μὲν
2726 5487 2818 5544 οὖν
2852 5486 3063 5559 μακρὸν
3088 5487 3213 5540 κατ’
3240 5483 3467 5537 ἐκείνων

1873 5594 2159 5650 ἀποτεῖναι
2199 5587 2376 5657 λόγον,
2408 5585 2523 5639 ἀλλ’
2566 5582 2656 5636 ἴνα
2684 5580 2758 5652 μὴ
2789 5578 2926 5643 δόξω
2961 5575 3314 5647 σκιαμαχεῖν,
3346 5573 3470 5627 ἐπι-

1884 5691 2060 5763 τιμῶν
2089 5691 2201 5752 τοῖς
2244 5686 2319 5758 μὴ
2352 5682 2591 5756 παροῦσι
2629 5679 2764 5752 μηδὲ
2798 5675 3058 5763 ἀκούουσι
3081 5672 3352 5763 ,μτούτους
3390 5671 3473 5763 εἰς

1886 5751 1986 5845 την
2021 5751 2256 5827 ἐκείνων·
2296 5751 2601 5841 παρουσίαν
2633 5751 2893 5836 τηρήσας
2940 5758 3069 5821 τοὺς
3108 5755 3339 5826 λόγους,
3369 5751 3472 5824 τὴν

2973 5854 3046 5915 15
