3918 6374
461 306 567 362 757

458 420 733 490 ὑμετέραν
785 419 1007 491 ἀγάπην
1047 421 1141 474 ἐπὶ
1171 420 1264 475 τδν
1310 421 1510 491 συνήθη
1550 419 1794 490 λειμῶνα
1830 421 1925 475 καὶ
1971 419 2036 474 τὸ

459 502 695 571 πέλαγος
725 502 833 557 τῶν
870 503 1030 557 θείων
1079 504 1309 575 Γραφῶν
1343 504 1484 557 κατὰ
1518 504 1615 575 τὴν
1656 504 1808 557 Θείαν
1835 504 2038 575 χάρινι

456 586 722 656 ὁδηγῆσαι
760 585 1114 658 πειράσομαι.
1159 585 1319 640 Ἀλλά
1347 585 1693 657 διανάστητε,
1718 588 1815 641 καὶ
1843 603 2041 659 γρηγο-

460 671 604 741 ρεῖτε
624 685 639 699 ⁶
669 670 762 724 ἐπὶ
794 673 892 738 μὲν
921 670 1029 740 γὰρ
1049 669 1158 722 τῶν
1189 669 1461 723 πλεόντων
1494 668 1597 723 κάν
1634 670 1877 733 ἅπαντες
1905 670 2039 724 καθ-

459 752 711 814 ιύδωσιν.
740 764 770 817 δ
791 752 848 807 66
881 754 1223 825 κυϐερνὴτης
1247 751 1566 824 ἐγρηγορὼς
1662 752 1844 824 μόνος,
1863 752 2039 818 οὐδείς

457 842 573 893 ἐστι
596 839 857 905 κίνδυνος,
876 841 974 911 τῆς
1000 840 1214 910 νὴψεως
1232 840 1331 910 τῆς
1364 839 1575 892 ἐκείνου
1606 839 1700 892 καὶ
1722 839 1821 910 τῆς
1842 839 2040 909 τέχνης

457 924 579 977 ἀντὶ
611 926 829 980 πάντων
868 924 1145 996 ἀρκούσης
1193 922 1272 994 τῷ
1320 921 1490 993 πλοίῳ
1514 940 1528 955 ο
1557 921 1796 977 ἐνταῦθα
1832 922 1889 976 δὲ
1938 925 2036 993 οὐχ

455 1010 660 1074 οὕτως,
708 1010 846 1065 ἀλλά
896 1010 999 1064 κάν
1035 1011 1296 1082 μυριάκις
1334 1010 1364 1062 6
1417 1008 1592 1078 λέγων
1636 1011 1822 1082 νήφῃ,
1872 1011 1924 1062 οί
1979 1010 2037 1063 δὲ

455 1093 743 1157 ἀκούοντες
795 1091 869 1165 μὴ
907 1092 1006 1163 τὴν
1039 1093 1209 1165 αὐτὴν
1259 1093 1569 1166 ἀγρυπνίαν
1598 1092 2034 1157 ἐπιδείκνυνται,

454 1177 908 1240 καταποντισθεὶς
941 1178 1073 1247 ἡμῖν
1116 1177 1144 1228 6
1191 1174 1349 1243 λόγος
1388 1176 1692 1247 οἰχήσεται,
1730 1176 1828 1245 οὐχ
1861 1174 2036 1246 εὑρὼν

451 1261 690 1316 διάνοιαν
723 1260 824 1331 τὴν
854 1259 1263 1330 ὑποδεξαμένην
1290 1259 1318 1298 ι’
1359 1259 1544 1314 αὐτόν.
1577 1260 1667 1313 Διὸ
1706 1261 1810 1332 χρὴ
1844 1261 2037 1330 νήφειν

451 1344 546 1398 καὶ
578 1342 979 1416 ἐγρηγορέναι·
1032 1343 1128 1396 καὶ
1177 1342 1288 1414 γὰρ
1320 1342 1461 1414 ὑπὲρ
1509 1342 1772 1414 μειζόνων
1816 1344 1948 1414 ἡμῖν
2000 1345 2033 1414 ἡ

450 1428 718 1499 ἐμπορία’
751 1426 870 1480 οὐδέ
909 1425 1019 1499 γάρ
1062 1427 1200 1498 ὑπὲρ
1241 1427 1470 1499 χρυσίου
1513 1426 1607 1479 καὶ
1639 1424 1906 1497 ἀργυρίου
1942 1428 2035 1479 καὶ

443 1511 557 1565 τῶν
581 1510 967 1581 ἀπολλυμένων
989 1511 1329 1583 πραγμάτων
1353 1510 1609 1581 πλέομεν,
1638 1510 1751 1563 ἀλλ’
1776 1510 1918 1580 ὑπὲρ
1940 1510 2035 1579 τῆς

454 1593 755 1664 μελλούσης
786 1593 952 1663 ζωῆς.
979 1595 1072 1647 καὶ
1100 1593 1207 1647 τῶν
1233 1595 1290 1647 ἐν
1317 1594 1567 1666 οὐρανοῖς
1601 1592 1911 1664 θησαυρῶν,
1940 1592 2035 1645 καὶ

460 1678 672 1741 πλείους
702 1675 939 1730 ἐνταῦθα
971 1677 1027 1730 αί
1055 1677 1165 1730 όδοὶ
1193 1675 1305 1729 τῶν
1334 1677 1393 1729 ἐν
1425 1679 1493 1747 τῇ
1524 1675 1773 1748 θαλάσσῃ
1802 1675 1897 1729 καὶ
1924 1674 2034 1727 τῶν

448 1763 507 1813 ἐν
537 1763 604 1832 τῇ
641 1762 742 1832 γῇο
778 1760 882 1813 κᾶν
925 1761 999 1830 μὴ
1052 1758 1193 1830 μετά
1234 1758 1524 1831 ἀκριϐείας
1574 1778 1657 1823 τις
1701 1758 1873 1822 αὐτάς
1918 1758 2031 1830 είδῇ

446 1862 503 1896 τε
514 1846 655 1913 μεῖν,
687 1843 946 1911 ναυάγιον
983 1843 1351 1913 ύποστὴσεται
1380 1842 1789 1914 χαλεπώτατον.
1823 1842 2034 1905 Πάντες

445 1924 600 1999 [50-1]
622 1925 800 1978 τοίνυν
821 1926 981 1996 ὑμεῖς
1005 1927 1055 1979 οί
1083 1926 1201 1996 μεθ’
1227 1925 1384 1997 ἡμῶν
1412 1926 1683 1991 πλέοντες,
1712 1924 1785 1995 μὴ
1803 1923 1901 1995 τὴν
1924 1923 2034 1977 τῶν

446 2010 722 2064 ἐπιϐατῶν
759 2009 965 2073 ἄδειαν,
995 2009 1134 2063 ἀλλά
1164 2009 1266 2082 τὴν
1310 2009 1420 2063 τῶν
1465 2009 1816 2080 κυϐερνητῶν
1857 2009 2031 2078 ἀγρυ-

448 2096 609 2149 πνίαν
634 2092 1009 2147 ἐπιδείκνυσθε
1028 2093 1121 2147 καὶ
1139 2093 1419 2164 φροντίδαο
1450 2093 1545 2146 καὶ
1572 2093 1681 2163 γὰρ
1701 2094 1898 2145 ἐκεῖνοι
1923 2092 2034 2145 τῶν

444 2181 650 2236 λοιπῶν
685 2180 1060 2235 καθευδόντων
1092 2181 1352 2234 ἀπάντων
1386 2180 1479 2233 ἐπὶ
1510 2180 1618 2233 τῶν
1651 2179 1852 2232 οἰάκων
1896 2178 2031 2233 καθ-

446 2268 676 2338 ήμενοι,
711 2264 773 2317 οὐ
819 2264 979 2335 μόνον
1008 2261 1106 2328 τὰς
1146 2264 1204 2317 ἐν
1256 2265 1370 2326 τοῖς
1407 2261 1563 2317 ὕδασι
1605 2262 2032 2334 περισκοποῦσιν

444 2351 618 2414 ὀδοὺς.
644 2348 782 2404 ἀλλά
821 2350 915 2402 καὶ
947 2346 1084 2420 πρὸς
1116 2347 1211 2401 τὸν
1244 2346 1473 2419 οὐρανὸν
1523 2349 1590 2400 ἐκ
1622 2345 1879 2401 τοσούτου
1910 2345 2032 2418 βλέο

446 2449 641 2495 ποντες
667 2430 760 2485 τοῦ
789 2430 1176 2500 διαστήματος,
1201 2428 1390 2502 ὥσπερ
1420 2430 1565 2495 τινὸς
1597 2431 1777 2502 χειρὸς
1800 2430 1896 2501 τῆς
1922 2429 2031 2481 τῶν

445 2518 663 2589 ἄστρων
692 2513 919 2585 πορείας
948 2512 1400 2587 χειραγωγούσης
1434 2514 1653 2579 αὐτοὺς,
1690 2512 1826 2583 μετά
1856 2514 2033 2583 ἀσφα-

442 2600 594 2663 λείας
630 2600 691 2652 τδ
726 2598 932 2668 σκάφος
985 2596 1227 2651 ίθύνουσι
1254 2609 1316 2661 ε,
1367 2598 1462 2652 καὶ
1504 2597 1681 2662 οὐδεὶς
1723 2596 1939 2668 ἰδιώτης
1971 2596 2033 2650 τὸ

446 2682 681 2750 πέλαγος
714 2681 887 2744 οὓτως
916 2679 1088 2744 ἀδεῶς
1125 2682 1184 2733 ἐν
1212 2680 1401 2752 ἡμέρα
1444 2679 1650 2733 δύναιτ’
1690 2679 1758 2735 ἂν
1802 2680 2032 2734 πλεῦσαι

441 2768 520 2832 ὡς
551 2766 750 2820 ἐκεῖνοι
786 2763 903 2836 μεθ’
944 2763 1175 2835 ἡσυχίας
1210 2765 1428 2834 ἁπάσης
1466 2764 1523 2817 ἐν
1555 2764 1693 2836 μέσῃ
1729 2766 1901 2826 νυκτὶ,
1941 2764 2030 2818 ὅτε

445 2849 797 2922 φοϐερωτέρα
832 2849 867 2917 ἡ
893 2846 1139 2902 θάλασσα
1180 2847 1453 2917 φαίνεται,
1489 2849 1855 2920 ἐγρηγορότες
1894 2850 2029 2902 ἀτα-

446 2934 627 3005 ράχως
651 2933 749 3003 τὴν
773 2930 981 2983 ἑαυτῶν
1004 2930 1407 2985 ἐπιδείκνυνται
1428 2930 1646 3001 τέχνην,
1671 2931 1766 2985 καὶ
1792 2930 1914 3002 οὐχὶ
1931 2930 2033 2995 τὰς

445 3022 502 3067 εν
541 3017 653 3077 τοῖς
687 3014 871 3067 ὐδασιν
925 3013 1207 3087 ἀτραποὺς
1255 3012 1449 3085 μόνον,
1490 3012 1614 3067 οὐδὲ
1660 3013 1768 3067 τῶν
1815 3015 2031 3087 ἄστρων

442 3100 571 3162 τοὺς
604 3097 871 3169 δρόμους,
912 3096 1050 3149 ἀλλά
1106 3096 1202 3150 καὶ
1248 3095 1467 3167 ἀνέμων
1500 3096 1715 3161 ἐξόδους
1772 3112 2023 3168 περισκο-

443 3182 627 3245 ποῦσι,
645 3182 739 3235 καὶ
757 3180 996 3251 τοσαύτη
1018 3180 1126 3233 τῶν
1145 3179 1357 3251 ἀνδρῶν
1383 3180 1607 3236 ἐκείνων
1629 3179 1777 3235 ἐστίν
1794 3182 1828 3252 ἡ
1847 3179 2027 3251 σοφία,

442 3271 519 3333 ὡς
565 3269 825 3333 πολλάκις
873 3267 1185 3339 πνεύματος
1218 3267 1402 3339 ῥύμην
1451 3267 1813 3340 σφοδρότερον
1852 3270 2029 3339 ἐμπε-

446 3342 667 3418 σοῦσαν,
708 3352 804 3408 καὶ
837 3352 1139 3422 μέλλουσαν
1166 3351 1523 3422 περιτρέπειν
1562 3350 1626 3404 τὸ
1665 3351 1871 3416 πλοῖον,
1909 3353 2031 3415 ταῖς

445 3437 676 3499 πυκναῖς
702 3433 812 3487 τῶν
835 3432 1019 3487 ἱστίων
1046 3432 1373 3504 μεταϐολαῖς
1402 3433 1731 3504 δεχομένους
1756 3432 2031 3505 εὐστόχως

444 3519 661 3571 ἅπαντα
696 3515 857 3569 λῦσαι
882 3515 973 3567 τὸν
1023 3515 1267 3571 κίνδυνον
1288 3555 1304 3581 ,
1343 3517 1439 3571 καὶ
1478 3519 1600 3580 ταῖς
1637 3515 1832 3587 βιαίοις
1856 3514 1885 3555 ἀ
1920 3515 2031 3570 τῶν

445 3600 661 3672 ἀνέμων
691 3598 950 3670 ἐμϐολαῖς
983 3598 1083 3670 τὴν
1115 3598 1296 3653 αὐτῶν
1338 3600 1769 3672 ἀντιστήσαντας
1810 3599 2026 3671 τέχνην,

444 3683 753 3755 ἐξαρπάσαι
777 3679 871 3734 τοῦ
897 3680 1189 3735 κλυδωνίου
1216 3682 1277 3735 τὸ
1310 3683 1538 3753 σκάφος.
1561 3685 1627 3739 Εί
1652 3684 1708 3736 66
1735 3683 1875 3755 ὑπὲρ
1902 3682 2029 3752 βιω-

444 3767 613 3822 τικῶν
644 3769 843 3821 ἐκεῖνοι
878 3764 1220 3835 πραγμάτων
1260 3766 1525 3838 αίσθητὴν
1555 3766 1810 3829 πλέοντες
1832 3765 2029 3822 θάλασ-

451 3868 570 3910 σαν,
602 3848 776 3912 οὕτως
799 3850 1165 3919 ἐγρηγορυῖαν
1194 3848 1459 3918 διηνεκῶς
1482 3850 1665 3920 ἔχουσι
1702 3850 1800 3922 τὴν
1825 3850 2025 3923 ψυχὴν,

449 3937 627 4008 πολλῷ
658 3936 861 4008 μᾶλλον
902 3937 1051 4006 ἡμᾶς
1095 3934 1240 3989 οῦτω
1271 3937 1715 4008 παρεσκευάσθαι
1761 3939 1867 4009 χρή
1895 3954 1907 3971 ο
1933 3939 2029 3992 καὶ

445 4021 553 4093 γὰρ
583 4021 677 4073 καὶ
703 4017 908 4090 μείζων
933 4020 963 4072 6
998 4017 1242 4082 κίνδυνος
1277 4018 1603 4092 ῥᾳθυμοῦσι,
1642 4022 1738 4074 καὶ
1766 4018 1968 4075 πλείων
1992 4023 2026 4092 ἡ

446 4104 715 4174 ἀσφάλεια
752 4103 1033 4173 νήφουσιν.
1073 4100 1211 4155 οὐτε
1245 4103 1355 4173 γάρ
1386 4104 1495 4157 ἀπὸ
1533 4103 1760 4157 σανίδων
1803 4105 1934 4176 ἡμῖν
1967 4105 2030 4158 τὸ

443 4188 652 4255 σκάφος
672 4183 833 4238 τοῦτο
860 4184 1314 4251 κατεσκεύασται,
1340 4185 1457 4239 ἀλλ’
1480 4186 1587 4239 ἀπὸ
1611 4185 1720 4239 τῶν
1751 4186 1911 4242 θείων
1937 4204 2030 4241 κε-

446 4270 703 4341 κόλληται
738 4268 994 4340 Γραφῶν,
1023 4267 1150 4322 οὐτε
1178 4270 1407 4340 ἀστέρες
1435 4270 1568 4323 αὐτὸ
1596 4271 2028 4343 χειραγωγοῦσιν

444 4434 767 4489 κατευθύνει
797 4435 888 4487 τὸν
909 4434 1097 4496 πλοῦν,
1117 4436 1213 4488 καὶ
1235 4434 1527 4507 καθήμεθα
1550 4437 1772 4491 ἐπὶτῶν
1801 4438 2025 4499 οίάκων,

443 4520 505 4573 οὐ
538 4517 775 4589 ζεφύρου
825 4517 996 4579 πνοὰς
1037 4517 1438 4588 ἀναμένοντες,
1480 4519 1617 4573 ἀλλά
1651 4520 1753 4591 τὴν
1794 4525 2029 4592 πραεῖαν

443 4598 619 4672 αὔραν
648 4599 741 4652 τοῦ
774 4597 1110 4667 ηνεύματος.

521 4683 583 4755 β’.
609 4684 887 4753 Νήφωμεν
917 4682 1095 4734 τοίνυν
1124 4685 1219 4736 καὶ
1261 4684 1359 4748 τὰς
1392 4685 1544 4748 ὁδοὺς
1582 4684 1718 4755 μετὰ
1745 4686 2029 4758 ἀκριϐείας

445 4784 568 4839 περι
579 4764 867 4835 σκοπῶμεν
887 4781 901 4794 ·
936 4766 1063 4836 περὶ
1086 4767 1195 4837 γάρ
1218 4767 1319 4836 τῆς
1344 4769 1437 4822 τοῦ
1462 4770 1800 4838 Μονογενοῦς
1822 4770 1978 4842 δόξης
2001 4772 2031 4825 6

446 4852 603 4919 λόγος
636 4850 766 4921 ἡμῖν
802 4851 915 4901 ἐστι
958 4848 1139 4902 πάλιν.
1184 4850 1380 4921 Πρὼην
1424 4851 1523 4923 μὲν
1569 4850 1660 4906 οὖν
1695 4854 2026 4926 ἐδείκνυμεν,

442 4938 528 4994 Gtt.
573 4935 665 4989 καὶ
706 4932 1032 5005 ἀνθρώπων,
1058 4934 1153 4987 καὶ
1191 4935 1458 5004 ἀγγέλων,
1504 4939 1597 4991 καὶ
1636 4940 2028 5011 ἀρχαγγέλων,

448 5019 543 5072 καὶ
573 5017 759 5080 ἁπλῶς
786 5016 967 5088 πάσης
1000 5017 1099 5087 τῆς
1142 5018 1372 5083 κτίσεως
1409 5018 1507 5091 τὴν
1537 5022 1751 5091 σοφίαν,
1782 5028 1816 5092 ὴ
1858 5023 2028 5075 κατά-

448 5102 607 5171 ληψις
645 5103 744 5172 τῆς
771 5100 956 5163 οὐσίας
991 5111 1014 5139 ε
1039 5099 1134 5153 τοῦ
1160 5100 1313 5166 Θεοῦ,
1355 5104 1491 5172 μετά
1533 5103 1733 5175 πολλῆς
1765 5105 2032 5176 ὑπερϐαίν-

447 5202 530 5243 νει
552 5185 652 5256 τῆς
678 5183 1027 5256 περιουσίας,
1064 5186 1158 5239 καὶ
1186 5184 1263 5255 τῷ
1316 5188 1613 5257 Μονογενεῖ
1653 5189 1801 5260 μόνῳ
1829 5191 1923 5243 καὶ
1952 5190 2032 5261 τῷ

449 5269 591 5339 ἀγίῳ
639 5268 918 5339 Πνεύματι
955 5267 1234 5342 γνώριμός
1278 5272 1395 5324 ἐστι
1432 5275 1523 5326 καὶ
1564 5275 1774 5344 σαφής·
1811 5276 1929 5327 νυνὶ
1972 5274 2030 5327 66

452 5353 587 5424 πρὸς
615 5351 800 5422 ἕτερον
840 5350 1223 5422 παλαισμάτων
1260 5355 1390 5426 ἡμῖν
1435 5356 1599 5428 μέρος
1639 5359 1667 5409 ό
1705 5356 1860 5425 λόγος
1894 5356 2025 5427 μεθο

517 5480 539 5508 ⁸
570 5479 666 5531 Alii
685 5479 808 5526 κατὰ
830 5478 916 5535 τὴν
938 5477 1024 5527 τοῦ
1045 5478 1172 5529 Θεοῦ
1190 5480 1342 5544 χάριν.

513 5540 542 5579 δ
572 5540 708 5590 Unus
726 5540 1087 5593 ὐποδεξομένην.

518 5555 542 5579 η
574 5555 708 5590 unus
726 5555 1087 5601 υποοεςομενην.

518 5604 542 5663 9
568 5601 719 5663 Sayil.
744 5605 798 5649 et
820 5602 1012 5661 aliquot
1031 5615 1151 5651 mss.
1178 5601 1405 5663 ὶθύνουστ,
1434 5603 1740 5653 Morel.vero
1766 5606 2025 5655 εὐθύνουσι.

456 5657 583 5709 Infra
607 5662 788 5768 ιιίιμιοι
809 5657 921 5708 nm:
949 5668 1003 5710 et
1025 5663 1172 5711 Savil.
1192 5666 1342 5728 ἡμέρᾳ
1372 5657 1546 5713 δύναιτ’
1570 5668 1627 5714 ἂν
1644 5666 1867 5716 πλεῦσαι.
1894 5668 2032 5729 (εαξ-

456 5727 554 5768 Ευιη
573 5727 675 5768 erat
714 5722 803 5768 δεῖν
822 5722 997 5768 δύναιτ’
1019 5724 1093 5768 ἂν.
1113 5738 1291 5768 mmsso
1315 5738 1426 5768 mm:
1447 5727 1675 5768 ἀπάηπηε-)

453 5727 554 5788 tu";
573 5727 675 5788 ετᾳι
692 5722 803 5770 ἰδεῖν
822 5722 997 5788 δύναιτ’
1011 5724 1093 5788 Δάν,
1113 5722 1299 5788 οῃιξεεό
1315 5722 1426 5773 inox
1447 5727 1675 5788 ἀπάσης.)

515 5781 547 5822 ά
563 5783 897 5849 Αιίιριοιηπιξδ.
923 5781 1111 5849 βιαίαις.
1137 5786 1291 5849 Paul};
1311 5794 1422 5849 post
1443 5801 1555 5836 mss.
1579 5781 1776 5849 pTu’rimi
1801 5790 2023 5849 ἀντιστή-

456 5841 809 5912 σαντεςιβεγίι.
833 5841 1221 5912 ἀντιστήσαντας,
1244 5841 1419 5895 Mo'rel.
1443 5841 1805 5905 ἀναστήσαντα.

522 5908 545 5938 ο
567 5904 667 5956 Am
687 5909 770 5962 τῆς
790 5904 973 5964 σοφία-ς,
984 5908 1144 5953 minus
1164 5920 1203 5953 re
1221 5913 1319 5957 cie.

1157 309 1218 363 S.
1259 307 1543 363 JOANMS
1582 305 2068 363 CIIRYSOSTOMI
2101 305 2425 362 ARCHIL‘P.
2465 307 3014 364 CONSTANTINOP.

3585 314 3680 371 758

2144 420 2380 475 ίστσται.
2427 420 2709 492 Ζητοῦμεν
2741 421 2852 493 γάρ
2898 422 2946 475 εί
2989 420 3089 491 τῆς
3116 419 3285 491 αὐτῆς
3327 419 3608 494 δυνάμεως,
3640 429 3684 481 ει

2136 502 2234 573 τῆς
2263 502 2433 573 αὐτῆς
2456 502 2703 569 ἐξουσίας
2731 503 2900 568 ἐστὶν,
2928 504 2978 557 εί
3011 504 3110 572 τῆς
3136 503 3301 573 αὐτῆς
3328 504 3507 571 οὐσίας
3528 506 3554 558 6
3574 507 3685 572 Υίδς

2133 584 2212 655 τῷ
2250 585 2453 655 Πατρί·
2490 586 2691 655 μᾶλλον
2715 586 2773 639 66
2799 589 2964 657 ἡμεῖς
2994 586 3054 640 οὐ
3086 584 3372 657 ζητοῦμεν,
3408 587 3516 641 ἀλλ’
3540 591 3687 661 εὐρὴ-

2137 685 2312 739 καμεν
2337 666 2498 721 τοῦτο
2525 669 2614 722 διὰ
2643 669 2742 739 τὴν
2764 670 2857 723 τοῦ
2896 668 3136 741 Χριστοῦ
3160 668 3339 741 χάριν,
3365 670 3456 723 καὶ
3484 672 3686 741 κατέχεις

2139 768 2239 821 μεν
2274 751 2411 821 μετά
2458 752 2759 821 ἀσφαλείας
2786 768 2800 783 ·
2843 755 2959 812 τοῖς
2995 752 3053 805 δέ
3098 751 3530 821 ἀναισχυντοῦσιν
3563 755 3688 826 ὑπὲρ

2133 833 2339 887 τούτων
2365 833 2496 887 αὐτὸ
2532 835 2692 888 τοῦτο
2724 835 3004 901 ἀποδεῖξαι
3041 835 3557 907 παρασκευαζόμεθα
3583 837 3685 895 νῦν,

2135 916 2469 987 Αἰσχύνομαι
2496 918 2595 988 μὲν
2622 914 2716 972 οὖν
2746 919 2840 972 καὶ
2866 917 3125 989 ἐρυθριῶ,
3161 917 3369 988 μέλλων
3393 921 3470 983 είς
3489 918 3688 984 τούτους

2135 1000 2425 1070 ἐμϐάλλειν
2446 1002 2571 1064 τοὺς
2614 1000 2825 1069 λόγους.
2868 1002 2965 1064 Τίς
2996 1000 3106 1073 γὰρ
3141 1002 3287 1071 ἡμᾶς
3320 1002 3382 1055 οὐ
3425 1001 3689 1069 γελάσεται

2134 1084 2201 1135 τά
2251 1083 2395 1137 οὕτω
2450 1085 2665 1157 φανερά
2714 1084 3145 1147 κατασκευάζειν
3180 1085 3276 1139 καὶ¹
3329 1084 3687 1139 ἀποδεικνύναι

2135 1165 2544 1237 πειρωμένους;
2579 1166 2706 1221 ποία
2733 1167 2792 1222 δὲ
2815 1168 2918 1221 οὐκ
2945 1166 3013 1222 ἀν
3029 1167 3117 1238 εἴη
3138 1167 3477 1235 κατάγνωσις
3504 1168 3686 1238 ζητεῖν,

2132 1249 2180 1302 εί
2208 1249 2491 1318 όμοούσιός
2529 1252 2678 1305 ἐστιν
2709 1252 2738 1305 6
2771 1250 2898 1314 Υίδς
2922 1250 2999 1321 τῷ
3032 1250 3240 1322 Πατρί;
3263 1250 3431 1305 Τοῦτο
3456 1251 3559 1322 γὰρ
3584 1254 3689 1321 οὐχὶ

2132 1334 2249 1395 ταῖς
2286 1334 2530 1403 Γραφαῖς
2561 1335 2745 1404 μόνον,
2778 1334 2915 1388 ἀλλά
2955 1334 3050 1388 καὶ
3079 1337 3145 1406 τῇ
3181 1337 3334 1405 κοινῇ
3366 1335 3571 1389 πάντων
3593 1336 3689 1390 τῶν

2132 1414 2435 1486 ἀνθρώπων
2465 1416 2612 1487 δόξῃ,
2644 1417 2739 1470 καὶ
2759 1419 2826 1489 τῇ
2850 1416 2960 1470 τῶν
2986 1417 3327 1489 πραγμάτων
3360 1416 3513 1485 φύσει
3543 1419 3689 1488 μαχό-

2136 1499 2294 1567 μενόν
2324 1500 2493 1553 ἐστιν.
2531 1500 2655 1553 Ὂτι
2683 1499 2792 1572 γάρ
2825 1499 3111 1571 δμοούσιος
3141 1501 3466 1572 ὀ-γεινηθεὶς
3492 1499 3565 1570 τῷ
3590 1518 3690 1568 γεν-

2132 1584 2378 1653 νήσαντι.
2405 1583 2505 1636 οὐκ
2527 1584 2614 1636 ἐπ’
2641 1582 2943 1654 ἀνθρώπων
2968 1583 3150 1653 μόνον,
3172 1582 3307 1636 ἀλλά
3338 1583 3431 1636 καὶ
3450 1585 3536 1636 ἐπὶ
3556 1582 3689 1644 ζώων

2133 1664 2406 1726 ἁπάντων,
2450 1666 2544 1718 καὶ
2577 1665 2669 1719 ἐπὶ
2695 1665 2926 1736 δένδρων
2950 1666 3109 1719 τοῦτο
3144 1666 3243 1720 ῖδοι
3267 1683 3352 1730 τις
3383 1665 3466 1720 ἀν.

2203 1746 2327 1810 Πῶς
2358 1744 2452 1801 οῦν
2482 1748 2580 1801 οὐκ
2615 1750 2813 1803 ἄτοπον
2841 1749 2933 1802 ἐπὶ
2957 1748 3056 1819 μὲν
3079 1750 3262 1818 φυτῶν
3289 1749 3383 1803 καὶ
3415 1748 3688 1819 ἀνθρώπων

2131 1830 2226 1883 καὶ
2256 1829 2411 1894 ζώων
2457 1832 2718 1903 ἀκίνητον
2765 1832 2954 1886 τοῦτον
2997 1833 3181 1904 μένειν
3217 1833 3311 1886 τὸν
3334 1832 3481 1905 [505]
3526 1832 3685 1901 νόμον,

2131 1913 2224 1966 ἐπὶ
2253 1912 2388 1966 Θεοῦ
2415 1914 2471 1967 δέ
2497 1914 2655 1984 μόνον
2680 1917 2851 1969 κινεῖν
2873 1916 3036 1971 αὐτὸν
3061 1916 3156 1969 καὶ
3179 1916 3503 1987 ἀνατρέπειν
3523 1933 3536 1978 ;
3560 1914 3691 1983 Πλὴν

2129 1994 2245 2078 ἀλλ’
2282 1996 2367 2049 ἵνα
2400 1996 2475 2068 μὴ
2497 1997 2743 2068 δοκῶμεν
2779 1999 2889 2054 ἀπὸ
2912 1999 3019 2054 τῶν
3050 1999 3183 2072 παρ’
3209 2002 3343 2070 ἡμῖν
3377 1998 3687 2078 πραγμάτων

2130 2077 2303 2133 ταῦτα
2334 2079 2784 2152 διισχυρίζεσθαι,
2817 2081 2953 2154 φέρε
2984 2082 3093 2137 ἀπὸ
3125 2082 3236 2137 τῶν
3267 2083 3307 2136 Γ
3311 2077 3496 2155 ραφῶν
3530 2080 3688 2134 αὐτῶν

2130 2160 2286 2215 τοῦτο
2319 2162 2711 2234 ἀποδείξωμεν,
2743 2166 2836 2218 καὶ
2867 2168 3180 2238 κινήσωμεν
3202 2166 3333 2230 τοὺς
3358 2164 3482 2236 περὶ
3507 2163 3688 2218 τούτων

2131 2244 2343 2313 λόγους.
2387 2246 2462 2299 Οὐ
2497 2246 2607 2319 γάρ
2635 2249 2797 2318 ἡμεῖς
2835 2249 2884 2301 οί
2933 2249 3314 2319 πεπεισμένοι,
3360 2248 3472 2303 ἀλλ’
3513 2248 3689 2301 ἐκεῖνοι

2129 2328 2180 2380 οἱ
2207 2327 2558 2394 ἀπιστοῦντες
2588 2329 2680 2384 τὸν
2712 2330 2923 2396 γέλωτα
2951 2332 3308 2403 όφλὴσουσιν,
3343 2332 3393 2385 οἱ
3433 2330 3451 2369 ί
3481 2329 3606 2401 πρὸς
3630 2327 3689 2382 τὰ

2129 2410 2271 2464 οὐτω
2317 2411 2527 2484 φανερά
2564 2411 2971 2483 ἀνθιστάμενοι,
3012 2416 3106 2468 καὶ
3148 2414 3287 2486 πρὸς
3326 2416 3424 2485 τὴν
3457 2413 3689 2485 ἀλήθειαν

2128 2493 2561 2557 ἀντιϐλέποντες.
2594 2495 2729 2549 Ποῖα
2760 2497 2988 2570 φανερὰ,
3034 2498 3229 2568 φησίν;
3274 2500 3325 2552 εἰ
3365 2497 3492 2569 γὰρ,
3526 2496 3689 2566 ἐπειδὴ

2130 2577 2255 2641 Υἱὸς
2289 2577 2525 2646 λέγεται,
2557 2577 2841 2649 ὁμοούσιός
2875 2581 2992 2633 ἐστι
3023 2580 3103 2648 τῷ
3136 2581 3332 2652 Πατρὶ,
3368 2579 3688 2651 δυνησόμεθα

2129 2660 2225 2714 καὶ
2270 2663 2432 2732 ἡμεῖς
2461 2661 2738 2731 όμοούσιοι
2786 2657 2961 2717 εἶναι’
2994 2664 3087 2717 καὶ
3127 2663 3236 2735 γὰρ
3286 2666 3378 2718 καὶ
3417 2666 3569 2735 ἡμεῖς
3599 2663 3691 2715 υίοὶ

2127 2744 2433 2814 λεγόμεθαο
2483 2744 2624 2814 Ἐγὼ
2673 2745 2784 2815 γὰρ
2829 2743 3003 2810 εἷπον,
3038 2748 3192 2818 φησί,
3242 2750 3369 2802 θεοί
3403 2749 3559 2808 ἐστε,
3606 2747 3688 2799 καί

2128 2830 2248 2883 υἱοὶ
2284 2829 2582 2898 Ὑψίστου
2611 2828 2852 2898 πάντες.
2878 2832 2941 2884 Ὢ
2962 2831 3061 2901 τῆς
3094 2831 3515 2903 ἀναισχυντίαςί
3549 2829 3691 2898 ῶτῆς

2128 2912 2364 2982 ἐσχάτης
2402 2912 2618 2976 ἀνοίαςὶ
2652 2912 2771 2974 πῶς
2799 2914 2887 2971 διά
2931 2915 3149 2968 πάντων
3178 2914 3278 2986 τὴν
3308 2915 3484 2969 αὐτῶν
3516 2914 3692 2984 μανίαν

2127 2995 2526 3050 ἐνδείκνυνταιι
2558 2997 2685 3050 Ὅτε
2716 2997 2810 3049 τὸν
2851 2997 2976 3068 περὶ
3008 2997 3398 3069 άκαταλὴπτου
3428 2998 3575 3066 λόγον
3595 2999 3695 3049 ἐκι-

2127 3078 2347 3149 νοῦμεν,
2379 3078 2744 3147 ἐφιλονείκουν
2777 3079 2989 3143 ἑαυτοῖς
3020 3079 3313 3137 διεκδικείν
3352 3081 3522 3142 τοῦτο,
3549 3079 3577 3133 ὃ
3610 3075 3693 3132 τοῦ

2128 3159 2466 3230 Μονογενοῦς
2490 3156 2558 3233 ἦν
2583 3162 2767 3233 μόνου,
2793 3162 2854 3215 τὸ
2876 3163 2968 3217 τὸν
2992 3162 3124 3216 Θεὸν
3151 3163 3327 3229 οὐτως
3346 3164 3537 3218 εἰδέναι
3561 3163 3694 3232 ἀκρίς

2130 3244 2261 3310 ϐῶς.
2293 3245 2370 3309 ὼς
2412 3246 2576 3309 αὐτὸς
2615 3246 2805 3298 ἑαυτὸν
2836 3242 2976 3300 οἶδε’
3004 3245 3100 3301 νῦν
3135 3246 3414 3319 δὲ-ἐπειδη
3446 3248 3566 3321 περὶ
3606 3246 3692 3315 τῆς

2128 3326 2221 3380 τοῦ
2247 3325 2587 3396 Μονογενοῦς
2608 3327 2766 3398 δόξης
2788 3330 2923 3399 ἡμῖν
2944 3328 3092 3381 ἐστιν
3126 3331 3153 3383 6
3179 3329 3359 3399 λόγος,
3388 3327 3694 3400 φιλονεικοῦ-

2132 3427 2214 3464 σιν
2247 3409 2410 3464 αὐτδν
2455 3412 2536 3475 είς
2572 3410 2669 3483 τὴν
2705 3412 2912 3465 οίκείαν
2945 3411 3221 3466 εὐτέλειαν
3260 3415 3588 3483 καταγαγεῖν
3615 3411 3695 3465 λί-

2128 3510 2337 3561 γοντες,
2373 3494 2455 3546 ὅτι
2477 3495 2571 3547 καὶ
2603 3497 2765 3566 ἡμεῖς
2797 3494 2903 3547 υἱοὶ
2943 3493 3235 3566 λεγόμεθα.
3286 3497 3474 3551 Καὶού
3500 3495 3695 3557 πάντως

2125 3575 2286 3629 τοῦτο
2324 3576 2643 3648 ὁμοουσίους
2672 3577 2822 3647 ἡμᾶς
2850 3580 2996 3629 ποιεῖ
3022 3576 3099 3648 τῷ
3133 3577 3275 3649 Θεῷ.
3307 3579 3433 3645 Υίὸς
3457 3577 3583 3652 λέγῃ
3617 3577 3695 3643 σύ,

2127 3659 2243 3713 ἀλλ’
2272 3659 2477 3722 ἐκεῖνος
2525 3658 2674 3712 ἐστιν
2717 3658 2762 3697 ⁸·
2797 3660 3031 3715 ἐνταῦθα
3081 3661 3256 3732 ῥῆμα,
3304 3664 3423 3719 ἐκεῖ
3464 3663 3692 3735 πρᾶγμα.

2130 3742 2253 3805 Υίὺς
2285 3742 2417 3813 λέγῃ
2458 3742 2546 3802 σύ,
2577 3741 2713 3795 ἀλλά
2734 3742 3043 3814 Μονογενὴς
3072 3744 3133 3796 οὐ
3167 3744 3306 3817 λέγῃ
3347 3744 3589 3816 καθάπερ
3616 3743 3697 3797 καὶ

2127 3827 2352 3888 ἐκεῖνος,
2390 3824 2503 3877 ἀλλ’
2543 3826 2601 3877 ἐν
2639 3826 2753 3888 τοῖς
2796 3826 3016 3890 κόλποις
3048 3826 3146 3880 τοῦ
3186 3828 3402 3898 Πατρὸς
3425 3829 3484 3881 οὐ
3507 3825 3694 3896 διατρί-

2130 3906 2263 3972 ϐεις,
2293 3907 2407 3960 ἀλλ’
2439 3906 2783 3978 ἀπαύγασμα
2823 3910 2922 3980 τῆς
2954 3909 3110 3980 δόξης
3144 3911 3245 3963 οὐκ
3283 3906 3355 3974 εἷ,
3382 3910 3501 3963 οὐδέ
3538 3924 3695 3979 χαρα-

2128 3990 2266 4062 κτὴρ
2287 3990 2385 4060 τῆς
2407 3990 2778 4056 ὑποστάσεως,
2797 3992 2919 4045 οὐδὲ
2943 3992 3127 4066 μορφὴ
3146 3993 3240 4047 τοῦ
3265 3994 3407 4048 Θεοῦ
3428 3993 3693 4064 ὑπάρχεις.

2128 4074 2191 4127 Εἰ
2222 4073 2400 4126 τοίνυν
2428 4073 2489 4125 οὐ
2528 4073 2707 4127 πείθει
2745 4090 2806 4128 σε
2833 4075 2895 4129 τὸ
2926 4076 3214 4148 πρότερον,
3243 4077 3423 4131 ταῦτα
3460 4076 3695 4139 πειθέτω,

2128 4156 2223 4211 καὶ
2250 4156 2419 4209 πολλά
2441 4156 2603 4226 ἕτερα
2634 4155 2857 4210 πλείονα
2881 4158 3107 4218 τούτων,
3135 4159 3236 4230 τὴν
3265 4161 3544 4230 εὐγένειαν
3562 4156 3696 4227 αὐτῷ

2132 4238 2511 4310 μαρτυροῦντα
2559 4239 2797 4311 ἐκείνην·
2832 4242 2998 4295 Ὅταν
3039 4242 3140 4313 μὲν
3166 4244 3275 4313 γὰρ
3305 4243 3365 4297 τὸ
3397 4241 3693 4312 ἀπαράλλα.

2110 4320 2256 4375 ’κτον
2293 4322 2395 4391 τῆς
2434 4320 2620 4384 οὐσίας
2650 4324 2815 4377 αὐτοῦ
2850 4325 3021 4391 δεῖξαι
3052 4324 3312 4394 βούληται
3355 4326 3415 4378 τὸ
3460 4324 3589 4397 πρὸς
3613 4321 3695 4374 τὸν

2130 4405 2518 4474 γεγεννηκότα.
2561 4406 2624 4457 '0
2651 4406 2923 4473 ἑωρακὼς
2961 4408 3086 4476 ἐμὲ,
3127 4410 3313 4477 φησὶν,
3348 4409 3564 4476 ἑώρακε
3600 4406 3698 4457 τὸν

2131 4488 2380 4557 Πατέρα.
2400 4488 2568 4541 ’Ὁταν
2578 4489 2635 4541 δέ
2646 4488 2707 4541 τὸ
2729 4489 2927 4554 ἰδιάζον
2940 4492 3036 4560 τῆς
3056 4490 3359 4562 δυνάμεως,
3377 4492 3534 4562 Ἐγὼ,
3553 4488 3693 4559 φησὶ.

2130 4569 2230 4623 καί
2268 4574 2300 4623 ό
2328 4570 2530 4638 Πατὴρ
2569 4570 2641 4625 ἓν
2680 4572 2899 4640 ἐσμεν-ο
2939 4574 3064 4627 ὅταν
3091 4574 3149 4627 δὲ
3175 4576 3237 4627 τὸ
3279 4576 3570 4646 ἐφάμιλλον
3608 4572 3695 4642 τῆς

2131 4652 2399 4717 ἐξουσίας,
2426 4654 2654 4721 ’Ὠσπερ
2671 4655 2779 4723 γὰρ
2805 4658 2838 4708 ό
2862 4655 3065 4723 Πατὴρ
3081 4657 3291 4726 ἐγειζοει
3304 4659 3446 4724 τοὺς
3462 4655 3695 4725 νεκροὺς

2132 4734 2230 4787 καὶ
2258 4734 2537 4799 ζωοποιεῖ,
2563 4736 2719 4789 οὕτω
2748 4737 2847 4790 καὶ
2872 4741 2906 4792 ό
2942 4740 3094 4804 Υἱὸς,
3115 4740 3224 4805 οὓς
3247 4740 3405 4795 θέλει
3429 4736 3690 4801 ζωοποιεῖ⁸

2132 4819 2259 4871 ὃταν
2285 4818 2343 4871 66
2388 4819 2487 4881 τὴν
2528 4819 2833 4889 ταυτότητα
2871 4821 2970 4890 τῆς
3012 4821 3289 4893 λατρείας,
3318 4824 3453 4879 Ἵνα
3490 4821 3696 4883 πάντες

2131 4900 2343 4969 τιμῶσι
2384 4901 2493 4955 τὸν
2555 4900 2720 4965 Υίὸν,
2764 4901 2960 4969 καθὼς
3012 4902 3225 4973 τιμῶσι
3277 4906 3386 4960 τὸν
3443 4903 3690 4971 Πατέρα’

2131 4989 2259 5040 ὅταν
2287 4988 2346 5041 66
2371 4987 2472 5059 τὴν
2503 4987 2793 5042 αὐθεντίαν
2829 4987 2926 5061 τὴν
2953 4992 3009 5044 ἐν
3039 4997 3163 5055 ταῖς
3205 4993 3311 5046 τῶν
3342 4994 3519 5064 νόμων
3544 5007 3695 5061 μετα·

2135 5072 2375 5133 σκευαῖς,
2420 5070 2483 5123 Ὀ
2524 5071 2726 5137 Πατήρ
2766 5089 2908 5141 μου,
2953 5074 3142 5144 φησὶν,
3193 5074 3505 5144 ἐργάζεται,
3547 5073 3698 5141 κάγὼ

2132 5151 2460 5222 ἐργάζομαι.
2500 5154 2639 5208 Ἀλλ’
2662 5148 2808 5208 οῦτοι
2841 5156 3016 5211 πάντα
3041 5157 3216 5210 ταῦτα
3238 5158 3691 5231 παραδραμόντες,

2133 5236 2228 5289 καὶ
2252 5236 2314 5289 τὸ
2338 5236 2465 5300 Υίὸς
2495 5237 2668 5308 ὄνομα
2701 5239 2761 5291 οὐ
2793 5238 2997 5311 κυρίως
3021 5240 3367 5305 ἐκλαϐόντες,
3406 5239 3587 5308 ἐπειδὴ
3609 5236 3694 5291 καὶ

2133 5318 2288 5371 αὐτοὶ
2316 5319 2635 5390 τετίμηνται
2665 5322 2731 5391 τῇ
2758 5322 2868 5375 τῶν
2894 5321 3026 5375 υἱῶν
3055 5324 3395 5396 προσηγορίᾳ
3425 5324 3476 5388 ιι,
3500 5324 3578 5384 είς
3605 5318 3695 5389 τὴν

2134 5401 2307 5471 αὐτὴν
2336 5402 2614 5454 εὐτέλειαν
2653 5403 2746 5455 τὸν
2770 5403 2898 5457 Υίὸν
2929 5405 3226 5473 κατάγουσι
3260 5406 3527 5475 λέγοντες,
3566 5400 3695 5469 Ἐγὼ

2132 5479 2290 5549 εἶπα,
2332 5486 2457 5538 θεοί
2495 5484 2653 5548 ἐστε,
2689 5485 2785 5539 καί
2823 5487 2941 5539 vlo!
2993 5488 3286 5556 Ὑψίστου
3320 5488 3557 5551 πάντες.
3600 5484 3683 5536 Οὑ-

2134 5566 2264 5619 κοῦν
2291 5567 2476 5638 ἐπειδὴ
2507 5568 2596 5620 διά
2624 5569 2724 5639 τὴν
2750 5568 2845 5620 τοῦ
2871 5570 2987 5624 υἱοῦ
3013 5571 3380 5643 προσηγορίαν
3410 5572 3512 5641 φῂς
3537 5566 3692 5636 μηδὲν

2133 5648 2277 5718 ἔχειν
2312 5667 2405 5702 σου
2435 5650 2598 5703 πλέον
2625 5651 2715 5703 τὸν
2752 5651 2898 5715 Υίδν,
2927 5655 3019 5707 καὶ
3049 5654 3191 5709 κατά
3219 5655 3375 5708 τοῦτο
3406 5654 3535 5725 μηδέ
3566 5646 3692 5703 εἶναι

2207 5728 2342 5780 (Αιὶἱ
2368 5734 2552 5791 γέλωτα
2568 5735 2799 5792 οἴσουσιν,
2827 5739 2885 5784 οἱ.

2198 5794 2223 5863 ξ
2365 5794 2475 5855 λέγῃ
2499 5794 2577 5850 σύ,
2613 5795 2784 5863 ἐκεῖνος
2809 5798 2858 5844 δὲ
2876 5799 3097 5863 καὶᾉέστι.

2189 5852 2219 5928 ξι
2247 5852 2587 5928 ΑΙὶψιοὶίηςις.
2612 5862 2669 5917 τῇ
2711 5860 3024 5924 προσηγορίᾳ,
3051 5862 3226 5914 Μητρὶ,
3263 5869 3314 5913 et
3336 5864 3484 5914 Savil.
3512 5864 3562 5922 τῇ
3604 5856 3688 5905 τίν*

2133 5918 2248 5964 υῑῶν
2269 5918 2579 5981 προσηγορία.
