3918 6364
199 358 281 414 757
1078 344 1166 400 DE
1202 339 1844 407 CONSUDSTANTIALI,
1878 339 2152 396 CONTRA
2190 337 2564 396 ANOMCEOS.
2597 330 2708 386 VH.

194 477 437 530 caritatem
461 475 685 524 vestram
702 462 964 520 deducere
987 462 1094 516 Deo
1116 458 1325 512 t‘avente
1344 457 1597 509 conabor.
1624 453 1727 507 Sed

192 564 421 622 attendite
445 563 697 624 animum,
728 565 883 625 atque
909 552 1121 622 vigilate
1149 568 1163 602 :
1191 565 1312 604 nam
1342 549 1478 602 inter
1496 561 1589 600 eos
1617 546 1734 614 qni-

193 661 297 715 dem
321 657 402 727 qui
424 654 665 722 navigant
688 690 705 716 ,
734 649 856 702 licet
881 645 1145 700 dormiant
1172 656 1380 706 omnes,
1411 641 1453 693 si
1483 638 1629 692 solus
1660 636 1737 688 vi-

158 726 301 821 ‘gilet
331 726 645 819 gubernator
668 783 682 802 .
724 740 924 794 nullum
963 745 1045 791 est
1069 734 1360 804 periculum
1385 772 1401 797 ,
1432 730 1556 783 dum
1597 726 1736 781 illius

191 816 435 910 signantia
477 844 531 889 ct
572 849 659 887 ars
700 831 908 899 navigio
952 841 1049 895 pro
1089 824 1336 879 omnibus
1381 820 1617 875 sufficit:
1650 816 1737 869 hic

190 909 301 987 vero
325 943 427 983 non
454 927 523 980 ita
554 943 566 978 :
594 924 689 978 sed
710 919 1028 989 licetvigilet
1053 924 1251 979 orator,
1285 912 1385 967 nisi
1408 909 1733 978 vigilantiam

187 1021 408 1077 eamdem
448 1015 729 1071 exhibeant
763 1010 1072 1072 auditores,
1114 1005 1393 1059 demersus
1433 1000 1521 1054 hic
1557 1010 1736 1052 sermo

188 1125 354 1169 uoster
380 1109 607 1181 peribit,
649 1118 820 1173 neque
869 1108 1100 1155 mentem
1144 1096 1340 1160 ullam,
1383 1106 1412 1145 a
1440 1105 1540 1160 qua
1573 1088 1739 1158 possit

188 1203 341 1272 excipi
365 1243 379 1267 ,
410 1199 757 1253 nanciscetur.
803 1192 1139 1260 Quapropter
1163 1186 1373 1239 sobrios
1400 1196 1518 1235 esse
1546 1192 1643 1232 nos
1675 1189 1739 1231 ac

189 1269 442 1365 vigilantes
470 1295 709 1358 oportet:
734 1282 991 1353 siquidem
1012 1273 1469 1349 prmsmntioribus
1496 1271 1548 1324 in
1577 1269 1739 1323 rebus

187 1358 452 1453 negotiatio
498 1386 675 1432 nostra
720 1373 1014 1435 consistet,
1066 1382 1164 1423 nec
1203 1367 1268 1420 ad
1308 1379 1494 1418 aurum
1520 1404 1533 1424 ,
1559 1362 1639 1414 vel
1672 1358 1737 1411 ad

187 1485 438 1547 argentum
461 1513 476 1537 ,
526 1470 607 1524 vel
633 1468 699 1522 ad
726 1481 816 1522 res
842 1473 1127 1535 pereuntes
1153 1501 1167 1524 ,
1195 1459 1288 1514 sed
1311 1458 1377 1510 ad
1399 1455 1631 1509 futuram
1664 1452 1741 1504 vi-

187 1580 281 1624 tam
304 1577 355 1621 et
379 1565 620 1620 caelestes
649 1562 927 1615 thesauros
967 1550 1339 1625 adipiscendos
1379 1548 1690 1615 navigamus
1720 1560 1735 1596 :

184 1662 436 1729 multoque
478 1630 655 1725 plures
680 1652 766 1705 hic
791 1665 948 1721 quam
986 1648 1038 1701 in
1080 1644 1210 1699 mari
1242 1642 1327 1697 vel
1367 1641 1418 1693 in
1450 1648 1588 1693 terra
1617 1644 1740 1689 sunt

186 1751 273 1804 vim
302 1766 317 1802 :
343 1726 480 1814 quod
506 1747 551 1799 si
587 1743 706 1814 quis
747 1749 995 1794 accurate
1036 1736 1159 1790 illas
1204 1742 1386 1788 tenere
1429 1726 1736 1791 nesciverit,

183 1839 564 1896 acerbissimum
608 1830 939 1901 naufragium
982 1827 1235 1898 patietur.
1283 1822 1554 1890 Quotquot
1582 1817 1741 1887 igitur

188 1931 438 1984 nobiscum
466 1924 760 1994 navigatis,
802 1937 872 1976 ne
905 1917 1281 1974 confidentiam
1309 1921 1611 1973 vectorum,
1642 1905 1739 1962 sed

186 2020 482 2091 vigilantiam
506 2026 561 2071 et
582 2012 993 2069 sollicitudinem
1014 2008 1266 2065 exhibete
1290 2005 1737 2075 gubernatorum:

186 2130 290 2168 nam
331 2121 382 2167 et
424 2112 501 2166 illi
549 2110 673 2162 dum
719 2104 1104 2161 dormientibus
1147 2099 1359 2155 caeteris
1383 2095 1631 2151 omnibus
1672 2092 1741 2147 ad

184 2203 519 2275 gubernacula
548 2199 756 2264 sedent,
783 2212 888 2250 non
908 2197 1021 2249 vias
1046 2202 1251 2247 tantum
1277 2192 1328 2245 in
1352 2190 1504 2258 aquis
1522 2188 1742 2242 circum-

186 2298 393 2368 spiciunt
416 2337 429 2357 ,
457 2295 551 2349 sed
584 2301 637 2347 et
670 2293 722 2346 in
751 2290 938 2345 emittm
966 2304 1032 2342 ex
1060 2294 1208 2341 tanto
1246 2283 1539 2353 respiciunt
1571 2281 1740 2334 inter-

186 2389 325 2451 vallo,
353 2402 414 2441 ac
454 2383 623 2438 voluti
661 2398 818 2436 manu
843 2379 1070 2451 quadam
1098 2393 1125 2431 a
1154 2377 1431 2430 stellarum
1461 2388 1620 2427 cursu
1648 2371 1744 2426 deo

184 2478 348 2544 ducti,
396 2478 574 2530 navim
621 2489 743 2528 cum
795 2473 1081 2526 securitate
1132 2469 1477 2522 moderantur
1515 2483 1528 2518 :
1569 2478 1742 2534 neque

188 2569 380 2637 pelagus
405 2566 685 2635 imperitus
712 2564 850 2619 ullus
877 2560 1107 2616 interdiu
1136 2569 1242 2613 tam
1266 2557 1533 2626 intrepide
1561 2561 1744 2624 posset

186 2660 386 2727 intueri,
415 2670 580 2729 atque
614 2657 687 2711 illi
718 2655 1001 2724 tranquille
1033 2652 1207 2707 media
1237 2660 1413 2714 nocte,
1441 2664 1563 2702 cum
1591 2661 1740 2701 mare

187 2760 419 2808 terrorem
446 2750 623 2820 magis
654 2747 862 2812 incutit,
894 2746 1169 2816 vigilantes
1191 2752 1374 2812 pacate
1397 2757 1545 2796 suam
1572 2751 1741 2793 artem

184 2853 448 2909 exercent,
490 2851 546 2898 et
575 2857 681 2895 non
721 2838 940 2895 semitas
967 2837 1140 2892 solum
1170 2836 1307 2889 inter
1338 2831 1542 2892 undas,
1572 2844 1744 2898 neque

184 2949 352 2989 cursus
384 2944 691 2995 astrorum,
723 2930 817 2985 sed
848 2938 902 2984 et
925 2935 1203 2982 ventorum
1228 2924 1402 2978 exitus
1425 2921 1742 2987 circumspi-

185 3025 340 3080 ciunt:
360 3034 612 3093 tantaque
631 3022 868 3078 virorum
894 3018 1103 3072 illorum
1121 3023 1200 3070 est
1217 3013 1497 3084 sapientia,
1526 3022 1581 3064 ut
1601 3024 1743 3078 ειιιρθ

187 3126 439 3171 ventorum
480 3116 744 3183 impetum
784 3108 1155 3164 vehementius
1196 3105 1528 3173 ingruentem
1559 3115 1621 3155 ac
1647 3115 1744 3153 na-

183 3207 356 3277 viginm
392 3207 779 3261 subversurum
803 3242 818 3265 ,
856 3199 1059 3277 crebris
1084 3196 1323 3252 velorum
1362 3190 1742 3247 mutationibus

184 3276 517 3368 excipieuites,
564 3295 791 3349 solerter
818 3276 1108 3362 periculum
1149 3302 1309 3343 omne
1338 3285 1641 3355 depellant,
1689 3292 1744 3338 et

185 3390 403 3445 violentis
423 3397 706 3443 ventorum
753 3383 1053 3440 incursibus
1089 3388 1257 3435 artem
1286 3392 1436 3432 suam
1461 3389 1740 3445 opponen-

185 3493 271 3549 tes,
293 3480 588 3553 tempestati
615 3478 790 3534 navim
814 3475 1060 3546 eripiant.
1086 3472 1238 3542 Quod
1265 3472 1311 3527 si
1338 3486 1436 3541 pro
1459 3468 1742 3527 mundanis

187 3575 248 3629 illi
272 3576 425 3630 rebus
449 3575 557 3628 hoc
582 3570 836 3627 sensibile
859 3583 1007 3623 mare
1024 3568 1333 3636 navigantes
1350 3605 1366 3630 ,
1397 3563 1577 3618 animo
1600 3576 1742 3616 sem-

187 3681 267 3733 per
302 3674 421 3720 sunt
457 3664 601 3719 adeo
643 3662 914 3731 vigilanti,
965 3658 1134 3712 multo
1176 3656 1342 3725 magis
1372 3654 1446 3710 ita
1482 3667 1580 3709 nos
1623 3666 1742 3707 esse

184 3767 494 3827 coriiparatos
539 3762 750 3823 Oportet
789 3766 958 3807 :cum
1009 3749 1304 3820 periculum
1354 3745 1741 3816 negligentibus

185 3848 334 3917 majus
358 3848 658 3909 immineat,
689 3843 965 3912 majorque
990 3843 1061 3896 sit
1086 3840 1347 3895 securitas
1377 3837 1737 3907 vigilantibus.

184 3936 295 3992 Nam
333 3954 504 4008 neque
551 3952 619 3991 ex
660 3933 931 3989 asseribus
972 3942 1154 3987 nostra
1200 3931 1315 3984 hate
1356 3929 1544 4000 cymba
1594 3942 1743 3982 com-

185 4038 315 4095 pacta
339 4039 419 4083 est
442 4070 458 4095 ,
504 4026 603 4081 sed
629 4043 693 4080 ex
731 4024 924 4079 divinis
951 4030 1034 4079 est
1057 4022 1412 4091 conglutinata
1428 4018 1739 4089 Scripturis,

184 4132 270 4172 nee
301 4119 437 4172 illam
474 4116 648 4172 stellze
690 4127 918 4183 superne
949 4112 1256 4176 deducunt,
1303 4110 1396 4166 sed
1424 4111 1562 4164 hanc
1589 4110 1742 4163 nobis

182 4208 250 4259 sol
272 4209 485 4278 justitite
515 4206 905 4274 navigationem
937 4201 1243 4257 moderatur
1277 4218 1290 4254 :
1318 4214 1490 4269 neque
1519 4200 1738 4268 zephyri

185 4298 322 4356 flatus
348 4301 440 4357 sed
467 4303 649 4356 lenem
671 4297 903 4366 Spiritus
930 4308 1113 4350 auram
1143 4293 1510 4362 praestolantes
1539 4290 1605 4345 ad
1635 4307 1736 4361 gu-

183 4390 440 4446 bernacula
468 4389 742 4447 sedemus.

241 4482 292 4536 2.
311 4482 602 4552 Vigilemus
628 4480 823 4546 itaque,
846 4478 1061 4547 viasque
1077 4472 1564 4542 circumspiciamus
1584 4489 1597 4524 :
1621 4486 1739 4523 nam

183 4574 244 4631 de
270 4578 517 4647 unigeniti
566 4574 730 4643 gloria
783 4586 966 4625 rursus
1013 4568 1165 4623 nobis
1205 4574 1286 4620 est
1328 4580 1506 4619 sermo
1536 4580 1549 4615 :
1578 4561 1740 4631 siqui-

182 4664 290 4721 dem
318 4667 615 4729 hominum,
643 4663 972 4732 angelorum,
1003 4656 1439 4727 archangelorum
1468 4664 1520 4709 et
1545 4654 1739 4717 omnis,

183 4766 233 4810 ut
265 4759 561 4812 summatim
590 4755 762 4808 diram
787 4796 802 4816 ,
846 4761 1103 4807 creatura:
1130 4758 1339 4817 captum
1383 4744 1740 4800 incredibilem

184 4846 230 4899 in
254 4848 459 4901 modum
490 4860 743 4914 superare
763 4841 1109 4896 substantiam
1133 4839 1248 4901 Dei,
1272 4851 1370 4891 nec
1396 4837 1462 4888 ab
1490 4836 1576 4889 illa
1598 4848 1746 4887 com-

184 4940 418 5004 prehendi
444 4954 632 5010 passe,
661 4947 817 5005 atque
847 4934 1117 5004 unigenito
1140 4932 1259 4994 soli,
1290 4930 1549 4999 simulque
1573 4927 1744 4996 Spiri-

186 5030 250 5082 tui
276 5043 456 5085 saucto
479 5030 743 5098 cognitam
770 5036 823 5082 et
861 5033 1191 5095 perspectam
1222 5036 1341 5076 esse
1366 5019 1696 5074 ostendimus
1728 5034 1741 5070 :

187 5135 314 5175 nunc
361 5132 540 5177 autem
586 5120 651 5174 ad
699 5120 922 5172 alteram
973 5123 1176 5186 partem
1226 5111 1533 5167 certaminis
1574 5107 1746 5161 oratio

187 5212 482 5266 traducitur.
531 5210 828 5277 Quaerimus
853 5208 994 5262 enim
1024 5223 1091 5260 an
1133 5203 1375 5275 ejusdem
1406 5201 1613 5257 virtutis
1637 5240 1650 5262 ,
1679 5214 1745 5251 an

186 5303 411 5367 ejusdem
435 5303 685 5373 potentiae
711 5301 799 5366 sit,
831 5316 898 5354 an
920 5297 1158 5369 ejusdem
1182 5311 1303 5351 cum
1329 5294 1485 5349 Patre
1503 5294 1749 5347 substan-

187 5395 263 5446 tia:
283 5393 445 5449 Filius
474 5413 488 5449 :
516 5396 624 5449 imo
649 5409 776 5449 vero
801 5407 905 5446 non
922 5391 1229 5462 quatrimus,
1252 5386 1347 5440 sed
1368 5384 1564 5441 Christi
1589 5383 1749 5437 bene-

191 5489 303 5545 ficio
321 5491 429 5561 jam
456 5490 785 5556 invenimus,
812 5498 868 5542 et
897 5486 1116 5541 ﬁrmiter
1141 5493 1401 5543 tenemus,
1430 5479 1523 5535 sed
1550 5478 1615 5531 ad
1646 5476 1748 5530 hoc

189 5582 348 5648 ipsum
372 5581 841 5638 demonstrandum
881 5579 976 5644 iis,
1003 5576 1096 5646 qui
1142 5573 1475 5645 impudenter
1500 5569 1580 5624 his
1607 5568 1749 5623 obsi-

186 5676 349 5738 uunt,
384 5674 495 5744 jam
532 5689 629 5731 nos
653 5672 993 5741 accingimus.
1038 5668 1322 5722 Enimvero
1348 5662 1511 5733 pudet
1550 5675 1656 5725 me,
1686 5674 1750 5713 ac

190 5763 371 5820 rubore
409 5766 681 5822 suﬂutidor
703 5807 721 5828 ,
765 5779 886 5819 cum
914 5760 1172 5831 ejusmodi
1200 5772 1317 5813 sum
1340 5754 1634 5809 orationem
1663 5753 1747 5806 it:-

1837 465 2116 522 gressurus
2149 470 2162 506 :
2193 453 2311 522 quis
2352 453 2493 507 enim
2531 464 2626 505 nos
2666 463 2770 503 non
2795 447 3000 515 rideat,
3049 450 3137 518 qui
3163 463 3250 503 res
3276 448 3409 505 adeo

1837 546 2009 599 claras
2046 545 2271 615 probare
2312 560 2374 599 ac
2420 544 2788 600 demonstrare
2825 542 3114 597 conemur?
3159 543 3289 610 Quis
3313 558 3410 599 eos

1840 651 1946 690 non
1968 636 2215 700 damnet,
2243 635 2329 705 qui
2359 643 2603 704 quan-unt
2629 649 2752 688 num
2780 633 3244 689 consubstantialis
3272 634 3410 686 Patri

1839 726 1909 779 sit
1937 724 2147 780 Filius?
2193 724 2250 778 ld
2276 727 2415 779 enim
2440 734 2521 779 cst
2548 739 2652 778 non
2679 723 2970 793 Scripturis
2995 723 3166 777 solum
3189 763 3204 789 ,
3230 722 3327 777 sed
3356 733 3411 777 et

1839 817 2109 871 communi
2167 815 2439 869 hominum
2501 816 2737 869 omnium
2792 814 3071 870 sententia:
3118 829 3182 869 ac
3232 826 3410 870 rerum

1841 916 2043 960 natum
2094 905 2383 959 adVersari.
2452 905 2582 960 Nam
2633 905 2872 976 ejusdem
2930 920 3052 961 esse
3105 905 3415 960 substantia

1839 1000 2073 1069 genitum
2099 1008 2257 1071 atque
2282 1001 2574 1071 genitorem
2598 1042 2612 1065 ,
2662 1015 2769 1055 non
2794 1001 2846 1055 in
2877 1000 3181 1055 hominibus
3214 1001 3411 1063 solum,

1842 1090 1935 1145 sed
1971 1100 2025 1145 et
2070 1091 2122 1144 in
2161 1078 2368 1145 cunctis
2412 1091 2767 1145 animantibus
2795 1101 2849 1146 et
2895 1091 2948 1146 in
2988 1089 3265 1145 arboribus
3289 1102 3412 1144 eer-

1842 1196 1970 1235 nere
1997 1179 2139 1235 licet.

1917 1270 1963 1324 F
1964 1271 2107 1325 ilium
2134 1270 2608 1325 consubstantialem
2629 1286 2737 1325 esse
2764 1268 2911 1323 Patri
2929 1270 3191 1341 probatur.
3213 1296 3284 1312 --
3310 1271 3417 1324 An-

1844 1374 1948 1415 non
1993 1362 2151 1430 igitur
2197 1360 2483 1415 absurdum
2515 1370 2632 1426 est,
2663 1362 2706 1416 si
2737 1376 2855 1414 cuin
2885 1362 2935 1415 in
2978 1360 3203 1429 plantis,
3233 1360 3284 1414 in
3317 1360 3417 1414 ho-

1844 1452 2073 1505 minibus
2124 1459 2180 1506 et
2223 1452 2541 1506 animalibus
2576 1451 2797 1505 immota
2829 1451 2913 1505 lex
2962 1451 3061 1504 ista
3101 1458 3342 1511 maneat,
3368 1450 3419 1503 in

1847 1544 1955 1598 Deo
1987 1552 2188 1597 tantum
2219 1558 2337 1597 eam
2368 1558 2582 1597 movere
2607 1543 2743 1598 velis
2767 1551 2822 1597 et
2847 1542 3193 1597 subvertere?
3214 1541 3323 1595 Sed
3354 1558 3424 1595 ne

1844 1635 2122 1688 videamur
2153 1648 2218 1688 ex
2246 1635 2405 1689 rebus
2435 1643 2660 1700 tantum,
2697 1648 2818 1704 quae
2838 1634 2976 1702 apud
3007 1649 3108 1689 nos
3124 1644 3281 1699 sunt,
3308 1636 3423 1688 lure

1843 1727 2159 1779 confirmare
2181 1766 2195 1788 ,
2226 1739 2323 1793 age
2341 1725 2514 1779 dnctis
2542 1725 2610 1779 ab
2634 1724 2763 1794 ipsis
2783 1723 3070 1793 Scripturis
3095 1725 3422 1793 argumentis

1846 1816 1896 1868 itl
1942 1815 2315 1877 ostendamus,
2362 1825 2416 1870 et
2464 1818 2532 1871 de
2582 1816 2664 1870 his
2712 1831 3014 1871 sermonem
3060 1817 3417 1870 instituamus.

1844 1906 2027 1976 Neque
2055 1908 2197 1962 enim
2227 1924 2356 1972 nos,
2388 1910 2476 1979 qui
2508 1908 2743 1978 persuasi
2774 1924 2988 1974 sumus,
3018 1908 3112 1963 sed
3143 1909 3215 1963 illi
3244 1909 3422 1962 iacre-

1844 1996 1950 2051 duli
1979 1997 2086 2051 risu
2113 1998 2255 2068 digni
2283 1998 2680 2067 iudicabuntur,
2709 2001 2798 2068 qui
2829 1999 2990 2052 rebus
3017 1998 3153 2052 adeo
3176 1998 3337 2052 claris
3359 2008 3417 2053 et

1842 2088 2179 2144 evidentibus
2228 2104 2289 2144 se
2343 2097 2650 2159 opponunt,
2685 2104 2750 2144 ac
2794 2090 2999 2144 veritati
3054 2090 3419 2145 adversantur.

1845 2179 1989 2245 Quas
2023 2189 2078 2234 tu
2118 2195 2206 2234 res
2246 2180 2453 2245 claras,
2484 2180 2757 2251 inquiunt,
2788 2179 3010 2235 narras?
3034 2179 3089 2235 Si
3112 2181 3255 2236 enim
3296 2181 3421 2250 quia

1847 2269 2008 2326 Filius
2046 2273 2258 2338 dicitur,
2286 2271 2755 2327 consubstantialis
2796 2282 2879 2328 est
2927 2273 3102 2338 Patri,
3133 2274 3424 2343 poterimus

1846 2382 1948 2421 nos
1991 2382 2204 2436 quoque
2241 2367 2724 2421 consubstantiales
2748 2381 2902 2421 esse:
2935 2382 3054 2420 nam
3094 2376 3151 2420 et
3201 2382 3299 2420 nos
3325 2368 3418 2421 filii

1846 2458 2103 2513 dicimur:
2132 2455 2245 2527 Ego
2274 2457 2417 2512 enim
2454 2457 2583 2523 dixi,
2611 2457 2817 2526 inquit,
2846 2455 2935 2509 Dii
2963 2457 3079 2510 estis
3104 2467 3151 2511 et
3176 2457 3272 2523 ﬁlii
3315 2455 3434 2513 Eat-

1846 2548 1967 2602 celsi
1992 2564 2163 2601 omnes
2189 2546 2360 2617 (Psal.
2393 2547 2480 2603 8i.
2503 2547 2584 2617 6).
2611 2546 2657 2601 0
2683 2546 3095 2615 impudentiam!
3125 2562 3158 2600 ο
3201 2546 3426 2601 demen-

1846 2642 1973 2696 tiam
2021 2641 2318 2696 summam!
2370 2656 2529 2708 quam
2578 2641 2857 2695 evidenter
2880 2655 3030 2695 suam
3076 2640 3130 2694 in
3179 2641 3427 2694 omnibus

1848 2733 2107 2789 insaniam
2162 2732 2419 2803 produnt!
2467 2732 2599 2786 Cum
2647 2732 2716 2786 de
2765 2731 3283 2800 incomprehensibili
3335 2731 3426 2786 Dei

1846 2826 2139 2880 substantia
2192 2839 2495 2881 sermonem
2555 2825 2982 2888 institueremus,
3020 2823 3126 2879 hoc
3174 2826 3276 2879 sibi
3318 2826 3434 2881 viu-

1846 2915 2026 2970 dicare
2068 2915 2491 2981 contendebant,
2549 2915 2691 2985 quod
2743 2915 2993 2985 unigeniti
3048 2924 3164 2970 erat
3219 2916 3425 2980 solius.

1846 3008 1997 3076 quasi
2024 3008 2277 3061 nimirum
2330 3008 2402 3062 ita
2430 3008 2595 3061 Deum
2638 3007 2872 3077 perfecte
2915 3008 3192 3073 noverint,
3224 3019 3282 3062 ut
3335 3024 3425 3064 se-

1848 3098 2019 3167 ipsum
2050 3098 2193 3153 novit
2220 3098 2368 3168 ipse:
2394 3098 2503 3165 jam
2535 3113 2662 3154 vero
2686 3113 2805 3154 cum
2845 3098 2914 3153 de
2955 3099 3119 3168 gloria
3166 3100 3422 3167 unigeniti

1847 3190 2008 3245 verba
2055 3188 2313 3256 facimus,
2340 3190 2408 3245 ad
2457 3205 2607 3245 suam
2638 3190 2785 3245 illum
2826 3188 3126 3258 deprimere
3170 3190 3422 3245 vilitatem

1845 3281 2207 3347 contendunt,
2256 3280 2508 3351 aiuntque
2541 3279 2690 3335 :Nos
2732 3280 2890 3335 etiam
2942 3280 3030 3333 lilii
3076 3280 3424 3349 appellamur:

1846 3388 1947 3430 nec
1971 3384 2151 3428 tamen
2179 3373 2333 3443 plane
2362 3387 2461 3427 nos
2480 3371 2619 3427 istud
2644 3370 3126 3427 consubstantiales
3154 3371 3264 3426 Deo
3304 3372 3425 3426 red—

1844 3468 1943 3523 dit.
1966 3466 2044 3521 Tu
2075 3466 2239 3521 Filius
2285 3465 2601 3537 appellaris,
2629 3473 2684 3519 at
2707 3464 2793 3519 ille
2817 3472 2901 3518 est
2936 3481 2950 3516 :
2995 3463 3080 3518 hic
3110 3464 3422 3533 appellatio.

1847 3559 1956 3613 illic
1982 3572 2069 3613 res
2097 3558 2244 3627 ipsa;
2272 3566 2327 3609 tu
2357 3555 2496 3610 filius
2540 3554 2826 3625 appellaris
2845 3594 2859 3615 .
2892 3554 2988 3611 sed
3034 3555 3335 3626 unigenitus
3364 3568 3421 3609 ut

1845 3659 1900 3704 et
1929 3649 2019 3704 ille
2045 3666 2148 3704 non
2173 3647 2479 3718 appellaris,
2510 3645 2603 3699 sed
2625 3647 2679 3701 iu
2704 3646 2825 3700 sinu
2845 3646 3016 3700 Patris
3037 3661 3142 3701 non
3172 3647 3420 3710 versaris,

1804 3782 1817 3789 -
1845 3744 1936 3799 sed
1965 3758 2073 3797 non
2094 3757 2155 3797 es
2184 3739 2436 3808 Splendor
2461 3738 2666 3809 gloriae,
2699 3753 2871 3807 neque
2897 3737 3060 3807 figura
3091 3737 3423 3804 substantiae,

1847 3850 2020 3905 neque
2049 3834 2141 3888 Dei
2175 3832 2341 3887 forma
2371 3830 2583 3889 enlstis
2603 3828 2783 3899 (Hebr.
2813 3830 2862 3883 l.
2886 3828 3174 3899 5).Sicrgo
3195 3829 3285 3882 tibi
3316 3844 3422 3884 nou

1846 3924 2171 3996 persuaserit
2186 3922 2312 3978 illud
2334 3923 2503 3991 prius,
2524 3921 2638 3975 haec
2658 3929 2712 3974 et
2730 3918 2814 3974 his
2833 3919 2999 3975 multo
3025 3920 3172 3989 plura
3206 3934 3422 3989 persua-

1844 4019 2037 4080 deant,
2069 4032 2189 4086 qute
2226 4014 2459 4070 nobilem
2502 4012 2620 4081 ejus
2665 4011 2926 4081 originem
2968 4011 3112 4066 illam
3143 4020 3422 4067 testantur.

1844 4107 2069 4177 Quando
2090 4106 2232 4161 enim
2254 4104 2598 4160 substantiam
2629 4117 2777 4156 suam
2806 4116 2834 4155 a
2868 4111 3083 4171 paterna
3103 4102 3214 4155 vult
3239 4111 3421 4157 osten—

1845 4199 1973 4253 dere
2018 4198 2160 4250 nulla
2205 4211 2269 4250 ex
2295 4203 2448 4266 parte
2476 4193 2739 4247 diversam
2760 4232 2777 4258 ,
2807 4192 2901 4258 Qui
2932 4193 3053 4245 uidit
3086 4209 3184 4255 me,
3217 4192 3413 4262 inquit.

1844 4289 1966 4341 vidit
1999 4287 2209 4341 Patrem
2244 4285 2424 4354 (Joan.
2456 4285 2540 4339 Η.
2567 4280 2624 4352 9)
2666 4282 2913 4353 :quando
2943 4284 3206 4353 propriam
3254 4284 3422 4336 virtu—

1848 4388 1985 4444 tem,
2019 4375 2127 4447 Ego
2149 4415 2165 4441 ,
2196 4374 2394 4444 inquit,
2423 4384 2470 4427 et
2504 4372 2658 4427 Pater
2700 4389 2856 4426 unum
2883 4388 3055 4426 sumus
3123 4371 3300 4444 (Joan.
3331 4373 3415 4428 10.

1846 4470 1937 4542 '50)
1965 4487 1978 4524 :
2010 4468 2221 4537 quando
2249 4467 2527 4536 potestatis
2555 4465 2909 4536 aequalitatem
2929 4505 2945 4528 ,
2978 4464 3122 4519 Sicut
3149 4465 3281 4519 enim
3309 4463 3420 4519 Pa—

1846 4574 1922 4618 ter
1968 4561 2175 4618 suscitat
2220 4568 2441 4612 mortuos
2464 4598 2482 4620 ,
2535 4568 2583 4610 et
2609 4557 2952 4627 viviﬁcat:sic
2981 4565 3027 4610 et
3083 4555 3250 4611 Filius
3295 4574 3422 4627 quos

1848 4655 1951 4707 vult
1986 4652 2203 4720 vivi/icat
2224 4649 2335 4721 (Id.
2359 4650 2412 4703 5.
2433 4648 2528 4714 2i)
2571 4666 2585 4701 :
2634 4646 2844 4716 quando
2871 4648 3044 4701 cultus
3071 4647 3421 4713 idcutilalem,

1852 4745 1920 4800 Ut
1949 4759 2118 4799 omnes
2147 4740 2475 4808 honori/irent
2505 4738 2716 4803 Filium,
2747 4738 2878 4791 sicut
2926 4739 3262 4805 lmnoriﬁcmrt
3309 4737 3418 4792 Pa-

1849 4849 1976 4891 trem
2004 4834 2166 4906 (Ibid.
2199 4850 2246 4886 υ.
2274 4833 2365 4900 25)
2393 4849 2405 4883 :
2446 4831 2660 4900 quando
2703 4829 2918 4884 demum
2951 4829 3003 4884 in
3050 4829 3226 4899 legum
3253 4840 3425 4884 muta-

1852 4928 2083 4986 tionibus
2112 4923 2482 4979 auctoritatem
2504 4962 2517 4985 ,
2546 4920 2698 4973 Pater
2743 4935 2881 4972 meus
2901 4959 2915 4984 ,
2948 4919 3137 4989 inquit,
3166 4930 3421 4988 operatur,

1849 5029 1895 5072 et
1921 5035 2008 5086 ego
2036 5031 2216 5085 operor
2258 5011 2422 5083 (Ibid.
2450 5028 2495 5065 υ.
2531 5010 2632 5079 l7).
2658 5009 2728 5062 At
2756 5008 2841 5061 isti
2888 5006 2970 5061 his
3018 5009 3264 5063 omnibus
3289 5024 3423 5075 pra:-

1853 5107 2139 5170 termissis,
2162 5104 2287 5159 dum
2318 5118 2511 5156 nomen
2551 5101 2722 5156 Filius
2750 5099 2964 5169 proprie
2994 5115 3097 5152 non
3126 5099 3389 5167 accipiunt
3409 5140 3424 5161 ,

1850 5200 1971 5268 quia
2001 5206 2055 5253 et
2097 5196 2196 5266 ip~i
2225 5194 2453 5248 liliorum
2493 5199 2617 5245 sunt
2656 5189 3008 5261 appellatione
3040 5186 3311 5253 decorati,
3359 5189 3423 5242 ad

1852 5290 2093 5345 eamdem
2144 5285 2332 5341 Filium
2362 5284 2667 5354 deprimunt
2702 5281 2959 5335 vilitatem
3002 5278 3287 5354 aiuntque:
3314 5274 3426 5347 Ego

1852 5383 1981 5447 diaa',
2013 5380 2096 5435 Dii
2148 5378 2284 5440 estis,
2333 5385 2379 5429 et
2428 5350 2523 5442 fuit
2564 5372 2767 5428 Excelsi
2811 5386 2983 5424 omnes
3023 5350 3316 5438 (enlist.
3347 5370 3425 5437 si.

1853 5471 2077 5542 Quando
2107 5471 2263 5540 igitur
2299 5476 2519 5539 propter
2549 5465 2687 5520 hanc
2715 5463 2808 5518 filii
2833 5461 3241 5535 appellationem
3293 5461 3423 5517 nihil

1855 5566 2116 5639 amplius,
2142 5577 2301 5631 quam
2348 5568 2404 5615 tu
2425 5600 2441 5625 ,
2471 5558 2669 5617 habere
2695 5555 2887 5610 Filium
2928 5550 3200 5617 affirmas,
3231 5561 3287 5608 et
3330 5553 3430 5610 hac

1853 5656 2060 5712 ratione
2085 5653 2198 5708 fieri
2227 5660 2286 5705 ut
2304 5668 2371 5708 ne
2401 5666 2561 5705 verus
2580 5647 2793 5719 quidem
2817 5646 2886 5701 sit
2911 5646 3072 5710 filius,
3112 5650 3276 5700 etiam
3308 5661 3431 5716 pro-

1856 5759 1976 5818 pter
2004 5743 2409 5815 appellationem
2454 5740 2577 5806 Dei,
2602 5738 2850 5811 quoniam
2895 5746 2951 5793 et
2994 5736 3096 5791 hoc
3122 5736 3215 5791 tibi
3238 5751 3432 5792 nomen
