3918 6366
491 301 596 357 759

486 417 811 488 impertivit,
839 418 971 474 nihil
1010 418 1270 488 amplius,
1306 433 1466 489 quam
1498 427 1584 484 tu,
1617 419 1830 474 Patrem
1875 418 2075 474 habere

484 510 716 567 fortasse
742 511 1059 567 contendes.
1093 510 1159 566 Ut
1186 510 1329 567 enim
1379 509 1519 565 ﬁlius
1545 519 1764 566 vocatus
1794 525 1872 575 es,
1902 510 1980 563 sic
2024 517 2079 565 et

481 603 622 658 deus
650 619 711 658 es
731 611 987 659 vocatus:
1017 610 1072 658 at
1104 602 1552 673 quemadmodum
1596 603 1728 658 deus
1750 613 1970 658 vocatus
1990 603 2076 657 di-

487 710 616 750 cere
657 710 765 749 non
795 695 962 750 audes
991 695 1192 750 nudum
1223 694 1331 749 illic
1371 708 1492 748 esse
1523 709 1749 760 nomen,
1775 693 1868 749 sed
1893 710 2075 748 verum

486 800 610 841 esse
651 785 819 841 Deum
857 786 1066 841 Patrem
1094 785 1272 840 fateris
1307 783 1422 839 :ita
1469 800 1640 853 neque
1679 784 1747 840 de
1777 783 1912 838 Filio
1955 799 2075 840 cum

485 880 681 950 agitur,
713 879 851 934 aude
879 879 1108 949 teipsum
1155 878 1208 932 in
1238 876 1471 931 medium
1517 876 1712 930 inferre
1754 890 1820 930 ac
1857 873 2074 942 dicere,

491 969 656 1024 Filius
686 985 784 1040 ego
810 983 1024 1040 quoque
1047 984 1164 1023 smn
1194 974 1444 1022 vocatus:
1472 981 1702 1036 cumque
1723 965 1944 1021 minime
1973 967 2074 1021 sim

473 1061 727 1130 ejusdem
763 1059 1107 1125 substantiae,
1131 1074 1305 1130 neque
1333 1058 1572 1129 ejusdem
1613 1058 1700 1112 ille
1731 1057 1891 1112 debet
1917 1073 2072 1122 esse;

485 1172 609 1212 nam
630 1170 748 1225 quae
774 1162 897 1209 sunt
917 1162 1230 1209 enumerata
1255 1161 1443 1207 cuncta
1468 1165 1655 1206 verum
1679 1151 1828 1206 illum
1850 1164 1969 1205 esse
1992 1149 2078 1204 Fi-

472 1247 609 1301 dium
646 1245 885 1315 ejusdem
912 1245 1224 1309 substantia:
1261 1259 1384 1298 cum
1411 1243 1655 1313 genitore
1683 1241 2071 1297 demonstrant.

469 1338 703 1407 Quando
721 1339 863 1393 enim
876 1336 1114 1407 ejusdem
1134 1349 1254 1390 esse
1273 1349 1395 1389 cum
1420 1334 1511 1388 illo
1540 1331 1728 1388 forma:
1756 1341 1915 1401 atque
1934 1331 2077 1400 ejus-

472 1432 603 1487 dem
621 1430 976 1502 tignrmdicit,
1005 1429 1130 1500 quid
1153 1427 1294 1482 aliud
1315 1442 1472 1497 quam
1494 1424 1804 1480 substantia:
1826 1439 1929 1478 non
1955 1438 2076 1478 esse

473 1528 587 1582 ulla
609 1542 674 1581 ex
697 1535 847 1596 parte
869 1523 1232 1579 diversitatem
1253 1518 1525 1576 ostendit?
1555 1516 1688 1573 Nam
1715 1531 1888 1586 nequc
1907 1517 2075 1570 forma

478 1620 624 1676 estin
640 1620 779 1685 Deo,
807 1632 978 1687 neque
1000 1614 1162 1670 facies
1187 1609 1665 1684 :quemadmodum
1696 1609 1796 1664 ista
1820 1607 1974 1674 dicis,
1995 1607 2075 1661 in-

479 1710 712 1782 quit,dic
748 1709 910 1764 etiam
931 1706 1237 1763 contraria:
1265 1718 1508 1775 quaenam
1539 1701 1748 1758 tandem
1773 1699 2076 1756 contraria?

477 1802 788 1875 Cujusmodi
812 1809 922 1864 est,
954 1799 1098 1871 quod
1130 1797 1271 1854 Patri
1293 1795 1590 1866 supplicet:
1618 1809 1738 1848 nam
1760 1793 1804 1848 si
1834 1791 2072 1862 ejusdem

479 1896 696 1953 virtutis
718 1902 831 1960 est,
861 1892 1210 1962 ejusdemque
1232 1887 1547 1946 substantia:
1572 1929 1586 1953 ,
1617 1901 1682 1942 ac
1723 1902 1818 1956 per
1844 1893 2076 1955 potesta-

476 2000 586 2048 tem
609 1989 789 2045 omnia
813 1986 1051 2058 peragit,
1078 1999 1238 2056 quam
1259 1983 1329 2038 ob
1353 1995 1569 2038 causam
1593 1977 1896 2049 supplicat?

548 2083 606 2141 3.
646 2081 761 2152 Ego
786 2094 913 2135 vero
951 2092 1058 2132 non
1113 2075 1230 2130 haec
1276 2073 1450 2129 solum
1492 2072 1689 2135 dicam,
1721 2067 1818 2124 sed
1870 2077 1924 2124 et
1969 2065 2072 2120 alia

473 2190 828 2248 qumcumque
870 2171 1088 2228 humilia
1132 2169 1201 2226 de
1244 2168 1362 2238 ipso
1405 2167 1546 2235 dicta
1589 2170 1748 2228 sunt,
1793 2161 2075 2230 diligenter

479 2269 660 2323 omnia
691 2279 985 2337 proponam
1005 2304 1020 2330 ,
1051 2263 1097 2317 si
1123 2261 1354 2332 primum
1386 2257 1514 2312 illud
1539 2256 1760 2319 dixero,
1795 2251 1926 2307 mihi
1958 2250 2074 2321 qui-

470 2362 604 2417 dem
629 2373 818 2416 eorum
841 2399 858 2424 ,
889 2371 1008 2427 qua:
1039 2352 1316 2409 humiliter
1342 2351 1408 2404 de
1435 2349 1551 2419 ipso
1580 2356 1706 2404 sunt
1727 2345 1866 2400 dicta
1887 2385 1903 2410 ,
1932 2342 2072 2396 mul-
2119 2357 2122 2361 ·

479 2465 562 2510 tas
587 2463 643 2510 et
663 2455 835 2524 justas
855 2447 1205 2522 prolercndas
1233 2457 1424 2500 causas
1449 2449 1737 2512 suppetere
1757 2480 1772 2505 ,
1802 2446 1852 2492 te
1893 2444 2071 2490 autem

473 2562 664 2605 eorum
687 2589 704 2616 ,
743 2560 864 2616 qua:
915 2539 1164 2598 sublimia
1217 2546 1342 2593 sunt
1369 2545 1528 2606 atque
1568 2533 1836 2602 gloriosa,
1870 2528 2071 2584 nullam

479 2641 636 2694 aliam
681 2650 837 2708 posse
879 2632 1215 2688 occasionem
1260 2627 1486 2689 all‘erre,
1513 2639 1673 2696 quam
1727 2620 1869 2692 quod
1920 2634 2071 2674 suam

479 2731 634 2786 nobis
653 2724 885 2782 voluerit
905 2722 1235 2779 nobilitatem
1258 2718 1529 2773 indicare:
1563 2711 1994 2786 quandoquidem
2020 2709 2072 2764 id

479 2823 532 2878 ni
560 2823 629 2877 ita
650 2834 710 2876 se
738 2819 927 2874 habeat
948 2855 964 2882 ,
990 2829 1164 2885 pugna
1191 2811 1295 2868 erit
1317 2819 1372 2866 et
1391 2819 1661 2864 certamen
1682 2806 1738 2860 in
1761 2801 2070 2874 Scripturis.

480 2912 612 2970 Nam
638 2910 779 2984 quod
808 2911 913 2975 ait,
949 2907 1096 2963 Sicut
1129 2904 1285 2959 Pater
1303 2902 1513 2958 suscitat
1569 2908 1834 2964 mortuos,
1874 2905 1922 2950 et
1950 2893 2074 2950 uiui-

479 3009 600 3078 ﬂeat
627 3004 784 3077 (Joan
811 3004 866 3060 5.
898 3001 991 3070 2t)
1014 3017 1030 3068 ;
1052 3001 1128 3054 sic
1151 3007 1198 3054 et
1226 2996 1392 3052 Filius
1418 3011 1543 3067 quos
1584 2992 1695 3048 uult
1739 2991 1960 3060 viui/ieat
1978 3030 1995 3055 ,
2019 2998 2074 3045 et

479 3114 828 3175 quiscumque
855 3098 958 3153 alia
986 3095 1130 3162 dixi,
1156 3103 1211 3150 et
1236 3091 1379 3164 quod
1399 3105 1586 3146 rursus
1613 3095 1769 3154 oret,
1797 3101 1918 3142 cum
1946 3083 2075 3140 illud

477 3199 530 3255 ei
562 3196 721 3252 fuerit
769 3192 1070 3266 agendum,
1126 3187 1456 3245 contrarium
1502 3192 1622 3240 est:
1649 3181 1744 3238 sed
1796 3181 1841 3235 si
1885 3192 2074 3234 causas

479 3304 776 3361 aperuero,
807 3285 1018 3340 sublata
1046 3281 1221 3336 omnis
1248 3279 1348 3335 erit
1369 3277 1581 3333 occasio
1607 3271 1904 3330 dubitandi.

550 3380 656 3437 Cur
702 3379 764 3433 de
797 3376 1002 3434 Christo
1031 3371 1246 3428 humilia
1286 3369 1422 3424 dicta
1471 3366 1680 3439 fuerint.
1708 3393 1781 3405 ——
1817 3364 2073 3431 Quaenam

481 3474 642 3546 igitur
686 3477 810 3526 sunt
848 3481 1059 3531 cauete,
1089 3476 1349 3540 cut-“cum
1390 3461 1538 3530 ipse,
1570 3467 1682 3512 tum
1733 3453 1961 3525 apostoli
2007 3451 2076 3506 de

483 3566 603 3636 ipso
634 3560 852 3617 humilia
891 3557 1058 3612 multa
1091 3551 1362 3609 dixerint?
1392 3550 1568 3605 Prima
1590 3545 1807 3618 quidem
1836 3558 1996 3600 causa
2021 3549 2078 3598 et

483 3654 750 3719 maxima,
797 3649 939 3722 quod
991 3648 1108 3718 ipse
1159 3659 1322 3700 carne
1372 3641 1587 3696 indutus
1614 3639 1804 3706 fuerit,
1849 3651 1913 3692 ac
1964 3643 2075 3690 tttm

483 3748 619 3814 illis,
670 3745 760 3815 qui
814 3751 943 3797 tunc
985 3747 1174 3805 erant,
1227 3745 1340 3790 tum
1386 3735 1710 3805 quicumque
1749 3737 1869 3800 post
1911 3726 2076 3782 futuri

483 3847 666 3903 erant,
694 3834 944 3891 omnibus
972 3830 1130 3886 [idem
1153 3828 1330 3883 facere
1356 3825 1548 3892 vellet,
1577 3838 1682 3878 non
1713 3821 1954 3877 umbram
1980 3820 2080 3874 ali-

482 3947 642 4004 quam
669 3946 820 3995 esse,
848 3942 1022 3997 neque
1050 3925 1271 3994 ﬁguram
1299 3929 1505 3975 tantum
1553 3917 1606 3972 id
1632 3917 1773 3987 quod
1825 3914 2078 3970 cerneba-

484 4036 590 4091 tur,
628 4021 723 4079 sed
751 4019 1028 4076 veritatem
1058 4025 1286 4070 naturae.
1316 4012 1372 4067 Si
1415 4009 1558 4067 enim
1597 4024 1717 4064 cum
1744 4015 1823 4062 tot
1857 4006 2076 4061 humilia

483 4127 539 4175 et
567 4119 798 4172 humana
824 4110 1057 4168 dixerint
1079 4107 1336 4178 apostoli,
1364 4113 1418 4160 et
1445 4104 1563 4173 ipse
1589 4101 1657 4157 de
1682 4101 1881 4170 seipso,
1906 4100 2080 4170 potuit

485 4219 662 4266 tamen
701 4203 943 4262 diabolus
971 4200 1182 4256 miseris
1207 4199 1410 4268 aliquot
1455 4193 1760 4250 hominibus
1785 4201 1839 4248 et
1878 4207 2077 4246 atrum-

483 4301 631 4356 nosis
659 4295 984 4370 persuadere
1006 4335 1021 4359 ,
1054 4300 1114 4347 ut
1151 4287 1562 4360 dispensationis
1608 4285 1870 4340 rationem
1921 4299 2081 4353 nega-

483 4402 603 4450 rent
620 4433 636 4458 ,
665 4401 720 4446 et
749 4405 870 4445 eum
893 4401 1110 4442 carnem
1135 4399 1243 4439 non
1273 4380 1574 4450 suscepisse
1595 4377 1774 4434 dicere
1794 4376 2077 4441 auderent,

483 4495 646 4556 atque
691 4497 852 4538 omne
893 4477 1237 4534 humanitatis
1281 4474 1683 4530 fundamentum
1715 4471 1990 4526 tollerent:
2034 4469 2076 4524 si

487 4577 621 4632 nihil
667 4577 887 4630 istorum
915 4571 1170 4634 dixisset,
1203 4584 1361 4639 quam
1386 4567 1538 4637 pauci
1568 4564 1792 4621 fuissent
1811 4605 1828 4632 ,
1854 4563 1943 4635 qui
1972 4578 2078 4618 non

487 4672 542 4725 in
570 4669 882 4726 barathrum
912 4665 1014 4719 hoc
1033 4660 1376 4718 incidissent?

565 4760 832 4822 Marcion,
883 4755 1202 4810 Manichwus
1231 4761 1278 4807 et
1333 4749 1629 4806 Valentinus
1669 4747 2082 4803 Incarnationem

489 4853 760 4927 negabant.
784 4879 856 4890 —-
875 4849 992 4904 Non
1017 4846 1168 4902 audis
1196 4845 1486 4900 etiamnum
1515 4841 1835 4896 Marcioncm
1861 4839 2081 4908 dispen-

485 4951 749 5005 sationem
793 4945 847 4999 in
893 4957 1055 4997 carne
1085 4949 1390 5010 negantem,
1433 4935 1816 5002 Manicltmum,
1844 4931 2080 4988 Valenti-

491 5056 617 5095 num
638 5081 654 5105 ,
687 5045 744 5093 et
768 5035 964 5090 multos
990 5030 1162 5087 alios?
1182 5029 1307 5084 ldeo
1357 5025 1524 5082 multa
1561 5025 1793 5082 humana
1825 5025 2076 5095 loquitur,

490 5129 742 5195 humilia,
774 5136 828 5182 et
855 5124 924 5180 ab
968 5124 1057 5180 illa
1100 5118 1352 5176 ineffabili
1383 5117 1614 5173 essentia
1645 5116 1816 5171 aliena
1838 5157 1854 5182 ,
1886 5124 1944 5169 ut
1971 5114 2081 5169 dis-

493 5219 822 5293 pensationis
849 5215 1041 5273 rationi
1073 5214 1232 5269 (idem
1261 5217 1467 5266 astruat
1499 5228 1512 5264 :
1544 5209 1596 5264 in
1620 5208 1670 5263 id
1697 5209 1839 5262 enim
1869 5221 2080 5262 summo

487 5313 667 5370 studio
691 5308 936 5366 diabolus
963 5305 1337 5371 incumbebat,
1368 5311 1428 5356 ut
1455 5300 1596 5355 hanc
1619 5298 1777 5354 [idem
1815 5314 1881 5354 ex
1910 5297 2082 5352 homi-

493 5421 621 5461 num
649 5401 917 5458 mentibus
944 5397 1230 5464 evelleret,
1260 5411 1382 5450 cum
1413 5394 1582 5465 probe
1603 5401 1823 5458 nosset,
1851 5391 1897 5447 si
1924 5388 2082 5444 fidem

493 5494 908 5570 dispensationis
935 5490 1274 5555 sustulisset,
1297 5488 1364 5544 de
1390 5488 1660 5560 plerisque
1695 5487 1858 5542 rebus
1883 5485 2084 5540 nostris

494 5599 670 5644 actum
704 5587 838 5641 fore.
871 5587 967 5640 Est
991 5593 1046 5640 et
1070 5584 1238 5639 altera
1268 5593 1465 5653 praeter
1492 5583 1651 5638 istam
1698 5595 1890 5646 causa,
1922 5579 2084 5634 nimi-

496 5695 612 5734 rum
637 5678 916 5733 inlirtnitas
959 5677 1292 5744 auditorum,
1327 5676 1572 5746 quodque
1594 5675 1667 5730 illi
1697 5676 1786 5746 qui
1833 5684 1942 5730 tum
1977 5673 2087 5744 pri-

491 5791 639 5831 mnnt
671 5776 846 5844 ipsum
886 5772 1168 5839 videbant,
1203 5787 1265 5828 ac
1312 5780 1421 5825 tum
1474 5771 1702 5840 primum
1749 5769 2077 5836 audiebant,

1227 301 1285 358 S.
1324 302 1604 361 JOANNIS
1627 302 2105 360 CHRYSOSTOMI
2143 303 2462 363 ARCHIEP.
2503 307 3042 368 CONSTANTINOP.
3649 325 3738 381 7m

2189 420 2531 478 sublimiores
2550 438 2744 495 capere
2768 425 3075 498 dogmatum
3108 442 3382 487 sermones
3407 434 3610 492 minime
3633 455 3739 508 pos-

2183 519 2323 566 sent.
2350 512 2637 570 Enimvero
2663 533 2768 572 non
2797 518 3034 592 sola_niti
3064 520 3367 590 conjectura
3388 565 3404 591 ,
3435 526 3568 596 quod
3591 528 3700 585 dico
3720 575 3733 596 ,

2184 618 2251 658 ex
2278 603 2406 672 ipsis
2426 605 2794 664 demonstrare
2821 610 3053 680 Scriptut
3069 613 3111 667 is
3132 624 3187 668 et
3205 613 3398 671 docere
3421 620 3658 676 conabor.
3680 623 3730 676 Si

2183 694 2311 763 quid
2355 695 2492 752 forte
2517 714 2766 770 magnum
2798 712 2852 756 et
2879 701 3107 759 sublime
3130 745 3146 771 ,
3178 719 3376 776 suaque
3401 707 3603 779 dignum
3636 715 3736 781 glo-

2185 788 2260 842 ria
2306 787 2554 859 loquutus
2593 802 2734 847 esset
2766 810 2781 848 :
2809 794 2936 861 quid
2988 794 3110 851 dico
3157 811 3402 867 magnum
3441 813 3494 855 et
3533 803 3738 860 sublime

2181 887 2340 948 atque
2387 881 2552 950 ipsius
2605 882 2772 952 gloria
2818 885 3075 956 dignum?
3123 887 3180 944 Si
3207 890 3332 959 quid
3371 891 3503 946 forte
3543 893 3738 951 dixisset

2181 969 2324 1039 quod
2351 980 2594 1027 naturam
2626 973 2915 1031 humanam
2945 977 3262 1048 excederet,
3293 983 3732 1054 perturbabantur,

2182 1062 2708 1120 scandalizabantnr:
2737 1067 2820 1121 sin
2851 1077 3029 1124 autem
3061 1070 3263 1128 humile
3287 1073 3550 1144 quidpiam
3571 1087 3621 1131 et
3650 1079 3737 1132 hu-

2182 1170 2434 1220 manum,
2490 1160 2872 1228 accurrebant,
2924 1178 2989 1219 ac
3039 1179 3342 1222 sermonem
3393 1169 3735 1229 admittebant.

2182 1246 2410 1304 Ubinam
2441 1252 2654 1308 tandem
2684 1253 2738 1308 id
2764 1255 2943 1310 videre
2987 1258 3112 1312 est?
3141 1259 3294 1328 Apud
3336 1259 3585 1318 Joannem
3621 1281 3736 1334 prs:-

2180 1340 2370 1410 cipue:
2393 1359 2515 1399 cum
2541 1346 2686 1400 enim
2713 1347 2938 1403 dixisset
2963 1350 3078 1419 ipsc
3097 1391 3114 1416 ,
3148 1351 3404 1408 Abraham
3445 1367 3582 1424 pater
3603 1370 3737 1413 vester

2180 1431 2466 1496 exsultavit.
2499 1447 2553 1490 ut
2582 1437 2770 1493 videret
2812 1439 2947 1495 diem
2985 1458 3150 1496 meum
3171 1459 3195 1495 .·
3225 1452 3270 1497 et
3297 1445 3438 1512 uidit,
3471 1456 3516 1500 et
3561 1449 3737 1517 gavisus

2181 1531 2290 1588 est;
2336 1524 2718 1598 Quadraginta,
2772 1531 3040 1601 inquiunt,
3072 1549 3232 1587 annos
3263 1536 3484 1590 nondum
3507 1537 3664 1602 habes,
3697 1550 3736 1593 et

2181 1617 2438 1672 Abraham
2465 1620 2635 1674 vidisti
2656 1621 2834 1692 (Joan.
2865 1624 2918 1679 8.
2952 1624 3042 1680 56.
3071 1627 3188 1697 57)?
3215 1627 3372 1682 Vides
3395 1638 3451 1683 ut
3477 1645 3592 1701 erga
3613 1631 3736 1687 illum

2183 1715 2452 1779 tamquam
2477 1713 2677 1768 nudum
2705 1713 2976 1771 hominem
2997 1717 3173 1773 allecti
3199 1721 3418 1775 essent?
3445 1721 3574 1788 Quid
3600 1723 3736 1793 igitur

2181 1801 2343 1872 ipse?
2370 1806 2654 1875 Antequam
2685 1809 2942 1863 Abraham
2984 1811 3146 1879 ﬁeret,
3176 1811 3380 1882 inquit,
3410 1831 3497 1885 ego
3520 1831 3663 1870 sum:
3699 1827 3738 1870 et

2181 1895 2405 1950 tulerunt
2449 1897 2668 1969 lapides,
2707 1911 2765 1954 ut
2799 1903 3032 1973 jacerent
3080 1904 3134 1958 in
3162 1921 3278 1958 eum
3327 1904 3431 1977 (Ib.
3461 1923 3508 1961 tt.
3531 1908 3614 1963 58.
3637 1909 3736 1978 59):

2179 2000 2404 2058 cumque
2428 1988 2496 2043 de
2522 1991 2788 2061 mysteriis
2817 1993 3021 2062 prolixe
3041 1993 3353 2063 dissereret,
3375 2012 3436 2052 ac
3447 1997 3662 2054 diceret:
3684 1999 3741 2053 Et

2179 2080 2328 2150 panis
2378 2098 2526 2152 quem
2555 2099 2646 2153 ego
2672 2083 2802 2137 dabo
2836 2101 2928 2152 pro
2973 2086 3152 2139 mundi
3189 2087 3314 2151 vita,
3357 2104 3475 2142 caro
3516 2105 3618 2142 mea
3659 2101 3737 2153 est,

2178 2173 2426 2229 aiebant:
2455 2174 2631 2232 Durus
2661 2187 2734 2231 est
2759 2179 2842 2230 hic
2861 2195 3044 2245 sermo,
3077 2183 3189 2249 quis
3214 2190 3378 2251 potest
3417 2198 3527 2235 eum
3550 2182 3742 2236 audire!

2182 2264 2249 2318 Et
2298 2266 2446 2320 multi
2467 2267 2834 2338 discipulorum
2861 2271 2971 2340 ejus
3015 2271 3247 2325 abierunt
3275 2283 3428 2338 retro,
3465 2283 3511 2325 et
3526 2274 3630 2343 jam
3654 2289 3737 2326 non

2181 2375 2297 2412 cum
2323 2360 2412 2414 illo
2439 2362 2763 2416 ambulabant
2811 2361 2922 2435 (Id.
2953 2363 3007 2418 6.
3055 2363 3146 2419 52.
3179 2364 3270 2419 6|.
3303 2365 3416 2437 67).
3467 2365 3594 2433 Quid
3631 2379 3738 2435 ergo

2181 2465 2366 2518 quaeso
2408 2452 2707 2507 faciendum
2751 2455 2825 2508 illi
2859 2454 2997 2510 fuit?
3025 2455 3108 2508 An
3155 2454 3550 2510 sublimioribus
3575 2470 3737 2526 perpe-

2182 2553 2273 2600 tuo
2310 2546 2490 2602 verbis
2516 2547 2934 2616 immorandum,
2963 2557 3022 2604 ut
3046 2549 3283 2621 praedam
3308 2549 3644 2612 absterrcrvt,
3669 2559 3737 2602 at-

2187 2653 2292 2707 que
2319 2653 2507 2694 omnes
2546 2654 2574 2692 a
2629 2639 2872 2694 doctrina
2919 2654 3012 2696 sua
3059 2641 3381 2710 repelleret?
3425 2642 3493 2696 At
3535 2641 3626 2694 hoc
3662 2637 3738 2692 Dei

2181 2731 2524 2803 benignitatis
2568 2750 2674 2788 non
2726 2733 2844 2788 fuit.
2875 2733 3007 2788 Nam
3039 2742 3093 2788 et
3133 2749 3320 2788 rursus
3365 2749 3484 2788 cum
3525 2733 3736 2792 dixisset,

2184 2824 2286 2891 Qui
2324 2841 2604 2879 sermonem
2633 2841 2800 2879 meum
2839 2825 3020 2891 audit,
3049 2835 3263 2878 mortem
3303 2842 3412 2880 non
3457 2824 3655 2894 gustabit
3688 2825 3731 2873 in

2179 2925 2459 2982 aeternum,
2507 2916 2750 2979 aiebant,
2814 2913 3001 2970 Nonne
3049 2915 3171 2969 bene
3227 2915 3450 2970 diximus
3492 2931 3604 2980 nos,
3640 2913 3738 2982 quia

2179 3008 2486 3061 dtemonium
2512 3006 2700 3061 habes?
2729 3006 2986 3060 Abraham
3032 3015 3263 3062 mortuus
3291 3015 3396 3072 est,
3435 3016 3480 3059 et
3515 3003 3740 3075 prophetat

2180 3101 2370 3154 mortui
2402 3109 2559 3154 sunt:
2586 3109 2635 3153 et
2674 3110 2730 3153 tu
2770 3099 2916 3165 dicis,
2947 3098 3048 3164 Qui
3099 3115 3380 3153 sermonem
3410 3114 3567 3152 neeum
3600 3094 3739 3152 audit.

2180 3204 2392 3247 mortem
2430 3208 2533 3246 non
2575 3191 2795 3264 gustabit
2837 3189 2950 3262 (Id.
2973 3191 3028 3247 8.
3055 3191 3147 3246 51.
3178 3191 3296 3260 52).
3332 3191 3399 3246 Et
3419 3188 3538 3260 quid
3555 3187 3739 3247 mirum,

2180 3284 2225 3340 si
2279 3283 2563 3339 multitudo
2613 3285 2691 3338 sic
2729 3282 2919 3338 aliecta
2959 3291 3108 3348 erat,
3160 3297 3286 3336 cum
3338 3282 3390 3336 in
3416 3297 3475 3336 ea
3512 3275 3741 3333 sententia

2183 3376 2452 3446 principes
2484 3375 2582 3446 ipsi
2609 3375 2815 3430 essent?
2845 3373 3164 3428 Nicodemus
3194 3373 3432 3444 quidem,
3463 3372 3548 3442 qni
3575 3380 3624 3424 et
3649 3369 3743 3437 ipso

2180 3467 2430 3538 princeps
2447 3475 2584 3531 erat,
2608 3475 2663 3520 et
2683 3467 2848 3520 multa
2869 3480 2989 3520 cum
3012 3465 3386 3521 benevolentia
3405 3463 3468 3517 ad
3491 3463 3646 3532 ipsum
3665 3474 3741 3512 ve-

2181 3569 2337 3616 nerat
2363 3559 2676 3629 dixeratque
2697 3599 2714 3625 ,
2746 3558 2952 3613 Scimus
2974 3558 3094 3627 quia
3127 3573 3160 3610 a
3188 3556 3302 3611 Deo
3330 3555 3504 3611 venisti
3539 3552 3745 3622 magister

2183 3652 2308 3724 (Id.
2348 3653 2402 3709 '5.
2432 3652 2487 3706 2.
2519 3661 2568 3706 et
2595 3651 2780 3722 seqq.),
2811 3664 3116 3705 sermonem
3145 3649 3216 3703 de
3242 3648 3555 3719 baptismate
3581 3654 3745 3712 capere

2183 3747 2402 3800 minime
2427 3745 2598 3816 potuit
2619 3743 2786 3798 multo
2811 3743 2954 3798 illius
2977 3741 3343 3798 imbecillitate
3358 3741 3620 3811 majorem:
3641 3750 3741 3790 cum

2182 3841 2326 3893 enim
2358 3836 2581 3892 dixisset
2621 3833 2887 3900 Christus,
2913 3834 3035 3889 Nisi
3057 3835 3170 3905 quis
3199 3843 3352 3888 natus
3377 3831 3523 3902 fuerit
3546 3844 3604 3882 ex
3633 3838 3744 3895 aqua

2183 3939 2232 3983 et
2259 3928 2460 4001 Spiritu
2479 3971 2494 3994 ,
2524 3945 2622 3982 non
2649 3936 2807 3998 potest
2828 3926 2995 3981 uidere
3016 3942 3228 3996 regnum
3258 3924 3352 3978 Dei
3373 3967 3386 3987 ,
3417 3925 3492 3976 sic
3515 3922 3564 3975 in
3585 3920 3744 3972 huma-

2186 4036 2283 4076 nas
2324 4020 2509 4075 incidit
2559 4019 2909 4088 suspiciones,
2939 4027 2995 4072 ut
3036 4017 3270 4082 diceret,
3307 4013 3564 4082 Quomodo
3609 4015 3745 4078 potest

2186 4113 2336 4166 homo
2362 4113 2532 4178 nasci,
2561 4127 2676 4164 cum
2700 4111 2764 4164 sit
2788 4109 2980 4164 senex?
3009 4107 3276 4180 Numquid
3297 4115 3454 4178 potest
3483 4107 3532 4157 in
3556 4108 3746 4155 ventrem

2185 4207 2364 4259 matris
2414 4220 2521 4259 sua:
2558 4205 2736 4258 iterum
2784 4203 2996 4257 introire
3043 4211 3087 4256 et
3130 4201 3374 4256 renasci?
3425 4196 3556 4268 Quid
3607 4193 3742 4264 igitur

2186 4297 2469 4353 Christus?
2499 4296 2558 4351 Si
2600 4307 2797 4350 terrena
2825 4296 2934 4350 dimi
2975 4295 3142 4360 vobis,
3176 4304 3222 4348 et
3249 4310 3352 4348 non
3397 4291 3608 4346 creduis.
3634 4299 3742 4356 quo-

2187 4387 2338 4441 modo
2367 4388 2412 4440 si
2437 4388 2614 4440 dixero
2639 4385 2775 4439 vobis
2801 4386 3021 4440 cwlestia
3045 4384 3258 4438 credetis
3279 4384 3304 4438 .9
3326 4382 3474 4454 quasi
3503 4395 3558 4435 sc
3581 4375 3744 4432 defen-

2186 4480 2371 4546 deret,
2400 4495 2464 4535 ac
2504 4480 2763 4534 rationem
2809 4479 3092 4543 redderet,
3116 4492 3214 4532 cur
3252 4492 3360 4532 non
3405 4482 3652 4545 perpetuo
3685 4466 3743 4520 dc

2188 4585 2422 4641 superna
2474 4571 2750 4625 nativitate
2777 4569 2938 4624 verba
2967 4569 3184 4624 faceret.
3217 4568 3327 4623 Sub
3371 4567 3538 4636 ipsum
3585 4571 3745 4617 rursus

2187 4662 2452 4734 passionis
2481 4671 2689 4731 tempus
2712 4705 2726 4727 ,
2761 4672 2879 4732 post
2903 4670 3150 4715 sexcenta
3187 4659 3464 4725 miracula,
3489 4663 3602 4727 post
3623 4649 3744 4707 mul-

2190 4764 2296 4806 tam
2328 4753 2468 4807 illam
2493 4753 2742 4822 potentiae
2771 4767 2881 4805 sua:
2907 4750 3328 4806 declarationem
3349 4791 3364 4816 ,
3393 4764 3510 4804 cum
3530 4744 3742 4804 diceret,

2199 4843 2440 4898 Videbitis
2485 4844 2652 4912 [ilium
2693 4843 2909 4898 hominis
2935 4843 3210 4896 venientem
3238 4842 3293 4894 in
3325 4840 3533 4894 nubibus
3559 4830 3744 4906 (Matth.

2187 4936 2278 4990 26.
2307 4934 2422 5007 64),
2452 4951 2558 4989 non
2588 4933 2766 4990 ferens
2804 4935 3004 4990 dictum
3037 4934 3166 4989 illud
3194 4932 3468 4996 Pontifex,
3501 4927 3644 4983 scidit
3664 4937 3743 4976 ve-

2189 5031 2440 5085 Stimenta
2466 5045 2593 5084 sua:
2621 5043 2852 5099 quonam
2883 5027 3042 5098 igitur
3082 5027 3242 5080 modo
3269 5025 3427 5079 verba
3482 5021 3586 5075 ﬁeri
3623 5011 3743 5084 aptnl

2191 5124 2320 5177 istos
2365 5123 2635 5191 oportuit,
2668 5122 2758 5191 qui
2814 5120 2942 5174 nihil
2997 5119 3223 5172 sublime
3274 5102 3745 5170 tolerarent?Nihil

2188 5217 2386 5288 quippe
2427 5216 2643 5280 mirum,
2669 5217 2712 5269 si
2741 5213 3047 5268 hominibus
3077 5213 3165 5282 qui
3211 5210 3358 5264 humi
3385 5204 3670 5275 serpebant,
3698 5205 3744 5249 et

2187 5308 2324 5363 adeo
2369 5307 2662 5362 imbecilles
2687 5315 2871 5371 crant,
2904 5305 3033 5358 nihil
3063 5303 3281 5358 omnino
3309 5298 3377 5354 de
3422 5312 3480 5351 se
3523 5299 3742 5360 magnum

2189 5410 2281 5454 aut
2309 5399 2536 5455 sublime
2572 5398 2857 5468 proferret.

2261 5495 2316 5548 4.
2357 5493 2500 5548 Sane
2551 5492 2766 5561 quidem
2819 5490 3130 5547 sufﬁcerent
3171 5502 3234 5543 ea
3278 5500 3396 5556 qua:
3431 5483 3561 5536 dicta
3606 5479 3740 5529 sunt.

2189 5583 2256 5637 ad
2285 5582 2674 5639 ostendendum
2701 5581 2840 5636 hanc
2868 5581 3032 5636 fuisse
3077 5593 3293 5635 causam
3321 5587 3372 5632 et
3404 5569 3740 5628 occasionem.

2189 5689 2286 5729 cur
2315 5675 2449 5730 adeo
2477 5676 2601 5730 vilia
2646 5683 2772 5730 tunc
2811 5682 2866 5730 et
2892 5673 3098 5742 abiecta
3125 5675 3474 5742 proponeret:
3505 5663 3741 5715 verumta-

2194 5785 2318 5826 men
2346 5787 2410 5827 ex
2440 5772 2606 5826 altera
2639 5777 2788 5839 parte
2811 5766 3047 5824 conabor
3078 5765 3303 5837 idipsum
3331 5757 3549 5817 reddere
3593 5744 3739 5805 mani-
