3918 6374
189 383 279 436 759

190 496 411 569 ἀληθινὸν
453 494 587 563 υἱὸν,
631 494 724 549 καὶ
757 493 843 548 διὰ
881 495 979 568 τὴν
1025 497 1118 550 τοῦ
1152 497 1291 553 Θεοῦ
1339 500 1732 572 προσηγορίαν,

187 581 348 652 ἐπειδή
373 597 451 632 σοι
476 577 743 651 μετέδωκε
764 578 856 632 τοῦ
878 579 1160 650 ὀνόματος,
1187 581 1584 654 φιλονεικήσεις
1609 584 1739 648 ἴσως

188 667 334 738 μηδὲν
363 664 507 734 ἔχειν
533 680 623 716 σου
663 661 823 715 πλέον
855 663 945 718 τὸν
974 664 1226 736 Πατέραο
1255 665 1445 737 ὥσπερ
1484 668 1594 739 γὰρ
1626 667 1740 731 υίὸς

183 747 416 818 ἐκλήθης,
448 745 588 798 οὑτω
633 747 728 800 καὶ
757 745 877 810 Θεὸς
921 747 1194 820 ἐκλήθηςο
1229 747 1345 802 ἀλλ’
1387 749 1577 822 ῶσπερ
1617 749 1740 815 θεὸς

183 831 380 900 κληθεὶς
417 830 478 882 ού
516 827 718 900 τολμᾷς
765 831 939 884 εἰπεῖν
983 832 1066 884 ὅτι
1094 832 1249 900 ψιλὸν
1295 833 1414 886 ἐκεῖ
1447 832 1508 886 τὸ
1546 833 1738 903 ὄνομα,

181 916 279 968 ἀλλ’
305 914 578 985 ὁμολογεῖς
622 913 796 984 ἀληθῆ
836 914 970 968 Θεὸν
1003 910 1143 969 εἶναι
1181 916 1274 969 τὸν
1312 917 1534 988 Πατέρα
1555 932 1571 950 ο
1598 915 1742 971 οὑτω

182 999 300 1070 μηδὲ
329 999 419 1051 ἐπὶ
461 995 555 1050 τοῦ
599 996 729 1050 Υἰοῦ
773 996 949 1068 τόλμα
985 998 1180 1053 σαυτὸν
1219 1001 1300 1062 εἰς
1350 1000 1513 1071 μέσον
1562 999 1738 1068 ἄγειν,

180 1083 261 1135 καί
294 1081 488 1151 λέγειν,
511 1081 592 1133 ὅτι
631 1077 786 1148 κάγὼ
815 1081 931 1143 υίὸς
963 1080 1275 1153 κέκλημαι·
1305 1083 1399 1136 καὶ
1431 1082 1618 1154 ἐπειδὴ
1641 1083 1742 1154 τῆς

178 1167 329 1236 αὐτῆς
352 1165 534 1228 οὐσίας
569 1163 670 1217 οὑκ
708 1165 847 1234 εἰμί,
882 1164 1006 1217 οὑδὲ
1039 1165 1249 1231 ἐκεῖνος
1274 1167 1480 1234 ὀφείλει
1505 1167 1607 1237 τῆς
1641 1167 1742 1220 αὑ-

177 1252 262 1322 τῆς
293 1245 430 1303 εἶναι
449 1267 464 1280 ι
492 1249 559 1302 τὰ
590 1247 694 1320 γάρ
733 1247 1170 1320 ἀπηριθμημένα
1203 1250 1421 1305 ἅπαντα
1455 1248 1607 1322 [504]
1635 1250 1744 1304 δεί-

179 1350 346 1386 κνυσιν
373 1332 624 1404 ἀληθινὸν
655 1332 784 1386 ὄντα
813 1331 940 1385 Υἰὸν
975 1332 1068 1385 καὶ
1101 1331 1204 1403 τῆς
1237 1335 1408 1406 αὐτῆς
1438 1333 1626 1397 οὐσίας
1665 1332 1744 1404 τῷ

176 1417 528 1488 γεγεννηκότι.
567 1419 734 1470 Ὅταν
779 1414 890 1486 γάρ
925 1416 1077 1487 εἴπῃ,
1112 1415 1195 1470 ὅτι
1239 1416 1338 1488 τῆς
1389 1417 1559 1488 αὑτῆς
1595 1417 1744 1470 ὲστιν

177 1499 308 1571 αὐτῷ
359 1502 593 1574 μορφῆς,
635 1499 858 1555 καὶτοῦ
912 1499 1077 1552 αὑτοῦ
1127 1501 1496 1573 χαρακτῆρος,
1539 1499 1591 1554 τί
1618 1499 1745 1554 ἄλλο

177 1583 327 1655 δηλοῖ,
364 1585 397 1654 ἢ
448 1584 510 1638 τὸ
559 1583 978 1656 ἀπαράλλακτον
1013 1584 1112 1654 τῆς
1156 1583 1373 1651 οὑσίας;
1421 1586 1496 1638 UO
1526 1584 1634 1654 γὰρ
1677 1583 1743 1656 δὴ

179 1668 339 1740 μορφὴ
389 1670 517 1740 περὶ
559 1667 710 1732 Θεὸν,
758 1669 879 1722 οὑδὲ
913 1669 1204 1739 πρόσωπον
1225 1685 1239 1698 ·
1274 1667 1390 1722 ἀλλ’
1423 1669 1499 1730 ὡς
1546 1666 1740 1734 ταῦτα,

177 1753 312 1821 φησὶ,
359 1751 560 1820 λέγεις,
613 1753 734 1806 εἰπὲ
781 1752 878 1805 καὶ
920 1750 991 1804 τά
1035 1751 1272 1807 ἐναντία.
1314 1753 1454 1806 Ποῖα
1487 1751 1741 1816 ἐναντίας

177 1829 284 1887 Οίον
310 1835 388 1888 ὅτι
432 1833 654 1906 εὔχεται
683 1834 762 1907 τῷ
806 1835 1014 1907 Πατρί·
1051 1836 1100 1888 εἰ
1129 1835 1240 1907 γὰρ
1280 1835 1380 1907 τῆς
1414 1834 1585 1906 αὐτῆς
1626 1835 1745 1889 ἐστι

176 1918 456 1990 δυνάμεως,
499 1919 595 1973 καί
618 1921 720 1990 τῆς
755 1919 927 1990 αὑτῆς
958 1919 1169 1987 οὐσίας,
1212 1919 1308 1973 καὶ
1343 1919 1454 1974 ἀπὸ
1495 1917 1746 1985 ἐξουσίας

179 2003 334 2057 πάντα
365 2006 530 2069 ποιεῖ,
561 2002 706 2068 τίνος
737 2003 924 2058 ἕνεκεν
960 2001 1211 2074 εὑχεταις

235 2200 299 2262 γ’.
323 2191 462 2262 Ἐγὼ
475 2192 532 2246 δὲ
554 2193 615 2246 οὑ
631 2191 808 2247 ταῦτα
835 2190 944 2265 ἐρῶ
974 2190 1154 2263 μόνον,
1172 2191 1308 2245 ἀλλά
1333 2192 1428 2244 κα⁴ἰ⁵
1455 2191 1556 2245 ὅσα
1583 2191 1747 2261 ἔτερα

177 2280 384 2332 ταπεινά
433 2279 566 2349 περὶ
609 2276 776 2332 αὑτοῦ
825 2280 1080 2349 εἴρηται,
1127 2277 1304 2330 πάντα
1357 2275 1748 2346 παραθήσομαι

180 2361 300 2430 μετά
328 2361 638 2433 ἀκριϐείας,
671 2360 936 2433 πρότερον
970 2361 1146 2414 ἐκεῖνο
1176 2359 1368 2423 εἰπὼν,
1397 2359 1478 2412 ὅτι
1509 2358 1620 2428 ἐγὼ
1651 2358 1748 2429 μὲν

177 2445 270 2500 τῶν
293 2445 569 2510 ταπεινῶς
601 2445 911 2516 εἰρημένων
934 2445 1064 2516 περὶ
1093 2443 1260 2499 αὑτοῦ
1285 2443 1486 2508 πολλὰς
1508 2443 1617 2514 ἔχω
1653 2443 1749 2497 καὶ

176 2528 368 2593 δικαίας
395 2530 580 2594 αἰτίας
600 2532 798 2594 εἰπεῖν,
826 2529 890 2582 σὺ
919 2527 977 2581 δὲ
1005 2528 1112 2582 τῶν
1145 2527 1368 2598 ὑψηλῶν
1395 2529 1489 2581 καὶ
1523 2526 1748 2593 ἐνδόξων

174 2613 407 2685 οὐδεμίαν
440 2614 639 2685 ἑτέραν
677 2613 823 2685 ἔχοις
862 2614 928 2668 ἂν
957 2615 1130 2670 εἰπεῖν
1153 2614 1445 2686 πρόφασιν,
1480 2611 1595 2665 ἀλλ’
1627 2611 1660 2682 ἢ
1687 2611 1751 2665 τὸ

178 2695 434 2765 βούλεσθαι
459 2697 567 2769 τὴν
593 2699 873 2766 εὐγένειαν
897 2700 1032 2770 ἡμῖν
1055 2699 1220 2752 αὑτὸν
1247 2695 1623 2751 ἐνδείκνυσθαι
1650 2695 1751 2766 τὴν

175 2781 338 2838 αὑτοῦ.
379 2783 540 2836 Ἐπεὶ
577 2785 626 2836 εἰ
664 2783 738 2854 μὴ
770 2783 929 2836 τοῦτο
955 2782 1130 2846 οὓτως
1162 2782 1297 2853 ἔχοι,
1344 2781 1494 2851 μάχη
1523 2779 1619 2833 καὶ
1650 2778 1750 2832 πό-

177 2864 316 2938 λεμος
336 2869 391 2921 ἐν
426 2869 557 2930 ταῖς
592 2868 836 2940 1¹ραφαῖς
855 2885 868 2898 '
900 2867 960 2920 τὸ
989 2866 1101 2939 γάρ
1143 2867 1323 2936 λέγειν
1350 2866 1432 2920 ὅτι
1467 2865 1695 2932 Ὥσπερ
1716 2867 1751 2919 ὀ

176 2950 355 3018 Πατὴρ
373 2950 594 3021 ἐγείρει
619 2951 762 3017 τοὺς
781 2950 1035 3019 νεκροὺς
1055 2951 1153 3004 καὶ
1173 2948 1455 3016 ζωοποιεῖ,
1478 2949 1630 3002 οὕτω
1651 2947 1750 3001 καὶ

177 3034 205 3086 ό
235 3035 355 3101 Υἱὸς
381 3037 498 3102 οὓς
525 3033 686 3090 θέλει
713 3033 995 3098 ζωοποιεῖ,
1033 3035 1128 3087 καὶ
1151 3033 1252 3087 ὅσα
1275 3032 1439 3104 ἔτερα
1458 3027 1631 3095 εἶπον,
1657 3031 1751 3084 καὶ

174 3117 227 3170 τὸ
249 3118 400 3172 πάλιν
428 3117 717 3188 εὔχεσθαι,
753 3119 916 3189 ἡνίκα
955 3118 1022 3172 ἂν
1054 3116 1150 3189 δέῃ
1186 3116 1345 3170 τοῦτο
1374 3117 1569 3178 ποιεῖν,
1598 3115 1751 3168 ἐναν-

174 3200 302 3254 τίον·
336 3202 447 3257 ἀλλ’
476 3203 581 3256 ἐὰν
621 3203 722 3266 τὰς
759 3201 940 3265 αἰτίας
973 3202 1132 3267 εἴπω,
1162 3202 1312 3255 πᾶσα
1341 3199 1611 3272 ἀνῄρηται
1641 3197 1751 3251 λοι-

175 3283 260 3340 τὸν
285 3286 726 3358 ἀμφισϐήτησις.

233 3453 379 3520 Τίνες
411 3453 516 3509 οὖν
545 3455 682 3508 εἰσιν
714 3454 772 3506 αἰ
804 3452 976 3508 αἰτίαι
1023 3453 1118 3508 τοῦ
1161 3451 1394 3506 ταπεινὰ
1432 3449 1604 3504 πολλά
1658 3449 1753 3504 καὶ

175 3539 318 3592 αὑτὸν
357 3541 454 3594 καὶ
509 3540 636 3601 τοὺς
680 3537 1018 3602 ἀποστόλους
1064 3537 1350 3609 εἰρηκέναι
1378 3536 1506 3607 περὶ
1550 3533 1749 3600 αὐτούς

179 3621 354 3696 Πρώτη
387 3624 497 3696 μὲν
534 3619 628 3677 οὖν
652 3622 801 3676 αἰτία
833 3622 929 3675 καὶ
961 3622 1223 3693 μεγίστη,
1261 3619 1323 3673 τὸ
1365 3621 1544 3691 σάρκα
1590 3619 1754 3674 αὑτὸν

178 3707 617 3779 περιϐεϐλῆσθαι,
657 3707 754 3760 καὶ
782 3704 1070 3776 βούλεσθαι
1087 3705 1181 3758 καὶ
1204 3705 1330 3768 τοὺς
1355 3703 1478 3756 τότε
1517 3703 1755 3766 καὶτοὺς

181 3791 302 3857 μετὰ
331 3791 514 3846 ταῦτα
553 3788 934 3843 πιστώσασθαι
989 3788 1234 3852 πάντας,
1279 3787 1361 3840 ὄτι
1401 3787 1461 3838 οὑ
1503 3785 1633 3839 σκιά
1671 3785 1757 3849 τίς

179 3876 329 3938 ἐστιν,
361 3875 491 3928 οὐδὲ
525 3875 711 3946 σχῆμα
735 3871 921 3936 ἁπλῶς
942 3871 1004 3925 τὸ
1032 3870 1330 3944 ὁρώμενον,
1373 3869 1488 3924 ἀλλ’
1529 3869 1756 3942 ἀλήθεια

179 3957 396 4023 φύσεως.
423 3960 494 4012 Εἰ
515 3957 625 4028 γὰρ
661 3957 902 4010 τοσαῦτα
917 3954 1153 4009 ταπεινά
1171 3956 1267 4008 καὶ
1286 3953 1604 4024 ἀνθρώπινα
1627 3955 1757 4024 περὶ

179 4039 327 4096 αὑτοῦ
355 4044 450 4097 καὶ
477 4041 593 4094 τῶν
618 4040 935 4095 ἀποστόλων
963 4039 1285 4110 εἰρηκότων,
1315 4039 1410 4092 καὶ
1436 4037 1601 4091 αὑτοῦ
1628 4037 1758 4107 περὶ

181 4126 381 4194 ἑαυτοῦ,
427 4127 587 4198 ὅμως
617 4126 838 4194 ἴσχυσεν
885 4124 914 4175 ὁ
956 4122 1201 4187 διάϐολος
1233 4122 1418 4175 πεῖσαί
1453 4139 1605 4184 τινας
1648 4121 1758 4174 τῶν

179 4206 364 4263 ἀθλίων
400 4210 506 4263 καλ.
534 4206 897 4279 ταλαιπώρων
950 4205 1255 4278 ἀνθρώπων
1294 4204 1634 4276 ἀρνήσασθαι
1658 4204 1760 4274 τῆς

179 4290 482 4362 οἰκονομίας
505 4291 599 4344 τὸν
626 4291 804 4360 λόγον,
834 4290 932 4344 καὶ
957 4285 1226 4370 τολμῆσαι
1247 4290 1444 4352 εἰπεῖν,
1472 4289 1553 4341 ὃτι
1579 4287 1758 4370 σάρκα

180 4373 270 4427 οὑκ
295 4375 478 4439 ἔλαϐε,
522 4375 617 4428 καὶ
637 4375 736 4446 τὴν
760 4375 944 4427 πᾶσαν
975 4369 1081 4443 τῆς
1103 4371 1516 4442 φιλανθρωπίας
1561 4369 1759 4423 ὑπόθε-

183 4469 258 4509 σιν
288 4459 534 4512 ἀνελεῖνο
567 4459 615 4510 εἰ
650 4456 818 4530 μηδὲν
849 4455 1055 4510 τούτων
1088 4451 1234 4522 εἰπε,
1265 4455 1424 4509 πόσοι
1458 4455 1561 4508 οὑκ
1586 4453 1652 4508 ἂν
1680 4455 1760 4518 εἰς

181 4539 234 4591 τὸ
257 4540 535 4616 βάραθρον
562 4541 720 4597 τοῦτο
746 4539 1049 4596 κατέπεσον
1072 4557 1087 4607 ;

243 4720 354 4773 Οὑκ
384 4719 614 4783 ἀκούεις
656 4717 737 4771 έτι
769 4717 864 4772 καὶ
895 4716 992 4770 νῦν
1049 4715 1377 4785 Μαρκίωνος
1422 4713 1759 4786 ἀρνουμένου

181 4801 274 4874 τὴν
295 4802 636 4874 οἰκονομίαν,
666 4802 764 4856 καὶ
785 4799 1112 4872 Μανιχαίου,
1142 4801 1238 4854 καὶ
1267 4798 1644 4861 Οὐαλεντίνου,
1667 4797 1766 4851 καὶ

185 4886 385 4940 πολλῶν
415 4887 656 4959 έτέρων;
686 4884 787 4940 Διά
818 4885 979 4939 τοῦτο
1004 4883 1175 4937 πολλὰ
1204 4882 1520 4955 ἀνθρώπινα
1552 4884 1647 4936 κα¹ἰ⁵
1667 4899 1769 4937 τα-

185 4970 337 5026 πεινά
357 4971 681 5041 φθέγγεται,
711 4969 806 5024 καὶ
836 4969 938 5040 τῆς
977 4968 1170 5031 οὐσίας
1200 4967 1417 5036 ἐκείνης
1452 4965 1551 5035 τῆς
1592 4966 1764 5038 ἀπορο

187 5055 341 5125 ρήτου
369 5054 691 5120 ἀποδέοντα,
721 5055 810 5109 ἵνα
838 5051 1181 5124 πιστώσηται
1208 5051 1307 5122 τῆς
1335 5047 1646 5120 οἰκονομίας
1675 5050 1765 5103 τὸν

148 5196 151 5197 ν
186 5137 352 5207 λόγον.
380 5139 492 5192 Καὶ
522 5137 633 5210 γὰρ
653 5137 858 5208 σφόδρα
887 5134 1222 5188 ἐσπούδακεν
1247 5135 1276 5185 ὁ
1294 5132 1539 5196 διάϐολος
1559 5133 1765 5204 ταύτην

188 5223 247 5275 ὲκ
271 5223 377 5276 τῶν
415 5221 722 5294 ἀνθρώπων
747 5221 845 5293 τὴν
874 5219 1058 5274 πίστιν
1094 5217 1324 5280 ἀνελεῖν,
1365 5215 1524 5280 εἰδὼς
1554 5217 1636 5269 ὅτι
1665 5218 1766 5286 τῆς

185 5307 492 5380 οἰκονομίας
525 5306 632 5362 ὲάν
652 5306 820 5379 ἀνέλῃ
844 5305 946 5378 τὴν
974 5303 1178 5367 πίστιν,
1203 5301 1265 5353 τὸ
1291 5301 1454 5354 πλέον
1495 5299 1607 5353 τῶν
1640 5299 1765 5353 καθ’

187 5390 327 5459 ἡμᾶς
377 5391 659 5462 οἰχήσεται
711 5387 1078 5461 πραγμάτων.
1113 5386 1270 5439 Ἔστι
1315 5385 1411 5438 καὶ
1434 5383 1596 5455 ἑτέρα
1626 5383 1765 5454 μετά

188 5473 384 5548 ταύτην
418 5475 587 5542 αἰτία,
619 5477 655 5547 ἡ
682 5473 936 5529 ἀσθένεια
965 5471 1076 5525 τῶν
1109 5469 1438 5534 ἀκουόντων,
1474 5468 1570 5521 καί
1601 5468 1661 5522 τὸ
1689 5470 1764 5541 μὴ

189 5558 575 5614 δύνασθαιντότε
602 5557 820 5631 πρῶτον
839 5556 1001 5612 αὑτὸν
1033 5555 1259 5618 ἰδόντας,
1288 5553 1383 5607 καὶ
1407 5551 1527 5604 τότε
1552 5551 1766 5623 πρῶτον

193 5643 504 5710 ἀκούοντας,
527 5645 653 5708 τοὺς
683 5641 1048 5713 ὑψηλοτέρους
1065 5638 1172 5692 τῶν
1195 5637 1484 5707 δογμάτων
1511 5635 1767 5700 δέξασθαι

195 5724 401 5794 λόγους.
430 5729 539 5782 Καὶ
572 5728 656 5780 ὅτι
683 5727 743 5780 οὑ
774 5723 1078 5796 στοχασμὸς
1114 5723 1175 5777 τὸ
1200 5723 1513 5792 λεγόμενον.
1546 5721 1640 5775 ἀπ’
1670 5721 1766 5774 αὑ-

193 5809 292 5864 τῶν
333 5828 413 5864 σοι
450 5811 793 5884 παραστῆσαι
816 5808 972 5863 τοῦτο
1006 5807 1336 5880 πειράσομαι
1383 5806 1490 5860 τῶν
1531 5803 1765 5877 Γραφῶν

967 375 1056 432 DE
1092 375 1758 438 CONSUBSTANTIALI,
1798 378 2075 435 CONTRA
2113 379 2476 438 ANOMLEOS
2541 380 2653 436 VH.

3322 381 3441 434 γοα

1844 500 1938 553 καὶ
1962 500 2152 565 δεῖξαι,
2186 503 2267 554 ὅτι
2294 501 2348 554 εἴ
2375 501 2507 554 ποτέ
2537 520 2594 554 τιΔ
2623 502 2764 574 μέγα
2821 505 2914 557 καὶ
2959 503 3161 574 ὑψηλὸν
3197 506 3288 559 καὶ
3331 508 3427 578 τῆς

1844 583 2013 636 αὑτοῦ
2043 583 2201 656 δόξης
2227 586 2377 651 ἀξιον
2401 583 2703 654 ἐφθέγξατο
2720 604 2734 618 ·
2766 585 2818 639 τί
2839 587 2982 657 λέγω
3011 588 3153 659 μέγα
3179 588 3273 643 καὶ
3295 591 3427 662 bal/q-

1844 664 1955 729 λὸν,
1987 667 2082 720 καὶ
2107 669 2209 738 τῆς
2233 669 2397 722 αὑτοῦ
2419 668 2576 739 δόξης
2592 667 2773 735 ἀξιον;
2797 670 2851 722 εἴ
2876 671 3007 724 ποτέ
3035 689 3086 724 τι
3104 672 3202 743 τῆς
3222 673 3428 744 ἀνθρωο

1847 750 2011 823 πίνης
2043 750 2259 822 φύσεως
2287 750 2408 808 εἷπε
2435 753 2619 817 πλέον,
2651 752 3008 827 ἐθορυϐοῦντο
3048 756 3141 809 καὶ
3168 757 3429 810 ἐσκανδαο

1845 832 2084 899 λίζοντο’
2111 837 2161 889 εἰ
2180 836 2235 890 δέ
2258 837 2389 890 ποτέ
2412 854 2466 890 τι
2492 838 2748 890 ταπεινὸν
2769 839 2864 892 καὶ
2890 837 3042 910 [505]
3069 838 3430 911 ἀνθρώπινον,

1849 917 2218 989 προσέτρεχον
2248 919 2343 973 καὶ
2369 920 2461 973 τὸν
2487 919 2644 988 λόγον
2672 921 2937 991 ἐδέχοντο.
2986 922 3097 976 Καὶ
3135 921 3239 976 ποῦ
3276 923 3439 978 τοῦτο

1849 1000 1998 1054 ἔστιν
2026 1000 2178 1068 ἰδεῖν;
2203 1001 2360 1072 φησί.
2407 1001 2566 1074 Παρά
2587 1001 2665 1073 τῷ
2703 1003 2926 1076 Ἰωάννῃ
2959 1005 3223 1074 μάλιστα·
3257 1007 3442 1060 εἰπόνι

1846 1098 1941 1145 τος
1965 1081 2076 1153 γὰρ
2102 1083 2291 1148 αὑτοῦ,
2334 1085 2583 1154 Ἀϐραὰμ
2628 1089 2660 1139 ό
2703 1085 2899 1154 πατὴρ
2942 1087 3110 1157 ὑμῶν
3144 1089 3434 1158 ἠγαλλιώ

1849 1180 2021 1230 σατο,
2046 1166 2149 1220 ἵνα
2177 1166 2277 1235 ἴδῃ
2302 1167 2418 1236 τὴν
2445 1167 2676 1237 ἡμέραν
2703 1169 2818 1236 τὴν
2835 1169 3011 1239 ἐμὴν,
3046 1171 3144 1224 καί
3191 1170 3311 1226 εἶδε
3338 1174 3436 1227 καί

1847 1247 2059 1318 ἐχάρη,
2090 1250 2344 1320 λέγουσι’
2393 1252 2856 1322 Τεσσαράλιοντα
2895 1253 2999 1322 ἔτη
3038 1255 3204 1308 οὔπω
3252 1256 3438 1325 ἔχεις,

1849 1333 1950 1387 καί
1979 1334 2238 1403 Ἀϐραὰμ
2257 1333 2559 1403 ἐώρακας;
2599 1336 2760 1407 Ὁρᾷς
2785 1335 2867 1389 ὅτι
2888 1337 2964 1400 ὡς
2989 1338 3117 1409 περί
3147 1338 3437 1409 ἀνθρώπου

1847 1415 2007 1485 ψιλοῦ
2039 1416 2300 1470 διέκειντο
2319 1434 2334 1482 ;
2353 1418 2416 1470 Τί
2434 1414 2532 1471 οὖν
2552 1418 2746 1483 αὑτός;
2770 1417 2893 1486 Πρὸ
2917 1419 3022 1474 τοῦ
3055 1421 3162 1474 τὸν
3195 1421 3438 1490 Ἀϐραὰμ

1850 1499 2151 1570 γενέσθαι,
2177 1501 2364 1571 φησὶν,
2404 1500 2520 1571 ἐγιῦ
2556 1503 2692 1571 εἰμι.
2746 1502 2856 1555 Καὶ
2878 1497 3032 1572 ἦραν
3068 1504 3301 1570 λίθους,
3340 1505 3460 1557 Ira-

1844 1581 2168 1647 βάλλωσιν
2181 1583 2274 1635 ἐπ’
2300 1585 2510 1637 αὐτόν.
2544 1585 2656 1638 Καὶ
2683 1585 2773 1638 ὅτε
2813 1587 2941 1655 περὶ
2983 1585 3094 1640 τῶν
3123 1587 3440 1656 μυστηρίων

1854 1666 2100 1738 μακροὺς
2129 1669 2374 1720 ἐπέτεινε
2400 1667 2614 1737 λόγους,
2636 1668 2832 1738 λέγων,
2858 1668 2973 1723 Καὶ
2997 1673 3029 1724 ό
3050 1668 3232 1738 ἄρτος
3251 1671 3341 1734 δὲ,
3369 1670 3442 1725 ὃν

1849 1748 1965 1820 ἐγὼ
1991 1747 2165 1804 δώσω
2194 1749 2348 1818 ὑπὲρ
2369 1750 2484 1820 τῆς
2510 1751 2617 1806 τοῦ
2641 1755 2873 1822 κόσμου
2893 1751 3060 1821 ζωῆς,
3081 1752 3120 1821 ἡ
3144 1752 3302 1821 σάρξ
3319 1771 3443 1824 μου

1849 1831 2044 1896 ἐστίν,
2072 1831 2279 1902 ἔλεγον,
2307 1835 2580 1902 Σκληρός
2616 1834 2788 1889 ἐστιν
2819 1838 2852 1891 ό
2885 1836 3070 1905 λόγος
3097 1831 3277 1902 οὗτος
3302 1853 3315 1866 ο
3350 1837 3442 1903 τίς

1851 1915 2104 1971 δύναται
2154 1916 2343 1971 αὐτοῦ
2391 1917 2668 1983 ἀκούειν;
2699 1917 2811 1973 Kal
2845 1919 2914 1972 ἐκ
2948 1919 3165 1973 τούτου
3219 1921 3448 1974 πολλοί

1851 2000 1974 2054 τῶν
1997 1999 2281 2069 μαθητῶν
2323 2001 2510 2055 αὐτοῦ
2549 2001 2832 2070 ἀπῆλθον
2870 2005 2957 2067 εἰς
2988 2002 3060 2058 τὰ
3091 2003 3307 2068 ὀπίσω,
3343 2005 3444 2057 καὶ

1852 2083 2053 2138 οὐκέτι
2076 2085 2205 2153 μετ’
2236 2083 2425 2138 αὐτοῦ
2453 2084 2872 2154 περιεπάτουν.
2897 2085 2962 2138 Τί
2989 2083 3082 2139 οὖν
3108 2087 3214 2139 ἔδει
3246 2091 3440 2152 ποιεῖνς

1854 2168 1979 2221 εἰπέ
2005 2185 2095 2238 μοι
2116 2185 2128 2196 ·
2190 2169 2304 2231 τοῖς
2332 2167 2685 2239 ὑψηλοτέροις
2717 2169 3076 2241 ἐνδιατρίϐειν
3107 2171 3316 2242 ῥήμασι
3361 2172 3440 2226 δι-

1853 2251 2088 2321 ηνεκῶς,
2103 2249 2245 2304 ὥστε
2268 2251 2610 2322 ἀποσοϐῆσαι
2633 2251 2732 2322 τὴν
2753 2250 2952 2323 θήραν,
2969 2252 3065 2306 καί
3090 2253 3298 2317 πάντας
3310 2255 3446 2308 ἀποο

1856 2333 2190 2406 κρούσασθαι
2211 2333 2309 2403 τῆς
2327 2333 2708 2400 διδασκαλίας;
2749 2335 2889 2388 Ἀλλ’
2916 2335 3017 2389 οὑκ
3059 2331 3128 2407 ἦν
3158 2336 3316 2390 τοῦτο
3342 2337 3442 2406 τῆς,

1855 2417 1948 2469 τοῦ
1978 2416 2112 2470 Θεοῦ
2135 2417 2568 2488 φιλανθρωπίας.
2596 2419 2708 2472 Καὶ
2727 2417 2835 2489 γὰρ
2862 2418 3026 2472 πάλιν
3048 2418 3237 2490 ἐπειδὴ
3267 2415 3443 2485 εἶπεν,

1869 2500 1930 2552 '0
1965 2501 2071 2553 τὸν
2098 2501 2284 2569 λόγον
2294 2517 2413 2569 μου
2441 2501 2697 2567 ἀκούων,
2729 2500 2992 2557 θανάτου
3022 2504 3094 2556 οὐ
3112 2502 3192 2571 μὴ
3223 2504 3443 2573 γεύση-

1856 2599 1953 2638 ται
1983 2586 2070 2650 εἰς
2094 2583 2198 2637 τὸν
2221 2581 2428 2646 αἰῶνα,
2460 2583 2669 2653 ἔλεγον,
2704 2587 2787 2639 Οὐ
2809 2583 3009 2652 καλῶς
3026 2585 3338 2656 ἐλέγομεν,
3357 2586 3448 2640 ὅτι

1856 2665 2166 2736 δαιμόνιον
2192 2665 2352 2735 ἔχεις
2369 2683 2388 2732 ;
2425 2667 2672 2737 Ἀϐραὰμ
2692 2666 2978 2731 ἀπέθανε,
3010 2669 3108 2722 καί
3138 2673 3194 2723 οι
3215 2668 3454 2739 προφῆ-

1857 2769 1951 2805 ται
1975 2751 2299 2815 ἀπέθανον,
2332 2750 2532 2804 καὶσὺ
2550 2749 2768 2821 λέγεις,
2791 2751 2880 2806 ὄτι
2898 2747 2960 2805 '0
2989 2754 3096 2807 τὸν
3121 2756 3312 2824 λόγον
3328 2772 3467 2823 μου

1856 2836 2094 2890 ἀκούων
2130 2837 2202 2888 οὐ
2231 2833 2318 2904 μὴ
2353 2835 2641 2904 γεύσηται
2663 2833 2968 2902 θανάτου;
3002 2837 3112 2890 Καὶ
3148 2837 3202 2890 τί
3235 2837 3448 2910 θαυμαο

1860 2921 1986 2974 στὸν
2010 2919 2140 2974 εἰτὸ
2171 2918 2379 2990 πλῆθος
2401 2919 2544 2973 οὑτω
2569 2919 2822 2985 διέκειτο,
2851 2921 2983 2974 ὅπου
3013 2938 3078 2980 γε
3100 2923 3195 2975 καὶ
3225 2922 3379 2976 αὑτοί
3401 2922 3468 2976 οἰ

1857 3006 2118 3078 ἄρχοντες
2136 3006 2342 3078 ταύτην
2363 3001 2509 3076 εἶχον
2539 3004 2636 3075 τὴν
2670 3005 2930 3076 γνώμην;
2967 3005 3024 3058 '0
3056 3005 3189 3075 γοῦν
3219 3006 3452 3078 Νικόδη-

1861 3105 1961 3162 μος
1985 3091 2170 3161 ἀρχῶν
2198 3091 2362 3153 αὑτὸς
2409 3089 2506 3154 ὢν,
2541 3091 2636 3142 καὶ
2670 3091 2811 3161 μετά
2853 3089 3058 3161 πολλῆς
3088 3090 3190 3159 τῆς
3237 3091 3452 3156 εὑνοίας

1859 3173 1996 3246 πρὸς
2027 3174 2190 3228 αὑτὸν
2211 3174 2383 3227 ἐλθὼν
2405 3175 2501 3227 καὶ
2529 3173 2722 3239 εἰπὼν,
2746 3171 3005 3240 Οἴδαμεν
3035 3172 3125 3225 ὅτι
3154 3173 3272 3226 ἀπὸ
3301 3173 3472 3228 Θεοῦο

1857 3256 2166 3324 ἐλήλυθας
2191 3255 2592 3324 διδάσκαλος,
2637 3256 2731 3310 τὸν
2771 3256 2898 3326 περί
2942 3255 3036 3308 τοῦ
3075 3255 3451 3328 βαπτίσματος

1857 3341 1960 3394 οὑκ
2002 3339 2245 3412 ἠδυνήθη
2301 3340 2557 3407 δέξασθαι
2606 3339 2785 3408 λόγον,
2845 3337 3028 3410 πολλῷ
3081 3337 3305 3410 μείζονα
3350 3341 3451 3410 τῆς

1859 3425 2144 3490 ἀσθενείας
2173 3425 2304 3479 ὄντα
2340 3426 2441 3496 τῆς
2474 3425 2683 3478 ἐκείνου
2710 3440 2724 3455 ·
2753 3423 3002 3488 εἰπόντος
3044 3424 3155 3496 γὰρ
3195 3424 3287 3478 τοῦ
3317 3426 3468 3495 Χριι

1862 3506 2014 3573 στοῦ,
2049 3509 2130 3562 ὅτι
2163 3511 2274 3563 “Ar
2296 3507 2382 3580 μή
2405 3527 2495 3576 τις
2512 3507 2776 3578 γεννηθῇ
2801 3508 2870 3574 ἐξ
2898 3507 3120 3573 ὕδατος
3141 3507 3240 3562 καί
3267 3509 3450 3563 πνεύ-

1854 3610 2066 3663 ματος,
2100 3595 2172 3647 οὺ
2203 3593 2455 3648 δύναται
2480 3592 2628 3647 ἰδεῖν
2651 3591 2768 3661 τὴν
2787 3592 3121 3657 ,βασιλείαν
3141 3591 3247 3647 τοῦ
3279 3593 3450 3648 Θεοῦ’

1860 3679 2034 3742 οὑτως
2086 3679 2166 3742 εἰς
2212 3677 2562 3751 ἀνθρωπίνας
2592 3685 2616 3711 ⁸
2667 3676 2971 3732 κατέπεσεν
3031 3677 3306 3743 ὑπονοίας,
3360 3677 3454 3731 καί

1862 3779 2032 3833 φησι,
2061 3760 2196 3829 Πῶς
2226 3761 2478 3816 δύναται
2509 3761 2820 3829 ἄνθρωπος
2854 3760 3221 3830 γεννηθῆναι
3265 3759 3466 3831 γέρων

1862 3846 1986 3910 ῶν;
2010 3843 2097 3914 μὴ
2119 3845 2370 3900 δύναται
2406 3847 2494 3911 είς
2515 3843 2631 3914 τὴν
2667 3845 2902 3898 κοιλίαν
2931 3843 3043 3914 τῆς
3083 3845 3312 3914 μητρὸς
3347 3849 3452 3900 αὑ-

1864 3928 1970 3983 τοῦ
1994 3929 2278 3998 δεύτερον
2294 3929 2613 3994 εἰσελθεῖν,
2641 3927 2742 3982 καί
2768 3927 3133 3999 γεννηθῆναι
3182 3927 3449 3998 ἅνωθεν;

1864 4013 1930 4066 Τί
1959 4008 2054 4066 οὖν
2076 4015 2104 4066 ὁ
2123 4013 2390 4086 Χριστός;
2419 4015 2491 4068 El
2513 4013 2584 4067 τὰ
2603 4012 2835 4082 ἐπίγεια
2849 4009 3025 4066 εἷπον
3052 4011 3196 4082 ὑμῖν
3220 4012 3320 4068 καί
3340 4016 3451 4068 οὐκ

1862 4097 2282 4161 ἐπιστεύσατε,
2339 4096 2467 4164 πῶς
2517 4096 2626 4150 ἐὰν
2657 4097 2804 4149 εἴπω
2836 4096 2981 4164 ὑμῖν
3013 4095 3085 4149 τὰ
3127 4095 3454 4164 ἐποιφάνια

1865 4181 2261 4244 πιστεύσετε;
2307 4180 2590 4251 μονονουχὶ
2630 4177 3068 4249 ἀπολογούμενος
3111 4181 3206 4232 καὶ
3255 4179 3452 4248 λέγων,

1865 4263 2010 4328 τίνος
2037 4262 2224 4316 ἕνεκεν
2262 4263 2324 4317 οὑ
2350 4261 2590 4333 συνεχῶς
2622 4263 2806 4325 αὑτοῖς
2835 4263 2964 4333 περὶ
2992 4263 3092 4332 τῆς
3121 4261 3234 4315 ἄνω
3258 4264 3452 4335 γεννή-

1869 4363 2007 4409 σεως
2031 4345 2323 4413 διελέγετο.
2369 4346 2540 4400 Πάλιν
2594 4345 2726 4417 παρ’
2752 4344 2914 4398 αὑτὸν
2951 4345 3044 4398 τοῦ
3095 4344 3332 4417 σταυροῦ
3361 4346 3452 4400 τὸν

1867 4430 2058 4502 καιρὸν
2087 4429 2226 4500 μετὰ
2256 4429 2326 4484 τά
2349 4429 2520 4501 μυρία
2550 4431 2775 4500 σημεῖα,
2807 4429 2946 4499 μετά
2967 4436 3067 4500 τὴν
3085 4429 3286 4502 πολλὴν
3311 4431 3456 4484 ὲκεί-

1866 4527 1963 4582 νην
1991 4513 2274 4579 ἀπόδειξιν
2318 4515 2419 4584 τῆς
2464 4512 2631 4566 αὑτοῦ
2662 4512 2964 4584 δυνάμεως,
3031 4515 3120 4567 ἵνα
3171 4515 3324 4586 eam,
3369 4515 3452 4569 ὃτι

1871 4598 2138 4664 Ὄψεσθε
2162 4597 2272 4650 τὸν
2301 4596 2437 4651 Υίὸν
2467 4596 2576 4651 τοῦ
2587 4595 2908 4666 ἀνθρώπου
2923 4595 3022 4649 ἐπὶ
3046 4594 3165 4650 τῶν
3182 4597 3456 4666 νεφελῶν
3475 4623 3478 4625 λ

1867 4679 2217 4750 ἐρχόμενον,
2245 4681 2347 4735 οὑκ
2368 4678 2612 4749 ἐνεγκὼν
2632 4680 2694 4733 τὸ
2713 4679 2903 4751 λεχθὲν
2930 4681 2959 4733 ὁ
2979 4681 3291 4752 ἀρχιερεὺς,
3309 4681 3452 4754 διέρ-

1871 4763 2033 4834 ρηξεν
2059 4763 2226 4817 αὑτοῦ
2255 4762 2324 4816 τά
2352 4763 2564 4834 ἱμάτια.
2600 4763 2725 4828 Πῶς
2747 4761 2840 4818 οὖν
2866 4763 3080 4828 τούτοις
3107 4763 3453 4833 διαλέγεσθαι

1870 4845 2002 4910 ἔδει,
2023 4849 2134 4908 τοῖς
2162 4847 2314 4899 οὐδὲν
2336 4845 2444 4899 τῶν
2469 4845 2690 4917 ὑψηλῶν
2713 4846 2969 4918 φέρουσιν
2995 4863 3010 4912 ;
3043 4847 3166 4900 ’Ότι
3190 4847 3297 4918 γάρ
3317 4847 3454 4908 ὅλως

1871 4929 1973 4982 οὑκ
2008 4925 2130 4982 εἶπέ
2151 4946 2204 4981 τι
2233 4927 2376 4998 μέγα
2395 4929 2491 4982 καὶ
2523 4928 2728 5000 ὑψηλὸν
2756 4929 2886 5000 περὶ
2914 4929 3134 4994 ἑαυτοῦ,
3159 4931 3218 4982 οὑ
3242 4930 3453 4999 θαυμαα

1875 5012 2000 5065 στὸν
2035 5011 2344 5083 ἀνθρώποις
2369 5013 2547 5085 χαμαὶ
2590 5011 2931 5085 συρομένοις,
2978 5013 3072 5067 καὶ
3091 5011 3266 5078 οὕτως
3291 5011 3452 5066 ἀσθε-

1873 5097 1980 5161 νῶς
2004 5095 2241 5168 ἔχουσιν.

1937 5284 1999 5338 δ’.
2018 5283 2216 5356 Ἤρκει
2236 5283 2335 5354 μὲν
2355 5276 2450 5337 οὑν
2475 5281 2649 5336 καὶτά
2665 5281 2932 5354 εἰρημένα
2948 5282 3140 5350 δεῖξαι,
3157 5283 3239 5337 ὅτι
3260 5282 3400 5354 αὕτη
3420 5288 3470 5355 ἡ.

1874 5368 2026 5421 αἰτία
2047 5367 2190 5437 καὶὴ
2215 5366 2490 5438 πρόφασις
2511 5361 2581 5438 ἦν
2597 5367 2696 5438 τῆς
2709 5367 2818 5420 τῶν
2843 5366 2964 5420 τότε
2980 5366 3289 5437 λεγομένων
3306 5367 3455 5420 εὑτε-

1874 5451 2023 5514 λείας
2042 5467 2055 5480 ·
2079 5450 2190 5520 ἐγὼ
2214 5451 2271 5503 δὲ
2311 5450 2406 5504 καὶ
2428 5449 2538 5504 ἀπὸ
2552 5449 2780 5522 θατέρου
2808 5450 3008 5522 μέρους
3023 5449 3181 5504 τοῦτο
3197 5450 3452 5523 πειράσο-

1879 5551 1972 5606 μαι
2000 5533 2224 5604 ποιῆσαι
2243 5533 2496 5604 φανερόν.
2524 5534 2732 5606 ’Ὠσπερ
2754 5535 2863 5605 γὰρ
2882 5534 3078 5598 αὑτοὺς
3095 5532 3263 5588 εἴδετε
3301 5553 3476 5591 σκαν-

1935 5827 1957 5855 ⁸
1978 5813 2075 5870 Alii
2098 5815 2236 5874 οὗτος
2256 5815 2320 5872 εἰς
2338 5815 2466 5874 ἀνθρ.
