3918 6452
410 396 505 448 7M

411 504 818 577 δαλιζομινους,
866 501 1319 575 θορυϐουμένους,
1360 498 1761 570 ἀποπηδῶντας
1783 538 1798 561 ,
1833 494 2001 548 λοιδο-

417 591 734 665 ρουμένους,
774 585 1097 656 φεύγοντας,
1144 585 1198 638 εί
1236 584 1367 637 ποτέ
1406 601 1457 637 τι
1497 581 1645 652 μέγα
1673 579 1769 665 καὶ
1803 577 2005 649 ὑψηλὸν

415 674 758 744 ἐφθέγξατοὸ
791 673 1044 743 Χριστὸς,
1072 669 1246 731 οὕτως
1272 669 1400 739 ὑμῖν
1433 667 1631 730 αὐτοὺς
1667 664 1836 731 δεῖξαι
1880 679 2005 716 πει-

417 759 654 833 ράσομαι
674 755 1136 828 προστρέχοντας,
1158 752 1252 805 καὶ
1267 750 1738 833 καταδεχομένους
1753 746 2008 833 τὴν-διδαῖ

416 828 666 906 σκαλίαν,
688 840 742 894 ετ
769 838 901 892 ποτέ
921 857 975 891 τι
1002 834 1254 891 ταπεινὸν
1282 835 1378 888 καὶ
1407 832 1621 896 εὐτελὲς
1645 828 1820 886 εἶπεν.
1852 829 2007 903 [>506]

415 927 581 982 Maro).
621 925 751 996 γὰρ,
780 923 937 977 αὑτοὶ
991 924 1038 975 οἱ
1088 917 1500 990 ἀποπηδῶντες,
1544 918 1793 978 εἰπόντος
1841 914 2007 970 αὑτοῦ

417 1012 598 1070 πάλιν,
627 1013 711 1063 ὅτι
744 1009 861 1063 Ἀπ’
885 1004 1147 1077 ἐμαυτοῦ
1179 1006 1250 1059 οὐ
1293 1001 1441 1058 ποιῶ
1466 1001 1670 1066 οὐδὲν,
1712 1001 1874 1056 ἀλλὰ
1903 1016 2010 1053 καρ

416 1097 532 1161 θὼς
560 1092 802 1155 ἐδίδαξέ
827 1108 904 1159 με
927 1093 960 1144 ὀ
982 1086 1184 1157 Πατήρ
1207 1105 1327 1157 μου
1358 1087 1548 1153 λαλῶ,
1574 1084 1792 1153 εὐθέως
1817 1098 2011 1152 προσ-

414 1179 693 1247 έδραμον.
730 1175 841 1229 Καὶ
885 1172 1206 1245 βουλόμενος
1245 1171 1378 1241 ἡμῖν
1408 1169 1746 1235 ἐνδείξασθαι
1777 1171 1807 1223 ὁ
1834 1167 2014 1235 Εὐαγ-

416 1258 688 1331 γελιστὴς,
715 1259 798 1313 ὃτι
822 1256 912 1310 διά
942 1255 1043 1327 τὴν
1064 1254 1430 1324 ταπεινότητα
1455 1253 1566 1307 τῶν
1598 1253 1861 1325 ῥημάτων
1888 1251 2013 1305 ἐπί-

417 1360 670 1409 στευσαν,
701 1339 1126 1412 ἐπισημαίνεται
1154 1338 1358 1406 λέγων’
1390 1337 1582 1392 Ταῦτα
1603 1336 1792 1392 αὑτοῦ
1816 1334 2007 1402 λαλή-

417 1444 668 1494 σαντος,
692 1424 910 1481 πολλοὶ
939 1423 1317 1477 ἐπίστευσαν
1345 1422 1433 1487 είς
1468 1421 1678 1475 αὐτόν.
1711 1419 1821 1475 Καὶ
1851 1418 2015 1473 ἀλλα-

418 1514 515 1587 χοῦ
538 1507 810 1581 πολλαχοῦ
833 1507 991 1561 τοῦτο
1016 1505 1167 1576 εὖροι
1194 1522 1279 1569 τις
1306 1504 1373 1558 ἂν
1398 1503 1541 1558 οὕτω
1575 1521 1639 1557 συ
1647 1503 1894 1587 μϐαίνον.
1914 1502 2014 1555 Διά

417 1585 579 1651 τοῦτο
639 1592 809 1646 πολλά
859 1590 955 1645 καὶ
994 1588 1254 1652 πολλάκις
1291 1587 1650 1661 ἀνθρωπίνως
1692 1585 2012 1657 ἐφθέγγετο,

422 1682 516 1736 καὶ
539 1679 700 1733 πάλιν
729 1679 832 1730 οὐκ
854 1673 1234 1747 ἀνθρωπίνως,
1265 1672 1402 1726 ἀλλά
1429 1670 1768 1742 θεοπρεπῶς,
1795 1671 1889 1724 καὶ
1912 1670 2014 1740 τῆς

422 1764 700 1832 εὐγενείας
726 1755 852 1826 ἀξια
883 1758 985 1828 τῆς
1010 1755 1229 1820 ἑαυτοῦ,
1260 1755 1322 1809 τὸ
1347 1756 1447 1826 μὲν
1470 1758 1536 1826 τῇ
1566 1754 1676 1809 τῶν
1707 1754 2015 1809 ἀκουόντων

424 1845 876 1916 συγκαταϐαίνων
925 1838 1203 1911 ἀσθενείᾳ,
1240 1840 1300 1893 τὸ
1344 1839 1403 1893 δὲ
1444 1839 1546 1909 τῆς
1587 1838 1697 1892 τῶν
1729 1838 2017 1909 δογμάτων

422 1929 666 2002 προνοῶν
695 1926 1135 2001 όρθότητος.”1να
1162 1923 1272 1994 γὰρ
1303 1921 1377 1994 μὴ
1404 1924 1437 1994 ἡ
1463 1920 1871 1990 συγκατάϐασις
1894 1922 2013 1975 δια.

422 2014 626 2075 παντὸς
652 2009 914 2081 γινομένη
948 2010 1028 2071 είς
1056 2008 1156 2076 τὴν
1186 2006 1315 2079 περὶ
1347 2005 1445 2077 τῆς
1484 2004 1642 2070 ἀξίας
1666 2004 1830 2059 αὑτοῦ
1859 2004 2016 2071 δόξαν

427 2094 803 2170 παραϐλάψειε
833 2094 959 2156 τοὺς
998 2090 1136 2162 μετά
1178 2088 1373 2150 ταῦτα,
1401 2087 1521 2142 οὑδὲ
1546 2089 1757 2142 ἐκείνου
1785 2088 1880 2143 τοῦ
1917 2090 2016 2158 μέ-

428 2198 553 2251 ρους
585 2177 858 2249 ἠμέλησεν
877 2194 891 2207 ·
924 2173 1061 2227 ἀλλά
1088 2172 1267 2225 καίτοι
1296 2170 1582 2242 προειδὼς,
1614 2173 1696 2225 δτι
1723 2173 1824 2226 οὑκ
1850 2171 2018 2226 ἀκού-

425 2280 628 2327 σονται,
657 2259 795 2315 ἀλλά
832 2259 926 2317 καὶ
953 2257 1358 2329 λοιδορήσονται
1387 2254 1560 2326 αὐτῷ,
1594 2258 1690 2311 καὶ
1730 2257 2018 2328 ἀποπηδή-

427 2363 630 2409 σουσιν,
658 2346 808 2415 ὅμως
838 2338 1013 2401 εἶπεν.
1043 2340 1176 2394 αὑτό
1216 2357 1276 2392 τε
1314 2338 1473 2393 τοῦτο
1502 2340 1641 2411 ὅπερ
1667 2336 1818 2394 εἷπον
1846 2357 2023 2394 κατα-

425 2431 728 2495 σκευάζων,
750 2428 844 2482 καὶ
882 2426 1100 2489 δεικνὺς
1131 2423 1231 2496 τὴν
1262 2423 1461 2487 αἰτίαν,
1501 2423 1568 2478 δι’
1595 2425 1661 2495 ἣν
1693 2425 1788 2477 καί⁵
1818 2424 1889 2477 τά
1919 2441 2018 2477 τα-

426 2514 585 2569 πεινά
613 2515 797 2575 αὑτοῖς
827 2508 1049 2581 ἀνέμιξε
1078 2509 1319 2579 ῥήματα.
1346 2506 1492 2579 Αὕτη
1517 2507 1573 2560 δὲ
1596 2502 1684 2577 ἦν,
1709 2507 1770 2560 τὸ
1791 2507 2017 2578 μηδέπω

421 2598 684 2654 δύνασθαι
712 2594 975 2663 δέξασθαι
1003 2592 1064 2646 τὸ
1104 2591 1338 2662 μέγεθος
1366 2590 1474 2644 τῶν
1509 2591 1816 2662 λεγομένων
1830 2602 1873 2646 υ.
1905 2593 2017 2647 Καὶ

424 2685 474 2738 εί
529 2682 603 2755 μὴ
651 2680 810 2735 τοῦτο
859 2680 1271 2731 κατασκευάσαι
1326 2675 1599 2738 ἐϐούλετο,
1632 2676 1862 2748 περιττὴ
1907 2677 2017 2730 τῶν

424 2766 646 2839 ὑψηλῶν
685 2763 972 2835 δογμάτων
1010 2755 1079 2833 ἦν
1106 2761 1140 2831 ἡ
1163 2758 1484 2814 διδασκαλία
1511 2761 1624 2824 τοῖς
1655 2761 1756 2813 οὑκ
1785 2762 2013 2815 ἀκουσο-

429 2852 633 2923 μένοις,
656 2848 777 2902 οὑδὲ
801 2840 1160 2918 προσέξουσιν
1180 2861 1193 2874 '
1228 2841 1325 2897 νῦν
1348 2841 1405 2894 δὲ
1431 2844 1482 2895 εί
1516 2843 1609 2896 καὶ
1635 2843 1882 2908 ἐκείνους
1913 2863 2020 2917 μη-

425 2936 511 2991 δὲν
540 2934 761 3004 ὠφέλει.
796 2930 910 2984 ἀλλ’
943 2930 1091 3000 ἡμᾶς
1119 2926 1393 2993 ἐπαίδευε,
1430 2927 1524 2981 καὶ
1563 2925 1663 2997 τὴν
1707 2931 2018 3001 προσήκου-

429 3037 526 3072 σαν
557 3016 685 3088 περὶ
710 3013 876 3069 αὑτοῦ
900 3012 1060 3080 δόξαν
1090 3010 1237 3082 ἔχειν
1265 3008 1665 3081 παρεσκεύαζε,
1689 3011 1784 3064 καὶ
1806 3012 2019 3067 ἔπειθεν

425 3104 510 3156 ὅτι
534 3101 621 3156 διὰ
643 3100 704 3153 τὺ
734 3098 810 3171 μὴ
841 3094 1102 3150 δύνασθαι
1143 3093 1371 3166 μηδέπω
1399 3093 1459 3146 τὸ
1491 3092 1722 3163 μέγεθος
1745 3094 1854 3151 τῶν
1874 3097 2022 3166 λεγο-

431 3186 609 3256 μένων
629 3181 883 3254 δέχεσθαι
908 3178 1173 3243 ἐκείνους,
1196 3177 1289 3231 ἐπὶ
1315 3175 1376 3229 τὸ
1398 3177 1782 3250 ταπεινότερον
1810 3179 1903 3233 τὸν
1930 3180 2022 3235 λό-

428 3287 524 3338 γον
557 3265 1066 3340 μετήγαγεν.”οταν
1098 3257 1194 3316 οὖν
1229 3259 1348 3333 ἴδῃς
1384 3259 1545 3314 αὑτὸν
1575 3261 1807 3316 ταπεινά
1843 3264 2024 3334 λέγον-

428 3371 517 3416 τα,
557 3352 631 3423 μὴ
658 3350 759 3419 τῆς
791 3348 1068 3410 εὐτελείας
1095 3346 1195 3417 τῆς
1227 3344 1368 3398 κατά
1399 3345 1495 3416 τὴν
1522 3345 1729 3412 οὐσίαν,
1759 3347 1897 3402 ἀλλὰ
1922 3350 2023 3419 τῆς

430 3436 714 3497 ἀσθενείας
748 3433 846 3504 τῆς
877 3431 1020 3485 κατά
1050 3430 1149 3503 τὴν
1178 3430 1414 3483 διάνοιαν
1444 3428 1550 3481 τῶν
1573 3431 1859 3501 ἀκροατῶν
1881 3430 2024 3488 εἶναι

431 3519 620 3592 νόμιζε
652 3517 748 3589 τὴν
780 3514 1202 3584 συγκατάϐασιν.
1237 3511 1498 3566 Βούλεσθε
1528 3514 1665 3566 εἷπω
1700 3515 1794 3567 καὶ
1831 3518 2023 3588 τρίτην

433 3605 643 3669 αἰτίαν;
680 3604 754 3655 Οὑ
788 3600 897 3669 γάρ
919 3598 983 3671 δὴ
1014 3598 1174 3668 μόνον
1200 3597 1289 3650 διά
1311 3596 1411 3667 τὴν
1438 3597 1538 3666 τῆς
1569 3599 1770 3669 σαρκὸς
1804 3602 2026 3672 περιϐο-

432 3688 553 3761 λὴν,
577 3685 696 3740 οὑδὲ
718 3684 806 3738 διὰ
832 3683 930 3754 τὴν
970 3680 1253 3735 ἀσθένειαν
1286 3679 1395 3735 τῶν
1430 3680 1736 3750 ἀκροατῶν,
1765 3684 1903 3739 ἀλλὰ
1932 3688 2026 3741 καὶ

436 3772 523 3826 διὰ
538 3770 599 3825 τὸ
613 3767 901 3840 βούλεσθαι
915 3765 1187 3819 διδάσκειν
1199 3767 1643 3837 ταπεινοφρονείν
1662 3768 1791 3832 τοὺς
1808 3769 2030 3824 ἀκούον-

437 3874 557 3921 τας,
606 3850 778 3907 πολλά
826 3850 1060 3904 ταπεινά
1108 3849 1200 3902 καὶ
1234 3848 1405 3902 ἐποίει
1440 3849 1532 3902 καὶ⁵
1565 3848 1718 3919 ἔλεγε
1741 3867 1756 3882 °
1787 3854 1881 3906 καὶ
1912 3853 2026 3908 ἔστι

439 3939 533 3993 καὶ
572 3934 715 4007 αῦτη
766 3933 922 4005 τρίτη
967 3931 1128 3986 πάλιν
1163 3931 1407 3985 αἰτία.“0
1445 3931 1553 4003 γάρ
1578 3940 2026 4006 ταπεινοφρονείν

438 4022 729 4084 διδάσκων,
752 4019 875 4088 οὑχὶ
906 4017 994 4070 διὰ
1024 4016 1287 4089 ῥημάτων
1315 4016 1496 4086 μόνον,
1528 4016 1664 4069 ἀλλὰ
1691 4019 1783 4071 καὶ
1806 4019 1892 4072 διὰ
1919 4021 2027 4074 τῶν

439 4106 783 4180 πραγμάτων
811 4101 967 4155 τοῦτο
1008 4099 1271 4163 παιδεύει,
1308 4099 1403 4153 καὶ
1443 4099 1585 4171 λόγῳ
1620 4104 1714 4153 καὶ
1747 4102 1893 4175 ἔργῳ
1924 4122 2028 4175 με..

436 4189 675 4263 τριάζων
696 4200 709 4214 ⁸
739 4184 969 4241 Μάθετε
1012 4183 1142 4256 γάρ,
1170 4183 1354 4255 φησὶν,
1389 4184 1490 4239 ἀπ’
1522 4184 1668 4253 ἐμοῦ
1708 4185 1797 4240 ὅτι
1837 4188 2030 4255 πρᾶός

437 4277 557 4344 aly:
586 4272 684 4326 καί
715 4268 998 4335 ταπεινὸς
1026 4267 1102 4336 τῇ
1128 4267 1340 4339 καρδίᾳ
1363 4286 1374 4297 ·
1412 4269 1508 4322 καὶ
1550 4268 1710 4324 πάλιν
1751 4272 1981 4343 ἀλλαχος
2012 4293 2026 4307 .

451 4362 516 4413 '0
555 4355 687 4422 Υἱὸς
726 4355 835 4410 τοῦ
870 4352 1187 4421 ἀνθρώπου
1229 4354 1342 4407 οὐκ
1378 4348 1528 4422 ἦλθε
1576 4352 2029 4426 διακονηθῆναι,

336 4458 339 4463 ‘
438 4441 603 4498 ἀλλὰ
626 4436 1008 4506 διακονῆσαι.
1026 4437 1085 4490 '0
1111 4436 1292 4490 τοίνυν
1332 4437 1622 4501 ταπεινοὺς
1649 4437 1916 4497 διδάσκων
1945 4442 2029 4510 γε..

440 4524 653 4585 νεσθαι,
680 4522 775 4576 καὶ
812 4519 1062 4593 μηδαμοῦ
1091 4520 1204 4583 τοῖς
1234 4519 1521 4590 πρωτείοις
1543 4522 1870 4593 ἐπιτρέχειν,
1894 4525 2032 4579 ἀλλά

444 4606 838 4678 καταδέχεσθαι
882 4605 945 4657 τὸ
989 4602 1343 4659 ἐλαττοῦσθαι
1371 4605 1667 4675 πανταχοῦ,
1699 4607 1793 4660 xa‘:
1821 4608 1908 4663 διὰ
1940 4612 2033 4680 ρη-

447 4690 634 4764 μάτων
658 4690 753 4743 καὶ
781 4682 873 4742 διά
908 4687 1251 4759 πραγμάτων
1275 4689 1356 4751 είς
1386 4686 1546 4741 τοῦτο
1568 4688 1798 4756 ὲνάγων,
1830 4691 2032 4759 πολλάς

443 4770 561 4846 εἶχε
611 4772 914 4843 προφάσεις
960 4769 1052 4824 τοῦ
1099 4770 1330 4824 ταπεινά
1376 4769 1894 4840 φθέγγεσθαι.¹Ἐστι
1937 4776 2032 4829 καὶ

443 4857 713 4930 τετάρτην
760 4855 938 4911 αίτίαν
968 4856 1166 4918 εἰπεῖν,
1206 4853 1308 4906 οὑκ
1333 4853 1540 4907 ἐλάττω
1565 4854 1676 4906 τῶν
1705 4856 2031 4926 εἰρημένων.

446 4944 542 5008 Τίς
573 4942 630 4997 δέ
658 4944 807 4995 ἐστιν
836 4940 975 5011 αῦτη
999 4956 1014 5007 ;
1048 4938 1122 4992 Τὸ
1170 4938 1246 5009 μὴ
1280 4938 1371 4990 διά
1395 4938 1495 5009 τὴν
1524 4938 1727 5009 πολλὴν
1757 4942 2034 5013 ἰγγύτητα

446 5030 538 5083 καὶ
563 5026 773 5096 ἄφατον
798 5025 907 5079 τῶν
931 5020 1282 5077 ὑποστάσεων
1314 5021 1395 5087 εἰς
1424 5022 1543 5085 ἑνὸς
1578 5023 1873 5093 προσώπου
1904 5027 2034 5080 ποτὲ

445 5111 702 5164 ὑπόνοιαν
751 5109 896 5180 ἡμᾶς
937 5108 1221 5178 ἐμπεσεῖν.
1250 5105 1385 5158 ὅπου
1427 5122 1491 5173 γε
1526 5106 1622 5159 καὶ
1663 5106 1757 5160 νῦν
1788 5108 2035 5177 ὀλιγάκις

446 5192 612 5246 αὑτοῦ
656 5210 706 5246 τι
755 5191 998 5246 τοιοῦτον
1028 5190 1296 5252 εἰπόντος,
1332 5188 1469 5259 πρὸς
1495 5188 1593 5261 τὴν
1621 5190 1877 5245 ἀσέϐειαν
1903 5193 2035 5247 ταύ-

446 5294 546 5347 την
597 5275 705 5348 ἠδη
745 5276 889 5337 τινὲς
934 5273 1242 5342 ὲξώλισθον.
1295 5273 1585 5339 Σαϐέλλιος
1626 5274 1757 5344 γοῦν
1802 5278 1830 5330 ό
1868 5278 2035 5341 Λίϐυς

449 5358 687 5423 ἀκούσας
732 5358 897 5430 αὑτοῦ
945 5358 1230 5427 λέγοντος·
1289 5356 1431 5427 Ἐγὼ
1478 5356 1576 5412 καὶ
1629 5362 1662 5413 ό
1712 5358 1916 5430 Πατὴρ
1966 5360 2038 5414 ἓν

446 5444 657 5514 ἐσμεν,
688 5439 842 5515 [507]
867 5441 1053 5505 καὶ,’0
1082 5439 1355 5509 ἑωρακὼς
1390 5440 1496 5510 Qud
1534 5440 1758 5511 ἑώρακε
1779 5443 1888 5498 τόν
1917 5448 2035 5500 Πα-

447 5525 607 5594 τέρα,
636 5527 739 5595 τὴν
771 5525 880 5578 ἀπὸ
910 5525 1019 5578 τῶν
1054 5526 1315 5596 ῥημάτων
1348 5523 1553 5579 τούτων
1581 5525 1859 5598 ἐγγύτητα
1899 5528 2035 5600 πρὸς

450 5606 541 5661 τὸν
560 5607 931 5679 γεγεννηκότα
949 5609 1356 5680 ἐμφαινομένην
1378 5610 1458 5672 είς
1480 5608 1733 5675 ἀσεϐείας
1755 5611 2031 5680 ὑπόθεσιν,

514 5826 538 5856 ³
566 5827 661 5877 Alﬁ
681 5824 957 5884 λεγομένων.
995 5825 1051 5873 Εἰ
1071 5825 1121 5872 δὲ
1141 5828 1203 5885 μὴ
1228 5826 1389 5874 τοῦτο.

1114 389 1170 443 5.
1209 384 1501 443 JOANNIS
1535 378 2032 439 CHRYSOSTOMI
2069 376 2391 434 ARCIHEP.
2432 375 2983 434 CONSTANTINOP.

3631 380 3739 435 762

2109 495 2205 548 καὶ
2231 494 2349 558 ἐνὸς
2389 492 2683 565 προσώπου
2723 492 2818 546 καὶ
2871 494 3003 564 μιᾶς
3047 492 3420 557 ὑποστάσεως
3468 492 3738 550 ὑπόνοιαν

2106 577 2377 648 ἥρπασεν.
2411 576 2526 647 Οὑχ
2573 571 2733 630 αὗται
2776 576 2834 629 δὲ
2887 575 3048 647 μόνον
3099 577 3239 630 εἰσὶν
3279 578 3344 629 αἱ
3392 577 3735 646 προφάσεις,

2107 660 2246 715 ἀλλά
2280 661 2376 714 καὶ
2407 660 2468 713 τὸ
2498 660 2703 730 μηδένα
2735 658 2957 730 νομίσαι
2990 660 3153 715 αὑτὸν
3185 656 3336 713 εἶναι
3362 659 3469 731 τὴν
3501 659 3737 732 πρώτην

2108 746 2204 798 καὶ
2241 745 2536 817 ἀγέννητον
2577 745 2786 807 οὑσίαν,
2821 745 2915 798 καὶ
2951 745 3218 816 μείζοναδ
3250 744 3357 799 τοῦ
3394 746 3735 815 γεγεννηκό-

2108 846 2202 893 τος
2247 830 2413 885 αὑτὸν
2464 830 2776 884 ὑπολαϐεῖν.
2806 830 2918 883 Καὶ
2948 830 3055 901 γὰρ
3098 832 3195 884 καὶ
3235 832 3270 884 ὁ
3324 829 3558 893 Παῦλος
3601 830 3738 884 αὐτὸ

2110 914 2269 967 τοῦτο
2297 913 2589 983 φαίνεταιδ
2616 913 2896 979 δεδοικὼς,
2927 916 3002 986 μή
3030 933 3117 979 τις
3138 914 3480 987 ὑποπτεύσῃ
3512 916 3649 969 ποτὲ
3674 915 3736 969 τὸ

2111 997 2310 1062 ἀσεϐὲς
2348 998 2510 1053 τοῦτο
2546 998 2724 1068 δόγμα
2771 998 2866 1052 καὶ
2909 1000 3166 1070 πονηρόν.
3199 998 3407 1052 Εἰπὼν
3441 998 3604 1066 γοῦν,
3639 1000 3736 1054 Δεῖ

2113 1081 2224 1151 γὰρ
2287 1082 2478 1136 αὑτὸν
2531 1083 2894 1147 βασιλεύειν
2950 1084 3127 1152 ἄχρις
3170 1079 3245 1140 οὗ
3304 1083 3393 1138 ἂν
3445 1082 3530 1152 θῇ
3588 1084 3733 1151 τοὺς

2112 1165 2366 1234 ἐχθροὺς
2394 1166 2513 1220 ὑπὸ
2541 1166 2684 1234 τοὺς
2711 1166 2903 1233 πόδας
2922 1167 3134 1231 αὐτοῦ,
3160 1169 3259 1221 καὶ
3300 1166 3604 1237 προσθεὶς,
3649 1168 3731 1223 ὅτι

2113 1250 2322 1304 Πάντα
2349 1249 2655 1314 ὑπέταξεν
2697 1251 2816 1304 ὑπὸ
2849 1251 2992 1316 τοὺς
3025 1250 3220 1318 πόδας
3249 1251 3481 1316 αὑτοῦ,
3520 1253 3732 1323 ἐπήγα-

2114 1348 2211 1400 γεν
2233 1350 2247 1363 -
2293 1333 2497 1399 Έκτὸς
2536 1330 2644 1388 τοῦ
2684 1333 3104 1400 ὑποτάξαντος
3143 1334 3316 1400 αὐτῷ
3367 1335 3448 1388 τὰ
3491 1334 3730 1389 πάνταυ

2113 1418 2214 1470 οὑκ
2254 1416 2322 1471 ἀν
2367 1416 2684 1486 ἐπαγαγὼν,
2715 1419 2765 1471 εί
2810 1418 2886 1490 μὴ
2934 1418 3127 1480 ἔδεισε,
3163 1420 3236 1489 μή
3293 1436 3408 1472 που
3444 1418 3729 1490 διαϐολικὴ

2114 1500 2338 1571 τοιαύτη
2372 1519 2456 1565 τις
2489 1502 2668 1557 ἔννοια
2696 1501 2945 1572 γένηται.
2962 1502 3240 1573 Πολλαχοῦ
3270 1503 3334 1555 δὲ
3366 1503 3471 1558 καὶ
3507 1504 3602 1557 τὸν
3625 1504 3731 1557 τῶν

2127 1585 2394 1639 Ἰουδαίων
2418 1584 2611 1655 φθόνον
2640 1585 3135 1658 παραμυθούμενος
3161 1587 3480 1658 καθυφίησι
3502 1587 3599 1640 τοῦ
3621 1588 3726 1641 τῶν

2117 1669 2379 1741 ῥημάτων
2415 1669 2604 1738 ὕψους,
2626 1670 2721 1722 καὶ
2749 1668 2886 1741 πρὸς
2916 1671 3019 1743 τὴν
3047 1670 3311 1724 ὑπόνοιαν
3339 1671 3402 1723 δὲ
3428 1671 3544 1724 τῶν
3564 1671 3729 1725 διαλερ

2114 1753 2363 1824 γομένων
2388 1753 2541 1822 αὑτῷ
2576 1753 2837 1817 πολλάκις
2871 1755 3335 1826 ἀποκρινόμενος,
3373 1754 3451 1817 ὡς
3494 1754 3624 1808 ὅταν
3648 1754 3724 1809 λέ-

2114 1855 2187 1908 m
2209 1851 2225 1869 ο
2263 1839 2365 1891 Ἂν
2397 1837 2513 1906 ἐγὼ
2538 1836 2820 1909 μαρτυρῶ
2849 1838 2982 1906 περὶ
3016 1838 3309 1908 ἐμαυτοῦ,
3347 1840 3390 1907 ή
3428 1839 3725 1909 μαρτυρία

2110 1939 2232 1992 μου
2278 1924 2392 1977 οὐκ
2445 1924 2620 1977 ἐστιν
2668 1921 2926 1990 ἀληθής.
2970 1922 3118 1991 Πρὸς
3167 1922 3273 1993 τὴν
3332 1924 3572 1976 ἐκείνων
3620 1923 3723 1994 γὰρ

2117 2006 2374 2061 ὑπόνοιαν
2396 2007 2814 2076 ἀποτεινόμενος
2835 2005 3010 2071 οὕτως
3030 2003 3184 2060 εἶπεν
3199 2024 3214 2039 ο
3239 2007 3307 2061 οὑ
3335 2007 3455 2080 γὰρ
3477 2008 3545 2079 δὴ
3570 2007 3723 2062 τοῦτο

2115 2090 2348 2161 ἠθέλησε
2381 2090 2571 2156 δεῖξαι,
2605 2092 2690 2144 ὅτι
2733 2092 2835 2145 οὑκ
2860 2091 3009 2145 ἔστιν
3042 2091 3277 2165 ἀληθὴς,
3307 2092 3433 2147 ἀλλ’
3458 2093 3539 2156 ὡς
3571 2094 3723 2164 ὑμεῖς

2116 2174 2364 2248 νομίζετε
2409 2177 2505 2229 καλ⁵
2555 2177 2915 2240 ὑποπτεύετε,
2949 2178 3107 2250 φησὶ,
3153 2180 3230 2251 μὴ
3280 2180 3608 2252 βουλόμενοί
3655 2198 3721 2251 με

2117 2258 2524 2332 παραδέξασθαι
2549 2261 2712 2315 αὑτὸν
2744 2262 2873 2333 περὶ
2899 2262 3097 2317 ἑαυτοῦ
3126 2264 3393 2332 λέγοντα.

2188 2443 2252 2490 ε’.
2285 2438 2396 2490 Καὶ
2426 2434 2595 2501 ἄλλας
2632 2436 2689 2490 δὲ
2728 2435 2951 2501 πλείους
2980 2437 3160 2502 αἰτίας
3188 2439 3347 2493 ἐστὶν
3386 2440 3594 2511 εὑρεῖν.
3615 2441 3719 2510 Τῆς

2121 2520 2221 2591 μὲν
2243 2515 2336 2574 οὖν
2358 2520 2744 2591 ταπεινότητος
2764 2520 2873 2573 τῶν
2897 2520 3161 2591 ῥημάτων
3183 2521 3400 2586 πολλὰς
3418 2522 3493 2578 ἂν
3511 2523 3717 2595 ἔχοιμεν

2117 2607 2290 2658 εἰπεῖν
2317 2605 2649 2677 προφάσεις·
2679 2606 2743 2659 σὺ
2781 2604 2839 2658 δὲ
2865 2607 2989 2659 εἰπὲ
3034 2607 3144 2659 τῶν
3182 2607 3418 2679 ὑψηλῶν
3442 2607 3718 2679 δογμάτων

2123 2689 2250 2759 μίαν
2303 2688 2578 2759 πρόφασιν
2628 2688 2843 2760 ἑτέραν,
2873 2688 3013 2762 πλὴν
3059 2684 3128 2760 ἧς
3176 2693 3348 2762 ἡμεῖς
3379 2694 3714 2764 εἰρήκαμενο

2118 2772 2257 2844 αῦτη
2285 2772 2342 2826 δὲ
2368 2769 2435 2844 ἦν
2464 2776 2525 2826 τὸ
2552 2771 2840 2843 βούλεσθαι
2868 2773 3032 2827 αὑτὸν
3059 2774 3157 2845 τὴν
3183 2777 3406 2829 οἰκείαν
3445 2775 3716 2845 εὐγένειαν

2118 2858 2250 2928 ἡμῖν
2283 2856 2654 2911 ἐνδείκνυσθαι
2674 2873 2688 2887 ⁸
2723 2856 2838 2911 ἀλλ’
2864 2860 2966 2912 οὑκ
3007 2857 3073 2912 ἀν
3102 2858 3250 2929 ἔχοις
3294 2860 3497 2931 ἑτέραν
3529 2861 3718 2914 είπείν.

2132 2941 2190 2993 '0
2243 2940 2343 3011 μὲν
2389 2940 2499 3011 γὰρ
2551 2941 2727 3010 μέγας
2772 2941 2976 2996 δύναιτ’
2998 2943 3063 2997 ἂν
3104 2945 3201 2998 καὶ
3239 2948 3452 3018 μικρόν
3500 2962 3553 3000 τι
3594 2944 3712 3015 περὶ

2120 3023 2316 3079 ἑαυτοῦ
2359 3023 2557 3093 λέγειν,
2586 3024 2683 3078 καὶ
2724 3026 2826 3080 οὑκ
2880 3027 3026 3080 ἔστιν
3074 3026 3369 3099 ἔγκλημα·
3424 3029 3714 3090 ἐπιεικείας

2121 3110 2230 3180 γὰρ
2262 3108 2421 3162 τοῦτό
2453 3109 2602 3162 ἐστιν
2624 3125 2635 3137 ·
2660 3109 2690 3162 ὁ
2731 3109 2789 3162 δὲ
2829 3110 3049 3181 μικρός,
3078 3114 3126 3165 εί
3160 3113 3311 3183 μέγα
3349 3131 3405 3167 τι
3446 3115 3574 3184 περὶ
3599 3114 3712 3166 ἑαυ-

2120 3195 2216 3249 τοῦ
2259 3195 2405 3248 εἴποι
2448 3192 2603 3259 ποτὲ,
2627 3193 2688 3245 οὑ
2727 3192 3075 3261 διαφεύξεται
3128 3197 3472 3269 κατηγορίαν
3498 3213 3510 3225 ’
3540 3195 3712 3259 ἀλαζο-

2121 3278 2241 3332 νεία
2287 3278 2396 3349 γάρ
2429 3279 2564 3331 ἐστι.
2605 3277 2704 3330 Διά
2748 3277 2910 3330 τοῦτο
2948 3279 3040 3332 τὸν
3095 3280 3195 3349 μὲν
3246 3282 3457 3352 ὑψηλὸν
3486 3281 3709 3340 ἅπαντες

2124 3360 2478 3431 ἐπαινοῦμεν,
2509 3361 2636 3413 ὅταν
2680 3359 2809 3431 περὶ⁸
2857 3361 3051 3415 ἑαυτοῦ
3078 3366 3315 3419 ταπεινὰ
3340 3366 3476 3439 λέγῃ
3499 3382 3512 3394 ·
3550 3365 3635 3418 τὸν
3659 3364 3712 3416 δὲ

2122 3446 2377 3502 ταπεινὸν
2426 3445 2601 3509 οὐδεὶς
2653 3444 3022 3513 ἐπαινέσεται,
3053 3448 3107 3500 εἴ
3152 3451 3289 3502 ποτέ
3319 3467 3373 3503 τι
3406 3451 3549 3521 μέγα
3592 3448 3708 3517 περὶ

2125 3528 2321 3585 ἑαυτοῦ
2370 3528 2706 3581 εἴποι.”Ωστε
2752 3530 2801 3581 εἰ
2847 3529 3027 3601 πολλῷ
3067 3532 3498 3605 καταδεέστερος
3532 3529 3597 3604 ἦν
3622 3531 3707 3585 τοῦ

2125 3613 2339 3684 Πατρὸς
2375 3614 2404 3665 ὁ
2446 3612 2570 3674 Υἱὸς
2597 3652 2611 3673 ,
2651 3611 2727 3675 ὼς
2775 3612 2933 3681 ὑμεῖς
2973 3630 3151 3681 φατε,
3189 3617 3296 3670 οὑκ
3343 3617 3452 3670 ἔδει
3499 3620 3708 3688 ῥήματα

2125 3699 2288 3754 αὑτὸν
2308 3697 2506 3766 λέγειν,
2532 3696 2599 3749 δι’
2612 3692 2684 3748 ὧν
2711 3697 2921 3750 ἐδείκνυ
2943 3697 3019 3766 τῷ
3048 3705 3406 3771 γεγεννηκότι
3440 3703 3552 3754 ἴσον
3589 3702 3705 3753 δντα

2128 3781 2322 3836 ἑαυτόν
2348 3798 2361 3810 ·
2404 3778 2691 3843 ἀλαζονεία
2717 3780 2826 3850 γάρ
2850 3779 3010 3833 τοῦτο
3036 3778 3103 3853 ἦν
3124 3798 3137 3812 ·
3158 3783 3220 3837 τὸ
3252 3785 3440 3855 μέντοι
3463 3786 3572 3838 ἴσον
3589 3784 3707 3837 ὄντα

2126 3867 2221 3920 τοῦ
2263 3865 2656 3935 γεγεννηκότος
2697 3864 2876 3932 λέγειν
2915 3865 3038 3919 τινὰ
3082 3868 3320 3921 ταπεινά
3362 3868 3455 3921 καὶ
3503 3867 3699 3935 εὐτελῆ,

2126 3949 2352 4020 οὐδεμία
2384 3947 2756 4020 μὲμψις,ούδὲ
2779 3949 2927 4002 αἰτία
2960 3966 2974 3978 ·
3004 3950 3223 4015 ἔπαινος
3262 3952 3371 4022 γάρ
3414 3951 3567 4005 τοῦτό
3599 3951 3704 4002 ἐστι

2129 4033 2222 4087 καὶ
2252 4030 2438 4103 θαῦμα
2479 4032 2754 4101 μέγιστον.
2791 4032 2902 4086 Καὶ
2935 4032 3021 4085 ἵνα
3051 4034 3367 4106 σαφέστερα
3404 4034 3618 4104 γένηται
3641 4030 3705 4086 τὰ

2129 4115 2418 4188 εἰρημένα,
2450 4116 2545 4168 καὶ
2575 4114 2787 4186 μάθητε
2817 4116 3020 4179 πάντες
3048 4117 3234 4187 ὑμεῖς,
3259 4121 3345 4172 ὅτι
3369 4120 3430 4172 οὑ
3457 4130 3702 4172 καταστο·

2130 4199 2413 4271 χαζόμεθα
2446 4197 2554 4252 τῶν
2586 4198 2744 4251 θείων
2782 4199 2820 4251 Γ
2828 4199 3036 4269 ραφῶν,
3067 4200 3201 4271 φέρε
3237 4201 3304 4272 δὴ
3337 4203 3446 4255 τῶν
3489 4198 3699 4272 εἰρημέ-

2132 4301 2239 4337 νων
2258 4282 2448 4335 αίτιῶν
2470 4281 2676 4335 τούτων
2698 4283 2797 4352 τὴν
2821 4282 3043 4355 πρώτην
3071 4284 3577 4357 μεταχειρισώμεθα
3594 4280 3699 4341 νῦν,

2132 4368 2229 4423 καὶ
2257 4366 2521 4437 δείξωμεν
2552 4366 2654 4421 ποῦ
2688 4366 2776 4421 διά
2805 4366 2902 4439 τὴν
2930 4368 3028 4437 τῆς
3063 4370 3267 4440 σαρκὸς
3295 4367 3580 4441 περιϐολὴν
3604 4381 3699 4435 φα-

2133 4451 2303 4524 νερῶς
2333 4450 2733 4521 καταδεέστερα
2769 4451 2868 4521 τῆς
2913 4452 3102 4515 οὐσίας
3136 4453 3236 4524 τῆς
3276 4452 3469 4508 ἑαυτοῦ
3496 4454 3699 4523 ῥήματα

2134 4536 2431 4603 φθέγγεται
2453 4550 2468 4566 ο
2499 4534 2613 4591 καὶ.
2648 4534 2696 4585 εί
2732 4533 2900 4592 δοκεῖ.
2929 4534 3027 4605 τὴν
3054 4537 3222 4609 εὐχὴν
3252 4537 3421 4608 αὑτὴν
3448 4537 3525 4598 είς
3551 4533 3697 4604 μέσον

2134 4620 2455 4689 ἀγάγωμεν,
2497 4618 2565 4688 ἦν
2597 4616 2798 4689 ηὑξατο
2846 4617 2924 4688 τῷ
2967 4620 3162 4690 Πατρί.
3214 4621 3375 4674 Ἀλλά
3422 4618 3695 4691 προσέχετε

2139 4703 2277 4774 μετά
2308 4701 2596 4772 ἀκριϐείας
2616 4702 2746 4770 ἡμῖν
2767 4716 2779 4728 ·
2803 4701 2998 4773 μικρὸν
3014 4703 3123 4774 γὰρ
3142 4703 3349 4758 ἀνωθεν
3371 4705 3497 4774 ὑμῖν
3523 4701 3579 4756 τὸ
3599 4701 3696 4752 πᾶν

2134 4785 2495 4858 διηγήσασθαι
2548 4782 2826 4855 βούλομαι.
2862 4788 3087 4839 Δεῖπνον
3132 4788 3349 4856 ἐγένετό
3395 4803 3521 4841 ποτε
3567 4782 3692 4838 κατά

2136 4870 2234 4941 τὴν
2261 4868 2412 4940 ἱεράν
2441 4866 2611 4921 νύκτα
2634 4867 2872 4938 ἐκείνην,
2905 4870 3024 4922 καθ’
3054 4870 3121 4940 ἢν
3151 4871 3529 4943 παραδίδοσθαι
3553 4864 3694 4936 ἐμελ-

2137 4952 2257 5006 λενο
2300 4950 2450 5021 ἱερὰν
2502 4950 2611 5022 γὰρ
2646 4951 2816 5022 αὑτὴν
2854 4951 2965 5021 ἐγὼ
3006 4954 3178 5021 καλῶ,
3211 4954 3398 5025 ἐπειδὴ
3430 4953 3496 5006 τά
3537 4947 3691 5021 μυρία

2138 5035 2339 5103 ἀγαθά,
2371 5033 2408 5088 ἂ
2441 5034 2581 5088 κατὰ
2614 5034 2712 5104 τὴν
2752 5037 3082 5108 οἰκουμένην
3127 5040 3369 5107 ἐγένετο.
3402 5036 3498 5107 τὴν
3532 5031 3692 5102 ἀρχὴν

2138 5117 2348 5171 ἐκεῖθεν
2382 5118 2676 5189 ἐλάμϐανε.
2708 5116 2861 5191 [508]
2902 5120 3036 5173 Τότε
3059 5122 3238 5175 τοίνυν
3264 5125 3354 5177 καὶ
3386 5124 3415 5174 ὁ
3446 5115 3690 5188 προδότης

2142 5202 2279 5271 μετά
2307 5200 2416 5254 τῶν
2452 5200 2643 5255 ἕνδεκα
2669 5201 2914 5255 ἀνέκειτο
2945 5204 3224 5275 μαθητῶν,
3248 5205 3341 5260 καὶ
3361 5198 3687 5258 δειπνούντων

2139 5284 2337 5349 αὐτῶν,
2361 5285 2525 5355 φησὶν
2543 5285 2571 5336 ό
2594 5284 2850 5354 Χριστὸς,
2874 5280 2980 5352 Εἷς
2998 5287 3070 5352 ἐξ
3095 5288 3259 5356 ὑμῶν
3274 5282 3687 5356 παραδώσειμεέ

2139 5368 2356 5422 Τούτων
2381 5367 2753 5441 μνημονεύετέ
2782 5388 2872 5439 μοι
2901 5370 3011 5423 τῶν
3045 5355 3327 5443 ῥημάτων,
3352 5373 3433 5423 ἴνα
3463 5368 3579 5421 ὅταν
3592 5355 3684 5443 γὲπὶ

2140 5454 2238 5524 τὴν
2260 5451 2424 5522 εὐχὴν
2446 5452 2709 5522 ἔλθωμεν,
2736 5453 2937 5524 ἴδωμεν
2961 5442 3326 5519 τίνοςηὲνεγεν
3358 5452 3519 5512 οὕτως
3550 5442 3682 5514 εὔχεο

2140 5552 2249 5590 ται.
2274 5537 2383 5590 Καὶ
2401 5537 2592 5591 σκόπει
2616 5554 2715 5608 μοι
2728 5537 3058 5610 κηδεμονίαν
3087 5541 3387 5594 Δεσπότου·
3413 5535 3504 5589 οὐκ
3528 5525 3678 5589 sima

2201 5699 2231 5765 ὶξ
2258 5699 2393 5765 υιιιιε
2418 5707 2471 5749 el.
2491 5700 2599 5765 $37.
2625 5701 2811 5765 habent
2838 5703 3091 5765 ἀγέννητον
3130 5706 3386 5754 ὑπόστασιν
3408 5696 3479 5747 καὶ
3500 5691 3676 5755 μείζοναρ

2144 5764 2231 5813 sed
2257 5764 2337 5812 alii
2357 5775 2531 5810 omnes
2562 5763 2812 5821 ἀγέννητον
2835 5763 3015 5814 οὖσίαν.

2215 5827 2235 5854 ⁸
2277 5825 2373 5875 Alii
2405 5825 2689 5885 ἐμφαίνεται.
