3918 6402
214 416 317 472 761

214 536 434 589 testam.
461 531 534 588 Ut
579 531 721 587 enim
751 531 795 585 si
824 527 1035 599 quando
1057 541 1304 598 "mgnum
1334 524 1457 595 quid
1486 534 1539 577 et
1584 521 1811 576 sublime

221 625 638 693 pronunciasset
689 622 968 688 Christus,
1025 619 1220 674 offendi
1275 618 1421 680 illos,
1481 612 1807 685 perturbari,

220 718 458 783 resilire,
490 716 800 779 conviciari,
831 728 893 769 ac
922 712 1163 781 refugere
1185 709 1406 774 vidistis,
1436 708 1508 762 ita
1535 708 1578 761 si
1598 705 1811 774 quando

221 808 351 877 quid
382 807 587 862 humile
619 805 984 876 abjectumqne
1013 803 1252 864 dixisset,
1276 802 1570 853 accurrisse
1592 796 1731 861 illos,
1758 804 1813 848 et

222 899 528 954 doctrinam
582 897 863 952 admisisse
909 896 1146 949 conabor
1191 891 1497 947 ostendere.
1545 889 1621 943 illi
1668 888 1808 941 enim

224 994 330 1063 ipsi
354 993 444 1062 qui
476 990 801 1053 resiliebant,
826 1004 947 1043 cum
976 1003 1160 1042 rursus
1181 987 1415 1040 diceret:
1449 983 1492 1036 Α
1518 983 1705 1049 meipso
1729 985 1811 1050 ru-

224 1086 305 1138 rio
325 1083 458 1137 nihil
474 1125 490 1146 ,
516 1083 605 1137 sed
628 1084 755 1135 sicut
783 1081 951 1134 docuit
977 1096 1055 1132 me
1089 1078 1239 1132 Pater
1264 1094 1401 1131 meus
1429 1077 1605 1147 loquor
1633 1074 1811 1147 (Joan.

226 1176 260 1229 8
326 1174 443 1242 28),
489 1173 667 1227 statim
696 1180 1077 1235 accnrrerunt,
1109 1178 1161 1223 et
1200 1184 1320 1223 cum
1377 1166 1612 1221 indicare
1656 1164 1815 1219 vellet

229 1265 563 1334 Evangelista
590 1273 807 1333 propter
836 1261 1120 1315 verborum
1147 1260 1495 1312 humilitatem
1546 1256 1663 1310 illos
1691 1269 1813 1309 cre-

225 1358 463 1420 didisse,
505 1355 752 1410 indicium
781 1352 1027 1421 adjunxit
1051 1352 1268 1412 dicens,
1307 1348 1430 1403 Haec
1458 1348 1547 1401 illo
1581 1348 1813 1415 loquente

225 1449 374 1502 multi
398 1447 717 1501 crediderunt
742 1447 795 1498 in
822 1460 939 1499 eum
967 1443 1071 1514 (Ib.
1094 1459 1142 1496 υ.
1173 1442 1266 1510 50)
1288 1458 1301 1494 :
1330 1451 1489 1510 atque
1509 1439 1627 1493 aliis
1648 1438 1812 1509 pluri-

225 1542 328 1594 bus
354 1541 407 1592 in
435 1539 565 1592 locis
618 1539 689 1591 ita
738 1537 980 1591 evenisse
1009 1534 1432 1603 comperiemus:
1480 1531 1600 1585 ideo
1651 1529 1813 1583 multa

224 1645 374 1699 stupe
413 1629 721 1683 humanitus
750 1627 1083 1697 loquebatur,
1113 1634 1166 1677 et
1192 1638 1378 1678 rursus
1422 1638 1529 1675 non
1574 1620 1818 1674 humani-

224 1732 333 1785 tus,
363 1721 456 1775 sed
487 1730 543 1774 ut
573 1721 734 1774 Deum
756 1716 1003 1782 decebat,
1030 1725 1187 1786 atque
1212 1714 1375 1784 ipsiua
1429 1712 1675 1766 nobilitas
1698 1711 1813 1765 exi-

221 1811 403 1879 gebat:
421 1825 541 1864 cum
565 1821 622 1863 ut
639 1808 940 1863 auditorum
965 1804 1306 1862 imbecillitati
1329 1819 1390 1857 se
1415 1810 1812 1872 attemperart-t.

222 1915 341 1956 tum
384 1911 440 1956 ιιι
468 1901 772 1969 dogntatnm
802 1898 1094 1953 sinceritati
1141 1897 1461 1967 provideret.
1494 1894 1704 1949 Etenim
1748 1911 1815 1947 ne

223 1994 395 2058 forte,
429 1994 472 2046 si
522 2006 735 2060 semper
766 1991 835 2045 ita
866 2004 926 2044 se
969 1989 1486 2058 demitteret,quam
1531 1986 1601 2041 de
1649 1986 1816 2054 ipsius

220 2087 484 2156 dignitate
510 2083 716 2153 concipi
746 2099 840 2153 par
865 2090 948 2137 est
966 2124 981 2147 ,
1011 2081 1147 2150 apud
1177 2089 1418 2157 posteros
1444 2078 1628 2149 opinio
1648 2078 1813 2133 hede-

221 2185 396 2239 retur,
430 2190 496 2228 ne
517 2174 663 2231 illam
683 2172 899 2243 quidem
942 2179 1145 2241 partem
1177 2172 1440 2240 neglexit,
1472 2170 1564 2225 sed
1605 2170 1813 2224 tametsi

222 2271 340 2322 ture
379 2265 705 2336 praevidebat
726 2306 742 2332 ,
774 2273 833 2318 ut.
860 2264 1079 2319 minime
1105 2264 1205 2319 sibi
1234 2263 1686 2333 obtemperarent,
1716 2262 1812 2316 sed

219 2357 649 2411 conviciarentur
699 2370 764 2411 ac
804 2356 1100 2419 resilirent,
1149 2356 1282 2411 dixit
1332 2365 1532 2419 tamen,
1581 2370 1702 2410 cum
1759 2364 1817 2409 ut

220 2447 355 2501 illud
404 2447 545 2517 quod
585 2446 836 2502 indicavit
882 2447 1272 2513 constitueret,
1319 2455 1432 2502 tum
1490 2458 1551 2501 ut
1592 2461 1808 2502 causam

218 2538 495 2607 aperiret,
523 2538 593 2593 ob
612 2553 770 2608 quain
800 2539 902 2593 illis
927 2546 983 2593 et
1011 2537 1231 2592 humilia
1259 2538 1420 2593 verba
1456 2539 1812 2594 commiscuit:

222 2628 340 2683 hzec
393 2627 644 2682 nimirum
696 2636 844 2695 erat,
886 2629 1027 2699 quod
1074 2629 1341 2684 dictorum
1396 2630 1812 2700 magnitudinem

219 2738 419 2793 capere
448 2722 686 2777 nondum
713 2732 949 2792 possent.
977 2721 1046 2777 Et
1066 2737 1195 2779 sane
1221 2723 1323 2778 nisi
1360 2724 1462 2779 hoc
1489 2724 1815 2779 constituere

219 2814 274 2868 in
328 2812 511 2868 animo
558 2812 850 2878 habuisset,
875 2828 1331 2882 supervacaneum
1361 2812 1550 2869 fuisset
1592 2815 1816 2886 dogma-

220 2915 335 2960 tum
365 2905 676 2961 sublimium
705 2904 999 2960 doctrinam
1029 2905 1134 2959 illis
1160 2921 1458 2976 proponere
1478 2946 1493 2970 ,
1524 2906 1615 2975 qui
1642 2923 1815 2978 neque

218 3016 381 3056 aures
425 2999 664 3070 praebere
688 3040 705 3068 ,
729 3014 901 3071 neque
924 3000 1162 3054 animum
1192 2999 1448 3055 adhibere
1479 3000 1810 3055 voluissent:

214 3093 330 3161 jam
352 3107 484 3147 vero
509 3091 719 3147 tametsi
741 3092 964 3147 minime
990 3091 1100 3147 illis
1126 3091 1440 3161 prodesset,
1471 3106 1573 3147 nos
1596 3093 1810 3160 quidem

215 3188 370 3238 certe
416 3181 731 3250 erudiebat,
756 3191 899 3238 etut
939 3183 1277 3238 convenienti
1321 3183 1573 3253 opinione
1617 3183 1685 3238 de
1720 3182 1814 3237 illo

219 3273 590 3330 lmbueremur
617 3273 915 3340 efﬁciebat;
938 3274 1175 3345 illudque
1193 3273 1546 3345 persuadebat
1571 3274 1625 3329 in
1653 3289 1812 3329 causa

216 3369 410 3432 fuisse,
429 3379 487 3423 ιιι
501 3368 570 3423 ad
587 3376 785 3422 tantam
802 3367 1150 3423 humilitatem
1169 3366 1461 3423 orationem
1487 3366 1812 3435 traduceret,

214 3461 363 3533 quod
410 3460 751 3517 sublimitatis
806 3475 991 3516 eorum
1043 3475 1163 3529 qua:
1213 3459 1527 3516 dicebantur
1576 3459 1812 3516 nondum

217 3568 449 3623 capaces
468 3561 667 3609 essent.
690 3551 823 3607 Cum
850 3553 1008 3622 igitur
1033 3566 1153 3607 eum
1179 3551 1377 3607 videris
1401 3551 1621 3607 humilia
1644 3552 1811 3622 loqui,

218 3659 289 3698 ne
309 3642 377 3699 ad
404 3644 655 3699 essentia:
683 3643 940 3699 vilitatem
960 3684 976 3710 ,
1007 3642 1103 3697 sed
1143 3642 1209 3696 ad
1252 3642 1668 3699 imbecillitatem
1715 3660 1810 3698 au-

220 3735 455 3791 ditorum
485 3735 659 3803 ipsum
684 3748 803 3789 sese
830 3744 1186 3801 attemperare
1212 3743 1358 3803 puta.
1392 3733 1564 3789 Vultis
1607 3742 1662 3789 et
1707 3743 1813 3790 ter-

226 3828 354 3883 tiam
398 3843 613 3883 causam
642 3828 900 3884 atteram?
926 3829 1042 3884 Non
1082 3829 1225 3885 enim
1254 3837 1459 3883 tantum
1488 3828 1557 3883 ob
1596 3843 1811 3885 carnem

224 3935 329 3991 qua
394 3922 751 3977 circumdatus
806 3930 952 3987 erat,
1007 3937 1180 3992 neque
1238 3921 1307 3977 ob
1358 3921 1660 3977 auditorum
1714 3922 1816 3976 im-

223 4012 598 4077 becillitatem,
625 4014 719 4069 sed
757 4012 900 4083 quod
952 4014 1221 4069 auditores
1277 4014 1471 4071 docere
1511 4016 1706 4082 vellet,
1757 4025 1813 4070 nt

224 4103 404 4157 animo
448 4103 687 4158 demisso
716 4113 772 4159 et
808 4104 995 4159 humili
1036 4113 1246 4169 essent,
1268 4105 1437 4160 multa
1466 4106 1740 4161 humiliter
1757 4115 1811 4161 et

222 4194 388 4261 gessit
426 4201 484 4248 et
533 4182 702 4250 dixit:
727 4204 887 4265 atque
939 4194 1053 4249 haec
1095 4194 1252 4250 tertia
1281 4210 1465 4251 rursus
1507 4204 1590 4251 est
1626 4210 1804 4251 causa.

223 4283 356 4338 Nam
385 4284 475 4355 qui
503 4285 775 4341 humiliter
798 4287 999 4341 sentire
1025 4286 1181 4341 docet
1199 4327 1215 4352 ,
1242 4300 1350 4341 non
1372 4286 1549 4342 verbis
1580 4297 1804 4353 tantum,

225 4374 316 4429 sed
355 4383 411 4429 et.
455 4375 608 4430 factis
646 4376 711 4430 ad
756 4376 863 4432 hoc
904 4392 1003 4431 nos
1038 4377 1244 4441 erudit,
1271 4391 1519 4432 sermone
1565 4376 1725 4433 simul
1756 4390 1806 4434 et

227 4480 387 4536 opere
408 4466 726 4521 modestiam
746 4483 856 4537 prae
881 4483 942 4523 se
962 4469 1160 4523 ferens.
1195 4468 1388 4523 Discite
1412 4468 1553 4523 enim
1574 4512 1591 4537 ,
1615 4470 1803 4539 inquit,

227 4574 258 4611 α
282 4574 382 4624 me,
408 4559 528 4630 quia
553 4560 690 4614 mitis
717 4577 829 4614 sum
849 4570 896 4615 et
916 4559 1122 4615 humilis
1145 4560 1298 4615 corde
1326 4559 1539 4632 (Matth.
1572 4563 1657 4617 11.
1686 4561 1803 4629 ‘29),

228 4659 279 4706 et
302 4650 433 4704 alibi
452 4665 636 4706 rursus
655 4691 669 4716 ,
698 4651 863 4706 Filius
892 4652 1109 4706 hominis
1134 4669 1236 4705 non
1263 4652 1395 4706 venit
1418 4664 1471 4705 ut
1491 4654 1805 4707 ministrare-

229 4754 306 4797 ων
351 4743 429 4809 ei,
482 4745 571 4799 sed
624 4754 681 4798 ut
715 4745 1022 4799 ministraret
1063 4743 1174 4814 (Id.
1204 4745 1294 4800 20.
1351 4744 1468 4815 ΞΒ).
1527 4746 1668 4815 Ergo
1717 4744 1806 4815 qui

228 4836 450 4891 docebat
474 4851 571 4893 nos
589 4880 604 4904 ,
635 4846 694 4893 ιιι
730 4837 961 4893 humiles
991 4836 1242 4895 ﬁeremus
1266 4879 1281 4904 ,
1312 4853 1485 4909 neque
1515 4838 1805 4907 principem

230 4931 399 4985 locum
449 4945 671 5002 usquam
715 4946 1133 5001 occuparemus,
1167 4932 1262 4987 sed
1292 4931 1574 4987 inferiores
1613 4931 1807 5001 ubique

229 5022 431 5078 censeri
458 5024 694 5079 contenti
718 5038 991 5090 essemus,
1021 5039 1084 5079 ac
1112 5025 1291 5080 verbis
1317 5024 1578 5096 factisque
1617 5038 1716 5078 nos
1739 5025 1805 5078 ad

232 5115 326 5168 hoc
374 5113 663 5181 incitabat,
695 5115 745 5170 ei
791 5115 977 5170 multae
1028 5115 1380 5186 suppetebant
1432 5116 1704 5172 humiliter
1731 5116 1810 5170 lo-

229 5207 416 5278 quendi
444 5208 772 5263 occasiones.
801 5208 951 5264 Licet
975 5217 1029 5264 ct
1057 5216 1298 5278 quartam
1326 5208 1566 5279 proferre
1591 5222 1807 5263 causam

231 5299 389 5355 nihilo
415 5299 721 5355 inferiorem
761 5299 970 5355 allatis:
997 5313 1241 5370 quaenam
1286 5309 1370 5355 est
1407 5300 1496 5355 illa
1550 5299 1808 5354 tandem?

230 5389 301 5447 Ne
326 5388 462 5446 forte
487 5398 710 5460 propter
738 5406 985 5462 magnam
1012 5398 1065 5446 et
1094 5391 1409 5446 immensam
1437 5390 1804 5463 hypostasium

232 5480 667 5551 propinquitatem
703 5496 802 5537 nos
832 5482 884 5535 in
913 5481 1069 5536 unius
1104 5495 1347 5552 persona:
1374 5482 1680 5551 opinionem
1720 5481 1806 5536 in-

230 5566 552 5621 cideremus:
576 5566 674 5620 etsi
691 5566 835 5622 enim
859 5582 981 5622 raro
994 5567 1096 5622 tale
1115 5565 1242 5636 quid
1254 5566 1467 5627 dixerit,
1487 5566 1596 5635 jam
1622 5567 1674 5620 in
1689 5582 1807 5621 eam

234 5659 457 5715 nonnulli
486 5658 717 5729 prolapsi
751 5673 876 5714 sunt
914 5659 1261 5729 impietatem.
1291 5657 1555 5716 Sabellius
1593 5658 1806 5728 quidem

230 5760 365 5809 certe
391 5751 518 5807 Afer
534 5767 654 5807 cum
676 5752 942 5809 dicentem
970 5753 1237 5822 audisset,
1269 5753 1378 5825 Ego
1404 5763 1449 5807 et
1469 5753 1628 5809 Pater
1651 5770 1810 5808 unum

230 5863 388 5902 sumus
434 5847 611 5920 (Joau.
659 5846 745 5902 10.
792 5847 905 5918 30),
939 5856 1027 5916 et,
1070 5846 1188 5902 vidit
1229 5865 1322 5913 me,
1375 5847 1475 5916 Qui
1523 5848 1644 5903 vidit
1693 5847 1807 5904 Pa-

1045 414 1136 470 DE
1173 404 1821 470 CONSUBSTANTIALI,
1863 403 2133 462 CONTRA
2176 404 2549 463 ANOMCEOS.
2594 404 2706 461 VII.

3405 408 3527 464 ππ.

1918 526 2041 572 trem
2069 518 2247 590 (locu.
2286 520 2369 574 Η.
2403 519 2480 582 9),
2524 535 2589 575 ex
2624 521 2725 575 hac
2758 521 3042 577 verborum
3078 523 3510 594 propinquitate,

1921 626 2022 680 qua
2073 610 2139 665 ad
2185 612 2491 682 genitorem
2531 613 2789 668 accedere
2837 612 3133 675 videbatur,
3179 614 3527 670 occasionem

1925 702 2213 772 impietatis
2261 703 2517 773 arripuit,
2548 704 2617 757 ita
2669 714 2725 759 ut
2754 719 2914 759 unam
2963 718 3083 760 esse
3132 720 3413 774 personam
3462 712 3537 762 et:

1926 794 2254 864 hypostasim
2276 809 2435 848 unam
2457 804 2719 850 censeret.
2745 796 2926 866 Neque
2948 811 3077 851 vero
3096 797 3225 852 sola:
3246 805 3372 852 sunt
3397 797 3515 853 ista

1920 899 2118 948 causae,
2151 884 2246 939 sed
2270 901 2337 940 ne
2365 885 2485 955 quis
2514 902 2636 940 eum
2682 886 2907 956 primam
2939 887 3082 941 illam
3121 898 3175 943 et
3219 889 3511 959 ingenitam

1922 994 2042 1033 esse
2065 979 2415 1033 substantiam
2438 981 2803 1048 arbitraretur,
2833 992 2926 1036 aut
2952 983 3209 1054 majorem
3234 999 3332 1040 suo
3349 985 3517 1055 ipsius

1921 1068 2162 1137 genitore
2191 1079 2475 1124 censeret:
2506 1086 2626 1123 nam
2657 1082 2712 1124 et
2746 1072 2847 1126 hoc
2878 1072 3049 1142 ipsum
3095 1074 3336 1131 timuisse
3381 1077 3516 1131 Pau-

1924 1159 2034 1213 lum
2062 1170 2317 1230 apparet,
2351 1177 2418 1216 ne
2444 1161 2562 1231 quis
2608 1161 2745 1217 forte
2796 1162 2899 1218 hoc
2940 1164 3158 1233 impium
3188 1181 3521 1237 pravumque

1922 1251 2116 1322 dogma
2166 1255 2550 1321 suspicaretur.
2599 1253 2759 1310 Certe
2814 1271 2936 1311 cum
2992 1256 3241 1312 dixisset:
3300 1257 3537 1330 Oportet.

1921 1346 2056 1399 enim
2093 1346 2238 1400 illum
2266 1364 2508 1417 regnare,
2538 1348 2698 1401 donec
2725 1358 2879 1417 ponat
2904 1351 3136 1405 inimicos
3179 1352 3268 1405 sub
3308 1351 3518 1420 pedibus

1881 1448 1892 1460 '
1922 1435 1968 1507 (ι
1987 1479 2001 1494 .
2026 1437 2143 1493 Cor.
2173 1440 2259 1493 15.
2284 1439 2374 1495 25.
2404 1450 2449 1493 et
2476 1438 2569 1511 27)
2597 1459 2609 1493 :
2640 1451 2694 1496 et
2722 1440 3048 1508 addidisset,
3084 1444 3271 1499 Omnia
3308 1445 3541 1518 subjecit'

1923 1529 2013 1582 sub
2058 1529 2269 1600 pedibus
2296 1533 2440 1602 ejus,
2472 1532 2742 1600 adiunxit,
2781 1532 2983 1589 Prwter
3002 1552 3148 1602 eum,
3177 1540 3265 1608 qui
3309 1539 3535 1608 subjecit

1922 1622 2000 1675 illi
2019 1623 2191 1676 omnia
2212 1639 2230 1676 :
2258 1638 2361 1677 non
2394 1625 2578 1695 utique
2611 1625 2992 1694 adjuncturus,
3027 1629 3127 1683 nisi
3156 1629 3424 1686 timuisset
3452 1646 3525 1685 ne

1920 1729 2019 1782 qua
2052 1713 2190 1768 forte
2217 1714 2475 1770 diabolica
2523 1715 2643 1769 talis
2692 1718 2952 1771 sententia
2999 1719 3318 1774 exoriretur.
3361 1719 3518 1791 Stepe

1920 1820 2130 1873 quoque
2159 1805 2286 1859 dum
2321 1804 2636 1861 Iudaeorum
2666 1807 2917 1862 invidiam
2944 1808 3103 1873 lenit,
3134 1810 3202 1865 de
3231 1810 3518 1866 verbon

1920 1897 2246 1953 sublimitate
2303 1899 2547 1954 nonnihil
2607 1899 2868 1965 remittit,
2923 1910 2979 1955 ut
3030 1916 3216 1957 eorum
3257 1904 3346 1973 qtti
3397 1918 3521 1958 cum

1922 1991 2038 2059 ipso
2074 1992 2591 2055 sermocinabamur,
2620 1993 2909 2071 susPicioni
2937 1994 3227 2050 satisfaciat
3262 2014 3275 2050 :
3310 2005 3367 2052 ut
3396 2013 3518 2052 cum

1920 2081 1994 2133 ait
2022 2099 2035 2134 :
2068 2080 2130 2135 Si
2171 2097 2262 2151 ego
2292 2082 2634 2137 testimonium
2678 2083 2911 2151 perhibeo
2941 2085 3004 2138 de
3047 2086 3267 2158 meipso,
3293 2089 3516 2143 testimoo

1921 2174 2063 2227 nium
2083 2191 2248 2228 meum
2265 2191 2367 2230 non
2388 2184 2461 2229 est
2486 2191 2657 2231 verttm
2677 2175 2857 2246 (Joan.
2882 2176 2934 2232 5.
2960 2175 3073 2249 3i).
3097 2177 3231 2241 Nam
3259 2189 3316 2236 ut
3331 2197 3517 2237 eorum

1920 2265 2279 2334 suspicionem
2331 2267 2635 2335 refelleret,
2664 2268 2735 2322 ita
2778 2266 2912 2324 dixit
2951 2287 2964 2323 :
3020 2286 3195 2341 neque
3240 2272 3384 2328 enim
3414 2276 3528 2329 hoc

1919 2372 2105 2413 verum
2136 2374 2241 2414 non
2268 2375 2387 2415 esse
2416 2360 2582 2415 voluit
2623 2360 2858 2416 indicare
2878 2404 2892 2427 ,
2922 2362 3047 2431 quin
3072 2364 3248 2431 potius
3267 2407 3283 2430 ,
3318 2375 3372 2419 ut
3421 2380 3521 2421 vos

1921 2450 2251 2505 arbitramini
2301 2462 2357 2506 et
2406 2451 2784 2521 suspieamini,
2817 2452 3021 2523 inquit,
3051 2469 3176 2509 cum
3221 2470 3310 2511 me
3337 2456 3521 2511 nolitis

1922 2542 2159 2612 recipere
2185 2542 2254 2598 de
2282 2559 2368 2599 me
2392 2544 2509 2613 ipso
2534 2543 2695 2599 verba
2719 2542 3025 2599 facientem.

1990 2635 2044 2691 5.
2088 2635 2154 2690 Et
2178 2652 2308 2691 vero
2331 2636 2515 2707 plures
2541 2637 2662 2692 alite
2689 2636 2915 2707 reperiri
2952 2652 3131 2693 causa:
3162 2650 3380 2709 possent
3412 2657 3426 2693 :
3457 2655 3520 2696 ac

1921 2728 2203 2782 verborum
2234 2728 2451 2799 quidem
2495 2727 2812 2783 humilitatis
2852 2730 3046 2784 multas
3086 2731 3242 2786 nobis
3271 2730 3519 2801 proferre

1919 2821 2229 2876 occasiones
2248 2821 2432 2876 liceret
2452 2840 2464 2875 :
2486 2829 2542 2876 at
2567 2829 2625 2876 tu
2649 2820 2957 2892 dogmatum
2977 2820 3346 2878 sublimiorum
3364 2823 3525 2879 aliam

1922 2911 2064 2968 aﬂ‘et’
2076 2913 2641 2984 occasionemprmter
2659 2926 2800 2975 eam,
2827 2926 2987 2983 quam
3015 2911 3276 2970 diximus.
3296 2914 3371 2969 Ea
3398 2929 3527 2969 vero

1920 3002 2052 3067 fuit,
2080 3003 2223 3073 quod
2253 3019 2404 3059 suam
2442 3003 2596 3058 nobis
2627 3003 2787 3058 vellet
2826 3002 3127 3072 patefacere
3153 3004 3479 3061 nobilitatem
3505 3024 3537 3071 ;Δ

1920 3093 2015 3148 sed
2040 3094 2197 3148 aliam
2226 3094 2420 3149 afferre
2458 3095 2657 3148 nullam
2703 3109 2912 3164 posses.
2954 3094 3087 3149 Nam
3119 3097 3163 3151 is
3190 3096 3404 3166 quidem
3430 3101 3541 3171 qui:

1921 3201 2145 3256 magnus
2166 3195 2269 3251 est,
2293 3186 2545 3256 exiguum
2576 3185 2775 3255 aliquid
2802 3186 2997 3256 poterit
3019 3185 3087 3241 de
3115 3201 3175 3242 se
3193 3188 3396 3257 dicere,
3423 3205 3524 3247 nec

1920 3277 2087 3331 ullum
2116 3276 2168 3330 id
2195 3276 2398 3331 crimen
2438 3276 2576 3340 erit,
2609 3276 2872 3348 siquidem
2913 3276 3053 3332 istud
3083 3289 3169 3333 est
3201 3279 3479 3338 tnodestiae
3506 3302 3537 3337 :,

1920 3360 1963 3414 si
1990 3360 2110 3430 quis
2135 3368 2313 3414 autem
2344 3359 2435 3429 qui
2464 3374 2658 3429 parvus
2685 3360 2775 3423 sit,
2805 3370 3056 3429 maguum
3081 3360 3150 3417 de
3170 3376 3230 3418 se
3250 3364 3522 3435 quidpiam

1919 3453 2080 3514 dicat.
2108 3453 2537 3509 criminationem
2566 3469 2673 3509 non
2700 3454 2918 3525 cﬂ'ugiet
2949 3474 2965 3510 :
2990 3465 3073 3512 est
3100 3458 3240 3513 enim
3271 3460 3398 3515 illud
3431 3476 3525 3516 aev-

1919 3547 2213 3615 rogantite:
2246 3555 2572 3615 quapropter
2613 3544 2896 3601 sublimem
2926 3547 3143 3617 quidem
3173 3566 3362 3606 omnes
3403 3553 3522 3607 Ian-

1919 3634 2140 3699 damus,
2177 3650 2299 3692 cum
2344 3635 2565 3690 humilia
2590 3635 2662 3690 de
2703 3651 2764 3691 se
2789 3637 2987 3692 dixerit
3017 3657 3030 3692 :
3065 3638 3319 3695 humilem
3345 3652 3535 3698 autem

1920 3743 2079 3783 nemo
2104 3728 2374 3793 laudabit,
2408 3729 2453 3784 si
2484 3728 2610 3799 quid
2652 3728 2789 3784 forte
2828 3745 3077 3798 magnum
3114 3733 3185 3786 de
3215 3750 3272 3787 se
3300 3734 3517 3790 dixerit.

1921 3820 2103 3890 Itaque
2128 3820 2173 3874 si
2204 3820 2374 3875 multo
2404 3819 2626 3875 inferior
2654 3820 2814 3876 Patre
2845 3820 3012 3875 Filius
3038 3831 3199 3886 esset,
3231 3834 3287 3879 ut
3313 3840 3407 3878 vos
3434 3826 3520 3880 tli-

1920 3914 2060 3978 citis,
2089 3930 2195 3971 non
2224 3914 2556 3984 oportuisset
2580 3928 2702 3968 eum
2725 3914 2886 3969 verba
2916 3915 3157 3985 proloqui
3183 3956 3197 3979 ,
3226 3931 3292 3971 ex
3328 3918 3521 3987 quibus

1920 4008 2091 4076 ipsum
2114 4006 2343 4078 genitori
2370 4021 2469 4061 suo
2495 4007 2756 4076 aequalem
2792 4021 2914 4061 esse
2946 4016 3219 4063 constaret
3247 4026 3260 4062 :
3289 4009 3341 4064 id
3374 4023 3539 4066 θιιξιιιι

1919 4099 2238 4168 arrogantia:
2264 4084 2471 4153 fuisset.
2501 4097 2653 4165 Quod
2681 4108 2857 4153 autem
2889 4099 2932 4152 is
2958 4100 3047 4168 qui
3076 4101 3429 4170 genitorisuo
3450 4103 3537 4158 sit+

1916 4192 2136 4262 mqualis
2155 4232 2170 4256 ,
2201 4191 2421 4246 humilia
2454 4190 2699 4259 qumdam
2727 4199 2782 4245 et
2809 4190 3016 4260 abiecta
3063 4191 3255 4259 dicat,
3277 4195 3406 4249 nulli
3435 4205 3520 4251 est

1916 4283 2202 4336 olmoxium
2254 4282 2696 4350 reprehensioni,
2750 4283 2830 4338 vel
2884 4281 3131 4347 crimini;
3190 4300 3310 4339 cum
3360 4286 3527 4342 laude

1916 4373 2091 4441 potius
2111 4380 2167 4427 et
2188 4373 2424 4427 maxima
2448 4373 2586 4427 istud
2615 4373 2968 4428 admiratione
2987 4375 3058 4429 sit
3078 4374 3317 4446 dignum.
3343 4377 3528 4448 Atque

1911 4477 1969 4522 ut
1994 4465 2358 4521 manifestiora
2389 4467 2534 4527 tiant.
2564 4484 2682 4534 quae
2712 4468 2966 4532 diximus,
2992 4479 3046 4524 et
3086 4470 3394 4543 intelligatis
3420 4488 3521 4529 vos

1912 4575 2120 4625 omnes,
2155 4576 2251 4613 nos
2280 4560 2474 4614 divinis
2505 4576 2611 4613 non
2638 4560 2911 4615 adversari
2934 4560 3244 4630 Scripturis,
3274 4578 3372 4634 age
3403 4565 3516 4633 pri-

1914 4667 2052 4705 mam
2081 4667 2362 4707 causarum
2405 4650 2623 4706 istarum
2647 4693 2661 4715 ,
2686 4667 2820 4722 quas
2848 4654 3121 4707 attulimus
3140 4696 3155 4720 ,
3178 4655 3287 4724 jam
3317 4666 3541 4725 pertra--

1912 4752 2119 4798 ciemus
2138 4786 2151 4807 ,
2184 4751 2238 4797 et
2265 4758 2497 4813 quonam
2528 4743 2579 4797 in
2608 4742 2730 4797 loco
2760 4752 2977 4813 propter
3006 4743 3375 4802 indumentum
3395 4762 3518 4802 emit

1914 4838 1996 4891 nis
2016 4846 2201 4907 aperte
2227 4852 2322 4891 sua
2345 4836 2578 4892 essentia
2604 4835 2862 4893 inferiora
2884 4836 3048 4893 verba
3073 4839 3308 4909 proferat
3328 4850 3516 4895 osten-

1913 4929 2122 4984 damus.
2170 4930 2248 4983 Ac
2286 4929 2329 4983 si
2370 4928 2582 4983 videtur
2620 4927 2919 4984 orationem
2966 4929 3135 5000 ipsam
3186 4930 3239 4984 in
3279 4932 3511 4987 medium

1914 5022 2261 5089 adducamus,
2287 5037 2389 5092 qua
2420 5032 2624 5092 patrem
2654 5022 2846 5077 oravit.
2873 5021 2980 5079 Sed
3001 5022 3280 5090 attendite,
3307 5038 3491 5094 qttzeso
3508 5068 3522 5088 ,

1914 5114 2199 5184 diligenter
2225 5130 2241 5168 ι
2270 5129 2384 5168 rem
2428 5113 2570 5168 enim
2612 5128 2827 5168 omnem
2862 5112 3019 5182 paulo
3046 5113 3205 5167 altius
3234 5115 3515 5184 repetitam

1915 5206 2073 5261 statui
2098 5221 2337 5262 narrare.
2360 5206 2581 5261 Peracta
2602 5214 2683 5261 est
2702 5206 2829 5262 olim
2852 5222 3025 5270 creua,
3047 5222 3199 5261 sacra
3222 5207 3313 5262 illa
3332 5218 3512 5277 nocte,

1915 5316 2016 5368 qua
2044 5298 2339 5354 tradendus
2365 5297 2464 5353 fuit
2491 5315 2506 5353 :
2533 5313 2740 5355 sacram
2772 5299 2913 5353 enim
2944 5298 3090 5354 illam
3121 5300 3353 5370 appello,
3384 5302 3522 5371 quia

1916 5392 2198 5447 innumera
2239 5391 2331 5446 illa
2373 5392 2547 5456 bona,
2577 5406 2699 5461 quae
2740 5392 2797 5445 in
2826 5392 3011 5447 urbem
3042 5400 3306 5446 terrarum
3346 5393 3527 5450 eﬂ‘usa

1916 5494 2041 5538 sunt
2062 5524 2076 5545 ,
2112 5483 2320 5537 initium
2354 5482 2478 5537 inde
2511 5481 2800 5537 duxerunt.
2842 5482 2992 5537 Tunc
3021 5483 3178 5553 igitur
3206 5498 3325 5538 cum
3351 5483 3518 5540 disch-

1916 5575 2054 5643 polis~
2092 5574 2336 5629 undecim
2385 5574 2625 5643 proditor
2654 5573 3038 5637 recumbebat,
3083 5585 3137 5629 et
3181 5576 3521 5634 coenantibus

1914 5666 2020 5720 illis
2048 5665 2122 5719 ait
2146 5665 2411 5732 Christus,
2443 5663 2589 5720 Unus
2616 5680 2683 5718 ea:
2707 5666 2843 5719 vobis
2871 5665 3035 5719 tradet
3060 5681 3139 5719 nte
3168 5664 3395 5738 (ﬂatur.
3423 5668 3515 5724 26.

1913 5757 1979 5812 Ql
2008 5757 2045 5826 ).
2080 5757 2278 5812 llorum
2308 5757 2436 5811 mihi
2469 5772 2736 5813 memores
2755 5766 2929 5813 estote
2954 5756 3239 5814 verborum
3263 5801 3277 5827 ,
3310 5770 3371 5816 ut
3394 5775 3525 5817 cum

1925 5849 1988 5906 ad
2017 5849 2309 5905 orationem
2336 5858 2550 5906 ventum
2575 5849 2750 5917 fuerit,
2778 5864 2880 5922 qua
2908 5848 2973 5906 de
2993 5864 3157 5907 causa
3177 5854 3256 5908 sic
3279 5859 3418 5920 oret,
3436 5853 3518 5908 vi.
