3918 6424
427 398 532 454 783

423 512 664 566 deamus.
698 511 776 565 Ac
814 509 944 564 mihi
985 508 1401 565 sollicitudinem
1444 506 1655 561 Domini
1685 503 1965 559 considera
1997 521 2011 557 :

423 616 528 657 non
553 600 704 667 dixit,
733 599 898 655 Judas
924 615 1011 656 me
1041 599 1248 666 tradet,
1276 613 1343 652 ne
1364 597 1522 652 editis
1558 595 1890 651 evidentibus
1915 593 2021 649 cri-

424 693 585 747 minis
619 691 830 746 indiciis
859 691 1306 762 impndentiorem
1357 689 1503 743 illum
1548 687 1799 742 redderet
1837 702 1852 740 :
1895 702 2016 753 cum

421 794 600 840 autem
632 785 720 840 ille
748 785 1056 840 Stimulante
1095 782 1423 838 conscientia
1465 781 1721 845 dixisset,
1753 779 2018 850 Numquid

421 894 512 949 ego
537 895 679 944 sum,
709 877 967 932 Domine?
990 878 1060 930 ait
1087 877 1193 942 illi,
1216 873 1294 928 Tn
1313 875 1484 929 dixiin
1507 874 1525 945 (
1549 874 1737 928 Matth.
1766 873 1857 928 26.
1883 873 1953 926 25
1975 873 2014 940 ),

421 979 475 1023 et
506 984 572 1023 ne
603 977 713 1022 tum
745 968 960 1038 quidem
999 967 1187 1021 adduci
1229 966 1433 1035 potuit,
1471 975 1529 1020 ut
1555 981 1676 1021 eum
1707 975 2012 1030 accusaret,

421 1059 519 1116 sed
551 1062 724 1129 ipsum
767 1059 994 1114 indicem
1039 1060 1278 1114 criminis
1321 1061 1402 1113 sui
1446 1059 1744 1113 constituit.
1788 1057 2014 1112 Verum-

422 1162 599 1206 tamen
620 1167 686 1207 ne
703 1152 779 1206 sic
799 1151 1012 1221 quidem
1037 1153 1226 1206 melior
1245 1152 1438 1218 evasit,
1463 1151 1556 1205 sed
1578 1168 1698 1205 eum
1720 1150 2015 1219 accepisset

421 1244 714 1299 buccellam
758 1244 942 1300 exivit.
972 1246 1103 1299 Cum
1131 1260 1259 1314 ergo
1300 1244 1519 1298 exiisset
1547 1243 1835 1311 assumptis
1858 1242 2015 1296 Jesus

419 1336 692 1406 discipulis
721 1337 794 1390 ait
817 1378 833 1404 ,
869 1335 1055 1390 Omnes
1094 1351 1181 1388 vos
1221 1335 1517 1390 scandalum
1558 1335 1814 1404 patiemini
1856 1335 1907 1387 in
1937 1350 2016 1387 me

419 1427 598 1496 (Ibid.
654 1445 703 1482 υ.
760 1427 982 1500 51-5-1).
1027 1428 1311 1483 Renitente
1353 1437 1530 1481 autem
1593 1428 1752 1481 Petro
1812 1442 1874 1481 ac
1926 1426 2010 1480 di-

420 1530 577 1575 cente
598 1561 612 1584 ,
649 1519 758 1573 Etsi
787 1537 958 1573 onmes
983 1519 1316 1573 scandalizati
1353 1519 1573 1585 fuerint,
1616 1534 1706 1588 ego
1737 1534 2011 1586 numquam

419 1603 841 1658 scandalizabor:
868 1605 941 1657 ait
968 1617 1153 1657 rursus
1177 1602 1333 1656 Jesus
1367 1620 1379 1654 :
1411 1603 1570 1655 Amen
1596 1602 1706 1655 dico
1733 1602 1842 1668 tibi,
1865 1611 2011 1655 ante-

417 1714 569 1768 quam
593 1698 762 1768 gallus
782 1705 965 1761 cantet,
999 1707 1073 1750 ter
1102 1713 1180 1748 me
1206 1695 1427 1766 negabis.
1456 1694 1587 1748 Cum
1618 1705 1795 1748 autem
1827 1710 2011 1750 rursus

415 1789 828 1855 contradiceret,
856 1787 1108 1856 deinceps
1140 1787 1285 1841 illum
1317 1785 1552 1855 reliquit.
1583 1785 1699 1840 Non
1729 1795 1899 1854 potes,
1930 1787 2012 1840 in-

416 1881 552 1952 quit,
574 1881 755 1936 verbis
778 1880 1106 1950 persuaderi,
1131 1879 1224 1934 sed
1255 1879 1596 1943 contradicis,
1619 1894 1682 1932 ac
1700 1877 1858 1932 rebus
1882 1879 2010 1947 ipsis

415 1973 509 2027 tibi
539 1972 947 2042 persuadebitur
971 1986 1075 2024 non
1107 1985 1226 2024 esse
1259 1971 1483 2025 Domino
1514 1969 2004 2024 contradicendum.

417 2066 590 2134 Atque
631 2063 822 2117 horum
873 2062 1003 2116 mihi
1051 2063 1244 2116 iterum
1300 2075 1570 2116 memores
1612 2069 1783 2116 estote
1819 2061 2009 2116 verbo-

416 2171 533 2209 rum
558 2153 636 2226 (a)
663 2174 674 2208 ε
701 2155 844 2210 utilis
865 2156 1006 2210 enim
1025 2170 1210 2211 eorum
1236 2155 1340 2210 erit
1359 2155 1636 2218 memoria,
1663 2153 1788 2208 dum
1811 2155 2008 2208 oratio-

417 2263 538 2302 ucm
569 2247 1024 2317 perserutabimur
1053 2263 1067 2300 :
1096 2245 1354 2301 indicavit
1380 2246 1728 2317 proditorem,
1760 2245 2008 2315 praedixit

412 2342 650 2394 omnium
681 2341 876 2408 fugant,
905 2349 960 2394 et
984 2350 1212 2395 mortem
1240 2355 1391 2395 suam
1424 2356 1437 2392 :
1474 2339 1788 2403 Percutiam,
1811 2340 2005 2407 inquit,

412 2442 682 2501 pastorem,
716 2444 761 2486 et
797 2432 1147 2503 dispergentur
1184 2431 1473 2501 oves(lbid.
1504 2447 1550 2484 υ.
1582 2432 1674 2499 51)
1697 2449 1709 2484 :
1732 2429 2000 2500 praedixit,

409 2530 498 2600 qui
514 2545 571 2583 se
587 2530 943 2600 abnegaturus
961 2537 1122 2594 esset,
1148 2536 1201 2582 et
1220 2527 1450 2598 quando,
1467 2535 1521 2580 et
1536 2527 1763 2596 quoties,
1778 2534 1832 2580 et
1850 2539 2008 2579 accu-

410 2633 525 2677 rate
538 2621 734 2676 omnia.
752 2623 876 2677 Post
889 2622 1004 2676 htec
1017 2633 1073 2676 ut
1085 2621 1329 2675 idoneam
1341 2618 1690 2690 praescientia:
1704 2617 2005 2672 futurorum

409 2716 594 2770 atl'erat
613 2715 1004 2784 probationem,
1023 2728 1144 2767 cum
1167 2711 1233 2766 ad
1252 2711 1430 2765 villam
1447 2710 1729 2780 quamdam
1749 2708 2003 2774 venisset,

409 2818 525 2863 orat
551 2824 564 2861 :
593 2817 648 2861 et
675 2807 752 2862 illi
779 2806 996 2876 quidem
1026 2802 1318 2858 divinitatis
1343 2803 1638 2856 orationem
1660 2815 1780 2855 esse
1799 2799 2002 2864 dicunt,

409 2919 508 2958 nos
519 2909 698 2958 autem
717 2917 836 2957 esse
852 2900 1078 2955 dicimus
1094 2895 1525 2967 diSpensationis.
1548 2893 1788 2949 Judicate
1805 2894 2002 2962 itaque,

407 3012 468 3052 ac
494 3013 588 3068 per
615 2995 780 3065 ipsius
807 2992 1064 3064 unigeniti
1093 2991 1317 3062 gloriam
1361 2990 1430 3043 ita
1478 2987 1798 3042 sententiam
1829 2984 1964 3039 ferte
1985 3023 2002 3049 ,

408 3098 464 3142 ut
491 3088 621 3142 nihil
663 3087 977 3156 cujusquam
1019 3083 1205 3154 gratia:
1235 3080 1395 3134 detis.
1441 3077 1573 3132 Nam
1621 3075 1833 3131 tametsi
1863 3075 2004 3144 apud

405 3181 605 3234 atnieos
631 3193 849 3233 causam
875 3176 1014 3240 dico,
1053 3187 1241 3244 precor
1273 3181 1449 3224 tamen
1480 3177 1533 3222 et
1562 3168 1808 3230 obsecro,
1835 3174 1894 3220 ut
1919 3165 2002 3220 in-

407 3279 712 3340 corruptum
746 3268 1030 3341 judicium,
1059 3281 1158 3321 nec
1185 3264 1270 3318 vel
1299 3265 1351 3317 in
1371 3261 1594 3331 gratiam
1623 3259 1810 3324 nostri,
1836 3258 1920 3314 vel
1950 3259 2002 3312 in

406 3362 616 3416 illorum
668 3359 854 3414 odium
898 3358 1012 3412 ﬁat.
1057 3355 1346 3411 Enimvero
1385 3368 1455 3406 ex
1483 3351 1586 3406 hoc
1629 3351 1743 3419 ipso
1773 3349 2004 3403 maxime

405 3462 615 3510 constat
634 3453 935 3506 orationem
956 3446 1248 3502 divinitatis
1276 3459 1381 3500 non
1405 3459 1546 3508 esse,
1574 3443 1713 3496 Deus
1733 3441 1876 3496 enim
1895 3455 2001 3493 non

408 3554 523 3602 orat
553 3563 568 3599 :
598 3544 694 3599 Dei
723 3553 806 3598 est
830 3542 1040 3596 adorari
1067 3583 1083 3605 ,
1121 3540 1215 3594 Dei
1245 3547 1329 3594 est
1367 3537 1664 3592 orationem
1692 3535 2000 3604 suscipere,

408 3655 514 3695 non
543 3639 841 3694 orationem
872 3635 1085 3689 offerre.
1111 3635 1359 3688 Attamen
1390 3631 1643 3702 quoniam
1666 3629 2004 3698 impudentes

408 3741 552 3797 sunt,
575 3745 642 3786 ex
672 3730 803 3801 ipsis
825 3725 1085 3782 orationis
1106 3723 1284 3780 verbis
1304 3723 1644 3777 manifestum
1663 3719 1890 3776 reddere
1907 3734 2003 3774 co-

409 3823 673 3889 nabimur,
693 3830 862 3876 totum
886 3817 1015 3872 illud
1035 3815 1448 3886 dispensationis
1469 3829 1609 3879 esse,
1627 3828 1690 3866 ac
1709 3811 2002 3868 secundum

407 3931 625 3972 carnem
651 3910 998 3968 inﬁrmitatis.
1021 3907 1246 3975 Quando
1270 3906 1414 3961 enim
1442 3904 1645 3959 humile
1675 3902 1802 3974 quid
1833 3903 2007 3972 loqui-

410 4021 496 4064 tur
518 4007 796 4069 Christus,
830 4003 909 4057 sic
951 4000 1152 4056 humile
1181 3998 1417 4069 loquitur
1445 4012 1508 4052 ac
1540 3996 1675 4062 vile,
1709 4005 1767 4050 nt
1794 4011 2003 4051 summa

408 4103 671 4156 dictorum
695 4096 963 4152 humilitas
984 4093 1069 4148 vel
1095 4092 1382 4147 admodum
1411 4089 1758 4145 eontentiosis
1785 4103 2006 4158 persua-

410 4199 540 4253 dere
566 4203 748 4266 qneat,
785 4192 875 4246 illa
904 4189 1066 4245 verba
1093 4188 1319 4242 multum
1349 4185 1416 4240 ab
1445 4180 1534 4238 illa
1566 4181 1815 4238 ineffabili
1847 4190 2006 4250 atque

409 4285 752 4344 inenarrabili
793 4282 1024 4338 essentia
1067 4279 1349 4335 dissidere.
1395 4276 1475 4331 Ad
1531 4276 1644 4345 ipsa
1688 4275 1848 4345 igitur
1885 4287 2006 4326 ora-

411 4381 574 4435 tionis
594 4379 754 4434 verba
783 4375 1080 4431 veniamus.
1107 4370 1284 4437 Pater,
1315 4370 1358 4424 si
1388 4369 1622 4440 possibile
1650 4377 1755 4432 est,
1785 4374 2006 4420 transeat

410 4494 440 4528 a
463 4491 540 4527 me
561 4473 698 4526 calix
713 4471 824 4523 iste.
860 4467 1215 4521 Verumtamen
1237 4480 1337 4517 non
1359 4463 1485 4516 sicut
1503 4478 1592 4532 ego
1613 4461 1743 4526 volo,
1769 4461 1858 4515 sed
1877 4461 2006 4514 sicut

413 4578 466 4618 tu
493 4563 654 4634 (Ibid.
687 4557 887 4630 v.59).
935 4555 1033 4612 llic
1073 4557 1232 4626 igitur
1279 4568 1374 4609 eos
1411 4555 1819 4623 interrogemus,
1858 4553 2006 4623 igno-

413 4668 564 4710 ratne
591 4697 604 4712 .
636 4668 759 4705 num
793 4648 1046 4720 possibile
1071 4649 1175 4714 sit,
1205 4654 1295 4700 aut
1333 4645 1664 4716 impossibile
1683 4686 1697 4710 ,
1727 4646 1814 4714 qui
1849 4646 2005 4714 paulo

411 4757 535 4800 ante
552 4747 690 4799 inter
705 4740 1022 4797 coenandum
1045 4739 1276 4803 dicebat,
1300 4737 1444 4792 Unus
1465 4754 1529 4791 ea:
1543 4737 1679 4790 vobis
1700 4736 1862 4790 tradet
1884 4753 1962 4790 me
1984 4737 2005 4788 ἓ

411 4839 501 4908 qui
525 4836 680 4906 paulo
707 4844 830 4888 ante
855 4831 1086 4894 dicebat,
1117 4829 1380 4899 Scriptum
1409 4837 1503 4895 est,
1519 4824 1808 4881 Percutiam
1830 4837 2005 4897 pasto-

412 4948 539 4995 rem,
571 4940 617 4982 et
645 4928 996 4998 dispergentnr
1021 4941 1132 4978 oves
1156 4965 1171 4990 ,
1199 4932 1272 4986 et,
1309 4922 1496 4976 Omnes
1524 4921 1823 4974 scandalum
1849 4921 2007 4990 patie-

413 5022 535 5075 mini
563 5021 617 5074 in
661 5020 776 5073 me?
803 5016 891 5088 qui
935 5016 1095 5070 Petro
1121 5015 1274 5076 dixit,
1308 5012 1395 5066 Me
1420 5012 1648 5083 negabis,
1691 5023 1765 5079 et,
1795 5011 1895 5066 Ter
1929 5029 2008 5067 me

414 5114 614 5186 negabis
644 5129 665 5168 :
693 5102 900 5166 hiccine
920 5123 1102 5178 quaeso
1133 5123 1275 5161 nunc
1301 5105 1543 5175 ignorat?
1569 5105 1696 5170 Quis
1727 5105 1828 5160 hos
1853 5105 2008 5161 dixe-

416 5209 523 5273 rit,
551 5203 941 5275 quantumlibet
968 5202 1250 5255 adversum
1279 5197 1514 5253 sentiat?
1545 5197 1673 5252 Nam
1713 5215 1834 5253 cum
1878 5200 2006 5255 illud

415 5297 627 5368 quidem
653 5337 669 5362 ,
711 5295 852 5366 quod
887 5297 1199 5365 ignoratur,
1233 5291 1360 5345 nulli
1391 5305 1562 5359 neque
1591 5291 1968 5360 prophetarum
1990 5333 2008 5358 ,

417 5397 590 5452 neque
617 5381 951 5451 angelorum,
983 5392 1157 5446 neque
1185 5375 1649 5445 archangelorum,
1683 5389 1866 5430 netum
1895 5376 2010 5432 fue-

421 5475 524 5538 rit,
553 5489 738 5528 ansam
769 5472 999 5540 aliquam
1043 5467 1395 5523 eontentiosis
1443 5465 1669 5521 fortasse
1697 5467 1959 5537 praebebit
1992 5487 2005 5524 :

418 5580 538 5619 cum
560 5576 735 5620 autem
763 5563 889 5618 illud
915 5561 1055 5631 quod
1087 5561 1380 5631 ignoratur,
1411 5559 1481 5613 ita
1511 5559 1715 5614 clarum
1745 5569 1798 5613 et
1821 5560 2008 5628 explo-

423 5668 596 5710 ratum
616 5658 863 5711 omnibus
883 5654 1059 5720 fuerit,
1080 5665 1138 5710 ut
1160 5654 1320 5710 etiam
1349 5652 1592 5708 homines
1612 5663 1858 5708 accurate
1881 5654 2009 5709 illud

427 5747 700 5813 noverint,
731 5764 831 5817 qua
861 5749 1203 5803 excusatione
1223 5789 1238 5814 ,
1269 5762 1372 5818 qua
1402 5747 1558 5800 venia
1595 5746 1738 5816 digni
1775 5747 1967 5802 fuerint
1989 5789 2006 5815 ,

487 5848 562 5908 (a)
585 5846 669 5893 llic
687 5844 822 5896 locus
845 5847 896 5895 in
919 5846 1092 5895 Concil.
1114 5855 1164 5896 Vl
1197 5844 1572 5896 einicumenio
1590 5848 1780 5911 citatur,
1810 5857 1906 5900 Act.
1931 5851 2004 5902 10.

1140 396 1196 452 S.
1231 394 1507 451 JOANNIS
1544 391 2028 449 CllRYSOSTOMI
2069 392 2386 448 ARCHIEP.
2427 392 2966 453 CONSTANTINOP.

3613 403 3711 461 7M

2132 505 2222 574 qui
2244 515 2554 562 asseverant
2569 521 2716 573 eum,
2735 508 2875 578 quod
2899 509 3184 580 ignoraret,
3210 511 3312 566 ista
3329 511 3566 568 dixisse?
3583 515 3718 574 Sane

2127 595 2340 664 quidem
2367 596 2507 651 hunc
2527 597 2593 652 de
2612 614 2720 669 quo
2739 601 2946 669 agimus
2964 615 3265 656 sermonem
3293 604 3307 634 ¹
3333 613 3520 660 exacte
3539 621 3715 665 servos

2127 687 2245 755 ejus
2279 688 2492 744 novisse
2518 689 2716 759 liquet,
2745 702 2799 746 et
2837 708 2930 760 per
2951 708 3165 747 crucem
3207 694 3337 749 illud
3382 698 3713 766 patiendum,

2125 795 2186 832 ac
2233 789 2339 833 tam
2389 782 2571 835 multis
2625 792 2748 837 ante
2785 783 2940 838 almis
2978 783 3167 838 horum
3219 795 3510 857 utrumque
3547 788 3715 845 decla-

2125 885 2250 924 rans
2281 871 2446 924 David
2481 887 2546 924 ex
2577 887 2804 940 persona
2829 871 3024 927 Christi
3056 873 3291 940 dicebat,
3327 874 3589 930 Fuderunt
3610 896 3714 932 ma-

2122 977 2216 1014 nus
2233 978 2388 1026 meas,
2407 974 2452 1016 et
2473 963 2622 1033 pedes
2642 981 2776 1018 meos
2797 963 2965 1036 (Psal.
2983 966 3048 1021 2i
3061 1005 3074 1019 .
3101 967 3164 1020 17
3183 968 3222 1036 ),
3245 979 3301 1021 et
3323 968 3466 1037 quod
3491 970 3710 1024 futurutn

2121 1064 2235 1106 erat
2263 1063 2527 1125 tamquam
2556 1059 2887 1127 prmteritum
2925 1061 3290 1127 annnnciavit,
3330 1063 3434 1118 hoc
3471 1063 3710 1117 nimirum

2123 1145 2388 1211 indicans,
2424 1149 2872 1217 quemadmodum
2905 1149 3018 1205 fieri
3049 1153 3266 1221 nequit,
3298 1163 3440 1207 utea
3469 1170 3587 1224 qua:
3608 1155 3708 1222 jam

2119 1251 2413 1294 evenerunt
2437 1245 2571 1296 facta
2591 1258 2696 1296 non
2719 1241 2917 1298 fuerint
2934 1246 2976 1308 ¹,
2995 1244 3071 1297 sic
3093 1259 3192 1300 nec
3211 1260 3373 1314 posse
3393 1245 3528 1311 fieri,
3549 1256 3602 1300 ut
3617 1248 3711 1302 hoc

2119 1346 2224 1384 non
2247 1333 2471 1387 accidat.
2497 1332 2700 1387 Rursus
2722 1334 2941 1388 llesaias
2977 1334 3078 1389 hoc
3099 1335 3267 1404 ipsmn
3295 1336 3590 1405 praedicens
3609 1338 3710 1392 aie-

2118 1423 2205 1478 bat
2229 1466 2243 1489 ,
2278 1425 2420 1480 Sicut
2446 1429 2550 1480 ovis
2575 1428 2642 1479 ad
2662 1426 2959 1481 occisionem
2983 1428 3163 1481 ductus
3187 1439 3256 1482 est
3281 1469 3298 1492 ,
3323 1439 3372 1482 et
3405 1431 3530 1483 sicut
3557 1447 3707 1500 agnus

2116 1532 2288 1569 coram
2317 1519 2551 1571 tondente
2577 1535 2631 1572 se
2678 1528 2848 1572 mutus
2889 1519 2907 1590 (
2931 1518 3105 1574 Hesai.
3133 1521 3318 1585 55.7).
3355 1521 3506 1576 llunc
3535 1538 3706 1576 rursus

2115 1624 2308 1680 agnum
2335 1626 2564 1666 cernens
2589 1611 2825 1668 Joannes
2851 1613 3006 1680 dixit,
3037 1612 3169 1668 Ecce
3195 1631 3364 1684 agnus
3391 1614 3489 1669 Dei
3513 1619 3595 1685 qui
3613 1618 3703 1670 tol—

2115 1701 2172 1754 lit
2192 1711 2451 1769 peccatum
2479 1703 2658 1757 mundi
2685 1703 2874 1776 (Joan.
2907 1706 2957 1759 1.
2985 1704 3127 1776 29),
3158 1706 3250 1762 ille
3295 1707 3551 1761 nimirum
3581 1724 3703 1778 pne-

2115 1791 2288 1847 dictus
2309 1833 2324 1858 ,
2363 1793 2556 1863 inquit.
2593 1795 2672 1850 Ac
2712 1797 2833 1850 vide
2858 1837 2874 1862 ,
2907 1814 3012 1852 non
3060 1799 3381 1868 simpliciter
3407 1799 3602 1854 dictum
3629 1811 3704 1855 est

2113 1897 2318 1952 agnus,
2349 1883 2444 1939 sed
2479 1887 2718 1941 additum
2763 1899 2880 1954 est,
2915 1889 3028 1944 Dei.
3058 1889 3190 1944 Nam
3222 1892 3476 1961 quoniam
3505 1900 3558 1947 et
3580 1893 3704 1947 alter

2113 1984 2226 2028 erat
2249 1989 2418 2044 agnus
2443 1976 2718 2045 Judaicus,
2751 1988 2808 2034 ut
2840 1979 2981 2036 hunc
3007 1997 3126 2038 esse
3153 1978 3248 2037 Déi
3275 1983 3604 2050 ostenderet,
3631 1985 3702 2038 sic

2113 2065 2360 2135 loquutus
2383 2077 2486 2122 est.
2531 2067 2623 2124 llle
2654 2085 2752 2138 pro
2789 2072 2900 2125 sola
2932 2083 3090 2142 gente
3117 2072 3467 2142 oll'erebatur,
3504 2074 3588 2128 hic
3614 2090 3699 2142 pro

2115 2167 2226 2214 toto
2254 2170 2514 2216 terrarum
2545 2164 2675 2219 orbe
2705 2165 2808 2219 fuit
2845 2166 3057 2220 oblatus
3089 2183 3103 2219 :
3132 2179 3298 2236 atque
3327 2167 3470 2222 illius
3499 2167 3697 2237 quidem

2112 2251 2328 2320 sanguis
2355 2255 2688 2324 corporalem
2732 2257 2938 2327 plagam
2980 2257 3253 2327 prohibuit
3289 2275 3319 2311 a
3349 2257 3578 2323 Judaeis,
3607 2257 3699 2312 hu-

2108 2344 2200 2413 jus
2229 2361 2356 2400 vero
2397 2349 2613 2417 sanguis
2658 2351 3025 2419 purgationem
3069 2351 3184 2406 orbi
3222 2351 3402 2406 attulit
3441 2351 3694 2406 universo.

2112 2437 2180 2491 Et
2211 2453 2338 2493 vero
2369 2438 2457 2494 hic
2490 2442 2740 2510 sanguis,
2769 2441 2974 2497 Judaici
3000 2483 3014 2508 ,
3048 2443 3266 2513 inquam
3289 2486 3305 2510 ,
3332 2445 3490 2514 agni,
3514 2459 3612 2498 non
3635 2461 3692 2499 ex

2110 2541 2206 2580 sua
2247 2529 2420 2598 potuit
2458 2541 2680 2597 natura,
2713 2532 2856 2602 quod
2893 2534 3101 2604 potuit,
3129 2536 3226 2592 sed
3261 2537 3516 2608 quoniam
3551 2536 3693 2606 hujus

2109 2627 2226 2673 erat
2253 2619 2439 2689 figura,
2472 2622 2578 2676 vim
2604 2621 2748 2677 illam
2775 2623 3024 2679 obtinuit.

2180 2710 2234 2764 6.
2270 2711 2368 2766 Ubi
2395 2726 2517 2767 sunt
2549 2714 2705 2784 igitur
2732 2715 2826 2781 illi,
2856 2719 2942 2786 qui
2970 2717 3181 2784 dicunt,
3213 2729 3271 2774 et
3305 2719 3396 2773 ille
3422 2718 3585 2773 Filius
3611 2716 3690 2771 di-

2109 2802 2271 2868 citur,
2299 2813 2352 2858 et
2373 2821 2472 2860 nos
2495 2806 2610 2874 lilii,
2634 2817 2686 2861 et
2711 2808 2782 2863 ob
2807 2808 2944 2862 hanc
2970 2811 3350 2880 appellationis
3369 2811 3686 2866 communio-

2109 2909 2232 2948 nem
2258 2894 2323 2948 ad
2358 2907 2591 2951 nostram
2625 2897 2646 2928 ³
2672 2908 2935 2953 conantur
2979 2916 3102 2955 eum
3142 2901 3378 2971 dejicere
3417 2901 3688 2957 vilitatem?

2110 2987 2251 3042 Ecce
2279 3003 2511 3059 namque
2547 3006 2750 3060 agnus,
2793 3000 2848 3047 et
2874 3008 3072 3063 agnus,
3113 3004 3276 3064 atque
3303 3012 3465 3050 unum
3494 2994 3684 3064 quidem

2109 3088 2194 3134 est
2223 3095 2440 3146 nomen,
2470 3083 2744 3154 utriusque
2771 3100 2896 3139 vero
2926 3097 3130 3141 natura:
3159 3087 3450 3142 discrimen
3482 3088 3686 3141 innuen-

2108 3187 2247 3227 sum.
2277 3173 2351 3230 Ut
2376 3191 2504 3245 ergo
2525 3189 2647 3230 eum
2671 3177 3040 3246 appellationis
3067 3179 3174 3234 illic
3197 3181 3354 3235 audis
3375 3179 3688 3235 communio-

2108 3278 2263 3331 nem,
2307 3265 2441 3320 nihil
2483 3266 2692 3335 aequale
2727 3278 2908 3324 mente
2943 3269 3216 3339 concipis:
3254 3271 3326 3325 ita
3366 3271 3603 3325 nimirum
3639 3276 3686 3322 et

2109 3354 2226 3420 hic,
2260 3355 2386 3411 dum
2425 3356 2588 3412 filium
2623 3359 2776 3412 audis
2814 3368 2868 3414 et
2906 3359 3102 3424 filium,
3142 3361 3248 3414 noli
3279 3361 3598 3429 unigenitum
3624 3356 3685 3411 ad

2108 3446 2362 3502 vilitatem
2395 3458 2537 3502 tuam
2567 3449 2886 3519 deprimere.
2917 3451 3056 3517 Quid
3087 3467 3212 3506 vero
3239 3452 3314 3507 de
3335 3452 3502 3507 servis
3521 3449 3685 3505 dicen-

2109 3539 2234 3592 dum
2263 3541 2384 3596 est?
2410 3541 2466 3596 Si
2501 3543 2647 3596 enim
2686 3543 2982 3598 divinitatis
3011 3545 3080 3600 sit
3115 3545 3325 3611 oratio,
3370 3559 3546 3600 secum
3583 3541 3684 3610 ipse

2108 3647 2346 3700 pugnare
2374 3632 2660 3698 videbitur,
2685 3635 2891 3705 sibique
2913 3635 3303 3700 contradicere,
3332 3647 3384 3690 et
3409 3631 3679 3689 adversari.

2109 3721 2214 3775 lste
2243 3722 2384 3776 enim
2425 3723 2515 3794 qui
2559 3723 2662 3779 hoc
2704 3725 2825 3780 loco
2865 3725 3024 3792 dixit,
3075 3726 3232 3780 Pater
3259 3729 3306 3782 si
3334 3725 3560 3798 possibile
3584 3730 3679 3788 est,

2110 3823 2331 3868 transeat
2355 3831 2387 3868 α
2413 3831 2492 3868 me
2520 3816 2656 3870 calix
2682 3817 2775 3871 iste
2803 3817 2821 3886 (
2843 3817 3029 3871 Matth.
3059 3818 3149 3873 26.
3183 3819 3275 3888 59)
3307 3837 3320 3873 :
3350 3818 3541 3889 quique
3562 3828 3678 3868 cun-

2108 3915 2303 3967 ctatur,
2331 3922 2396 3961 ac
2418 3905 2614 3977 refugit
2645 3908 2968 3977 passionem,
2992 3909 3115 3962 alibi
3143 3923 3264 3963 cum
3291 3909 3513 3964 dixisset
3538 3918 3680 3975 opor-

2111 4007 2227 4052 tere
2255 3997 2418 4052 lilium
2460 3998 2693 4054 hommis
2731 3999 2902 4064 tradi,
2939 4008 2994 4054 et
3027 3999 3248 4071 flagellis
3278 3999 3442 4063 caedi,
3472 4007 3679 4064 cumque

2106 4093 2329 4149 Petrum
2353 4096 2624 4150 dicentem
2651 4095 2938 4151 audiisset.
2977 4094 3248 4162 Propitius
3285 4096 3384 4148 tibi
3410 4103 3539 4156 esto,
3573 4089 3674 4142 Do-

2107 4188 2280 4240 mine:
2311 4204 2410 4240 non
2436 4188 2538 4240 erit
2569 4187 2664 4240 tibi
2692 4187 2810 4250 hoc,
2849 4187 2924 4241 ita
2948 4181 3308 4242 vehementer
3335 4187 3485 4240 illum
3513 4186 3676 4238 inere-

2108 4277 2276 4346 pavit,
2305 4285 2363 4329 ut
2391 4276 2630 4331 diceret:
2680 4275 2820 4331 Vade
2844 4284 2962 4345 post
2991 4293 3092 4341 me,
3123 4275 3354 4341 Satana,
3383 4276 3676 4330 scandalum

2105 4387 2161 4423 es
2191 4369 2355 4432 mihi;
2388 4369 2514 4438 quia
2540 4386 2644 4423 non
2665 4371 2808 4438 sapis
2832 4386 2916 4432 ea,
2942 4385 3059 4438 qum
3085 4368 3179 4422 Dei
3199 4383 3347 4430 sunt,
3377 4367 3466 4424 sed
3487 4382 3547 4420 ea
3570 4378 3676 4433 quae

2107 4460 2380 4516 hominum
2414 4459 2609 4534 (Marc.
2637 4462 2688 4517 8.
2711 4462 2802 4528 5'5;
2830 4461 3026 4517 Matth.
3061 4462 3151 4516 16.
3182 4465 3274 4516 22.
3307 4464 3440 4531 23):
3477 4451 3674 4514 tametsi

2111 4549 2268 4617 paulo
2292 4557 2416 4603 ante
2443 4548 2616 4618 ipsum
2644 4548 2986 4617 laudaverat,
3016 4551 3340 4620 beatumque
3367 4545 3673 4619 praedicam,

2112 4638 2461 4694 nihilominus
2489 4639 2742 4695 Satanam
2769 4657 2890 4695 eum
2922 4643 3152 4706 vocavit,
3187 4659 3291 4696 non
3319 4639 3456 4712 quod
3481 4643 3674 4706 aposto-

2115 4733 2220 4786 lum
2255 4733 2546 4802 ignominia
2584 4734 2743 4788 vellet
2772 4733 2986 4790 afficere
3008 4778 3020 4798 ,
3067 4735 3158 4792 sed
3187 4737 3327 4805 quod
3361 4735 3459 4787 hoc
3499 4727 3674 4800 probro

2111 4834 2333 4894 cuperet
2363 4823 2623 4888 indicare,
2652 4841 2759 4879 non
2785 4841 2850 4880 ex
2881 4826 3045 4880 animi
3073 4826 3190 4895 ejus
3211 4825 3468 4882 sententia
3495 4819 3672 4872 dictum

2114 4915 2240 4969 illud
2271 4916 2534 4984 prolatum
2563 4915 2757 4979 fuisse,
2794 4916 2888 4971 sed
2912 4917 3046 4972 adeo
3074 4919 3340 4984 alienum,
3371 4927 3425 4970 ut
3450 4912 3532 4984 qui
3562 4903 3674 4962 illud

2116 5006 2416 5076 protulerit,
2451 5007 2576 5061 licet
2604 5009 2790 5062 Petrus
2819 5018 2982 5075 esset,
3011 5009 3263 5065 Satanam
3292 5026 3392 5064 non
3417 5004 3671 5061 dubitave-

2114 5100 2185 5153 rit
2207 5099 2498 5168 appellare.
2523 5099 2661 5153 Alibi
2686 5114 2871 5154 rursus
2899 5101 2992 5165 ait,
3026 5099 3291 5156 Desiderio
3314 5093 3574 5154 desideravi
3593 5089 3674 5141 hoc

2117 5192 2322 5247 Pascha
2347 5193 2655 5246 manducare
2683 5193 2935 5248 vobiscum
2976 5193 3141 5264 (Luc.
3171 5196 3260 5250 22.
3289 5192 3404 5265 15).
3436 5190 3587 5257 Qualll
3612 5179 3672 5233 οι)

2115 5298 2331 5337 causam
2374 5284 2468 5336 hoc
2510 5282 2714 5337 Pascha
2740 5284 2906 5339 dicit?
2946 5286 3158 5340 tametsi
3187 5288 3294 5341 alio
3321 5296 3518 5356 quoque
3552 5286 3672 5328 tem-

2118 5390 2248 5444 pore
2288 5377 2481 5430 festum
2521 5375 2660 5430 istud
2701 5391 2821 5430 cum
2865 5378 2992 5446 ipsis
3029 5380 3270 5448 peregit:
3303 5389 3452 5448 quam
3482 5365 3669 5422 tandem

2116 5468 2186 5522 ob
2211 5467 2467 5522 causam?
2504 5468 2767 5534 Quoniam
2813 5468 2943 5523 illud
2985 5479 3273 5538 sequutura
3311 5483 3432 5525 crux
3463 5466 3585 5517 erat.
3614 5451 3672 5506 Et

2117 5577 2302 5616 rursus
2321 5603 2336 5628 ,
2369 5559 2526 5613 Pater
2557 5561 2786 5631 clari/ica
2813 5560 3008 5615 Filiam
3038 5573 3207 5629 tuum,
3237 5574 3290 5617 ut
3319 5572 3363 5618 et
3395 5554 3548 5612 Filius
3570 5557 3670 5600 tuus

2182 5672 2196 5703 ί
2236 5677 2362 5731 Mss.,
2389 5679 2522 5720 Nunc
2546 5671 2608 5722 de
2631 5683 2776 5722 cruce
2797 5685 2888 5734 ago
2911 5685 3194 5724 semionem.

2179 5734 2199 5798 ξ
2234 5734 2305 5798 Sic
2325 5721 2496 5798 omnes
2513 5721 2691 5798 praeter
2711 5721 2855 5798 litorei
2867 5721 2928 5798 in
2941 5721 3057 5798 ’qu’d
3068 5721 3175 5788 nisi
3184 5721 3398 5787 clausula
3420 5723 3573 5798 mum?
3586 5721 3664 5798 ff"

2118 5795 2202 5906 de:
2216 5795 2306 5907 stie
2321 5794 2486 5845 Morel.
2503 5791 2553 5846 et
2569 5795 2730 5857 savil.;
2755 5797 2844 5846 sed
2864 5797 2912 5846 in
2930 5791 3041 5849 M'ss.
3063 5812 3192 5862 pene
3215 5800 3445 5853 omnibus,
3461 5791 3662 5839 nostram.

2186 5869 2213 5905 e
2265 5889 2277 5904 .
