3918 6368
156 417 242 472 ται,
838 390 843 395 ’
918 409 1008 466 DE
1045 405 1714 471 CONSUBSTANTIALI,
1753 405 2034 462 CONTRA
2064 408 2454 469 ANoumos.
2498 412 2617 469 vn.

152 530 262 587 ὅτιὸ
290 525 481 590 Ἰούδας
525 522 842 597 παραδώσει
874 534 899 564 ι
942 540 1033 595 με,
1069 522 1213 577 ὥστε
1254 520 1332 593 μὴ
1365 522 1431 592 τῇ
1472 536 1706 590 περιφα-

151 613 253 677 νείᾳ.
271 611 371 664 τῶν
394 609 627 680 ἐλέγχων
651 608 1137 679 ἀναισχυντότερον
1157 606 1322 661 αὑτὸν
1343 603 1712 675 ἐργάσασθαι·

152 702 215 761 ὡς
237 695 288 749 δὲ
310 695 510 756 ἐκεῖνος
549 690 655 745 ὑπὸ
689 690 786 744 τοῦ
827 689 1130 754 συνειδότος
1161 687 1521 760 κεντούμενός
1552 702 1707 757 φησι,

153 774 234 842 Μή
261 795 312 832 τι
341 775 453 846 ἐγώ
475 777 611 844 είμι,
641 775 855 843 Κύριε;
878 772 1043 843 λέγει
1077 770 1259 839 αὐτῷ,
1284 772 1369 826 Σὺ
1392 768 1600 837 εἴπας·
1619 769 1713 823 καὶ

152 863 252 914 οὐδὲ
295 859 411 913 τότε
457 856 619 912 αὐτοῦ
658 860 1034 929 κατηγορῆσαι
1070 856 1331 925 ἠνέσχετο
1359 894 1373 919 ,
1408 854 1522 907 ἀλλ’
1551 852 1713 906 αὐτὸν

151 942 317 998 ἑαυτοῦ
338 942 663 1012 κατέστησεν
688 939 908 1010 ἔλεγχον
928 957 941 969 ·
958 939 1072 993 ἀλλ’
1095 941 1244 1009 ὅμως
1260 938 1381 991 οὐδὲ
1408 937 1581 1000 οὕτως
1594 934 1717 1004 ἐγέ-

152 1044 252 1082 νετο
274 1024 490 1096 βελτίων
504 1064 519 1087 ,
540 1022 675 1077 ἀλλά
703 1022 883 1078 λαϐὼν
906 1023 968 1077 τὸ
985 1022 1196 1093 ψωμίον
1234 1020 1479 1091 ἐξῆλθεν.
1495 1018 1714 1091 Ἐπειδὴ

151 1112 308 1166 τοίνυν
334 1108 547 1179 ἐξῆλθε,
569 1105 751 1161 λαϐὼν
783 1109 812 1161 6
858 1105 1067 1177 Ἰησοῦς
1106 1107 1233 1169 τοὺς
1277 1103 1527 1177 μαθητάς
1553 1119 1710 1175 φησιο

152 1194 354 1259 Πάντες
379 1191 550 1261 ὑμεῖς
576 1188 1193 1255 σκανδαλισθήσεσθε
1219 1188 1289 1240 ἐν
1304 1188 1437 1256 ἐμοί
1454 1203 1468 1216 ο
1484 1184 1582 1240 τοῦ
1610 1185 1717 1238 Πέ-

151 1294 262 1349 τρου
301 1276 355 1328 δὲ
393 1274 764 1343 ἀντιλέγοντος
796 1273 824 1313 b
854 1272 952 1326 καὶ¹
999 1270 1249 1339 λέγοντος
1268 1309 1283 1334 ,
1314 1267 1443 1324 Κᾶν
1492 1267 1717 1333 πάντες

153 1358 791 1425 σκανδαλισθήσωνται,
814 1356 953 1410 ἀλλ’
975 1353 1092 1423 ἐγὼ
1127 1352 1415 1408 οὐδέποτε
1455 1351 1718 1406 σκανδα-

152 1443 517 1512 λισθήσομαι,
566 1439 732 1494 πάλιν
764 1441 794 1493 6
840 1437 1052 1509 Ἰησοῦς
1098 1453 1300 1508 φησιν,
1346 1434 1528 1506 Ἀμὴν
1561 1434 1718 1506 λέγω

154 1543 254 1591 σοι,
275 1526 414 1593 πρὶν
440 1524 741 1592 ἀλέκτορα
764 1519 1066 1592 φωνῆσαι,
1102 1519 1232 1589 τρὶς
1264 1516 1590 1587 ἀπαρνήσῃ
1615 1535 1713 1588 με.

162 1609 236 1673 Ὠς
277 1608 332 1661 δὲ
381 1607 544 1661 πάλιν
594 1605 918 1675 ἀντέλεγεν,
963 1605 1147 1659 είασεν
1189 1602 1353 1656 αὐτὸν
1392 1601 1600 1657 λοιπόν.
1639 1600 1716 1654 O6

155 1691 315 1764 πείθῃ,
344 1692 496 1762 φησὶ,
520 1690 611 1745 διὰ
644 1688 756 1743 τῶν
784 1687 1069 1760 ῥημάτων,
1088 1685 1203 1740 ἀλλ’
1218 1683 1525 1753 ἀντιλέγεις
1545 1700 1560 1714 ο
1598 1701 1719 1738 πει-

156 1775 304 1846 σθήσῃ
332 1774 419 1827 διὰ
438 1774 549 1827 τῶν
576 1772 923 1844 πραγμάτων
954 1770 1154 1835 αὐτῶν,
1180 1770 1265 1824 ὃτι
1300 1769 1545 1842 Δεσπότῃ
1570 1768 1720 1822 ἀντι-

157 1858 311 1926 λέγειν
332 1856 392 1909 ού
421 1858 553 1928 χρή.
582 1856 695 1911 Καὶ
719 1854 924 1910 τούτων
957 1872 1046 1927 μοι
1077 1852 1359 1926 μέμνησθε
1396 1851 1505 1906 τῶν
1541 1848 1722 1922 ῥημά-

158 1958 248 1995 των
273 1940 428 1995 πάλιν
460 1958 473 1970 ·
504 1943 776 2011 χρήσιμος
807 1938 915 2010 γὰρ
946 1936 1127 1992 αὐτῶν
1154 1939 1286 2008 ἡμῖν
1323 1937 1357 2007 ἠ
1388 1936 1577 2006 μνήμη
1620 1936 1720 2006 τὴν

158 2023 297 2096 εύγὴν
320 2022 666 2089 ἐξετάζουσιν
686 2023 858 2076 ἔσται.
882 2017 1017 2075 Εἷπε
1052 2020 1142 2074 τὸν
1174 2018 1459 2090 προδότην,
1491 2021 1722 2089 προεῖπε

156 2106 239 2178 τὴν
259 2108 467 2160 πάντων
511 2106 724 2178 φυγὴν,
754 2105 850 2159 καὶ
895 2104 987 2158 τὸν
1025 2102 1192 2157 αὑτοῦ
1245 2101 1471 2155 θάνατον
1493 2117 1507 2130 ·
1536 2099 1724 2155 Πατά-

159 2190 254 2254 ξω,
286 2191 433 2261 φησὶ,
476 2191 587 2244 τὸν
633 2188 919 2258 ποιμένα,
965 2185 1067 2241 καὶ
1104 2182 1723 2252 διασκορπισθήσεται

156 2275 217 2328 τὰ
245 2275 498 2343 πρόϐατα
536 2289 552 2303 ⁶
601 2275 833 2346 προεῖπε
882 2270 974 2325 τὸν
1025 2270 1290 2343 μέλλοντα
1342 2267 1507 2321 αὐτὸν
1556 2268 1726 2340 ἀρνή-

159 2356 347 2421 σασθαι,
372 2358 466 2411 καί
505 2357 640 2411 πότε
675 2356 772 2410 καὶ
810 2355 1065 2420 ποσάκις,
1106 2356 1201 2409 καὶ
1249 2354 1389 2427 μετά
1439 2351 1726 2425 ἀκριϐείας

161 2439 367 2504 ἅπαντα.
402 2440 513 2494 Καὶ
561 2439 698 2511 μετά
744 2438 919 2493 ταῦτα
967 2438 1148 2493 πάντα
1192 2437 1382 2509 ἱκανὴν
1415 2434 1580 2490 αὑτοῦ
1627 2434 1726 2505 τῆς

161 2523 487 2594 προγνώσεως
541 2523 653 2577 τῶν
701 2522 1008 2594 μελλόντων
1057 2520 1333 2588 ἀπόδειξιν
1379 2520 1526 2584 δοὺς,
1555 2517 1726 2572 ἐλθὼν

162 2605 240 2659 ἐπί
261 2623 312 2659 τι
335 2608 534 2678 χωρίον
569 2605 790 2678 εὔχεται
812 2623 826 2639 ·
857 2606 953 2661 καὶ
996 2606 1193 2659 ἐκεῖνοι
1219 2603 1317 2675 μὲν
1345 2603 1619 2673 λέγουσιν,
1644 2601 1727 2655 ὅτι

161 2689 238 2760 τῆς
259 2688 500 2761 θεότητός
525 2690 679 2743 ἐστιν
708 2691 742 2761 ἡ
773 2689 932 2760 εὐχὴ,
957 2690 1120 2761 ἡμεῖς
1145 2687 1203 2742 δὲ
1231 2687 1488 2757 λέγομεν,
1510 2687 1595 2740 ὃτι
1627 2683 1728 2755 τῆς

162 2772 456 2844 οἰκονομίας.
488 2774 766 2827 Δικάσατε
797 2772 1002 2838 τοίνυν,
1021 2771 1119 2826 καὶ
1147 2770 1286 2843 πρὸς
1315 2769 1487 2839 αὐτῆς
1514 2769 1614 2840 τῆς
1632 2766 1728 2822 τοῦ

163 2856 466 2926 Μονογενοῦς
496 2856 663 2928 δόξης
718 2856 911 2928 μηδενὶ
952 2855 1362 2927 κεχαρισμένην
1405 2855 1507 2926 τὴν
1548 2853 1729 2924 ψῆφον

165 2939 412 3011 ἐνέγκητε.
450 2942 515 2995 El
551 2940 658 3011 γάρ
702 2939 800 2993 κα)⁸
829 2941 888 2993 ἐν
925 2939 1099 3009 φίλοις
1142 2937 1435 3009 δικάζομαι
1464 2936 1581 3002 νῦν,
1612 2935 1728 2990 ἀλλ’

165 3023 394 3077 ἀντιϐολῶ
417 3024 514 3079 καλ⁵
538 3024 752 3093 δέομαι,
784 3022 1080 3077 ἀδέκαστον
1108 3020 1362 3091 γενέσθαι
1390 3019 1491 3091 τὴν
1524 3018 1728 3090 κρίσιν,

165 3108 243 3160 καὶ
272 3109 398 3179 μήτε
433 3107 581 3180 πρὸς
621 3107 760 3179 ἐμὴν
783 3107 964 3178 χάριν,
1010 3107 1146 3176 μήτε
1180 3104 1318 3177 πρὸς
1359 3103 1583 3158 ἐκείνων
1624 3103 1729 3156 ἀπ-

167 3185 368 3262 έχθειαν.
405 3193 664 3247 Μάλιστα
690 3192 786 3261 μὲν
808 3191 917 3261 γὰρ
951 3191 1046 3244 καὶ
1073 3189 1297 3243 αὐτόθεν
1324 3189 1500 3260 δῆλον,
1529 3188 1613 3241 ὅτι
1631 3187 1731 3239 οὐκ

168 3274 261 3327 ἐστι
288 3277 381 3347 τῆς
431 3274 758 3345 θεότητοςή
804 3274 974 3344 εὐχή·
1007 3272 1141 3337 Θεὸς
1186 3271 1294 3342 γὰρ
1337 3272 1438 3325 οὐκ
1484 3270 1728 3341 εῦχεται,

166 3356 276 3410 Θεοῦ
296 3358 399 3431 γὰρ
422 3357 482 3412 τὸ
512 3356 947 3437 προσκυνεῖσθαί
974 3358 1093 3410 ἐστι
1115 3374 1131 3390 ’
1161 3355 1298 3409 Θεοῦ
1319 3355 1379 3408 τὸ
1404 3355 1567 3425 εὐχὴν
1581 3354 1733 3423 δέχε-

169 3440 290 3506 σθαι,
311 3442 369 3495 06
398 3441 460 3496 τὸ
481 3440 656 3512 εὐχὴν
689 3439 980 3513 ἀναφέρειν
1002 3458 1016 3471 ·
1044 3438 1159 3493 ἀλλ’
1180 3440 1330 3510 ὅμως
1365 3437 1552 3509 ἐπειδὴ
1580 3439 1734 3490 ἀναι-

170 3524 474 3594 σχυντοῦσιν,
515 3526 618 3578 ἀπ’
643 3523 822 3579 αὐτῶν
859 3524 968 3578 τῶν
993 3524 1258 3595 ῥημάτων
1283 3523 1383 3594 τῆς
1414 3523 1579 3594 εὐχῆς
1604 3523 1732 3594 ὑμῖν

168 3607 362 3679 ποιῆσαι
399 3608 743 3680 πειράσομαι
781 3606 1037 3680 φανερὸν,
1060 3608 1142 3661 ὅτι
1173 3607 1233 3660 τὸ
1256 3607 1375 3660 ὅλον
1400 3607 1501 3677 τῆς
1526 3609 1734 3660 οίκονο-

172 3689 278 3758 μίας
300 3692 431 3759 ἐστὶ,
461 3691 569 3746 καὶ
588 3691 690 3760 τῆς
721 3691 864 3745 κατά
899 3689 997 3761 τὴν
1021 3691 1202 3761 σάρκα
1231 3689 1536 3753 ἀσθενείας.
1566 3690 1735 3744 Ὅταν

169 3771 259 3844 γὰρ
280 3772 584 3846 φθέγγηταί
605 3790 658 3826 τι
675 3772 930 3827 ταπεινὸν
949 3775 978 3826 6
1000 3773 1254 3843 Χριστὸς,
1273 3771 1418 3827 οὕτω
1439 3771 1735 3842 φθέγγεται

169 3858 386 3911 ταπεινὸν
404 3857 499 3912 καὶ
515 3856 756 3922 εὐτελὲς,
779 3856 855 3921 ώς
869 3856 968 3929 τὴν
987 3855 1291 3929 ὑπερϐολὴν
1310 3856 1409 3927 τῆς
1423 3855 1738 3927 ταπεινότη-

170 3952 244 4002 τος
262 3938 357 3995 τῶν
367 3938 681 4012 λεγομένων
704 3944 798 3993 καὶ
818 3940 945 4003 τοὺς
971 3938 1175 4010 σφόδρα
1194 3937 1629 4009 φιλονεικοῦντας
1645 3938 1738 3990 δυ-

170 4021 370 4094 νηθῆναι
387 4023 701 4087 πεῖσαι,δτι
721 4023 856 4077 πολὺ
881 4026 978 4094 τῆς
999 4023 1312 4094 ἀπορρήτου
1337 4024 1430 4076 καὶ
1456 4022 1735 4093 ἀφράστου

170 4106 331 4171 οὐσίας
357 4109 580 4181 ἐκείνης
604 4106 885 4162 ἀποδεῖτά
906 4117 928 4145 θ
951 4107 1191 4178 ῥήματα.
1218 4107 1420 4177 ’Ἴωμεν
1445 4104 1623 4159 τοίνυν
1650 4105 1737 4158 ἐπ’

170 4189 287 4244 αὐτὰ
304 4191 368 4246 τὰ
389 4194 616 4265 ῥήματα
637 4191 736 4261 τῆς
765 4189 929 4260 εύχῆς
946 4206 959 4220 ·
978 4188 1191 4259 Πάτερ,
1218 4191 1273 4244 εί
1293 4188 1576 4255 δυνατὸν,
1591 4205 1737 4257 παρ-

170 4275 361 4328 ελθέτω
406 4276 507 4330 ἀπ’
547 4274 696 4344 ἐμοῦ
748 4272 816 4327 τὸ
865 4271 1153 4341 ποτήριον
1183 4271 1393 4327 τοῦτο’
1425 4271 1596 4341 πλὴν
1622 4274 1736 4342 οὐχ

171 4355 239 4423 ὡς
253 4358 358 4423 ἐγὼ
370 4360 548 4426 θέλω,
563 4359 698 4413 ἀλλ’
711 4358 792 4424 ὠς
811 4357 913 4411 σύ.
928 4357 1325 4429 Ἐρωτήσωμεν
1341 4355 1521 4409 τοίνυν
1539 4355 1737 4420 αὐτοὺς

173 4438 380 4494 ἐνταῦθα
401 4458 415 4471 ο
437 4441 644 4510 ἀγνοεῖ,
674 4440 783 4493 εἴτε
809 4439 1054 4505 δυνατὸν,
1078 4441 1186 4492 εἴτε
1206 4438 1266 4491 o6
1299 4438 1545 4505 δυνατὸν,
1569 4440 1598 4492 6
1631 4439 1739 4509 πρὸ

179 4523 350 4594 μικροῦ
374 4525 547 4593 λέγων
573 4525 632 4577 ὲν
660 4521 738 4593 τῷ
757 4522 978 4594 δείπνῳ,
995 4517 1098 4588 Εἷς
1124 4521 1193 4586 ἐξ
1212 4520 1380 4591 ὑμῶν
1398 4521 1738 4590 παραδώσει

171 4622 263 4672 με;
282 4609 317 4680 ,ὁ
346 4607 451 4680 πρὸ
476 4604 680 4679 μικροῦ
712 4605 908 4674 λέγων,
949 4604 1286 4674 Γέγραπται
1304 4645 1318 4671 ,
1353 4604 1603 4669 Πατάξω
1632 4603 1738 4658 τὸν

176 4674 427 4757 ποιμένα,
448 4674 548 4745 καὶ
565 4674 603 4742 δ
605 4687 1186 4758 ιασκορπισθήσεται
1205 4688 1281 4743 τὰ
1298 4690 1563 4756 πρόϐατα
1582 4704 1595 4717 ο
1620 4688 1735 4752 καὶ,

180 4768 250 4822 ὅτι
272 4771 414 4845 [509]
433 4772 667 4837 Πάντες
680 4770 852 4841 ὑμεῖς
871 4770 1486 4840 σκανδαλισθήσεσθε
1499 4771 1568 4825 ὲν
1584 4771 1735 4841 ἐμοί·

173 4853 277 4924 ὁτῷ
292 4856 477 4927 Πέτρῳ
508 4853 798 4920 εἰπὼν,ὃτι
824 4853 1089 4922 Ἀρνήσῃ
1111 4870 1208 4923 με,
1236 4855 1350 4920 καὶ,
1385 4854 1639 4925 Ἆρνήσῃ
1661 4872 1741 4925 με

177 4936 314 5003 τρίς·
338 4931 493 5002 οὗτος
523 4939 711 5007 ἀγνοεῖ
736 4936 857 5000 νῦν,
890 4936 1013 4989 είπέ
1060 4952 1151 5007 μοι
1179 4953 1195 5001 ;
1226 4937 1338 4991 Καὶ
1372 4942 1456 5000 τίς
1487 4936 1554 4992 ἂν
1580 4936 1740 4991 τοῦτο

176 5020 304 5075 εἴποι
328 5025 420 5076 καὶ
445 5022 555 5077 τῶν
578 5021 828 5077 ὁπωσοῦν
854 5021 1271 5092 καθεστηκότων
1296 5038 1312 5089 ;
1350 5022 1459 5076 Ka‘:
1484 5021 1591 5096 γὰρ
1610 5024 1739 5078 ὅταν

184 5102 268 5173 μὲν
353 5107 415 5160 τὸ
440 5105 803 5177 ἀγνοούμενον
826 5105 1014 5176 μηδενὶ
1044 5105 1207 5176 δῆλον
1240 5107 1381 5177 μήτε
1420 5108 1737 5180 προφητῶν,

182 5188 301 5257 μήτε
329 5189 602 5259 ἀγγέλων,
629 5190 768 5261 μήτε
791 5188 1174 5261 ἀρχαγγέλων,
1203 5188 1332 5253 ἴσως
1364 5190 1593 5261 παρέξει
1616 5192 1739 5245 τινὰ

178 5273 275 5333 tot;
317 5271 678 5341 φιλονεικοῦσι
716 5270 889 5342 λαϐήν
913 5287 929 5302 ’
956 5271 1085 5325 ὅταν
1120 5270 1305 5341 μέντοι
1341 5270 1405 5324 τὸ
1438 5271 1739 5343 ἀγνοούμε-

179 5364 255 5405 νον
289 5354 453 5420 οὕτως
559 5354 791 5427 φανερὸν
834 5355 929 5408 καὶ¹
964 5353 1238 5424 γνώριμον
1283 5353 1509 5419 ἅπασιν,
1536 5354 1613 5419 ὡς
1642 5356 1740 5410 καὶ

180 5433 478 5504 ἀνθρώπους
517 5437 651 5491 αὐτὸ
690 5437 890 5490 εἰδέναι
924 5435 1064 5508 μετά
1088 5434 1397 5506 ἀκριϐείας,
1428 5437 1557 5490 ποία
1598 5438 1738 5492 ἀπο·

181 5513 319 5585 λογία
356 5522 451 5575 καὶ
488 5521 618 5574 ποία
653 5519 950 5591 συγγνώμη
984 5521 1095 5582 τοῖς
1134 5517 1403 5586 λέγουσιν,
1445 5519 1529 5573 ὅτι
1575 5520 1740 5586 αὐτὸς

183 5599 368 5660 ἀγνοῶν
392 5601 564 5657 ταῦτα
587 5602 770 5672 ἔλεγες
801 5601 1000 5657 Τοῦτον
1032 5601 1210 5655 τοίνυν
1245 5600 1336 5655 τὸν
1356 5603 1484 5673 περὶ
1515 5594 1577 5657 οῦ
1597 5602 1739 5673 λέγω

237 5746 259 5812 f‘
282 5745 360 5812 31c
379 5763 553 5800 omnes
573 5765 706 5809 ωτι,
732 5748 901 5800 Morel.
923 5761 1044 5798 vero
1068 5748 1382 5812 παραδίδωσι.

238 5804 263 5875 ἦ
285 5804 704 5875 βίᾳ-οωηεειαςε.,’
722 5812 893 5864 Morel.
921 5823 1040 5861 vero
1061 5804 1414 5868 ἀντιτείνοντος.

239 5874 255 5898 ‘
280 5871 371 5922 Alii
395 5873 657 5929 ἀποδεῖται.
686 5871 694 5875 ⁷
715 5942 721 5949 ,

3286 414 3390 468 ’764

1817 518 2017 589 λόγον(ι
2050 522 2145 575 καὶ
2176 523 2351 579 δοῦλοι
2383 522 2551 579 αὐτοῦ
2593 526 2874 597 φαίνονται
2921 526 3058 599 μετά
3106 527 3391 600 ἀκριϐείας

1814 604 2035 669 εἰδότες,
2058 606 2153 660 καὶ
2199 608 2280 660 ὅτι
2305 607 2616 676 ἀποθανεῖν,
2645 610 2839 664 καὶὸτι
2866 610 2955 665 διά
2987 611 3218 681 σταυροῦ
3233 611 3392 665 τοῦτο

1815 687 2008 741 παθεῖν
2027 689 2190 742 αὐτὸν
2214 690 2342 755 ἔδει,
2368 690 2465 745 καὶ
2490 691 2597 763 πρὸ
2630 692 2902 747 τοσούτων
2936 695 3073 749 ἐτῶν
3106 694 3394 766 ἀμφότερα

1812 768 1988 824 ταῦτα
2009 770 2183 841 δηλῶν
2213 774 2241 825 6
2274 772 2435 826 Δαυῒδ
2473 773 2657 842 ἔλεγεν
2693 776 2759 828 ἐκ
2786 775 3075 847 προσώπου
3109 775 3204 830 τοῦ
3252 774 3391 847 Χρι-

1819 852 1966 904 στοῦο
1995 853 2259 923 Ὠρυξαν
2282 855 2484 925 χεῖράς
2502 875 2623 926 μου
2662 858 2759 912 καὶ
2789 859 2977 927 πόδας
3012 877 3133 930 μου
3160 875 3175 890 ³
3209 860 3303 914 καὶ
3333 858 3396 914 τὸ

1818 934 2013 1004 μέλλον
2056 936 2132 1000 ὡς
2175 940 2541 1009 γεγενημένον
2580 951 2605 980 θ
2642 940 2944 1012 ἀπήγγειλε
2966 982 2982 1007 ,
3026 943 3240 1005 δεικνὺς
3272 943 3353 995 ὅτι
3379 980 3396 1004 ,

1816 1017 2067 1091 καθάπερ
2094 1019 2164 1073 τά
2219 1022 2502 1093 συμϐάντα
2534 1024 2813 1095 ἀμήχανον
2885 1025 2960 1096 μὴ
2987 1025 3274 1095 γενέσθαι,
3300 1024 3393 1078 o6-

1815 1118 1893 1155 τω
1934 1102 2030 1155 καὶ
2088 1102 2249 1157 τοῦτο
2297 1105 2580 1176 ἀμήχανον
2637 1107 2712 1179 μὴ
2764 1108 3116 1177 γεγενῆσθαι.
3153 1108 3324 1162 Πάλιν
3368 1109 3399 1162 6

1828 1185 2057 1248 Ἡσαΐας
2090 1186 2223 1239 αὐτὸ
2249 1186 2407 1242 τοῦτο
2435 1190 2839 1261 προαναφωνῶν
2869 1191 3054 1261 ἔλεγεν
3072 1209 3085 1223 ο
3124 1192 3222 1257 Ὠς
3254 1191 3398 1259 πρό-

1816 1266 2000 1322 ϐατον
2029 1269 2129 1323 ἐπὶ
2168 1271 2420 1341 σφαγὴν
2449 1272 2628 1342 ἤχθη,
2661 1273 2759 1327 καί
2789 1274 2869 1341 ὠς
2895 1274 3084 1343 ἀμνὸς
3118 1275 3399 1328 ἐναντίον

1816 1349 1923 1404 τοῦ
1989 1352 2297 1422 κείροντος
2348 1354 2538 1409 αὐτὸν
2590 1354 2849 1425 ἄφωνος.
2904 1355 3106 1410 Τοῦτον
3164 1355 3325 1411 πάλιν
3371 1357 3401 1407 ό

1829 1432 2082 1505 Ἰωάννης
2124 1436 2217 1490 τὸν
2266 1437 2437 1507 ἀμνὸν
2477 1436 2600 1492 ἰδὼν
2644 1438 2850 1508 ἔλεγεν,
2886 1439 2999 1494 Ἴδε
3026 1444 3058 1494 ό
3085 1439 3272 1509 ἀμνὸς
3292 1438 3401 1493 τοῦ

1821 1516 1967 1569 Θεοῦ
1992 1520 2024 1571 ό
2052 1518 2237 1586 αἴρων
2262 1519 2377 1588 τὴν
2398 1520 2696 1589 ἁμαρτίαν
2720 1521 2829 1576 τοῦ
2859 1525 3114 1592 κόσμου,
3143 1523 3348 1586 ἐκεῖνος
3372 1522 3402 1573 6

1822 1599 2179 1670 προρῤηθεὶς,
2238 1602 2393 1673 φησί.
2432 1603 2543 1656 Καὶ
2585 1605 2709 1674 ὅρα,
2750 1607 2848 1674 οὐχ
2886 1605 3073 1668 ἁπλῶς
3123 1605 3337 1678 εἴρηται
3372 1605 3404 1658 6

1821 1682 2013 1753 ἀμνὸς,
2047 1683 2186 1736 ἀλλά
2217 1685 2540 1756 πρόσκειται
2567 1687 2663 1739 τοῦ
2698 1686 2854 1743 Θεοῦ.
2904 1689 3122 1759 Ἐπειδὴ
3162 1687 3273 1760 γὰρ
3309 1690 3403 1743 καὶ

1821 1765 2007 1837 ἓτερος
2031 1761 2100 1837 ἦν
2132 1768 2304 1836 ἀμνὸς
2348 1768 2378 1819 6
2434 1769 2744 1836 Ἰουδαϊκὸς,
2795 1770 2972 1841 δηλῶν
3007 1772 3090 1825 ὅτι
3117 1764 3272 1835 οὗτος
3303 1772 3398 1825 τοῦ

1820 1847 1956 1900 Θεοῦ
1997 1850 2113 1902 ἐστι
2152 1849 2199 1916 τ,
2233 1850 2321 1904 διὰ
2361 1851 2520 1905 τοῦτο
2557 1850 2730 1915 οὕτως
2757 1848 2930 1908 εἶπεν.
2982 1855 3221 1919 Ἐκεῖνος
3263 1854 3403 1927 ὑπὲρ

1820 1929 1914 1983 τοῦ
1968 1930 2157 1996 ἔθνους
2197 1933 2568 2006 προσεφέρετο
2606 1935 2788 2007 μόνον,
2823 1930 2980 1999 οὗτος
3026 1938 3167 2009 ὑπὲρ
3203 1941 3300 2009 τῆς
3328 1941 3404 1991 ol-

1821 2030 1920 2067 κου
1930 2013 2100 2085 μένης
2127 2017 2475 2088 προσηνέχθη
2503 2018 2685 2090 πάσης
2703 2037 2718 2052 ·
2754 2019 3011 2073 κάκείνου
3054 2021 3153 2091 μὲν
3184 2021 3243 2076 τὸ
3265 2017 3405 2093 αἷμα

1823 2096 2040 2171 πληγὴν
2092 2101 2414 2172 σωματικὴν
2473 2099 2744 2156 ἐκώλυσεν
2797 2103 2857 2168 ἐξ
2916 2104 3184 2159 Ἰουδαίων
3227 2105 3405 2176 μόνον,

1821 2180 2016 2235 τούτου
2059 2181 2116 2236 δὲ
2162 2182 2224 2236 τὸ
2264 2177 2407 2254 αἷμα
2439 2183 2538 2254 τῆς
2576 2186 2906 2257 οἰκουμένης
2959 2187 3175 2258 ἀπάσης
3231 2188 3407 2254 κοινὸς

1823 2264 2016 2333 γέγονε
2047 2264 2353 2337 καθαρμός.
2388 2268 2498 2321 Καὶ
2526 2267 2685 2322 τοῦτο
2715 2270 2773 2322 δὲ
2792 2270 2852 2323 τὸ
2875 2264 3015 2342 αἷμα
3042 2273 3103 2325 τὸ
3139 2271 3234 2325 τοῦ
3278 2273 3411 2327 Ἰου-

1824 2346 2013 2401 δαϊκοῦ
2047 2349 2222 2419 ἀμνοῦ
2268 2351 2487 2420 ῐσχυσεν
2523 2351 2662 2422 ὅπερ
2706 2353 2959 2423 ι’σχυσεν,
3000 2356 3062 2408 ού
3110 2356 3263 2427 παρὰ
3311 2356 3410 2429 τὴν

1825 2430 2036 2484 οίκείαν
2063 2431 2249 2499 φύσιν,
2278 2432 2394 2486 ἀλλ’
2432 2433 2620 2504 ἐπειδὴ
2650 2434 2841 2489 τούτου
2878 2436 3049 2502 τύπος
3076 2434 3165 2507 ἦν,
3192 2439 3292 2511 τὴν
3321 2439 3412 2494 δύ-

1826 2530 1990 2585 ναμιν
2009 2515 2165 2584 ἔσχεν
2191 2515 2430 2588 ἐκείνην.
3418 2522 3423 2523 ⁷

1900 2610 1974 2663 ς’.
1995 2598 2105 2651 Ποῦ
2140 2599 2321 2652 τοίνυν
2355 2600 2492 2654 είσὶν
2508 2601 2556 2655 οἱ
2577 2600 2847 2670 λέγοντες,
2866 2602 2949 2657 ὅτι
2977 2604 3070 2658 καὶ
3091 2605 3253 2670 αὐτὸς
3284 2606 3413 2673 Υἱὸς

1827 2680 2062 2749 λέγεται,
2087 2681 2357 2752 καὶήμεῖς
2388 2684 2515 2748 υἱοὶ,
2549 2684 2646 2738 καὶ
2670 2684 2779 2738 ἀπὸ
2812 2685 2915 2756 τῆς
2956 2689 3095 2741 κατά
3125 2690 3224 2759 τὴν
3251 2707 3417 2760 προσ-

1828 2764 2056 2836 ηγορίαν
2081 2766 2366 2830 κοινωνίας
2400 2768 2481 2831 είς
2510 2768 2793 2823 εὐτέλειαν
2836 2771 2998 2825 αὐτὸν
3038 2772 3191 2840 ἄγειν
3216 2775 3415 2845 ἡμετέ-

1832 2866 1933 2920 ραν
1988 2858 2012 2896 8
2066 2849 2506 2921 ἐπιχειροῦντες;
2573 2852 2705 2907 Ἰδοὺ
2756 2854 2866 2925 γὰρ
2923 2854 3017 2908 καὶ
3073 2855 3262 2927 ἀμνὸς,
3320 2859 3415 2911 καὶ

1829 2930 2018 3000 ἀμνὸς,
2051 2932 2148 2985 καὶ
2173 2932 2230 2985 ἓν
2260 2933 2360 3003 μὲν
2393 2934 2455 2986 τὸ
2481 2935 2675 3005 ὄνομα,
2701 2936 2763 2989 τὸ
2786 2936 2843 2988 δέ
2878 2937 3041 3007 μέσον
3069 2942 3168 3009 τῆς
3200 2939 3416 3009 φύσεως

1830 3014 2095 3085 ἑκατέρας
2116 3015 2363 3085 ἄπειρον.
2396 3018 2609 3089 Ὥσπερ
2624 3013 2718 3071 οῦν
2744 3018 2959 3073 ἀκούων
2979 3020 3215 3076 ἐνταῦθα
3245 3039 3416 3093 προσ-

1829 3097 2055 3168 ηγορίας
2098 3098 2414 3179 κοινωνίαν,
2462 3100 2616 3155 οὐδὲν
2663 3102 2774 3155 ἴσον
2838 3103 3116 3175 φαντάζῃ,
3163 3105 3308 3159 οὕτω
3350 3106 3415 3179 δὴ

1830 3181 1926 3233 καὶ
1955 3178 2191 3233 ἐνταῦθα
2224 3181 2440 3237 ἀκούων
2469 3183 2584 3237 υἱὸν
2615 3183 2711 3237 καὶ
2737 3185 2875 3249 υἱὸν,
2903 3186 2979 3258 μὴ
3009 3188 3149 3260 πρὸς
3179 3188 3280 3258 τὴν
3315 3178 3416 3261 σὴν

1830 3262 2105 3316 εὐτέλειαν
2131 3266 2334 3333 κάταγε
2362 3265 2455 3319 τὸν
2483 3267 2785 3341 Μονογενῆ.
2827 3268 2988 3323 Ἀλλά
3011 3269 3063 3323 τί
3094 3271 3202 3344 χρὴ
3236 3271 3416 3341 λέγειν

1832 3345 1963 3416 περὶ
1975 3346 2083 3400 τῶν
2100 3346 2276 3418 δήλων
2303 3348 2330 3387 h
2353 3364 2368 3414 ;
2394 3349 2457 3401 Εί
2477 3348 2588 3421 γὰρ
2615 3352 2715 3421 τῆς
2737 3351 3006 3418 Θεότητός
3038 3355 3184 3408 ἐστιν
3206 3357 3411 3431 ήεύχὴ,

1833 3431 2187 3501 εὑρεθήσεται
2214 3432 2308 3485 καὶ
2341 3432 2503 3497 αὐτὸς
2536 3434 2715 3507 ἐαυτῷ
2744 3436 3095 3507 περιπίπτων
3133 3441 3227 3492 καὶ
3257 3441 3414 3495 ἐναν-

1831 3512 2093 3582 τιολογῶν
2115 3514 2212 3568 καὶ
2245 3514 2574 3587 μαχόμενος.
2602 3510 2771 3583 Οὗτος
2787 3519 2897 3590 γὰρ
2916 3522 2945 3574 6
2965 3521 3202 3575 ἐνταῦθα
3222 3522 3413 3591 είπὼν,

1833 3594 2046 3664 Πάτερ,
2079 3599 2133 3651 ει
2151 3596 2437 3665 δυνατὸν,
2466 3600 2809 3668 παρελθέτω
2832 3604 2932 3657 ἀπ’
2961 3604 3108 3673 ἐμοῦ
3136 3605 3202 3659 τὸ
3227 3608 3416 3675 ποτή-

1824 3695 1966 3747 ριον
2004 3680 2200 3746 τοῦτο,
2249 3681 2344 3736 καὶ
2386 3682 2564 3736 ὀκνῶν
2618 3684 2712 3737 καὶ
2762 3685 3130 3758 ἀναδυόμενος
3161 3689 3303 3761 πρὸς
3356 3691 3418 3746 τὸ

1835 3762 2029 3827 πάθος,
2067 3763 2302 3835 ἀλλαχοῦ
2339 3764 2530 3831 εἰπὼν,
2567 3768 2649 3821 ὅτι
2687 3768 2770 3821 δεῖ
2792 3769 2885 3823 τὸν
2919 3769 3051 3824 Υἰὸν
3078 3773 3172 3826 τοῦ
3202 3772 3413 3845 ἀνθρώ-

1836 3862 1943 3899 που
1978 3847 2348 3919 παραδοθῆναι
2380 3850 2477 3903 καὶ
2512 3852 2946 3925 μαστιγωθῆναι,
2977 3856 3165 3928 ἐπειδὴ
3207 3857 3417 3930 Πέτρου

1836 3931 2039 4000 ἤκουσε
2067 3930 2337 4000 λέγοντος,
2370 3932 2577 4000 Ἵλεώς
2592 3951 2712 4001 σοι,
2730 3939 2803 3991 οὺ
2813 3936 2900 4005 μὴ
2917 3939 3088 3992 ἔσται
3102 3957 3202 3994 σοι
3215 3941 3415 4010 τοῦτο,

1839 4011 1985 4066 οὕτω
2016 4014 2223 4086 σφόδρα
2256 4015 2613 4088 ἐπετίμησεν,
2647 4017 2723 4083 ὡς
2745 4021 2940 4085 εἰπεῖν,
2976 4022 3205 4091 ’Ὕπαγε
3223 4024 3417 4078 ὀπίσω

1830 4113 1972 4164 μου,
2008 4097 2248 4152 Σατανᾶ
2267 4113 2281 4127 ⁸
2318 4099 2672 4156 σκάνδαλον
2699 4121 2819 4172 μου
2843 4099 2916 4166 εἴ,
2952 4104 3042 4159 ὅτι
3073 4110 3146 4160 οὐ
3176 4107 3417 4175 φρονεῖς

1837 4178 1910 4233 τὰ
1961 4180 2066 4233 τοῦ
2100 4181 2270 4247 Θεοῦ,
2298 4183 2462 4238 ἀλλὰ
2501 4187 2573 4239 τὰ
2603 4184 2720 4239 τῶν
2755 4186 3100 4255 ἀνθρώπων.
3136 4189 3326 4243 Καίτοι
3352 4207 3417 4259 γε

1839 4263 1947 4336 πρὸ
1977 4263 2207 4333 βραχέος
2230 4259 2299 4335 ἦν
2324 4265 2487 4319 αὐτὸν
2509 4268 2802 4334 ἐπαινέσας
2823 4270 2917 4323 καὶ
2939 4272 3271 4342 μακαρίσας,
3299 4272 3415 4326 ἀλλ’

1838 4346 1987 4416 ὅμως
2017 4347 2262 4399 Σατανᾶν
2304 4348 2467 4402 αὐτὸν
2499 4350 2781 4413 ἐκάλεσεν,
2810 4352 2932 4423 οὐχὶ
2961 4354 3052 4408 τὸν
3094 4355 3418 4411 Ἀπόστολον

1838 4430 2059 4501 ὑϐρίσαι
2102 4430 2446 4501 βουλόμενος,
2483 4433 2619 4488 ἀλλά
2646 4435 2735 4489 διά
2760 4435 3100 4509 τῆςῦϐρεως
3131 4439 3299 4507 δείξαι
3328 4439 3418 4494 θέο

1839 4511 1966 4595 λων,
1989 4512 2063 4595 ώς
2083 4512 2305 4585 [510]οὐ
2338 4516 2479 4569 κατὰ
2498 4516 2726 4588 γνώμην
2749 4518 2900 4591 αὐτῷ
2927 4520 2988 4573 τὸ
3012 4521 3131 4591 είρη
3141 4523 3300 4592 μένον
3324 4517 3414 4595 ἦν,

1841 4593 1955 4647 ἀλλ’
1982 4593 2155 4659 οὕτως
2177 4596 2479 4669 ἀλλότριον,
2509 4599 2586 4662 ὡς
2614 4601 2706 4655 τὸν
2735 4600 2910 4655 ταῦτα
2932 4604 3216 4675 εἰρηκότα,
3241 4593 3416 4662 καίτοι

1840 4677 2046 4750 Πέτρον
2075 4679 2226 4742 ὄντα,
2277 4680 2351 4751 μὴ
2387 4682 2615 4753 ὀκνῆσαι
2651 4684 2897 4738 Σατανᾶν
2926 4685 3212 4755 ὀνομάσαι.
3248 4688 3417 4742 Πάλιν

1839 4761 2074 4832 ἀλλαχοῦ
2114 4780 2308 4834 φησιν’
2356 4765 2667 4835 Ἐπιθυμίᾳ
2695 4768 3052 4839 ἐπεθύμησα
3089 4769 3155 4823 τὸ
3200 4770 3419 4841 Πάσχα

1840 4845 2017 4899 τοῦτο
2036 4847 2249 4916 φαγεῖν
2271 4849 2400 4917 μεθ’
2426 4848 2611 4919 ὑμῶν.
2632 4850 2792 4914 Τίνος
2805 4847 2899 4906 οῦν
2925 4852 3113 4906 ἕνεκεν
3137 4853 3197 4906 τὸ
3223 4855 3417 4924 Πάσχα

1840 4928 2001 4983 τοῦτό
2044 4947 2211 5001 φησι;
2253 4933 2431 4986 καίτοι
2471 4934 2565 4986 καὶ
2616 4934 2811 4989 ἄλλοτε
2853 4936 2955 5007 τὴν
2994 4935 3188 5008 ἑορτὴν
3213 4937 3419 5009 ταύτην

1840 5011 2125 5067 ἐπετέλεσε
2179 5016 2298 5085 μετ’
2333 5016 2542 5070 αὐτῶν·
2586 5017 2734 5082 τίνος
2782 5013 2876 5072 οῦν
2921 5017 3137 5084 ἓνεκεν;
3199 5019 3420 5092 Ἐπειδὴ

1843 5093 1964 5165 μετ’
1992 5095 2127 5149 αὐτὸ
2146 5097 2175 5149 6
2204 5097 2437 5170 σταυρὸς
2456 5095 2545 5170 ῆν.
2570 5100 2682 5154 Καὶ
2707 5101 2889 5164 πάλιν,
2920 5099 3131 5168 Πάτερ,
3152 5100 3422 5167 δόξασόν

1839 5190 1959 5233 σου
1989 5177 2097 5233 τὸν
2130 5180 2290 5241 Υιὸν,
2309 5182 2411 5237 ἵνα
2437 5182 2535 5236 καὶ
2563 5186 2596 5238 ό
2633 5184 2768 5251 Υἱός
2791 5199 2910 5239 σου
2931 5183 3169 5254 δοξάσῃ
3194 5200 3289 5239 σε.
3310 5189 3426 5245 Καὶ

1874 5444 1884 5458 1
1901 5379 1931 5420 ἆ
1954 5381 2068 5462 Μεξ.
2089 5383 2314 5462 εξιὲειγὶιζ
2334 5383 2502 5460 ,τοίνυν
2519 5384 2627 5448 περὶ
2643 5381 2730 5433 τοῦ
2761 5381 2969 5450 σταυροῦ
2991 5385 3115 5448 λέγω
3136 5386 3295 5449 λόγον,
3339 5385 3424 5439 alii

1838 5445 2048 5553 τὸζτέερὶ
2071 5445 2137 5516 οὗ.
2149 5445 2273 5506 λέγω
2295 5445 2451 5506 λόγον.
2501 5507 2511 5518 ,
2585 5445 2594 5448 “
2810 5505 2843 5535 ,ο
2885 5445 2896 5450 ⁷
3055 5445 3064 5448 ’
3203 5445 3212 5449 ⁷
3282 5445 3291 5448 ⁷
3320 5511 3332 5522 _

1956 5518 2040 5580 “Ic
2060 5505 2321 5555 evndeuler
2361 5504 2732 5567 rescnbendqm
2755 5505 2864 5569 ςμιο,
2887 5520 2978 5570 pro
3002 5507 3140 5567 edito
3163 5523 3423 5571 γενησομε-

1954 5566 2170 5696 ῗιίῗίιξίωξ
2209 5641 2323 5696 [ηεξ
2350 5630 2421 5696 εἰσ
2440 5629 2625 5680 habent
2673 5627 2952 5692 Ἰσυδαῖκὸς,
2991 5631 3069 5681 διὰ
3098 5629 3244 5680 τοῦτο
3267 5634 3429 5696 φησὶν,

1837 5693 1913 5741 ὃτι
1932 5690 2070 5746 οὗτος
2089 5687 2176 5738 τοῦ
2202 5687 2327 5739 Θεοῦ
2349 5691 2495 5739 ἐστιν.

1903 5754 1929 5793 8
1949 5752 2044 5861 sit;
2058 5751 2232 5861 λεώ-ει.
2259 5757 2311 5800 el
2328 5750 2502 5813 Savil.,
2527 5754 2617 5803 sed
2639 5754 2689 5802 in
2710 5765 2826 5803 mss.
2853 5765 2983 5816 pene
3004 5753 3233 5804 omnibus
3253 5756 3429 5819 ἡμετέ-

1842 5830 1925 5878 ραν
1968 5827 2012 5878 οξ
2048 5827 2114 5878 5;
2171 5876 2196 5878 η
2623 5876 2659 5878 η
2762 5876 2775 5878 _
2932 5877 2935 5878 ν
2995 5877 2999 5878 ,
3156 5877 3159 5878 ν

1909 5876 1936 5914 h
1962 5873 2043 5925 Sic
2067 5874 2219 5925 Savil.
2244 5879 2426 5926 rectius
2449 5889 2593 5940 quam
2619 5876 2786 5928 Μοιιιΐ.
2811 5878 2906 5926 τῶν
2924 5877 3122 5928 δούλων.
3150 5877 3283 5929 Eon.
