3918 6366
189 451 277 503 ⁸16ῗῖ
928 440 1014 497 DE
1055 435 1701 500 CONSUBSTANTIALI,
1744 427 2018 488 CONTRA
2064 427 2442 485 ANOMOEOS.
2487 422 2596 480 VII.

186 560 472 631 cturiﬁcette
498 556 671 629 (Joan.
699 558 783 611 l7.
818 557 869 627 i)
897 572 911 608 :
943 569 1005 608 ac
1030 555 1211 609 multis
1234 553 1284 607 in
1311 553 1443 608 locis
1468 567 1588 607 eum
1618 565 1736 619 pas-

186 666 370 707 sionem
400 648 740 718 prazdixisse,
770 655 951 715 atque,
981 654 1038 698 ut
1065 644 1320 707 eveniret,
1353 653 1567 712 optasse
1593 656 1743 694 cum-

187 743 436 813 pcriinus.
476 740 694 809 ejusque
721 738 799 793 rei
844 752 999 791 causa
1035 736 1277 799 venisse;
1307 734 1575 805 quomodo
1617 748 1744 802 ergo

186 836 260 889 hic
315 834 472 898 dicit,
523 832 582 887 Si
622 830 854 902 possibile
891 831 1013 885 est?
1070 829 1488 883 lmbccillitatem
1543 836 1744 880 natura:

183 926 401 981 ostendit
442 927 716 990 humanae,
762 940 880 993 quso
920 934 1207 992 utcumque
1250 922 1406 975 avelli
1436 937 1464 974 a
1497 919 1743 989 praesenti

188 1016 282 1069 vita
304 1015 542 1079 nolebat;
569 1013 662 1069 sed
689 1014 970 1068 recusabat
988 1022 1043 1068 et
1064 1013 1510 1082 tergiversiihatur
1532 1019 1746 1080 propter

187 1108 384 1162 hisitum
410 1105 534 1160 illia
562 1106 671 1160 Deo
689 1105 799 1174 jam
823 1121 851 1158 a
875 1105 1134 1174 principio
1157 1103 1432 1172 praesentis
1453 1101 1574 1154 vita:
1598 1115 1747 1152 κηποι

185 1214 283 1253 rem
312 1195 409 1269 (α).
439 1196 494 1251 Si
520 1196 660 1250 enim
690 1207 968 1265 p05tquam
997 1196 1109 1263 ipse
1135 1201 1214 1247 tot
1239 1200 1489 1260 tantaque
1515 1191 1743 1253 dixerit,

181 1304 380 1344 carnem
408 1288 554 1342 illum
582 1303 689 1341 non
704 1287 1056 1356 assumpsisse
1082 1286 1197 1339 ausi
1221 1283 1571 1353 suntquidam
1597 1296 1744 1336 asse-

184 1395 323 1433 rere:
354 1380 398 1432 si
431 1379 559 1432 nihil
592 1380 778 1433 horum
806 1378 1001 1432 dictum
1029 1374 1249 1442 fuisset,
1292 1375 1418 1445 quid
1444 1390 1547 1429 non
1578 1373 1746 1427 dixis—

182 1474 325 1526 sent?
351 1471 552 1526 idcirco
577 1471 813 1542 pra-dicit
837 1470 1048 1540 quidem
1078 1470 1184 1523 illic
1204 1479 1262 1523 ut
1292 1469 1457 1532 Deus,
1506 1475 1560 1522 et
1582 1466 1746 1520 adve-

184 1565 285 1617 nire
312 1564 609 1634 passionem
639 1571 863 1632 exoptat
889 1580 902 1615 :
936 1561 1129 1631 refugit
1154 1569 1329 1615 autem
1365 1560 1450 1612 hic
1478 1568 1529 1612 et
1554 1558 1746 1627 depre-

183 1667 346 1721 catur,
398 1666 456 1709 ut
508 1656 714 1709 homo:
762 1654 904 1710 ultro
946 1654 1089 1707 enim
1140 1653 1287 1707 illum
1329 1652 1396 1706 ad
1446 1651 1746 1721 passionem

186 1748 381 1800 venisse
407 1745 566 1800 docet
599 1745 727 1800 illud
747 1784 765 1812 ,
805 1743 946 1813 quod
982 1736 1109 1809 ait,
1134 1742 1439 1797 Potestatem
1476 1741 1634 1794 habeo
1659 1757 1749 1810 po-

182 1839 321 1891 nendi
344 1838 569 1890 animam
592 1853 772 1900 meam,
805 1846 851 1889 et
871 1845 1163 1907 potestatem
1185 1835 1340 1888 habeo
1365 1833 1597 1888 sumendi
1618 1849 1746 1886 eam.

186 1928 335 1982 Nemo
359 1928 491 1982 tollit
533 1946 645 1982 eam
672 1946 705 1981 a
729 1945 810 1983 me
833 1944 852 1982 :
877 1944 968 1998 ego
994 1943 1126 1997 pano
1153 1943 1265 1980 eam
1311 1943 1344 1979 a
1394 1926 1603 1992 meipso.
1624 1923 1744 1995 (1d.

187 2019 390 2089 10.18).
420 2018 702 2086 Quomodo
726 2034 855 2089 ergo
880 2018 1044 2084 dicit,
1078 2016 1197 2071 Non
1227 2018 1355 2071 sicut
1382 2033 1471 2087 ego
1499 2015 1631 2081 volo,
1661 2015 1748 2070 sed

184 2112 296 2164 sicut
320 2121 371 2164 tu
387 2112 413 2166 ?
438 2111 577 2179 Quid
598 2126 728 2167 vero
752 2110 987 2175 miraris,
1015 2110 1057 2163 si
1078 2116 1201 2163 ante
1224 2109 1521 2177 passionem
1548 2116 1748 2161 tantum

184 2203 412 2258 adhibeat
449 2203 647 2269 studii,
680 2212 739 2257 ut
763 2202 1040 2257 veritatem
1078 2201 1256 2255 carnis
1285 2199 1597 2264 confirmet,
1628 2214 1749 2252 cum

185 2303 232 2349 et
270 2304 383 2364 post
419 2296 870 2351 resurrectionem
901 2294 1219 2363 discipulum
1247 2307 1470 2346 cernens
1500 2292 1749 2346 incredu-

187 2387 311 2448 lutn.
338 2395 393 2443 et
427 2389 650 2441 vulnera
694 2386 793 2456 ipsi
832 2393 886 2439 et
920 2387 1190 2440 clavorum
1234 2385 1430 2439 ﬁxurus
1469 2383 1751 2438 ostendere

187 2496 279 2535 non
304 2481 598 2547 recusarit,
630 2488 685 2534 et
715 2495 900 2533 manus
924 2477 1192 2533 contactui
1237 2476 1497 2547 subjicere
1540 2476 1748 2530 cicatri—

184 2584 291 2635 (es,
319 2586 381 2626 ac
404 2571 615 2635 dicere,
652 2569 894 2624 Scrutare
918 2577 964 2622 et
990 2570 1129 2633 vide,
1161 2570 1277 2640 quia
1306 2568 1511 2639 spiritus
1550 2583 1752 2620 carnem

183 2672 223 2713 rt
244 2677 350 2715 ossa
374 2678 485 2715 non
508 2660 653 2714 habet
679 2659 829 2730 (Luc.
857 2660 948 2714 26.
979 2658 1111 2731 59)?
1140 2660 1341 2714 idcirco
1367 2671 1466 2713 nec
1492 2672 1520 2711 a
1550 2657 1752 2728 princi-

185 2755 259 2822 pio
279 2754 528 2824 perfectae
555 2755 730 2809 aetatis
756 2753 1024 2808 hominem
1052 2753 1309 2820 suscepit,
1339 2751 1435 2805 sed
1460 2761 1514 2805 et
1542 2751 1749 2818 concipi

183 2854 228 2900 et
253 2847 410 2911 nasci,
439 2856 501 2901 et
530 2848 665 2901 lacte
690 2846 877 2900 nutriri
907 2845 1158 2899 sustinuit
1178 2860 1239 2898 ac
1266 2854 1410 2897 tanto
1438 2853 1676 2912 tempore
1697 2845 1749 2897 in

182 2946 306 2993 terra
334 2940 542 2993 versnri
564 2981 579 3004 ,
622 2949 678 2993 ut
707 2939 808 2993 hoc
838 2940 1010 3008 ipsum
1043 2946 1094 2992 et
1122 2935 1375 3007 temporis
1403 2935 1752 2991 diuturnitate

182 3039 225 3082 et
247 3031 356 3084 aliis
379 3030 636 3085 erunibus
661 3031 1017 3085 confirmaret.
1056 3028 1186 3083 Nam
1218 3028 1468 3098 quoniam
1498 3043 1749 3095 swpenu-

182 3138 313 3175 mero
339 3123 387 3175 iu
415 3123 583 3177 terris
602 3122 774 3192 angeli
805 3122 856 3175 in
880 3122 1045 3176 forma
1072 3120 1344 3174 hominum
1367 3129 1746 3188 apparuerunt,

181 3224 320 3283 atque
347 3216 491 3271 adeo
519 3215 631 3283 ipse
677 3216 847 3280 Deus;
880 3214 1020 3284 quod
1061 3223 1237 3268 autem
1279 3212 1601 3282 apparebat,
1644 3226 1748 3266 non

181 3308 339 3360 carnis
362 3306 572 3362 veritas
596 3315 743 3372 erat,
775 3307 867 3361 sed
897 3307 1302 3375 attemperatio;
1332 3321 1400 3359 ne
1427 3304 1561 3359 forte
1589 3304 1748 3358 talem

183 3395 303 3451 hunc
341 3414 463 3453 esse
499 3397 786 3452 adventum
819 3398 1126 3460 arbitreris,
1158 3398 1344 3467 quales
1374 3396 1447 3450 illi
1495 3394 1747 3462 fuerunt,

173 3488 259 3541 “sed
286 3505 459 3544 veram
498 3504 616 3544 esse
638 3504 851 3544 carnem
882 3490 975 3544 tibi
1001 3490 1130 3543 fides
1159 3489 1267 3549 fiat.
1298 3498 1351 3544 et
1380 3499 1667 3557 conceptus
1697 3497 1752 3542 et

179 3590 317 3634 natus
351 3591 403 3635 et
431 3581 730 3646 educatus,
780 3592 938 3652 atque
977 3581 1030 3636 in
1073 3582 1331 3651 pt':r.scpi0
1375 3582 1577 3650 positus
1619 3582 1746 3646 fttit,

182 3686 272 3724 uno
299 3673 347 3726 in
382 3673 640 3728 cubiculo
669 3672 901 3742 quodam
931 3674 1022 3728 Sed
1055 3675 1104 3728 in
1133 3674 1433 3728 diversorio
1462 3690 1641 3728 coram
1670 3675 1749 3728 in-

179 3775 379 3818 numera
409 3764 790 3829 multitudine,
818 3774 877 3820 ut
918 3766 1078 3836 vulgo
1120 3766 1235 3836 ejus
1262 3766 1506 3820 nativitas
1544 3767 1753 3821 innote-

180 3861 351 3907 sceret.
381 3853 595 3910 Idcirco
619 3865 671 3909 et
700 3854 913 3923 fasciae,
958 3866 1011 3910 et
1054 3858 1350 3928 prophetia:
1387 3859 1751 3928 superioribus

182 3943 386 4013 idipsum
424 3947 647 4003 sa‘culis
678 3948 1069 4016 praedixerunt,
1100 3965 1205 4004 non
1246 3950 1514 4005 hominem
1548 3960 1749 4006 tantum

179 4036 310 4092 illum
336 4040 581 4094 futurum
601 4081 616 4104 ,
645 4041 739 4096 sed
770 4040 884 4096 fore
911 4050 964 4094 ut
992 4044 1380 4111 conciperetur,
1413 4056 1746 4111 nasceretur,

179 4138 222 4180 rt
242 4146 531 4197 puerorum
555 4147 701 4187 more
721 4133 1031 4188 nutriretur.
1056 4133 1124 4188 Et
1148 4133 1248 4189 hoc
1272 4143 1350 4188 est
1372 4134 1513 4205 quod
1532 4135 1751 4191 llesaias

178 4220 355 4276 clamat
389 4223 582 4277 dicens
609 4242 622 4278 :
656 4222 782 4277 Ecce
808 4225 949 4295 virgo
982 4224 1035 4278 in
1072 4236 1211 4279 utero
1240 4226 1470 4292 habebit,
1501 4237 1548 4279 et
1590 4228 1753 4296 pariet

182 4310 390 4382 Filium,
430 4326 487 4370 et
517 4318 759 4371 vocabunt
786 4334 967 4371 nomen
992 4320 1102 4389 ejus
1140 4317 1462 4371 Emmanuel.
1499 4316 1753 4389 Bulyrum

178 4414 218 4455 ct
242 4408 334 4461 mel
361 4408 591 4463 comedet
632 4408 837 4478 (Hesai.
872 4412 925 4465 7.
960 4411 1051 4480 14)
1086 4427 1100 4464 :
1145 4419 1200 4464 et
1237 4425 1452 4471 rursus.
1499 4410 1752 4466 Parvulas

177 4504 312 4593 uol-its
338 4509 409 4551 est
458 4500 624 4593 nobis,
660 4511 705 4553 et
738 4500 903 4555 Filius
929 4501 1079 4555 datus
1118 4511 1191 4555 est
1244 4502 1387 4554 nobis
1434 4501 1543 4571 (1d.
1574 4502 1628 4557 9.
1671 4501 1749 4575 6).

185 4583 327 4640 fides
355 4597 409 4642 ut
450 4589 687 4658 priorem
715 4591 873 4644 etiam
905 4590 1047 4644 illius
1072 4598 1283 4645 aitatem
1312 4592 1753 4660 prienuntiarint?

182 4676 435 4750 Interroga
467 4696 596 4750 ergo
627 4681 968 4746 haereticum,
1004 4684 1144 4739 Deus
1175 4683 1493 4739 formidatne
1515 4700 1579 4740 ac
1598 4701 1753 4741 recu-

180 4779 255 4824 sat
279 4783 327 4824 et
344 4782 649 4837 cunctatur,
681 4781 736 4829 et
761 4773 971 4830 tristitia
992 4773 1258 4830 afﬁcitur?
1286 4775 1437 4844 Quod
1464 4776 1507 4830 si
1534 4775 1749 4841 dixerit,

181 4865 358 4928 etiam,
397 4864 657 4935 deinceps
698 4866 927 4929 recede,
971 4877 1025 4922 et
1061 4876 1237 4922 statue
1266 4870 1414 4922 illum
1456 4869 1591 4924 infra
1629 4885 1753 4925 cum

180 4949 381 5010 diabolo
400 4997 415 5020 ,
449 4956 533 5012 vel
567 4957 743 5024 potius
768 4973 834 5011 eo
861 4958 1081 5013 inferius
1107 4977 1121 5012 :
1150 4974 1323 5028 neque
1350 4961 1493 5015 enim
1538 4960 1625 5015 ille
1650 4959 1754 5017 hoc

183 5042 345 5100 dicere
373 5048 592 5103 audebit
616 5067 629 5102 :
661 5050 742 5104 sin
770 5060 948 5104 autem
974 5051 1202 5117 dixerit,
1244 5051 1376 5107 nihil
1414 5051 1605 5108 horum
1632 5069 1753 5109 esse

187 5134 282 5236 Deo
307 5136 524 5208 dignum
545 5180 562 5205 ,
607 5141 721 5204 dic,
762 5157 890 5211 ergo
916 5157 1016 5198 nec
1052 5154 1171 5197 orat
1203 5144 1341 5199 Deus
1365 5162 1379 5197 :
1407 5145 1609 5214 absque
1638 5145 1753 5201 istis

185 5232 315 5281 enim
359 5241 416 5284 et
462 5232 605 5286 aliud
656 5233 947 5288 absurdum
993 5234 1132 5300 erit,
1188 5236 1232 5288 si
1289 5235 1404 5293 haec
1452 5236 1547 5292 Dci
1591 5237 1751 5292 verba

184 5317 390 5374 fuerint.

250 5406 378 5464 υκαι
405 5412 681 5468 voluntates
699 5415 752 5468 in
773 5413 992 5470 Christo.
1016 5445 1088 5457 ~—
1109 5414 1291 5487 Neque
1314 5417 1455 5471 enim
1482 5418 1643 5474 animi
1665 5433 1753 5473 so-

187 5498 285 5554 hun
318 5506 685 5561 aestuationem
729 5506 843 5562 haec
884 5509 1044 5563 verba
1086 5510 1421 5579 significant,
1466 5509 1559 5565 sed
1589 5511 1750 5566 etiam

188 5589 307 5646 duas
335 5595 665 5661 voluntates,
711 5613 870 5652 iniam
909 5598 1124 5668 quidem
1171 5599 1318 5663 Filii,
1361 5600 1584 5655 alteram
1625 5616 1752 5654 vero

188 5679 350 5739 Patris
371 5681 510 5742 inter
535 5703 593 5743 se
614 5691 945 5745 contrarias:
975 5707 1095 5743 nam
1121 5691 1262 5760 quod
1290 5691 1419 5746 dixit
1445 5711 1458 5746 :
1487 5691 1608 5747 Non
1627 5693 1752 5747 rictu

189 5786 271 5842 ago
299 5787 405 5830 voto
424 5821 439 5840 ,
470 5780 559 5832 sed
579 5780 704 5834 sicut
731 5795 784 5836 tu
817 5778 1040 5851 (Matth.
1066 5782 1156 5837 26.
1185 5781 1312 5855 59),
1344 5784 1441 5837 hoc
1471 5784 1751 5841 indicantis

247 5890 315 5952 (ει)
348 5892 694 5959 Ἰιιοοᾶοτειιιε,
719 5896 909 5960 Dialogo
923 5897 970 5957 5,
991 5895 1117 5946 hunc
1131 5896 1425 5947 locumcitat.

3327 418 3432 472 766

1855 555 1957 602 est.
1990 546 2147 617 Atqui
2177 561 2245 599 ne
2287 544 2390 598 hoc
2415 541 2628 612 quidem
2671 552 2919 609 umquam
2967 537 3041 590 illi
3067 532 3427 595 athniseruut,

1852 643 1945 696 sed
1976 641 2126 695 nobis
2156 653 2367 708 semper
2389 635 2685 690 dicentibus
2715 631 2863 697 illud,
2895 631 3004 700 Ego
3024 641 3070 683 et
3102 627 3257 680 Pater
3275 643 3434 678 ununt

1851 751 2027 789 sumus
2050 731 2229 801 (Joan.
2267 730 2356 785 il).
2388 727 2503 792 50),
2538 728 2590 780 in
2619 724 2896 795 majestate
2917 764 2930 782 .
2964 721 3037 775 illi
3070 721 3122 773 in
3163 718 3435 771 voluntate

1852 827 2050 880 dictum
2092 838 2210 878 esse
2241 822 2487 890 inquiunt
2507 860 2520 883 ,
2549 817 2789 871 dicentes
2830 813 3000 867 Patris
3031 819 3083 864 rt
3126 811 3244 864 Filii
3275 824 3432 862 uuam

1852 933 1971 971 esse
1996 915 2341 970 voluntatem.
2364 911 2419 965 Si
2443 924 2569 979 ergo
2596 907 2765 962 Patris
2790 915 2845 959 et
2868 905 2986 958 Filii
3015 918 3115 955 nua
3143 910 3225 955 est
3250 900 3437 952 volun-

1853 1018 1967 1071 tas,
2010 1005 2280 1077 quomodo
2319 1003 2402 1056 hic
2439 1002 2600 1061 dicit,
2653 998 3001 1051 Verumtamen
3039 1009 3139 1046 non
3182 992 3309 1045 sicut
3346 1005 3437 1058 ego

1851 1101 1965 1154 volo
1985 1141 2001 1166 ,
2032 1098 2120 1152 sed
2159 1098 2288 1150 sicut
2317 1094 2412 1148 tu?
2451 1091 2583 1147 Nam
2624 1090 2667 1144 si
2714 1090 2764 1142 in
2794 1086 3068 1142 divinitate
3094 1082 3306 1152 quidem
3337 1079 3437 1139 sit,

1852 1192 1991 1263 quod
2019 1190 2217 1245 dictum
2262 1196 2376 1252 est,
2421 1183 2658 1239 exoritur
2685 1179 2927 1249 quaedam
2971 1171 3352 1231 contradictio.
3383 1180 3440 1224 et

1854 1283 2018 1337 multa
2047 1295 2110 1335 ex
2137 1294 2202 1332 co
2232 1273 2458 1330 absurda
2494 1280 2786 1327 nascuntur
2809 1286 2822 1322 :
2850 1267 2930 1322 sin
2958 1273 3134 1319 autem
3161 1262 3215 1316 iu
3240 1275 3401 1315 carne
3422 1299 3437 1322 ,

1853 1372 2044 1428 rationi
2069 1377 2426 1423 consentanea
2447 1373 2589 1425 sunt,
2616 1375 2787 1429 neque
2812 1353 3128 1427 reprehendi
3148 1351 3435 1423 quidquam

1855 1466 2049 1537 poterit
2076 1481 2090 1517 :
2122 1476 2226 1515 non
2265 1459 2406 1514 enim
2439 1469 2654 1510 carnem
2687 1451 2826 1505 nolle
2868 1448 3042 1513 mori,
3073 1443 3311 1499 damnari
3343 1454 3439 1509 po-

1855 1566 1988 1620 test,
2033 1570 2152 1610 cum
2186 1553 2288 1606 hoc
2316 1552 2385 1604 sit
2413 1556 2647 1609 naturae;
2691 1545 2805 1612 ipse
2838 1551 3015 1595 autem
3038 1580 3052 1600 ,
3085 1552 3203 1608 qua:
3243 1542 3442 1589 natum

1854 1658 2008 1711 sunt,
2041 1645 2218 1698 omnia
2250 1650 2444 1710 praeter
2470 1645 2740 1707 peccatum
2771 1630 3140 1701 cepiosissime
3164 1624 3440 1685 ostendat,

1854 1751 1910 1796 ut
1950 1755 2041 1794 ora
2073 1735 2442 1792 harreticorum
2487 1732 2718 1784 obturet.
2753 1723 2977 1794 Quando
3006 1736 3132 1788 ergo
3172 1718 3332 1780 dicit,
3379 1715 3441 1771 Si

1854 1831 2089 1905 possibile
2112 1837 2211 1891 est,
2238 1832 2458 1879 transeat
2486 1840 2517 1875 η
2543 1837 2622 1874 me
2645 1819 2781 1871 calta:
2804 1818 2915 1880 iste,
2942 1822 3015 1877 et,
3052 1810 3172 1865 Non
3196 1811 3326 1863 sicut
3349 1823 3443 1877 ego

1854 1901 1988 1990 ὲοοιο,
2032 1923 2120 1977 sed
2162 1921 2289 1973 sicut
2333 1927 2387 1971 ιιι
2431 1913 2652 1986 (Matth.
2678 1911 2769 1965 ac.
2797 1909 2924 1977 59),
2971 1905 3099 1959 nihil
3152 1901 3295 1957 aliud
3336 1916 3443 1970 pra:

1856 2033 1913 2071 se
1943 2017 2074 2076 fert,
2123 2012 2222 2065 nisi
2260 2026 2317 2064 se
2354 2022 2479 2064 vere
2520 2019 2682 2061 carne
2717 1998 3102 2058 circumdatum
3142 2009 3291 2059 esse,
3325 2007 3444 2061 qua:

1857 2118 2081 2162 mortem
2112 2101 2458 2158 reformidet:
2489 2098 2630 2151 illius
2667 2094 2809 2149 enim
2850 2100 2931 2146 est
2961 2096 3186 2145 mortem
3220 2086 3409 2140 timere
3429 2124 3442 2139 .

1856 2209 1911 2253 et
1932 2210 2178 2251 reensare
2202 2203 2256 2247 et
2284 2205 2518 2247 mmrore
2545 2187 2702 2242 affici.
2734 2183 3062 2252 Quandoque
3091 2179 3253 2247 igitur
3280 2174 3438 2230 desti-

1854 2298 2022 2344 tutam
2055 2288 2194 2340 illam
2223 2293 2278 2339 et
2320 2282 2569 2336 nudatam
2613 2276 2823 2346 propria
2866 2272 3177 2344 operatione
3217 2265 3446 2321 derelin-

1856 2381 2003 2451 quit,
2033 2387 2091 2433 ut
2131 2392 2251 2431 cum
2282 2374 2396 2443 ejus
2424 2369 2783 2426 infirmitatem
2813 2360 3137 2424 ostenderit,
3165 2358 3283 2427 ejus
3309 2371 3445 2425 quo-

1857 2492 1961 2544 que
2002 2482 2202 2526 natura?
2233 2469 2389 2522 fidem
2432 2464 2590 2518 faciat
2627 2478 2640 2514 :
2686 2456 3002 2528 quandoque
3036 2466 3166 2508 vero
3200 2447 3443 2504 eamdem

1855 2568 2023 2630 celat,
2059 2574 2115 2618 ut
2141 2562 2340 2616 nudum
2369 2556 2637 2612 hominem
2666 2567 2773 2606 non
2800 2548 2965 2604 fuisse
3002 2544 3282 2612 intelligas.
3314 2539 3444 2593 Nam

1856 2653 2304 2723 quemadmodum
2353 2649 2398 2703 si
2449 2660 2663 2717 semper
2711 2644 2940 2695 humana
2985 2636 3443 2691 demonstrasset.

1857 2722 1958 2804 hoc
1983 2749 2166 2817 utique
2192 2743 2451 2798 creditum
2492 2738 2679 2792 fuisset
2716 2753 2729 2788 :
2763 2734 2834 2787 ita
2874 2731 2918 2784 si
2963 2740 3177 2795 semper
3203 2739 3322 2793 qua:
3355 2722 3445 2774 Dei

1857 2853 1979 2896 sunt
2005 2810 2349 2907 perfecisset,
2378 2824 2791 2900 dispensationis
2819 2819 3015 2877 rationi
3054 2815 3186 2870 fides
3212 2810 3447 2868 adhibita

1856 2949 1962 2987 nou
1988 2930 2192 2984 fuisset.
2219 2927 2506 2994 Propterea
2528 2919 2700 2973 variat
2719 2924 2768 2971 et
2792 2911 3123 2968 intermiscet
3141 2921 3263 2961 cum
3286 2902 3444 2958 verba

1857 3032 1969 3076 tum
1995 3020 2253 3077 actiones,
2286 3022 2343 3067 ut
2371 3026 2543 3080 neque
2572 3008 2717 3064 Pauli
2745 3001 3041 3060 Samosntei
3062 3040 3078 3064 ,
3112 3010 3285 3066 neque
3305 2994 3445 3049 Mar-

1854 3114 2024 3169 cionis
2049 3121 2102 3167 et
2124 3106 2397 3164 Manichaei
2428 3103 2616 3157 morbo
2645 3113 2709 3155 ac
2736 3096 2900 3152 furori
2927 3092 3162 3162 praebeat
3200 3088 3443 3144 occasio-

1857 3222 1977 3262 nem
2004 3222 2017 3259 :
2050 3204 2171 3257 ideo
2197 3209 2253 3254 et
2285 3197 2426 3269 quod
2457 3195 2693 3248 futurum
2722 3199 2801 3243 est
2832 3185 3073 3258 prmdicit
3099 3192 3159 3237 ut
3184 3182 3360 3244 Deus,
3391 3186 3445 3232 et

1855 3310 2039 3354 rursus
2067 3304 2123 3349 ut
2153 3293 2312 3345 homo
2338 3293 2567 3343 recusat.

1927 3416 1977 3469 7.
2012 3409 2311 3467 Exhortatio
2332 3405 2538 3460 moralis
2558 3402 2626 3456 ad
2650 3398 2947 3455 orationem.
2969 3423 3040 3434 —-
3063 3392 3264 3445 Vellem
3295 3385 3446 3455 equi-

1856 3506 1976 3562 dem
2007 3505 2237 3573 reliquas
2264 3500 2422 3555 etiam
2450 3509 2639 3553 causas
2669 3502 3001 3562 percurrere,
3030 3493 3187 3554 atque
3214 3496 3283 3537 ex
3313 3477 3445 3550 ipsis

1856 3597 2150 3651 actionibus
2177 3592 2442 3655 indicare,
2480 3581 2927 3657 quemadmodum
2961 3578 3079 3643 hic,
3113 3576 3237 3631 dum
3270 3571 3446 3627 carnis

1858 3689 2218 3744 infirmitatem
2266 3681 2609 3740 ostenderet,
2664 3676 2741 3730 sic
2786 3684 2841 3728 et
2885 3671 3009 3726 alibi
3060 3682 3248 3724 rursus
3295 3665 3441 3719 illum

1856 3796 2070 3846 orasse,
2102 3779 2227 3833 dum
2270 3774 2568 3829 auditorum
2611 3767 2974 3823 infirmitatem
2998 3760 3309 3830 corrigeret.
3335 3754 3443 3811 Ne-

1855 3889 1960 3945 que
1984 3873 2124 3927 enim
2151 3878 2359 3935 cuncta,
2389 3882 2506 3937 quo:
2536 3861 2806 3917 humiliter
2833 3858 2969 3912 dicta
3001 3862 3144 3917 sunt,
3174 3851 3244 3906 ob
3268 3849 3443 3903 carnis

1856 3967 2107 4021 amictum
2152 3961 2324 4016 solum
2370 3972 2490 4014 esse
2529 3956 2669 4010 dicta
2711 3948 3037 4006 censendum
3079 3954 3197 4009 est,
3237 3941 3333 3997 sed
3374 3939 3444 3993 oh

1855 4056 1987 4112 alias
2014 4055 2173 4110 etiam
2204 4065 2335 4122 quas
2363 4047 2547 4113 attuli,
2588 4058 2776 4100 causas
2801 4059 2813 4095 :
2843 4047 3209 4094 verumtamen
3244 4048 3313 4088 ne
3340 4046 3436 4087 eo-

1855 4165 2010 4214 rum,
2058 4163 2178 4216 quie
2218 4144 2358 4197 dicta
2386 4139 2613 4200 fuerint,
2655 4132 2936 4190 multitudo
2958 4143 3143 4186 eorum
3165 4167 3181 4192 ,
3218 4140 3336 4195 qua:
3360 4123 3443 4177 di-

1855 4240 2020 4296 cenda
2050 4246 2207 4300 sunt,
2235 4233 2440 4303 copiam
2471 4231 2677 4291 obruat,
2721 4227 2807 4280 hic
2832 4224 2991 4278 ﬁnem
3022 4218 3219 4274 faciens
3245 4215 3437 4269 adver-

1854 4348 1948 4388 sus
1969 4346 2063 4387 eos
2087 4327 2328 4391 dicendi,
2355 4335 2408 4380 et
2431 4321 2652 4392 reliquis
2690 4320 2743 4373 in
2769 4317 2933 4371 alium
2958 4313 3099 4368 diem
3133 4308 3346 4378 rejectis
3370 4303 3438 4359 ad

1856 4422 2109 4478 orationis
2140 4433 2321 4472 rursus
2347 4413 2770 4470 cohortationem
2809 4422 2896 4461 me
2928 4410 3261 4459 convertam.
3288 4396 3439 4452 Licet

1856 4515 1996 4568 cnim
2027 4512 2092 4565 de
2122 4511 2222 4563 hoc
2244 4512 2557 4577 argumento
2577 4516 2720 4571 smpe
2746 4499 2902 4554 verba
2930 4494 3233 4554 fecerimus,
3262 4500 3440 4545 tamen

1857 4623 2033 4677 operm
2061 4602 2285 4673 pretium
2314 4598 2500 4662 fuerit,
2529 4604 2586 4650 ut
2620 4608 2761 4648 nunc
2786 4591 2945 4646 etiam
2976 4588 3043 4642 de
3070 4602 3136 4641 eo
3159 4585 3396 4640 dicamus
3422 4597 3437 4635 :

1859 4716 1978 4754 nam
2008 4707 2061 4752 et
2083 4710 2264 4750 earum
2293 4692 2519 4747 vestium
2557 4703 2675 4758 qua:
2699 4683 2867 4741 semel
2894 4684 3072 4737 tinem
3099 4678 3323 4739 fuerint,
3357 4674 3443 4729 fa-

1856 4792 1958 4846 cile
1984 4789 2129 4844 color
2153 4784 2424 4839 evanescit
2451 4797 2466 4836 :
2499 4794 2628 4850 quas
2655 4793 2782 4832 vero
2808 4775 3079 4829 multoties
3107 4779 3158 4826 et
3187 4769 3438 4838 frequen-

1858 4890 1939 4935 ter
1968 4881 2244 4933 immersas
2272 4873 2553 4928 eduxerint
2575 4867 2886 4929 infectores,
2928 4878 3005 4918 eae
3035 4862 3221 4916 ﬂorem
3246 4856 3444 4913 coloris

1859 4968 2238 5026 immutabilem
2281 4974 2528 5028 servant;
2576 4959 2681 5015 hoc
2722 4967 2773 5013 et
2822 4959 2874 5010 in
2924 4952 3202 5009 animabus
3242 4947 3441 5003 nostris

1856 5061 2141 5131 contingit;
2187 5059 2234 5113 si
2276 5055 2489 5127 quando
2529 5052 2671 5108 enim
2711 5048 2898 5105 eadem
2930 5046 3089 5100 verba
3131 5041 3440 5110 frequenter

1857 5129 2202 5214 audierimus,
2234 5147 2383 5217 quasi
2414 5145 2694 5198 tincturam
2723 5136 3009 5209 quamdam
3033 5140 3308 5200 exceptam
3338 5129 3433 5182 do-

1856 5243 2082 5298 ctrinam
2110 5253 2214 5293 non
2243 5236 2396 5291 facile
2419 5233 2768 5303 deponemus.
2796 5227 2874 5282 Ne
2895 5226 3053 5296 igitur
3080 5219 3438 5293 perfunctorie

1857 5335 2134 5391 audiamus
2159 5350 2172 5385 :
2204 5344 2306 5384 non
2334 5327 2476 5383 enim
2502 5333 2602 5389 est,
2632 5336 2738 5377 non
2769 5328 2884 5385 est,
2916 5318 3130 5389 inquam
3150 5355 3166 5381 ,
3198 5310 3441 5369 oratione

1856 5428 2145 5499 quidquam
2176 5420 2473 5492 potentius,
2506 5425 2597 5469 aut
2625 5411 2768 5484 quod
2806 5410 2856 5467 ei
2883 5409 3049 5481 possit
3070 5404 3290 5476 aequari.
3320 5400 3437 5456 Non

1857 5494 1935 5574 sic
1966 5494 2191 5572 amictus
2220 5526 2451 5583 purpura
2481 5505 2788 5576 Splendidus
2817 5511 2901 5559 est
2929 5502 3241 5569 imperator,
3268 5503 3329 5550 ut
3350 5494 3441 5564 qui

1858 5618 2008 5672 orat,
2057 5605 2321 5673 colloquio
2346 5617 2467 5656 cum
2498 5600 2611 5654 Deo
2639 5604 2946 5652 exornatus.
2995 5590 3063 5648 Ut
3101 5590 3246 5646 enim
3273 5588 3316 5642 si
3344 5585 3441 5640 ad-

1858 5708 2033 5754 stante
2059 5696 2331 5761 exercitu,
2372 5690 2625 5751 ducibus,
2672 5684 3100 5756 magistratibus,
3136 5677 3440 5739 consulibus

1860 5789 2075 5855 multis,
2125 5785 2385 5842 accedens
2427 5781 2544 5852 quis
2576 5779 2817 5849 privatim
2863 5792 2983 5830 cum
3029 5774 3352 5842 imperatore
3389 5767 3444 5822 in

1865 5884 2184 5955 colloquium
2212 5881 2407 5948 veniat,
2435 5887 2747 5933 cunctorum
2775 5872 2960 5928 oculos
2985 5869 3049 5925 ad
3072 5884 3130 5925 se
3157 5865 3437 5929 convertit,
