3918 6382
487 417 592 473 76⁸1

494 552 666 607 eaque
695 537 902 591 ratione
929 536 990 590 fit
1029 533 1304 598 illustrior,
1350 533 1430 587 sic
1464 541 1518 587 et
1554 531 1826 586 orantibus
1863 530 2074 585 accidit.

489 627 672 696 Cogita
705 643 932 696 namque
966 634 1220 694 quantum
1257 624 1385 678 illud
1427 624 1497 678 sit
1535 623 1765 676 futurum
1787 664 1803 688 ,
1837 633 1894 676 ut
1931 637 2071 692 prce-

489 717 734 770 sentibus
757 717 958 787 angelis
976 757 990 779 ,
1018 715 1347 769 adstantibus
1372 713 1726 781 archangelis,
1756 711 2032 781 Seraphim
2051 753 2067 778 ,

489 808 798 871 Clierubitn,
818 808 1130 876 cafterisque
1151 805 1430 858 virtutibus
1458 805 1724 869 omnibus,
1746 821 1882 858 unus
1913 804 2072 857 homo

491 899 653 952 multa
697 915 818 954 cum
865 899 1054 952 fiducia
1094 897 1260 967 possit
1297 895 1585 961 accedere,
1643 905 1697 950 et
1733 911 1853 948 cum
1901 895 2068 949 virtu-

495 997 606 1041 tum
663 990 868 1042 illarum
914 1003 1038 1057 rege
1084 987 1347 1056 colloqui;
1391 1002 1516 1039 num
1555 985 1653 1040 hoc
1684 985 1760 1038 illi
1795 985 2077 1054 cujuslibet

493 1079 710 1133 honoris
737 1080 900 1133 instar
924 1078 1064 1133 erit?
1089 1077 1273 1147 Neque
1291 1092 1418 1132 vero
1445 1083 1646 1130 tantum
1674 1076 1952 1138 honorem,
1976 1075 2068 1128 sed

491 1171 770 1225 utilitatem
809 1186 1021 1241 quoque
1063 1171 1348 1224 maximam
1398 1183 1679 1239 possumus
1723 1184 1789 1223 ex
1833 1168 2072 1223 oratione

491 1263 814 1331 decerpere,
845 1262 929 1317 vel
959 1261 1121 1316 etiam
1147 1271 1427 1330 antequam
1458 1259 1510 1314 id
1539 1259 1679 1330 quod
1720 1259 1946 1328 petimus
1973 1260 2073 1314 ob-

493 1352 824 1406 tinuerimus.
865 1351 997 1406 Nam
1029 1351 1188 1405 simul
1233 1359 1394 1417 atque
1422 1365 1613 1404 manus
1651 1351 1704 1403 in
1733 1349 1928 1404 caelum
1957 1349 2076 1418 quis

491 1442 823 1507 extenderit,
872 1441 1145 1511 Deumque
1175 1440 1466 1504 invocarit,
1510 1438 1788 1494 confestim
1823 1454 1888 1494 ex
1916 1439 2075 1494 rebus

491 1533 723 1586 excessit
740 1531 1009 1597 humanis,
1036 1531 1102 1585 ad
1124 1530 1354 1585 futuram
1381 1531 1542 1584 vitam
1569 1539 1747 1585 mente
1769 1530 2073 1594 translatus,

492 1637 557 1676 ac
585 1621 834 1692 deinceps
863 1637 981 1692 qua:
1007 1631 1127 1676 sunt
1152 1622 1205 1676 in
1245 1621 1390 1675 caelis
1418 1623 1598 1674 animo
1625 1619 1890 1690 concipit;
1917 1620 2081 1675 nihil-

492 1727 599 1781 que
625 1727 747 1766 cum
785 1712 884 1766 hac
914 1712 1018 1765 vita
1047 1726 1329 1766 commune
1371 1721 1610 1781 tempore
1636 1711 1958 1781 precationis
1986 1711 2073 1764 hac

494 1803 604 1870 bet,
633 1805 679 1858 si
703 1803 984 1875 diligenter
1003 1814 1250 1875 precatus
1271 1804 1467 1860 fuerit:
1499 1804 1594 1859 sed
1624 1805 1747 1860 licet
1771 1804 2084 1859 effervescat

492 1892 763 1948 iracundia
787 1936 803 1960 ,
834 1893 987 1950 facile
1013 1895 1265 1950 sedatur:
1296 1895 1420 1950 licet
1444 1894 1708 1965 cupiditas
1733 1895 2044 1950 exardescat
2062 1934 2078 1964 ,

493 1983 885 2053 exstinguitur:
919 1985 1044 2040 licet
1070 1985 1268 2040 invidia
1299 1994 1575 2056 torqueat,
1607 1986 1770 2040 multa
1802 2001 1924 2040 cum
1951 1986 2078 2040 faci-

493 2079 642 2129 ILtate
671 2075 994 2145 depellitur:
1028 2077 1274 2147 idemque
1299 2078 1592 2147 contingit,
1633 2078 1776 2147 quod
1804 2079 2083 2134 exoriente

492 2165 608 2220 sole
634 2167 893 2237 propheta
935 2167 1064 2222 dicit
1102 2170 1431 2239 contingere.
1465 2169 1601 2237 Quid
1645 2171 1774 2225 illud
1809 2172 1929 2227 est?
1969 2171 2081 2225 Po-

497 2258 647 2311 suisti
677 2260 900 2312 tenebras
919 2301 934 2326 ,
968 2271 1014 2314 et
1049 2261 1185 2330 facta
1213 2272 1284 2316 est
1309 2277 1451 2316 nox:
1480 2262 1533 2315 in
1571 2262 1685 2330 ipsa
1713 2263 2084 2331 pertransibunt

497 2366 668 2403 omnes
689 2349 856 2404 bestia:
875 2352 1030 2421 sylva:
1051 2367 1070 2405 .'
1093 2353 1250 2406 catuli
1272 2352 1473 2406 leonum
1492 2354 1760 2423 rugientes,
1785 2362 1837 2405 ut
1858 2353 2081 2423 rapiant,

494 2448 542 2492 et
566 2448 790 2506 quierant
817 2456 848 2492 a
873 2438 984 2493 Deo
1025 2457 1190 2494 escam
1217 2443 1332 2495 sibi.
1373 2440 1527 2495 Ortus
1558 2451 1630 2496 est
1655 2443 1732 2496 sol
1749 2483 1764 2508 ,
1797 2451 1842 2495 et
1870 2459 2083 2513 congre-

494 2530 601 2600 gati
629 2539 763 2595 sunt,
794 2539 840 2584 et
866 2531 919 2584 in
952 2531 1197 2586 cubilibus
1223 2533 1327 2587 suis
1354 2532 1732 2606 collocabantur
1760 2533 1932 2605 (Psal.
1957 2533 2082 2588 105.

498 2620 709 2694 20-22).
739 2621 808 2677 Ut
854 2623 1013 2692 igitur
1037 2624 1198 2679 radiis
1223 2625 1350 2679 solis
1370 2609 1731 2682 exorientibus
1751 2627 1875 2682 fera:
1897 2642 2085 2682 omnes

496 2710 763 2782 fugantur,
793 2722 847 2768 et
876 2714 927 2766 in
954 2729 1048 2768 sua
1071 2715 1239 2769 lustra
1267 2715 1550 2771 discedunt
1574 2735 1587 2771 :
1619 2717 1690 2774 ita
1712 2719 1962 2773 nimirum
1995 2719 2083 2774 ubi

499 2812 767 2870 tamquam
795 2804 975 2859 radius
1003 2805 1218 2874 quidam
1242 2820 1310 2861 ex
1330 2823 1423 2862 ore
1449 2818 1633 2865 nostro
1655 2809 1938 2880 linguaque
1960 2826 2085 2865 ora-

497 2897 573 2952 tio
599 2912 719 2951 sese
759 2898 1040 2964 effuderit,
1088 2915 1208 2954 cum
1240 2916 1393 2955 mens
1436 2901 1788 2970 illuminatur,
1834 2914 1943 2958 tum
1986 2919 2084 2958 ex-

502 2998 679 3057 pertes
707 2989 927 3044 rationis
959 3006 1022 3045 ac
1050 2990 1299 3046 belluinae
1341 2992 1768 3061 perturbationes
1812 2995 2087 3064 aufugiunt

500 3087 557 3134 et
581 3079 882 3150 abiguntur,
905 3091 1062 3150 atque
1085 3081 1136 3134 in
1163 3096 1289 3136 suos
1314 3097 1506 3152 specus
1525 3083 1834 3149 abscedunt,
1859 3085 1901 3139 si
1925 3084 2084 3140 modo

494 3172 798 3243 diligenter,
827 3173 874 3227 si
904 3182 1108 3229 attento
1147 3175 1356 3238 animo,
1388 3176 1432 3229 si
1472 3184 1652 3230 mente
1677 3176 1916 3246 vigilanti
1959 3193 2084 3232 ora-

496 3263 750 3319 verimus.
781 3264 915 3319 Tum
945 3265 1070 3320 licet
1093 3265 1322 3321 adfuerit
1345 3267 1620 3334 diabolus,
1659 3269 1930 3338 abigitur:
1961 3270 2086 3325 licet

496 3355 739 3422 daemon,
783 3356 1002 3411 recedit.
1035 3356 1169 3410 Nam
1211 3357 1290 3423 si,
1337 3357 1556 3414 domino
1580 3360 1843 3430 colloquia
1875 3374 2086 3417 serente

496 3461 619 3499 cum
650 3461 826 3511 servo,
856 3449 1032 3505 nullus
1061 3464 1126 3503 ex
1155 3450 1429 3505 conservis
1452 3491 1468 3516 ,
1515 3467 1582 3505 ne
1625 3467 1690 3505 ex
1720 3452 1827 3506 illis
1869 3453 2084 3522 quidem

497 3539 585 3607 qui
612 3537 858 3592 flduciatn
886 3539 1026 3607 apud
1057 3540 1203 3594 illtnn
1234 3541 1509 3608 obtinent,
1546 3542 1766 3597 auderet
1792 3544 2082 3612 accedere,

495 3637 553 3683 et
578 3627 725 3682 illum
758 3629 1043 3685 obturbare
1067 3648 1080 3684 :
1116 3631 1284 3686 multo
1311 3633 1490 3687 minus
1515 3633 1566 3687 hi
1591 3648 1658 3688 ex
1683 3649 1870 3689 eorum
1899 3652 2086 3692 nume-

497 3735 579 3786 ro,
609 3721 699 3790 qui
741 3721 906 3774 Deum
935 3719 1298 3790 offenderunt,
1330 3739 1502 3794 neque
1532 3724 1777 3780 fiduciam
1805 3726 2081 3794 obtinent,

499 3811 652 3865 nobis
679 3811 730 3866 in
759 3811 996 3867 divinum
1022 3813 1344 3884 colloquium
1374 3815 1621 3871 admissis
1645 3818 1957 3888 obstrepere
1987 3835 2086 3889 po-

500 3910 710 3968 terunt,
750 3903 794 3958 si
824 3905 1147 3961 conveniens
1173 3906 1407 3961 studium
1443 3907 1460 3938 ί
1496 3907 1912 3964 adhibuerimus.
1953 3910 2087 3967 Ora-

500 3995 573 4050 tio
599 4005 784 4066 portus
812 4007 1126 4068 tempestate
1149 3999 1385 4070 jactatis,
1424 4000 1800 4058 fluctuantibus
1827 4004 2081 4073 anchora,

566 4127 584 4160 ι
620 4127 768 4190 Alius,
793 4129 1142 4182 convenientem
1163 4132 1497 4183 reverentiam.

1226 414 1284 470 ὃ.
1323 411 1602 469 JOANNIS
1638 374 2116 468 CllBYSOSTOMI
2156 409 2474 466 ARCIIIEP.
2515 409 3046 468 CONSTANTINOP.
3643 414 3735 472 768

2187 529 2356 598 scipio
2403 528 2786 594 titubantibus,
2836 541 3129 599 pauperum
3177 528 3486 592 thesaurus,
3536 528 3736 589 divitum

2181 621 2459 687 securitas,
2489 621 2793 675 morborum
2819 620 3045 685 curatio,
3075 619 3313 674 custodia
3338 621 3591 675 sanitatis.
3618 621 3737 676 Ora-

2183 712 2257 765 tio
2273 711 2428 765 simul
2451 721 2504 766 et
2524 712 2660 765 bona
2683 712 2833 766 nobis
2849 712 3065 765 immota
3088 721 3388 777 conservat,
3411 720 3463 765 et
3481 710 3737 768 Confestim

2183 802 2322 856 mala
2353 811 2668 856 transmutat
2695 820 2706 854 :
2738 803 2849 855 sive
2879 801 3104 856 tentatio
3134 801 3420 867 invaserit,
3451 802 3600 857 facile
3626 819 3740 872 pro-

2181 894 2458 963 pulsatur:
2507 894 2622 948 sive
2667 894 3008 963 pecuniarum
3045 893 3288 963 jactura,
3332 895 3446 949 sive
3489 896 3740 964 quodlibet

2163 984 2324 1048 aliud
2349 998 2532 1038 eorum
2551 1025 2565 1050 ,
2593 999 2713 1054 quae
2737 985 3033 1038 molestiam
3063 984 3255 1037 anima:
3284 992 3479 1039 nostrae
3507 988 3737 1052 inurunt,

2181 1083 2370 1128 cuncta
2396 1089 2557 1144 quam
2587 1075 2816 1144 primum
2847 1074 3075 1144 repellit.
3104 1072 3288 1128 Oratio
3315 1075 3557 1130 mteroris
3583 1077 3743 1132 omnis

2184 1163 2467 1232 refugium,
2502 1163 2788 1218 hilaritatis
2813 1171 3185 1234 argumentum
3207 1203 3224 1230 ,
3256 1164 3468 1220 occasio
3494 1175 3741 1233 perpetua:

2186 1255 2472 1324 voluptatis
2493 1295 2508 1318 ,
2551 1253 2902 1324 philosophia:
2933 1263 3123 1308 mater.
3152 1254 3251 1320 Qui
3282 1253 3561 1324 diligenter
3587 1263 3742 1322 potest

2185 1359 2359 1410 orare,
2384 1344 2510 1398 licet
2536 1345 2773 1398 omnium
2803 1345 2873 1399 sit
2894 1345 3289 1414 pauperrimus,
3316 1353 3491 1398 tamen
3520 1345 3736 1398 omnium

2185 1445 2266 1490 est
2291 1435 2585 1490 ditissimus
2609 1453 2622 1490 ε
2653 1445 2711 1490 ιιι
2738 1437 2827 1506 qui
2851 1436 3094 1490 oratione
3118 1435 3406 1490 destitutus
3431 1444 3530 1499 est,
3559 1435 3672 1489 licet
3694 1435 3740 1488 in

2185 1540 2300 1594 ipso
2330 1525 2476 1595 regio
2497 1525 2692 1580 throno
2726 1525 2938 1590 sedeat,
2970 1526 3207 1579 omnium
3228 1535 3313 1580 est
3340 1527 3739 1596 pauperrimus‘.

2184 1616 2373 1672 Nonne
2397 1633 2486 1671 rex
2517 1626 2632 1673 erat
2660 1616 2864 1682 Achab,
2894 1625 2950 1671 et
2978 1619 3082 1672 vim
3117 1619 3230 1671 auri
3259 1619 3566 1688 argentique
3592 1617 3738 1673 habe-

2186 1708 2275 1762 bat
2299 1707 2656 1762 immensam?
2681 1709 2751 1763 At
2775 1710 3028 1779 quoniam
3055 1709 3354 1764 orationem
3386 1725 3488 1764 non
3515 1709 3738 1776 habebat,

2185 1799 2357 1853 Eliam
2385 1814 2631 1870 quaerens
2655 1801 3004 1866 circumibat,
3034 1799 3341 1866 hominem,
3372 1801 3463 1871 qui
3488 1817 3648 1872 neque
3668 1801 3741 1855 di-

2185 1890 2480 1944 versorium
2500 1929 2517 1956 ,
2559 1905 2734 1961 neque
2765 1900 2967 1946 vestem
2997 1892 3262 1958 habebat,
3307 1891 3400 1948 sed
3425 1894 3643 1948 meloten
3667 1907 3743 1947 so-

2186 1980 2314 2035 lam.
2343 1981 2479 2048 Quid
2511 1983 2612 2036 hoc
2655 1983 2758 2038 sibi
2798 1983 2946 2051 vult,
2995 1985 3210 2054 quaeso?
3253 1983 3334 2040 Tu
3370 1985 3457 2055 qui
3501 1995 3572 2038 tot
3599 1984 3743 2039 habes

2185 2073 2502 2144 apothecas,
2531 2091 2651 2129 eum
2678 2076 2768 2147 qui
2798 2075 2931 2130 nihil
2955 2075 3116 2131 habet
3139 2077 3385 2146 quaeris?
3429 2077 3500 2131 Ita
3537 2085 3639 2141 est,
3669 2075 3740 2130 itt-

2185 2168 2299 2237 quit
2327 2185 2340 2221 :
2369 2184 2489 2222 nam
2516 2167 2641 2238 quid
2671 2168 2799 2222 mihi
2827 2169 3040 2225 tandem
3067 2180 3294 2238 prosunt
3315 2170 3430 2224 haec
3458 2179 3739 2238 promptua-

2189 2259 2286 2322 ria,
2317 2273 2438 2314 cum
2468 2259 2554 2314 hic
2581 2259 2732 2314 nobis
2756 2261 2950 2315 ctelum
2975 2261 3243 2325 clauserit,
3276 2271 3331 2315 et
3361 2261 3557 2315 inutilia
3577 2266 3740 2314 cuncta

2188 2348 2509 2404 reddiderit?
2539 2349 2718 2412 Vides,
2764 2359 2820 2404 ιιι
2848 2350 2935 2404 hic
2960 2351 3052 2405 illo
3080 2351 3241 2405 fuerit
3267 2351 3600 2421 opulentior?
3628 2349 3740 2403 Nam

2187 2454 2464 2510 quousque
2501 2457 2686 2497 vocem
2716 2442 2804 2496 hic
2839 2443 3140 2510 emitteret,
3173 2443 3228 2498 in
3272 2443 3436 2498 multa
3465 2452 3739 2513 paupertate

2188 2547 2280 2587 rex
2305 2548 2426 2586 cum
2456 2541 2567 2588 toto
2591 2535 2844 2589 comitatu
2866 2535 3199 2590 versabatur.
3226 2535 3274 2590 0
3301 2551 3412 2589 rem
3439 2535 3736 2590 mirabiletul

2188 2623 2265 2678 Ne
2301 2633 2503 2678 vestem
2534 2625 2746 2694 quidem
2790 2625 3012 2693 habuit,
3057 2636 3113 2682 et
3155 2627 3353 2682 caelum
3380 2628 3597 2682 clausit:
3639 2625 3741 2680 ideo

2189 2713 2439 2768 nimirum
2467 2717 2653 2770 caelum
2674 2716 2880 2783 clausit,
2909 2719 3033 2788 quia
3053 2728 3261 2772 vestem
3287 2734 3393 2772 non
3416 2718 3612 2780 habuit;
3636 2715 3737 2786 quia

2189 2803 2320 2858 nihil
2353 2805 2438 2860 hic
2459 2807 2729 2877 possedit,
2775 2807 2975 2863 idcirco
3020 2809 3245 2862 multam
3272 2800 3510 2863 exhibuit
3537 2817 3740 2878 potesta-

2191 2902 2333 2961 tem;
2366 2913 2488 2950 cum
2528 2897 2672 2952 labra
2721 2908 2924 2953 tantum
2975 2899 3311 2967 diduxisset,
3359 2913 3414 2954 ut
3456 2899 3742 2955 innumerie

2189 2988 2322 3042 caelo
2350 2989 2580 3044 thesauri
2609 2990 2988 3046 delaberentur
3016 2991 3210 3047 effecit.
3242 2992 3288 3046 0
3311 3000 3544 3048 sanctum
3569 3006 3642 3054 os,
3669 2988 3736 3045 cui

2191 3077 2363 3134 fontes
2402 3080 2656 3135 imbrium
2684 3081 2928 3136 inerant!
2967 3097 3000 3136 ο
3036 3081 3274 3152 linguam
3301 3082 3471 3138 stillas
3493 3079 3738 3136 effunden-

2193 3171 2334 3225 tem!
2381 3186 2414 3224 ο
2459 3186 2643 3226 vocem
2687 3172 2841 3227 bonis
2887 3173 3182 3228 innumeris
3226 3171 3632 3229 scaturientem!
3672 3167 3742 3223 Ad

2191 3261 2333 3316 hunc
2359 3263 2517 3333 igitur
2549 3272 2761 3319 nostros
2785 3280 2998 3335 semper
3025 3265 3210 3320 oculos
3239 3273 3603 3321 convertentes
3629 3275 3744 3331 pau-

2192 3367 2373 3422 perem
2404 3353 2560 3408 simul
2589 3363 2645 3410 et
2665 3353 2884 3410 divitem
2903 3396 2918 3422 ,
2949 3354 3041 3426 qui
3065 3355 3216 3411 dives
3265 3356 3461 3412 idcirco
3487 3353 3610 3418 fuit,
3639 3350 3741 3420 quis

2193 3458 2394 3512 pauper
2419 3445 2535 3511 fuit,
2567 3457 2978 3503 contemnamus
3002 3447 3314 3518 praesentia,
3337 3446 3740 3516 concupiscamus

2190 3535 2408 3590 futura:
2451 3538 2529 3593 sic
2571 3539 2714 3593 enim
2759 3547 2814 3594 et
2858 3555 2978 3609 quae
3022 3539 3109 3594 hic
3147 3549 3314 3605 sunt,
3372 3548 3438 3602 et,
3467 3552 3576 3608 qua:
3617 3535 3742 3598 illic,

2190 3626 2366 3680 omnia
2399 3626 2536 3681 bona
2565 3643 2982 3699 consequemur.
3015 3629 3145 3699 Quae
3171 3631 3328 3686 nobis
3360 3629 3596 3684 omnibus
3623 3638 3738 3693 pra:-

2189 3728 2332 3774 stare
2375 3720 2625 3790 dignetur
2673 3723 2841 3792 gratia
2893 3730 2948 3778 et
2997 3723 3304 3792 benignitas
3354 3721 3552 3776 Domini
3597 3713 3748 3772 nostri

2189 3807 2314 3864 Jesu
2341 3810 2574 3879 Christi,
2614 3827 2737 3868 cum
2779 3829 2886 3883 quo
2922 3813 3067 3868 Patri
3093 3813 3264 3884 gloria
3293 3813 3549 3882 simulque
3583 3815 3751 3863 sancto

2191 3898 2446 3969 Spiritui,
2491 3918 2633 3958 nunc
2671 3913 2726 3960 et
2765 3918 2978 3974 semper
3005 3914 3061 3960 et
3097 3905 3151 3958 in
3181 3905 3378 3960 saecula
3418 3901 3740 3961 saeculorum,

2191 3993 2386 4048 Amen.

2256 4083 2272 4114 ¹
2310 4091 2397 4149 Pro
2419 4083 2602 4145 verbis,
3003 4095 3163 4138 Nonne
3191 4093 3409 4149 rexerat
3431 4075 3741 4135 Achab25avil.

2189 4151 2242 4193 et
2263 4145 2459 4207 quidam
2481 4152 2610 4206 Mss,
2626 4145 3006 4211 pauperrimis;
3025 4154 3200 4199 etenim
3216 4148 3396 4207 achab,
3421 4153 3513 4197 etc.

530 4233 3740 4266 .________.__._______________________________________

502 4323 571 4368 ut
613 4314 924 4381 nELtQUA‘
971 4329 1292 4374 ADVERSUS
1338 4330 1748 4388 EERETICOS,
1794 4333 1876 4376 ET
1936 4335 2018 4376 DE
2060 4335 2081 4377 .t

2190 4335 2314 4380 ICIO
2356 4337 2566 4391 ATQUE
2623 4339 3082 4398 ELEEHOSYNA,
3142 4342 3224 4384 ΕΤ
3280 4341 3344 4385 η(
3389 4328 3742 4383 ΡΙΞέΊἹἹἹΟΝΕῗις

1659 4432 1895 4477 MATIUS
1938 4435 2249 4508 FILIORUM
2292 4439 2605 4482 ZEBEDEI.

1923 4541 2345 4598 πέψω

1060 4666 1281 4706 Βοκιιυι
1319 4667 1551 4709 OCTAVA.

579 4739 627 4792 1.
671 4738 748 4792 Ex
777 4738 920 4793 bello
947 4742 1147 4795 reversi
1183 4742 1435 4798 hesterno
1463 4743 1552 4800 die
1594 4760 1798 4815 sumus,
1832 4763 1899 4804 ex
1942 4750 2086 4807 bello

505 4846 784 4902 pugnaque
831 4847 953 4886 cum
984 4833 1252 4890 hteretieis
1279 4836 1585 4905 commissa,
1628 4841 1885 4910 sanguine
1924 4843 2084 4899 tincta

502 4931 749 4992 gerentes
790 4939 958 4988 arma,
1003 4925 1234 4995 gladium
1281 4926 1442 4982 Verbi
1471 4939 1772 4995 cruentum,
1805 4949 1914 4989 non
1963 4951 2090 5006 pro-

504 5017 685 5071 stratis
709 5015 1045 5084 corporibus,
1074 5017 1164 5070 sed
1193 5018 1428 5073 consiliis
1455 5019 1743 5076 destructis
1767 5033 1814 5077 et
1853 5029 1990 5079 omni
2013 5027 2091 5081 al-

505 5107 736 5172 titudine,
776 5124 889 5178 qua
923 5109 1161 5164 adversus
1184 5109 1280 5163 Dei
1324 5112 1344 5143 ³
1397 5113 1657 5168 scientiam
1697 5131 1751 5170 se
1790 5120 1984 5174 extollit
2009 5121 2087 5192 (2.

505 5197 622 5251 Cor.
656 5199 742 5253 10.
773 5201 852 5269 5).
893 5200 1019 5256 Tale
1045 5217 1276 5272 namque
1303 5218 1469 5274 genus
1495 5213 1578 5260 est
1599 5222 1789 5278 pugnae
1817 5209 1994 5280 hujus,
2026 5228 2090 5269 ac

505 5290 730 5358 proinde
759 5292 876 5347 talis
897 5303 978 5347 est
1005 5309 1276 5349 armorum
1298 5305 1484 5350 natura
1514 5315 1528 5350 ε
1553 5314 1779 5366 quorum
1798 5312 2087 5374 utrumque

505 5380 706 5436 docens
733 5381 921 5438 beatus
947 5382 1140 5439 Paulus
1167 5385 1413 5442 dicebat:
1442 5387 1582 5442 Nam
1607 5407 1752 5445 arma
1777 5391 1974 5448 militia:
2000 5412 2094 5449 no-

507 5479 624 5524 stra:
649 5488 751 5525 non
775 5474 1004 5527 carnalia
1023 5485 1138 5530 sunt
1158 5491 1177 5530 :
1205 5477 1294 5530 sed
1324 5480 1544 5549 potentia
1565 5479 1676 5536 Deo
1696 5482 1766 5536 ad
1789 5483 2092 5540 destructio-

512 5573 620 5613 nem
646 5563 999 5627 munitionum,
1033 5566 1241 5619 consilia
1268 5569 1595 5638 destruentia,
1622 5581 1666 5626 et
1692 5590 1886 5630 omnem
1916 5575 2092 5630 altitu-

572 5709 589 5773 ξ
627 5711 732 5772 Alit,
754 5715 986 5773 ejusdem.

573 5771 594 5804 ⁸
623 5779 698 5824 Sic
716 5771 859 5824 εαξη.
885 5785 937 5826 et
957 5785 1045 5828 Mss
1090 5780 1270 5844 March,
1295 5779 1487 5833 Christi.

2195 4680 2364 4734 dinem
2404 4681 2721 4736 extollentem
2756 4697 2812 4736 se
2847 4681 3085 4736 adversus
3125 4681 3382 4736 scientiam
3410 4679 3506 4733 Dei
3528 4676 3597 4748 (2.
3640 4671 3737 4727 Cor.

2195 4771 2284 4828 10.
2315 4771 2393 4845 4).
2416 4775 2554 4828 Sane
2579 4772 2793 4842 quidem
2821 4783 3094 4844 oporteret
3119 4773 3205 4840 iis,
3229 4775 3319 4845 qui
3348 4773 3634 4833 abfuerunt,
3661 4764 3742 4818 be-

2194 4870 2405 4917 sternos
2424 4863 2624 4918 referre
2650 4879 2826 4931 casus,
2858 4873 2914 4920 et
2950 4864 3122 4919 aciem
3154 4865 3461 4920 instructam
3491 4867 3738 4916 enarrare,

2194 4955 2525 5020 conflictum,
2558 4955 2858 5023 victoriam,
2891 4965 3090 5026 tropaea
3119 4973 3136 5010 :
3165 4955 3259 5011 sed
3288 4971 3354 5010 ne
3383 4969 3474 5008 vos
3501 4947 3740 5018 negligen-

2197 5045 2361 5100 tiores
2387 5045 2695 5113 reddamus,
2727 5045 2809 5101 his
2837 5047 3235 5117 praetermissis,
3266 5056 3321 5100 ut
3354 5045 3550 5115 jactura
3576 5038 3742 5092 stimu-

2199 5137 2288 5191 lati
2319 5137 2686 5208 diligentiores
2725 5139 2864 5195 ﬁatis
2889 5155 3005 5204 vos,
3036 5141 3126 5210 qui
3157 5139 3414 5204 abfuistis,
3451 5134 3515 5190 ad
3543 5147 3616 5195 ea,
3643 5141 3743 5198 qme

2197 5239 2512 5299 sequuntur,
2539 5229 2699 5287 hodie
2725 5235 2948 5301 gradum
2983 5232 3236 5287 faciemus
3264 5248 3279 5285 :
3307 5227 3446 5301 quod
3471 5227 3513 5282 si
3542 5223 3651 5294 quis
3671 5217 3743 5272 di-

2199 5322 2368 5394 figens
2411 5322 2570 5380 fuerit
2609 5333 2663 5380 et
2688 5333 2943 5392 attentus,
2975 5341 3044 5381 ex
3089 5325 3154 5379 iis
3191 5324 3281 5395 qui
3321 5319 3653 5376 interfuerunt
3689 5322 3741 5362 ea

2198 5431 2317 5486 qua:
2346 5424 2474 5472 sunt
2498 5432 2528 5470 a
2562 5419 2714 5473 nobis
2740 5418 2994 5474 hesterno
3022 5418 3109 5474 die
3137 5419 3276 5473 dicta
3308 5418 3594 5484 cognoscet.
3623 5404 3741 5459 Tan-

2203 5516 2308 5561 tam
2338 5508 2481 5562 enim
2517 5509 2845 5564 alacritatem
2875 5509 3038 5564 animi
3067 5509 3221 5564 nobis
3247 5506 3586 5563 exhibueruut
3609 5493 3741 5548 audi-

2201 5607 2364 5664 tores,
2393 5606 2449 5653 ut
2471 5601 2706 5670 acceptis
2733 5602 2983 5656 omnibus
3004 5601 3220 5656 domum
3243 5594 3565 5655 recesserint,
3591 5595 3739 5653 neque

2199 5688 2488 5759 quidquam
2533 5706 2739 5760 eorum,
2783 5707 2903 5762 quae
2936 5692 3078 5747 dicta
3117 5691 3343 5754 fuerant,
3385 5685 3478 5741 sibi
3521 5673 3736 5736 excidere

2205 5783 2347 5852 ImSi
2376 5780 2588 5839 fuerim»
2619 5783 2803 5855 Itaque
2837 5784 2921 5840 illa
2953 5783 3163 5855 quidem
3191 5775 3508 5852 cognoscetis
3530 5787 3586 5829 ex
3614 5765 3726 5820 illis:
