3918 6364
182 315 281 372 767

180 430 286 487 τῶν
332 432 652 505 εὐχομένων
682 437 876 507 γένοιτ’
907 440 993 496 ἄν,
1040 443 1324 515 Ἐννόησον
1369 442 1480 515 γὰρ
1532 442 1762 512 πηλίκον

179 515 331 571 ἔσται
357 518 610 588 ἀγγέλων
655 523 960 594 παρόντων,
992 526 1349 599 ἀρχαγγέλων
1377 526 1763 598 παρεστώτων,

182 599 290 654 τῶν
327 601 604 676 Σεραφὶμ,
655 607 763 660 τῶν
819 609 1122 682 Χερουϐὶμ,
1169 610 1280 664 τῶν
1311 609 1487 665 ἄλλων
1538 610 1767 664 ἀπασῶν

177 683 487 755 δυνάμεων,
523 687 690 742 αὐτὸν
717 689 1004 761 ἄνθρωπον
1052 692 1183 747 ὄντα
1212 693 1349 763 μετά
1378 692 1585 764 πολλῆς
1607 693 1769 746 δύνα-

180 765 308 819 σθαι
337 769 628 838 προσιέναι
662 772 761 843 τῆς
792 775 1140 846 παρρησίας,
1177 775 1272 829 καὶ
1302 775 1381 846 τῷ
1413 774 1623 845 βασιλεῖ
1657 774 1768 828 τῶν

176 848 467 919 δυνάμεων
500 853 726 908 ἐκείνων
762 855 1145 926 διαλέγεσθαι·
1178 858 1356 929 πόσης
1391 857 1551 912 τοῦτο
1575 858 1675 912 οὐκ
1701 858 1768 913 ἂν

176 932 438 998 ἀντάξιον
486 934 572 1006 εἴη
626 940 833 1009 τιμῆς;
893 941 969 994 Οὐ
1009 941 1147 1012 τιμὴ
1183 940 1240 994 δὲ
1274 941 1458 1012 μόνον,
1499 939 1636 994 ἀλλά
1671 940 1768 994 καὶ

178 1013 424 1082 ὠφέλεια
455 1018 689 1091 μεγίστη
718 1021 917 1090 γένοιτ’
943 1023 1011 1078 ἂν
1037 1025 1171 1096 ἡμῖν
1204 1024 1312 1078 ἀπὸ
1342 1028 1442 1096 τῆς
1468 1025 1655 1095 εὐχῆς,
1672 1024 1769 1078 καὶ

178 1098 314 1169 πρὶν
360 1099 394 1170 ἢ
445 1100 632 1155 λαϐεῖν
682 1105 821 1176 ὅπερ
865 1106 1149 1178 αἰτοῦμεν.
1197 1106 1367 1178 ὐμοῦ
1412 1124 1473 1161 τε
1528 1108 1638 1178 γάρ
1684 1123 1769 1170 τις

176 1181 423 1236 ἀνέτεινε
462 1185 563 1249 τὰς
589 1189 783 1257 χεῖρας
816 1191 897 1254 εἰς
935 1192 1027 1245 τὸν
1056 1190 1311 1264 οὐρανὸν,
1363 1193 1460 1246 καὶ
1506 1192 1599 1245 τὸν
1634 1191 1770 1245 Θεὸν

179 1264 435 1332 ἐκάλεσε,
464 1269 559 1322 καὶ
599 1271 819 1326 πάντων
849 1273 1051 1338 εὐθέως
1096 1274 1308 1346 ἀπέστη
1348 1275 1458 1329 τῶν
1489 1274 1772 1346 ἀνθρωπί-
1793 1287 1807 1297 “

176 1366 289 1402 νων
321 1353 693 1423 πραγμάτων,
726 1357 822 1410 καὶ
855 1357 1090 1429 μετέστη
1142 1361 1207 1430 τῇ
1251 1359 1460 1431 διανοίᾳ
1503 1360 1641 1432 πρὸς
1669 1360 1770 1431 τὴν

181 1431 488 1503 μέλλουσαν
508 1434 676 1509 ζωὴν,
718 1439 896 1493 καὶτὰ
928 1441 986 1494 ἐν
1020 1443 1135 1505 τοῖς
1160 1442 1411 1514 οὐρανοῖς
1439 1431 1770 1512 φαντάζεται

177 1516 390 1582 λοιπὸν,
418 1520 513 1574 καὶ
541 1520 696 1576 οὐδὲν
722 1525 861 1594 πρὸς
883 1525 981 1596 τὴν
1003 1525 1286 1598 παροῦσαν
1308 1527 1423 1598 ἔχει
1446 1526 1612 1598 ζωὴν,
1628 1528 1771 1583 κατά

177 1602 271 1655 τὸν
308 1603 500 1675 καιρὸν
529 1605 633 1677 τῆς
660 1606 847 1679 εὐχῆς,
878 1609 974 1662 ἐὰν
1007 1610 1148 1681 μετά
1175 1611 1469 1683 ἀκριϐείας
1499 1611 1731 1684 εὔχηται
1753 1630 1768 1646 ο

342 1685 449 1741 κᾶν
473 1687 647 1761 θυμὸς
683 1691 911 1765 ἀναζέῃ,
938 1692 1250 1765 κοιμίζεται
1282 1695 1504 1768 ῥᾳδίως,
1524 1695 1628 1751 κᾶν
1650 1698 1771 1750 ἐπι-

176 1767 355 1837 θυμία
415 1770 615 1847 φλέγῃ,
678 1773 990 1840 σϐέννυται,
1046 1776 1153 1831 κᾶν
1184 1767 1379 1848 φθόνος
1422 1779 1589 1851 τήκῃ,
1631 1779 1772 1850 μετά

175 1852 387 1925 πολλῆς
432 1854 531 1925 τῆς
583 1857 836 1923 εὐκολίας
863 1858 1259 1915 ἀπελαύνεταιο
1303 1862 1400 1916 καὶ
1433 1863 1593 1917 τοῦτο
1624 1864 1771 1933 γίνε-

172 1952 294 1999 ται,
323 1937 462 2010 ὅπερ
492 1940 520 1991 6
553 1942 840 2013 προφήτης
877 1941 1048 2011 λέγει,
1091 1943 1409 2015 ἀνίσχοντος
1448 1946 1546 2000 τοῦ
1588 1946 1769 2017 ἡλίου.

174 2019 242 2070 Τί
273 2019 332 2072 δὲ
366 2021 578 2087 ἐκεῖνός
631 2042 832 2097 φησιν;
868 2029 1051 2082 Ἔθου
1093 2029 1340 2096 σκότος,
1388 2029 1490 2085 καί
1532 2030 1772 2101 ἐγένετο

172 2104 296 2168 νύξ
320 2120 335 2135 ’
368 2106 439 2159 ἐν
469 2104 628 2175 αὐτῇ
674 2108 1051 2165 διελεύσεται
1091 2112 1292 2167 πάντα
1337 2113 1410 2167 τὰ
1458 2115 1633 2183 θηρία
1663 2115 1772 2169 τοῦ

173 2186 410 2256 δρυμοῦ
432 2229 447 2255 ,
503 2192 764 2261 σκύμνοι
815 2193 1144 2265 ὠρυόμενοι
1196 2195 1305 2251 τοῦ
1351 2198 1618 2266 ἁρπάσαι
1673 2200 1772 2253 καί

174 2266 433 2339 ζητῆσαι
462 2276 623 2343 παρά
658 2276 766 2330 τοῦ
787 2276 937 2331 Θεοῦ
964 2289 991 2318 α
1017 2278 1257 2347 ,βρῶσιν
1277 2281 1484 2347 αὐτοῖς
1505 2298 1519 2312 ·
1548 2281 1773 2337 ἀνέτει-

171 2357 293 2439 λεν
330 2359 365 2411 ό
395 2356 598 2439 ᾔλιος,
639 2361 738 2414 καὶ
768 2360 1194 2431 συνήχθησαν,
1231 2366 1333 2417 καὶ
1366 2367 1452 2431 εἰς
1486 2365 1595 2431 τὰς
1619 2365 1774 2436 μάν-

173 2438 327 2508 δρας
371 2440 574 2496 αὐτῶν
633 2444 1162 2513 κοιτασθήσονται.
1225 2448 1438 2521 Ὥσπερ
1509 2445 1603 2503 οῦν
1673 2449 1774 2521 τῆς

172 2527 399 2591 ἀκτῖνος
431 2527 761 2601 ἀνισχούσης
779 2530 959 2585 πάντα
982 2531 1344 2601 φυγαδεύεται
1368 2532 1440 2587 τά
1464 2533 1655 2605 θηρία,
1678 2536 1774 2589 καὶ

173 2609 320 2681 πρὸς
364 2611 494 2675 τούς
528 2612 771 2682 φωλεοὺς
814 2615 943 2680 τοὺς
987 2616 1196 2670 ἑαυτῶν
1234 2617 1562 2671 καταδύεται
1589 2636 1602 2650 ’
1630 2616 1774 2673 οὕτω

174 2691 241 2764 δὴ
262 2694 368 2764 τῆς
393 2694 556 2767 εὐχῆς
576 2735 592 2761 ,
620 2695 809 2770 ὥσπερ
831 2698 979 2763 τινὸς
1001 2700 1218 2763 ἀκτῖνος
1243 2700 1356 2756 ἀπὸ
1378 2700 1473 2754 τοῦ
1505 2700 1774 2771 στόματος

174 2775 273 2830 τοῦ
305 2778 579 2852 ἡμετέρου
616 2781 712 2834 καὶ
745 2781 846 2854 τῆς
874 2780 1122 2853 γλώττης
1166 2784 1537 2856 ἀναφανείσης
1560 2825 1574 2844 .
1603 2785 1772 2855 φωτί-

175 2858 333 2926 ζεται
368 2861 470 2931 μὲν
498 2865 531 2935 ἡ
562 2863 794 2929 διάνοια,
828 2865 1009 2921 πάντα
1029 2867 1087 2920 δὲ
1110 2865 1178 2921 τά
1208 2866 1380 2936 ἄλογα
1409 2869 1505 2922 καὶ
1532 2866 1771 2940 θηριώδη

174 2943 330 3014 πάθη
361 2944 687 3016 δραπετεύει
732 2948 828 3002 καὶ
870 2949 1230 3020 φυγαδεύεται
1256 2990 1272 3015 ,
1303 2950 1398 3004 καὶ
1425 2950 1562 3023 πρὸς
1593 2951 1721 3014 τοὺς
1743 2951 1773 2993 δ

174 3028 419 3092 οἰκείους
464 3031 795 3086 καταδύεται
826 3032 1071 3102 φωλεοὺς
1094 3073 1110 3097 ,
1144 3035 1306 3105 μόνον
1343 3033 1410 3088 ἂν
1440 3035 1578 3105 μετά
1614 3036 1776 3107 ἀκρι-

174 3110 340 3175 ϐείας
365 3111 659 3186 εὐχώμεθα
680 3155 696 3179 ,
724 3114 793 3170 ἂν
824 3115 967 3185 μετὰ
1005 3116 1187 3188 ψυχῆς
1217 3118 1654 3190 διεγηγερμένης
1680 3119 1775 3172 καὶ

174 3194 423 3260 διανοίας
466 3199 766 3271 νηφούσης.
798 3199 936 3253 Τότε
980 3201 1086 3256 κᾶν
1132 3201 1377 3265 διάϐολος
1410 3203 1561 3273 παρῇ
1594 3218 1775 3271 φυγα-

176 3276 399 3333 δεύεται
424 3318 441 3343 ,
475 3278 576 3334 κᾶν
611 3281 823 3352 δαίμων
848 3323 864 3347 ,
896 3284 1193 3355 ἀναχωρεῖ.
1241 3283 1305 3337 Εἰ
1335 3283 1445 3357 γὰρ
1475 3283 1662 3358 οἰκέτῃ
1685 3283 1772 3336 δε-

180 3361 385 3417 σπότου
410 3363 798 3436 διαλεγομένου
815 3405 830 3430 ,
856 3366 1030 3430 οὐδεὶς
1057 3366 1123 3421 ἂν
1156 3367 1266 3422 τῶν
1295 3367 1620 3432 συνδούλων,
1651 3365 1774 3422 οὐτε

177 3461 265 3509 τις
318 3444 430 3499 τῶν
476 3449 790 3520 παρρησίαν
840 3449 1076 3519 ἐχόντων
1117 3451 1437 3521 προσελθεῖν
1482 3452 1775 3525 τολμήσειε

179 3528 280 3581 καὶ
308 3528 695 3610 διενοχλῆσαιᾼ,
727 3532 909 3605 πολλῷ
939 3533 1142 3604 μᾶλλον
1172 3529 1319 3590 οὗτοι
1338 3577 1360 3604 ,
1393 3535 1505 3591 τῶν
1537 3554 1777 3610 προσκε-

180 3611 499 3694 κρουκότων
527 3608 680 3680 ὄντες
708 3617 803 3670 καὶ
844 3616 1316 3691 ἀπαρρησιάστων
1339 3659 1356 3679 .
1387 3621 1490 3675 οὐκ
1519 3608 1768 3694 ἂνήδυνη·

182 3693 328 3750 θεῖεν
359 3697 492 3768 ἡμῖν
514 3699 801 3773 ἐνοχλῆσαι
831 3700 910 3773 τῷ
931 3700 1052 3774 Θεῷ
1079 3702 1483 3776 διαλεγομένοις
1512 3704 1652 3777 μετά
1675 3693 1776 3778 τῆς

245 3840 400 3908 ξλειῆ
421 3843 491 3908 te“?
515 3844 645 3908 ριιῑ».

245 3902 278 3972 13
302 3904 392 3954 Sic
422 3902 575 3956 Sévil.
601 3902 657 3956 ει
677 3907 888 3958 maxima
918 3922 1032 3972 pars
1053 3921 1171 3960 mss.
1191 3909 1367 3961 Morel.
1402 3923 1525 3962 vero
1545 3910 1776 3962 καὶκατὰ

185 3963 442 4079 “gilius
458 4030 795 4093 προσηκούσης
819 4038 975 4094 τιμῆςο

891 324 979 381 DE
1013 326 1237 384 ΡΕΤΙΤ.
1276 327 1529 384 FILIOR.
1572 326 1913 393 ZEBEDJEI,
1952 328 2233 386 CONTRA
2271 330 2660 390 ANOMGSOS.
2702 326 2839 388 VIII.

3355 328 3459 385 768

1869 443 2253 517 προσηκούσης
2293 447 2531 519 σπουδῆς
2568 458 2614 502 ο.
2650 447 2805 521 [515]
2848 445 3000 518 Εὐχὴ
3043 444 3460 518 χειμαζομένων

1867 525 2053 599 λιμὴν,
2073 528 2550 602 κλυδωνιζομένων
2585 531 2818 603 ἄγκυρα,
2857 529 3231 601 σαλευομένων
3265 531 3458 606 βακτη.

1870 611 1962 682 ρία
1984 652 2000 676 ,
2057 614 2303 685 πενήτων
2353 613 2626 684 θησαυρὸς
2647 653 2663 679 ,
2729 612 3103 667 πλουτούντων
3151 615 3457 684 ἀσφάλεια.

1868 696 2191 766 νοσημάτων
2223 696 2522 768 ἀναίρεσις,
2552 697 2764 766 ὑγιείας
2796 696 3011 767 φυλακὴ
3032 713 3046 727 ·
3076 696 3211 769 εὐχὴ
3239 699 3335 752 καὶ
3389 700 3461 754 τά

1868 777 2049 846 ἀγαθά
2096 780 2227 850 ἡμῖν
2276 779 2511 851 ἀκίνητα
2544 780 2830 852 διατηρεῖ,
2882 781 2978 833 καὶ
3008 779 3081 834 τὰ
3107 780 3253 834 κακὰ
3289 798 3458 852 μετα-

1871 859 2054 915 ϐάλλει
2086 862 2325 933 ταχέως
2359 862 2463 917 κᾶν
2491 863 2803 936 πειρασμὸς
2831 863 3063 935 ἐπέλθῃ,
3094 863 3295 935 ῥᾳδίως
3324 863 3461 918 ἀπο-

1869 942 2155 1013 κρούεται,
2190 944 2292 1000 κᾶν
2336 945 2511 1018 ζημία
2543 947 2843 1018 χρημάτων
2866 984 2882 1011 ,
2915 946 3020 1000 κᾶν
3056 944 3234 999 ὁτιοῦν
3270 945 3460 1018 ἕτερον

1868 1027 1977 1080 τῶν
1997 1027 2060 1081 λυ
2070 1046 2168 1082 που
2177 1029 2353 1100 μένων
2380 1028 2539 1101 ἡμῶν
2565 1030 2664 1100 τὴν
2690 1029 2893 1100 ψυχὴν,
2922 1029 3140 1083 ἅπαντα
3163 1027 3461 1083 ἀπελαύνει

1866 1111 2108 1181 ταχέως’
2143 1112 2278 1185 εὐχὴ
2323 1112 2503 1185 λύπης
2540 1113 2761 1183 ἀπάσης
2805 1112 3270 1184 φυγαδευτήριον,
3300 1112 3462 1165 εὐθυ-

1873 1196 2003 1266 μίας
2037 1195 2295 1260 ὐπόθεσις
2318 1237 2334 1262 ,
2370 1196 2653 1269 διηνεκοῦς
2707 1198 2899 1269 ἡδονῆς
2952 1197 3215 1268 ἀφορμὴ,
3244 1195 3462 1265 φιλοσοο

1871 1278 1999 1347 φίας
2027 1280 2231 1351 μήτηρ.
2280 1280 2338 1333 '0
2366 1280 2666 1353 δυνάμενος
2694 1279 2951 1351 εὔχεσθαι
2984 1281 3126 1351 μετά
3150 1278 3458 1349 ἀκριϐείας,

1870 1359 1975 1415 κᾶν
2001 1362 2258 1417 ἁπάντων
2302 1363 2628 1435 πενέστερος
2664 1360 2737 1436 ᾗ,
2764 1364 2984 1418 πάντων
3029 1364 3147 1416 ἐστὶ
3190 1359 3460 1415 πλουσιώ-

1869 1461 2030 1517 τερος
2052 1461 2068 1477 °
2102 1444 2291 1517 ὥσπερ
2315 1449 2344 1500 6
2388 1447 2489 1519 τῆς
2525 1448 2692 1519 εὐχῆς
2726 1447 2889 1502 πάλιν
2923 1446 3322 1519 ἐστερημένος,
3357 1443 3464 1498 κᾶν

1872 1529 1930 1581 ἐν
1959 1527 2110 1599 αὐτῷ
2139 1528 2438 1601 καθέζηται
2470 1529 2550 1602 τῷ
2587 1531 2764 1602 θρόνῳ
2796 1530 2875 1601 τῷ
2907 1528 3175 1601 βασιλικῷ
3199 1569 3215 1592 ,
3244 1527 3465 1582 πάντων

1874 1612 1991 1666 ἐστὶ⁹
2040 1612 2385 1685 πενέστερος.
2418 1614 2533 1685 Οὐχ
2570 1615 2601 1667 6
2628 1613 2835 1683 Ἀχαάϐ
2868 1612 2895 1653 ά
2930 1612 3185 1684 βασιλεὺς
3216 1607 3285 1683 ἦν
3308 1650 3323 1675 ,
3369 1613 3464 1664 καὶ

1873 1693 2094 1766 χρυσίον
2150 1691 2295 1765 εἶχεν
2351 1696 2560 1765 ἄφατον
2613 1698 2707 1749 καὶ
2751 1696 3055 1767 ἀργύριον;
3105 1696 3220 1749 ἀλλ’
3275 1693 3463 1764 ἐπειδὴ

1872 1776 2037 1849 εὐχὴν
2063 1779 2165 1832 οὐκ
2192 1776 2328 1850 εἶχε,
2352 1778 2568 1851 περιῄει
2592 1779 2782 1834 Ἠλίαν
2810 1778 3011 1848 ζητῶν,
3035 1777 3322 1850 ἄνθρωπον
3341 1777 3464 1831 οὐδέ

1873 1859 2219 1930 καταγώγιον
2249 1862 2439 1933 ἔχοντα
2462 1904 2476 1926 ,
2522 1861 2645 1915 οὐδὲ
2681 1861 2916 1932 ἱμάτιον,
2946 1860 3061 1915 ἀλλ’
3105 1861 3139 1931 ἢ
3209 1860 3464 1933 μηλωτὴν

1877 1945 2066 2015 μόνην.
2099 1945 2164 1997 Τί
2196 1945 2388 2011 τοῦτο;
2420 1943 2542 1998 εἰπέ
2589 1962 2708 2016 μοι⁹
2745 1945 2773 1997 ὁ
2825 1944 3095 2007 τοσαύτας
3141 1943 3280 2009 ἔχων
3331 1944 3466 1996 ἀπο-

1875 2027 2049 2100 θήκας
2089 2028 2180 2082 τὸν
2211 2028 2361 2082 οὐδὲν
2391 2026 2585 2099 ἔχοντα
2614 2026 2837 2099 ζητεῖς;
2873 2027 3015 2090 Ναὶ,
3053 2025 3206 2096 φησί.
3248 2026 3291 2077 Τ
3299 2025 3315 2078 ί
3354 2024 3465 2096 γάρ

1878 2129 1970 2183 μοι
2002 2113 2112 2165 τῶν
2160 2113 2400 2183 ταμείων
2437 2111 2662 2181 ὄφελος,
2689 2111 2880 2165 τούτου
2921 2111 3014 2164 τὸν
3052 2108 3282 2180 οὐρανὸν
3330 2108 3465 2160 ἀπο-

1876 2195 2217 2261 κλείσαντος,
2246 2196 2341 2251 καὶ
2370 2195 2550 2251 πάντα
2584 2195 2838 2267 ἀχρηστα
2864 2192 3281 2266 ἐργασαμένους
3311 2187 3467 2255 Εἶδες

1875 2279 1994 2342 πῶς
2019 2271 2176 2342 οὗτος
2203 2278 2580 2351 εὐπορώτερος
2606 2274 2674 2348 ἧν
2706 2277 2950 2340 ἐκείνου;
2993 2275 3139 2338 Ἕως
3170 2274 3279 2346 γὰρ
3311 2268 3467 2336 οὗτος

1876 2361 2177 2432 ἐφθέγξατο
2199 2362 2251 2428 1⁵,
2280 2365 2308 2416 ὁ
2343 2362 2599 2433 βασιλεὺς
2631 2359 2699 2433 ἦν
2733 2363 2792 2414 έν
2823 2362 2983 2432 πενίᾳ
3005 2359 3173 2430 πολλῇ
3210 2359 3349 2430 μετά
3372 2357 3466 2411 τοῦ

1877 2444 2243 2518 στρατοπέδου
2271 2446 2490 2509 παντός.
2526 2447 2591 2499 Ὤ
2624 2444 2719 2498 τοῦ
2751 2443 3026 2513 θαύματος
3051 2483 3066 2509 ,
3100 2442 3222 2496 οὐδὲ
3254 2442 3469 2512 ἱμάτιον

1875 2525 1987 2601 εἶχε
2011 2571 2026 2595 ,
2056 2531 2153 2584 καὶ
2200 2531 2291 2584 τὸν
2324 2530 2553 2603 οὐρανὸν
2604 2529 2921 2583 ἀπέκλεισε.
2960 2528 3040 2582 Δι’
3071 2527 3204 2580 αὐτὸ
3246 2526 3343 2597 μὲν
3373 2521 3469 2579 οῦν

1874 2612 2034 2666 τοῦτο
2064 2611 2356 2667 ἀπέκλεισε
2384 2614 2473 2667 τὸν
2505 2613 2757 2685 οὐρανὸν,
2781 2611 2970 2682 ἐπειδὴ
2996 2610 3233 2682 ἱμάτιον,
3261 2610 3364 2663 οὐκ
3387 2606 3469 2661 εἶ-

1876 2712 1970 2767 χεν
1994 2712 2008 2725 ·
2038 2696 2225 2767 ἐπειδὴ
2252 2696 2405 2750 οὐδὲν
2444 2697 2681 2750 ἐνταῦθα
2714 2696 3000 2767 ἐκέκτητο,
3032 2692 3122 2747 διὰ
3148 2692 3309 2746 τοῦτο
3337 2692 3471 2747 πολ-

1875 2780 1972 2852 λῆν
2003 2778 2102 2852 τὴν
2134 2779 2365 2851 δύναμιν
2396 2780 2709 2846 ἐπεδείξατο
2736 2797 2750 2810 ·
2793 2778 3014 2845 ἀνοίξας
3063 2775 3175 2850 γὰρ
3207 2776 3277 2831 τὰ
3314 2775 3473 2849 χείλη

1880 2863 2080 2936 μόνον,
2118 2862 2345 2935 μυρίους
2381 2864 2638 2933 ἐποίησεν
2672 2863 2879 2918 ἀνωθεν
2925 2859 3318 2932 κατενεχθῆναι
3371 2859 3468 2932 θη-

1879 2947 2116 3016 σαυροὺς
2156 2946 2399 3016 ἀγαθῶν.
2432 2948 2497 3001 Ὢ
2532 2947 2798 3019 στόματος
2830 2945 3016 3018 πηγὰς
3056 2943 3279 3015 δμϐρων
3320 2943 3472 3015 ἔχον-

1874 3048 1997 3094 τοςο
2025 3029 2070 3083 ὣ
2102 3030 2355 3101 γλώσσης
2387 3031 2616 3099 νιφάδας
2662 3030 2837 3085 ὐετῶν
2881 3028 3165 3099 ἀφιείσης·
3207 3025 3253 3079 ὣ
3284 3028 3470 3099 φωνῆς

1880 3115 2052 3187 μυρία
2080 3114 2263 3183 ἀγαθά
2302 3114 2593 3187 βρυούσης.
2627 3114 2770 3186 Πρὸς
2801 3113 2866 3183 δὴ
2910 3110 3100 3165 τοῦτον
3126 3110 3214 3163 ἀεὶ
3244 3109 3469 3180 βλέπον‹

1875 3214 1968 3260 τες
1991 3197 2083 3249 τὸν
2115 3198 2323 3268 πένητα
2349 3199 2444 3251 καὶ
2468 3197 2748 3259 πλούσιον,
2770 3195 2862 3249 τὸν
2889 3194 2982 3249 διά
3000 3192 3160 3248 τοῦτο
3190 3194 3466 3259 πλούσιον,

1876 3281 2064 3353 ἐπειδὴ
2095 3280 2266 3353 πένης
2294 3276 2385 3353 ἦν,
2414 3280 2778 3354 ὑπερορῶμεν
2804 3279 2914 3334 τῶν
2939 3278 3246 3351 παρόντων,
3281 3279 3467 3333 ἐπιθυ-

1879 3366 2071 3438 μῶμεν
2104 3364 2211 3419 τῶν
2244 3364 2570 3437 μελλόντων.
2605 3365 2763 3420 Οὐτω
2802 3363 2912 3436 γὰρ
2952 3364 3046 3418 καὶ
3079 3362 3186 3415 τῶν
3232 3360 3468 3416 ἐνταῦθα

1875 3450 1973 3504 καὶ
2000 3449 2108 3503 τῶν
2158 3450 2276 3502 ἐκεῖ
2308 3450 2525 3504 πάντων
2558 3446 2955 3520 ἐπιτευξόμεθα
2981 3445 3231 3516 ἀγαθῶν·
3269 3439 3342 3500 ὧν
3372 3443 3466 3512 γέ·-

1876 3551 2022 3588 νοιτο
2062 3532 2273 3597 πάντας
2300 3534 2450 3605 ἡμᾶς
2473 3534 2776 3603 ἐπιτυχεῖν,
2802 3531 2987 3604 χάριτι
3029 3530 3128 3585 καὶ
3158 3528 3467 3600 φιλανθρω-

1881 3619 1983 3691 πίᾳ
2019 3618 2113 3673 τοῦ
2157 3618 2363 3690 Κυρίου
2399 3616 2558 3689 ἡμῶν
2604 3614 2779 3687 Ἰησοῦ
2811 3613 3052 3687 Χριστοῦ
3077 3654 3093 3680 ,
3139 3615 3259 3686 μεθ’
3295 3608 3357 3667 οὐ
3390 3612 3468 3683 τῷ

1880 3703 2058 3775 Πατρὶ
2077 3701 2223 3769 δόξα,
2247 3701 2366 3774 ἅμα
2384 3701 2463 3772 τῷ
2489 3701 2629 3771 ἁγίῳ
2654 3699 2957 3772 Πνεύματι,
2984 3698 3080 3754 νῦν
3114 3700 3210 3754 καὶ
3237 3699 3349 3766 ἀεὶ,
3372 3698 3470 3752 καὶ

1881 3788 1962 3852 εἰς
1993 3788 2119 3851 τούς
2152 3786 2356 3852 αἰῶνας
2387 3785 2496 3841 τῶν
2530 3784 2761 3841 αἰώνων.
2809 3787 2998 3858 Ἀμήν.

1948 3967 1977 4008 (ι
2004 3970 2152 4020 Savil.
2180 3974 2235 4018 el
2252 3969 2448 4031 quidam
2471 3981 2590 4017 mss.
2608 3969 2907 4031 πενέστερος
2930 3966 3009 4031 καὶ
3031 3966 3121 4028 γὰρ
3147 3967 3174 4014 ὁ
3202 3963 3407 4027 Ἀχαάε.

1956 4034 1980 4062 ⁸
2005 4031 2156 4082 Savil.
2170 4037 2224 4082 et
2244 4029 2327 4081 alii
2349 4031 2615 4093 ἐφθέγξατο,
2640 4029 2819 4079 Morel;
2837 4029 3098 4091 ἐφθέγγετο.

2005 4174 3368 4194 ψ-Μ
3397 4170 3447 4189 4

2157 4184 2369 4193 _——

273 4331 295 4350 ‘
323 4330 433 4395 Είς
469 4328 542 4383 τὰ
564 4329 869 4385 ὑπόλοιπα
895 4330 1047 4386 κατὰ
1077 4327 1420 4401 αίρπικῶν,
1446 4332 1545 4385 καί
1584 4329 1719 4400 περὶ
1750 4329 2003 4401 κρίσεως
2026 4318 2124 4384 καὶ
2153 4329 2593 4398 ἐλεημοσύνης,
2617 4328 2715 4383 καί
2736 4330 2824 4393 εἷς
2851 4325 2965 4395 τὴν
2986 4326 3231 4394 αἴτησιν
3248 4323 3360 4395 τῆς

1316 4401 1542 4472 μητρὸς
1570 4401 1692 4456 τῶν
1724 4400 1871 4455 υἱῶν
1896 4401 2215 4455 Ζεϐεδαίου
2239 4411 2288 4453 ι.

763 4651 955 4723 Λόγος
979 4651 1209 4721 ὄγδοος.
1578 4695 1587 4705 .

261 4744 331 4792 α’.
361 4735 460 4792 Ἐκ
488 4736 727 4808 πολέμου
749 4737 878 4808 χθὲς
900 4735 1299 4807 ἐπανήλθομεν,
1320 4737 1386 4789 ἐκ
1410 4734 1648 4808 πολέμου
1683 4734 1782 4790 καὶ⁹

197 4822 380 4894 μάχης
429 4819 750 4893 αἰρετικῆς,
784 4819 1084 4892 ᾑμαγμένα
1132 4819 1201 4874 τὰ
1250 4819 1391 4873 ὅπλα
1428 4820 1676 4890 ἔχοντες,
1719 4818 1782 4872 τὸ

196 4906 349 4976 ξίφος
380 4904 478 4959 τοῦ
509 4905 666 4974 λόγου
700 4904 1120 4974 πεφοινιγμένον
1139 4945 1155 4971 ,
1182 4904 1243 4957 οὐ
1269 4903 1499 4975 σώματα
1540 4903 1781 4958 καταϐα-

194 4992 379 5053 λόντες
403 5028 419 5054 ,
476 4987 613 5043 ἀλλά
643 4987 937 5059 λογισμοὺς
960 4986 1240 5047 ἀνελόντες
1272 4988 1365 5041 καὶ
1402 4985 1532 5042 Πᾶν
1562 4988 1780 5058 ὕψωμα

196 5075 590 5144 ἐποψόμενον
616 5072 769 5127 κατὰ
812 5069 925 5140 τῆς
953 5070 1233 5141 γνώσεως
1260 5071 1369 5126 τοῦ
1400 5071 1549 5127 Θεοῦ
1574 5071 1625 5130 δ.
1658 5072 1785 5125 Τοι-

196 5157 352 5213 οῦτον
377 5156 663 5231 [5141γὰρ
690 5158 792 5227 τῆς
835 5155 1015 5227 μάχης
1034 5153 1240 5226 ταύτης
1284 5156 1346 5209 τὸ
1370 5149 1509 5220 εἶδος
1528 5171 1542 5185 ·
1576 5155 1657 5209 διὸ
1688 5173 1759 5210 κα

197 5241 419 5315 τοιαύτη
449 5242 557 5295 τῶν
593 5240 774 5295 ὃπλων
820 5242 855 5310 ἠ
898 5239 1062 5309 φύσις
1085 5255 1102 5272 ο
1131 5237 1278 5308 ἅπερ
1321 5238 1610 5311 ἀμφότερα
1637 5239 1785 5293 διδά-

199 5341 345 5379 σκων
392 5327 423 5378 6
452 5324 721 5396 μακάριος
743 5321 957 5386 Παῦλος
996 5321 1175 5391 ἔλεγε·
1211 5320 1289 5376 Τὰ
1324 5322 1436 5392 γὰρ
1474 5320 1782 5390 ὅπλατῆς

197 5410 515 5477 στρατείας
563 5406 737 5479 ἡμῶν
780 5410 853 5463 οὺ
881 5405 1139 5476 σαρκικὰ
1158 5446 1174 5470 ,
1210 5406 1376 5461 ἀλλὰ
1425 5406 1656 5461 δυνατὰ
1699 5405 1781 5473 τῷ

260 5509 278 5525 ⁹
297 5506 488 5559 Collata
509 5518 621 5555 cum
645 5503 895 5567 codicibus
921 5504 1098 5567 Regii;
1118 5502 1261 5567 1819,
1270 5501 1425 5567 191$,
1451 5506 1503 5553 et
1522 5501 1622 5552 alio
1645 5504 1781 5562 ejus-

199 5569 310 5621 dem
335 5568 680 5625 Bibliotheca,
715 5564 1117 5625 Colbertinis'LQ,
1136 5564 1247 5625 629,
1267 5564 1408 5614 5055.

260 5632 286 5662 ⁸
308 5629 429 5687 Alii,
452 5628 577 5679 inter
596 5640 718 5691 quos
735 5625 997 5691 Savilgroﬁ
1017 5624 1165 5676 αὐτοῦ
1185 5624 1310 5676 κατά
1329 5626 1596 5691 αἰρετικῶν,
1615 5627 1696 5677 καὶ
1717 5626 1784 5685 είς

198 5691 279 5747 τήν
309 5692 501 5751 αἴτησιν
516 5688 619 5740 τῶν
634 5691 750 5739 υίῶν
769 5688 1039 5751 Ζεϐεδαίου.

258 5753 288 5794 b
316 5746 585 5805 Sic'Savil.
622 5756 676 5801 et
700 5764 813 5801 mss.
841 5750 1015 5802 Morel.
1039 5747 1126 5801 τοῦ
1150 5746 1380 5815 Χριστοῦ.

1875 4654 1998 4721 Θεῷ
2045 4653 2198 4723 πρὸς
2255 4653 2609 4721 καθαίρεσιν
2655 4650 3058 4722 ὀχυρωμάτων
3081 4691 3096 4715 ,
3127 4646 3464 4718 λογισμοὺς

1876 4738 2276 4807 καθαιροῦντα
2304 4736 2402 4791 καὶ
2435 4737 2559 4790 πᾶν
2616 4736 2835 4805 ὕψωμα
2870 4734 3268 4802 ἐπαιρόμενον
3314 4733 3465 4786 κατὰ

1875 4823 1989 4893 τῆς
2019 4821 2296 4894 γνώσεως
2330 4820 2436 4876 τοῦ
2485 4819 2655 4876 Θεοῦ.
2690 4821 2839 4873 Ἔδει
2893 4818 2992 4890 μὲν
3038 4813 3131 4872 οῦν
3162 4818 3273 4877 τοῖς
3322 4817 3462 4869 ἀπο-

1876 4906 2174 4977 λειφθεῖσιν
2212 4906 2387 4959 εἰπεῖν
2438 4905 2507 4959 τὰ
2554 4902 2830 4974 πτώματα
2878 4902 2948 4955 τὰ
2996 4899 3125 4972 χθὲς
3171 4898 3459 4970 γενόμενα,

1881 4993 1977 5046 καὶ
2000 4989 2363 5063 διηγήσασθαι
2389 4990 2487 5060 τὴν
2516 4985 2821 5059 παράταξιν
2843 5030 2860 5052 ,
2890 4984 2990 5057 τὴν
3024 4982 3298 5052 συμϐολὴν
3321 5021 3335 5045 ,
3361 4985 3462 5052 τὴν

1878 5076 2079 5145 νίκην,
2140 5075 2209 5128 τὰ
2261 5073 2539 5145 τρόπαια·
2597 5070 2714 5125 ἀλλ’
2766 5069 2860 5124 ἵνα
2924 5068 3000 5139 μὴ
3059 5064 3462 5137 ρᾳθυμοτέρους

1883 5160 2029 5230 ὑμᾶς
2092 5159 2409 5229 ποιήσωμεν
2441 5196 2456 5221 ,
2527 5155 2701 5209 ταῦτα
2761 5150 3250 5226 παραδραμόντες,
3319 5146 3462 5201 ὥστε

1880 5246 1946 5315 τῇ
2012 5241 2187 5315 ζημίᾳ
2259 5243 2388 5304 τοὺς
2464 5238 2894 5308 ἀπολειφθέντας
2962 5236 3109 5306 ὑμᾶς
3169 5230 3462 5315 δηχθέντας

1883 5314 2337 5398 σπουδαιοτέρους
2387 5323 2681 5392 γενέσθαι,
2753 5320 2914 5375 πάλιν
2969 5317 3081 5373 τῶν
3143 5315 3269 5386 ἑξῆς
3326 5314 3462 5385 ἀψό-

1886 5409 2026 5480 μεθα
2078 5410 2352 5480 σήμερον
2384 5410 2434 5461 εί
2473 5407 2530 5460 δέ
2575 5423 2660 5471 τις
2703 5404 2992 5466 σπουδαῖος
3037 5400 3130 5455 καὶ
3176 5400 3465 5469 διεγηγερ-

1884 5493 2045 5564 μένος
2074 5489 2139 5565 ﬁ,
2186 5491 2339 5564 παρά
2368 5491 2477 5545 τῶν
2513 5486 2976 5561 παραγενομένων
3017 5486 3221 5538 εἴσεται
3264 5481 3331 5535 τὰ
3375 5481 3464 5534 λε-

1881 5575 2082 5648 χθέντα
2113 5577 2245 5647 ἡμῖν
2274 5577 2339 5647 τῇ
2371 5574 2496 5646 χθὲς
2526 5573 2731 5645 ἡμέρᾳ.
2760 5573 2872 5625 Καὶ
2898 5569 3006 5639 γὰρ
3037 5565 3303 5638 τοσαύτην
3329 5566 3465 5636 ἡμῖν

1880 5661 1932 5715 οἱ
1971 5659 2238 5731 ἀκροαταὶ
2268 5659 2367 5728 τὴν
2401 5657 2708 5731 προθυμίαν
2753 5653 3113 5719 ἐπεδείξαντο,
3159 5650 3237 5713 ὡς
3286 5648 3469 5704 πάντα

1880 5741 2137 5809 λαϐόντες
2192 5742 2375 5797 οἴκαδε
2433 5740 2821 5814 ἀναχωρῆσαι,
2872 5737 2965 5792 καὶ
3022 5734 3186 5809 μηδὲν
3248 5733 3467 5804 ἀφεῖναι
