3918 6368
158 357 252 415 769
802 351 887 407 DE
929 348 1153 405 PETIT.
1188 344 1439 404 FlLlOR.
1481 338 1826 408 ZEBEDEII,
1862 337 2137 397 ουΝτιιΑ
2180 338 2550 397 ΑΝΟΜἝΟΒ.
2595 324 2729 396 Vill.

161 489 260 548 qua
283 485 403 528 vero
432 477 555 525 sunt
576 466 736 524 hodie
772 464 1019 530 dicenda,
1051 476 1152 518 nos
1180 460 1332 518 vobis
1360 458 1621 548 dicemus,
1649 460 1708 509 et

159 546 502 634 objectionem,
529 573 689 629 quam
722 555 957 611 haeretici
986 554 1142 609 nobis
1167 555 1459 621 Oppomtnt,
1507 546 1560 601 in
1590 558 1704 599 me-

157 657 282 709 dium
307 649 650 722 proferemus.
677 648 933 717 Qumnam
955 646 1115 716 igitur
1136 642 1221 697 illa
1249 640 1367 697 est?
1387 638 1519 706 Quia
1541 649 1712 705 nuper

156 745 214 798 de
238 741 478 812 unigeniti
523 748 786 809 poteSIate
829 734 1201 798 disseruimus,
1245 743 1471 800 eamque
1511 726 1706 792 Patris,

157 853 182 890 a
205 851 300 907 quo
318 835 522 905 genitus
549 842 653 895 est,
684 829 934 903 potestati
963 842 1144 898 parem
1176 840 1298 881 esse
1318 818 1709 878 demonstravi-

158 944 273 992 mus,
295 926 422 981 etin
462 940 578 980 eam
608 940 721 979 rem
765 935 1043 977 sermones
1075 918 1272 973 multus
1310 912 1705 984 impendimus:

157 1019 225 1073 bis
249 1018 317 1073 illi
356 1017 581 1088 perculsi
621 1014 776 1069 dictis
818 1011 1176 1081 evangelicum
1204 1022 1386 1062 vocem
1422 1003 1708 1076 quamdam

155 1110 259 1178 alio,
280 1123 430 1179 quam
459 1107 531 1162 illi
551 1106 908 1172 suspicamur,
935 1101 1095 1157 modo
1118 1100 1313 1154 dictam
1340 1095 1576 1151 vicissim
1613 1109 1711 1148 no-

156 1202 222 1255 bis
245 1200 565 1268 objecerunt.
594 1197 769 1266 Atque
798 1196 1056 1262 scriptum
1084 1201 1186 1256 est,
1221 1189 1484 1260 inquiunt,
1519 1184 1710 1242 Sedere

152 1302 294 1344 autem
320 1290 385 1343 ad
403 1289 660 1343 dexteram
687 1303 850 1340 meant
875 1296 920 1340 ct
946 1285 1014 1337 ad
1042 1284 1300 1337 sinistram
1327 1295 1427 1334 non
1448 1286 1519 1332 est
1544 1291 1710 1329 meum

153 1383 270 1441 dare,
284 1380 368 1434 sed
386 1379 564 1450 quibus
580 1387 814 1447 paratum
829 1387 902 1431 est
920 1392 953 1429 a
974 1374 1128 1428 Patre
1147 1389 1254 1427 meo
1271 1369 1576 1445 (Matth.20.
1589 1367 1704 1436 23).

209 1472 281 1527 Ad
298 1471 619 1539 objectionem
643 1467 1011 1525 Htereticorum
1040 1465 1321 1534 responsio.
1343 1491 1416 1503 —
1443 1461 1555 1530 Ego
1579 1474 1709 1513 vero

150 1563 273 1634 quod
292 1577 502 1634 semper
528 1562 804 1617 caritatem
833 1570 1063 1615 vestram
1096 1557 1301 1622 hortor,
1330 1555 1384 1610 id
1422 1555 1583 1610 etiam
1612 1551 1711 1607 bo-

150 1656 223 1710 die
247 1670 427 1709 moneo
454 1653 800 1722 consuloque,
831 1668 898 1706 ne
929 1651 1243 1721 simpliciter
1276 1648 1462 1702 literas
1490 1660 1708 1716 percur-

152 1748 279 1806 ratis.
300 1747 389 1801 sed
411 1761 601 1801 sensus
625 1744 987 1814 investigetis:
1020 1744 1063 1797 si
1086 1742 1205 1813 quis
1225 1740 1367 1795 enim
1398 1736 1710 1807 simpliciter

150 1839 303 1894 verbis
343 1840 619 1901 inhaereat,
647 1852 819 1907 neque
847 1845 1040 1907 prmter
1067 1851 1151 1901 ea,
1179 1849 1298 1904 qua:
1326 1833 1522 1901 scripta
1563 1838 1707 1896 sunt,

151 1930 407 2001 quidquam
445 1929 714 2000 exquirat,
758 1929 811 1982 in
859 1928 1042 1982 multis
1070 1926 1289 1982 errabit.
1322 1924 1454 1979 Nam
1500 1931 1554 1978 et
1598 1922 1710 1977 alas

153 2024 320 2077 habere
340 2023 504 2077 Deum
527 2021 814 2091 Scriptum
834 2021 1037 2086 dicunt,
1061 2021 1138 2074 sic
1159 2020 1406 2089 loquente
1430 2015 1707 2085 prOpheta,

153 2113 206 2169 In
230 2115 428 2186 tegmine
452 2114 656 2168 alarum
695 2125 897 2167 tuarum
937 2121 1141 2181 protege
1186 2127 1266 2164 me
1290 2109 1442 2180 (Psal
1493 2108 1580 2162 16.
1609 2108 1706 2176 8):

150 2220 232 2261 nec
269 2216 435 2262 tamen
476 2206 677 2261 idcirco
724 2204 963 2259 dicemus
1004 2202 1198 2256 alatam
1247 2215 1366 2255 esse
1413 2198 1710 2269 spiritalem

152 2296 270 2351 illam
295 2306 346 2351 et
373 2296 735 2352 immortalem
762 2295 1073 2350 essentiam.
1104 2294 1157 2348 Si
1196 2293 1342 2347 enim
1372 2291 1440 2345 de
1470 2290 1708 2345 homini-

152 2387 232 2441 bus
253 2388 347 2442 hoc
381 2386 483 2442 dici
516 2387 722 2456 nequit,
765 2385 937 2439 multo
960 2384 1137 2438 minus
1165 2383 1232 2438 de
1261 2383 1567 2451 incorrupta
1598 2381 1709 2446 illa,

150 2478 387 2544 invisibili,
417 2488 474 2534 et
501 2474 1036 2546 incomprehensibili
1062 2485 1272 2529 natura.
1295 2473 1430 2541 Quid
1457 2488 1587 2542 ergo
1617 2487 1711 2542 per

151 2570 242 2624 alas
265 2570 479 2640 intelligi
508 2585 543 2624 a
568 2570 723 2623 nobis
752 2583 850 2638 par
878 2567 1003 2622 est?
1033 2566 1413 2630 Securitatem,
1444 2575 1706 2627 tutamen,

151 2664 393 2731 auxilium,
425 2662 655 2719 subsidii
686 2662 852 2716 robur
881 2661 1158 2715 invictum.
1187 2659 1390 2713 Rursus
1425 2675 1546 2712 eum
1585 2657 1710 2711 dor-

152 2754 261 2811 mire
300 2764 565 2810 testantur
592 2753 906 2823 Scripturre,
938 2752 1064 2807 dum
1094 2752 1164 2805 ita
1202 2751 1425 2805 dicunt:
1455 2747 1705 2819 Exsurge,

151 2862 278 2914 quare
313 2846 594 2907 obdormis,
619 2843 833 2899 Domine
864 2842 1035 2915 (Psal.
1063 2844 1154 2899 45.
1181 2842 1315 2912 25)?
1358 2857 1463 2894 non
1500 2850 1557 2894 ut
1586 2841 1713 2895 dor-

151 2936 260 2989 mire
297 2936 458 2994 Deutn
489 2935 827 3004 suspicemur
855 2952 867 2987 :
901 2934 952 2988 id
983 2934 1126 2988 enim
1156 2940 1302 2987 esset
1337 2940 1593 2986 extrenne
1617 2930 1714 2985 de-

152 3025 358 3082 mentias:
378 3027 475 3082 sed
495 3025 675 3082 somni
703 3024 921 3081 nomine
947 3023 1399 3094 longanimitatem
1421 3033 1474 3076 ct
1506 3021 1713 3090 patien-

153 3117 252 3171 tiam
277 3120 423 3177 nobis
450 3120 764 3187 exprimunt
801 3135 815 3173 :
848 3118 986 3173 alius
1010 3125 1189 3174 autem
1223 3117 1503 3185 propheta,
1538 3114 1708 3168 Num-

151 3210 249 3279 quid
272 3217 384 3278 eris,
414 3211 611 3281 inquit,
638 3210 783 3279 quasi
814 3211 963 3265 homo
983 3209 1236 3264 dormiens
1268 3207 1480 3279 (Jerem.
1510 3204 1709 3279 14.9)?

154 3300 286 3359 Vides
344 3306 515 3361 multa
584 3304 738 3359 nobis
807 3317 942 3373 opus
999 3316 1122 3357 esse
1193 3299 1472 3370 prudentia
1497 3338 1514 3365 ,
1582 3298 1708 3352 dum

151 3392 402 3465 Scriptum
471 3396 755 3451 thesauros
822 3394 1260 3465 perscrutamur?
1312 3392 1367 3446 Si
1423 3392 1564 3445 enim
1631 3391 1710 3444 le-

156 3486 266 3541 viter
311 3502 372 3543 ac
427 3499 639 3547 temere
689 3498 745 3543 et
780 3502 995 3557 quoquo
1052 3486 1251 3550 modo,
1306 3501 1426 3555 quae
1465 3485 1713 3540 dicuntur

151 3577 428 3646 audiamus,
490 3595 604 3638 non
658 3580 748 3635 illa
801 3588 1007 3633 tantum
1073 3589 1365 3647 sequentur
1436 3579 1708 3644 absurda,

152 3670 227 3727 Sed
265 3682 315 3726 et
340 3688 513 3743 pugna
561 3688 666 3726 non
696 3672 985 3726 mediocris
1021 3671 1076 3726 in
1116 3672 1202 3737 iis,
1232 3687 1352 3740 qum
1380 3670 1522 3726 dicta
1562 3682 1707 3736 sunt,

159 3765 422 3832 apparebit.
454 3764 595 3820 Nam
624 3764 713 3820 ille
741 3764 954 3834 quidem
985 3763 1158 3833 ipsum
1185 3764 1420 3818 dormire
1442 3763 1593 3827 dicit,
1624 3761 1712 3818 hic

149 3866 257 3908 vero
277 3871 374 3911 tton
402 3855 665 3921 dormire,
695 3855 789 3909 sed
812 3864 1094 3924 utrumque
1112 3871 1299 3909 verum
1322 3865 1421 3920 est,
1452 3855 1496 3908 si
1519 3869 1713 3909 convc-

150 3944 288 4002 nieuti
325 3962 482 4003 sensu
515 3947 769 4017 accipias.
796 3948 898 4014 Qui
927 3947 1070 4001 enim
1097 3946 1269 4015 ipsum
1299 3946 1532 4001 dormire
1557 3947 1709 4010 dicit,

150 4048 380 4092 summam
393 4039 511 4108 ejus
528 4037 984 4107 longanimitatem
997 4035 1240 4106 designat
1263 4053 1277 4089 :
1301 4037 1387 4105 qui
1407 4052 1537 4090 vero
1555 4045 1714 4105 negat

149 4123 376 4195 dormire,
408 4139 620 4185 naturae
645 4128 800 4184 nobis
818 4127 1275 4182 immortalitatem
1295 4127 1549 4182 declarat.
1578 4124 1712 4181 Cum

151 4216 284 4285 igitur
310 4221 468 4276 multa
502 4220 659 4278 nobis
687 4219 965 4289 prudentia
996 4220 1067 4273 sit
1089 4234 1244 4287 opus,
1275 4235 1342 4273 ne
1395 4230 1596 4274 temere
1633 4219 1714 4273 di-

150 4317 272 4364 ctum
293 4312 426 4367 istud
452 4315 802 4381 accipiamus,
824 4310 946 4365 Non
975 4320 1049 4365 est
1080 4328 1244 4366 meum
1266 4312 1409 4377 dare,
1431 4313 1519 4365 sed
1537 4314 1715 4383 quibus

151 4411 355 4466 paratum
379 4415 449 4458 est
470 4421 503 4457 a
525 4402 682 4461 Patre
696 4420 807 4457 meo
822 4402 1137 4477 (Matth.20.
1161 4403 1254 4475 25)
1279 4420 1293 4459 :
1318 4419 1421 4459 non
1447 4405 1587 4461 enim
1613 4404 1715 4459 hoc

154 4500 437 4556 potestatem
466 4493 587 4564 ejus
621 4494 775 4559 tollit,
812 4508 985 4563 neque
1022 4495 1395 4550 auctoritatem
1427 4495 1712 4563 imminuit,

151 4582 227 4635 sed
265 4586 478 4640 multam
505 4585 943 4651 sollicitudinem,
972 4586 1314 4656 sapientiam,
1346 4596 1401 4642 et
1428 4602 1567 4654 eam,
1610 4604 1713 4658 qua

151 4675 308 4739 generi
354 4688 545 4733 nostro
587 4677 848 4745 consulit,
902 4678 1291 4746 providentiam
1336 4680 1594 4735 ostendit.
1650 4680 1717 4734 Ut

152 4766 271 4821 enim
315 4771 449 4825 scias
480 4771 535 4825 in
562 4770 678 4839 ejus
720 4778 987 4841 potestate
1027 4771 1185 4825 situm
1218 4786 1359 4835 esse,
1403 4780 1459 4827 ut
1501 4788 1712 4842 pugnam

154 4857 343 4930 inferat,
369 4868 450 4920 vel
480 4866 740 4922 honorem
769 4865 1058 4943 impertiat,
1082 4865 1204 4920 audi
1226 4867 1351 4937 quid
1385 4867 1472 4922 illc
1496 4868 1612 4937 ipse
1637 4868 1718 4922 di-

152 4962 241 5018 cat,
273 4958 419 5027 cujus
447 4959 609 5013 verba
638 4968 950 5025 tractamus,
981 4955 1108 5012 Cum
1134 4959 1320 5012 venerit
1350 4957 1517 5013 Filius
1547 4959 1715 5013 Itami-

154 5044 218 5096 nis
239 5046 290 5100 in
312 5049 471 5116 gloria
495 5049 655 5119 patris
685 5050 784 5113 sui,
806 5058 988 5102 statuet
1008 5064 1120 5103 oves
1144 5066 1176 5102 a
1202 5050 1393 5105 dextris
1414 5060 1460 5105 et
1483 5051 1659 5105 Ittedos
1685 5069 1719 5105 a

156 5138 365 5206 sinistris,
405 5152 455 5198 et
490 5143 618 5197 dicet
648 5143 732 5209 iis,
754 5143 841 5213 qui
864 5159 895 5195 a
919 5141 1112 5197 dextris
1140 5152 1307 5209 erunt,
1338 5142 1540 5204 Venite.
1564 5143 1715 5198 bene-

157 5227 258 5283 dicti
285 5234 439 5301 patris
462 5233 579 5299 mei,
604 5234 852 5304 possidete
875 5241 1109 5303 paratum
1134 5232 1271 5286 vobis
1296 5250 1508 5303 regnum
1532 5251 1564 5287 a
1589 5250 1716 5289 con-

157 5318 388 5377 stitutione
414 5326 610 5377 mundi.
639 5324 838 5379 Esurivi
869 5325 1001 5377 enim
1028 5332 1075 5376 et
1102 5322 1312 5377 dedistis
1341 5324 1465 5377 mihi
1498 5327 1717 5380 mandit-

155 5424 254 5465 care
279 5430 298 5468 :
323 5417 452 5470 sitivi
482 5425 527 5469 et
568 5416 775 5470 dedistis
801 5416 923 5468 milii
954 5415 1136 5469 bibere.
1170 5413 1196 5467 1
1204 5416 1247 5468 is
1275 5425 1443 5469 autent
1469 5417 1555 5487 qui
1581 5432 1612 5469 α
1640 5417 1716 5472 si-

157 5505 306 5562 nistris
333 5518 497 5576 erunt,
527 5509 674 5573 dicet,
704 5507 955 5562 Discedite
978 5525 1010 5561 a
1036 5524 1114 5561 me
1140 5507 1395 5561 maledicti
1433 5508 1486 5562 in
1524 5510 1710 5580 ignem,

156 5597 225 5657 qui
245 5613 446 5666 paratus
474 5609 544 5653 est
571 5597 772 5653 diabolo
804 5609 851 5653 et
873 5599 1065 5670 angelis
1087 5596 1216 5669 eius.
1258 5598 1461 5654 Esurivi
1487 5601 1643 5669 enim,
1667 5612 1715 5657 et

160 5701 241 5741 non
257 5689 459 5745 dedistis
481 5692 599 5745 mihi
622 5692 969 5749 manducare:
992 5692 1144 5757 sitivi,
1171 5700 1339 5747 etnon
1360 5693 1568 5749 dedistis
1590 5693 1714 5751 mihi

163 5792 316 5847 petum
338 5800 355 5837 :
374 5785 553 5853 hospes
576 5802 737 5854 erant,
770 5795 814 5839 et
846 5802 948 5838 non
976 5785 1247 5857 collegistis
1273 5802 1351 5841 me
1373 5785 1587 5856 (Matth.
1618 5787 1708 5845 25.

3297 347 3401 403 770

1818 455 1880 508 '5!
1895 493 1908 508 .
1928 455 2087 526 sqq.).
2113 454 2275 510 Vides
2295 454 2590 510 absolutum
2604 455 2877 525 judicium,
2903 464 2957 510 ct
2980 471 3085 527 quo
3106 467 3258 526 pacto
3277 474 3398 516 cum

1817 543 2021 601 honore
2063 544 2278 611 ofﬁciat,
2327 556 2438 600 tum
2481 560 2693 615 poenam
2734 546 2928 600 inferat
2964 565 2977 601 :
3010 564 3132 602 cum
3173 564 3401 604 coronas

1815 636 2033 705 tribuat,
2074 648 2185 693 tum
2217 639 2476 708 supplicio
2504 640 2734 708 plectat;
2774 647 2828 693 et
2858 638 2955 694 hos
2978 640 3193 710 quidem
3222 642 3275 695 in
3311 657 3397 695 re—

1812 742 1977 797 gnum
2008 729 2328 795 introducat,
2374 730 2492 783 illos
2531 739 2708 783 autem
2743 731 2795 784 in
2824 732 3119 801 gehennam
3147 733 3354 803 ableget
3375 735 3401 787 i’

1882 819 1939 873 2.
1979 820 2357 875 Animadverte
2399 832 2577 876 autem
2624 821 2729 876 hoc
2768 822 2928 883 etiam
2971 824 3110 889 loco,
3143 835 3396 894 quantam

1814 912 1903 968 ille
1948 915 2114 968 nostri
2144 915 2161 946 ¹
2189 930 2372 969 curam
2405 924 2555 985 gerat
2584 933 2598 969 :
2631 914 2757 969 dum
2788 918 2929 970 enim
2958 932 3051 972 eos
3098 918 3397 988 alloqnere-

1815 1017 1921 1070 tur.
1952 1011 2038 1079 qui
2062 1025 2289 1064 coronas
2318 1010 2668 1080 accipiebant,
2712 1010 2905 1077 Venite,
2935 1013 3125 1083 inquit,
3156 1015 3401 1069 benedicti

1814 1098 1992 1154 Putris
2016 1101 2130 1155 inci.
2171 1099 2437 1155 Possidete
2465 1111 2699 1172 paratum
2725 1103 2861 1158 vobis
2885 1121 3095 1175 regnum
3123 1116 3241 1161 ante
3275 1123 3399 1160 con-

1812 1193 2122 1247 stitutionem
2151 1193 2327 1248 mundi
2359 1209 2379 1247 :
2405 1194 2510 1249 illis
2536 1209 2665 1250 vero
2691 1197 2779 1266 qui
2809 1197 3069 1265 supplicio
3094 1196 3400 1251 afficieban~

1814 1292 1899 1337 tur
1918 1298 2022 1337 non
2050 1283 2203 1347 dixit,
2233 1284 2490 1341 discedite
2514 1301 2544 1341 a
2570 1301 2654 1339 me
2677 1285 2728 1339 in
2762 1287 2932 1356 ignem
2964 1288 3050 1358 qui
3081 1298 3294 1357 paratus
3317 1278 3409 1343 est

1811 1375 1987 1440 vobis,
2020 1375 2135 1442 sed,
2171 1376 2270 1442 Qui
2298 1387 2510 1447 paratus
2533 1388 2604 1431 est
2634 1377 2856 1432 diabolo.
2883 1377 3015 1433 Nam
3045 1395 3262 1450 regnum
3285 1381 3403 1450 qui-

1813 1468 1935 1522 dem
1968 1468 2276 1523 bominibus
2301 1470 2478 1538 paravi
2506 1472 2551 1537 ’,
2592 1470 2891 1540 gehennam
2940 1482 3118 1526 autem
3148 1488 3254 1528 non
3304 1474 3403 1528 ho-

1812 1560 2065 1626 minibus,
2091 1560 2284 1629 inquit,
2315 1561 2408 1615 sed
2449 1561 2664 1617 diabolo
2695 1572 2748 1616 et
2776 1564 2980 1633 angelis
3009 1565 3149 1619 illius
3176 1567 3356 1638 paravi
3385 1585 3397 1620 :

1812 1653 1952 1724 quod
1981 1654 2024 1707 si
2053 1668 2151 1708 vos
2174 1654 2332 1708 talem
2364 1655 2520 1707 vitam
2553 1655 2888 1721 exhibuistis,
2917 1668 2971 1710 nt
3001 1672 3154 1727 paena
3182 1658 3326 1729 digni
3348 1667 3403 1714 et

1811 1744 2075 1814 supplicio
2105 1742 2330 1809 ﬁerctis,
2378 1744 2429 1798 id
2460 1744 2855 1814 vobismetipsis
2901 1747 3163 1815 imputare
3210 1751 3401 1804 merito

1814 1837 2055 1908 potestis.
2102 1838 2181 1890 Ac
2222 1836 2363 1901 vide,
2406 1844 2600 1904 quanta
2646 1836 2714 1891 sit
2743 1837 2860 1906 ejus
2910 1837 2977 1892 ad
3021 1839 3399 1909 benignitatem

1814 1929 2135 1999 propensio;
2165 1944 2286 1983 cum
2334 1929 2475 1983 enim
2510 1930 2746 1984 nondum
2777 1940 2959 1985 essent
2982 1930 3216 1996 atltleta-,
3266 1948 3404 2001 pm-

1815 2028 2014 2089 parata:
2042 2029 2166 2074 sunt
2192 2034 2427 2082 coronae,
2452 2034 2515 2072 ac
2543 2019 2759 2088 prmmia
2790 2019 3076 2075 destinata.
3112 2020 3252 2075 Nam
3282 2039 3403 2091 pos-

1812 2110 1989 2176 sidete,
2036 2109 2224 2179 inquit,
2254 2119 2489 2179 paratum
2514 2109 2652 2163 vobis
2681 2125 2890 2179 regnum
2935 2120 3053 2163 ante
3089 2092 3406 2164 constitutio-

1813 2219 1928 2257 nem
1952 2204 2127 2255 mundi
2167 2202 2382 2275 (Matth.
2413 2203 2505 2259 25.
2535 2203 2646 2273 54).
2675 2203 2741 2257 Ει
2772 2218 2904 2258 vero
2934 2203 2986 2258 in
3030 2205 3280 2274 parabola
3311 2205 3399 2258 de-

1812 2308 1931 2347 cem
1959 2292 2220 2363 virginum
2260 2294 2400 2348 idem
2431 2309 2653 2349 cernere
2681 2294 2841 2348 licet:
2882 2309 3003 2348 cum
3032 2296 3176 2349 enim
3206 2295 3400 2350 adven-

1815 2392 1965 2437 turus
1985 2395 2127 2439 esset
2174 2399 2424 2454 sponsus,
2458 2385 2640 2439 dicunt
2672 2385 3021 2453 prudentibus
3046 2386 3202 2440 fatum
3228 2402 3241 2438 :
3271 2385 3408 2439 Date

1814 2475 1955 2529 nobis
1982 2475 2046 2528 de
2093 2476 2203 2529 oleo
2242 2486 2405 2530 vestro
2451 2475 2628 2545 (Ibid.
2684 2478 2738 2531 8.
2789 2476 2906 2547 9):
2950 2475 3017 2530 ad
3063 2492 3194 2548 quas
3251 2477 3402 2534 illm:

1814 2565 1901 2621 Ne
1934 2566 2067 2637 forte
2093 2585 2196 2622 non
2237 2569 2450 2640 suﬁiciat
2495 2568 2640 2622 nobis
2667 2577 2713 2621 et
2739 2566 2877 2622 vobis
2911 2584 2931 2622 :
2974 2582 3081 2621 non
3108 2567 3175 2622 de
3201 2568 3322 2622 oleo
3351 2578 3406 2623 et

1814 2659 1936 2730 igne
1958 2661 2175 2715 disserit
2222 2661 2322 2717 hoc
2364 2662 2483 2716 loco
2522 2660 2819 2731 Scriptura,
2859 2660 2953 2716 sed
2989 2660 3056 2715 de
3099 2659 3405 2732 virginitate

1812 2762 1974 2823 atque
2001 2753 2370 2809 humanitate:
2403 2769 2465 2808 ac
2492 2753 2846 2823 virginitatem
2876 2752 3089 2823 quidem
3122 2753 3258 2824 ignis
3287 2753 3407 2809 loco

1814 2842 1996 2910 habet,
2044 2846 2443 2917 eleemosynam
2489 2856 2666 2899 autem
2698 2845 2802 2901 olei
2845 2845 2986 2909 loco,
3029 2845 3401 2916 signiﬁcatque

1812 2936 2168 3005 virginitatem
2202 2937 2531 2991 humanitate
2570 2938 2793 2990 multum
2828 2936 3087 3006 indigere,
3120 2953 3294 3008 neque
3339 2937 3405 2990 li-

1813 3041 1938 3083 cere
1962 3029 2164 3098 absque
2203 3029 2290 3083 illa
2315 3031 2527 3084 salvari.
2558 3031 2783 3097 Quinam
2827 3039 3005 3085 autem
3038 3030 3109 3084 illi
3137 3041 3280 3095 sunt,
3314 3033 3402 3100 qui

1813 3119 1990 3173 oleum
2022 3119 2159 3173 istud
2204 3119 2480 3174 vendunt?
2507 3120 2737 3185 Quinam
2783 3120 2895 3183 alii,
2942 3120 3044 3174 nisi
3103 3122 3408 3189 pauperes?

1813 3207 1927 3262 Non
1976 3209 2119 3263 enim
2162 3210 2432 3279 accipiunt
2473 3212 2664 3278 potius,
2712 3224 2870 3279 quam
2910 3209 3060 3263 dant.
3106 3209 3184 3264 Ne
3225 3212 3406 3278 utique

1813 3312 2036 3352 censeas
2061 3299 2455 3369 eleentosynam
2484 3301 2781 3368 impensam
2831 3314 2973 3365 esse,
3027 3299 3123 3354 sed
3170 3315 3403 3370 proven-

1815 3400 1964 3457 tum;
2020 3407 2194 3461 neque
2239 3404 2536 3460 sumptum,
2565 3392 2659 3447 sed
2715 3392 3169 3463 negotiationem:
3200 3393 3403 3462 majora

1814 3482 2012 3552 quippe
2036 3484 2250 3552 recipis,
2298 3499 2455 3554 quam
2487 3483 2582 3537 des
2608 3500 2621 3538 :
2649 3483 2746 3537 das
2771 3497 2984 3552 panem,
3015 3491 3071 3538 et
3117 3485 3308 3553 recipis
3329 3485 3407 3536 vi-

1818 3586 1923 3628 tam
1950 3585 2245 3641 mternam;
2277 3574 2374 3629 das
2404 3583 2631 3639 vestem,
2675 3583 2729 3630 et
2763 3574 3177 3629 immortalitatis
3210 3574 3407 3645 recipis

1818 3669 2222 3734 indumentum;
2255 3668 2350 3723 das
2379 3670 2500 3724 tecti
2531 3668 2989 3732 communionem,
3019 3677 3074 3723 et
3103 3668 3297 3737 recipis
3329 3685 3408 3724 res

1816 3778 1977 3833 gnum
2007 3762 2295 3826 caelorum;
2331 3762 2539 3830 pra:ch
2590 3777 2711 3830 qua:
2748 3770 2994 3830 pereunt,
3027 3773 3080 3814 et
3120 3777 3240 3830 qua:
3279 3777 3407 3831 ρει-ο-

1818 3864 1979 3924 petuo
2009 3862 2323 3923 permanent
2348 3852 2566 3921 accipis.
2606 3853 2675 3906 At
2699 3853 2840 3906 enim
2869 3868 2975 3922 quo
3009 3861 3161 3921 pacto
3191 3867 3408 3922 possunt

1816 3948 2210 4016 eleemosynam
2234 3945 2641 4013 impertiri,cum
2661 3958 2860 4012 panper
2879 3945 2978 3997 sim
2992 3944 3017 3996 ?
3035 3944 3171 3999 dicet
3196 3946 3408 4015 aliquis.

1890 4036 1954 4092 In
1975 4038 2291 4107 eleemosyna
2309 4053 2407 4089 non
2428 4036 2547 4089 doni
2562 4036 2879 4107 magnitudo,
2902 4036 2991 4089 sed
3011 4037 3178 4090 dantis
3204 4039 3407 4091 animus

1817 4139 2094 4199 spectatur.
2112 4159 2186 4170 —
2205 4129 2431 4183 Maxime
2459 4142 2608 4195 vero,
2637 4142 2757 4183 cum
2785 4142 2984 4196 pauper
3005 4143 3084 4190 es,
3111 4139 3222 4183 tum
3257 4140 3409 4199 potes

1820 4224 2218 4293 eleemosynam
2258 4221 2516 4289 impertiri
2548 4239 2560 4272 :
2595 4235 2716 4274 nam
2744 4220 2831 4273 ille
2859 4220 3096 4289 quidem,
3129 4221 3217 4290 qui
3257 4222 3409 4277 dives

1819 4323 1919 4377 est,
1963 4313 2308 4382 pecuniarum
2348 4313 2501 4381 copia
2534 4313 2878 4376 temulentus,
2922 4314 3234 4382 gravissima
3267 4312 3402 4367 febri

1820 4415 2116 4475 correptus,
2149 4404 2478 4458 insaturabili
2504 4419 2688 4458 amore
2714 4404 2925 4467 ductus,
2950 4404 3186 4461 fortunas
3213 4421 3410 4474 augere

1820 4497 1963 4551 vult:
1994 4511 2194 4566 pauper
2218 4503 2394 4549 autem
2424 4495 2492 4549 ab
2522 4494 2624 4549 hoc
2653 4496 2841 4550 morbo
2877 4496 3032 4560 liber,
3059 4506 3113 4552 et
3141 4498 3410 4567 aegritudi-

1823 4588 1905 4642 nis
1928 4602 2119 4657 expers
2149 4586 2353 4642 facilins
2377 4602 2442 4639 ex
2470 4586 2625 4641 bonis
2662 4587 2773 4640 suis
2812 4586 3102 4657 largietur:
3132 4602 3238 4641 non
3267 4590 3409 4644 enim

1823 4698 1919 4751 pro
1948 4682 2256 4736 substantia:
2306 4693 2577 4744 mensura,
2613 4679 2706 4733 sed
2750 4693 2848 4748 pro
2892 4679 3052 4733 animi
3097 4682 3411 4750 consiliique

1824 4772 2095 4836 mensura,
2126 4771 2263 4826 solet
2291 4772 2646 4841 eleemosynm
2693 4771 2883 4823 modus
2912 4772 3184 4840 prmscribi
3206 4789 3218 4824 :
3244 4788 3410 4842 quan-

1821 4864 2106 4935 doquidem
2134 4872 2189 4917 et
2215 4863 2300 4916 illa
2321 4862 2475 4916 vidua
2509 4872 2617 4915 tum
2648 4862 2781 4915 duos
2807 4861 2996 4915 obolos
3026 4863 3186 4925 misit,
3211 4874 3265 4916 et
3294 4865 3410 4918 illos

1822 4959 1910 5029 qui
1950 4957 2140 5026 opibus
2165 4956 2605 5010 circumﬂuebant
2633 4955 2924 5023 superavit,
2965 4965 3022 5009 et
3057 4956 3223 5009 altera
3254 4958 3407 5009 vidua

1820 5067 1943 5105 cum
1969 5049 2153 5104 larium
2184 5049 2456 5119 pugillum,
2497 5056 2551 5103 et
2592 5046 2696 5101 olei
2728 5046 2996 5115 paululum
3031 5046 3265 5110 hab-'rct,
3295 5048 3411 5102 ani-

1825 5158 1965 5198 mam
1997 5143 2139 5196 illam
2180 5142 2247 5195 ad
2271 5141 2459 5195 cmlum
2491 5140 2878 5209 pertingentcm
2907 5137 3140 5206 hospitio
3175 5140 3409 5209 excepit,

1824 5244 1879 5290 et
1899 5234 2072 5290 neutri
2092 5235 2312 5287 istarum
2339 5241 2548 5301 egestas
2565 5228 2946 5301 impedimento
2972 5228 3069 5283 fuit
3099 5227 3288 5299 (Marc.
3320 5229 3409 5284 12.

1822 5328 1938 5397 42).
1970 5326 2089 5382 Noli
2116 5324 2298 5395 utique
2316 5324 2612 5393 superfluas
2629 5331 2683 5378 et
2709 5322 2921 5377 inutiles
2945 5323 3316 5378 excusationes
3333 5326 3411 5377 al-

1823 5418 1997 5474 ferre:
2023 5433 2129 5472 non
2160 5416 2300 5470 enim
2324 5414 2624 5471 collationis
2650 5414 3049 5480 abundantiam,
3081 5413 3174 5468 sed
3201 5413 3412 5470 divitias

1823 5509 2111 5565 voluntatis
2142 5506 2399 5578 requirit;
2424 5522 2528 5560 non
2555 5521 2618 5560 ex
2646 5520 2829 5561 eorum
2854 5519 3100 5559 mensura
3127 5520 3245 5576 quae
3273 5506 3410 5561 dan-

1824 5612 1928 5665 tur,
1971 5600 2067 5656 sed
2099 5615 2167 5654 ex
2194 5612 2379 5653 eorum
2408 5598 2684 5668 proposito
2711 5595 2803 5667 qui
2835 5597 3148 5667 largiuntur,
3174 5596 3413 5653 elecmu-

1866 5738 1904 5770 ἰ
1941 5736 2046 5795 Alii,
2069 5730 2259 5796 generis
2275 5730 2445 5801 nostri.
2584 5790 2595 5801 ο

1885 5800 1907 5831 ¹
1939 5806 2059 5847 Tres
2080 5795 2405 5861 manuscripti,
2427 5795 2633 5858 parum.
