3918 6386
419 331 517 386 771

421 456 556 511 syna
580 440 715 497 solet
741 437 1001 494 exhiberi.
1033 438 1237 506 Pauper
1256 453 1336 504 es,
1365 447 1416 493 et
1443 437 1680 491 omnium
1706 435 2012 491 mortalium

427 533 814 604 pauperrimus,
848 539 904 584 at
929 531 1013 584 illa
1043 529 1199 583 vidua
1230 544 1336 583 non
1370 529 1644 598 egentior:
1673 543 1793 598 qua:
1822 527 2014 582 divites

420 627 582 695 longo
605 623 889 678 intervallo
915 622 1213 690 superavit;
1233 620 1327 675 sed
1345 621 1455 690 ipsa
1483 620 1574 675 tibi
1598 618 1897 675 necessaria
1916 618 2015 673 de-

423 726 548 771 sunt
572 716 858 770 alimenta?
889 716 957 768 At
980 712 1212 784 Sydonia
1235 711 1460 766 muliere
1485 711 1770 781 pauperior
1791 725 1898 765 non
1929 725 2010 776 es,

425 825 544 878 qua:
586 824 708 863 cum
756 809 820 862 ad
866 808 1036 877 ipsum
1083 807 1240 861 famis
1283 805 1503 861 fundunt
1533 806 1859 871 devenisset,
1891 820 2015 862 cum

424 899 678 970 deinceps
708 910 931 954 mortem
957 907 1311 968 exspectaret,
1342 915 1567 969 eamque
1599 899 1749 953 turba
1785 899 2014 954 circum-

423 992 638 1048 sisteret
667 992 916 1058 ﬁliorum,
946 1008 1013 1045 ne
1051 994 1128 1046 sic
1163 991 1379 1060 quidem
1411 991 1748 1046 facultatibus
1777 991 1888 1046 suis
1918 1006 2016 1061 pe—

423 1086 613 1154 percit,
646 1083 736 1139 sed
767 1099 860 1154 per
894 1098 1157 1138 summam
1206 1084 1346 1138 illam
1391 1093 1684 1154 egestatem
1727 1085 2017 1139 immensas

423 1176 632 1230 divitias
661 1175 1008 1244 comparavit,
1039 1185 1092 1230 et
1121 1191 1333 1229 manum
1363 1191 1516 1230 suam
1537 1191 1738 1241 aream,
1772 1175 2016 1246 hydriam

421 1280 552 1321 vero
572 1267 805 1321 torcular
830 1266 1080 1333 reddidit,
1105 1278 1264 1336 atque
1294 1275 1352 1321 ut
1378 1284 1443 1323 ex
1473 1268 1656 1338 paucis
1699 1269 1864 1323 multa
1897 1284 2020 1322 sca-

421 1356 859 1412 turirenteﬁ‘eeit.
888 1357 993 1412 Sed
1024 1359 1089 1411 ad
1120 1359 1452 1427 propositum
1481 1358 1783 1426 redeamus,
1809 1375 1875 1414 ne
1889 1374 2021 1414 con-

421 1448 600 1502 tinuas
631 1443 990 1517 digressioncs
1024 1445 1424 1503 intersemmus.
1451 1447 1582 1504 Cum
1607 1446 1787 1520 itaque
1823 1461 2018 1505 ventu-

422 1553 516 1593 rus
553 1553 780 1608 sponsus
807 1548 970 1605 esset,
1000 1541 1076 1594 sic
1105 1541 1243 1594 inter
1271 1555 1331 1594 se
1375 1541 1608 1611 virgines
1635 1541 2020 1613 colloqneban-

425 1638 547 1684 tur:
575 1639 628 1684 at
655 1630 758 1684 illa!
781 1629 846 1684 ad
879 1630 1173 1685 vendentes
1201 1646 1292 1686 eas
1314 1631 1616 1697 mittebant,
1645 1633 1737 1686 sed
1751 1649 1863 1702 jam
1883 1642 2021 1688 tem-

422 1736 525 1791 pus
568 1738 674 1776 non
707 1732 821 1778 erat
850 1723 1078 1790 amplius
1107 1723 1285 1778 oleum
1320 1725 1564 1780 emendi:
1591 1734 1737 1780 recte
1766 1726 1978 1795 quidem
2004 1743 2020 1795 ;

427 1834 550 1872 nam
577 1819 668 1890 qui
695 1819 932 1874 vendunt
958 1820 1011 1873 in
1042 1821 1294 1889 praesenti
1332 1821 1438 1876 vita
1478 1829 1604 1875 sunt
1633 1829 1870 1887 tantum;
1903 1829 2024 1891 post

423 1909 720 1965 discessum
760 1919 937 1966 autem
985 1927 1052 1966 ex
1101 1911 1212 1978 illa,
1262 1927 1390 1967 cum
1445 1913 1724 1968 dimissum
1756 1913 2022 1969 theatrum

424 1999 604 2066 fuerit,
634 2016 740 2056 non
768 2001 893 2056 licet
920 2001 1148 2072 amplius
1196 2003 1643 2059 medicamentum
1691 2005 1826 2060 actis
1863 2005 2025 2060 rebus

426 2091 685 2162 reperire,
708 2107 884 2162 neque
911 2093 1121 2148 veniam
1146 2104 1304 2164 atque
1329 2096 1754 2161 excusationem,
1778 2095 1873 2152 sed
1900 2112 2028 2166 sup-

429 2181 590 2250 plicio
611 2180 750 2235 afﬁci
775 2182 1028 2252 deinceps
1050 2197 1272 2240 necesse
1298 2193 1402 2251 est,
1424 2184 1564 2254 quod
1591 2193 1647 2240 et
1668 2193 1793 2240 tunc
1824 2194 2028 2256 tempo-

429 2273 505 2327 ris
530 2273 742 2328 accidit.
777 2273 1063 2344 Postquam
1113 2276 1254 2330 enim
1287 2291 1516 2346 sponsus
1538 2276 1776 2342 advenit,
1813 2278 1898 2333 hae
1914 2277 2027 2348 qui-

429 2362 552 2417 dem
580 2362 834 2433 ingressas
858 2374 1000 2430 sunt,
1021 2381 1140 2436 quae
1157 2366 1430 2436 lampades
1453 2381 1706 2422 accensas
1724 2367 2027 2440 habebant;

428 2461 485 2506 at
510 2453 613 2508 illa:
638 2469 760 2508 cum
811 2454 1034 2522 tardius,
1066 2473 1224 2527 quam
1255 2467 1314 2512 ut
1340 2458 1547 2528 ingredi
1577 2468 1810 2528 possent,
1859 2459 2024 2516 adve-

431 2545 655 2612 nissent,
684 2547 905 2602 thalami
933 2547 1076 2604 fores
1117 2551 1414 2620 pulsarunt,
1462 2561 1516 2606 et
1561 2554 1852 2609 terribilem
1879 2554 2024 2609 illam

431 2652 616 2693 vocem
635 2639 936 2705 audierunt,
956 2641 1233 2710 Discedite,
1261 2645 1430 2697 nescio
1455 2660 1543 2698 vos
1563 2644 1774 2716 (Matth.
1796 2645 1888 2702 25.
1912 2645 2024 2718 l2).

434 2730 598 2786 Vides
619 2733 766 2787 illum
793 2749 978 2789 rursus
1004 2750 1126 2790 eum
1154 2735 1360 2792 honore
1399 2735 1638 2803 afﬁcere,
1669 2747 1780 2793 tum
1813 2753 2027 2808 pennam

434 2825 662 2892 inferre;
695 2842 817 2881 cum
843 2841 1123 2894 coronare,
1167 2838 1277 2884 tum
1303 2831 1525 2900 punire;
1573 2846 1694 2887 cum
1722 2833 2027 2899 admittere,

434 2923 548 2970 tum
574 2916 842 2987 ablegare,
869 2927 1030 2990 atque
1053 2920 1331 2991 utriusque
1347 2922 1512 2992 partis
1525 2921 1707 2991 judieii
1724 2935 2028 2995 compotem

435 3009 592 3063 esse?
623 3009 734 3065 l-loe
761 3020 817 3065 et
844 3011 898 3065 in
929 3011 1106 3077 vinea,
1139 3012 1242 3068 hoc
1273 3022 1328 3068 et
1361 3013 1416 3068 in
1453 3015 1687 3086 quinque
1717 3032 1784 3072 ac
1825 3017 2032 3074 duobus

434 3100 668 3167 talentis,
694 3110 748 3156 et
780 3117 888 3157 uno
913 3105 1058 3158 cerni
1090 3112 1300 3174 potest:
1322 3120 1448 3160 nam
1476 3107 1596 3163 illos
1625 3107 1838 3178 quidem
1869 3123 2031 3165 exce-

439 3191 534 3259 pit,
559 3202 610 3247 et
632 3193 698 3246 ad
727 3195 929 3266 majora
957 3195 1270 3262 introduxit,
1293 3196 1436 3253 hunc
1455 3209 1632 3254 autem
1659 3200 1893 3256 vinctum
1916 3216 2033 3271 pro-

432 3284 525 3353 jici
555 3285 606 3339 in
638 3288 930 3343 exteriores
956 3288 1204 3344 tenebras
1229 3290 1530 3358 imperavit.

509 3377 562 3430 5.
582 3376 686 3432 Sed
713 3378 833 3448 quis
862 3394 1047 3434 eorum
1073 3381 1303 3436 multus‘
1322 3390 1406 3436 est
1429 3398 1628 3448 sermo,
1652 3385 1734 3438 vel
1754 3385 1929 3455 potius
1944 3386 2032 3455 qui

439 3468 658 3522 multam
687 3469 1010 3540 dementiam
1058 3471 1295 3528 redolet?
1323 3472 1496 3529 Habet
1525 3475 1611 3529 ille
1657 3475 1868 3546 quidem
1911 3493 2032 3532 eum

442 3561 720 3631 puniendi,
753 3571 862 3616 tum
893 3565 1183 3619 coronandi
1222 3574 1564 3635 potestatem,
1610 3583 1732 3622 cum
1765 3569 2032 3625 afﬁciendi

441 3652 725 3723 supplicio,
751 3661 862 3708 tum
891 3657 1107 3724 praemia
1135 3656 1467 3720 conferendi,
1497 3657 1590 3714 sed
1617 3673 1922 3729 supremam
1945 3675 2034 3715 se-

441 3745 524 3801 dis
543 3746 971 3816 prterogativam,
994 3748 1184 3818 inquit,
1207 3757 1262 3804 et
1279 3749 1595 3805 altissimum
1619 3752 1874 3808 honorem
1896 3753 2038 3809 hunc

441 3836 573 3891 dare
595 3853 752 3892 suum
781 3854 886 3892 non
913 3853 1033 3894 esse
1055 3839 1209 3893 dixit.
1235 3840 1416 3910 Itaque
1443 3843 1488 3896 si
1519 3843 1652 3897 nihil
1683 3844 1800 3914 ejus
1829 3845 2036 3900 calculo

441 3929 774 3984 subtractum
816 3945 936 3986 esse
974 3933 1310 4001 cognoveris,
1339 3947 1465 3988 num
1508 3935 1577 3988 ab
1608 3935 1705 3990 hac
1735 3939 2035 4006 importuna

441 4022 782 4076 contentione
799 4021 1062 4077 desistes?
1077 4022 1214 4077 Audi
1231 4039 1359 4094 ergo
1380 4041 1564 4080 rursus
1583 4041 1706 4081 eum
1731 4027 1997 4084 dicentem
2019 4046 2032 4082 :

443 4113 602 4167 Pater
627 4131 727 4168 non
747 4114 948 4184 judicat
975 4130 1294 4185 quemquam,
1345 4117 1435 4171 sed
1481 4135 1628 4172 omne
1645 4120 1901 4190 judicium
1941 4121 2037 4175 de-

442 4209 518 4262 dit
545 4207 683 4263 Filio
706 4208 882 4278 (Joan.
914 4209 968 4264 5.
1143 4210 1200 4265 Si
1226 4225 1353 4281 ergo
1373 4211 1631 4280 judicium
1663 4213 1824 4268 habet
1846 4228 2030 4281 omne,

443 4299 578 4355 nihil
607 4301 724 4371 ejus
747 4301 954 4356 calculo
980 4301 1365 4371 sententiaeque
1394 4303 1722 4358 subtractum
1761 4315 1880 4360 est:
1909 4321 2036 4361 nam

444 4393 535 4462 qui
562 4392 817 4462 judicium
861 4393 1021 4449 habet
1050 4409 1241 4462 omne,
1290 4405 1608 4464 potestatem
1648 4397 1806 4454 habet
1846 4414 2036 4454 omnes

442 4497 568 4537 cum
598 4485 874 4553 puniendi,
899 4493 1006 4539 tum
1025 4487 1338 4543 coronandi.
1373 4489 1503 4544 Illud
1525 4500 1724 4557 autem,
1748 4493 1904 4560 dedit,
1931 4494 2033 4548 hoc

445 4574 563 4628 loco
584 4589 653 4629 ne
669 4574 943 4630 hominum
962 4592 1110 4632 more
1130 4579 1652 4649 accipias,carissime
1674 4600 1685 4634 :
1706 4598 1878 4654 neque
1892 4585 2033 4639 enim

450 4678 555 4718 non
573 4663 788 4720 habenti
810 4665 976 4729 dedit,
1007 4683 1104 4722 nec
1129 4668 1496 4738 imperfectum
1522 4674 1726 4740 genuit,
1755 4691 1927 4743 neque
1945 4691 2040 4745 po-

447 4755 642 4810 sterius
663 4756 736 4810 illi
768 4757 1019 4812 adnatum
1042 4767 1157 4813 est:
1190 4761 1284 4815 sed
1305 4762 1452 4829 illud,
1477 4764 1634 4830 dedit,
1659 4764 1762 4821 hoc
1777 4767 1876 4821 sibi
1902 4769 2034 4836 vult,

445 4847 605 4902 talem
636 4846 784 4902 illum
815 4849 1031 4918 genuit,
1080 4850 1406 4920 perfectum,
1453 4853 1755 4910 absolutum
1790 4875 1804 4910 :
1849 4874 2033 4913 verum

446 4940 548 4995 hac
570 4954 698 4995 usus
718 4949 801 4995 est
826 4941 1082 5008 dictione,
1113 4957 1180 4997 ne
1199 4943 1333 4998 duos
1355 4947 1566 5014 genitos
1581 4947 1856 5005 arbitreris
1875 4949 2032 5017 Deos,

446 5031 540 5085 sed
575 5041 633 5086 ut
655 5031 889 5086 radicem
913 5041 967 5088 et
987 5031 1218 5088 fructum
1245 5036 1475 5100 noveris,
1511 5051 1616 5092 non
1647 5046 1704 5092 ut
1732 5038 1832 5094 hoc
1856 5041 1933 5094 illi
1953 5056 2040 5110 po-

447 5122 643 5177 sterius
669 5123 921 5178 adnatum
951 5139 1072 5180 esse
1098 5124 1396 5180 arbitreris.
1423 5126 1556 5181 Nam
1584 5137 1636 5182 et
1673 5129 2034 5201 interrogatus

444 5213 593 5279 alibi,
623 5213 762 5285 Ergo
789 5232 880 5270 rea:
905 5232 956 5270 es
987 5228 1039 5270 tu
1067 5215 1244 5289 (Joan.
1277 5218 1362 5273 18.
1390 5218 1521 5291 56)?
1563 5235 1668 5274 non
1708 5237 1768 5276 se
1811 5239 2034 5292 regnum

448 5307 721 5376 accepisse
749 5308 900 5372 dixit,
932 5326 1036 5364 non
1067 5311 1169 5364 sibi
1199 5326 1419 5381 regnum
1452 5314 1714 5382 posterius
1752 5329 1871 5370 esse
1905 5316 2038 5372 dixit

447 5400 785 5467 attributum,
809 5401 926 5468 sed,
958 5401 1068 5472 Ego
1093 5403 1147 5456 in
1174 5404 1268 5457 hoc
1293 5413 1440 5458 natus
1468 5421 1600 5459 sum.
1627 5405 1681 5460 Si
1705 5421 1797 5460 rex
1823 5407 2040 5462 absolu-

447 5499 535 5548 tus
562 5501 864 5560 est-natus,
910 5497 1130 5550 omnino
1166 5508 1221 5550 et
1254 5497 1485 5566 judicem
1527 5514 1588 5553 ac
1626 5499 2037 5570 disceptatorem

449 5583 598 5638 illum
627 5599 748 5640 esse
776 5585 972 5655 liquet:
1003 5587 1142 5657 regis
1165 5589 1311 5642 enim
1339 5598 1422 5643 est
1455 5591 1685 5645 maxime
1707 5591 1948 5659 judicare
1975 5608 2040 5650 ac

449 5672 770 5744 disceptare,
827 5678 1059 5734 honores
1105 5678 1351 5746 deferre,
1399 5690 1454 5735 et
1491 5682 1752 5752 supplicio
1799 5679 2034 5742 allicere.

513 5789 529 5818 ³
566 5795 775 5846 Quatuor
798 5797 926 5853 atss.,
950 5806 1109 5856 asper,
1135 5806 1241 5858 pro,
1264 5797 1478 5860 multus;
1499 5810 1594 5848 nec
1615 5799 1760 5848 male.

1133 325 1190 381 8.
1230 323 1511 381 JOANNIS
1549 320 2020 380 CllRYSOSTOMl
2059 322 2384 380 ARCHJEP.
2421 322 2960 383 CONSTANTINOP.

3615 325 3716 380 ζ’ἳῖ

2125 435 2355 492 Aliunde
2383 451 2595 508 quoque
2619 439 2817 508 poterit
2842 440 2982 494 istud
3005 439 3246 510 intelligi.
3275 454 3538 511 supernos
3555 440 3715 496 etiam

2124 525 2358 582 honores
2383 527 2618 584 tribuere
2643 531 2697 584 in
2730 531 2897 600 ipsius
2929 539 3193 601 potestate
3222 533 3382 588 situm
3409 547 3550 588 esse.
3583 533 3716 587 Cum

2122 619 2266 673 enim
2288 629 2604 676 cunctorum
2644 621 2922 677 hominum
2952 623 3214 693 optimum
3245 624 3296 678 in
3328 625 3562 679 medium
3591 639 3719 694 pro-

2123 708 2452 777 duxerimus,
2487 719 2542 766 et
2571 711 2712 766 hunc
2738 713 2806 768 ab
2827 727 2894 768 eo
2920 713 3093 770 fuisse
3106 725 3423 769 coronatum
3463 715 3722 770 ostende-

2123 801 2314 869 rimus,
2339 803 2460 872 quis
2485 804 2815 858 excusationi
2859 815 3052 859 vestrze
3098 804 3354 876 deinceps
3380 806 3529 860 locus
3552 805 3723 859 relin-

2123 894 2348 962 quetur?
2377 893 2506 962 Quis
2527 895 2684 965 igitur
2707 903 2790 950 est
2810 895 2899 950 ille
2929 895 3142 951 tandem
3171 897 3410 951 omnium
3441 896 3722 952 hominum

2124 984 2393 1054 optimus?

2199 1075 2357 1131 Pauli
2384 1077 2616 1148 Apostoli
2643 1079 3032 1134 encomium.—
3050 1079 3181 1145 Quis
3209 1095 3402 1150 nempe
3429 1080 3589 1144 alius,
3618 1081 3722 1135 nisi

2125 1165 2307 1238 opifex
2326 1170 2415 1225 ille
2433 1170 2918 1237 tabernaculorum,
2942 1170 3130 1226 doctor
3149 1172 3294 1227 orbis
3323 1183 3606 1237 terrarum,
3633 1176 3722 1241 qui

2125 1276 2275 1316 mare
2306 1269 2575 1332 tamquam
2601 1262 2774 1317 alatus
2805 1262 3088 1332 percurrit,
3113 1279 3209 1319 vas
3235 1263 3536 1328 electionis,
3561 1264 3723 1319 (ibri-

2126 1354 2196 1408 sti
2222 1355 2526 1424 nuptiarum
2553 1370 2776 1426 auspex,
2804 1356 3060 1411 Ecclesiae
3089 1357 3356 1423 fundator,
3385 1358 3602 1428 sapiens
3635 1373 3722 1413 ar-

2125 1445 2408 1509 chitectus,
2461 1461 2658 1516 prazco,
2707 1461 2918 1513 cursor,
2966 1447 3191 1516 athleta,
3247 1449 3426 1517 miles,
3459 1451 3722 1521 palaestra:

2127 1534 2399 1604 magister,
2441 1541 2530 1606 qul
2559 1537 2756 1607 ubique
2788 1547 3054 1594 terrarum
3083 1550 3430 1596 monumenta
3468 1558 3581 1596 suae
3611 1557 3720 1597 vir-

2128 1628 2255 1681 tutis
2280 1627 2516 1698 reliquit,
2543 1630 2636 1700 qui
2663 1630 2876 1684 tertium
2906 1631 2958 1684 in
2989 1631 3178 1686 Caelum
3213 1641 3340 1688 ante
3368 1609 3724 1689 resurrectio-

2130 1734 2254 1773 nem
2297 1728 2481 1789 raptus
2511 1728 2615 1786 est,
2643 1721 2732 1790 qui
2761 1720 2814 1775 in
2844 1720 3145 1791 paradisum
3176 1723 3440 1791 sublatus,
3481 1725 3573 1794 qui
3603 1741 3725 1796 my-

2129 1815 2412 1870 steriorum
2445 1814 2792 1870 inetl‘abilium
2825 1817 3091 1888 particeps
3116 1817 3288 1871 a‘Deo
3314 1817 3506 1884 factus,
3536 1821 3627 1888 qui
3649 1830 3726 1873 ta-

2130 1905 2198 1960 lia
2220 1906 2423 1961 audivit
2449 1915 2504 1961 et
2531 1906 2782 1977 loquutus
2803 1917 2904 1973 est,
2933 1924 3054 1978 quae
3076 1917 3278 1962 natura:
3299 1909 3444 1979 loqui
3471 1925 3577 1964 non
3602 1912 3726 1966 licet

2129 1997 2400 2065 bumanze,
2433 1999 2523 2070 qui
2550 2001 2775 2069 gratiam
2803 2001 3160 2069 c0piosiorem
3191 2001 3440 2066 obtinuit,
3470 2013 3526 2059 et
3549 2004 3726 2073 majo-

2129 2107 2242 2146 rem
2273 2090 2512 2144 laborem
2544 2091 2818 2146 exhibuit?
2844 2091 2970 2146 Plus
3013 2102 3191 2147 autem
3235 2109 3393 2162 quam
3440 2110 3634 2150 omnes
3663 2111 3690 2149 s
3717 2116 3726 2129 -

2130 2182 2424 2246 laborasse,
2482 2182 2656 2252 ipsum
2709 2183 2978 2238 dicentem
3028 2185 3190 2238 audi:
3231 2186 3588 2241 Abundantius
3625 2187 3729 2242 illis

2129 2274 2361 2330 omnibus
2387 2274 2609 2329 laboravi
2640 2274 2715 2348 (1.
2757 2274 2875 2331 Cor.
2920 2276 3008 2334 15.
3057 2275 3147 2346 10)
3171 2294 3187 2332 :
3210 2277 3351 2347 quod
3377 2279 3422 2334 si
3450 2279 3730 2334 abundan-

2132 2366 2260 2432 tius,
2310 2379 2470 2435 quam
2518 2383 2727 2431 omnes,
2775 2367 3006 2444 labores
3038 2369 3310 2433 sustinuit,
3365 2369 3728 2425 abundantius

2130 2459 2292 2513 etiam
2319 2460 2682 2515 coronabitur.
2714 2459 3069 2533 Unusquisque
3095 2462 3225 2516 enim
3255 2465 3514 2533 propriam
3539 2482 3729 2518 merce-

2131 2551 2245 2605 dem
2293 2552 2504 2622 accipiet
2527 2552 2804 2606 secundum
2850 2555 3112 2622 proprium
3151 2554 3372 2609 laborem
3403 2555 3514 2628 (Id.
3551 2559 3606 2612 5.
3646 2559 3729 2627 8).

2133 2643 2190 2697 Si
2219 2659 2349 2713 ergo
2376 2643 2633 2712 majorem
2657 2659 2815 2713 quam
2847 2645 3087 2715 Apostoli
3116 2661 3371 2701 coronam
3401 2649 3726 2718 accipit(ne—

2135 2751 2224 2789 mo
2252 2749 2415 2805 porro
2442 2736 2611 2805 potuit
2635 2735 2921 2806 Apostolos
2950 2751 3187 2806 zequare,
3213 2737 3408 2808 quibus
3436 2738 3523 2792 hic
3547 2749 3728 2794 tamen

2134 2827 2307 2898 major
2336 2828 2490 2900 fuit):
2519 2828 2660 2884 haud
2688 2829 2908 2885 dubium
2948 2831 3075 2901 quin
3101 2846 3411 2901 supremum
3443 2831 3592 2886 illum
3625 2832 3729 2887 ho-

2135 2935 2323 2976 norem
2349 2930 2404 2976 et
2429 2920 2573 2976 sedis
2593 2923 2996 2992 praerogativam
3020 2923 3090 2976 sit
3117 2931 3582 2992 consequuturus:
3608 2924 3729 2994 quis

2136 3013 2286 3069 illum
2314 3015 2474 3086 igitur
2497 3015 2811 3070 coronabit?
2836 3015 3013 3086 Ipsum
3039 3015 3307 3072 dicentem
3339 3016 3459 3071 audi
3488 3035 3503 3072 :
3528 3017 3730 3073 Bonum

2135 3116 2389 3162 certamen
2409 3108 2618 3175 certari,
2645 3124 2850 3162 cursum
2867 3109 3232 3176 consummavi,
3252 3110 3408 3178 [idem
3431 3112 3643 3165 servavi.
3661 3110 3730 3165 In

2135 3197 2329 3269 reliquo
2354 3201 2576 3269 reposita
2605 3209 2678 3253 est
2719 3199 2844 3252 milu'
2871 3216 3060 3253 corona
3077 3201 3315 3270 justitite,
3361 3217 3515 3270 quam
3555 3202 3732 3256 reddet

2135 3289 2263 3344 mihi
2299 3287 2550 3345 Dominus
2571 3291 2626 3344 in
2653 3292 2744 3345 illa
2771 3292 2854 3345 die
2872 3291 3047 3361 justus
3079 3291 3245 3361 judea:
3273 3291 3350 3362 (2.
3390 3291 3526 3346 Tim.
3561 3294 3614 3347 4.
3647 3293 3728 3356 7).

2137 3381 2297 3438 Pater
2316 3399 2418 3437 non
2433 3383 2636 3452 jndicat
2663 3399 2985 3454 quemquam,
3025 3383 3116 3438 sed
3142 3399 3290 3437 omne
3305 3384 3562 3452 judicium
3592 3383 3732 3437 dedit

2140 3473 2279 3529 Filio
2300 3473 2482 3545 (Joan.
2510 3474 2564 3530 5.
2595 3473 2713 3545 22).
2757 3474 2941 3545 Neque
2968 3489 3098 3530 vero
3125 3483 3328 3528 tantum
3370 3475 3493 3530 inde
3519 3485 3733 3531 constat

2139 3565 2302 3632 istud,
2349 3566 2443 3622 sed
2473 3570 2633 3623 etiam
2663 3583 2728 3622 ex
2757 3567 2844 3635 iis,
2884 3583 3005 3637 qum
3041 3575 3374 3637 sequuntur:
3399 3567 3521 3621 Non
3567 3568 3732 3622 solum

2137 3668 2308 3713 autem
2335 3659 2482 3725 mihi,
2509 3659 2599 3714 sed
2618 3667 2664 3712 et
2689 3660 2922 3714 omnibus
2947 3661 3034 3728 qui
3059 3659 3330 3714 diiexerint
3357 3660 3732 3730 apparitionem

2139 3752 2251 3822 ejus
2277 3750 2354 3823 (2.
2377 3751 2510 3806 Tim.
2534 3753 2590 3807 4.
2612 3750 2694 3824 8).
2715 3751 3006 3822 Cujusnam
3031 3767 3193 3822 porro
3216 3752 3331 3806 hac
3355 3752 3620 3822 apparitio
3639 3753 3730 3810 ait.

2139 3841 2262 3896 audi
2294 3857 2418 3896 eum
2467 3841 2556 3912 qui
2602 3851 2816 3898 narrat:
2845 3842 3095 3913 Apparuit
3136 3843 3303 3913 gratia
3345 3841 3443 3896 Dei
3489 3843 3735 3897 salutaris

2141 3933 2372 3986 omnibus
2399 3933 2706 3996 hominibus,
2739 3933 2974 3988 erudiens
3002 3951 3116 3998 nos,
3146 3942 3200 3985 ut
3225 3932 3529 4004 abnegantes
3551 3933 3737 4000 impie-

2141 4037 2313 4092 tatem,
2343 4038 2391 4082 et
2419 4028 2686 4082 saecularia
2715 4027 2984 4092 desideria,
3016 4027 3183 4081 sobrie
3219 4036 3266 4081 et
3282 4028 3442 4097 juste,
3468 4035 3518 4079 et
3547 4027 3632 4096 pie
3656 4029 3736 4079 ui-

2139 4135 2312 4172 vamus
2339 4120 2394 4172 in
2419 4119 2513 4172 hoc
2549 4119 2738 4173 steculo
2755 4135 2774 4172 :
2800 4127 3142 4189 exspectantes
3171 4117 3366 4170 beatam
3390 4134 3528 4187 spem
3556 4127 3604 4170 et
3635 4134 3734 4186 ap-

2141 4210 2443 4280 paritionem
2467 4210 2644 4280 gloria:
2670 4211 2842 4281 magni
2876 4209 2990 4275 Dei,
3020 4218 3066 4265 et
3096 4208 3381 4264 Saluatoris
3420 4211 3582 4264 nostri
3606 4209 3642 4262 J
3647 4227 3735 4264 esu

2141 4303 2329 4359 Christi
2354 4301 2482 4372 (Tit.
2503 4302 2560 4355 2.
2587 4302 2701 4373 11).

2213 4417 2268 4472 4.
2312 4415 2426 4480 Quo
2455 4432 2605 4470 sensu
2631 4416 2864 4470 Christus
2886 4417 3093 4484 dixerit,
3125 4417 3241 4472 Non
3271 4426 3354 4474 est
3378 4431 3556 4471 meum
3580 4415 3734 4471 dare.

2140 4508 2340 4563 -Sed
2382 4508 2469 4562 hic
2493 4509 2708 4579 quidem
2743 4524 2934 4578 pugna,
2980 4524 3084 4578 qua
3127 4524 3249 4563 cum
3295 4508 3563 4563 luereticis
3606 4524 3737 4563 con-

2140 4601 2308 4670 gressi
2326 4615 2531 4658 sumus.
2554 4601 2710 4654 ﬁnem
2730 4599 2912 4664 habet,
2926 4600 3141 4669 jamque
3165 4609 3419 4669 tropaeum
3441 4600 3733 4664 ereximus,

2140 4703 2195 4746 et
2215 4693 2489 4748 victoriam
2518 4693 2820 4758 retulimus,
2842 4707 2964 4746 cum
2987 4706 3054 4747 ex
3081 4691 3145 4745 iis
3165 4691 3430 4755 omnibus,
3451 4705 3574 4760 qua:
3591 4705 3737 4744 com-

2142 4793 2434 4838 memorata
2456 4791 2600 4847 sunt,
2626 4784 2679 4836 in
2706 4782 2825 4852 ejus
2851 4795 2971 4837 esse
2999 4791 3264 4850 potestate
3305 4782 3463 4836 situm
3490 4779 3740 4835 docueri—

2143 4891 2282 4941 mus,
2314 4891 2436 4932 cum
2480 4877 2773 4930 honoribus
2798 4875 3094 4941 cumulare,
3127 4882 3240 4929 tum
3271 4889 3423 4943 ptena
3455 4873 3733 4935 mulctari),

2144 4977 2324 5037 utpote
2353 4969 2442 5038 qui
2467 4978 2520 5023 et
2548 4984 2707 5023 omne
2726 4969 2984 5037 judicium
3012 4967 3226 5033 habeat,
3253 4975 3309 5023 et
3334 4966 3572 5021 omnium
3595 4967 3734 5034 Opti-

2144 5077 2286 5117 mum
2314 5071 2555 5128 coronet,
2584 5077 2647 5116 ac
2670 5063 2926 5117 victorem
2950 5063 3275 5132 pronuntiet,
3299 5069 3352 5113 et
3374 5059 3424 5114 in
3451 5058 3554 5113 iliis
3580 5074 3736 5126 para-

2148 5152 2284 5207 bolis
2313 5163 2598 5223 utrumque
2619 5153 2956 5223 praestiterit:
2988 5153 3082 5207 sed
3103 5151 3210 5222 jam
3233 5151 3486 5218 deinceps
3503 5159 3733 5218 oportet,

2146 5254 2206 5297 ut
2228 5244 2609 5299 dubitationem
2639 5261 2703 5300 ex
2725 5245 2918 5299 animis
2937 5244 3157 5300 fratrum
3176 5245 3490 5309 eximamus,
3509 5253 3562 5295 et
3578 5258 3733 5311 quam

2143 5335 2212 5390 ob
2238 5350 2453 5390 causam
2491 5337 2560 5389 ita
2601 5335 2816 5403 dixerit,
2859 5337 3179 5392 doceamus:
3207 5337 3326 5390 Non
3355 5344 3428 5388 est
3449 5351 3614 5388 meum
3645 5334 3735 5385 hoc

2141 5429 2529 5482 dare:multos
2573 5429 2713 5484 enim
2755 5447 2820 5485 ex
2862 5445 3047 5484 eorum
3078 5431 3379 5490 occasione,
3425 5443 3546 5497 quze
3596 5425 3736 5480 diota

2143 5529 2290 5585 sunt,
2318 5521 2667 5590 quaestionem
2697 5537 2912 5576 movere
2941 5522 3203 5576 arbitror:
3237 5531 3296 5574 ut
3327 5520 3486 5589 igitur
3510 5528 3568 5575 et
3594 5533 3739 5588 qna:-

2145 5612 2371 5666 stionem
2395 5612 2686 5681 solvamus,
2715 5624 2768 5667 et
2792 5613 3248 5685 perturbationem
3275 5609 3438 5666 animi
3464 5607 3736 5674 sedemus,

2146 5702 2423 5770 attendite,
2455 5718 2658 5774 quaeso,
2699 5706 2960 5771 animum,
2993 5711 3048 5758 et
3076 5713 3308 5759 mentem
3339 5713 3572 5756 vestram
3602 5715 3734 5770 pta-.-

2154 5802 2338 5862 parate
2357 5812 2372 5851 :
2394 5795 2565 5863 major
2589 5795 2785 5866 quippe
2802 5802 2916 5869 jam
2945 5796 3070 5850 mihi
3117 5796 3266 5849 labor
3307 5793 3597 5849 incumbit:
3626 5807 3728 5844 non
