3918 6420
191 393 280 446 773

188 505 315 559 etum
335 502 558 573 aqualis
587 508 663 556 est
696 500 961 556 facilitatis
982 512 1219 570 pugnare
1239 508 1292 554 et
1308 499 1522 562 docere,
1546 497 1756 553 hostem

186 594 450 649 vulnerare
477 600 534 647 et
573 588 918 647 domesticum
962 590 1235 662 corrigere
1261 605 1277 656 ;
1309 590 1401 645 sed
1433 589 1553 661 plus
1575 590 1626 644 in
1659 588 1760 643 hoc

185 682 302 738 mihi
328 682 488 736 studii
510 681 891 737 conferendum
914 684 1018 746 est,
1041 688 1098 736 ut
1121 694 1291 752 neque
1310 682 1604 736 membrum
1621 680 1759 735 clauo

181 766 351 831 dicatis
379 760 665 844 negligant,
692 784 861 842 neque
890 772 1252 842 perturbatum
1282 785 1600 842 quemquam
1629 786 1758 841 prm-

182 867 479 922 tcnnittam.
507 867 634 920 Dico
656 865 819 930 enim,
864 864 959 919 sed
998 880 1067 920 ne
1092 865 1385 935 percellant
1410 876 1505 918 vos
1542 876 1660 934 qum
1685 862 1763 918 di-

178 966 377 1023 cuntur,
403 968 583 1026 neque
605 955 921 1020 turbemini;
961 964 1069 1010 non
1099 955 1239 1011 enim
1269 965 1471 1010 t-mtum
1502 953 1618 1009 Filii
1650 969 1754 1010 non

177 1064 283 1105 esse
305 1047 595 1113 contendo,
622 1046 715 1102 sed
744 1053 915 1116 neque
940 1044 1142 1111 Patris,
1169 1049 1230 1100 et'
1249 1043 1352 1101 hoc
1380 1058 1571 1116 magna
1601 1046 1753 1099 tuba-

179 1148 271 1212 que
308 1139 523 1195 clariori
565 1152 695 1195 voce
734 1138 1028 1209 proclamo,
1053 1153 1225 1209 neque
1254 1139 1421 1210 ipsius
1445 1154 1565 1195 esse
1594 1138 1747 1207 dare,

179 1243 339 1303 neque
364 1231 502 1285 adeo
526 1216 698 1284 Patris
724 1229 911 1300 ipsius.
934 1227 990 1285 Si
1018 1230 1161 1285 enim
1186 1229 1349 1299 ipsius
1369 1237 1533 1296 esset,
1562 1239 1616 1284 et
1648 1229 1753 1283 Pa-

180 1325 263 1379 tris
302 1331 441 1378 esset
463 1339 478 1376 :
500 1320 547 1376 si
578 1321 749 1376 Patris
776 1329 937 1383 esset,
970 1330 1025 1375 et
1067 1321 1233 1391 ipsius
1272 1325 1447 1376 esset:
1472 1330 1750 1390 propterea

178 1428 270 1470 non
290 1413 431 1469 dixit
460 1413 569 1467 illis
591 1413 925 1483 simpliciter,
952 1420 1060 1467 non
1087 1421 1169 1468 est
1198 1426 1373 1467 meum
1401 1409 1528 1467 dare
1545 1413 1563 1444 ¹
1582 1452 1596 1468 .
1614 1410 1750 1479 Quid

179 1505 360 1576 igitur?
386 1503 513 1559 Non
558 1513 633 1558 est
669 1516 834 1558 meum
863 1503 1005 1568 dare,
1035 1504 1125 1560 aed
1162 1502 1340 1574 quibus
1379 1513 1613 1576 paratum
1638 1513 1711 1558 est
1730 1518 1751 1558 :

177 1597 417 1667 significat
439 1610 614 1667 neque
642 1596 809 1669 ipsius
827 1602 968 1662 esse,
993 1610 1166 1666 neque
1193 1594 1385 1659 Patris,
1410 1595 1502 1651 sed
1525 1595 1749 1650 aliorum

179 1688 535 1758 quorumdam.
580 1689 717 1757 Quid
762 1698 890 1759 ergo
934 1686 1037 1742 sibi
1079 1686 1191 1742 vult
1230 1686 1431 1741 dictum
1462 1685 1626 1743 illud?
1660 1684 1751 1743 Sic

179 1780 304 1833 enim
333 1777 572 1835 arbitror
599 1780 748 1835 vobis
773 1787 983 1834 auctam
1012 1793 1131 1834 csse
1159 1778 1639 1849 perturbationem,
1684 1790 1752 1834 ac

180 1870 423 1941 majorem
444 1871 835 1926 dubitationem
864 1877 1126 1936 exortam,
1158 1880 1213 1925 et
1239 1872 1430 1927 anxios
1454 1880 1551 1926 vos
1578 1884 1699 1926 esse
1730 1890 1746 1926 :

180 1975 527 2018 verumtamen
554 1963 716 2019 nolite
737 1965 955 2027 timere;
982 1978 1086 2018 non
1114 1963 1255 2018 enim
1280 1963 1550 2031 desistam,
1578 1964 1748 2019 donec

181 2054 479 2111 solutionem
525 2055 853 2126 adjun'xero:
883 2056 1042 2112 sinite
1071 2062 1272 2111 tantum
1304 2062 1361 2112 ut
1404 2057 1561 2127 paulo
1587 2057 1748 2112 altius

181 2147 362 2201 initium
394 2147 659 2203 orationis
684 2160 976 2215 arcessam,
1008 2149 1147 2217 quod
1177 2148 1333 2204 aliter
1358 2147 1469 2203 fieri
1495 2152 1741 2219 nequeat,

178 2246 227 2292 ut
246 2238 465 2294 dilucide
505 2241 674 2295 menti
696 2248 887 2295 vestrm
914 2242 1091 2295 omnia
1118 2240 1574 2296 commendantur.
1607 2238 1745 2309 Quid

179 2342 285 2397 ergo
308 2329 407 2383 sibi
432 2330 571 2395 vult,
600 2330 739 2401 quod
765 2338 848 2386 est
870 2330 1104 2385 dictum?
1130 2329 1263 2385 Cum
1289 2342 1350 2386 se
1374 2332 1636 2401 reciperet
1656 2330 1750 2387 λεδ

114 2452 121 2459 ο
179 2420 476 2503 rosolymam
504 2420 687 2484 Iesus,
719 2422 944 2477 accessit
979 2435 1100 2477 eam
1149 2421 1273 2477 tlllis
1311 2434 1483 2479 mater
1511 2422 1741 2479 ﬁliorum

179 2507 629 2573 ZebedteiJscobi
647 2508 961 2573 etloannis,
980 2508 1062 2563 sic
1088 2522 1212 2563 eum
1230 2509 1536 2578 alloquens,
1567 2507 1669 2562 Dic
1695 2517 1753 2560 ut

184 2602 377 2658 sedeant
397 2603 452 2657 hi
470 2604 583 2656 duo
601 2602 702 2673 ﬁlii
720 2602 821 2655 mei
838 2614 974 2654 unus
991 2600 1060 2655 ad
1079 2599 1353 2656 dexteram
1380 2610 1755 2668 tuam,etuntts

185 2696 245 2749 sd
257 2695 537 2750 sinistram
565 2702 710 2747 tuom
732 2688 932 2764 (Marc.
957 2691 1047 2747 10.
1066 2690 1157 2763 $7)
1176 2710 1190 2746 :
1210 2692 1349 2748 alter
1377 2703 1563 2747 autem
1588 2706 1757 2749 evan-

189 2784 362 2854 gelista
380 2784 521 2841 ﬁlios
551 2784 665 2839 hate
682 2800 710 2837 a
726 2781 950 2839 Christo
979 2782 1204 2855 petiisse
1232 2783 1371 2839 dixit
1394 2802 1408 2838 :
1434 2783 1528 2840 sed
1541 2798 1650 2839 non
1668 2789 1756 2838 est

190 2883 351 2932 tamen
367 2873 745 2947 discrepantia
764 2893 778 2929 :
795 2876 1128 2946 nequeenim
1146 2882 1277 2930 sunt
1291 2874 1408 2931 hac
1417 2876 1625 2930 minuta
1643 2889 1757 2945 per.

188 2967 440 3022 currentia
464 2987 478 3022 :
507 2981 706 3022 verum
738 2982 863 3021 eum
886 2975 1119 3021 matrem
1151 2967 1514 3037 praemisisset
1535 2969 1576 3035 ³,
1606 2976 1755 3038 post»

192 3068 336 3127 quam
358 3059 447 3113 illa
465 3059 633 3125 dixit,
648 3065 702 3113 et
718 3066 929 3128 portam
950 3058 1186 3127 aperuit,
1207 3058 1312 3130 ipsi
1329 3073 1549 3130 quoque
1568 3072 1754 3128 preces

195 3148 561 3214 adsueverunt,
585 3148 1062 3220 nescientes,quid
1083 3148 1352 3217 dicerent,
1384 3149 1481 3206 sed
1507 3148 1754 3204 dicentes

195 3245 377 3296 tamen.
400 3239 544 3296 Nam
568 3241 698 3296 licet
723 3242 957 3312 apostoli
972 3249 1184 3309 essent,
1212 3240 1650 3312 imperfectiores
1670 3250 1754 3296 ta-

197 3343 302 3384 men
327 3332 505 3388 adhuc
541 3340 721 3399 erant,
765 3342 1025 3402 tanquam
1052 3333 1185 3402 pulli
1216 3333 1571 3389 errantes'in
1604 3333 1751 3400 nido,

196 3432 302 3475 cum
319 3425 562 3480 nondum
578 3423 691 3479 illis
710 3434 900 3494 petitus
915 3425 1312 3479 suecreverint.
1330 3426 1510 3495 Atque
1522 3426 1625 3480 hoc
1639 3440 1753 3479 ma-

200 3510 324 3566 xime
351 3514 504 3571 vobis
542 3528 668 3569 esse
693 3525 881 3568 notum
916 3519 1153 3585 oportet,
1184 3524 1314 3572 ante
1349 3515 1663 3586 passionem
1697 3518 1750 3573 in

192 3593 336 3651 multa
360 3595 480 3655 illos
491 3598 794 3670 ignorantia
810 3615 932 3658 esse
950 3611 1209 3668 versatos,
1231 3612 1556 3676 quapropter
1576 3615 1633 3660 et
1654 3606 1738 3662 in-

181 3682 376 3751 crepans
399 3703 490 3745 eos
508 3690 757 3746 dicebat:
787 3692 966 3748 Adhuc
985 3702 1033 3748 et
1055 3710 1143 3750 vos
1165 3696 1273 3750 sine
1294 3697 1551 3753 intellectu
1579 3698 1696 3754 estis
1710 3699 1738 3755 2

183 3768 395 3860 ﬂendum
418 3785 744 3853 cognoscitis,
773 3800 863 3839 nec
885 3787 1187 3858 itueﬂigitis,
1218 3790 1336 3858 quia
1363 3804 1464 3845 non
1498 3790 1562 3845 de
1589 3793 1735 3860 pani-

270 3869 378 3922 dixi
398 3871 558 3935 vobis,
580 3880 746 3927 cavete
774 3890 805 3927 α
830 3857 1073 3946 ferinam
1115 3877 1489 3935 Pharisaeorum
1519 3857 1731 3953 (Matth.

184 3950 253 4006 l5.
278 3957 390 4028 l6}?
416 3971 471 4016 et
496 3978 707 4029 rursus,
743 3965 908 4020 Multa
934 3968 1091 4024 habeo
1133 3971 1269 4025 vobis
1294 3972 1478 4038 dicere,
1516 3950 1606 4029 sed
1634 3986 1735 4032 non

181 4049 355 4133 me":
378 4063 585 4120 portare
612 4060 760 4110 modo
791 4054 969 4128 (locs.
989 4060 1075 4115 16.
1106 4060 1216 4133 12).
1243 4062 1425 4132 Neque
1454 4080 1579 4120 vero
1602 4068 1732 4123 sub.

181 4130 354 4193 limiora
383 4152 587 4200 tantum
627 4147 959 4218 ignorabant,
1011 4154 1104 4209 sed
1134 4130 1242 4211 illis
1281 4130 1440 4213 etiam
1489 4174 1734 4230 saepenu-

180 4234 326 4296 mero,
349 4249 464 4304 quae
485 4238 791 4307 audierant,
822 4256 931 4312 pm
952 4255 1093 4301 ntetu
1121 4258 1185 4302 ac
1209 4247 1492 4307 timiditate
1517 4254 1733 4309 excide-

181 4312 301 4413 W.
329 4329 462 4394 quod
491 4330 599 4387 illis
622 4335 949 4413 exprobrans
973 4338 1168 4406 aiebat,
1202 4341 1367 4398 Nemo
1388 4355 1452 4399 ex
1488 4344 1623 4401 vobis
1646 4348 1730 4401 tn.

181 4408 369 4505 lcrroget
392 4435 489 4487 me,
521 4421 632 4486 Quo
657 4424 798 4481 vadis
809 4410 845 4481 .91
861 4426 967 4482 Sed
989 4431 1109 4500 quia
1134 4432 1242 4486 hac
1262 4433 1495 4505 loququ
1511 4452 1625 4491 sum
1644 4446 1733 4494 vo-

179 4496 255 4565 bis.
276 4506 464 4598 histilia
504 4513 730 4582 implevit
757 4533 844 4570 cor
871 4496 1087 4574 vestram
1114 4522 1274 4595 (Ibid.
1301 4496 1351 4579 ὁ.
1382 4526 1443 4598 5)
1474 4536 1568 4583 :et
1607 4542 1729 4584 rur-

178 4595 384 4692 ξιξιξμξίε
404 4605 543 4658 vobis
569 4618 794 4677 suggeret
816 4612 1005 4675 omnia,
1045 4622 1094 4666 et
1134 4614 1327 4670 docebit
1354 4595 1440 4671 vos
1482 4618 1593 4692 (Id.
1636 4621 1724 4675 Μ.

180 4675 285 4750 26):
305 4686 367 4742 de
390 4675 847 4754 Paracletovvcrba
888 4704 1116 4759 iaciens:
1149 4715 1396 4762 cutterum
1421 4675 1523 4763 no‘n
1556 4711 1724 4766 dixis-

179 4779 262 4870 δῇ.
281 4788 538 4849 suggeret,
573 4786 670 4841 nisi
697 4789 859 4843 multa
893 4790 1014 4858 illis,
1045 4810 1165 4862 qua:
1194 4797 1331 4852 dicta
1363 4797 1590 4866 fuerant,
1628 4818 1723 4858 cx-

178 4859 417 4925 cidissent.
444 4873 570 4930 Haec
594 4888 771 4933 autem
794 4896 824 4934 a
851 4894 938 4937 me
964 4859 1077 4939 noni
1093 4895 1292 4943 temere
1315 4904 1724 4950 commemorata

179 4962 300 5054 funt,
323 4964 409 5017 sed
437 4969 687 5037 quoniam
714 4971 901 5029 Petrus
927 4975 1087 5032 modo
1110 4979 1322 5048 quidem
1364 4982 1573 5039 videtur
1597 4998 1725 5054 pem

181 5039 342 5104 lectam
364 5059 640 5123 quamdam
665 5062 1052 5119 confessionem
1075 5039 1331 5137 proferre,
1360 5072 1520 5127 modo
1546 5039 1724 5132 alitem

180 5139 386 5232 orantium
410 5149 622 5204 oblitus.
649 5152 780 5206 Nam
809 5155 900 5224 qui
929 5156 1155 5225 dixerat,
1186 5156 1263 5214 Tu
1291 5178 1344 5217 es
1368 5162 1598 5219 Christus
1626 5166 1723 5220 Fi-

181 5222 260 5325 ttu
278 5226 368 5285 Dei
385 5237 706 5310 siei(Maltlt.
731 5222 961 5318 16.16),
995 5264 1055 5302 ac
1083 5222 1358 5318 propterea
1387 5254 1572 5311 beatus
1596 5272 1723 5325 prm-

180 5312 356 5417 ll'lcilus
378 5326 563 5399 fuerat,
590 5334 847 5404 ejusmodi
872 5312 1028 5408 paulo
1047 5312 1165 5410 post
1182 5312 1456 5411 peccatum
1486 5312 1717 5417 admisit,

183 5413 228 5457 υι
248 5408 453 5510 Satanas
479 5423 635 5480 fuerit
675 5429 988 5497 appellatus.
1016 5408 1104 5487 Sic
1129 5408 1269 5489 enim
1298 5437 1391 5500 ait,
1437 5437 1573 5492 Vade
1610 5408 1721 5510 post

179 5505 475 5581 αονδωαησ,
510 5518 809 5575 scandalum
831 5539 885 5578 es
907 5525 1032 5579 ιοιίἠὶ
1046 5540 1068 5580 :
1090 5528 1210 5597 quia
1233 5544 1334 5582 non
1353 5531 1492 5602 sapis
1510 5548 1587 5601 ea,

236 5653 257 5733 ί
475 5679 611 5744 με..
636 5687 731 5727 non
751 5682 1003 5744 est_mettttt
1026 5682 1162 5744 dare,
1188 5683 1273 5734 sed
1298 5683 1471 5737 patris,

238 5722 257 5807 ἐ
280 5722 462 5807 ἓιὲἔίὶεπέ
471 5722 979 5807 ὴῖιέηᾶίὲὲῖιέὶ

281 5783 394 5838 "nus
413 5783 572 5858 habet,
585 5783 833 5864 suum};

975 378 1195 442 ΡΕΤΙΤ.
1237 378 1478 441 FILIOB.
1521 382 1742 440 ZEBED

1845 422 1857 437 .
1896 380 2173 439 CONTRA
2211 381 2586 442 ΑΝοΜαςοε.
2628 384 2757 443 Vill.

3355 391 3459 448 774

1868 493 1969 550 Dei
1983 500 2123 562 sunt,
2145 496 2235 551 sed
2255 510 2311 550 ea
2328 506 2441 568 qua
2456 497 2715 552 sonituum
2737 498 2948 571 (Halm.
2970 502 3058 558 16.
3073 501 3186 579 25).
3205 505 3342 574 Quid
3361 506 3461 560 im-

1864 584 2148 654 permctius
2186 601 2254 641 eo
2298 586 2411 642 fieri
2457 589 2643 658 possit,
2674 590 2764 660 qui
2795 606 2901 646 non
2932 594 3121 662 sapiat,
3166 610 3287 666 qme
3330 604 3459 651 sunt

1865 676 1982 746 ejus
2010 677 2053 744 ⁸,
2086 675 2182 733 sed
2206 692 2326 749 quas
2349 685 2475 734 sunt
2503 678 2813 737 hominum?
2856 682 3145 756 Postquam
3185 689 3330 744 enim
3377 687 3465 744 illi

1862 766 1932 824 de
1951 776 2112 825 cruce
2139 770 2315 840 deque
2342 774 2736 830 resurrectione
2758 776 2919 831 verba
2948 776 3170 846 fecerat,
3200 783 3322 834 cum
3347 797 3447 840 eno

1862 874 2001 927 rum,
2031 875 2154 933 quae
2174 862 2315 917 dicta
2343 860 2574 929 fuerant,
2599 864 3011 935 profunditatem
3041 870 3330 939 ignoraret,
3347 884 3447 927 ne-

1860 966 1965 1021 que
1978 950 2089 1022 jam
2117 961 2310 1007 arcana
2355 953 2604 1025 degmats
2643 954 2981 1029 futuramque
3011 958 3192 1013 mundi
3219 960 3453 1018 salutem

1863 1050 2042 1111 posset
2055 1044 2529 1114 comprehendere,
2546 1048 2831 1116 separatim
2851 1048 3129 1104 assumens
3144 1062 3269 1105 eum
3291 1049 3447 1117 dixit,

1861 1133 2125 1205 Propitius
2147 1136 2237 1190 tibi
2256 1145 2376 1201 esto,
2400 1136 2639 1205 Domine,
2668 1152 2770 1195 non
2795 1140 2886 1195 erit
2906 1141 2994 1196 tibi
3014 1142 3109 1197 hoc
3121 1141 3173 1217 (Ι
3181 1142 3231 1196 b.
3252 1150 3302 1199 ti.
3322 1143 3416 1208 39.)
3429 1182 3443 1198 .

1862 1223 2023 1281 Vides
2050 1233 2110 1281 ut
2135 1224 2212 1281 illi
2257 1227 2385 1283 nihil
2412 1228 2479 1283 de
2507 1233 2898 1286 resurrectione
2935 1239 3088 1288 certo
3116 1233 3349 1292 scirent?
3378 1233 3448 1289 Et

1861 1317 1961 1373 hoc
1981 1319 2153 1388 ipsum
2171 1317 2415 1375 indicans
2429 1320 2768 1391 Evangellsta
2793 1321 3022 1390 dicebat,
3047 1320 3292 1378 Nondum
3310 1324 3446 1379 enim

1856 1406 2095 1477 sciebant,
2114 1412 2235 1482 quia
2254 1421 2506 1481 oporteret
2532 1415 2646 1466 etim
2669 1428 2703 1468 a
2728 1414 2939 1468 mortuis
2966 1424 3229 1486 resurgere
3255 1414 3438 1487 (J'oan.

1854 1500 1943 1556 20.
1979 1500 2054 1574 tt).
2079 1501 2231 1570 Quod
2252 1503 2295 1556 si
2320 1503 2418 1557 ista
2442 1502 2775 1568 nesciebant,
2800 1503 2969 1558 multo
2989 1506 3158 1576 magis
3176 1506 3279 1561 alia
3300 1505 3446 1577 igno-

1858 1593 2065 1657 rabant,
2105 1594 2407 1663 cujustnodi
2431 1604 2510 1649 est
2541 1596 2608 1650 de
2632 1596 2834 1651 caelesti
2865 1602 3049 1668 regno,
3096 1596 3165 1653 de
3196 1599 3444 1669 primitiis

1856 1687 2072 1753 nostris,
2100 1698 2163 1741 ae
2182 1686 2249 1742 de
2272 1686 2591 1743 ascensione
2607 1688 2661 1743 in
2681 1688 2891 1756 caelum,
2925 1690 3173 1759 uentique
3193 1694 3445 1761 repentes

1853 1777 2027 1835 adhuc
2053 1779 2286 1835 nondum
2317 1781 2370 1833 in
2399 1780 2562 1835 altum
2591 1788 2840 1850 poterant
2859 1781 3093 1837 ev’olare.
3122 1781 3255 1837 Cum
3282 1782 3443 1853 igitur
3544 1806 3547 1811 ·

1856 1857 1956 1924 liae
1983 1877 2166 1925 essent
2193 1869 2447 1939 opinione
2491 1870 2698 1935 imbuti,
2742 1880 2799 1926 et
2848 1877 3244 1943 exspectarent,
3273 1882 3332 1927 ut
3361 1872 3448 1927 illi.

1853 1959 2134 2014 confestim
2165 1975 2383 2030 regnum
2412 1959 2761 2033 Jerosolymis
2783 1963 3102 2018 obvcniret':
3133 1962 3266 2017 nihil
3292 1963 3436 2019 enim

1852 2050 2083 2120 amplius
2109 2064 2269 2122 quam
2311 2050 2437 2106 illud
2466 2061 2744 2115 noverant,
2771 2051 2912 2122 quod
2943 2053 3193 2108 nimirum
3220 2062 3275 2109 et
3303 2055 3439 2110 alius

1850 2140 2174 2210 evangelista
2219 2141 2499 2211 significat,
2531 2141 2735 2209 dicens,
2786 2143 2905 2199 illos
2946 2145 3283 2201 existimasse
3323 2145 3434 2217 jam

1850 2244 2071 2303 regnum
2101 2232 2218 2303 ‘ejus
2246 2233 2553 2301 adventare,
2585 2233 2728 2304 quod
2773 2250 2936 2289 unum
2981 2235 3195 2306 aliquod
3236 2252 3300 2292 ex
3334 2236 3438 2291 ltu-

1850 2323 2021 2377 manis
2044 2323 2222 2394 regnis
2249 2324 2667 2394 suspicarentur,
2708 2334 2763 2379 et
2796 2325 3184 2381 arbitrarentur
3205 2327 3274 2383 ad
3305 2326 3435 2382 illud

1849 2412 2137 2469 ineundum
2164 2428 2272 2469 non
2297 2414 2363 2469 ad
2392 2429 2611 2470 crucem
2638 2423 2699 2470 et
2722 2426 2950 2472 mortem
2999 2417 3145 2471 illum
3171 2432 3393 2489 pergere
3417 2435 3433 2473 :

1849 2520 1972 2560 nam
2000 2505 2126 2563 licet
2153 2505 2347 2563 millies
2372 2506 2721 2573 audivissent,
2760 2517 2910 2563 certo
2939 2507 2990 2561 id
3030 2508 3169 2563 seire
3197 2524 3303 2565 non
3335 2523 3433 2579 po-

1847 2603 2045 2650 terant.

1916 2684 1970 2743 5.
2010 2684 2271 2757 Quoniam
2313 2687 2475 2761 igitur
2509 2689 2742 2744 nondum
2784 2689 2997 2760 quidem
3036 2690 3337 2746 evidentem
3374 2700 3432 2746 et

1844 2788 2085 2834 exactam
2113 2778 2421 2851 dogmatum
2446 2778 2802 2852 cognitionem
2843 2781 3017 2853 adepti
3042 2791 3217 2846 erant,
3242 2782 3338 2838 sed
3361 2780 3426 2838 ad

1843 2869 2099 2925 sensibile
2139 2887 2360 2942 regnum
2390 2880 2610 2944 [turgere
2638 2872 2926 2929 censebant
2953 2914 2968 2937 ,
3008 2882 3063 2929 et
3085 2872 3432 2945 Jerosolymis

1845 2968 2207 3033 regnaturum,
2237 2973 2572 3019 assumentes
2598 2980 2720 3020 eum
2762 2967 2816 3020 in
2844 2967 2949 3028 via,
2978 2976 3333 3035 Opportunum
3370 2981 3431 3022 se

1844 3062 2028 3131 nactos
2058 3065 2265 3125 tempus
2310 3056 2698 3126 existimantes;
2745 3057 2882 3112 hanc
2923 3058 3230 3127 petitionem
3273 3061 3430 3114 insti-

1845 3150 2040 3199 tuunt:
2073 3161 2191 3200 nam
2222 3159 2343 3202 cum
2368 3147 2578 3217 selpsds
2604 3163 2633 3201 a
2657 3158 2799 3204 cestu
2824 3148 3204 3218 discipulorum
3229 3165 3424 3221 seque-

1841 3244 2121 3305 strassent,
2141 3237 2360 3307 perinde
2379 3239 2529 3311 quasi
2550 3239 2617 3294 ad
2639 3239 2873 3311 ipsorum
2899 3236 3173 3296 arbitrium
3195 3243 3427 3298 redactae

1842 3336 1930 3383 res
1956 3336 2158 3397 essent,
2183 3330 2587 3401 praeregati'vam
2617 3329 2761 3387 sedis
2790 3330 3077 3402 postulant,
3130 3344 3186 3389 et
3229 3335 3426 3405 primas

1841 3431 2021 3492 partes
2045 3424 2184 3479 inter
2207 3423 2345 3480 alios
2361 3424 2462 3481 sibi
2490 3420 2689 3481 deferri
2718 3444 2733 3480 :
2764 3426 2958 3497 quippe
2987 3428 3075 3499 qui
3102 3427 3426 3485 arbitraren-

1842 3524 1929 3570 tur
1951 3516 2062 3586 jam
2092 3529 2182 3572 res
2211 3516 2368 3572 linem
2388 3519 2679 3588 accepisse,
2710 3522 2879 3574 totum
2912 3520 3183 3589 negotium
3209 3520 3421 3585 confici,

1840 3613 2157 3678 tempusque
2177 3614 2493 3665 coronarum
2509 3623 2573 3664 ac
2591 3609 2928 3679 prtemlorunt
2944 3611 3226 3667 advenisse
3250 3629 3263 3666 :
3280 3611 3423 3683 quod

1840 3696 2014 3766 ipsum
2053 3705 2306 3753 extremae
2331 3697 2429 3753 fuit
2475 3698 2721 3756 inscitiae.
2747 3701 2923 3769 Atque
2947 3710 3006 3754 ut
3033 3699 3150 3757 inec
3182 3715 3287 3756 non
3308 3702 3422 3757 sola

1840 3785 2146 3854 conjectura
2178 3788 2572 3860 verborumque
2600 3782 2977 3859 probabilitate
3001 3791 3097 3845 niti
3123 3792 3380 3847 noveritis
3403 3834 3417 3855 ,

1840 3875 2009 3947 ipsius
2034 3877 2185 3946 Jesu,
2215 3879 2300 3934 cui
2328 3889 2605 3951 perspecta
2640 3890 2766 3937 sunt
2803 3896 2999 3937 arcana
3023 3899 3246 3954 qua-que
3264 3927 3280 3951 ,
3306 3900 3421 3939 rem

1838 3979 2088 4025 sermone
2099 3978 2258 4040 atque
2282 3972 2594 4026 auctoritate
2612 3971 2952 4028 confirmabo.
2980 3972 3260 4044 Postquam
3277 3976 3418 4031 enim

1839 4057 1939 4111 ista
1964 4058 2299 4126 postularunt
2316 4101 2332 4125 ,
2356 4060 2481 4116 audi
2516 4059 2644 4130 quid
2673 4061 2779 4117 illis
2807 4063 3126 4132 respondeat
3157 4079 3174 4120 :
3202 4063 3419 4120 Nescitis

1836 4148 1960 4215 quid
1983 4151 2162 4219 petatis
2187 4150 2378 4220 (Marc.
2408 4152 2493 4207 i0.
2522 4152 2634 4224 38).
2670 4152 2806 4220 Quid
2832 4153 2932 4209 bac
2973 4154 3288 4224 probatione
3308 4157 3418 4212 cla.

1839 4238 1985 4295 ritis?
2013 4239 2171 4294 Vides
2198 4241 2318 4294 illos
2338 4242 2557 4296 minime
2582 4244 2796 4299 novisse
2821 4244 2962 4314 quod
2993 4244 3264 4315 petebant,
3294 4261 3416 4302 cum

1836 4329 1903 4384 de
1921 4332 2134 4386 coronis
2162 4348 2225 4388 ac
2252 4334 2483 4402 praemiis
2501 4334 2640 4403 apud
2662 4336 2809 4390 illum
2838 4337 2996 4392 verba
3021 4336 3261 4394 facerent
3284 4354 3417 4396 ηεαδ

1835 4419 1958 4475 dum
1982 4423 2360 4478 certaminibus
2397 4425 2699 4481 inchoatis?
2721 4428 2833 4483 Duo
2858 4436 2984 4485 sunt
3011 4430 3171 4501 igitur
3186 4446 3304 4501 quae
3331 4433 3417 4487 in-

1836 4512 1969 4578 nuit,
1995 4512 2323 4577 hoc-dicens,
2354 4513 2574 4571 Nescitis
2596 4518 2717 4587 quid
2747 4521 2962 4588 petatis,
2993 4536 3154 4576 unum
3179 4522 3320 4593 quod
3347 4523 3415 4579 de

1833 4612 1999 4671 regno
2026 4605 2325 4673 loquantur,
2354 4607 2423 4662 de
2445 4618 2552 4677 quo
2579 4621 2882 4666 sermonem
2905 4610 3150 4668 Christus
3197 4630 3302 4668 non
3332 4614 3419 4669 ina

1832 4695 2078 4749 stituerat
2104 4711 2120 4749 :
2151 4710 2256 4749 non
2283 4697 2424 4752 enim
2467 4698 2537 4753 de
2566 4698 2668 4754 boc
2707 4708 2919 4756 terreno
2958 4717 3023 4757 ac
3049 4705 3287 4760 sensibili
3315 4721 3418 4761 an-

1832 4787 2139 4842 nunciatum
2170 4797 2286 4843 erat
2307 4803 2321 4839 :
2344 4788 2594 4856 alterum,
2619 4791 2762 4861 quod
2790 4792 2917 4848 dum
2938 4793 3079 4849 sedis
3103 4798 3418 4867 prmrogath

1831 4893 1985 4942 vam,
2016 4888 2072 4933 et
2110 4880 2350 4935 etclestes
2375 4882 2484 4950 jam
2520 4891 2765 4952 quaerunt
2804 4882 3058 4953 honores,
3100 4888 3418 4958 ceterisque

1830 4970 1996 5026 videri
2021 4970 2275 5028 clariores
2298 4984 2351 5029 et
2373 4973 2688 5029 illustriores
2716 4976 3062 5043 contendunt,
3085 4993 3156 5032 ne
3173 4992 3275 5034 suo
3299 4981 3416 5048 qui-

1828 5062 1951 5118 dem
1995 5071 2252 5133 tempore,
2284 5065 2378 5120 sed
2404 5065 2687 5119 admodum
2730 5066 3100 5136 intempestive
3125 5068 3221 5123 ista
3266 5084 3416 5139 quae-

1826 5163 1965 5209 rant.
1997 5154 2230 5225 Tempus
2258 5157 2401 5210 enim
2432 5155 2556 5210 illud
2581 5171 2684 5210 non
2711 5170 3030 5212 coronarum
3050 5166 3141 5212 aut
3164 5159 3416 5227 praemio-

1826 5260 1966 5309 rum,
1997 5245 2091 5300 sed
2117 5245 2488 5313 certaminum,
2522 5245 2804 5311 luctarum,
2839 5248 3097 5312 laborum,
3129 5248 3410 5311 sudorum,

1826 5335 2118 5390 stadiorum
2155 5334 2273 5402 fuit,
2302 5344 2461 5406 atque
2498 5337 2819 5406 praeliorum.
2846 5337 2966 5395 Hoc
2994 5340 3152 5410 igitur
3172 5340 3273 5396 sibi
3304 5342 3415 5395 vult

1826 5426 1958 5483 illud
1984 5427 2127 5497 quod
2159 5428 2253 5493 ait,
2283 5426 2502 5483 Nescitis
2522 5428 2647 5500 quid
2673 5430 2871 5497 petatis,
2898 5429 3024 5485 dum
3067 5430 3135 5486 de
3164 5430 3248 5487 his
3269 5432 3408 5502 apud

1824 5532 1913 5572 me
1939 5517 2100 5571 verba
2126 5515 2317 5581 facitis,
2343 5533 2464 5572 cum
2489 5520 2720 5575 necdum
2751 5520 2961 5576 labores
2988 5524 3407 5592 exantlaveritis,

1823 5607 2049 5663 necdum
2077 5607 2146 5663 ad
2167 5607 2396 5664 ineunda
2414 5612 2705 5666 certamina
2732 5627 2827 5669 vos
2854 5613 3105 5670 estreritis
3133 5631 3147 5668 :
3176 5628 3296 5669 cum
3328 5616 3410 5672 iu-

1822 5708 2093 5757 oorrectus
2118 5699 2290 5756 adhuc
2316 5711 2526 5758 maneat
2545 5705 2688 5761 orbis
2710 5714 2991 5774 terrarum,
3013 5723 3135 5763 cum
3161 5708 3404 5780 impietas

1894 5805 2105 5875 ‘tdest,
2140 5816 2508 5877 qttcsuntnei.
