3918 6406
461 361 564 412 775

449 476 781 536 dominetur,
831 477 885 522 et
933 471 1151 537 pereant
1177 475 1365 516 omnes
1411 459 1686 514 mortales.
1741 456 1982 512 Nondum
2012 470 2042 508 e

455 559 759 614 carceribus
787 557 1058 612 exsiliistis
1079 595 1095 621 ,
1125 550 1363 607 nondum
1384 550 1455 605 ad
1493 547 1720 603 ineunda
1759 545 2042 602 luctamina

455 658 551 704 vos
574 652 818 716 exuistis,
853 648 1074 703 Potestis
1092 645 1257 701 bibere
1281 645 1503 707 calicem,
1528 658 1672 712 quem
1694 658 1782 712 ego
1798 639 2044 693 bibiturus

449 757 591 800 sum,
630 751 677 795 et
705 741 974 809 baptismo,
1003 755 1101 810 quo
1143 753 1235 808 ego
1278 735 1524 804 baptizor,
1573 730 1819 802 baptizari
1849 728 2042 800 (Marc.

457 831 548 886 10.
577 831 711 902 38)?
737 831 956 886 calicem
982 831 1081 884 hoc
1103 831 1218 882 loco
1238 835 1293 880 et
1310 826 1631 896 baptismum
1655 837 1870 878 erucem
1892 833 2044 874 suam

457 931 512 975 et
540 930 764 977 mortem
791 921 1065 990 appellans
1095 936 1108 973 :
1141 919 1362 973 calicem
1389 915 1624 987 quidem,
1649 914 1898 984 quoniam
1924 927 2046 967 cum

462 1012 740 1082 voluptate
759 1011 905 1068 illum
953 1010 1146 1076 ebibit;
1199 1009 1520 1078 baptismum
1573 1015 1772 1071 autem,
1802 1004 1924 1074 quia
1953 1019 2048 1074 per

461 1104 604 1158 illam
633 1104 816 1158 orbem
858 1111 1122 1157 terrarum
1163 1099 1491 1170 cxpurgahat
1519 1115 1535 1152 ε
1562 1113 1660 1152 nec
1707 1097 1906 1152 idcirco
1933 1103 2050 1148 tan-

461 1206 595 1260 tum,
630 1194 724 1249 sed
775 1204 829 1248 et
880 1201 1100 1263 propter
1151 1190 1560 1247 resurrectionis
1607 1187 1933 1242 facilitatem.
1983 1185 2052 1241 Ut

456 1288 602 1341 enim
633 1288 720 1355 qui
744 1287 1040 1355 baptizatur
1059 1299 1217 1354 aqua,
1246 1283 1413 1337 multa
1437 1297 1558 1337 cum
1585 1279 1835 1336 facilitate
1858 1294 2052 1334 ascen-

459 1378 538 1431 dit
581 1379 648 1433 ab
687 1393 942 1447 aquarum
989 1387 1173 1430 natura
1223 1374 1358 1430 nihil
1409 1374 1694 1444 impeditus
1723 1391 1738 1429 :
1768 1373 1844 1428 sic
1871 1382 1925 1428 et
1962 1372 2052 1426 ille

460 1486 581 1526 cum
614 1472 666 1526 in
689 1481 914 1525 mortem
940 1469 1328 1535 descendisset,
1355 1468 1521 1522 multa
1549 1483 1671 1524 cum
1693 1466 1942 1544 facilitate
1967 1481 2053 1520 as-

460 1562 642 1616 cendit
688 1579 701 1615 :
759 1571 1037 1632 propterea
1090 1561 1410 1631 baptismum
1439 1560 1582 1614 illam
1619 1559 1872 1630 appellat.
1899 1558 2050 1626 Quod

465 1661 642 1708 autem
673 1653 800 1708 dicit
829 1665 910 1708 est
939 1652 1303 1722 hujuscemodi
1330 1670 1343 1706 :
1367 1653 1591 1723 potestis
1615 1651 1808 1718 occidi,
1831 1661 1885 1708 et
1909 1666 2057 1706 mor-

466 1756 574 1802 tem
605 1750 901 1818 oppeterei
929 1747 1129 1802 llorum
1155 1747 1298 1802 enim
1349 1761 1490 1801 nunc
1531 1757 1741 1818 tempus
1769 1757 1880 1811 εει,
1909 1745 2054 1801 fune-

464 1854 605 1903 rutn,
638 1838 1017 1908 periculorum,
1049 1837 1310 1892 laborum.
1345 1837 1576 1902 Verum,
1611 1838 1716 1904 illi,
1751 1835 2051 1901 Possumus,

468 1929 732 1998 inquiunt,
763 1945 882 1984 cum
909 1945 1006 1984 nec
1037 1929 1330 1999 intelligant
1358 1929 1482 1998 quid
1512 1929 1737 1994 dicatur,
1767 1931 1860 1984 sed
1889 1929 2056 1984 addu-

465 2021 535 2073 eti
584 2036 678 2090 spe
712 2021 1025 2089 impetrandi
1073 2022 1356 2088 postulata,
1401 2020 1730 2088 promittant.
1783 2021 1871 2074 Ait
1917 2019 2053 2085 illis,

467 2112 687 2165 Calicem
713 2112 912 2182 quidem
940 2128 1102 2164 meum
1128 2111 1321 2178 bibatis,
1349 2121 1394 2164 et
1428 2109 1694 2181 baptismo,
1723 2128 1820 2177 quo
1849 2127 1939 2182 ego
1965 2112 2056 2165 ba-

471 2202 655 2272 ptizor,
684 2201 1060 2273 baptizabimini
1087 2201 1192 2271 (Ib.
1233 2217 1281 2254 ιι.
1311 2202 1400 2257 39.
1433 2202 1524 2273 40)
1552 2221 1563 2254 :
1600 2212 1824 2257 mortem
1853 2203 1930 2257 sic
1958 2219 2056 2272 ap-

470 2293 672 2362 pellans
700 2309 712 2344 :
746 2310 866 2347 nam
909 2302 961 2347 et
984 2293 1184 2348 Jacobo
1208 2293 1386 2364 gladio
1411 2302 1573 2364 caput
1593 2293 1891 2349 abscissum
1930 2306 2012 2350 est
2038 2337 2052 2360 ,

469 2384 815 2439 etmultoties
867 2393 1108 2438 mortuus
1159 2393 1240 2439 est
1265 2384 1519 2440 Joannes.
1572 2386 1764 2440 Sedere
1790 2397 1958 2440 autem
1992 2387 2060 2440 ad

473 2477 729 2531 dexteram
755 2495 914 2531 meam
933 2520 949 2546 ,
983 2487 1027 2532 et
1058 2477 1124 2532 ad
1148 2478 1404 2532 sinistram
1431 2495 1594 2533 meam
1616 2521 1630 2544 ,
1657 2497 1760 2533 non
1795 2489 1866 2534 est
1896 2497 2061 2534 meum

471 2569 725 2636 dare,secl
749 2571 925 2641 quibus
967 2580 1203 2641 paratum
1241 2579 1330 2624 est.
1373 2569 1524 2638 Quod
1563 2578 1740 2626 autem
1785 2571 1949 2637 dicit,
1979 2579 2062 2625 est

471 2661 757 2732 ejusmodi.

545 2753 792 2808 Certantis
819 2764 890 2808 est
911 2755 1173 2825 prwmium
1189 2756 1369 2808 mereri
1386 2764 1432 2808 et
1458 2756 1704 2826 accipere.
1721 2783 1792 2796 —-
1810 2755 1917 2809 Vos
1945 2755 2062 2823 qui-

474 2845 594 2899 detn
619 2845 942 2912 moriemini,
969 2845 1300 2909 occideniini,
1333 2855 1389 2900 et
1418 2846 1676 2900 honorem
1701 2845 1938 2916 martyrii
1969 2847 2064 2898 oh-

476 2936 710 2991 tinebitis
744 2955 756 2988 :
789 2945 1156 2992 verumtamen
1187 2947 1242 2992 ut
1285 2939 1523 2992 omnium
1569 2938 1724 3008 primi
1767 2939 1903 3002 sitis,
1956 2954 2061 2992 non

473 3037 558 3082 est
583 3044 758 3082 tneum
798 3027 947 3094 dare,
974 3027 1068 3082 sed
1097 3043 1304 3094 eorum,
1334 3029 1423 3098 qui
1450 3029 1746 3092 decertant,
1785 3029 2060 3100 accipere,

473 3122 544 3176 ob
568 3121 739 3192 majus
763 3121 1018 3185 studium,
1050 3121 1120 3175 ob
1146 3128 1402 3190 majorem
1429 3124 1589 3176 animi
1617 3122 1966 3177 alacritatem.
1994 3104 2065 3176 Ut

471 3223 648 3269 autent
673 3214 810 3285 quod
831 3214 947 3270 dico
968 3214 1300 3271 manifestius
1316 3215 1529 3282 evadat,
1557 3231 1812 3285 ponamus
1833 3217 2063 3287 aliquem

474 3320 596 3362 esse
623 3307 1033 3376 agonothetam;
1064 3306 1258 3362 deinde
1293 3317 1558 3373 matrem,
1589 3307 1675 3362 cui
1717 3307 1930 3362 athleta:
1959 3306 2065 3360 duo

477 3400 586 3452 sint
631 3398 743 3464 lilii,
772 3398 838 3452 ad
883 3400 1257 3468 agonethetam
1288 3399 1547 3454 accedere
1573 3413 1694 3454 cum
1727 3399 1847 3454 liliis
1866 3399 1979 3454 suis
2005 3413 2066 3453 ac

475 3488 674 3552 dicere,
723 3489 816 3542 Dic
843 3497 903 3543 ιιι
951 3489 1003 3542 hi
1043 3489 1149 3542 duo
1190 3488 1280 3543 lilii
1330 3490 1434 3544 mei
1464 3505 1716 3543 coronam
1755 3491 2061 3560 accipiant:

477 3579 603 3649 quid
629 3580 786 3648 igitur
807 3579 895 3634 illo
921 3579 1437 3650 respondebitilioc
1457 3581 1630 3650 ipsum
1655 3581 1926 3646 nimirum,
1959 3597 2064 3636 non

479 3682 562 3726 est
594 3688 772 3726 meum
794 3672 943 3740 dare,
965 3673 1288 3743 agonotheta
1317 3689 1458 3740 sum,
1483 3675 1698 3744 quinon
1723 3674 1789 3728 ad
1816 3676 2064 3746 gratiam,

479 3771 571 3816 aut
593 3763 1006 3832 supplicantium
1031 3763 1301 3833 precibus,
1331 3772 1386 3817 et
1416 3765 1754 3833 prensatione
1783 3765 2065 3831 adductus,

480 3854 575 3910 sed
599 3870 819 3926 operum
849 3857 991 3910 exitu
1019 3855 1235 3924 prtemia
1265 3856 1526 3910 distribuo
1554 3857 1652 3911 :-id
1673 3857 1816 3911 enim
1839 3858 2070 3912 maxime

478 3959 564 4002 est
609 3951 960 4019 agonothette,
995 3961 1185 4006 utnon
1229 3961 1450 4017 temere,
1503 3961 1594 4004 aut
1645 3965 1858 4020 quoquo
1909 3953 2071 4007 modo

483 4045 699 4113 praemia
728 4043 1002 4112 largiatur,
1025 4045 1118 4100 sed
1145 4045 1402 4098 honorem
1429 4043 1720 4098 fortitudini
1742 4043 1947 4099 deferat
1975 4062 1989 4097 :
2019 4046 2069 4099 id

484 4136 734 4191 nimirum
765 4147 818 4191 et
845 4136 1088 4191 Christus
1109 4135 1255 4191 facit.
1286 4135 1400 4190 Non
1435 4145 1490 4189 ut
1518 4136 1767 4201 auferret,
1801 4149 1920 4206 qum
1947 4145 2072 4190 sunt

481 4226 812 4293 substantiae,
858 4228 928 4282 ita
979 4227 1226 4298 loquutus
1266 4237 1366 4293 est,
1395 4227 1489 4281 scd
1539 4235 1596 4280 ut
1642 4227 1742 4282 hoc
1787 4227 2066 4294 indicaret,

482 4335 588 4374 non
621 4320 787 4389 ipsius
815 4334 935 4375 esse
979 4321 1143 4375 solius
1172 4319 1330 4386 dare,
1379 4319 1472 4374 sed
1504 4335 1688 4373 eorum
1711 4361 1724 4386 ,
1758 4319 1848 4389 qui
1881 4319 2072 4374 decer-

484 4419 620 4476 tant,
645 4411 912 4479 accipcre.
942 4410 1072 4464 Nam
1100 4411 1143 4464 si
1173 4411 1335 4465 solius
1373 4419 1518 4465 esset
1539 4409 1726 4480 ipsius,
1757 4424 1945 4465 omnes
1970 4410 2072 4464 ho-

483 4500 658 4554 mines
679 4499 812 4554 salvi
859 4500 1047 4555 licrent
1070 4543 1084 4567 ,
1118 4509 1170 4556 et
1198 4500 1263 4555 ad
1293 4501 1616 4570 agnitionem
1656 4500 1897 4556 veritatis
1925 4503 2075 4555 veni-

482 4600 605 4645 rent
633 4607 649 4644 :
679 4591 724 4645 si
750 4591 914 4646 solius
940 4602 1083 4647 esset
1126 4592 1310 4661 ipsius,
1358 4591 1664 4646 dili'erentes
1703 4591 1937 4647 honores
1966 4608 2070 4648 non

485 4693 668 4740 essent
708 4701 721 4737 :
765 4699 952 4740 omnes
998 4686 1139 4739 enim
1182 4684 1296 4752 ipse
1325 4682 1582 4752 condidit,
1609 4693 1664 4738 et
1687 4685 1964 4754 aequaliter
1989 4694 2074 4739 est

484 4776 561 4832 illi
590 4792 715 4832 cura
763 4777 831 4832 de
853 4777 1120 4832 omnibus.
1154 4777 1322 4832 Porro
1357 4777 1670 4832 differentes
1695 4792 1814 4832 esse
1841 4779 2073 4833 honores

487 4886 551 4925 ex
580 4870 747 4925 Paulo
786 4870 838 4924 id
869 4879 1169 4939 exponente
1194 4884 1503 4934 cognosces,
1537 4869 1664 4924 dum
1693 4870 1784 4934 ait,
1819 4871 1933 4922 Alia
1961 4871 2069 4922 cla-

485 4964 610 5017 ritas
639 4963 778 5028 solis,
809 4972 856 5017 et
883 4963 988 5016 alia
1016 4963 1221 5016 claritas
1250 4963 1416 5027 lume,
1453 4973 1498 5016 et
1524 4963 1628 5016 alia
1663 4962 1869 5015 claritas
1898 4963 2076 5016 stella—

485 5071 616 5108 rum.
637 5053 802 5110 Stella
820 5053 950 5108 enim
966 5069 996 5105 a
1011 5052 1156 5108 stella
1177 5052 1347 5119 (li/fert
1360 5052 1589 5106 claritate
1606 5052 1680 5124 (1.
1705 5052 1820 5108 Cor.
1845 5054 1930 5108 15.
1955 5052 2069 5123 41).

482 5148 553 5202 Ει
581 5161 795 5210 rursus,
838 5145 899 5201 Si
941 5145 1054 5214 quis
1093 5143 1464 5213 superadiﬁcat
1492 5159 1650 5212 supra
1691 5142 2072 5211 fundamentum

488 5238 603 5304 hoc,
636 5255 836 5300 aurum,
869 5246 1154 5308 argentum,
1193 5236 1388 5308 lapides
1413 5237 1658 5306 pretiosos
1703 5234 1817 5307 (Id.
1855 5238 1907 5290 5.
1960 5237 2068 5304 12).

392 5371 399 5377 .
486 5328 556 5384 Ut
586 5329 728 5383 enim
756 5329 963 5384 virtutis
991 5330 1299 5383 varietatem
1332 5327 1592 5382 indicaret
1613 5327 1826 5393 Paulus,
1853 5326 1928 5381 sic
1949 5342 2073 5382 ora-

485 5421 685 5476 tionem
740 5421 1164 5475 accommodavit
1211 5438 1226 5474 :
1283 5431 1340 5476 et
1367 5420 1483 5474 lucc
1511 5419 1741 5484 dicebat,
1790 5419 1944 5472 simul
1989 5419 2074 5472 in-

488 5525 657 5565 nuens
688 5527 794 5566 non
828 5527 984 5582 posse
1029 5527 1128 5566 nos
1153 5511 1471 5567 dormiendo
1494 5511 1578 5566 vel
1607 5510 1878 5565 stertendo
1907 5511 1957 5564 in
1990 5526 2076 5566 re-

488 5615 648 5669 gnum
676 5602 926 5656 caelorum
953 5601 1191 5667 introire,
1238 5603 1330 5657 sed
1358 5616 1452 5671 per
1473 5602 1668 5656 multas
1711 5601 2077 5656 tribulationes

488 5685 796 5757 accipienda
819 5707 938 5745 esse
960 5693 1042 5746 illa
1072 5694 1308 5762 praemia.
1335 5693 1465 5747 Nam
1484 5697 1605 5763 quia
1629 5699 1910 5763 propterea
1933 5690 2075 5762 quod

486 5783 780 5858 plurimum
819 5782 1048 5838 amicitia
1075 5793 1128 5840 et
1170 5783 1341 5856 gratia
1393 5785 1534 5852 apud
1572 5784 1748 5855 ipsum
1790 5782 2036 5839 valebant
2060 5823 2075 5850 ,

1235 341 1291 399 S.
1334 337 1568 396 JOANN.
1611 335 1986 392 CHRYSOST.
2032 332 2345 389 ARCIlIEP.
2387 326 2926 387 CONSTANTiNOP.

3612 329 3706 390 776

2147 451 2437 506 Censebam
2458 449 2571 504 fore
2599 459 2655 504 ιιι
2685 451 2826 519 ipsos
2855 451 3013 504 etiam
3038 449 3241 506 honore
3267 452 3475 508 caeteris
3494 459 3707 515 antefer-

2152 553 2253 608 ret,
2286 559 2353 597 ne
2381 545 2423 598 si
2455 543 2572 597 Ιιιιτο
2601 543 2701 597 illis
2729 542 2961 612 suspicio
2989 543 3289 610 insedisset,
3322 547 3708 617 negligentimes

2147 635 2469 700 evaderent,
2503 645 2560 688 ut
2588 635 2655 689 ab
2682 634 2778 689 hac
2804 650 2897 689 eos
2938 635 3190 705 opinione
3217 637 3522 704 abduceret,
3562 641 3707 711 dixit,

2152 729 2274 783 Non
2299 739 2372 783 est
2396 746 2561 782 meum
2587 729 2729 797 dare,
2757 728 2852 784 sed
2883 737 3140 795 vestrum,
3168 731 3214 784 si
3240 731 3435 798 velitis,
3452 733 3710 802 accipere:

2152 833 2208 876 ut
2255 822 2510 892 majorem
2553 822 2716 876 animi
2754 821 3088 878 alacritatem
3115 823 3446 888 exhibeatis,
3485 833 3541 879 ut
3566 826 3716 894 majo-

2152 929 2265 969 rem
2294 915 2562 982 laborem,
2593 924 2648 968 ut
2672 914 2904 968 studium
2936 914 3107 984 majus
3140 931 3153 968 :
3191 913 3442 983 Operibus
3463 913 3601 969 enim
3628 930 3710 970 co-

2155 1023 2313 1064 ronas
2333 1023 2573 1079 prepono
2591 1051 2607 1076 ,
2637 1017 2690 1063 et
2731 1008 3002 1063 laboribus
3043 1008 3295 1074 honores,
3327 1016 3379 1062 et
3409 1009 3613 1078 praemia
3635 1025 3712 1064 su-

2153 1100 2272 1156 dori
2301 1119 2314 1154 :
2345 1101 2460 1155 hzec
2486 1099 2626 1169 apud
2655 1115 2740 1155 me
2759 1098 3153 1154 commendatio
3179 1099 3318 1153 valet
3347 1099 3590 1168 maxime,
3614 1117 3716 1171 qum

2155 1194 2225 1249 ab
2247 1209 2468 1264 operum
2497 1194 2824 1249 exhibitione
2851 1203 3152 1264 promanat.

2229 1288 2281 1342 ϐ.
2329 1286 2486 1340 \‘ides
2516 1301 2601 1340 me
2637 1303 2741 1341 non
2787 1286 2980 1340 frustra
3010 1285 3208 1341 dixisse
3239 1301 3338 1341 nec
3377 1285 3540 1356 ipsius
3582 1301 3717 1348 esse.

2159 1394 2257 1434 nec
2283 1379 2476 1442 Patris,
2511 1379 2604 1433 sed
2630 1394 2836 1439 eorum.
2863 1378 2951 1448 qui
2983 1380 3282 1442 decertant,
3306 1378 3511 1433 labores
3547 1389 3714 1432 exant-

2161 1469 2291 1535 lant,
2333 1477 2389 1523 et
2415 1468 2673 1525 molestiis
2729 1469 3143 1524 conﬂictantur?
3172 1469 3458 1538 Propterea
3495 1470 3717 1523 nimirum

2160 1572 2213 1615 et
2239 1561 2539 1616 Jerusalem
2589 1561 2798 1614 dicebat
2832 1578 2845 1614 :
2882 1561 3090 1626 Quoties
3113 1561 3250 1614 uolui
3278 1577 3576 1632 congregare
3605 1561 3718 1628 ﬁlios

2161 1663 2348 1709 vestros
2372 1653 2795 1723 quemadmodum
2819 1653 3013 1722 gallina
3039 1653 3206 1723 pullos
3231 1670 3370 1718 suos,
3395 1666 3442 1706 et
3469 1653 3718 1708 noluistis!

2165 1744 2295 1800 Ecce
2331 1745 2642 1811 relinquetur
2669 1746 2849 1798 donms
2873 1754 3038 1798 uestra
3076 1743 3274 1798 deserta
3300 1745 3319 1814 (
3344 1743 3469 1798 Luc.
3502 1745 3582 1799 l5.
3611 1743 3716 1811 3i).

2166 1837 2326 1892 Vides
2342 1838 2456 1893 fieri
2475 1853 2579 1893 non
2605 1853 2779 1907 posse,
2801 1848 2860 1892 ut
2875 1854 2938 1893 ex
2959 1838 3064 1894 illis
3085 1837 3172 1908 qui
3191 1838 3347 1892 otiosi
3364 1847 3505 1903 sunt,
3524 1853 3582 1892 ac
3599 1837 3718 1892 desi-

2163 1928 2278 1992 des,
2303 1936 2358 1984 et
2397 1929 2570 1999 supini
2597 1928 2776 1999 jacent
2793 1969 2808 1995 ,
2845 1929 2981 1983 ullus
2999 1928 3290 1998 aliquando
3319 1929 3497 1982 salvus
3523 1927 3634 1982 fiat?
3655 1927 3720 1982 Ex

2165 2022 2269 2078 hoe
2297 2029 2353 2077 et
2382 2022 2527 2077 aliud
2558 2022 2826 2092 quidpiam
2871 2037 3126 2076 arcanum
3175 2021 3457 2084 discimus,
3487 2035 3583 2074 non
3611 2019 3723 2074 satis

2164 2129 2285 2169 esse
2313 2115 2622 2186 martyrium
2659 2113 2725 2168 ad
2762 2129 3072 2184 supremum
3111 2114 3370 2168 honorem
3401 2121 3455 2167 et
3479 2112 3722 2166 altissima:

2164 2209 2310 2263 sedis
2337 2207 2723 2262 conciliandam
2756 2207 3182 2277 praerogativam.
3206 2206 3346 2260 Ecce
3374 2220 3591 2275 namque
3609 2219 3724 2273 prte-

2166 2298 2295 2353 dixit
2329 2299 2442 2352 istis
2469 2297 2587 2353 fore
2609 2296 2843 2368 quidem,
2868 2307 2924 2351 ut
2954 2298 3269 2369 martyrium
3299 2305 3616 2367 paterentur,
3640 2310 3723 2350 nec

2169 2391 2367 2446 idcirco
2397 2400 2574 2445 tamen
2610 2389 2829 2444 cumino
2857 2389 3058 2458 primos
3085 2389 3318 2443 honores
3363 2401 3721 2457 consequeren-
3784 2431 3799 2446 ,

2170 2496 2254 2540 tur
2283 2500 2298 2538 :
2331 2483 2525 2554 quippe
2549 2498 2669 2538 cum
2693 2491 2874 2537 essent
2901 2481 3164 2548 nonnulli,
3192 2480 3283 2552 qui
3313 2479 3508 2550 majora
3535 2486 3723 2548 possent

2168 2593 2196 2630 a
2221 2591 2281 2632 se
2322 2585 2525 2645 patrata
2570 2572 2855 2629 ostendere
2904 2590 2919 2638 ;
2969 2573 3020 2628 id
3061 2572 3206 2642 quod
3248 2571 3486 2626 indicans
3502 2569 3721 2625 dicebat:

2170 2666 2387 2721 Calicem
2413 2665 2616 2737 quidem
2645 2680 2810 2718 meum
2839 2664 3037 2731 bibatis,
3066 2673 3110 2717 et
3136 2663 3414 2731 baptismo,
3437 2677 3533 2732 quo
3554 2677 3633 2731 ego
3653 2659 3722 2711 bo-

2170 2759 2352 2828 ptizor,
2383 2755 2760 2827 baptizabimini
2782 2771 2801 2810 :
2829 2755 3000 2809 sedere
3027 2763 3194 2807 autem
3224 2753 3294 2806 ad
3313 2753 3580 2816 dexteram,
3596 2759 3642 2805 et
3663 2751 3720 2800 ad

2169 2852 2460 2918 sinistram,
2491 2868 2593 2906 non
2623 2861 2696 2906 est
2727 2867 2890 2905 meum
2920 2850 3060 2904 dare.
3093 2848 3209 2904 Non
3254 2849 3396 2918 quod
3423 2847 3622 2912 sedeat,
3645 2845 3722 2899 sed

2171 2945 2273 2999 hoc
2300 2945 2439 3000 idem
2483 2945 2654 3010 valet,
2685 2943 2826 3014 quod
2872 2944 3130 3012 majorem
3168 2942 3427 3012 consequi
3465 2941 3722 3001 honorem,

2170 3036 2370 3106 primas
2400 3047 2576 3104 partes
2623 3035 2886 3100 obtinere,
2935 3034 3270 3103 superiorem
3314 3033 3552 3088 omnibus
3593 3030 3722 3085 fieri:

2171 3127 2303 3184 dixit
2329 3128 2489 3199 igitur
2512 3126 2700 3181 sedere
2729 3125 2795 3179 ad
2841 3125 3116 3179 dexteram
3155 3135 3209 3179 et
3248 3125 3315 3179 ad
3357 3125 3642 3187 sinistram,
3680 3128 3728 3174 ιιι

2171 3235 2357 3276 eorum
2403 3217 2640 3290 opinioni
2669 3233 2727 3273 se
2754 3217 3186 3272 accommodaret
3221 3235 3237 3271 :
3272 3218 3344 3272 illi
3384 3217 3521 3271 enim
3559 3214 3726 3283 primas

2171 3320 2351 3382 partes
2378 3309 2718 3379 appetebant,
2745 3316 2795 3364 et
2827 3317 2885 3362 ut
2910 3309 3120 3363 cmteris
3140 3309 3395 3364 erunibus
3419 3308 3630 3376 majores
3649 3318 3728 3372 ap-

2175 3411 2445 3475 parerent.
2480 3402 2592 3456 iloc
2617 3402 2776 3472 igitur
2804 3401 2977 3471 ipsum
3001 3401 3193 3471 inquit,
3218 3409 3280 3454 ut
3307 3414 3404 3455 vos
3422 3398 3618 3454 caeteris
3635 3410 3729 3448 meo

2170 3497 2316 3565 jores
2344 3494 2646 3564 apparealis
2671 3534 2686 3560 ,
2715 3492 3073 3561 omnibusque
3121 3491 3487 3558 subiimiores,
3533 3491 3622 3542 hac
3644 3500 3726 3540 una

2175 3605 2233 3644 re
2263 3604 2368 3643 non
2410 3586 2632 3658 potestis
2661 3587 2976 3656 acquirere:
3015 3599 3138 3638 nam
3165 3594 3396 3640 mortem
3428 3582 3624 3653 quidem
3646 3593 3728 3647 op-

2178 3679 2387 3749 petetis,
2421 3686 2478 3730 ut
2503 3686 2678 3731 autem
2705 3691 3011 3746 supremmn
3036 3675 3306 3729 honorem
3334 3671 3619 3731 obtineatis,
3639 3683 3726 3724 non

2175 3781 2260 3827 est
2283 3785 2458 3825 meum
2481 3767 2796 3828 concedere.
2824 3767 2919 3822 sed
2947 3768 3138 3837 quibus
3164 3777 3404 3836 paratum
3429 3774 3527 3820 est.
3549 3763 3609 3818 Et
3629 3759 3728 3830 qui-

2180 3862 2400 3915 busnam
2442 3874 2627 3930 qumso
2665 3868 2905 3928 paratum
2951 3859 3072 3912 est?
3115 3858 3421 3923 Videamus,
3451 3856 3645 3927 quinam
3667 3851 3725 3906 illi

2178 3953 2285 4006 sint
2311 3952 2449 4006 beati
2477 3967 2539 4006 ac
2569 3960 2657 4004 ter
2681 3949 2839 4015 beati,
2864 3951 3059 4018 quique
3077 3949 3386 4019 splendidas
3401 3948 3515 4002 illas
3536 3957 3729 3999 curenas

2178 4050 2595 4112 consequuntur.
2630 4041 2854 4116 Quinam
2885 4041 3044 4109 igitur
3069 4039 3146 4093 illi
3175 4049 3322 4105 sunt,
3349 4050 3403 4093 et
3425 4051 3552 4108 quas
3573 4035 3634 4089 ob
3658 4046 3729 4086 res

2178 4144 2355 4206 gestas
2382 4134 2516 4188 adeo
2541 4131 2823 4202 splendide
2855 4131 3220 4185 coronantur?
3267 4129 3401 4186 Audi
3427 4127 3545 4199 quid
3573 4125 3727 4181 dicat:

2180 4226 2466 4296 Postquam
2494 4227 2637 4279 enim
2659 4223 2843 4276 decem
2873 4221 3127 4292 indignati
3153 4222 3362 4276 suntde
3376 4219 3592 4283 duobus,
3610 4211 3729 4284 quod

2179 4315 2383 4374 scilicet
2407 4331 2526 4372 cum
2549 4330 2578 4369 a
2605 4324 2747 4371 centu
2775 4327 2836 4370 se
2855 4313 3260 4382 disjunxissent,
3301 4315 3367 4367 de
3401 4303 3730 4366 transferendo

2181 4410 2233 4464 in
2261 4425 2320 4464 se
2349 4421 2601 4476 supremo
2626 4405 2831 4461 honore
2855 4403 3237 4469 deliberarent,
3271 4404 3392 4458 vide
3421 4397 3666 4472 quomodo
3687 4403 3731 4448 et

2183 4504 2392 4557 illorum
2417 4501 2716 4571 passionem
2747 4499 2998 4569 corrigat,
3023 4506 3078 4551 et
3104 4497 3325 4550 istorum
3354 4513 3370 4549 :
3404 4492 3590 4546 vocatis
3610 4487 3728 4542 enim

2183 4596 2284 4650 illis
2318 4594 2384 4649 ad
2413 4609 2471 4649 se
2509 4594 2587 4647 sic
2617 4593 2692 4646 ait
2726 4611 2739 4644 :
2776 4591 3044 4661 Principes
3071 4590 3295 4660 gentium
3321 4586 3626 4640 dominantur
3657 4591 3728 4630 eo-

2181 4704 2315 4752 rum,
2367 4697 2414 4740 et
2456 4685 2547 4751 qui
2589 4683 2760 4755 magni
2788 4692 2922 4747 sunt,
2973 4690 3270 4752 potestatem
3297 4684 3520 4731 exercent
3545 4673 3592 4724 in
3623 4681 3730 4721 eos:

2181 4779 2320 4848 apud
2340 4795 2425 4832 vos
2449 4785 2613 4830 autent
2637 4793 2737 4829 non
2765 4778 2837 4828 ita
2861 4775 2954 4828 erit
2975 4772 3099 4838 ,°sed
3113 4773 3408 4840 quicumque
3422 4763 3731 4848 volueritinter

2180 4846 2266 4922 vos
2297 4870 2489 4939 primus
2514 4882 2636 4929 esse,
2658 4866 2746 4934 ﬁat
2759 4864 2983 4918 omnium
2999 4862 3204 4916 ultimus
3229 4860 3414 4932 (Marc.
3434 4856 3514 4911 10.
3535 4853 3616 4907 42.
3634 4846 3728 4914 45).

2183 4959 2452 5028 Perspicis
2484 4960 2584 5011 hoc
2605 4957 2727 5011 illos
2755 4956 3010 5020 voluisse,
3042 4961 3097 5006 ut
3122 4952 3303 5023 primi,
3329 4950 3547 5018 majores
3579 4951 3625 4996 cl
3651 4953 3728 4992 su-

2182 5050 2422 5119 periores
2449 5047 2757 5114 evaderent,
2786 5055 2946 5115 atque
2966 5052 3028 5098 ut
3053 5044 3124 5097 ita
3155 5043 3325 5096 dicam
3357 5041 3580 5108 ipsorum
3608 5028 3730 5100 prin-

2183 5140 2371 5209 cipes?
2395 5140 2680 5208 Propterea
2707 5152 2900 5206 nempe
2926 5136 3183 5190 adversus
3211 5134 3312 5187 hoc
3337 5131 3573 5185 insistens
3591 5132 3638 5176 et
3654 5134 3730 5209 eo-

2185 5207 2302 5285 rum
2337 5207 2533 5285 arcana
2574 5229 2627 5282 in
2671 5229 2902 5282 med-ium
2933 5227 3208 5296 proferens
3237 5224 3398 5284 dixit,
3431 5217 3526 5282 Qui
3549 5207 3730 5266 solum:

2184 5323 2315 5376 inter
2342 5339 2430 5376 vos
2459 5324 2651 5390 primus
2677 5337 2804 5385 esse,
2835 5321 2900 5375 sit
2933 5320 3158 5373 omnium
3179 5316 3402 5369 minister
3424 5309 3523 5382 (Ib.
3551 5323 3593 5358 υ.
3633 5297 3726 5368 ιι).

2185 5413 2242 5468 Si
2274 5413 2500 5482 primum
2540 5427 2854 5466 consessum
2897 5410 3166 5480 appetitis,
3215 5406 3398 5475 inquit,
3424 5410 3474 5453 et
3495 5402 3726 5451 Summum

2185 5506 2466 5573 honorem,
2492 5506 2735 5560 ultimum
2754 5503 3134 5574 pet-sequimini
3164 5502 3356 5562 locum,
3376 5502 3430 5549 et
3449 5500 3503 5545 ut
3520 5483 3724 5579 omniate

2185 5598 2302 5653 sitis
2344 5598 2620 5666 vilissimi,
2649 5597 2886 5650 omnium
2919 5592 3230 5656 humillimi,
3258 5587 3487 5643 omnium
3519 5574 3720 5668 minimi.

2186 5701 2389 5757 vosque
2411 5689 2648 5742 omnium
2687 5697 2985 5756 postremos
3011 5682 3282 5738 collocetis
3314 5695 3327 5730 :
3359 5676 3469 5731 hmc
3488 5667 3612 5725 enim
3637 5667 3728 5714 νπ-

2189 5789 2274 5836 tus
2299 5781 2558 5838 honorem
2585 5781 2731 5836 illum
2759 5779 3001 5851 largitur,
3031 5791 3206 5848 neque
3231 5774 3382 5843 longe
3406 5767 3543 5821 abest
3565 5763 3719 5811 exem-
