3918 6362
254 356 350 410 771

253 495 422 565 plum,
443 481 584 556 Quod
609 491 664 537 et
690 478 914 535 multum
942 471 1169 531 excedit.
1199 468 1314 524 Non
1339 467 1471 523 enim
1492 464 1626 519 venit
1650 459 1818 515 Filius

503 583 560 629 ut
588 575 958 628 ministrentur
982 566 1047 631 ei,
1079 562 1166 620 sed
1193 572 1248 617 ut
1262 559 1589 621 ministraret,
1609 563 1655 609 et
1675 553 1817 607 daret

253 671 647 731 meum,
668 660 1058 731 redemptionem
1077 671 1169 728 pro
1188 652 1359 708 mltis
1380 648 1571 723 (Marc.
1592 644 1682 701 {0.
1700 643 1817 713 45).

252 760 321 819 Ut
360 755 666 826 intelligatis
703 752 843 809 istud
871 764 991 806 esse
1029 745 1170 819 quod
1213 745 1385 799 claros
1419 738 1594 796 reddit
1619 745 1675 794 et
1699 735 1822 790 illu-

252 863 409 916 stres,
434 848 626 913 videte,
648 845 838 917 inquit,
863 839 1129 914 quomodo
1154 852 1242 893 res
1270 834 1400 891 mihi
1426 830 1782 889 successerint
1804 868 1819 891 ,

252 942 340 1014 qui
360 955 533 1011 neque
554 939 779 1004 honore,
805 948 976 1004 neque
1003 930 1171 1002 gloria
1194 927 1409 998 indigeo
1434 943 1451 981 :
1480 921 1824 979 nihilominus

255 1010 430 1089 tamen
451 1010 550 1085 hac
573 1028 780 1084 ratione
804 1024 943 1079 bona
965 1022 1245 1077 immmera
1265 1023 1390 1074 sunt
1413 1030 1443 1069 a
1466 1028 1552 1069 me
1570 1010 1822 1083 perfecta.

255 1127 550 1194 Antequam
574 1120 716 1176 enim
736 1130 952 1174 carnem
979 1111 1351 1181 assumpsisset
1375 1105 1483 1170 ille,
1502 1117 1640 1159 acse
1655 1102 1825 1171 ipsum

256 1214 559 1286 abiecisset,
599 1209 872 1281 perierant
906 1203 1084 1262 omnia
1108 1242 1126 1270 ,
1165 1208 1221 1256 et
1256 1198 1325 1254 de
1364 1194 1612 1251 omnibus
1651 1201 1826 1247 actum

256 1281 371 1366 erat
396 1323 411 1360 :
441 1312 720 1376 postquam
747 1307 928 1354 autem
950 1296 1188 1366 seipsum
1212 1289 1426 1360 deiecit,
1455 1298 1643 1341 omnes
1671 1284 1723 1337 in
1748 1281 1829 1337 al-

257 1410 368 1452 tum
397 1375 608 1460 evexit,
653 1390 993 1447 maledictum
1022 1386 1256 1452 delevit,
1291 1391 1516 1437 mortem
1540 1375 1828 1443 exstinxit,

259 1488 559 1561 paradisum
580 1483 809 1556 aperuit,
834 1486 1115 1561 peccaturi
1146 1482 1416 1537 mortium
1438 1467 1699 1543 reddidit,
1728 1480 1835 1535 op-

259 1557 428 1637 lorum
457 1577 687 1634 fornices
712 1557 994 1651 reseravit,
1025 1566 1290 1649 primitias
1314 1573 1533 1631 nostras
1556 1561 1610 1615 in
1643 1557 1832 1627 (plum

259 1670 492 1737 sustulit,
521 1669 705 1723 orbem
732 1674 993 1720 terrarum
1019 1659 1214 1730 pietate
1245 1653 1566 1725 complevit,
1595 1662 1831 1706 errorem

260 1764 455 1834 abegit,
482 1761 761 1815 veritatem
801 1752 1033 1819 reduxit,
1080 1749 1343 1822 primitias
1382 1753 1590 1801 nostras
1631 1741 1832 1812 regium

263 1858 313 1912 in
343 1857 595 1911 thronum
622 1847 898 1915 subvexit,
934 1846 1212 1899 innumera
1244 1840 1380 1894 bona
1406 1834 1686 1907 praestitit:
1718 1845 1835 1901 qua:

263 1962 435 2019 neque
460 1961 584 2017 ego,
613 1957 783 2012 neque
809 1938 1063 1996 mortales
1107 1947 1293 1989 omnes
1334 1937 1555 2002 possent
1596 1924 1837 1981 oratione

262 2016 564 2108 complecti.
603 2034 679 2089 Ac
707 2031 852 2101 prius
880 2027 1127 2099 quidem,
1166 2038 1322 2095 quam
1363 2035 1422 2077 se
1466 2016 1833 2079 humiliassct,

263 2126 436 2198 angeli
460 2132 666 2180 tantum
689 2123 858 2193 ipsum
879 2126 1135 2174 noverant
1160 2133 1176 2170 :
1203 2121 1486 2185 postquam
1525 2117 1703 2179 autem
1747 2120 1837 2169 se-

264 2197 432 2290 ipsum
459 2214 781 2281 humiliavit,
807 2211 982 2266 omnis
1001 2223 1121 2264 eum
1150 2216 1338 2261 natura
1358 2197 1568 2272 agnovit
1582 2197 1835 2267 humana,

266 2286 424 2366 iides
452 2323 562 2380 quo
592 2313 747 2378 pacto
774 2301 916 2375 quod
951 2315 1011 2357 se
1039 2293 1424 2358 humiliaverit,
1468 2290 1637 2347 nihilo
1666 2286 1840 2342 minor

263 2402 328 2459 sit
347 2400 612 2468 redditus,
643 2396 736 2454 sed
772 2396 1048 2452 innumera
1069 2391 1191 2447 inde
1207 2390 1373 2452 lucra,
1401 2387 1675 2441 innumera
1697 2388 1840 2435 recte

264 2494 397 2549 facta
430 2489 821 2564 promanarint,
852 2487 1073 2556 ejusque
1096 2480 1262 2555 gloria
1287 2478 1480 2535 clarius
1505 2474 1704 2531 idcirco
1729 2470 1835 2527 elu-

1174 391 1178 396 .
1266 338 1359 410 ne
1380 327 1658 395 CHRlSTl
1688 316 2042 385 PBECtBL‘S.
2081 337 2137 348 -—-
2158 305 2497 371 stomun.

3398 307 3497 361 τ’ἷὲ

1925 435 2078 494 xerit.
2108 436 2258 505 Quod
2284 437 2328 491 si
2360 436 2411 489 in
2443 434 2571 495 Deo,
2602 431 2692 504 qui
2720 429 2871 485 bonis
2901 426 3148 484 omnibus
3172 422 3362 487 aﬂluit,
3392 436 3490 476 nec

1925 529 2030 585 ulla
2056 544 2115 584 re
2144 526 2363 598 indiget,
2393 523 2533 596 quod
2563 522 2795 595 seipsum
2818 514 3191 583 hnmiliaverit,
3219 522 3423 568 tantum
3449 512 3497 565 id

1924 621 2053 677 boni
2080 618 2308 691 peperit,
2340 617 2623 686 pluresque
2670 611 2902 667 fainulos
2942 608 3017 664 illi
3058 604 3395 669 conciliavit,
3438 616 3500 656 ac

1928 723 2147 782 regnum
2175 707 2436 769 dilatavit,
2464 704 2592 775 quid
2623 713 2678 757 tu
2705 700 2907 757 vereris
2926 740 2942 765 ,
2972 712 3040 753 ne
3065 711 3187 753 cum
3233 704 3283 749 te
3324 692 3503 747 humi—

1927 801 2160 869 liaveris,
2178 801 2353 854 minor
2369 797 2501 854 tias?
2530 796 2663 851 Tum
2686 791 2962 850 sublimior
2974 790 3107 857 eris,
3130 797 3239 843 tum
3257 799 3505 855 magnus,

1931 904 2045 952 tum
2063 894 2264 959 clarus,
2294 899 2404 945 tum
2434 888 2656 943 illustris
2674 927 2690 953 ,
2715 900 2836 940 cum
2869 882 3095 952 teipsum
3126 874 3469 935 ﬂoccifeceris
3493 914 3507 933 .

1929 1004 2052 1045 cum
2097 986 2300 1057 primas
2340 989 2516 1051 partes
2554 993 2660 1034 non
2702 974 3054 1047 appetiveris,
3097 970 3192 1026 sed
3226 967 3508 1024 inferiores

1932 1086 2091 1151 ferre,
2124 1077 2408 1143 etoccidi,
2451 1082 2506 1129 et
2544 1073 2598 1127 in
2646 1068 2898 1139 periculis
2944 1061 3181 1126 versari,
3226 1065 3509 1114 contentus

1933 1177 2121 1242 fueris,
2151 1188 2273 1229 cum
2304 1165 2659 1227 ministerium
2700 1161 2967 1233 plerisque
2991 1196 3009 1223 ,
3050 1151 3363 1221 obsequium
3383 1188 3397 1213 ,
3455 1158 3509 1200 et

1933 1285 2115 1328 curam
2165 1265 2432 1324 studueris
2473 1258 2760 1322 exhibere,
2823 1261 2980 1321 atque
3020 1246 3176 1315 hujus
3226 1242 3305 1297 rei
3347 1252 3506 1295 causa

1936 1363 2144 1436 quidvis
2170 1373 2328 1430 agere
2353 1355 2565 1426 patique
2590 1358 2805 1422 paratus
2833 1341 3017 1398 fueris.
3050 1338 3145 1394 llis
3175 1336 3335 1405 igitur
3377 1348 3509 1386 con-

1938 1422 2232 1529 sideratis:
2260 1422 2623 1517 dilectissimi,
2668 1436 3018 1499 humititatem
3079 1439 3289 1484 summo
3334 1422 3511 1478 studio

1938 1520 2227 1621 sein-emitr,
2253 1548 2311 1601 et
2338 1553 2461 1607 eum
2488 1532 2661 1599 aﬂ‘ecti
2692 1526 3014 1599 contumelia
3059 1520 3318 1577 fuerimus
3337 1559 3351 1581 ,
3391 1530 3509 1569 cum

1892 1630 1897 1631 ί
1940 1606 2342 1707 ἁθερεειίίθυτη
2356 1620 2603 1685 extrema
2623 1629 2813 1678 cuncta
2839 1614 3100 1690 perpessi,
3122 1625 3245 1666 cum
3265 1606 3511 1678 neglecti,

1939 1748 2002 1787 ac
2032 1698 2263 1785 iudibrio
2285 1721 2473 1788 habiti,
2517 1732 2637 1772 cum
2666 1714 2938 1780 voluptate
2978 1704 3340 1777 perferamus,
3364 1698 3515 1755 .nihil

1941 1824 2084 1879 enim
2113 1821 2194 1876 sic
2226 1818 2277 1871 in
2306 1814 2470 1868 altum
2494 1809 2708 1872 tollere,
2739 1801 2963 1873 gloriam
2983 1807 3037 1854 et
3056 1796 3314 1851 honorem
3336 1794 3515 1846 conci-

1944 1915 2100 1979 liare,
2132 1920 2291 1979 atque
2316 1903 2531 1961 efﬁcere
2550 1909 2612 1956 ut
2641 1907 2865 1966 magnus
2886 1891 3122 1955 videare,
3148 1882 3444 1948 consuevit,
3460 1892 3518 1937 ut

1946 2009 2115 2062 virtus
2152 1975 2487 2057 humilitatis.
2528 1992 2693 2060 Cujus
2737 1986 2892 2043 nobis
2940 1982 3194 2039 eximium
3247 1975 3516 2045 specimen

1946 2093 2318 2170 exhibentihns
2345 2087 2603 2160 promissa
2626 2076 2884 2148 consequi
2914 2074 3052 2130 bona
3086 2068 3375 2138 contingat,
3398 2079 3519 2135 gra-

1944 2159 2017 2257 tiit
2042 2160 2464 2257 etibenignitate
2498 2175 2707 2234 Domini
2757 2167 2924 2227 nostri
2962 2165 3087 2222 Jesu
3127 2159 3344 2226 Christi,
3396 2171 3515 2212 cum

1946 2249 2476 2357 qhogloriaxhonor,
2490 2277 2546 2324 et
2570 2263 2809 2322 adoratio
2830 2257 2993 2326 Patri,
3010 2263 3066 2312 et
3087 2249 3303 2323 Spiritui
3335 2253 3522 2303 sancto

1957 2350 2098 2436 nunc
2120 2382 2177 2433 et
2203 2383 2415 2441 semper
2440 2374 2494 2421 et
2519 2364 2573 2418 in
2593 2358 2785 2417 saecula
2815 2353 3151 2415 saeculorum,
3185 2350 3374 2401 Amen.

295 2728 537 2766 ‘__'__-_-_-__—-
573 2704 2311 2747 —-————-—-",________._~————---—-__________.___———————~
1777 2700 1794 2710 ·’
1805 2699 2097 2710 “rw
2106 2699 2149 2706 -ν
2172 2677 3482 2718 *ww—WMM-‘W

1701 2876 2079 2943 MONITUM

278 3092 596 3145 circumstat
623 3083 761 3147 disi,
799 3099 818 3135 ο
852 3091 904 3136 et
943 3096 1046 3135 non
1070 3080 1191 3149 jam
1212 3076 1526 3139 orationem,
1567 3072 1657 3126 sed
1683 3085 1855 3124 vocem

278 3187 551 3234 mortuam
587 3175 867 3240 excitasse,
894 3172 1028 3226 satis
1053 3178 1161 3223 tum
1201 3164 1699 3221 demonstravimus.
1730 3159 1859 3215 Haec

277 3283 441 3343 porro
469 3266 666 3324 confer
698 3279 821 3320 cum
882 3262 951 3318 iis
984 3275 1108 3331 quae
1158 3259 1213 3313 in
1249 3256 1476 3313 homilia
1530 3253 1607 3308 De
1640 3252 1854 3307 Lazaro

278 3361 406 3418 dicit
430 3374 590 3415 num.
621 3358 676 3422 5,
704 3364 759 3412 et
795 3355 981 3411 statim
1010 3349 1314 3420 comperies
1343 3349 1485 3402 hanc
1536 3346 1709 3415 ipsam
1756 3343 1856 3398 ho-

281 3452 486 3508 miliam
516 3465 548 3505 a
579 3448 994 3523 Chrysostomo,
1035 3441 1191 3513 quasi
1220 3454 1395 3510 nuper
1424 3437 1668 3509 habitam
1689 3474 1706 3501 ,
1741 3449 1856 3503 mp—

283 3541 508 3601 morari.
547 3537 615 3595 Ut
644 3552 773 3594 vero
803 3534 1017 3593 caeteris
1046 3545 1401 3591 occurramus
1427 3529 1495 3587 ab
1525 3525 1739 3582 Halesio
1764 3524 1865 3580 ob-

279 3634 439 3706 jectis
465 3628 831 3705 argumentis,
859 3626 1172 3695 consideres
1236 3623 1398 3681 velim
1452 3620 1757 3687 orationem
1796 3616 1866 3686 de

288 3725 496 3781 Lazaro
528 3720 895 3797 quatriduano
922 3716 1359 3788 αὐτοσχεδίασμα
1390 3727 1513 3771 esse
1543 3711 1869 3781 Chrysosto-

287 3820 379 3874 mi.
420 3814 563 3871 Nam
625 3828 748 3868 cum
796 3826 863 3866 ex
919 3810 1154 3867 lectione
1218 3804 1498 3877 Evangelii
1554 3804 1621 3859 de
1658 3801 1868 3858 Lazaro

291 3905 681 3981 quatriduano,
722 3912 852 3973 tunc
894 3902 948 3967 in
981 3907 1127 3965 cmtu
1157 3897 1412 3957 Ecclesia:
1442 3903 1684 3967 peracta,
1718 3892 1867 3949 Ano-

292 4003 418 4058 mtei
442 4010 495 4055 et
525 3996 721 4065 Judaei,
756 3992 961 4065 utipse
1015 3989 1173 4049 initio
1213 3988 1366 4057 dicit,
1424 3984 1872 4053 contradictionis

298 4108 492 4149 ansam
527 4088 831 4163 arriperent
856 4084 1209 4152 dicerentqne
1238 4094 1346 4137 non
1384 4094 1569 4150 parem
1611 4092 1734 4132 esse
1770 4074 1875 4135 Pa,-

295 4189 361 4242 tri
387 4199 542 4248 eum,
577 4182 668 4253 qui
719 4178 932 4241 Patrem
964 4182 1300 4249 precantur,
1331 4186 1395 4228 ex
1428 4178 1672 4239 tempore
1704 4166 1878 4238 Chry-

297 4288 577 4336 sostomus
605 4274 747 4328 hanc
776 4269 1080 4330 orationem
1112 4264 1339 4327 habuit:
1373 4263 1466 4319 ubi
1512 4262 1650 4321 mira
1686 4258 1876 4330 solita-

297 4386 402 4443 que
464 4369 522 4426 vi
575 4362 983 4420 ratiociniorum
1043 4359 1285 4422 adversa:
1325 4354 1496 4427 partis
1546 4357 1873 4427 argumenta

298 4463 561 4535 depellit:
589 4476 654 4515 ac
700 4459 826 4514 licet
868 4456 1045 4511 oratio
1074 4468 1182 4509 non
1215 4459 1434 4507 assueta
1461 4457 1746 4523 troporum
1783 4460 1875 4501 or.—

301 4564 562 4613 namenta
603 4568 715 4625 prae
761 4565 822 4610 se
884 4547 1044 4623 ferat,
1105 4545 1235 4617 quia
1284 4542 1544 4603 nimirum
1581 4538 1637 4607 id
1686 4552 1875 4598 rerum

302 4647 547 4706 conditio
608 4659 718 4700 non
775 4640 1106 4714 postulabat,
1159 4644 1403 4699 attamen
1446 4632 1647 4705 stylus,
1698 4642 1882 4701 neque

304 4741 427 4819 ipso
500 4738 721 4809 penitus
781 4732 1044 4806 dii‘ﬂtente
1096 4728 1320 4799 Halesio
1348 4768 1365 4795 ,
1423 4724 1882 4800 Chrysostomum

308 4835 538 4889 omnino
575 4829 739 4906 sapit.

379 4923 485 4979 Sed
512 4921 685 4994 pergit
743 4915 1020 4989 Halesius,
1060 4933 1078 4969 ι
1143 4913 1307 4976 Ratio
1353 4926 1520 4985 quam
1576 4907 1758 4980 reddit
1788 4921 1889 4977 cur

310 5015 563 5072 Christus
587 5009 856 5083 Lazarum
906 5006 1230 5076 nominatim
1281 5003 1591 5077 compellet,
1636 5010 1894 5073 aPOSII‘O'

310 5106 415 5178 phe
438 5104 506 5162 ad
538 5102 815 5159 infernum
842 5111 903 5156 et
928 5096 1173 5170 ejusdem
1204 5093 1589 5176 prosopopoeia
1626 5105 1892 5163 νεανιμων

317 5197 487 5270 τέραν
534 5194 687 5250 olent
712 5190 994 5257 audaciam
1022 5187 1258 5259 alicujus
1316 5185 1521 5270 ingenii
1566 5180 1895 5251 recentiori;

320 5268 574 5350 monetae,
592 5298 699 5341 non
718 5290 900 5349 autem
924 5280 1071 5342 illam
1089 5276 1320 5334 Joannis
1340 5268 1690 5337 soliditatem.
1704 5271 1893 5335 illatio

319 5383 501 5432 autem
531 5373 646 5439 illa,
669 5387 835 5444 quam
849 5370 1281 5443 Chrysostomns
1305 5363 1485 5437 affert,
1517 5380 1618 5423 cur
1636 5363 1898 5425 Christus

323 5463 589 5521 Lazarum
637 5463 963 5533 nominatim
1015 5459 1444 5532 compellaverit,
1494 5457 1722 5527 Lazare,
1777 5454 1895 5515 uniti

327 5556 494 5626 foras,
525 5554 844 5628 huiusmodi
894 5565 1024 5615 est:
1061 5550 1162 5618 Ne,
1193 5552 1244 5617 si
1283 5549 1580 5619 obsoletam
1617 5563 1793 5619 vocent
1816 5544 1895 5603 ad

328 5656 563 5702 mortuos
600 5647 905 5714 diremisset,
944 5660 1149 5713 omnes,
1199 5643 1290 5716 qui
1318 5645 1375 5705 in
1406 5640 1661 5713 sepulcris
1726 5646 1901 5705 erant,

329 5739 605 5808 excitaret,
637 5737 691 5795 id
738 5745 843 5803 est,
905 5733 956 5799 si
985 5734 1219 5795 dixisset
1251 5742 1485 5799 tantum,
1549 5727 1676 5795 {icui
1732 5727 1911 5799 foras,

1958 3061 2224 3119 cumltaec
2252 3073 2359 3112 vox
2386 3071 2492 3111 non
2558 3053 2732 3124 magis
2792 3052 3082 3115 Lanatum,
3140 3063 3303 3118 quam
3361 3045 3527 3101 aliutn

1958 3152 2266 3226 quempiam
2294 3157 2566 3209 evocaret,
2601 3159 2791 3201 omnes
2826 3141 3051 3197 omnino
3100 3137 3301 3194 mortui
3348 3115 3553 3193 resur—'

1960 3244 2165 3303 recturi
2190 3252 2341 3297 erant
2371 3259 2384 3295 :
2419 3247 2567 3293 tanta
2615 3250 2810 3306 nempe
2859 3242 2977 3287 erat
3007 3230 3211 3288 Christi
3267 3228 3531 3299 potentia.

1963 3342 2037 3394 De
2065 3335 2338 3393 ratiocinii
2403 3329 2716 3403 huiusmodi
2749 3326 3005 3399 ἀκριϐείᾳ
3046 3340 3154 3378 non
3204 3320 3534 3392 disputabo:

1964 3431 2060 3489 sed
2091 3431 2259 3491 libere
2304 3427 2522 3484 dicam:
2563 3422 2610 3477 si
2654 3435 2723 3478 ex
2752 3414 3071 3490 huiusmodi
3116 3412 3416 3469 ratiociniis
3450 3428 3538 3464 νο-

1966 3524 2118 3591 θείας
2178 3519 2443 3587 sententia
2503 3515 2726 3573 i‘erenda
2780 3514 2889 3576 sit.
2941 3507 3358 3582 quamplurima:
3413 3503 3536 3559 alia:

1970 3613 2348 3689 Chrysostomi
2380 3610 2639 3671 homilie.
2690 3623 2831 3681 quas
2886 3614 3066 3659 tamen
3124 3613 3276 3656 certo
3326 3603 3543 3654 constat

1968 3684 2123 3777 illum
2158 3706 2417 3769 edidisse,
2457 3719 2526 3768 ex
2572 3699 2937 3771 genuinarum
2990 3693 3131 3751 serie
3168 3684 3542 3761 expungendus

1965 3804 2151 3873 erunt.
2177 3794 2333 3865 Quod
2356 3793 2474 3863 pari
2512 3789 2726 3846 ratione
2762 3786 2911 3843 dicas
2962 3783 3032 3841 de
3087 3778 3415 3851 apostrophe
3473 3776 3543 3832 ad

1969 3869 2248 3953 infernum
2273 3895 2328 3944 et
2352 3887 2419 3943 de
2450 3879 2854 3955 prosopopoeia,
2881 3892 3002 3946 quae
3029 3876 3110 3931 sic
3132 3872 3297 3929 habet
3316 3890 3335 3928 :
3361 3869 3548 3937 Quaa-

1970 3983 2041 4053 do
2069 3981 2230 4054 [iebat
2253 3978 2449 4045 oratio,
2482 3991 2585 4033 non
2616 3972 2902 4033 resurrexit
2924 3978 3182 4033 mortuus,
3221 3965 3311 4020 sed
3336 3963 3547 4036 quando

1974 4076 2113 4147 dixit
2154 4092 2173 4129 ί
2222 4071 2452 4138 Lazare,
2494 4069 2608 4127 uni
2642 4066 2813 4137 foras,
2850 4081 2871 4118 ι
2919 4072 3041 4118 tunc
3085 4071 3325 4114 mortuus
3374 4069 3550 4110 resur-

1978 4168 2137 4233 rexit.
2164 4164 2211 4223 0
2242 4163 2429 4225 mortis
2465 4155 2840 4230 tyrannidem!
2866 4171 2899 4211 ο
2940 4152 3277 4224 tyrannidem
3332 4147 3546 4204 uirtutis

1979 4259 2151 4329 illius,
2202 4271 2320 4327 qua
2374 4254 2620 4317 animam
2672 4247 2827 4307 illam
2862 4241 3178 4303 detinebat!
3216 4257 3246 4295 ο
3305 4237 3554 4307 inferne!

1978 4353 2126 4424 facta
2152 4358 2232 4415 est
2260 4347 2456 4411 oratio,
2493 4356 2540 4400 el
2566 4351 2841 4401 mortuum
2875 4355 2979 4395 non
3021 4335 3252 4391 dimittis
3276 4336 3302 4390 ?
3338 4329 3552 4403 Nequa-

1978 4457 2162 4514 quam,
2196 4438 2395 4511 inquit.
2432 4436 2557 4504 Qua
2595 4436 2842 4492 deeausa
2863 4434 2890 4489 7
2928 4430 3067 4496 Quia
3096 4443 3201 4482 non
3226 4427 3412 4496 jussus
3440 4440 3553 4485 sum

1980 4533 2382 4601 ἄπυεν-ιρις.
2397 4528 2537 4596 Quot
2552 4532 2774 4587 exstant
2800 4523 2943 4595 apud
2954 4521 3405 4592 Chrysostomum
3429 4530 3557 4587 ape.

1983 4623 2221 4707 strophae
2245 4629 2305 4683 .et
2348 4617 2744 4692 prosopopoeia
2768 4612 3127 4687 huiusmodi?
3155 4610 3214 4665 Si
3239 4608 3560 4667 advertisset

1985 4699 2242 4783 Haasius
2276 4714 2420 4785 hanc
2448 4711 2730 4773 animum
2752 4709 2809 4764 in
2834 4708 2965 4777 alia,
2993 4719 3159 4780 quam
3188 4699 3563 4775 Chrysostomi

1986 4821 2107 4867 esse
2138 4817 2301 4861 neuio
2343 4800 2597 4865 dubitare
2637 4806 2840 4870 potest.
2891 4798 3181 4868 perspicue
3225 4790 3522 4849 memorari
3545 4828 3565 4853 ,

1988 4905 2197 4959 certum
2234 4895 2412 4958 habeo
2443 4892 2623 4964 ipsum
2667 4906 2770 4947 nec
2797 4886 3190 4960 apostrophen,
3223 4899 3326 4940 nec
3370 4894 3569 4953 proso-

1991 4991 2267 5064 popceiam
2298 4987 2448 5058 illam
2494 4995 2556 5047 ut
2583 4982 2798 5048 νοθείας
2830 4988 3219 5053 argumentum
3274 4976 3570 5032 allaturmn

1992 5063 2185 5146 tuisse.
2215 5080 2398 5150 Quare
2427 5075 2722 5141 Frontonis
2783 5073 2971 5134 Ductei
3001 5068 3311 5139 exemplum
3371 5063 3569 5130 secuti,

1995 5177 2143 5239 illam
2167 5176 2315 5230 inter
2339 5172 2581 5245 genuina
2612 5183 2779 5240 opera
2809 5167 2973 5224 edere
3000 5163 3139 5226 nihil
3182 5160 3427 5223 cunctati
3476 5173 3572 5213 su-

1998 5286 2140 5337 mus,
2204 5267 2443 5337 ipsique.
2503 5271 2563 5323 ut
2608 5274 2786 5331 supra.
2808 5259 3014 5313 dictum
3067 5264 3172 5319 est,
3228 5252 3455 5309 alteram
3506 5249 3578 5302 de

1999 5359 2203 5427 Christi
2232 5355 2494 5432 precist
2532 5350 2935 5413 subiacuimus,
2966 5362 3075 5403 non
3139 5344 3303 5407 modo
3357 5341 3487 5412 quia
3521 5339 3574 5394 id

2002 5448 2310 5523 argumenti
2324 5446 2700 5517 temporisque
2718 5441 2863 5502 ratio
2888 5436 3251 5512 possidat,sed
3264 5435 3430 5492 etiam
3450 5433 3580 5505 quia

2002 5540 2275 5616 posterior
2304 5537 2504 5611 prioris
2519 5534 2858 5607 «γνησιότητα
2882 5529 3080 5590 asserit
3102 5537 3161 5584 et
3183 5526 3493 5585 conﬁrmat.

2077 5631 2378 5705 Utriusque
2432 5645 2566 5692 sero
2627 5642 2748 5701 eam
2796 5623 3303 5694 interpretationem
3338 5620 3577 5685 odimus.

2011 5742 2181 5799 quam
2194 5722 2545 5793 concinnavit
2566 5717 2609 5787 Ε
2618 5729 2777 5782 route
2801 5714 3054 5781 Βυρκιισ.
