3918 6374
391 374 490 431 779
1069 369 1109 426 S
1167 363 1449 430 JOANNIS
1487 357 1980 419 CllliYSOSTOMl
2020 351 2346 412 ARCHIEP.
2386 344 2934 420 CONSTANTINOP.
3495 346 3594 405 780

401 634 3589 694 ΝΜ

927 1471 1147 1647 IN
1328 1433 3092 1689 QUATRIDUANUM

1622 2121 2438 2258 LAZARUM.

656 3433 748 3496 (De
759 3432 932 3484 Christi
947 3431 1176 3496 precibus
1186 3438 1354 3486 contra
1364 3438 1636 3495 Anomteos,
1650 3433 1750 3496 lx.)

484 3539 537 3594 l.
587 3538 863 3594 Hodierno
904 3539 992 3595 die
1038 3539 1326 3596 suscitatus
1375 3555 1406 3594 a
1451 3540 1676 3596 mortuis
1728 3540 1996 3610 Lazarus,

411 3629 701 3686 multorum
745 3630 902 3686 nobis
939 3631 1319 3701 variorumque
1354 3630 1726 3686 sca'ndalorum
1769 3631 1998 3689 dissolu-

415 3723 616 3780 tionem
651 3723 908 3794 impertit.
952 3723 1076 3778 lltcc
1109 3724 1251 3779 enim
1288 3723 1447 3780 lectio
1483 3724 1668 3780 nescio
1706 3740 1811 3797 quo
1842 3733 1998 3797 pacto

412 3815 682 3872 haereticis
700 3829 906 3882 ansam,
929 3823 983 3870 et
997 3813 1196 3870 Judacis
1211 3815 1644 3872 contradictionis
1661 3817 1996 3873 occasionem

413 3905 602 3960 dedit:
633 3919 742 3961 non
777 3920 846 3960 ex
873 3905 951 3961 rei
993 3906 1236 3973 veritate,
1263 3905 1436 3972 absit,
1461 3906 1556 3962 sed
1578 3907 1646 3962 ob
1673 3907 1994 3963 malitiosum

413 3995 628 4052 illorum
652 3996 911 4052 animum.
940 3997 1214 4068 Siquidem
1245 3997 1397 4052 multi
1429 4012 1494 4053 ex
1523 3996 1790 4053 haereticis
1813 3998 1998 4054 dicunt

412 4087 646 4144 similem
685 4088 828 4144 Patri
867 4105 972 4145 non
1014 4103 1135 4144 esse
1177 4088 1390 4144 Filium.
1418 4089 1555 4158 Quid
1600 4089 1705 4144 ita?
1733 4090 1994 4159 Quoniam

411 4179 640 4252 indiguit
666 4181 929 4252 precibus,
961 4182 1227 4253 inquiunt,
1247 4181 1492 4238 Christus
1517 4181 1582 4237 ad
1603 4181 1940 4238 excitandum
1963 4197 1995 4238 a

412 4272 640 4327 mortuis
677 4271 935 4328 Lazarum
969 4291 985 4330 :
1013 4273 1115 4328 nisi
1159 4272 1301 4328 enim
1351 4280 1670 4344 apprecatus
1697 4281 1858 4340 esset,
1891 4273 1998 4328 La-

411 4379 596 4423 zarum
655 4381 763 4420 non
831 4366 1141 4421 excitasset.
1200 4367 1266 4420 Et
1326 4366 1415 4436 qui
1482 4365 1596 4421 lieri
1655 4366 1887 4436 poterit,
1937 4372 1998 4420 ut

413 4451 462 4509 is
499 4455 590 4523 qui
622 4463 868 4524 precatus
905 4463 1026 4522 est,
1057 4456 1128 4510 sit
1164 4455 1356 4510 similis
1387 4455 1472 4523 ei,
1517 4455 1608 4526 qui
1646 4455 1995 4527 supplicatio-

413 4559 545 4601 nem
581 4545 830 4600 admisit?
856 4545 988 4600 Nam
1035 4546 1123 4600 hic
1161 4547 1377 4616 quidem
1425 4556 1705 4617 precatur,
1737 4547 1828 4602 ille
1865 4561 1995 4603 vero

408 4647 599 4703 preces
622 4635 969 4703 supplicantis
987 4635 1219 4691 admisit.
1239 4635 1614 4707 Blaspbemant
1633 4645 1833 4704 autem,
1851 4636 1996 4708 quod

413 4739 522 4780 non
558 4725 856 4795 intelligant
879 4727 1346 4782 condescensionis
1372 4730 1540 4800 gratia
1569 4743 1758 4800 preces
1782 4737 1837 4787 et
1864 4744 1994 4800 pro-

411 4826 535 4887 pter
563 4817 887 4874 adstantium
936 4819 1350 4882 imbecillitatem
1388 4819 1536 4878 fusas
1573 4837 1712 4881 esse.
1758 4823 1991 4895 Alioqui,

409 4907 520 4976 die,
547 4923 748 4980 quaeso,
794 4910 916 4982 quis
939 4909 1112 4980 major
1136 4920 1249 4977 est,
1285 4911 1378 4982 qui
1407 4912 1550 4968 lavat
1573 4912 1739 4984 pedes
1758 4952 1775 4980 ,
1807 4927 1874 4968 an
1905 4911 1996 4969 ille

409 4999 566 5068 cujus
611 5000 778 5071 pedes
835 5001 1014 5057 lavat?
1069 5000 1300 5059 Omnino
1349 5003 1498 5059 illum
1552 5005 1809 5074 majorem
1869 5021 1994 5061 esse

409 5092 580 5159 dices,
609 5094 762 5165 cujus
789 5095 953 5165 pedes
975 5096 1105 5152 lavit
1129 5096 1174 5153 is
1195 5137 1212 5163 ,
1242 5097 1331 5167 qui
1359 5097 1568 5153 lavabat
1594 5097 1772 5170 (Joan.
1797 5099 1886 5154 15.
1913 5099 1992 5168 5).

486 5183 719 5242 Christus
743 5185 900 5243 Iuda:
920 5189 1070 5260 pedes
1096 5190 1238 5244 lauit.
1259 5218 1332 5231 —
1353 5190 1513 5261 Atqui
1533 5189 1683 5246 Judae
1709 5190 1997 5261 proditoris

412 5274 585 5341 pedes
609 5277 737 5333 lavit
763 5277 1056 5335 Salvator?
1075 5280 1337 5352 siquidem
1369 5296 1493 5336 cum
1529 5280 1802 5352 discipulis
1831 5288 1947 5336 erat
1975 5298 1992 5336 :

410 5366 534 5436 quis
554 5382 682 5435 ergo
701 5368 911 5438 major?
930 5386 1054 5425 num
1070 5370 1286 5428 Christo
1306 5373 1532 5429 Domino
1553 5373 1791 5444 proditor
1808 5372 1993 5440 ludas,

408 5457 840 5529 quandoquidem
860 5460 978 5532 ejus
993 5462 1156 5531 pedes
1173 5464 1300 5520 lavit
1313 5465 1560 5522 Christus
1571 5467 1598 5520 ?-
1609 5465 1784 5521 Absit.
1805 5464 1995 5522 Utrum

421 5563 554 5604 vero
574 5549 861 5620 humilius,
893 5552 1072 5610 lavare
1113 5555 1308 5626 pedes,
1349 5571 1417 5612 an
1445 5557 1699 5627 precari?
1716 5555 1868 5612 Haud
1893 5555 1995 5611 du-

417 5639 568 5709 bium
594 5643 726 5711 quin
747 5641 908 5711 pedes
933 5643 1132 5702 lavare.
1163 5645 1265 5714 Qui
1281 5663 1409 5720 ergo
1436 5648 1580 5720 quod
1603 5656 1720 5705 erat
1743 5648 1996 5705 humilius

415 5728 597 5790 facere
619 5749 730 5792 non
757 5741 1324 5812 recusavit,quomodo
1353 5741 1530 5802 facere
1557 5742 1703 5816 quod
1727 5752 1846 5800 erat
1871 5742 1998 5798 sub-

2111 3437 2294 3497 limius
2355 3443 2666 3498 recusaret?
2716 3442 2821 3498 Sed
2872 3442 3050 3500 omnia
3100 3452 3324 3515 propter
3371 3443 3670 3501 adstantium

2105 3529 2411 3588 Judarorum
2461 3535 2876 3591 imbecillitatem
2921 3535 3146 3603 ﬁebant,
3201 3545 3259 3592 ut
3298 3554 3364 3594 ex
3409 3549 3671 3609 progressu

2106 3625 2372 3680 sermonis
2398 3627 2693 3697 apparebit.
2725 3627 3025 3694 Quinetiam
3049 3628 3218 3708 .ludtni
3246 3627 3668 3689 contradictionis

2105 3715 2228 3771 inde
2257 3718 2591 3772 occasionem
2623 3720 2943 3790 arripientes
2981 3720 3166 3777 dicunt
3195 3739 3208 3776 :
3239 3723 3332 3798 qui
3368 3722 3422 3776 lit
3442 3765 3456 3788 ,
3476 3730 3535 3776 ut
3559 3736 3670 3786 eum

2101 3805 2393 3861 Christiani
2443 3809 2607 3863 Deum
2648 3808 2911 3878 habeant,
2956 3811 3046 3881 qui
3094 3811 3272 3866 locum
3320 3812 3407 3867 ubi
3446 3821 3671 3866 mortuus

2098 3895 2308 3966 jacebat
2341 3897 2578 3954 Lazarus
2605 3900 2921 3968 ignorabat?
2947 3901 3379 3972 quandoquidem
3415 3901 3672 3967 sororibus

2103 3986 2290 4043 Lazari
2319 3988 2540 4045 Marthae
2564 3999 2616 4046 et
2642 3990 2821 4047 Maria:
2847 3991 3094 4048 Salvator
3116 3978 3362 4061 dicebat,
3395 3993 3490 4066 Ubi
3510 3992 3672 4064 posui-

2103 4078 2194 4132 stis
2222 4095 2336 4133 eum
2363 4079 2540 4152 (Joan.
2575 4081 2664 4136 ll.
2702 4082 2829 4152 5i)?
2860 4082 3042 4158 Vides,
3081 4084 3270 4154 inquit,
3304 4081 3673 4157 ignorantiam?

2106 4168 2266 4224 Vides
2311 4171 2774 4228 imbecillitatem?
2802 4172 2964 4229 lllene
2987 4175 3076 4245 qui
3112 4175 3273 4230 etiam
3317 4176 3490 4231 locum
3530 4176 3670 4245 igno-

2101 4262 2259 4327 ravit,
2291 4271 2374 4318 est
2403 4263 2581 4320 Deus?
2623 4260 2697 4318 At
2720 4279 2818 4336 ego
2855 4266 2933 4322 sic
2965 4282 3060 4323 eos
3093 4254 3371 4338 alloquar,
3411 4284 3515 4323 non
3541 4265 3671 4338 quod

2103 4355 2176 4410 ita
2227 4359 2484 4424 sentiam,
2540 4358 2636 4416 sed
2694 4365 2753 4416 ut
2813 4374 3000 4416 eorum
3042 4360 3398 4431 objectionem
3456 4360 3670 4432 ignomi-

2103 4449 2257 4505 niose
2282 4450 2543 4519 rejiciam.

2173 4541 2433 4598 Probatur
2456 4542 2711 4600 Christum
2745 4561 2848 4602 non
2873 4545 3132 4618 ignorasse
3157 4547 3242 4600 ubi
3283 4556 3410 4602 esset
3438 4545 3669 4612 Lazarus.

2102 4662 2174 4676 —
2199 4634 2499 4705 lgnoravit,
2529 4637 2630 4704 ais,
2651 4635 2917 4704 Christus,
2943 4652 2976 4693 ο
3013 4637 3230 4706 Judace,
3259 4638 3380 4709 quia
3407 4637 3555 4699 dixit,
3584 4633 3672 4690 Ubi

2103 4730 2337 4800 posuistis
2363 4731 2516 4786 eum?
2543 4729 2726 4802 Itaque
2755 4731 3016 4802 ignoravit
3047 4732 3206 4785 etiam
3237 4733 3290 4786 in
3316 4730 3556 4802 paradiso
3583 4727 3672 4782 Pa-

2103 4828 2206 4888 ter,
2229 4821 2320 4878 ubi
2346 4821 2690 4876 absconditus
2710 4831 2854 4877 esset
2872 4821 3062 4877 Adam.
3095 4822 3362 4877 Circuibat
3377 4821 3515 4876 enim
3532 4831 3671 4889 quast

2102 4926 2224 4972 eum
2253 4913 2306 4968 in
2334 4911 2582 4983 paradiso
2609 4928 2892 4984 quaerens,
2917 4929 2982 4970 ac
3017 4904 3199 4969 dicens
3231 4932 3245 4969 :
3283 4915 3444 4968 Adam
3480 4913 3562 4966 ubi
3594 4910 3676 4964 es?

2103 5008 2253 5078 quasi
2275 5007 2493 5072 diceret,
2514 5007 2603 5062 ubi
2625 5007 2970 5062 absconditus
2989 5007 3082 5062 es?
3107 5007 3280 5076 Quare
3301 5023 3404 5061 non
3436 5005 3574 5075 prius
3597 5002 3670 5056 lo-

2101 5111 2225 5154 cum
2242 5097 2394 5162 dixit,
2420 5113 2486 5154 ex
2502 5114 2607 5170 quo
2631 5115 2750 5153 cum
2780 5097 2971 5152 ﬁducia
2996 5115 3115 5154 cum
3146 5100 3258 5153 Dl‘O
3287 5094 3674 5166 colloquebatur

2106 5197 2307 5271 Adam?
2335 5197 2531 5259 Adam,
2549 5195 2639 5248 ubi
2649 5195 2736 5258 es?
2754 5193 2844 5248 Ille
2867 5205 2995 5246 vero
3018 5185 3185 5260 quid?
3211 5186 3398 5242 Vocem
3420 5193 3560 5237 tuam
3576 5191 3672 5229 au-

2109 5279 2213 5345 divi
2232 5292 2287 5344 in
2304 5288 2560 5360 paradiso
2571 5285 2970 5350 ambulantis,et
2987 5281 3160 5344 timui,
3178 5296 3238 5334 eo
3259 5275 3397 5350 quod
3414 5271 3580 5329 nudus
3591 5283 3670 5322 es-

2109 5399 2237 5444 sem,
2255 5391 2304 5435 et
2321 5379 2572 5436 abscondi
2591 5394 2671 5432 me
2687 5376 2837 5447 (Gen.
2859 5375 2912 5432 5.
2931 5375 2986 5431 9.
3016 5371 3126 5444 l0).
3148 5371 3207 5427 Si
3227 5371 3385 5433 hanc,
3428 5363 3668 5426 oJudtee,

2101 5478 2264 5520 vocas
2293 5465 2644 5535 ignorantiam
2665 5508 2680 5532 ,
2709 5465 2854 5520 illam
2885 5480 3096 5536 quoque
3135 5463 3486 5534 ignorantiam
3527 5470 3666 5511 voca.

2103 5555 2323 5611 Dicebat
2343 5557 2486 5613 enim
2509 5556 2756 5624 Christus
2779 5555 3001 5611 Martha:
3025 5565 3078 5610 et
3107 5555 3302 5620 Mariae,
3338 5550 3435 5608 Ubi
3451 5543 3670 5622 posuisti!

2103 5650 2260 5704 euut?
2289 5649 2439 5722 Hane
2481 5651 2641 5719 igitur
2670 5650 3023 5724 ignorantiam
3059 5649 3260 5703 vocas?
3285 5645 3420 5716 Quid
3449 5655 3570 5712 ergo
3593 5636 3668 5702 di-

2105 5757 2216 5810 ces,
2246 5758 2368 5799 cum
2389 5743 2626 5800 audieris
2652 5727 2818 5800 Deum
2847 5741 3012 5798 Caino
3033 5741 3321 5806 dicentem,
3349 5736 3444 5794 Ubi
3467 5731 3669 5789 estut-:1
