3918 6366
158 509 332 616 frater
352 547 472 593 tuus
495 533 650 610 (Gen.
673 533 726 588 t.
747 530 831 601 9)?
852 527 986 598 Quid
1009 527 1089 585 nis
1107 527 1150 580 ιτ
1176 523 1234 581 Si
1255 523 1394 578 hanc
1415 515 1768 616 ignorantiam

183 609 364 700 vocas,
384 609 531 683 illam
556 640 768 697 quoque
791 620 1141 692 ignorantiam
1166 632 1317 673 voca.
1338 613 1532 682 Accipe
1543 609 1769 663 alteram

173 728 336 786 etiam
356 740 422 779 cx
443 721 722 791 Scriptura
743 730 893 772 sacra
915 710 1449 768 demonstrationem.
1473 703 1614 758 Dixit
1632 701 1771 791 Deus

175 815 431 879 Abrahae,
456 790 662 868 Clamor
691 806 1032 863 Sodomorum
1055 811 1101 856 et
1119 797 1416 855 Gomorrlue
1443 793 1572 849 venit
1588 790 1656 846 ad
1672 807 1769 844 me.

175 905 500 964 Descendens
529 901 684 972 igitur
706 894 879 951 uidebo
901 936 916 960 ,
946 894 988 947 si
1009 891 1282 950 secundum
1302 888 1571 941 clamorem
1600 896 1773 937 eorum

173 1001 262 1071 qui
298 997 432 1054 uenit
472 993 542 1053 ad
576 1009 689 1056 me,
721 993 1135 1050 consummantur
1158 997 1178 1037 :
1215 982 1298 1035 sin
1331 989 1502 1032 autem
1547 991 1681 1039 non,
1720 981 1774 1024 ut

189 1085 489 1157 sciamUd.
513 1083 692 1140 18.20.
707 1083 820 1156 21).
841 1083 943 1149 Qui
964 1080 1308 1136 novitomnia
1328 1086 1620 1147 antequam
1639 1073 1769 1128 ﬁant

186 1181 356 1255 (Dan.
406 1181 497 1235 15.
538 1178 652 1247 42),
684 1178 777 1248 qui
808 1176 972 1231 corda
1005 1184 1062 1230 et
1101 1189 1264 1229 renes
1306 1177 1585 1246 scrutatur
1626 1167 1770 1255 Deus

193 1254 376 1347 (Psat.
419 1273 470 1326 7.
495 1272 606 1342 ιο),
628 1271 720 1342 qui
740 1269 894 1325 novit
909 1266 1268 1340 cogitationes
1285 1262 1567 1318 hominum
1591 1254 1770 1329 (Psal.

188 1369 260 1426 93
292 1368 338 1422 ,1
358 1368 429 1438 l).
453 1366 605 1426 solus
621 1364 856 1429 dicebat,
881 1358 1212 1418 Descendens
1235 1357 1398 1428 igitur
1416 1351 1617 1418 uidebo,
1635 1350 1682 1406 si
1697 1364 1774 1404 se-

185 1459 424 1523 cundum
440 1459 726 1514 clamorem
740 1453 1039 1524 eorum,qui
1057 1453 1190 1508 venit
1211 1451 1279 1504 ad
1299 1456 1775 1514 me,consumman-

186 1561 318 1611 tur:
343 1553 429 1606 sin
453 1559 630 1604 autem
652 1565 778 1613 non,
796 1557 854 1602 ut
870 1547 1062 1601 sciam.
1083 1541 1143 1598 Si
1169 1540 1302 1598 illud
1319 1548 1404 1596 est
1429 1531 1774 1610 ignorantiae,

185 1645 296 1702 hoc
318 1659 540 1714 quoque
559 1643 664 1697 erit
682 1641 953 1710 ignorare.
977 1637 1146 1709 Atqui
1167 1649 1346 1706 neque
1367 1629 1668 1689 secundum
1687 1643 1775 1683 vc-

189 1745 282 1800 tus
301 1741 690 1795 testamentum
709 1731 871 1788 Pater
892 1731 1134 1802 ignorat,
1154 1742 1333 1798 neque
1351 1723 1652 1781 secundum
1677 1734 1778 1775 no—

184 1845 320 1898 yqu
359 1835 748 1884 testamentum
780 1824 973 1892 Filius.
1006 1822 1144 1890 Quid
1175 1828 1262 1878 est
1290 1819 1456 1890 igitur
1479 1813 1637 1877 illud,
1671 1811 1777 1866 De-

186 1920 444 1991 scendens
468 1917 672 1982 videbo,
695 1923 744 1977 si
757 1915 1044 1975 secundum
1058 1914 1343 1975 clamorem
1363 1925 1565 1972 eorum,
1585 1905 1675 1976 qui
1695 1921 1778 1960 υθ-

184 2017 270 2080 nit
295 2016 368 2074 ad
398 2030 498 2075 me,
523 2018 958 2072 consummantur
983 2025 1002 2069 :
1025 2009 1108 2069 sin
1139 2016 1314 2068 autem
1338 2020 1462 2067 non,
1480 2010 1537 2056 ut
1565 1999 1778 2080 sciam!

259 2094 388 2154 Non
427 2093 580 2164 facile
620 2089 943 2145 credendum.
970 2116 1043 2140 --—
1070 2087 1305 2152 Rumor,
1349 2082 1553 2152 inquit,
1589 2079 1656 2134 ad
1693 2093 1780 2133 me

182 2186 437 2258 pervenit
465 2202 480 2240 :
520 2182 615 2241 sed
653 2180 957 2241 accuratius
987 2177 1109 2234 volo
1147 2189 1334 2230 rursus
1360 2173 1537 2243 reipsa
1566 2170 1781 2240 experi-

183 2288 432 2339 mentum
476 2290 705 2346 capere:
734 2288 843 2330 non
891 2270 1032 2348 quod
1072 2270 1312 2342 ignorem
1353 2281 1488 2334 ego,
1540 2262 1635 2320 sed
1678 2261 1779 2316 ho-

181 2373 368 2434 mines
394 2386 426 2425 a
456 2383 544 2430 me
568 2365 752 2425 doceri
782 2364 964 2427 velim,
996 2370 1056 2417 ut
1082 2375 1151 2420 ne
1181 2368 1384 2418 temere
1413 2355 1570 2412 ﬁdem
1605 2353 1782 2409 verbis

181 2463 501 2531 adhibeant,
530 2473 728 2530 neque,
753 2457 799 2512 si
820 2455 939 2529 quis
962 2453 1221 2510 adversus
1249 2451 1477 2504 alterum
1507 2445 1780 2518 quidpiam

181 2558 355 2623 dicat,
385 2553 542 2610 facile
581 2549 907 2607 credendum
947 2559 1100 2609 esse,
1130 2557 1329 2626 verum
1362 2540 1449 2596 ubi
1491 2536 1638 2610 prius
1681 2535 1780 2605 ipsi

183 2649 480 2719 diligenter
520 2640 887 2714 palpaverint,
933 2647 989 2693 et
1044 2650 1156 2692 rem
1197 2635 1366 2704 ipsam
1414 2629 1783 2700 experimento

183 2717 509 2803 didicerint,
545 2744 657 2789 tum
681 2731 897 2797 demum
930 2743 1054 2788 esse
1090 2724 1438 2782 credendum.
1466 2723 1642 2791 Atque
1683 2717 1785 2774 hac

185 2832 260 2898 de
287 2843 454 2893 causa
494 2829 551 2891 in
580 2825 688 2889 alio
715 2823 1010 2894 Scriptura:
1039 2820 1158 2878 loco
1183 2816 1400 2874 dicebat
1429 2833 1442 2870 :
1475 2812 1654 2872 Nolite
1677 2829 1786 2867 cre-

188 2927 311 2991 dere
337 2922 477 2979 omni
518 2920 664 2989 verba
689 2916 974 2991 (EcciiJQ.
1008 2912 1120 2985 16).
1147 2910 1290 2967 Nihil
1318 2909 1479 2966 enim
1505 2907 1577 2963 ita
1619 2905 1782 2965 vitam

188 3015 474 3080 hominum
499 3011 691 3075 evertit
720 3017 776 3074 et
804 3005 1136 3080 pessumdat,
1161 3017 1226 3060 ac
1251 3001 1300 3058 si
1327 3000 1450 3070 quis
1475 2997 1656 3054 statim
1685 2996 1748 3050 iis
1767 3036 1782 3061 ,

188 3121 314 3176 quae
343 3103 543 3175 passim
571 3101 852 3166 dicuntur,
886 3096 1045 3154 ﬁdem
1077 3093 1288 3154 habeat.
1327 3091 1440 3151 Hoc
1472 3090 1632 3145 etiam
1651 3101 1786 3157 pro-

187 3197 358 3268 pheta
381 3193 550 3249 David
579 3191 906 3264 prophetans
935 3187 1145 3244 dicebat
1173 3203 1187 3240 :
1217 3183 1576 3253 Detraltentem
1600 3186 1785 3244 secreto

190 3289 429 3358 proximo
447 3302 558 3350 suo,
587 3284 729 3354 nunc
755 3279 1084 3357 persequebar
1111 3277 1280 3351 (Psal.
1311 3275 1432 3341 10,0.
1465 3271 1546 3343 5).

266 3380 322 3435 2.
366 3378 531 3434 Vides
558 3390 665 3446 quo
687 3382 845 3446 pacto
873 3372 1019 3429 nulla
1050 3369 1309 3426 acciderit
1340 3363 1635 3438 ignorantia
1664 3361 1787 3421 Sal-

189 3470 392 3537 vatori,
413 3485 534 3525 cum
561 3468 720 3532 dixit,
751 3465 855 3534 Ubi
878 3463 1116 3537 posuistis
1136 3461 1291 3516 eum?
1317 3459 1455 3517 sicut
1482 3471 1658 3530 neque
1682 3455 1786 3510 Pa-

193 3563 266 3626 tri
295 3577 416 3618 cum
441 3559 575 3615 dixit
595 3558 824 3625 Adamn,
857 3554 959 3618 Ubi
986 3571 1038 3612 es
1056 3555 1082 3608 ?
1105 3552 1188 3614 vel
1215 3551 1378 3616 Cain,
1424 3549 1523 3611 Ubi
1552 3558 1624 3604 est
1664 3546 1790 3603 Abel

194 3660 362 3727 frater
383 3652 542 3716 tuus?
567 3651 673 3718 vel,
706 3646 1026 3708 Descendens
1054 3645 1250 3711 uidebo,
1303 3643 1347 3698 si
1369 3640 1646 3705 secundum
1683 3640 1787 3693 cia-

193 3730 389 3806 tnonm
414 3758 606 3806 eorum,
639 3741 723 3810 qui
751 3739 882 3792 venit
902 3737 971 3791 ad
998 3753 1096 3804 me,
1126 3740 1578 3789 consummantur:
1599 3730 1680 3790 sin
1706 3745 1791 3783 au-

195 3849 298 3896 tem
323 3853 448 3902 non,
475 3834 728 3891 utsciam.
756 3830 873 3888 1am
915 3844 1044 3901 ergo
1079 3837 1291 3898 tempus
1333 3833 1417 3881 cst
1459 3833 1516 3879 ut
1557 3838 1680 3879 cum
1722 3821 1788 3876 iis

194 3927 573 3998 conﬁigamus,
599 3924 688 3996 qui
716 3922 987 3979 Christum
1016 3920 1202 3976 dicunt
1247 3927 1466 3990 propter
1509 3914 1792 3972 imbecilli-

196 4030 366 4086 tatem
397 4033 602 4086 orasse,
634 4031 754 4072 cum
782 4015 1042 4070 Lazarum
1070 4013 1374 4068 suscitaret.
1404 4007 1676 4076 Attendite
1694 4006 1793 4060 ita-

195 4109 855 4186 que.dilectissimi,quam
888 4102 1337 4176 diligentissime,
1389 4115 1594 4170 quaeso.
1649 4098 1790 4153 Mor-

199 4213 326 4259 tuus
356 4210 441 4256 est
466 4201 624 4270 igitur
647 4198 900 4262 Lazarus,
929 4211 1028 4251 nec
1059 4196 1110 4250 in
1138 4195 1240 4249 illis
1267 4193 1403 4250 locis
1441 4202 1558 4248 erat
1593 4191 1749 4247 Iesus
1771 4229 1788 4256 ,

198 4295 296 4352 sed
317 4295 371 4349 in
391 4293 630 4356 Galilaea,
663 4290 903 4361 dixitque
924 4287 1199 4359 discipulis
1223 4287 1338 4344 suis
1361 4302 1376 4340 :
1405 4285 1633 4340 Lazarus
1660 4284 1792 4337 ami-

199 4405 288 4442 cus
315 4395 484 4442 noster
501 4384 684 4444 dormit
701 4382 918 4452 (Joann.
945 4381 1036 4436 11.
1057 4380 1172 4452 11).
1200 4377 1281 4436 illi
1300 4388 1476 4438 autem
1518 4384 1788 4449 putantes,

201 4477 347 4550 quod
372 4476 441 4532 de
466 4489 657 4532 somno
681 4475 796 4544 ejus
822 4475 1154 4544 loqueretur,
1187 4471 1371 4526 dicunt
1408 4470 1484 4524 illi
1511 4463 1795 4535 :Bontine,

201 4572 246 4626 si
273 4570 477 4637 dormit,
503 4569 672 4624 salvus
689 4568 783 4621 erit
812 4565 920 4638 (Ib.
949 4582 996 4620 υ.
1017 4564 1128 4638 12).
1159 4565 1296 4620 Dicit
1314 4564 1394 4619 eis
1416 4563 1573 4619 Jesus
1614 4577 1790 4616 mant-

203 4665 360 4730 l'estc,
391 4661 618 4716 Lazarus
661 4670 890 4714 mortuus
915 4668 987 4713 est
1017 4658 1124 4731 (Ib.
1162 4675 1212 4713 υ.
1253 4659 1365 4729 Η).
1409 4655 1567 4712 Venit
1599 4654 1794 4712 deinde

204 4758 452 4814 Salvator
473 4756 861 4827 Jerosolymam
892 4755 959 4812 ad
987 4755 1165 4811 locum
1197 4755 1285 4810 ubi
1306 4755 1542 4809 Lazarus
1556 4751 1789 4820 iacebat,

203 4856 261 4909 et
285 4847 497 4904 obviam
523 4846 700 4916 prodit
729 4846 807 4901 illi
835 4861 990 4901 soror
1017 4845 1226 4911 Lazari,
1255 4854 1310 4901 et
1334 4845 1407 4900 ait
1433 4834 1508 4899 illi
1548 4836 1795 4902 Domine,

206 4942 251 5000 si
275 4941 457 5013 fuisses
485 4940 588 5007 hic,
629 4942 787 5006 frater
806 4956 948 4994 meus
974 4956 1075 4994 non
1109 4942 1282 5006 fuisset
1311 4947 1538 4993 mortuus
1571 4940 1588 5007 (
1611 4935 1690 4990 Ib.
1741 4951 1790 4990 υ.

203 5035 268 5090 ﬁt
300 5035 342 5106 ).
387 5035 443 5090 Si
485 5033 677 5089 fuisses
704 5033 812 5088 hic.
839 5033 1054 5089 inﬁrma
1073 5045 1162 5102 es,
1182 5033 1396 5089 mulier.
1443 5031 1625 5087 Nescit
1653 5043 1794 5086 nunc

207 5126 398 5182 mulier
417 5125 710 5192 Christum,
733 5125 860 5180 licet
880 5140 1106 5194 corpore
1129 5139 1369 5195 praesens
1390 5140 1494 5178 non
1519 5132 1684 5188 esset,
1714 5121 1796 5177 (ὶίφ

208 5217 446 5274 vinitatis
466 5219 703 5287 potentia
730 5227 1049 5287 praesentem
1095 5216 1300 5273 fuisse:
1333 5217 1428 5273 sed
1458 5233 1524 5272 ex
1550 5215 1793 5285 corporis

211 5309 488 5380 prmsentia
519 5308 758 5378 magistri
787 5310 1040 5364 virtutem
1065 5309 1304 5363 metitur.

277 5400 511 5458 Christus
531 5416 624 5454 cur
651 5411 884 5472 precatus
907 5402 1166 5472 [καθίμη-
1188 5401 1323 5456 Dicit
1343 5402 1394 5456 ui
1422 5399 1650 5466 Martha,
1684 5399 1794 5456 Dor

209 5492 408 5558 mine,si
429 5492 610 5561 fuisses
633 5493 734 5559 hic,
766 5493 928 5563 frater
946 5510 1087 5548 meus
1111 5510 1214 5548 non
1238 5493 1414 5564 fuisset
1445 5501 1694 5547 mortuus.
1726 5491 1796 5546 Et

213 5599 343 5638 nunc
373 5585 498 5650 scio,
527 5585 722 5654 inquit,
751 5585 869 5654 quia
909 5601 1234 5656 quacumque
1275 5585 1561 5655 poposceris
1593 5601 1626 5638 α
1663 5583 1794 5649 Deo,

215 5675 354 5729 dabit
374 5675 462 5730 tibi
482 5674 623 5731 Deus
649 5675 757 5748 (ib.
779 5694 830 5732 υ.
854 5676 972 5749 22).
1003 5677 1251 5733 Salvator
1300 5677 1460 5748 igitur
1505 5676 1794 5732 secundum

271 5813 286 5844 ⁸
311 5818 476 5873 Meet,
517 5812 749 5876 quiduis,
793 5815 840 5863 in
879 5815 1068 5866 duobus
1105 5822 1210 5866 Mss.
1252 5824 1364 5876 Qua:
1390 5814 1539 5874 verba.
1569 5813 1706 5866 Saril.
1751 5815 1798 5865 in

212 5890 360 5941 marg.
383 5884 436 5926 et
458 5873 626 5928 Morel.
640 5873 837 5927 habent.

1006 409 1098 468 DE
1131 404 1405 466 CHRISTI
1443 396 1804 464 PRECIBUS,
1846 395 2123 454 CONTRA
2161 396 2540 458 ANOMCEOS.
2581 397 2674 456 IX.

3365 398 3467 457 782

1882 511 2022 567 hanc
2050 512 2361 582 petitionem
2390 527 2582 586 preces
2627 511 2801 570 otiert.
2827 510 3013 584 Neque
3049 511 3192 570 enim
3221 513 3467 584 precibus

1879 605 2148 676 indigebat
2179 606 2338 672 Deus,
2363 615 2420 660 ut
2441 613 2710 661 mortuum
2737 605 3041 662 suscitaret.
3083 607 3276 661 Annon
3317 605 3462 662 enim

1877 695 2014 750 alios
2045 695 2205 750 etiam
2234 704 2476 750 mortuos
2505 696 2779 752 suscitavit
2805 695 2829 752 I
2852 695 3076 765 Quando
3115 696 3190 751 illi
3235 700 3470 756 occurrit

1878 788 2092 858 quidam
2125 797 2390 855 mortuus,
2422 788 2513 859 qui
2561 790 2614 842 in
2653 779 2804 858 poi'ta
2851 787 3080 842 civitatis
3123 787 3467 856 efferebatur,

1880 882 2252 942 tantmnmodo
2279 883 2512 937 loculum
2543 881 2750 953 tetigit,
2803 890 2857 937 et
2900 891 3169 937 mortuum
3212 883 3466 937 excitavit

1881 976 2027 1050 (Luc.
2065 977 2119 1031 Ἰ.
2151 976 2261 1047 14).
2286 975 2420 1030 Num
2443 975 2691 1046 precibus
2721 985 2831 1028 tum
2860 973 3103 1044 indiguit,
3133 983 3188 1029 ut
3209 975 3469 1031 excitaret

1879 1065 2233 1122 defunctum?
2285 1065 2354 1119 Et
2397 1065 2523 1119 alibi
2565 1079 2751 1119 rursus
2789 1072 2994 1124 tantum
3031 1063 3196 1119 verbo
3234 1065 3468 1135 puellam

1879 1168 1963 1218 est
1990 1159 2294 1230 alloquutus
2313 1199 2329 1226 ,
2371 1156 2582 1212 Talitha
2605 1155 2752 1212 Cumi
2781 1154 2972 1229 (Marc.
3004 1156 3061 1212 5.
3085 1157 3144 1211 41
3174 1155 3219 1229 ),
3248 1164 3302 1212 et
3343 1171 3472 1211 con-

1886 1249 2062 1306 testim
2091 1250 2308 1311 tradidit
2330 1265 2447 1303 cam
2477 1250 2790 1318 parentibus
2813 1248 2922 1303 suis
2946 1264 3150 1303 sanam.
3183 1248 3319 1304 Num
3348 1263 3473 1318 pre-

1881 1343 2033 1402 cibus
2065 1352 2174 1398 tum
2206 1341 2473 1414 indiguit?
2499 1341 2638 1410 Quid
2664 1352 2840 1396 autem
2864 1341 2931 1396 de
2957 1341 3211 1412 magistro
3237 1342 3428 1412 loquor
3447 1342 3474 1397 τ

1883 1435 2138 1504 Discipuli
2167 1435 2284 1504 ejus
2315 1435 2429 1492 solo
2460 1434 2624 1490 verbo
2646 1444 2887 1489 mortuos
2909 1433 3256 1490 suscitabant.
3283 1434 3470 1491 Petrus

1881 1542 2062 1584 nonne
2103 1525 2384 1582 Tabitham
2411 1526 2578 1581 verbo
2607 1525 2894 1580 excitavit?
2931 1524 3126 1580 Paulus
3157 1541 3334 1580 nonne
3360 1525 3472 1580 suis

1881 1617 2119 1674 vestibus
2144 1617 2294 1686 signa
2319 1616 2482 1670 multa
2503 1614 2668 1670 fecit?
2697 1615 2855 1671 Disce
2883 1614 3153 1686 quidpiam
3175 1615 3474 1671 mirabilius

1883 1709 2002 1765 istis
2030 1726 2044 1763 :
2070 1709 2438 1780 apostolorum
2466 1709 2653 1764 umbra
2684 1717 2926 1766 mortuos
2958 1708 3270 1764 suscitabat.
3334 1707 3474 1776 Effe-

1883 1803 2058 1857 rebant
2087 1801 2254 1866 enim,
2279 1802 2469 1872 inquit,
2493 1801 2546 1860 in
2571 1801 2793 1872 grabatis
2811 1809 3050 1872 tegrotos,
3077 1809 3132 1854 ut
3151 1800 3329 1854 saltem
3354 1817 3473 1854 um-

1884 1892 1974 1947 bra
1998 1890 2144 1946 Petri
2161 1891 2478 1950 obumbraret
2516 1908 2816 1964 quemquam
2854 1891 3061 1945 illorum
3082 1933 3096 1956 ,
3129 1901 3174 1946 et
3211 1893 3474 1963 confestim

1883 1983 2233 2039 excitabantur
2267 1983 2405 2054 (Aet.
2462 1983 2655 2048 5.15).
2691 1982 2827 2050 Quid
2871 1983 3036 2053 ergo?
3080 1983 3469 2054 Discipulorum

1883 2074 2074 2130 umbra
2099 2085 2339 2128 mortuos
2368 2074 2654 2140 excitabat,
2683 2083 2738 2129 et
2761 2074 3014 2144 magister
3056 2076 3301 2144 precibus
3349 2091 3478 2148 ege-

1885 2166 1995 2232 bat,
2023 2174 2082 2220 ut
2109 2177 2376 2220 mortuum
2407 2164 2708 2220 excitaret?
2744 2163 2850 2220 Sed
2876 2176 3091 2236 propter
3116 2167 3355 2222 mulieris
3386 2167 3478 2221 im-

1885 2257 2232 2313 becillitatem
2259 2257 2476 2313 adhibet
2509 2273 2694 2327 preces
2720 2258 2982 2312 Salvator.
3041 2258 3129 2313 Ait
3151 2261 3290 2314 enim
3341 2260 3474 2330 ipsi,

1887 2347 2125 2414 Domine,
2148 2349 2192 2402 si
2222 2349 2406 2419 fuisses
2431 2349 2534 2417 hic,
2554 2349 2715 2419 frater
2743 2364 2880 2404 meus
2897 2366 2998 2404 non
3014 2349 3192 2419 fuisset
3213 2361 3476 2407 mortuus:

1886 2452 1934 2498 et
1954 2459 2088 2497 nunc
2107 2443 2231 2510 scio,
2253 2444 2372 2511 quia
2397 2452 2722 2512 quaeruntque
2751 2444 3040 2514 poposceris
3067 2461 3101 2497 a
3147 2443 3254 2498 Deo
3271 2487 3284 2510 ,
3337 2445 3477 2500 dabit

1888 2538 1978 2592 tibi
2007 2536 2167 2596 Deus.
2201 2535 2485 2592 Postulasti
2510 2551 2719 2606 preces,
2747 2535 2816 2591 do
2847 2551 3053 2607 preces.
3085 2535 3374 2607 Expositos
3395 2546 3480 2594 est

1888 2629 2009 2692 fons
2039 2646 2054 2696 ;
2087 2628 2462 2700 quodcumque
2495 2627 2708 2684 tandem
2739 2643 2833 2683 vas
2861 2628 2950 2700 qui
2979 2628 3238 2696 attulerit,
3294 2629 3481 2701 implet

1888 2722 2038 2782 illud.
2071 2723 2126 2779 Si
2152 2738 2400 2795 magnum
2429 2723 2606 2786 fuerit,
2632 2737 2881 2792 magnum
2905 2723 3066 2776 sumit
3094 2739 3107 2775 :
3141 2721 3184 2776 si
3207 2721 3481 2795 exiguum,

1888 2815 2053 2872 sumit
2078 2815 2351 2886 exiguum.
2385 2813 2513 2874 l‘ltcc
2532 2812 2691 2884 igitur
2723 2828 2908 2883 preces
2937 2813 3243 2884 postulavit,
3276 2823 3328 2870 et
3359 2811 3482 2868 Sal-

1889 2918 2041 2965 vator
2069 2924 2256 2978 preces
2275 2910 2561 2969 concessit.
2592 2908 2742 2968 Alius
2767 2906 2920 2970 dixit,
2960 2906 3078 2960 Non
3118 2924 3231 2962 sum
3272 2907 3475 2977 dignus,

1889 3009 1943 3055 ut
1968 3001 2124 3059 intres
2145 2999 2236 3053 sub
2263 3009 2445 3060 tectum
2471 3015 2657 3064 meum,
2685 2999 2775 3054 sed
2797 3007 2992 3051 tantum
3017 3000 3099 3051 dic
3139 2998 3284 3052 uerbo
3301 3040 3315 3064 ,
3359 2997 3482 3052 Fiat

1891 3090 2010 3153 tibi,
2059 3099 2107 3144 et
2147 3089 2412 3143 sanabitur
2435 3105 2560 3158 puer
2585 3104 2729 3144 meus
2757 3103 2777 3142 :
2809 3097 2914 3142 tum
2944 3088 3071 3142 dixit
3096 3089 3144 3142 ei
3171 3088 3414 3143 Salvator
3454 3105 3473 3144 :

1891 3181 2191 3240 Secundum
2213 3181 2365 3250 ﬁdem
2382 3190 2524 3239 luant
2553 3181 2645 3250 fiat
2665 3179 2754 3235 tibi
2782 3179 2994 3251 (Matth.
3023 3179 3075 3236 8.
3095 3181 3147 3235 8.
3194 3179 3306 3252 15).
3329 3179 3482 3235 Alius

1891 3274 2025 3332 dixit
2052 3293 2066 3330 ε
2101 3274 2257 3341 Veni,
2289 3288 2419 3330 sana
2449 3274 2611 3330 ﬁliam
2646 3288 2818 3328 meam
2847 3291 2859 3326 :
2895 3280 3005 3327 tum
3031 3272 3105 3327 ait
3131 3272 3238 3338 illi,
3282 3272 3482 3341 Sequar

1892 3376 1940 3431 te
1985 3365 2092 3442 (Ib.
2121 3366 2175 3424 9.
2227 3365 2314 3422 18.
2361 3365 2470 3436 19).
2527 3364 2708 3435 itaque
2757 3373 2912 3434 prout
2959 3379 3019 3422 se
3071 3362 3266 3419 habent
3307 3363 3481 3419 homi-

1893 3475 2024 3517 num
2046 3459 2371 3526 voluntates,
2397 3458 2659 3520 medelam
2686 3456 2905 3514 adhibot
2929 3456 3189 3512 medicus.
3219 3455 3334 3511 Alia
3363 3472 3484 3512 rur-

1893 3567 1991 3615 alia
2016 3552 2156 3618 clam
2178 3551 2480 3610 vestimenti
2511 3550 2628 3620 ejus
2677 3550 2940 3605 ﬁmbriam
2989 3549 3180 3618 tetigit,
3233 3558 3290 3605 et
3345 3549 3483 3604 clam

1894 3644 2158 3705 medelam
2212 3643 2443 3712 obtinuit
2494 3641 2601 3712 (Ib.
2647 3656 2696 3703 ν.
2727 3641 2820 3698 20.
2865 3640 2999 3712 sqq.)
3044 3658 3058 3695 :
3117 3640 3485 3710 unusquisque

1893 3747 2054 3811 prout
2092 3737 2364 3804 credebat,
2411 3736 2572 3794 etiam
2621 3735 2912 3791 sanitatem
2953 3733 3324 3802 recuperabat.
3377 3731 3484 3790 Ista

1898 3832 2031 3887 dicit
2059 3849 2071 3885 :
2104 3831 2238 3896 scio,
2269 3829 2391 3904 quia
2417 3842 2767 3902 quaecumque
2799 3826 3106 3897 poposceris
3127 3841 3154 3878 a
3184 3826 3364 3890 Patre,
3385 3823 3484 3880 da-

1894 3922 1976 3980 bit
2001 3921 2093 3976 tibi
2112 3921 2290 3985 Pater,
2316 3918 2634 3990 etquoniam
2662 3932 2847 3987 preces
2873 3917 3233 3994 postulaverat
3255 3915 3481 3981 Martha,

1895 4029 2084 4086 preces
2106 4014 2178 4069 illi
2205 4013 2470 4068 concessit
2496 4011 2758 4076 Salvator,
2785 4025 2889 4063 non
2919 4008 3059 4078 quod
3089 4008 3202 4077 ipse
3233 4008 3481 4078 precibus

1896 4107 2180 4176 indigeret,
2213 4104 2308 4160 sed
2338 4102 2480 4174 quod
2509 4101 2749 4157 mulieris
2777 4099 3069 4155 inﬁrmitati
3101 4113 3306 4152 morem
3333 4113 3488 4166 gere-

1895 4207 2000 4261 ret,
2027 4211 2191 4268 scque
2220 4195 2329 4251 Deo
2354 4211 2458 4249 non
2481 4193 2754 4253 adversari
2774 4190 3102 4256 ostenderet,
3127 4205 3310 4245 verum
3331 4187 3488 4259 quid.-

1895 4288 2024 4359 quid
2056 4287 2170 4358 ipse
2196 4285 2404 4354 fecerit,
2435 4285 2538 4340 hoc
2561 4285 2720 4339 etiam
2753 4283 2866 4338 ﬁeri
2906 4298 2936 4336 a
2982 4282 3158 4337 Patre.
3213 4279 3486 4336 Formm-it

1899 4379 2042 4435 Deus
2072 4377 2344 4432 hominem
2369 4391 2398 4431 a
2429 4376 2694 4445 principio
2721 4391 2735 4426 ε
2771 4373 2872 4429 fuit
2903 4373 3179 4444 utriusque
3199 4387 3488 4428 commune

1897 4474 2228 4543 ﬁgmentum.
2258 4470 2536 4526 Faciamus
2552 4470 2718 4535 enim,
2746 4468 2936 4539 inquit,
2967 4467 3220 4521 hominem
3246 4465 3315 4519 ad
3350 4466 3489 4523 ima~.

1896 4569 2062 4640 ginem
2103 4576 2150 4621 et
2195 4563 2576 4620 similitudinem
2596 4571 2820 4616 nostram
2852 4560 3003 4633 (Gen.
3030 4561 3078 4614 1.
3109 4558 3182 4614 96
3283 4558 3495 4620 Rursus

1897 4661 2161 4718 latronem
2194 4657 2361 4713 voluit
2389 4656 2440 4710 in
2475 4654 2780 4725 paradisum
2826 4651 3214 4713 intromitterc,
3259 4660 3313 4706 et
3354 4664 3488 4706 con-

1900 4751 2074 4808 testim
2102 4748 2326 4804 verbum
2379 4745 2627 4816 protulit,
2673 4758 2736 4798 ac
2782 4742 3044 4798 latronem
3086 4741 3138 4794 in
3181 4740 3494 4811 paradisum

1900 4842 2226 4909 introduxit,
2276 4855 2450 4911 neque
2508 4836 2756 4909 precibus
2800 4835 3061 4904 indiguit:
3113 4832 3322 4889 tametsi
3369 4840 3494 4900 post

1902 4937 2166 4996 Adsmum
2201 4947 2392 4998 omnes
2423 4931 2677 4986 Dominus
2705 4928 2774 4984 ab
2802 4926 2950 4982 aditu
2980 4925 3119 4980 illius
3143 4929 3371 4979 arceret.
3397 4922 3491 4980 Po-

1897 5030 2010 5090 suit
2033 5028 2176 5092 enim
2207 5025 2512 5090 ﬂammeum
2538 5022 2771 5094 gladium
2798 5019 2864 5074 ad
2890 5017 3298 5074 custodiendum
3327 5030 3486 5084 para-

1895 5123 2077 5183 disum
2126 5119 2234 5193 (Ib.
2261 5121 2314 5176 5.
2337 5116 2430 5191 ει)
2465 5135 2480 5174 :
2513 5125 2566 5170 at
2595 5114 2843 5175 Christus
2894 5110 3212 5170 auctoritate
3241 5123 3340 5164 sua
3397 5121 3488 5175 pa-

1901 5217 2140 5280 radisum
2170 5213 2400 5285 aperuit,
2443 5208 2790 5268 etiatronem
2848 5201 3140 5259 introduxit
3189 5199 3340 5272 (Luc.
3396 5198 3488 5255 25.

1899 5307 2017 5382 45).
2060 5307 2391 5370 Latronem,
2425 5301 2668 5368 Domine,
2714 5297 2772 5360 in
2823 5294 3127 5367 paradisum
3161 5289 3493 5350 iutroducis?

1899 5402 2067 5460 Pater
2089 5409 2217 5458 tuus
2239 5397 2494 5458 obuuum
2522 5400 2797 5463 peccatttm
2817 5388 3084 5452 ,Adamutu
3115 5385 3272 5456 ejecit
3296 5398 3328 5440 e
3343 5397 3501 5458 para:

1897 5493 2044 5560 disc,
2072 5501 2127 5554 et
2157 5501 2210 5550 tu
2236 5490 2499 5549 latronem
2531 5481 2866 5544 introducis?
2889 5495 3014 5544 eum
3051 5479 3142 5551 qui
3188 5477 3336 5536 mille
3378 5491 3495 5534 ma,

1897 5587 2102 5649 lorum,
2148 5582 2295 5638 mille
2318 5581 2581 5642 scelerum
2627 5591 2751 5636 reus
2791 5573 2940 5634 erat?
2979 5580 3035 5628 et
3069 5569 3384 5640 simpliciter
3422 5567 3501 5635 ita,

1904 5689 2127 5752 propter
2153 5691 2312 5733 unam
2338 5687 2525 5733 vocem
2556 5672 2609 5733 in
2644 5667 2946 5740 paradisum
2995 5679 3117 5728 eum
3163 5659 3500 5752 introducisit

1901 5750 2019 5843 Ego
2048 5784 2176 5826 veno
2203 5765 2482 5826 introduoo
2517 5780 2528 5816 :
2561 5776 2684 5828 natu
2729 5773 2830 5824 nec
2869 5755 2996 5825 illud
3043 5755 3246 5825 absque
3279 5767 3371 5813 me
3392 5750 3488 5843 ta.

1906 5841 2049 5929 ctum
2075 5869 2184 5936 est,
2213 5871 2384 5930 neque
2409 5853 2547 5920 istud
2578 5853 2779 5934 absque
2807 5848 2962 5914 Patre
2985 5860 3106 5906 meo
3139 5863 3149 5900 :
3181 5843 3277 5911 sed
3309 5851 3364 5935 et
3391 5841 3492 5923 hoc
