3918 6362
491 417 600 487 783
1207 426 1264 482 S.
1305 423 1586 482 JOANNIS
1624 419 2093 479 CHRYSOSTOMI
2133 418 2454 477 ARClIlEP.
2498 416 3031 478 CONSTANTINOP.
3651 416 3752 475 τει

494 562 672 602 meum
700 554 804 613 cst,
826 554 880 600 et
909 544 1036 599 illud
1058 552 1139 600 est
1168 542 1340 598 Patris
1370 542 1496 598 mei.
1531 540 1638 612 Ego
1659 539 1790 595 enim
1814 538 1867 592 in
1899 537 2081 605 Patre,
2191 536 2321 606 Quia
2353 553 2459 592 non
2482 536 2665 608 jussus
2693 554 2808 594 sum
2840 539 3128 593 dimittere.
3158 538 3348 596 Custos
3373 554 3487 596 sum
3521 550 3760 614 carceris,

491 649 538 692 et
567 636 724 692 Pater
750 635 804 690 in
829 653 906 690 me
931 634 1112 708 (Joan.
1148 636 1232 689 H.
1265 634 1332 690 l0
1358 631 1402 704 ).
2188 636 2276 706 qui
2307 651 2455 690 reum
2485 634 2572 690 hic
2599 635 2810 690 detineo
2835 652 2849 688 :
2879 635 2978 691 nisi
2998 635 3181 705 jussus
3210 635 3416 700 fuerim,
3447 638 3628 707 inquit.
3649 657 3752 695 non

563 730 619 784 ὅ.
647 730 820 798 Atque
849 737 906 782 ut
932 726 1114 782 videas
1135 725 1391 780 orationis
1421 738 1580 792 opera
1610 737 1716 776 non
1747 721 1908 775 fuisse
1933 734 2081 774 mor-
2188 725 2450 780 dimittam
2482 745 2495 780 :
2526 726 2786 797 siquidem
2814 728 2984 780 oratio
3011 743 3116 780 non
3147 737 3365 797 propter
3391 743 3493 794 me,
3521 729 3608 784 sed
3635 745 3757 800 pro.

494 828 642 872 ίυυῐη
689 819 974 873 emilan
996 857 1012 882 ο
1063 815 1186 870 “Udi
1236 815 1552 870 oralionem-
1598 811 1734 879 οηίά
1778 812 1920 867 enim
1965 811 2082 865 ίιῖιῖ
2187 827 2303 887 pler
2323 834 2417 872 eos
2442 819 2531 888 qui
2559 818 2778 872 aderant
2809 818 3069 883 infideles,
3095 816 3360 873 estfacta.
3391 817 3518 872 Nam
3543 836 3634 890 ego
3669 826 3754 878 nisi

499 908 705 964 Gratias
731 927 826 982 ago
857 910 962 970 tibi,
995 909 1172 973 Pater,
1216 907 1454 976 quoniam
1494 905 1678 959 audisti
1723 921 1801 958 me
1826 902 1938 976 (Id.
1992 903 2078 958 ll.
2187 909 2314 963 mihi
2347 909 2505 964 fuerit
2547 910 2862 980 imperatum
2883 951 2899 976 ,
2941 925 3094 965 reum
3125 926 3230 967 non
3259 910 3541 964 dimittam.
3575 911 3752 968 Vocem

493 1001 605 1075 41).
633 1002 770 1070 Quid
799 1001 965 1070 ergo?
994 999 1236 1053 llmccinc
1267 999 1472 1070 species
1512 1006 1593 1052 est
1619 993 1920 1050 orationis?
1967 996 2082 1050 haec
2185 1009 2470 1068 exspecto,
2515 1011 2572 1054 ut
2606 1001 2838 1055 animam
2869 1000 3154 1055 dimittam.
3205 999 3433 1070 Lazare,
3475 1004 3581 1056 ueni
3607 1007 3742 1075 foras,

490 1093 662 1149 forma
689 1089 1134 1161 supplicatioiiis‘l
1161 1087 1365 1144 Gratias
1383 1105 1480 1159 ago
1507 1087 1614 1156 tibi,
1637 1087 1874 1159 quoniam
1895 1085 2084 1139 audisti
2187 1091 2406 1144 Audivit
2434 1100 2759 1161 prmceptum
2779 1090 3108 1146 dominicum
3132 1101 3392 1160 mortuus,
3419 1101 3474 1150 et
3491 1095 3747 1154 confestim

490 1201 590 1238 me.
619 1181 729 1255 Ego
755 1193 944 1248 autem,
971 1182 1162 1252 inquit,
1194 1179 1432 1248 sciebam,
1462 1180 1580 1249 quia
1607 1194 1805 1248 semper
1833 1193 1910 1231 me
1935 1176 2082 1231 audis
2188 1181 2336 1253 leges
2365 1181 2553 1236 mortis
2579 1181 2816 1236 violavit.
2843 1181 3174 1238 Erubescant
3196 1184 3451 1250 hmretici,
3477 1194 3528 1240 et
3552 1198 3749 1256 pereant

485 1275 507 1340 ί
521 1273 598 1328 Ib.
621 1291 668 1328 v-
697 1274 814 1344 42)-
841 1273 896 1330 Si
925 1288 1054 1344 ergo
1083 1273 1209 1335 scis.
1247 1272 1468 1325 Domine
1486 1312 1502 1338 ,
1533 1285 1747 1340 semper
1775 1267 1945 1323 audiri
1973 1279 2022 1323 te
2050 1282 2082 1322 a
2185 1289 2214 1328 a
2242 1274 2375 1329 facie
2400 1284 2576 1328 terrae.
2601 1273 2743 1329 Satis
2764 1274 2905 1328 enim
2933 1289 2998 1328 ex
3026 1273 3144 1343 ipso
3165 1272 3452 1344 Scriptura:
3479 1283 3615 1331 textu
3638 1291 3750 1331 con-

489 1369 668 1432 Patre,
695 1383 793 1422 cur
819 1367 886 1422 de
913 1367 978 1420 iis
1008 1381 1126 1436 quae
1156 1365 1260 1419 scis
1287 1363 1496 1418 Patrem
1524 1359 1876 1431 interpellas?
1916 1359 2082 1429 eqli-
2185 1374 2292 1420 stat
2322 1381 2426 1420 non
2467 1364 2534 1418 ad
2584 1373 2853 1419 mortuum
2901 1363 3266 1419 suscitandum
3311 1367 3604 1420 orationem
3645 1381 3748 1420 esse

486 1458 611 1513 dem
652 1462 766 1512 scio
786 1499 801 1523 ,
832 1456 1032 1526 inquit,
1060 1457 1182 1526 quia
1222 1469 1434 1524 semper
1459 1453 1608 1508 audit
1636 1468 1720 1507 me
1747 1451 1905 1506 Pater
1933 1468 1947 1504 :
1974 1449 2082 1506 Sed
2187 1456 2408 1520 factam,
2441 1455 2536 1510 sed
2569 1463 2626 1509 ut
2652 1471 2860 1521 eorum,
2887 1454 2978 1526 qui
3007 1454 3263 1520 aderant,
3293 1454 3580 1510 intidelium
3617 1456 3746 1510 inﬁr-

489 1562 695 1623 pr0pter
724 1551 996 1622 populant,
1037 1550 1126 1621 qui
1166 1550 1486 1613 circumstat,
1528 1547 1669 1612 dixi,
1701 1555 1754 1598 ut
1780 1553 2084 1616 cognoscant
2186 1549 2354 1604 mitati
2393 1548 2786 1604 consuleretur.
2829 1547 3054 1612 Lazare,
3097 1548 3210 1602 ueni
3250 1551 3408 1618 foras.
3450 1549 3616 1612 Quare
3639 1563 3747 1603 vero

487 1659 690 1707 omnes,
718 1642 837 1712 quia
865 1650 918 1694 tu
971 1657 1050 1694 me
1104 1640 1282 1694 misisti
1330 1637 1512 1708 (Ibid.
1538 1636 1580 1708 ).
1607 1636 1743 1692 Num
1770 1636 1929 1707 igitur
1955 1650 2081 1705 pro-
2186 1648 2454 1695 mortuum
2484 1640 2793 1695 nominatim
2822 1640 3070 1694 vocavit?
3109 1641 3317 1708 Quaeris
3346 1650 3398 1694 tu
3428 1627 3627 1711 quare?
3660 1639 3745 1706 Ne,

491 1740 610 1802 pter
632 1731 940 1787 defunctum
970 1730 1186 1786 oravit?
1223 1745 1350 1786 num
1381 1729 1717 1800 supplicavit,
1751 1737 1809 1782 ut
1835 1741 2080 1797 resnrge-
2185 1732 2230 1788 si
2270 1732 2568 1786 absolutam
2603 1745 2788 1786 vocem
2819 1731 2886 1786 ad
2929 1739 3170 1786 mortuos
3209 1731 3533 1798 direxisset,
3561 1747 3744 1799 omnes,

488 1830 570 1881 ret
598 1820 874 1876 Lazarus?
901 1837 1030 1876 num
1061 1820 1215 1886 dixit,
1239 1819 1417 1884 Pater,
1445 1819 1646 1889 impera
1679 1818 1835 1872 morti
1866 1826 1924 1872 ut
1952 1817 2082 1871 obe-
2183 1823 2273 1894 qui
2298 1823 2348 1876 in
2373 1821 2635 1892 sepulcris
2655 1832 2829 1889 erant,
2857 1822 3135 1890 excitaret,
3165 1821 3366 1877 idcireo
3386 1823 3532 1889 dicit,
3555 1823 3743 1890 Lazare,

487 1916 637 1970 sliat?
679 1932 808 1976 num
847 1915 1016 1980 dixit,
1051 1916 1244 1983 Pater,
1288 1915 1489 1986 impera
1530 1915 1737 1970 inferno
1758 1957 1772 1979 ,
1803 1923 1862 1968 ut
1899 1921 2081 1982 portas
2184 1918 2293 1970 veni
2323 1918 2481 1988 foras.
2515 1915 2592 1970 Te
2619 1931 2781 1969 unum
2809 1928 2993 1970 coram
3026 1913 3129 1970 hoc
3162 1914 3359 1984 populo
3384 1914 3586 1969 interim
3609 1930 3744 1970 revo-

489 2024 597 2063 uon
614 2008 879 2077 occludat,
902 2008 997 2063 sed
1021 2017 1264 2080 prompte
1287 2018 1555 2064 mortuum
1583 2006 1806 2063 reddat?
1831 2005 1938 2062 Sed
1963 2023 2082 2076 ,που
2183 2021 2279 2074 co,
2327 2016 2384 2062 ut
2418 2007 2520 2062 hac
2546 2006 2598 2062 in
2629 2016 2780 2076 parte
2809 2005 3081 2076 specimen
3116 2007 3330 2060 virtutis
3357 2005 3641 2062 futurorum
3663 2021 3745 2060 ex-

489 2109 600 2171 pter
628 2101 872 2174 papulum
896 2099 1031 2155 hunc
1055 2101 1462 2154 circumstante»:
1492 2099 1600 2154 dixi
1617 2141 1632 2164 ,
1665 2099 1869 2170 inquit,
1910 2107 1964 2152 ut
1984 2115 2080 2152 εοε-
2185 2101 2420 2156 hibeam.
2465 2101 2578 2171 Ego
2614 2100 2756 2156 enim
2785 2101 2876 2170 qui
2918 2115 3082 2155 unum
3111 2099 3372 2168 excitavi,
3399 2109 3559 2155 totum
3585 2101 3740 2156 orbem

487 2201 728 2262 gnoscant
768 2208 971 2259 onines,
1011 2193 1128 2260 quia
1160 2202 1213 2245 tu
1243 2208 1322 2246 me
1347 2191 1546 2245 misisti.
1575 2190 1690 2245 Non
1717 2205 1842 2260 ergo
1868 2190 2078 2261 signum
2185 2203 2446 2247 terrarum
2483 2191 2750 2246 excitabo.
2779 2190 2892 2262 Ego
2920 2191 3114 2262 quippe
3140 2207 3254 2245 sum
3280 2191 3570 2245 resurrectio
3596 2200 3637 2244 et
3656 2189 3742 2242 vita

487 2289 571 2351 est
610 2281 661 2336 id
701 2281 841 2352 quod
867 2283 1068 2352 geritur
1085 2325 1100 2350 ,
1125 2281 1218 2337 sed
1243 2282 1519 2337 instructio
1539 2297 1724 2336 eorum
1745 2281 1830 2351 qui
1860 2281 2076 2335 adsunt.
2187 2281 2364 2352 (Joan.
2395 2282 2482 2336 ll.
2505 2279 2621 2350 25).
2644 2279 2856 2348 Lazare,
2875 2281 2986 2334 veni
3005 2285 3143 2353 foras
3160 2278 3266 2352 (Ib.
3293 2297 3341 2333 τι.
3362 2280 3474 2350 45).
3494 2279 3554 2334 Et
3575 2278 3743 2349 prodiit

561 2373 638 2427 οι
663 2373 894 2442 inﬁdeles
922 2373 1179 2428 adstantes
1209 2373 1369 2427 oravit
1397 2371 1650 2428 Christus.
1670 2401 1744 2413 --
1763 2371 1943 2437 Vides,
1973 2386 2080 2442 quo
2183 2382 2429 2428 mortuus
2461 2373 2653 2444 ligatus
2681 2373 2846 2444 pedes
2871 2382 2926 2428 et
2965 2386 3155 2427 manus
3183 2372 3400 2428 institis.
3429 2371 3472 2427 0
3496 2387 3599 2426 rem
3621 2371 3743 2425 inso-

489 2475 642 2534 pacto
669 2481 772 2520 non
799 2474 1015 2535 propter
1043 2474 1310 2520 mortuum
1340 2465 1529 2521 fierent
1569 2480 1788 2535 preces,
1819 2465 1915 2522 sed
1951 2481 2080 2536 pro-
2184 2469 2330 2522 litam
2357 2476 2410 2522 et
2438 2466 2776 2522 mirabilem!
2825 2465 2925 2532 Qui
2967 2481 2996 2519 a
3041 2465 3230 2520 mortis
3275 2465 3500 2520 vinculis
3537 2463 3738 2517 animant

489 2567 608 2634 pter
633 2556 876 2613 infideles
905 2558 992 2626 qui
1021 2557 1264 2624 aderant,
1298 2555 1366 2612 Ut
1393 2566 1716 2628 cognoscant,
1749 2557 1938 2626 inquit,
1961 2558 2081 2628 quia
2185 2558 2376 2625 solvit,
2409 2558 2495 2628 qui
2539 2555 2685 2612 fores
2728 2555 2918 2611 inferni
2951 2555 3242 2626 perfregit,
3276 2556 3365 2626 qui
3399 2563 3571 2626 portas
3596 2568 3738 2606 a-reas

485 2658 540 2703 tu
569 2667 650 2705 me
674 2650 873 2711 misisti.
901 2651 969 2704 Et
995 2665 1099 2719 quo
1125 2660 1282 2728 pacto
1311 2649 1422 2704 ﬁeri
1450 2649 1664 2720 poterit,
1695 2649 1838 2704 dicet
1863 2649 2078 2719 aliquis,
2186 2659 2238 2705 et
2266 2657 2442 2704 vectes
2486 2649 2693 2704 ferreos
2717 2648 3006 2712 contrivit,
3035 2657 3094 2702 et
3120 2647 3355 2700 animam
3387 2661 3415 2699 a
3445 2644 3619 2700 mortis
3643 2643 3740 2695 vin-

487 2750 545 2796 nt
587 2755 972 2813 cognoscamus
1021 2750 1073 2796 te
1118 2742 1186 2796 ab
1234 2742 1326 2795 illo
1373 2743 1594 2796 missum
1642 2741 1806 2797 esse?
1851 2741 2082 2798 Attende
2185 2742 2322 2797 culis
2347 2741 2625 2807 liberavit,
2667 2756 2773 2796 non
2801 2740 2971 2810 potuit
2999 2740 3162 2794 etiam
3205 2739 3416 2794 institas
3445 2737 3623 2792 mortui
3646 2735 3740 2789 sol-

486 2846 670 2901 quaeso
699 2832 997 2900 diligenter.
1032 2833 1190 2901 Ecce,
1224 2831 1421 2903 inquit,
1456 2833 1666 2902 propria
1695 2848 1812 2886 mea
1841 2833 2078 2887 auctori-
2188 2831 2354 2886 vere?
2381 2830 2521 2910 Sane
2549 2829 2724 2902 potuit
2749 2847 2761 2883 :
2788 2829 2882 2884 sed
2911 2828 3111 2885 Iudaeis
3134 2827 3364 2899 imperat
3391 2828 3587 2884 solvant
3615 2824 3743 2879 insti-

489 2931 597 2989 tate
641 2931 908 2978 mortuum
948 2937 1116 2978 evoco
1153 2940 1167 2977 :
1198 2938 1325 2977 ecce
1369 2923 1582 2994 propria
1625 2931 1891 2992 potestate
1919 2923 2079 2978 morti
2189 2932 2272 2978 tas
2296 2965 2310 2989 ,
2338 2937 2470 2993 quas
2497 2909 2611 2992 ipsi
2643 2922 2824 2992 prius,
2862 2920 2990 2975 dum
3019 2919 3165 2974 illum
3195 2920 3442 2990 sepulcro
3464 2909 3738 2981 canderent,

492 3017 700 3084 impero
733 3034 748 3070 :
779 3015 988 3070 Patrem
1031 3029 1162 3070 voco
1206 3023 1408 3085 patrem
1443 3032 1456 3068 :
1489 3023 1544 3069 et
1570 3013 1828 3070 Lazarum
1857 3029 2023 3071 evoco
2050 3029 2082 3069 e
2186 3015 2547 3082 strinxerant,
2587 3022 2643 3069 ut
2673 3028 2890 3068 suorum
2918 3011 3253 3067 vinculorum
3294 3011 3482 3066 indicia
3519 3021 3741 3078 recogno-

486 3093 754 3176 sepulcro.
800 3105 858 3174 Si
907 3106 1136 3176 primum
1168 3105 1296 3168 illud
1339 3121 1523 3161 verum
1567 3120 1673 3159 non
1717 3116 1834 3170 est,
1881 3121 1948 3160 ne
1981 3105 2082 3160 hoc
2186 3116 2361 3174 scant,
2390 3115 2446 3160 ut
2471 3104 2839 3176 experimento
2861 3103 3088 3170 discant,
3119 3119 3184 3159 ex
3213 3102 3284 3159 iis
3307 3117 3425 3173 quae
3450 3101 3542 3172 ipsi
3565 3098 3741 3170 praesti-

489 3195 581 3256 ﬂat
606 3196 898 3251 secundum
933 3215 947 3251 :
979 3196 1060 3250 sin
1088 3206 1266 3251 autem
1299 3211 1425 3251 vero
1449 3195 1610 3251 Pater
1634 3205 1716 3250 est
1746 3203 1914 3266 pater,
1948 3195 2082 3250 obe-
2189 3201 2369 3268 terint,
2403 3199 2664 3255 Lazarum
2687 3213 2811 3252 eum
2841 3211 2962 3252 esse
2987 3211 3147 3267 quem
3188 3196 3292 3265 ipsi
3318 3195 3556 3266 sepulcro
3581 3189 3739 3247 condi-

487 3287 596 3342 diat
639 3297 883 3342 mortuus
930 3288 996 3342 ad
1043 3303 1230 3346 eorum
1280 3287 1370 3358 qui
1415 3287 1610 3358 adsunt
1651 3288 2078 3355 instructionem.
2185 3292 2362 3354 derint
2411 3292 2451 3359 ί,
2493 3300 2547 3346 et
2589 3291 2860 3345 Christum
2903 3303 3061 3354 esse,
3118 3288 3208 3359 qui
3272 3287 3555 3344 secundum
3598 3281 3741 3338 Patris

486 3378 624 3446 Ωυίά
670 3381 810 3434 enim
875 3379 1118 3447 Christus
1184 3379 1437 3435 dicebat?
1487 3378 1718 3445 Lazare,
1770 3379 1882 3434 veni
1941 3380 2083 3450 foras
2187 3382 2579 3456 beneplacitum
2611 3383 2662 3437 in
2703 3380 2961 3436 mundum
2986 3380 3232 3445 advenit,
3279 3379 3368 3451 qui
3397 3380 3511 3432 vita:
3531 3391 3588 3431 ac
3619 3373 3741 3429 necis

487 3467 596 3540 (Ib.
619 3467 732 3542 45).
771 3469 994 3538 Quando
1022 3470 1182 3525 fiebat
1220 3469 1416 3535 oratio,
1459 3485 1567 3526 non
1596 3471 1892 3526 resurrexit
1931 3485 2080 3524 mor-
2189 3474 2350 3530 habet
2392 3481 2731 3545 potestatem.
2767 3471 2871 3542 Ipsi
2912 3470 3080 3543 gloria
3107 3478 3163 3525 et
3191 3469 3474 3540 imperium
3516 3480 3608 3520 una
3640 3476 3739 3518 eum

490 3550 613 3614 tuus
642 3579 657 3616 :
688 3561 778 3615 sed
805 3561 1020 3632 quando
1043 3562 1195 3627 dixit,
1226 3561 1440 3632 Lazare,
1469 3565 1578 3616 veni
1603 3567 1763 3633 foras,
1789 3570 1915 3616 tunc
1937 3577 2082 3615 mor—
2189 3566 2344 3621 Patre
2382 3573 2474 3620 tuo
2500 3565 2633 3626 initii
2670 3573 2888 3634 experte
2909 3603 2924 3628 ,
2968 3562 3232 3632 simulque
3264 3571 3447 3617 sancto
3474 3573 3534 3614 ac
3558 3554 3738 3612 viviﬁco

489 3662 610 3720 tuus
655 3653 963 3707 resurrexit.
1009 3652 1052 3707 0
1098 3668 1342 3722 magnam
1386 3654 1576 3707 mortis
1623 3651 1996 3723 tyrannidem!
2036 3649 2083 3706 0
2187 3658 2389 3728 Spiritu
2415 3665 2528 3725 tuo,
2553 3670 2697 3712 nunc
2723 3666 2777 3712 et
2801 3670 3035 3726 semper,
3061 3654 3192 3710 etin
3221 3653 3419 3710 saecula
3439 3649 3737 3706 saeculorum.

490 3758 734 3813 magnam
758 3743 1094 3814 tyrannidem
1117 3744 1331 3798 virtutis
1357 3743 1521 3808 illius,
1545 3759 1663 3813 qua:
1685 3744 1914 3796 animam
1939 3743 2082 3796 illam
2188 3754 2384 3813 Αωοιι,

489 3833 796 3929 detinebat!
845 3833 891 3889 Ο
930 3833 1168 3929 inferne,
1213 3834 1347 3929 facta
1379 3843 1459 3888 est
1490 3835 1661 3888 oratio
1682 3877 1696 3900 ,
1730 3845 2080 3929 etAtnortuum
2253 3870 2270 3902 ι
2305 3866 2448 3927 savii.
2475 3869 2522 3916 in
2541 3879 2694 3929 marg.
2719 3864 2865 3926 add“,
2892 3875 3043 3927 neque
3065 3859 3338 3913 rm",
3358 3853 3574 3922 umquam
3611 3851 3740 3918 Pium.

491 3943 598 3983 non
637 3925 902 3981 dimittis?
949 3917 1330 3997 Nequaquam,
1376 3927 1562 3996 inquit.
1611 3927 1724 3993 Qua
1769 3925 1836 3980 de
1880 3925 2082 3982 causa?
2189 3917 2345 3982 tasma
2369 3917 2674 3992 diuulgata."
2721 3919 2724 3924 ’

492 4051 3728 4096 ______________________._______.___——

491 4177 659 4230 QUOD
703 4176 827 4220 NON
871 4175 1103 4223 DICERE
1148 4175 1229 4218 ΕΤ
1257 4175 1342 4217 ΔΙ)
1384 4173 1562 4217 Αιιοε
1606 4173 1922 4226 BFFERBE,
1967 4170 2038 4223 QC

2190 4167 2402 4222 CIMUS,
2449 4164 2885 4218 PAUPERIQBES
2929 4161 3045 4212 N08
3077 4161 3340 4214 REDDIT,
3373 4157 3452 4202 ΕΤ
3490 4141 3736 4198 GBATIAM

571 4279 957 4324 EXSTINGUIT
1027 4280 1042 4319 ε
1105 4277 1187 4319 ΕΤ
1228 4277 1293 4320 IN
1347 4276 1609 4330 PRECES,
1656 4274 1885 4326 QUIBUS
1936 4273 2242 4318 CHRISTUS
2289 4272 2404 4315 EST
2457 4269 2632 4324 USUS,
2690 4269 2771 4312 ΕΤ
2821 4265 3343 4318 Αυοτοιιιτηειπ,
3390 4259 3508 4314 ΩυΔ
3561 4247 3730 4297 ΟΜΝΗ

569 4382 914 4436 FACIEBAT;
973 4381 1053 4422 ET
1119 4379 1180 4422 IN
1239 4377 1508 4420 VETERIS
1579 4377 1756 4419 LEGIS
1826 4375 2116 4418 EMENDA']

2188 4374 2339 4416 INBM
2407 4374 2422 4414 Ξ
2490 4371 2572 4414 ΕΤ
2637 4369 2811 4424 QUOD
2865 4365 3255 4416 INCARNATIO
3310 4344 3735 4416 περωιιτλτκιι

569 4482 768 4526 IPSIUS
814 4482 943 4525 CUM
988 4481 1193 4524 PATBE
1237 4479 1361 4522 NON
1409 4479 1662 4532 MINUIT,
1711 4478 1829 4520 SED
1873 4476 2248 4520 CONFIBMAT
2290 4474 2540 4518 PO’HUS.

1071 4765 1287 4814 uomuit
1325 4766 1539 4804 necum.
2193 4753 2274 4797 est
2297 4783 2310 4805 ,
2342 4740 2686 4796 obliviscatur
2715 4755 2729 4792 :
2761 4734 2856 4790 sed
2883 4735 2938 4788 in
2979 4729 3340 4803 spirituaiibus
3369 4724 3529 4796 pactis
3563 4718 3634 4814 ci,
3662 4710 3734 4782 ίιιιί

571 4845 621 4898 ι.
661 4840 1040 4914 Superioribus
1092 4811 1280 4895 diebus
1327 4839 1536 4895 abunde
1585 4840 1636 4893 in
1687 4838 1885 4893 celebri
1939 4845 2081 4893 centu
2191 4834 2430 4888 debitum
2458 4829 2796 4885 exsoluturus
2821 4835 2937 4891 est,
2981 4825 3263 4880 utilitatem
3307 4819 3436 4890 parit
3462 4811 3733 4914 maxim‘alti.

494 4899 784 4992 cnnciones
822 4933 1135 4999 habuimus,
1171 4932 1294 4986 dum
1324 4930 1612 5001 apostolica
1643 4931 1932 4985 certamina
1969 4938 2081 4982 tra-
2191 4927 2353 4996 siqui
2391 4923 2659 4991 accepturi
2686 4930 2844 4985 sunt,
2882 4917 3184 4974 debitorum
3211 4920 3461 5006 perpetuo
3484 4899 3734 5006 recordati:

492 5037 761 5083 ctaremus
782 5070 796 5093 ,
829 5035 884 5080 ct
912 5025 1263 5095 spiritualium
1303 4999 1447 5082 recte
1487 5027 1746 5081 factorum
1777 5022 2083 5077 narratione
2192 5025 2300 5072 tur.
2344 5015 2620 5085 Siquidem
2647 5022 2830 5068 mutua
2862 5009 3092 5081 pecunia
3127 5009 3368 5100 restituta
3410 4999 3731 5100 deserit-Filii:

493 5134 594 5182 nos
623 5119 1056 5174 oblcctaremus:
1094 5117 1202 5187 jam
1245 5133 1372 5172 vero
1417 5125 1628 5188 tempus
1669 5126 1786 5180 est,
1832 5124 1889 5169 ut
1927 5114 2040 5169 vob?

2191 5107 2282 5178 qui
2324 5105 2617 5176 persolvit,
2653 5113 2709 5158 et
2745 5101 2812 5156 ad
2839 5116 2962 5156 eum
2994 5099 3220 5164 transit,
3249 5095 3335 5165 qui
3366 5087 3572 5188 recipit,
3599 5087 3735 5180 atque

495 5210 733 5264 debitum
764 5183 1150 5278 persolvamus.
1187 5207 1396 5262 Etenim
1429 5183 1558 5261 nihil
1588 5216 1698 5274 est,
1741 5206 1887 5276 quod
1912 5207 2079 5276 impe—
2192 5199 2350 5254 unius
2394 5196 2692 5260 imminuit,
2724 5193 2946 5249 alterius
2973 5199 3132 5260 auget
3175 5186 3439 5247 facultates
3467 5197 3480 5234 :
3511 5183 3558 5232 in

500 5300 612 5354 diat
639 5316 652 5352 :
681 5259 842 5369 atq'ue
875 5300 1117 5368 equidem
1159 5299 1352 5354 oblitos
1380 5314 1500 5354 esse
1521 5314 1620 5352 vos
1643 5259 2082 5352 sciojdebitorum
2195 5291 2425 5347 tnalibus
2457 5305 2590 5345 vero
2613 5304 2722 5344 non
2748 5287 2874 5342 item
2899 5303 2915 5339 :
2945 5284 3040 5340 sed
3071 5283 3185 5338 fieri
3209 5286 3380 5351 potest
3405 5283 3458 5369 ut
3479 5282 3584 5325 rem
3608 5259 3738 5369 deli"

494 5365 776 5457 meorum,
815 5365 958 5459 quod
997 5400 1102 5443 tam
1147 5390 1299 5444 multi
1340 5390 1456 5445 dies
1501 5386 1899 5444 intercesserint
1927 5405 1940 5440 :
1975 5402 2084 5442 non
2193 5394 2302 5439 tam
2329 5395 2388 5438 et
2410 5393 2778 5453 persorvamus
2805 5387 2860 5434 et
2892 5376 3219 5432 retineamus
3249 5389 3263 5424 :
3294 5365 3730 5463 quodqttenpelim‘l‘

494 5490 671 5535 tamen
699 5452 772 5535 ea
795 5452 993 5536 idcirco
1029 5481 1247 5546 celabo,
1287 5480 1382 5536 sed
1409 5495 1470 5536 ea
1498 5479 1652 5534 vobis
1690 5493 1880 5549 magna
1919 5478 2083 5533 animi
2193 5493 2311 5533 rum
2338 5452 2440 5539 est,
2473 5484 2583 5530 tum
2611 5473 2842 5528 maxime
2868 5471 3010 5526 illam
3038 5467 3313 5530 habemus,
3353 5473 3465 5515 cum
3493 5452 3600 5507 aliis
3627 5456 3720 5514 Ρυτ·

501 5571 776 5624 alacritate
805 5571 1122 5639 pcrsolvam.
1151 5571 1206 5625 Id
1232 5587 1362 5626 vero
1397 5570 1553 5637 facio,
1587 5585 1691 5624 non
1718 5570 1916 5635 solum,
1941 5567 2084 5639 quod
2192 5569 2528 5622 solverimus.

497 5659 655 5714 bona:
686 5662 807 5717 ﬁdei
837 5663 938 5716 sim
964 5663 1202 5730 debitor,
1232 5661 1325 5718 sed
1355 5663 1514 5717 etiam
1539 5661 1682 5733 quod
1712 5661 1925 5716 utilitati
1949 5675 2086 5715 mete
2263 5657 2527 5737 Dissimile
2547 5656 2768 5711 debitum
2797 5654 3043 5725 pet-unite,
3065 5661 3115 5708 et
3143 5643 3726 5738 spiritualium-reruni:

497 5752 794 5820 consulam.
831 5751 966 5806 Nam
1005 5754 1058 5807 in
1094 5753 1459 5823 corporalibus
1484 5723 1698 5825 quidem
1723 5752 2086 5808 contractibus
2192 5749 2248 5806 Si
2272 5749 2414 5805 enim
2444 5732 2710 5803 defossam
2739 5747 2791 5800 in
2832 5754 3010 5800 mente
3035 5750 3289 5814 perpetuo
3313 5728 3618 5825 custodiant:

502 5799 794 5850 τ-τ-η---π-
1097 5799 1459 5823 νν-νν-------
1486 5799 1698 5825 υι---νπ
1727 5799 2084 5808 -ν--π-τ--π-
2192 5799 2248 5806 τ-
2899 5799 2919 5850 ί,
3037 5799 3052 5814 ·
3541 5834 3552 5848 .
3589 5812 3599 5823 ·
3641 5799 3722 5850 -li-

485 5851 559 5911 ειν
591 5841 682 5912 Qui
714 5853 954 5899 mutilum
984 5847 1242 5914 sumpsit,
1272 5846 1400 5901 utile
1425 5855 1528 5914 est,
1553 5847 1596 5900 si
1629 5845 1675 5901 is
1697 5846 1784 5915 qui
1817 5853 2084 5900 mutuatus
2199 5842 2290 5897 ulli
2312 5855 2722 5906 conumuncem,
2755 5847 3010 5894 nnnuitur
3037 5835 3162 5891 mihi
3193 5835 3411 5893 lucrum,
3437 5812 3620 5876 decedi!
3640 5819 3661 5854 ιι
