3918 6368
133 314 223 381 735'
898 313 988 369 DE
1023 311 1291 370 CHRISTI
1329 308 1680 378 racemus,

1814 311 2001 368 NTRA
2039 314 2415 373 ΑΝοΜοΕοε.
2457 316 2522 372 Χ.
3253 312 3360 370 786

130 435 235 509 quid
266 434 330 490 de
357 428 689 487 facultatibus
720 445 734 482 :
765 427 847 484 sia
884 437 1063 482 autem
1100 425 1167 482 ad
1210 434 1401 481 omnes
1428 423 1668 490 efferant,
1778 439 1939 495 quam
1966 428 2167 483 auxilio
2206 430 2488 501 indigeret.
2532 432 2701 490 Porro
2740 436 2903 493 multa
2945 437 3079 495 facta
3108 443 3267 498 etiam
3294 446 3369 501 ab

130 528 395 596 multosque
430 527 708 578 consortes
735 533 800 574 ac
834 517 1117 589 participes
1147 516 1356 582 faciam,
1388 513 1518 571 mihi
1539 514 1676 571 divi—
1781 532 1849 573 eo
1878 518 2063 578 fuisse.
2086 529 2147 575 ut
2171 521 2523 580 bumiiitatem
2553 525 2673 580 illos
2692 527 2933 595 doceret,
2954 531 3074 586 audi
3104 544 3223 604 quae
3241 549 3369 605 pro-

135 624 202 678 tite
225 615 514 690 spiritales
554 621 833 685 augentur.
878 613 1054 682 Atque
1096 610 1210 665 haec
1247 610 1317 664 ita
1357 624 1417 664 se
1450 605 1671 669 habere,
1779 608 1926 664 bent.
1955 611 2161 681 Aquam
2190 614 2335 669 misit
2364 615 2416 670 in
2445 616 2663 685 peivim,
2692 625 2747 673 et
2771 622 2922 689 quasi
2950 621 3050 678 hoc
3078 636 3184 680 non
3210 625 3367 682 sufﬂ-

130 723 328 780 ewque
349 707 435 777 qui
460 705 668 761 ueteris
693 701 1078 767 communicat,
1116 700 1417 770 depositum
1439 712 1671 769 augere;
1779 707 1926 755 ceret
1942 741 1959 767 ,
2003 700 2178 757 adhuc
2201 711 2256 758 et
2283 704 2450 760 linteo
2477 721 2539 761 se
2564 710 2860 778 praecinxit,
2891 711 2959 767 ad
2987 724 3280 772 extremam
3305 731 3371 773 se

128 804 200 875 qui
216 815 332 856 vero
354 795 650 860 abscondit,
676 802 943 867 maestum
966 808 1182 848 ornnem
1206 792 1549 857 imminuere,
1590 797 1674 844 ιν-
1781 789 2040 860 dejiciens
2067 793 2345 861 vilitatem,
2369 810 2433 851 ac
2453 796 2833 869 discipulorum
2865 803 3027 874 pedes
3054 806 3233 863 lavare
3256 822 3369 865 cm-

128 898 354 950 .ttsssuut
379 887 476 953 illi,
499 886 689 959 mribus
719 884 932 943 fuerant
958 885 1154 940 talenta
1179 883 1487 948 commissa,
1520 883 1563 936 is
1589 881 1673 936 cui
1782 880 1990 950 pit,‘et
2032 898 2155 939 cum
2199 885 2473 957 discipulis
2513 890 2672 945 etiam
2713 893 3000 961 proditoris
3037 898 3202 968 pedes
3240 899 3372 955 lavit

128 984 352 1055 quinque,
380 980 427 1035 is
451 980 536 1035 cui
559 977 687 1045 duo,
719 988 773 1033 et
801 977 847 1032 is
869 977 956 1033 cui
986 991 1173 1031 unum.
1203 973 1310 1030 Alii
1334 973 1476 1029 enim
1504 972 1677 1042 dupli.
1783 972 1979 1042 (Joan.
2004 976 2090 1031 l3.
2118 977 2167 1031 4.
2191 976 2281 1049 5).
2313 979 2442 1046 Quis
2482 998 2589 1038 non
2631 984 2970 1057 Obstupescat
3005 999 3060 1045 et
3101 995 3326 1050 miretur
3348 996 3376 1050 3

127 1085 225 1133 cata
249 1073 601 1146 proferebant,
626 1087 745 1143 quae
772 1071 875 1127 sibi
904 1070 1107 1127 credita
1139 1068 1368 1135 fuerant,
1398 1080 1452 1125 et
1478 1069 1678 1124 idcirco
1784 1065 1934 1135 Ejus,
1963 1070 2050 1140 qui
2078 1071 2389 1140 proditurus
2413 1073 2560 1130 illum
2589 1090 2736 1143 erat,
2778 1081 2939 1151 pedes
2970 1084 3109 1139 lavat
3129 1127 3146 1153 ,
3186 1095 3241 1144 et
3269 1088 3370 1144 Pe.

129 1168 390 1226 honoribus
413 1165 789 1221 efﬁciebantur
817 1162 1030 1237 (blattis.
1055 1163 1146 1219 25.
1171 1161 1261 1235 i5)
1294 1179 1309 1217 :
1339 1163 1476 1217 alius
1500 1168 1676 1217 autem
1785 1166 1963 1225 trum,
2005 1163 2094 1229 qni
2138 1166 2416 1221 recusabat
2444 1183 2509 1222 ac
2548 1169 2757 1225 dicebat
2778 1214 2791 1234 ,
2822 1172 3070 1241 Domine,
3102 1192 3206 1232 non
3244 1181 3370 1235 mihi

129 1260 240 1330 apud
272 1274 335 1315 se
367 1258 617 1323 servavit,
657 1256 878 1313 nec'ulli
907 1254 1345 1321 comunicavit,
1375 1268 1549 1325 neque
1576 1253 1678 1308 du-
1783 1249 1973 1306 Iuvabit
2010 1255 2165 1323 pedes
2214 1254 2328 1325 (Ib.
2370 1268 2418 1311 ν.
2445 1260 2500 1314 6.
2523 1261 2578 1315 8.
2600 1260 2679 1334 9),
2731 1276 2837 1317 non
2891 1267 3120 1334 omittit,
3158 1270 3253 1325 sed
3292 1274 3369 1326 ait

128 1352 247 1421 plina
273 1349 494 1406 reddere
519 1347 712 1414 valuit,
739 1356 901 1418 atque
927 1345 1127 1402 idcirco
1165 1345 1384 1416 punitus
1418 1356 1517 1400 est.
1554 1344 1682 1399 Haec
1785 1343 1859 1398 illi
1891 1361 1904 1398 :
1935 1344 1997 1401 Si
2033 1358 2134 1402 non
2163 1350 2330 1405 lavem
2359 1353 2512 1423 pedes
2540 1362 2654 1411 tuos
2672 1397 2689 1424 ,
2718 1374 2817 1412 non
2848 1360 2996 1415 habes
3035 1372 3229 1431 partem
3256 1381 3366 1419 me—

130 1444 262 1514 igitur
285 1442 560 1498 audientes
588 1455 798 1508 omnes,
828 1449 882 1496 et
911 1437 1053 1511 quod
1082 1438 1208 1494 inde
1233 1438 1552 1509 supplicium
1580 1437 1683 1492 im-
1782 1453 1899 1491 eum
1923 1453 1944 1493 :
1975 1446 2088 1494 tum
2115 1441 2232 1507 ille,
2260 1441 2491 1511 Domine,
2504 1464 2605 1503 non
2644 1458 2840 1504 tantum
2870 1453 3042 1523 pedes,
3071 1455 3160 1509 sed
3185 1466 3230 1510 et
3254 1470 3368 1511 nta-

130 1535 270 1590 minet
309 1533 737 1598 reformidantes,
788 1531 929 1603 quod
959 1544 1126 1602 penes
1152 1546 1253 1587 nos
1281 1530 1443 1586 fuerit
1482 1529 1680 1585 bonum
1784 1542 1880 1583 nus
1903 1540 1951 1585 et
1976 1541 2148 1601 caput.
2190 1532 2352 1591 Vides
2394 1537 2445 1592 in
2485 1537 2570 1594 his
2605 1540 2815 1597 duobus
2841 1543 3087 1615 discipuli
3117 1563 3370 1605 reveren-

132 1630 173 1683 in
198 1627 375 1682 fratres
401 1624 771 1690 conferamus,
814 1633 871 1678 et
905 1623 960 1679 in
1001 1622 1237 1678 medium
1276 1621 1526 1677 omnibus
1552 1635 1682 1691 per-
1787 1619 1934 1687 tiam,
1980 1629 2036 1678 et
2077 1624 2131 1679 in
2168 1628 2503 1684 recusatione
2541 1640 2596 1686 et
2638 1632 2690 1687 in
2719 1636 2994 1692 assensu?
3036 1637 3184 1695 Licet
3224 1641 3368 1699 enim

130 1720 383 1786 solvamus,
405 1731 583 1788 neque
604 1714 981 1773 recondamus.
1004 1714 1137 1770 Cum
1163 1716 1311 1770 enim
1332 1726 1453 1769 cum
1474 1712 1685 1769 eteteris
1784 1713 2052 1767 contraria
2070 1715 2176 1770 sint
2196 1717 2375 1780 verba,
2401 1729 2636 1777 attamen
2657 1738 2766 1793 pra:
2790 1726 2955 1782 nimio
2974 1726 3186 1786 fervore
3204 1731 3373 1791 animi

131 1810 584 1875 communicumus,
626 1817 743 1865 tum
782 1807 1013 1879 amplius
1041 1807 1141 1878 ipsi
1174 1806 1489 1863 ditescimus
1515 1823 1529 1860 :
1560 1820 1683 1862 cum
1786 1811 2069 1873 utrumque
2110 1807 2372 1876 prolatum
2405 1812 2503 1866 est.
2541 1810 2703 1869 Vides
2742 1824 2798 1870 ut
2841 1817 3037 1889 ubique
3079 1818 3286 1877 fervens
3316 1834 3372 1878 et

134 1905 385 1976 participes
405 1902 541 1959 lucri
564 1903 760 1958 multos
783 1899 1029 1969 facimus,
1047 1908 1157 1955 tum
1181 1900 1457 1956 facultates
1476 1907 1686 1955 nostras
1786 1894 2014 1967 diligens
2038 1909 2182 1954 esset
2199 1900 2226 1955 τ
2253 1901 2467 1968 Verum,
2493 1913 2551 1958 ut
2575 1905 2755 1962 dicere
2798 1920 3135 1980 neceperam,
3163 1929 3231 1969 ne
3250 1928 3374 1985 pro-

133 2010 370 2068 augemus.
399 1995 561 2066 Atqui
605 1993 773 2050 minui
800 1993 1023 2064 gloriam
1064 2001 1209 2047 tuam
1236 1989 1532 2057 arbitraris,
1560 2004 1682 2045 cum
1789 1996 1907 2056 pter
1948 1989 2024 2043 rei
2054 1989 2343 2060 vilitatem,
2386 1994 2479 2050 tibi
2521 1996 2575 2051 in
2614 1999 2973 2067 suspicionem
2998 2003 3215 2060 vilitatis
3257 2005 3375 2077 ejus

135 2096 180 2141 tu
214 2102 271 2143 ea
314 2085 450 2141 nosti
493 2098 618 2140 eum
662 2083 869 2148 multis,
909 2094 1031 2154 quae
1073 2082 1221 2138 solus
1249 2092 1475 2136 noveras
1515 2096 1528 2134 :
1574 2079 1685 2135 imo
1791 2091 1980 2136 natura
2018 2082 2253 2151 veniret,
2301 2095 2580 2155 postquam
2624 2104 2811 2145 eorum
2852 2092 2979 2148 lavit
3020 2096 3221 2166 prdcs,
3250 2099 3375 2155 audi

134 2192 241 2233 vero
274 2185 380 2233 tum
416 2185 647 2247 augetur
671 2173 841 2243 gloria
863 2217 879 2242 ,
907 2182 962 2229 et
996 2172 1198 2229 utilitas
1225 2183 1309 2227 tua
1329 2211 1347 2240 ,
1386 2186 1508 2227 cum
1547 2170 1685 2225 invi-
1789 2170 1911 2239 quid
1941 2172 2020 2226 eis
2047 2173 2268 2231 dixerit.
2300 2176 2455 2232 Scitis
2481 2180 2604 2251 quid
2630 2184 2833 2251 fecerim
2859 2184 3037 2240 vobis?
3070 2183 3168 2242 Vos
3185 2190 3376 2244 uocatis

134 2270 250 2325 diam
268 2269 560 2340 ρι-οουιαιε,
595 2282 719 2324 σιω
744 2267 969 2323 livorem
992 2266 1305 2337 exsanguis,
1336 2281 1459 2321 cum
1486 2265 1689 2321 amoris
1790 2278 1898 2329 me,
1930 2262 2147 2318 Domine
2168 2282 2229 2320 ac
2255 2267 2501 2339 Magister
2518 2311 2535 2337 ,
2562 2280 2609 2325 et
2639 2272 2760 2327 bene
2786 2274 2952 2328 dicitis
2977 2292 3000 2330 :
3027 2288 3139 2330 sum
3168 2285 3376 2334 etenim.

134 2359 175 2415 iu
199 2360 370 2416 fratres
397 2359 674 2431 egregium
700 2359 969 2429 specimen
1015 2356 1151 2413 edis.
1180 2356 1333 2427 Quod
1361 2356 1409 2412 si
1450 2356 1596 2413 solus
1632 2355 1686 2411 id
1791 2354 1853 2409 Si
1890 2370 2011 2427 ergo
2049 2372 2141 2428 ego
2182 2358 2283 2412 lavi
2322 2360 2472 2429 pedes
2505 2372 2692 2417 vestros
2730 2362 2981 2421 Dominus
3019 2383 3080 2421 ac
3109 2367 3379 2439 Magister,

133 2450 280 2506 sciens
302 2449 634 2516 obambules,
662 2448 906 2505 homines
926 2448 1141 2520 quidem
1170 2455 1224 2503 te
1250 2456 1520 2518 tamquam
1553 2446 1689 2501 invi-
1792 2445 1865 2499 ita
1891 2456 1937 2500 et
1964 2462 2050 2503 vos
2075 2449 2255 2505 debitis
2281 2451 2417 2507 vobis
2442 2454 2651 2508 invicem
2689 2460 2876 2527 facere.
2911 2457 3216 2530 Exemplum
3244 2465 3383 2519 enim

133 2540 235 2596 dum
256 2551 306 2597 et
328 2541 553 2597 fratrum
580 2555 795 2597 osorem
828 2541 1216 2597 aversabuntur
1233 2581 1249 2607 ,
1276 2548 1331 2596 et
1363 2540 1488 2595 odio
1518 2538 1680 2595 habe-

1855 2538 1908 2592 di
1931 2540 2096 2606 vobis,
2126 2551 2183 2594 ut
2219 2544 2643 2611 quemadmodum
2670 2562 2762 2617 ego
2791 2548 2892 2620 feci
2913 2551 3051 2606 vobis
3070 2591 3086 2619 ,
3115 2551 3187 2608 ita
3215 2563 3265 2610 et
3290 2564 3402 2610 vos“

134 2632 279 2686 hist:
311 2632 447 2688 Deus
481 2640 664 2688 autem
703 2640 953 2704 tanquam
1001 2631 1071 2687 ab
1106 2631 1351 2702 improbo
1387 2639 1684 2687 extremum
1789 2630 1998 2684 inuicem
2028 2632 2223 2700 faciatis
2253 2630 2360 2703 (Ib.
2388 2652 2436 2691 υ.
2461 2635 2676 2708 1245).

133 2726 413 2796 supplicium
438 2726 642 2797 eriget.
666 2724 869 2781 Prmter
893 2724 1010 2780 haec
1034 2731 1213 2780 autem
1244 2725 1357 2794 ipsa
1385 2725 1547 2779 etiam
1565 2739 1688 2795 grao
1867 2721 1934 2776 Ut
1982 2724 2140 2778 bonus
2180 2726 2420 2796 magister
2462 2724 2675 2782 balbutit
2719 2728 2974 2785 nobiseum
3017 2731 3268 2791 Christus.
3307 2766 3382 2780 -ι
3458 2779 3473 2789 ς

136 2816 477 2875 tiaconfestjm
505 2817 712 2873 nudum
741 2812 1188 2888 tederelinquens
1211 2815 1446 2887 aufugict
1478 2833 1492 2871 :
1519 2832 1691 2887 quan-
1797 2812 1954 2868 Vides
1983 2813 2050 2868 ab
2077 2828 2144 2869 eo
2180 2816 2341 2870 multa
2383 2831 2502 2873 esse
2546 2818 2680 2876 facta
2701 2861 2715 2885 ,
2761 2831 2821 2876 ut
2858 2827 3159 2893 exemplum
3205 2828 3381 2886 daret.

133 2908 379 2979 Humidum
422 2910 758 2966 frumentum
803 2923 1016 2980 quoque
1043 2908 1091 2963 si
1119 2922 1337 2979 semper
1376 2909 1429 2963 in
1478 2907 1691 2964 horreis
1791 2903 1923 2959 Nam
1953 2908 2401 2976 quemadmodum
2433 2912 2689 2981 sapientia
2723 2916 2884 2970 multa
2914 2918 3165 2984 praeditus
3209 2923 3380 2992 magi-

134 3000 189 3055 tit
223 3002 541 3058 reconditum
566 3039 589 3069 ς
615 3000 978 3064 consumitur,
1009 3015 1131 3056 clm
1159 3015 1189 3054 a
1221 3000 1360 3055 tinea
1386 3000 1644 3054 caedatur
1670 3015 1686 3053 :
1791 3004 1903 3051 stur
1925 3012 2046 3051 cum
2077 2998 2493 3056 balbutientibus
2521 3004 2759 3071 puerulis
2790 3005 3040 3073 balbutit,
3066 3025 3239 3080 neque
3267 3012 3380 3066 bal-

134 3092 171 3145 si
193 3104 306 3148 vero
330 3095 594 3164 prolatum
622 3092 768 3148 foras
795 3092 846 3147 in
876 3106 1002 3146 arva
1025 3098 1333 3163 spargatur,
1367 3090 1687 3162 multiplica-
1791 3088 1967 3144 huties
1997 3090 2234 3160 magistri
2283 3092 2544 3147 inscitiam
2590 3095 2784 3150 indicat
2808 3137 2826 3164 ,
2871 3099 2965 3153 sed
3013 3113 3269 3170 quantum
3311 3102 3387 3159 de

136 3193 202 3239 tur
238 3198 546 3257 rursumque
591 3193 882 3240 renovatur
914 3201 929 3239 :
965 3183 1037 3239 ita
1077 3198 1256 3238 sermo
1284 3196 1494 3252 quoque
1529 3181 1691 3251 spiri-
1792 3180 2029 3249 puerulis
2053 3182 2121 3235 sit
2155 3182 2450 3247 sollicitus;
2493 3185 2572 3240 sic
2602 3185 2849 3241 nimirum
2877 3198 2931 3243 et
2968 3189 3243 3257 Christus,
3272 3207 3386 3248 non

135 3277 293 3346 tualis,
329 3279 374 3333 si
419 3291 642 3348 seraper
684 3279 827 3332 intus
873 3274 1253 3341 concludatur,
1297 3274 1422 3327 dum
1467 3271 1688 3341 invidia,
1792 3271 1862 3326 ob
1885 3284 1998 3326 sum
2027 3280 2230 3326 natura:
2257 3273 2513 3328 vilitatem
2544 3274 2662 3331 hzrc
2687 3277 2897 3346 agebat,
2941 3280 3037 3335 sed
3073 3283 3143 3337 ob
3176 3283 3383 3337 conde-

136 3374 343 3437 torpere,
374 3384 436 3425 ac
470 3369 599 3425 tabe
624 3367 985 3442 corrumpitur
1002 3407 1018 3432 ,
1046 3374 1101 3420 et
1128 3364 1462 3419 consumitur
1488 3363 1687 3430 anima,
1792 3361 2152 3419 scansionem.
2170 3366 2341 3433 Atque
2363 3365 2477 3421 huic
2497 3383 2601 3421 non
2621 3377 2823 3424 temere
2841 3379 2966 3425 sunt
2986 3373 3384 3442 praetereunda.

134 3457 221 3511 cito
236 3459 585 3530 exstinguitur
609 3475 624 3512 :
648 3458 729 3514 sin
750 3439 929 3513 autem
950 3464 1218 3526 tulitquam
1240 3455 1293 3510 in
1316 3470 1501 3510 arvum
1520 3454 1695 3511 fertile
1792 3451 1925 3509 Nam
1953 3463 2007 3509 et
2033 3454 2137 3510 hoc
2160 3455 2333 3525 ipsum
2355 3497 2369 3518 ,
2398 3456 2442 3510 si
2470 3472 2714 3513 seorsum
2738 3460 2808 3516 ab
2835 3460 2954 3517 aliis
2978 3439 3009 3516 a
3033 3464 3188 3520 nobis
3213 3478 3379 3521 escu-

133 3545 177 3601 ia
195 3550 382 3606 animas
408 3550 642 3608 fratrum
668 3546 1026 3621 dispergatur,
1068 3550 1137 3604 ita
1168 3549 1227 3604 ﬁt
1253 3557 1311 3604 ut
1337 3557 1393 3605 et
1417 3549 1483 3604 iis
1507 3564 1539 3604 a
1567 3548 1691 3619 qui-
1796 3545 1979 3613 tiatur,
2005 3545 2126 3602 vide
2150 3556 2347 3618 quanta
2373 3548 2676 3603 absurditas
2704 3549 2828 3607 hinc
2850 3562 3120 3623 sequatur.
3150 3555 3207 3610 Si
3235 3556 3386 3612 enim

134 3635 213 3694 bss
236 3641 509 3713 suscipitur
538 3651 597 3699 et
619 3640 683 3697 iis
711 3656 742 3696 a
770 3640 964 3711 quibus
992 3639 1299 3711 possidetur
1315 3639 1695 3710 multiplicetur
1796 3636 1843 3691 is
1869 3638 1960 3708 qui
1990 3637 2148 3704 lavat,
2179 3653 2246 3694 eo
2273 3640 2362 3709 qui
2404 3640 2607 3694 lavatur
2635 3642 2794 3697 vilior
2832 3651 2889 3698 et
2929 3644 3147 3700 inferior
3169 3646 3385 3703 videtur

137 3727 403 3788 thesaurus.
443 3733 514 3789 Et
540 3731 992 3803 quemadmodum
1024 3730 1144 3787 fons
1163 3772 1178 3797 ,
1210 3746 1278 3786 es
1304 3744 1413 3802 quo
1439 3729 1697 3803 frequen-
1794 3740 1915 3784 esse
1943 3726 2216 3799 (ceterum
2243 3731 2331 3800 qui
2363 3730 2504 3785 lavat
2526 3730 2771 3788 Christus
2790 3743 2893 3800 est,
2919 3743 2979 3790 et
3002 3736 3268 3809 discipuli,
3289 3741 3385 3810 qui

138 3829 202 3875 ter
226 3821 475 3891 hauritur,
507 3824 694 3896 purior
723 3823 800 3890 iit,
832 3832 886 3879 et
911 3824 1178 3894 copiosius
1202 3824 1442 3890 scaturit,
1473 3823 1693 3880 obtura.
1798 3817 2109 3890 lavantur),
2138 3835 2268 3891 ergo
2303 3821 2524 3877 inferior
2562 3822 2838 3891 discipulis
2873 3827 2975 3881 crit
3011 3827 3297 3885 Christus:
3326 3840 3387 3885 at

137 3919 205 3965 ius
220 3928 337 3970 vero
357 3915 679 3983 destituitur,
702 3916 781 3971 sic
809 3927 863 3971 et
885 3916 1082 3971 donum
1112 3914 1410 3986 spiritale,
1434 3931 1500 3971 ac
1517 3930 1697 3971 sermo
1798 3908 1901 3965 hoc
1941 3911 2145 3978 nullus,
2188 3928 2256 3967 ne
2292 3913 2338 3968 si
2384 3912 2609 3968 insaniat
2650 3915 2903 3984 quidem,
2936 3916 3152 3973 dixerit.
3200 3919 3388 3987 Vides,

136 4002 380 4075 ιιοαιιῑηω,
411 4008 460 4063 si
487 4008 802 4077 frequenter
828 4006 1123 4074 hauriatur,
1146 4016 1202 4063 et
1228 4006 1551 4063 hauriendus
1579 4009 1698 4078 qui-
1797 4011 2052 4072 quantum
2079 4002 2153 4059 sit
2178 4003 2378 4057 malum
2403 4018 2592 4059 causa
2610 4044 2627 4071 ,
2666 4004 2739 4060 ob
2761 4020 2893 4073 quas
2928 4008 3107 4063 omnia
3140 4007 3389 4065 Christus

139 4094 290 4155 limis
326 4108 626 4172 (προφω,-
642 4140 663 4168 ,
704 4100 922 4155 ubertas
963 4107 1148 4156 πωπω
1192 4117 1208 4155 ε
1247 4099 1447 4155 invidia
1476 4115 1605 4155 vero
1641 4107 1700 4156 et
1797 4093 2006 4164 agebat,
2040 4093 2329 4163 ignorare?
2357 4093 2449 4149 Vel
2480 4095 2686 4164 potius,
2716 4095 2883 4163 vides,
2915 4108 3171 4168 quantum
3195 4102 3264 4155 sit
3289 4101 3387 4156 bo-

137 4184 275 4245 lirore
300 4202 620 4261 suppressus
656 4189 951 4258 minuitur,
982 4204 1047 4244 ac
1076 4189 1290 4244 tandem
1318 4190 1694 4260 exstinguitur.
1798 4199 1925 4238 num
1956 4185 2133 4238 omnia
2179 4185 2460 4256 diligenter
2496 4198 2747 4242 excutere
2765 4228 2787 4254 ,
2814 4204 2986 4258 neque
3010 4193 3198 4261 quovis
3224 4194 3391 4248 modo

136 4275 332 4344 Quando
365 4283 526 4354 igitur
566 4290 713 4338 tanta
757 4282 912 4337 nobis
954 4281 1078 4336 inde
1116 4282 1315 4336 utilitas
1352 4281 1557 4347 oritur,
1599 4296 1699 4352 age
1798 4276 1994 4348 aliquid
2023 4277 2091 4332 ab
2115 4294 2179 4333 eo
2204 4278 2403 4334 dictum
2434 4294 2554 4336 esse
2575 4281 2657 4336 vel
2685 4280 2906 4349 factum,
2934 4285 3027 4340 sed
3048 4287 3206 4341 etiam
3232 4287 3389 4358 mlius

136 4370 255 4436 quod
273 4371 323 4429 in
348 4383 532 4431 nostra
556 4381 821 4445 potestate
843 4375 1007 4429 situm
1028 4372 1211 4439 fuerit,
1233 4374 1290 4428 in
1306 4374 1546 4430 medium
1564 4373 1694 4429 οπθ.
1800 4368 1877 4422 rei
1915 4369 2083 4438 gratia
2101 4410 2117 4437 ,
2164 4378 2214 4423 ct
2246 4378 2463 4440 propter
2489 4371 2613 4442 quid
2633 4412 2649 4438 ,
2681 4373 2969 4445 adjungere
2989 4376 3015 4430 ἲ
3051 4376 3233 4448 Neque
3260 4394 3393 4434 vero

139 4474 309 4530 lamus,
337 4475 614 4538 totumque
637 4467 789 4521 vobis
814 4466 1050 4522 debitum
1078 4466 1437 4531 exsolvamus,
1469 4467 1514 4522 si
1550 4468 1686 4538 prius

1841 4469 2005 4515 tntum
2034 4461 2137 4517 hoc
2164 4461 2282 4517 loco
2311 4462 2360 4517 id
2387 4461 2535 4531 fecit,
2561 4464 2657 4519 sed
2683 4476 2733 4523 et
2767 4467 2892 4522 alibi
2926 4467 3028 4524 hoc
3058 4470 3229 4539 ipsum
3254 4472 3388 4528 sub-

140 4560 279 4610 latum
319 4558 618 4615 debitorum
664 4559 887 4614 istorum
930 4558 1181 4615 ordinem
1210 4558 1358 4614 vobis
1397 4558 1453 4615 in
1497 4574 1700 4614 memo-
1802 4553 2075 4610 indicavit.
2111 4553 2245 4609 Cum
2271 4556 2417 4611 enim
2441 4557 2683 4621 dixisset,
2714 4558 2842 4626 Quis
2867 4561 3033 4630 major
3055 4571 3163 4627 est,
3189 4564 3275 4635 qui
3303 4580 3391 4618 re-
3468 4606 3479 4614 .

142 4643 250 4700 riam
273 4650 723 4706 revocaverimus.
980 4716 993 4725 ί
1801 4645 2009 4711 cumbit,
2035 4662 2103 4701 an
2122 4648 2208 4719 qui
2232 4647 2483 4702 ministrat
2498 4648 2527 4703 f
2550 4647 2766 4718 adjecit,
2795 4650 2849 4704 Ν
2852 4667 2983 4707 anne
2999 4654 3086 4725 qui
3110 4656 3397 4711 νει-ωηιξη

198 4734 245 4790 Ξ.
282 4739 437 4796 Scitis
463 4756 596 4813 ergo
631 4756 693 4796 ac
721 4716 1063 4808 meminisiis,
1096 4758 1266 4814 nuper
1294 4757 1391 4795 nos
1418 4740 1491 4797 de
1515 4741 1697 4812 nnige-
1805 4735 1918 4807 Ego
1953 4749 2122 4792 autem
2149 4738 2204 4792 in
2233 4739 2398 4793 medio
2431 4748 2650 4794 vestrum
2668 4757 2818 4804 sum,
2858 4745 2989 4798 sicut
3025 4747 3113 4815 qui
3138 4747 3394 4802 ministrat

142 4826 221 4881 niti
244 4830 401 4899 gloria
433 4833 763 4889 disserentes
799 4832 982 4903 plures
1006 4832 1477 4887 condescensionis
1507 4831 1557 4886 in
1588 4846 1679 4887 ver
1809 4828 1959 4901 (Luc.
1980 4829 2070 4886 22.
2093 4829 2161 4885 37
2179 4829 2220 4902 ).
2265 4831 2376 4886 Hoc
2403 4846 2531 4886 vero
2568 4833 2731 4888 etiam
2774 4835 2944 4903 dixit,
2981 4845 3038 4892 et
3074 4838 3198 4893 iliud
3241 4838 3393 4909 fecit,

142 4916 211 4974 bis
234 4935 413 4979 causas
441 4940 788 4982 enumerasse
824 4940 932 4981 :ac
974 4925 1175 4981 dixisse
1213 4940 1312 4980 nos
1351 4942 1461 4981 non
1501 4934 1702 4981 tantum
1806 4921 2097 4979 ostendens
2147 4921 2330 4976 multis
2380 4922 2433 4978 in
2487 4922 2617 4979 locis
2666 4938 2725 4978 se
2774 4925 2985 4980 mitiora
3032 4928 3272 4998 arripere
3324 4932 3394 4985 ad

144 5009 200 5064 ob
222 5016 389 5072 carnis
413 5018 693 5085 amictum,
723 5013 895 5088 neque
925 5027 1139 5087 propter
1168 5018 1526 5074 infirmitatem
1554 5017 1705 5073 audi-
1807 5011 2078 5068 doceudos
2109 5012 2396 5082 diseipllitis
2415 5056 2430 5080 ,
2475 5023 2529 5069 et
2566 5014 2724 5069 simul
2768 5025 2824 5070 ut
2863 5032 2957 5072 eos
2982 5018 3048 5073 ad
3076 5019 3397 5075 modestiam

147 5108 298 5161 lorum
323 5116 525 5163 tantum
545 5124 689 5177 saepe
708 5108 976 5164 Christum
1010 5109 1281 5164 humiliter
1306 5109 1468 5180 loqui,
1496 5124 1706 5165 verum-
1809 5102 2114 5160 sectandam
2148 5103 2384 5159 inducat.
2416 5107 2593 5176 Atque
2625 5105 2740 5162 haec
2774 5107 2923 5162 ilium
2953 5110 3130 5164 omnia
3165 5111 3396 5167 tolerare

148 5191 285 5247 etiam
313 5197 494 5253 multis
531 5198 585 5252 in
632 5198 799 5266 locis,
829 5197 971 5269 quod
1014 5208 1067 5253 et
1110 5198 1457 5254 butullitatem
1498 5199 1695 5255 doceat.

1850 5191 2152 5249 ianifestum
2180 5202 2283 5259 est,
2312 5211 2416 5248 nou
2446 5196 2587 5266 quod
2619 5194 2886 5251 inferioris
2910 5198 2978 5252 sit
3017 5208 3255 5264 natum,
3298 5201 3397 5256 sed

148 5280 299 5354 Atque
322 5287 437 5343 illas
465 5287 679 5360 quidem
707 5303 899 5344 causas
942 5289 1071 5344 satis
1117 5297 1226 5343 tum
1273 5289 1577 5360 persequuti
1615 5307 1706 5345 sn-
1812 5293 1873 5340 ut
1890 5298 1984 5339 eos
2003 5284 2247 5340 erudiat:
2271 5284 2530 5356 siquidem
2549 5287 2681 5341 alibi
2701 5302 2921 5359 quoque
2938 5289 3064 5344 dicit
3088 5310 3103 5347 :
3127 5289 3397 5363 Principes

150 5385 269 5438 tuus,
296 5385 349 5432 et
375 5378 537 5442 illius,
565 5395 723 5449 quam
750 5396 846 5449 pro
876 5380 1077 5434 Lazaro
1097 5421 1112 5445 ,
1141 5388 1195 5433 ct
1218 5379 1439 5435 aiterius
1467 5396 1625 5449 quam
1657 5381 1708 5435 in
1811 5378 2031 5448 gentium
2059 5375 2384 5431 dominantur
2420 5393 2629 5444 eurum,
2669 5379 2811 5448 apud
2838 5396 2922 5435 vos
2948 5391 3118 5436 autem
3152 5399 3254 5438 non
3281 5384 3353 5438 ita
3378 5400 3399 5439 :

151 5460 246 5530 ipsa
280 5483 434 5525 cruce
463 5471 688 5536 obtulit,
718 5470 977 5526 orationis
1014 5472 1324 5525 memoriam
1355 5471 1706 5537 refricuinms,
1814 5469 1903 5522 sed
1925 5468 2013 5538 qui
2041 5468 2143 5521 vult
2168 5468 2303 5521 inter
2326 5484 2413 5522 vos
2439 5485 2544 5523 esse
2568 5473 2762 5537 primus
2781 5512 2795 5534 ,
2826 5472 2891 5525 sit
2921 5474 3144 5526 omnium
3177 5475 3404 5531 minister

152 5562 196 5604 et
215 5559 552 5628 ostendimus,
586 5560 723 5617 banc
749 5562 963 5632 quidem
993 5560 1110 5615 ideo
1142 5561 1307 5616 fusam
1339 5576 1478 5632 esse,
1520 5573 1575 5617 ut
1598 5562 1710 5618 dis-
1819 5560 2032 5634 (Matth.
2060 5561 2150 5616 20.
2174 5561 2263 5616 25.
2285 5561 2377 5615 26.
2401 5560 2525 5632 28).
2553 5560 2683 5616 Nam
2705 5561 2875 5617 Filius
2900 5564 3125 5620 hominis
3145 5582 3246 5620 ποτε
3273 5570 3407 5623 venit

155 5647 455 5708 pensatiouis
496 5650 547 5705 in
590 5668 751 5707 carne
779 5651 911 5706 fides
941 5651 1341 5717 adstrucrctur,
1380 5652 1524 5707 illam
1551 5668 1713 5722 vero,
1820 5653 2117 5720 ministrari,
2141 5652 2230 5706 sed
2250 5653 2556 5707 ministrare.
2584 5652 2640 5708 Si
2660 5669 2791 5723 ergo
2816 5656 2960 5709 venit
2981 5658 3408 5725 utministraret,

159 5743 208 5789 ut
224 5737 508 5797 auditorum
531 5742 877 5800 imbecillitati
892 5741 1218 5812 consuleret,
1234 5759 1355 5800 cum
1377 5744 1488 5814 ipse
1510 5761 1714 5817 nequa-
1829 5751 1884 5797 et
1916 5740 2276 5799 humilitatem
2315 5741 2531 5799 duceret
2554 5780 2577 5808 ν
2609 5743 2719 5799 noli
2750 5743 2945 5801 turbari
2967 5787 2987 5813 ,
3028 5761 3128 5803 nec
3172 5748 3412 5807 antistium
