  <div class='ocr_page' id='page_1' title='image "/cluster/home/n/w/nwhite01/storage/ocr_20150623/48:no.1:pt.2/coo.31924054869478/267.png"; bbox 0 0 3918 6376; ppageno 0'>
   <div class='ocr_carea' id='block_1_1' title="bbox 525 264 626 320">
    <p class='ocr_par' dir='ltr' id='par_1_1' title="bbox 525 264 626 320">
     <span class='ocr_line' id='line_1_1' title="bbox 525 264 626 320; baseline 0.03 -3"><span class='ocrx_word' id='word_1_1' title='bbox 525 264 626 320; x_wconf 78' lang='lat'><strong>787</strong></span> 
     </span>
    </p>
   </div>
   <div class='ocr_carea' id='block_1_2' title="bbox 526 397 2116 476">
    <p class='ocr_par' dir='ltr' id='par_1_2' title="bbox 526 397 2116 476">
     <span class='ocr_line' id='line_1_2' title="bbox 526 397 2116 476; baseline -0.009 -14"><span class='ocrx_word' id='word_1_2' title='bbox 526 403 842 476; x_wconf 79' lang='lat' dir='ltr'><strong>desponde,</strong></span> <span class='ocrx_word' id='word_1_3' title='bbox 890 402 1062 460; x_wconf 81' lang='lat' dir='ltr'><strong>sicubi</strong></span> <span class='ocrx_word' id='word_1_4' title='bbox 1107 416 1228 455; x_wconf 89' lang='lat' dir='ltr'><strong>eum</strong></span> <span class='ocrx_word' id='word_1_5' title='bbox 1271 415 1390 470; x_wconf 74' lang='lat' dir='ltr'><strong>qua:</strong></span> <span class='ocrx_word' id='word_1_6' title='bbox 1437 397 1802 452; x_wconf 90' lang='lat' dir='ltr'><strong>ministrorum</strong></span> <span class='ocrx_word' id='word_1_7' title='bbox 1853 402 1980 451; x_wconf 90' lang='lat' dir='ltr'><strong>sunt</strong></span> <span class='ocrx_word' id='word_1_8' title='bbox 2022 401 2116 448; x_wconf 89' lang='lat' dir='ltr'><strong>aut</strong></span> 
     </span>
    </p>
   </div>
   <div class='ocr_carea' id='block_1_3' title="bbox 527 485 2113 567">
    <p class='ocr_par' dir='ltr' id='par_1_3' title="bbox 527 485 2113 567">
     <span class='ocr_line' id='line_1_3' title="bbox 527 485 2113 567; baseline -0.008 -15"><span class='ocrx_word' id='word_1_9' title='bbox 527 499 792 567; x_wconf 87' lang='lat' dir='ltr'><strong>perﬁcere</strong></span> <span class='ocrx_word' id='word_1_10' title='bbox 817 495 1014 552; x_wconf 90' lang='lat' dir='ltr'><strong>videris</strong></span> <span class='ocrx_word' id='word_1_11' title='bbox 1038 503 1126 548; x_wconf 89' lang='lat' dir='ltr'><strong>aut</strong></span> <span class='ocrx_word' id='word_1_12' title='bbox 1157 492 1326 548; x_wconf 84' lang='lat' dir='ltr'><strong>etfari.</strong></span> <span class='ocrx_word' id='word_1_13' title='bbox 1357 491 1430 544; x_wconf 91' lang='lat' dir='ltr'><strong>lta</strong></span> <span class='ocrx_word' id='word_1_14' title='bbox 1459 504 1672 560; x_wconf 87' lang='lat' dir='ltr'><strong>quoque</strong></span> <span class='ocrx_word' id='word_1_15' title='bbox 1701 487 1894 542; x_wconf 86' lang='lat' dir='ltr'><strong>multas</strong></span> <span class='ocrx_word' id='word_1_16' title='bbox 1913 485 2113 540; x_wconf 83' lang='lat' dir='ltr'><strong>oratio-</strong></span> 
     </span>
    </p>
   </div>
   <div class='ocr_carea' id='block_1_4' title="bbox 528 581 2116 652">
    <p class='ocr_par' dir='ltr' id='par_1_4' title="bbox 528 581 2116 652">
     <span class='ocr_line' id='line_1_4' title="bbox 528 581 2116 652; baseline -0.006 -9"><span class='ocrx_word' id='word_1_17' title='bbox 528 605 624 645; x_wconf 88' lang='lat' dir='ltr'><strong>nes</strong></span> <span class='ocrx_word' id='word_1_18' title='bbox 663 590 730 644; x_wconf 93' lang='lat' dir='ltr'><strong>ab</strong></span> <span class='ocrx_word' id='word_1_19' title='bbox 769 590 956 645; x_wconf 87' lang='lat' dir='ltr'><strong>eadem</strong></span> <span class='ocrx_word' id='word_1_20' title='bbox 1001 598 1179 642; x_wconf 89' lang='lat' dir='ltr'><strong>mente</strong></span> <span class='ocrx_word' id='word_1_21' title='bbox 1222 583 1394 638; x_wconf 89' lang='lat' dir='ltr'><strong>fundit</strong></span> <span class='ocrx_word' id='word_1_22' title='bbox 1427 599 1440 637; x_wconf 89' lang='lat'>:</span> <span class='ocrx_word' id='word_1_23' title='bbox 1483 581 1742 652; x_wconf 78' lang='lat' dir='ltr'><strong>siquidem</strong></span> <span class='ocrx_word' id='word_1_24' title='bbox 1772 586 2116 634; x_wconf 89' lang='lat' dir='ltr'><strong>accesserunt</strong></span> 
     </span>
    </p>
   </div>
   <div class='ocr_carea' id='block_1_5' title="bbox 527 669 2116 742">
    <p class='ocr_par' dir='ltr' id='par_1_5' title="bbox 527 669 2116 742">
     <span class='ocr_line' id='line_1_5' title="bbox 527 669 2116 742; baseline -0.01 -4"><span class='ocrx_word' id='word_1_25' title='bbox 527 685 592 738; x_wconf 88' lang='lat' dir='ltr'><strong>ad</strong></span> <span class='ocrx_word' id='word_1_26' title='bbox 621 699 742 738; x_wconf 88' lang='lat' dir='ltr'><strong>eum</strong></span> <span class='ocrx_word' id='word_1_27' title='bbox 765 683 1044 735; x_wconf 73' lang='lat' dir='ltr'><strong>dicentes:</strong></span> <span class='ocrx_word' id='word_1_28' title='bbox 1072 679 1305 742; x_wconf 79' lang='lat' dir='ltr'><strong>Domine,</strong></span> <span class='ocrx_word' id='word_1_29' title='bbox 1336 676 1457 728; x_wconf 87' lang='lat' dir='ltr'><strong>doce</strong></span> <span class='ocrx_word' id='word_1_30' title='bbox 1491 690 1582 727; x_wconf 86' lang='lat' dir='ltr'><strong>nos</strong></span> <span class='ocrx_word' id='word_1_31' title='bbox 1607 688 1770 736; x_wconf 87' lang='lat' dir='ltr'><strong>orare,</strong></span> <span class='ocrx_word' id='word_1_32' title='bbox 1800 673 1926 726; x_wconf 89' lang='lat' dir='ltr'><strong>sicut</strong></span> <span class='ocrx_word' id='word_1_33' title='bbox 1949 669 2116 724; x_wconf 81' lang='lat' dir='ltr'><strong>Joan-</strong></span> 
     </span>
    </p>
   </div>
   <div class='ocr_carea' id='block_1_6' title="bbox 527 763 2110 839">
    <p class='ocr_par' dir='ltr' id='par_1_6' title="bbox 527 763 2110 839">
     <span class='ocr_line' id='line_1_6' title="bbox 527 763 2110 839; baseline -0.009 -10"><span class='ocrx_word' id='word_1_34' title='bbox 527 791 615 829; x_wconf 88' lang='lat' dir='ltr'><strong>nes</strong></span> <span class='ocrx_word' id='word_1_35' title='bbox 653 775 820 830; x_wconf 80' lang='lat' dir='ltr'><strong>docuit</strong></span> <span class='ocrx_word' id='word_1_36' title='bbox 858 770 1135 839; x_wconf 86' lang='lat' dir='ltr'><strong>discipulos</strong></span> <span class='ocrx_word' id='word_1_37' title='bbox 1164 785 1282 822; x_wconf 87' lang='lat' dir='ltr'><strong>suos</strong></span> <span class='ocrx_word' id='word_1_38' title='bbox 1325 767 1488 837; x_wconf 87' lang='lat' dir='ltr'><strong>(Luc.</strong></span> <span class='ocrx_word' id='word_1_39' title='bbox 1531 767 1618 820; x_wconf 76' lang='lat' dir='ltr'><strong>il.</strong></span> <span class='ocrx_word' id='word_1_40' title='bbox 1659 764 1752 834; x_wconf 88' lang='grc'><strong>1).</strong></span> <span class='ocrx_word' id='word_1_41' title='bbox 1785 763 1920 829; x_wconf 87' lang='lat' dir='ltr'><strong>Quid</strong></span> <span class='ocrx_word' id='word_1_42' title='bbox 1961 776 2110 832; x_wconf 81' lang='lat' dir='ltr'><strong>ergo,</strong></span> 
     </span>
    </p>
   </div>
   <div class='ocr_carea' id='block_1_7' title="bbox 527 853 2109 934">
    <p class='ocr_par' dir='ltr' id='par_1_7' title="bbox 527 853 2109 934">
     <span class='ocr_line' id='line_1_7' title="bbox 527 853 2109 934; baseline -0.008 -16"><span class='ocrx_word' id='word_1_43' title='bbox 527 880 748 934; x_wconf 62' lang='lat' dir='ltr'><strong>qua&#39;so,</strong></span> <span class='ocrx_word' id='word_1_44' title='bbox 793 862 1092 917; x_wconf 84' lang='lat' dir='ltr'><strong>faciendum</strong></span> <span class='ocrx_word' id='word_1_45' title='bbox 1139 858 1276 912; x_wconf 86' lang='lat' dir='ltr'><strong>fuit?</strong></span> <span class='ocrx_word' id='word_1_46' title='bbox 1334 857 1470 912; x_wconf 85' lang='lat' dir='ltr'><strong>Num</strong></span> <span class='ocrx_word' id='word_1_47' title='bbox 1513 871 1669 910; x_wconf 89' lang='lat' dir='ltr'><strong>orare</strong></span> <span class='ocrx_word' id='word_1_48' title='bbox 1721 853 1946 908; x_wconf 88' lang='lat' dir='ltr'><strong>docendi</strong></span> <span class='ocrx_word' id='word_1_49' title='bbox 2005 868 2109 905; x_wconf 89' lang='lat' dir='ltr'><strong>nott</strong></span> 
     </span>
    </p>
   </div>
   <div class='ocr_carea' id='block_1_8' title="bbox 525 939 2109 1022">
    <p class='ocr_par' dir='ltr' id='par_1_8' title="bbox 525 939 2109 1022">
     <span class='ocr_line' id='line_1_8' title="bbox 525 939 2109 1022; baseline -0.008 -13"><span class='ocrx_word' id='word_1_50' title='bbox 525 957 720 1010; x_wconf 85' lang='lat' dir='ltr'><strong>erant?</strong></span> <span class='ocrx_word' id='word_1_51' title='bbox 750 939 922 1022; x_wconf 76' lang='grc' dir='ltr'>’Διιιιιί</span> <span class='ocrx_word' id='word_1_52' title='bbox 965 952 1064 1006; x_wconf 91' lang='lat' dir='ltr'><strong>hac</strong></span> <span class='ocrx_word' id='word_1_53' title='bbox 1101 951 1169 1005; x_wconf 89' lang='lat' dir='ltr'><strong>de</strong></span> <span class='ocrx_word' id='word_1_54' title='bbox 1213 964 1371 1004; x_wconf 88' lang='lat' dir='ltr'><strong>causa</strong></span> <span class='ocrx_word' id='word_1_55' title='bbox 1415 955 1664 1010; x_wconf 90' lang='lat' dir='ltr'><strong>venerat,</strong></span> <span class='ocrx_word' id='word_1_56' title='bbox 1699 955 1754 1000; x_wconf 93' lang='lat' dir='ltr'><strong>ut</strong></span> <span class='ocrx_word' id='word_1_57' title='bbox 1792 945 1858 998; x_wconf 90' lang='lat' dir='ltr'><strong>ad</strong></span> <span class='ocrx_word' id='word_1_58' title='bbox 1896 959 2109 998; x_wconf 90' lang='lat' dir='ltr'><strong>omnem</strong></span> 
     </span>
    </p>
   </div>
   <div class='ocr_carea' id='block_1_9' title="bbox 525 1037 2113 1117">
    <p class='ocr_par' dir='ltr' id='par_1_9' title="bbox 525 1037 2113 1117">
     <span class='ocr_line' id='line_1_9' title="bbox 525 1037 2113 1117; baseline -0.008 -15"><span class='ocrx_word' id='word_1_59' title='bbox 525 1049 643 1103; x_wconf 91' lang='lat' dir='ltr'><strong>illos</strong></span> <span class='ocrx_word' id='word_1_60' title='bbox 675 1046 1063 1117; x_wconf 79' lang='lat' dir='ltr'><strong>philosophiam</strong></span> <span class='ocrx_word' id='word_1_61' title='bbox 1109 1043 1441 1097; x_wconf 87' lang='lat' dir='ltr'><strong>informaret.</strong></span> <span class='ocrx_word' id='word_1_62' title='bbox 1489 1040 1630 1111; x_wconf 84' lang='lat' dir='ltr'><strong>Ergo</strong></span> <span class='ocrx_word' id='word_1_63' title='bbox 1655 1037 1880 1094; x_wconf 84' lang='lat' dir='ltr'><strong>docendi</strong></span> <span class='ocrx_word' id='word_1_64' title='bbox 1920 1037 2113 1092; x_wconf 85' lang='lat' dir='ltr'><strong>erant?</strong></span> 
     </span>
    </p>
   </div>
   <div class='ocr_carea' id='block_1_10' title="bbox 524 1141 1222 1208">
    <p class='ocr_par' dir='ltr' id='par_1_10' title="bbox 524 1141 1222 1208">
     <span class='ocr_line' id='line_1_10' title="bbox 524 1141 1222 1208; baseline -0.007 -11"><span class='ocrx_word' id='word_1_65' title='bbox 524 1142 756 1197; x_wconf 79' lang='lat' dir='ltr'><strong>Proinde</strong></span> <span class='ocrx_word' id='word_1_66' title='bbox 778 1155 932 1196; x_wconf 88' lang='lat' dir='ltr'><strong>orare</strong></span> <span class='ocrx_word' id='word_1_67' title='bbox 968 1141 1222 1208; x_wconf 79' lang='lat' dir='ltr'><strong>Oportnit.</strong></span> 
     </span>
    </p>
   </div>
   <div class='ocr_carea' id='block_1_11' title="bbox 597 1228 2112 1298">
    <p class='ocr_par' dir='ltr' id='par_1_11' title="bbox 597 1228 2112 1298">
     <span class='ocr_line' id='line_1_11' title="bbox 597 1228 2112 1298; baseline -0.007 -10"><span class='ocrx_word' id='word_1_68' title='bbox 597 1234 718 1288; x_wconf 89' lang='lat' dir='ltr'><strong>Non</strong></span> <span class='ocrx_word' id='word_1_69' title='bbox 745 1231 890 1286; x_wconf 84' lang='lat' dir='ltr'><strong>verbo</strong></span> <span class='ocrx_word' id='word_1_70' title='bbox 917 1241 1130 1296; x_wconf 85' lang='lat' dir='ltr'><strong>tantum,</strong></span> <span class='ocrx_word' id='word_1_71' title='bbox 1163 1231 1252 1284; x_wconf 89' lang='lat' dir='ltr'><strong>sed</strong></span> <span class='ocrx_word' id='word_1_72' title='bbox 1277 1231 1428 1284; x_wconf 85' lang='lat' dir='ltr'><strong>etiam</strong></span> <span class='ocrx_word' id='word_1_73' title='bbox 1455 1229 1684 1298; x_wconf 77' lang='lat' dir='ltr'><strong>exemplo</strong></span> <span class='ocrx_word' id='word_1_74' title='bbox 1713 1228 2011 1282; x_wconf 85' lang='lat' dir='ltr'><strong>docendum.</strong></span> <span class='ocrx_word' id='word_1_75' title='bbox 2039 1256 2112 1268; x_wconf 90' lang='lat'><strong>——</strong></span> 
     </span>
    </p>
   </div>
   <div class='ocr_carea' id='block_1_12' title="bbox 520 1321 2108 1393">
    <p class='ocr_par' dir='ltr' id='par_1_12' title="bbox 520 1321 2108 1393">
     <span class='ocr_line' id='line_1_12' title="bbox 520 1321 2108 1393; baseline -0.004 -11"><span class='ocrx_word' id='word_1_76' title='bbox 520 1327 901 1382; x_wconf 67' lang='lat' dir='ltr'><strong>Verumtamen</strong></span> <span class='ocrx_word' id='word_1_77' title='bbox 939 1325 1040 1380; x_wconf 91' lang='lat' dir='ltr'><strong>hoc</strong></span> <span class='ocrx_word' id='word_1_78' title='bbox 1064 1325 1225 1378; x_wconf 88' lang='lat' dir='ltr'><strong>verbo</strong></span> <span class='ocrx_word' id='word_1_79' title='bbox 1261 1323 1434 1378; x_wconf 91' lang='lat' dir='ltr'><strong>solum</strong></span> <span class='ocrx_word' id='word_1_80' title='bbox 1469 1321 1733 1393; x_wconf 85' lang='lat' dir='ltr'><strong>agendum</strong></span> <span class='ocrx_word' id='word_1_81' title='bbox 1772 1321 1890 1389; x_wconf 82' lang='lat' dir='ltr'><strong>fuit,</strong></span> <span class='ocrx_word' id='word_1_82' title='bbox 1919 1321 2108 1391; x_wconf 81' lang='lat' dir='ltr'><strong>inquit.</strong></span> 
     </span>
    </p>
   </div>
   <div class='ocr_carea' id='block_1_13' title="bbox 517 1412 2108 1489">
    <p class='ocr_par' dir='ltr' id='par_1_13' title="bbox 517 1412 2108 1489">
     <span class='ocr_line' id='line_1_13' title="bbox 517 1412 2108 1489; baseline -0.005 -15"><span class='ocrx_word' id='word_1_83' title='bbox 517 1419 682 1489; x_wconf 84' lang='lat' dir='ltr'><strong>Atqui</strong></span> <span class='ocrx_word' id='word_1_84' title='bbox 711 1433 813 1472; x_wconf 90' lang='lat' dir='ltr'><strong>non</strong></span> <span class='ocrx_word' id='word_1_85' title='bbox 847 1417 916 1470; x_wconf 90' lang='lat' dir='ltr'><strong>ita</strong></span> <span class='ocrx_word' id='word_1_86' title='bbox 948 1432 1009 1471; x_wconf 85' lang='lat' dir='ltr'><strong>ea</strong></span> <span class='ocrx_word' id='word_1_87' title='bbox 1037 1432 1156 1486; x_wconf 74' lang='lat' dir='ltr'><strong>qua:</strong></span> <span class='ocrx_word' id='word_1_88' title='bbox 1183 1415 1379 1480; x_wconf 88' lang='lat' dir='ltr'><strong>verbis,</strong></span> <span class='ocrx_word' id='word_1_89' title='bbox 1404 1423 1562 1484; x_wconf 89' lang='lat' dir='ltr'><strong>atque</strong></span> <span class='ocrx_word' id='word_1_90' title='bbox 1585 1430 1646 1468; x_wconf 89' lang='lat' dir='ltr'><strong>ea</strong></span> <span class='ocrx_word' id='word_1_91' title='bbox 1673 1430 1790 1484; x_wconf 66' lang='lat' dir='ltr'><strong>quae</strong></span> <span class='ocrx_word' id='word_1_92' title='bbox 1821 1412 1971 1468; x_wconf 89' lang='lat' dir='ltr'><strong>factis</strong></span> <span class='ocrx_word' id='word_1_93' title='bbox 2006 1412 2108 1466; x_wconf 86' lang='lat' dir='ltr'><strong>do-</strong></span> 
     </span>
    </p>
   </div>
   <div class='ocr_carea' id='block_1_14' title="bbox 517 1504 2108 1579">
    <p class='ocr_par' dir='ltr' id='par_1_14' title="bbox 517 1504 2108 1579">
     <span class='ocr_line' id='line_1_14' title="bbox 517 1504 2108 1579; baseline -0.005 -13"><span class='ocrx_word' id='word_1_94' title='bbox 517 1512 688 1566; x_wconf 89' lang='lat' dir='ltr'><strong>ctrina</strong></span> <span class='ocrx_word' id='word_1_95' title='bbox 730 1509 1074 1579; x_wconf 85' lang='lat' dir='ltr'><strong>preponitur,</strong></span> <span class='ocrx_word' id='word_1_96' title='bbox 1115 1506 1408 1576; x_wconf 85' lang='lat' dir='ltr'><strong>discipulos</strong></span> <span class='ocrx_word' id='word_1_97' title='bbox 1448 1520 1757 1574; x_wconf 87' lang='lat' dir='ltr'><strong>permovere</strong></span> <span class='ocrx_word' id='word_1_98' title='bbox 1791 1504 2108 1560; x_wconf 89' lang='lat' dir='ltr'><strong>consuevit:</strong></span> 
     </span>
    </p>
   </div>
   <div class='ocr_carea' id='block_1_15' title="bbox 521 1595 2110 1672">
    <p class='ocr_par' dir='ltr' id='par_1_15' title="bbox 521 1595 2110 1672">
     <span class='ocr_line' id='line_1_15' title="bbox 521 1595 2110 1672; baseline -0.002 -17"><span class='ocrx_word' id='word_1_99' title='bbox 521 1610 803 1672; x_wconf 80' lang='lat' dir='ltr'><strong>propterea</strong></span> <span class='ocrx_word' id='word_1_100' title='bbox 831 1615 935 1654; x_wconf 92' lang='lat' dir='ltr'><strong>non</strong></span> <span class='ocrx_word' id='word_1_101' title='bbox 961 1599 1135 1653; x_wconf 84' lang='lat' dir='ltr'><strong>verbis</strong></span> <span class='ocrx_word' id='word_1_102' title='bbox 1165 1598 1336 1652; x_wconf 89' lang='lat' dir='ltr'><strong>solmn</strong></span> <span class='ocrx_word' id='word_1_103' title='bbox 1363 1611 1459 1651; x_wconf 89' lang='lat' dir='ltr'><strong>eos</strong></span> <span class='ocrx_word' id='word_1_104' title='bbox 1483 1611 1639 1649; x_wconf 91' lang='lat' dir='ltr'><strong>orare</strong></span> <span class='ocrx_word' id='word_1_105' title='bbox 1664 1595 1842 1663; x_wconf 81' lang='lat' dir='ltr'><strong>docet,</strong></span> <span class='ocrx_word' id='word_1_106' title='bbox 1874 1596 1968 1651; x_wconf 86' lang='lat' dir='ltr'><strong>sed</strong></span> <span class='ocrx_word' id='word_1_107' title='bbox 1995 1597 2110 1665; x_wconf 86' lang='lat' dir='ltr'><strong>ipse</strong></span> 
     </span>
    </p>
   </div>
   <div class='ocr_carea' id='block_1_16' title="bbox 519 1687 2106 1760">
    <p class='ocr_par' dir='ltr' id='par_1_16' title="bbox 519 1687 2106 1760">
     <span class='ocr_line' id='line_1_16' title="bbox 519 1687 2106 1760; baseline -0.003 -14"><span class='ocrx_word' id='word_1_108' title='bbox 519 1694 571 1746; x_wconf 89' lang='lat' dir='ltr'><strong>in</strong></span> <span class='ocrx_word' id='word_1_109' title='bbox 611 1691 852 1745; x_wconf 90' lang='lat' dir='ltr'><strong>oratione</strong></span> <span class='ocrx_word' id='word_1_110' title='bbox 892 1697 1230 1760; x_wconf 83' lang='lat' dir='ltr'><strong>perseverat,</strong></span> <span class='ocrx_word' id='word_1_111' title='bbox 1275 1697 1330 1741; x_wconf 91' lang='lat' dir='ltr'><strong>ct</strong></span> <span class='ocrx_word' id='word_1_112' title='bbox 1376 1687 1426 1740; x_wconf 92' lang='lat' dir='ltr'><strong>in</strong></span> <span class='ocrx_word' id='word_1_113' title='bbox 1470 1687 1696 1741; x_wconf 83' lang='lat' dir='ltr'><strong>desertis</strong></span> <span class='ocrx_word' id='word_1_114' title='bbox 1741 1695 1880 1740; x_wconf 90' lang='lat' dir='ltr'><strong>totas</strong></span> <span class='ocrx_word' id='word_1_115' title='bbox 1922 1697 2106 1742; x_wconf 88' lang='lat' dir='ltr'><strong>noctes</strong></span> 
     </span>
    </p>
   </div>
   <div class='ocr_carea' id='block_1_17' title="bbox 515 1776 2104 1851">
    <p class='ocr_par' dir='ltr' id='par_1_17' title="bbox 515 1776 2104 1851">
     <span class='ocr_line' id='line_1_17' title="bbox 515 1776 2104 1851; baseline -0.004 -13"><span class='ocrx_word' id='word_1_116' title='bbox 515 1782 718 1838; x_wconf 87' lang='lat' dir='ltr'><strong>orando</strong></span> <span class='ocrx_word' id='word_1_117' title='bbox 745 1781 1010 1851; x_wconf 77' lang='lat' dir='ltr'><strong>transigit,</strong></span> <span class='ocrx_word' id='word_1_118' title='bbox 1037 1789 1094 1833; x_wconf 90' lang='grc' dir='ltr'><strong>ιιι</strong></span> <span class='ocrx_word' id='word_1_119' title='bbox 1120 1795 1216 1833; x_wconf 92' lang='lat' dir='ltr'><strong>nos</strong></span> <span class='ocrx_word' id='word_1_120' title='bbox 1242 1778 1450 1832; x_wconf 81' lang='lat' dir='ltr'><strong>erudiat</strong></span> <span class='ocrx_word' id='word_1_121' title='bbox 1475 1787 1529 1832; x_wconf 90' lang='lat' dir='ltr'><strong>et</strong></span> <span class='ocrx_word' id='word_1_122' title='bbox 1555 1776 1862 1843; x_wconf 83' lang='lat' dir='ltr'><strong>admoneat,</strong></span> <span class='ocrx_word' id='word_1_123' title='bbox 1893 1792 2015 1832; x_wconf 91' lang='lat' dir='ltr'><strong>cum</strong></span> <span class='ocrx_word' id='word_1_124' title='bbox 2051 1777 2104 1832; x_wconf 88' lang='lat' dir='ltr'><strong>itt</strong></span> 
     </span>
    </p>
   </div>
   <div class='ocr_carea' id='block_1_18' title="bbox 513 1871 2107 1946">
    <p class='ocr_par' dir='ltr' id='par_1_18' title="bbox 513 1871 2107 1946">
     <span class='ocr_line' id='line_1_18' title="bbox 513 1871 2107 1946; baseline -0.002 -15"><span class='ocrx_word' id='word_1_125' title='bbox 513 1877 840 1946; x_wconf 88' lang='lat' dir='ltr'><strong>colloquium</strong></span> <span class='ocrx_word' id='word_1_126' title='bbox 868 1877 1020 1931; x_wconf 89' lang='lat' dir='ltr'><strong>nobis</strong></span> <span class='ocrx_word' id='word_1_127' title='bbox 1046 1891 1166 1930; x_wconf 91' lang='lat' dir='ltr'><strong>cum</strong></span> <span class='ocrx_word' id='word_1_128' title='bbox 1203 1876 1310 1928; x_wconf 87' lang='lat' dir='ltr'><strong>Deo</strong></span> <span class='ocrx_word' id='word_1_129' title='bbox 1340 1872 1659 1928; x_wconf 88' lang='lat' dir='ltr'><strong>veniendum</strong></span> <span class='ocrx_word' id='word_1_130' title='bbox 1682 1882 1798 1937; x_wconf 76' lang='lat' dir='ltr'><strong>est,</strong></span> <span class='ocrx_word' id='word_1_131' title='bbox 1825 1871 2107 1943; x_wconf 85' lang='lat' dir='ltr'><strong>fugiendos</strong></span> 
     </span>
    </p>
   </div>
   <div class='ocr_carea' id='block_1_19' title="bbox 516 1964 2105 2038">
    <p class='ocr_par' dir='ltr' id='par_1_19' title="bbox 516 1964 2105 2038">
     <span class='ocr_line' id='line_1_19' title="bbox 516 1964 2105 2038; baseline -0.003 -16"><span class='ocrx_word' id='word_1_132' title='bbox 516 1970 774 2023; x_wconf 91' lang='lat' dir='ltr'><strong>tumultus</strong></span> <span class='ocrx_word' id='word_1_133' title='bbox 801 1984 865 2022; x_wconf 90' lang='lat' dir='ltr'><strong>ac</strong></span> <span class='ocrx_word' id='word_1_134' title='bbox 894 1967 1038 2038; x_wconf 87' lang='lat' dir='ltr'><strong>vulgi</strong></span> <span class='ocrx_word' id='word_1_135' title='bbox 1069 1967 1272 2034; x_wconf 84' lang='lat' dir='ltr'><strong>turbas,</strong></span> <span class='ocrx_word' id='word_1_136' title='bbox 1307 1975 1363 2021; x_wconf 91' lang='lat' dir='ltr'><strong>et</strong></span> <span class='ocrx_word' id='word_1_137' title='bbox 1391 1968 1441 2018; x_wconf 89' lang='lat' dir='ltr'><strong>iu</strong></span> <span class='ocrx_word' id='word_1_138' title='bbox 1471 1965 1814 2022; x_wconf 88' lang='lat' dir='ltr'><strong>solitudinem</strong></span> <span class='ocrx_word' id='word_1_139' title='bbox 1845 1964 2105 2020; x_wconf 82' lang='lat' dir='ltr'><strong>seceden-</strong></span> 
     </span>
    </p>
   </div>
   <div class='ocr_carea' id='block_1_20' title="bbox 514 2054 2106 2126">
    <p class='ocr_par' dir='ltr' id='par_1_20' title="bbox 514 2054 2106 2126">
     <span class='ocr_line' id='line_1_20' title="bbox 514 2054 2106 2126; baseline -0.003 -12"><span class='ocrx_word' id='word_1_140' title='bbox 514 2061 640 2114; x_wconf 90' lang='lat' dir='ltr'><strong>dum</strong></span> <span class='ocrx_word' id='word_1_141' title='bbox 669 2076 772 2112; x_wconf 91' lang='lat' dir='ltr'><strong>non</strong></span> <span class='ocrx_word' id='word_1_142' title='bbox 806 2059 1044 2113; x_wconf 89' lang='lat' dir='ltr'><strong>locorum</strong></span> <span class='ocrx_word' id='word_1_143' title='bbox 1069 2066 1294 2124; x_wconf 88' lang='lat' dir='ltr'><strong>tantum,</strong></span> <span class='ocrx_word' id='word_1_144' title='bbox 1318 2057 1410 2112; x_wconf 89' lang='lat' dir='ltr'><strong>sed</strong></span> <span class='ocrx_word' id='word_1_145' title='bbox 1433 2057 1592 2111; x_wconf 88' lang='lat' dir='ltr'><strong>etiam</strong></span> <span class='ocrx_word' id='word_1_146' title='bbox 1618 2066 1941 2126; x_wconf 90' lang='lat' dir='ltr'><strong>temporum.</strong></span> <span class='ocrx_word' id='word_1_147' title='bbox 1964 2054 2106 2110; x_wconf 82' lang='lat' dir='ltr'><strong>Soli-</strong></span> 
     </span>
    </p>
   </div>
   <div class='ocr_carea' id='block_1_21' title="bbox 516 2147 2106 2214">
    <p class='ocr_par' dir='ltr' id='par_1_21' title="bbox 516 2147 2106 2214">
     <span class='ocr_line' id='line_1_21' title="bbox 516 2147 2106 2214; baseline -0.003 -8"><span class='ocrx_word' id='word_1_148' title='bbox 516 2153 644 2208; x_wconf 91' lang='lat' dir='ltr'><strong>tudo</strong></span> <span class='ocrx_word' id='word_1_149' title='bbox 670 2161 847 2208; x_wconf 90' lang='lat' dir='ltr'><strong>autem</strong></span> <span class='ocrx_word' id='word_1_150' title='bbox 873 2167 975 2204; x_wconf 91' lang='lat' dir='ltr'><strong>non</strong></span> <span class='ocrx_word' id='word_1_151' title='bbox 1005 2165 1158 2204; x_wconf 89' lang='lat' dir='ltr'><strong>mons</strong></span> <span class='ocrx_word' id='word_1_152' title='bbox 1181 2158 1382 2204; x_wconf 90' lang='lat' dir='ltr'><strong>tantum</strong></span> <span class='ocrx_word' id='word_1_153' title='bbox 1418 2159 1530 2214; x_wconf 90' lang='lat' dir='ltr'><strong>est,</strong></span> <span class='ocrx_word' id='word_1_154' title='bbox 1566 2149 1659 2204; x_wconf 92' lang='lat' dir='ltr'><strong>sed</strong></span> <span class='ocrx_word' id='word_1_155' title='bbox 1689 2150 1848 2203; x_wconf 88' lang='lat' dir='ltr'><strong>etiam</strong></span> <span class='ocrx_word' id='word_1_156' title='bbox 1884 2147 2106 2203; x_wconf 84' lang='lat' dir='ltr'><strong>cubicu-</strong></span> 
     </span>
    </p>
   </div>
   <div class='ocr_carea' id='block_1_22' title="bbox 513 2244 1238 2300">
    <p class='ocr_par' dir='ltr' id='par_1_22' title="bbox 513 2244 1238 2300">
     <span class='ocr_line' id='line_1_22' title="bbox 513 2244 1238 2300; baseline -0.004 -1"><span class='ocrx_word' id='word_1_157' title='bbox 513 2245 621 2300; x_wconf 87' lang='lat' dir='ltr'><strong>lum</strong></span> <span class='ocrx_word' id='word_1_158' title='bbox 660 2261 688 2298; x_wconf 90' lang='lat' dir='ltr'><strong>a</strong></span> <span class='ocrx_word' id='word_1_159' title='bbox 719 2244 952 2298; x_wconf 88' lang='lat' dir='ltr'><strong>clamore</strong></span> <span class='ocrx_word' id='word_1_160' title='bbox 983 2244 1238 2297; x_wconf 91' lang='lat' dir='ltr'><strong>immune.</strong></span> 
     </span>
    </p>
   </div>
   <div class='ocr_carea' id='block_1_23' title="bbox 584 2333 2104 2403">
    <p class='ocr_par' dir='ltr' id='par_1_23' title="bbox 584 2333 2104 2403">
     <span class='ocr_line' id='line_1_23' title="bbox 584 2333 2104 2403; baseline -0.003 -11"><span class='ocrx_word' id='word_1_161' title='bbox 584 2337 636 2392; x_wconf 74' lang='grc'><strong>5.</strong></span> <span class='ocrx_word' id='word_1_162' title='bbox 678 2334 781 2392; x_wconf 86' lang='lat' dir='ltr'><strong>Cur</strong></span> <span class='ocrx_word' id='word_1_163' title='bbox 817 2335 1047 2390; x_wconf 76' lang='lat' dir='ltr'><strong>Christus</strong></span> <span class='ocrx_word' id='word_1_164' title='bbox 1082 2345 1187 2388; x_wconf 87' lang='lat' dir='ltr'><strong>oret</strong></span> <span class='ocrx_word' id='word_1_165' title='bbox 1229 2333 1350 2386; x_wconf 87' lang='lat' dir='ltr'><strong>dum</strong></span> <span class='ocrx_word' id='word_1_166' title='bbox 1390 2333 1636 2387; x_wconf 88' lang='lat' dir='ltr'><strong>miracula</strong></span> <span class='ocrx_word' id='word_1_167' title='bbox 1666 2333 1806 2403; x_wconf 82' lang='lat' dir='ltr'><strong>facit.</strong></span> <span class='ocrx_word' id='word_1_168' title='bbox 1839 2363 1908 2372; x_wconf 97' lang='lat'><em>—</em></span> <span class='ocrx_word' id='word_1_169' title='bbox 1929 2334 2104 2401; x_wconf 81' lang='lat' dir='ltr'><strong>Atque</strong></span> 
     </span>
    </p>
   </div>
   <div class='ocr_carea' id='block_1_24' title="bbox 514 2425 2101 2500">
    <p class='ocr_par' dir='ltr' id='par_1_24' title="bbox 514 2425 2101 2500">
     <span class='ocr_line' id='line_1_24' title="bbox 514 2425 2101 2500; baseline -0.004 -15"><span class='ocrx_word' id='word_1_170' title='bbox 514 2441 570 2486; x_wconf 91' lang='lat' dir='ltr'><strong>ttt</strong></span> <span class='ocrx_word' id='word_1_171' title='bbox 606 2430 909 2500; x_wconf 81' lang='lat' dir='ltr'><strong>iutelligatis</strong></span> <span class='ocrx_word' id='word_1_172' title='bbox 942 2428 1414 2483; x_wconf 88' lang='lat' dir='ltr'><strong>condescensionis</strong></span> <span class='ocrx_word' id='word_1_173' title='bbox 1438 2441 1559 2483; x_wconf 89' lang='lat' dir='ltr'><strong>esse</strong></span> <span class='ocrx_word' id='word_1_174' title='bbox 1590 2428 1885 2482; x_wconf 87' lang='lat' dir='ltr'><strong>orationem</strong></span> <span class='ocrx_word' id='word_1_175' title='bbox 1912 2445 1926 2480; x_wconf 88' lang='lat'><strong>:</strong></span> <span class='ocrx_word' id='word_1_176' title='bbox 1950 2425 2101 2496; x_wconf 87' lang='lat' dir='ltr'><strong>prin-</strong></span> 
     </span>
    </p>
   </div>
   <div class='ocr_carea' id='block_1_25' title="bbox 511 2520 2104 2593">
    <p class='ocr_par' dir='ltr' id='par_1_25' title="bbox 511 2520 2104 2593">
     <span class='ocr_line' id='line_1_25' title="bbox 511 2520 2104 2593; baseline -0.003 -15"><span class='ocrx_word' id='word_1_177' title='bbox 511 2524 652 2592; x_wconf 85' lang='lat' dir='ltr'><strong>cipio</strong></span> <span class='ocrx_word' id='word_1_178' title='bbox 671 2524 883 2593; x_wconf 90' lang='lat' dir='ltr'><strong>quidem</strong></span> <span class='ocrx_word' id='word_1_179' title='bbox 902 2523 1011 2592; x_wconf 88' lang='lat' dir='ltr'><strong>jam</strong></span> <span class='ocrx_word' id='word_1_180' title='bbox 1033 2538 1096 2575; x_wconf 81' lang='lat' dir='ltr'><strong>ex</strong></span> <span class='ocrx_word' id='word_1_181' title='bbox 1124 2522 1188 2575; x_wconf 92' lang='lat' dir='ltr'><strong>iis</strong></span> <span class='ocrx_word' id='word_1_182' title='bbox 1207 2537 1325 2591; x_wconf 69' lang='lat' dir='ltr'><strong>quae</strong></span> <span class='ocrx_word' id='word_1_183' title='bbox 1353 2522 1492 2576; x_wconf 90' lang='lat' dir='ltr'><strong>circa</strong></span> <span class='ocrx_word' id='word_1_184' title='bbox 1517 2521 1770 2575; x_wconf 84' lang='lat' dir='ltr'><strong>Lazarum</strong></span> <span class='ocrx_word' id='word_1_185' title='bbox 1793 2520 2104 2574; x_wconf 87' lang='lat' dir='ltr'><strong>acciderunt</strong></span> 
     </span>
    </p>
   </div>
   <div class='ocr_carea' id='block_1_26' title="bbox 514 2612 2100 2672">
    <p class='ocr_par' dir='ltr' id='par_1_26' title="bbox 514 2612 2100 2672">
     <span class='ocr_line' id='line_1_26' title="bbox 514 2612 2100 2672; baseline -0.004 0"><span class='ocrx_word' id='word_1_186' title='bbox 514 2616 998 2672; x_wconf 88' lang='lat' dir='ltr'><strong>demonstravimus</strong></span> <span class='ocrx_word' id='word_1_187' title='bbox 1027 2633 1042 2670; x_wconf 86' lang='lat'><strong>:</strong></span> <span class='ocrx_word' id='word_1_188' title='bbox 1066 2625 1431 2668; x_wconf 88' lang='lat' dir='ltr'><strong>verumtamen</strong></span> <span class='ocrx_word' id='word_1_189' title='bbox 1459 2614 1671 2667; x_wconf 87' lang='lat' dir='ltr'><strong>aliunde</strong></span> <span class='ocrx_word' id='word_1_190' title='bbox 1697 2613 1858 2668; x_wconf 88' lang='lat' dir='ltr'><strong>etiam</strong></span> <span class='ocrx_word' id='word_1_191' title='bbox 1891 2612 1941 2666; x_wconf 92' lang='lat' dir='ltr'><strong>id</strong></span> <span class='ocrx_word' id='word_1_192' title='bbox 1975 2627 2100 2666; x_wconf 83' lang='lat' dir='ltr'><strong>con-</strong></span> 
     </span>
    </p>
   </div>
   <div class='ocr_carea' id='block_1_27' title="bbox 509 2705 2100 2774">
    <p class='ocr_par' dir='ltr' id='par_1_27' title="bbox 509 2705 2100 2774">
     <span class='ocr_line' id='line_1_27' title="bbox 509 2705 2100 2774; baseline -0.003 -13"><span class='ocrx_word' id='word_1_193' title='bbox 509 2715 635 2762; x_wconf 86' lang='lat' dir='ltr'><strong>stat.</strong></span> <span class='ocrx_word' id='word_1_194' title='bbox 676 2708 843 2774; x_wconf 87' lang='lat' dir='ltr'><strong>Quam</strong></span> <span class='ocrx_word' id='word_1_195' title='bbox 882 2707 1023 2760; x_wconf 90' lang='lat' dir='ltr'><strong>enim</strong></span> <span class='ocrx_word' id='word_1_196' title='bbox 1054 2706 1123 2760; x_wconf 92' lang='lat' dir='ltr'><strong>ob</strong></span> <span class='ocrx_word' id='word_1_197' title='bbox 1153 2721 1369 2760; x_wconf 82' lang='lat' dir='ltr'><strong>causam</strong></span> <span class='ocrx_word' id='word_1_198' title='bbox 1411 2706 1462 2758; x_wconf 88' lang='lat' dir='ltr'><strong>in</strong></span> <span class='ocrx_word' id='word_1_199' title='bbox 1502 2705 1793 2774; x_wconf 84' lang='lat' dir='ltr'><strong>majoribus</strong></span> <span class='ocrx_word' id='word_1_200' title='bbox 1832 2705 2100 2759; x_wconf 87' lang='lat' dir='ltr'><strong>miraculis</strong></span> 
     </span>
    </p>
   </div>
   <div class='ocr_carea' id='block_1_28' title="bbox 510 2796 2101 2866">
    <p class='ocr_par' dir='ltr' id='par_1_28' title="bbox 510 2796 2101 2866">
     <span class='ocr_line' id='line_1_28' title="bbox 510 2796 2101 2866; baseline -0.001 -14"><span class='ocrx_word' id='word_1_201' title='bbox 510 2814 616 2853; x_wconf 90' lang='lat' dir='ltr'><strong>non</strong></span> <span class='ocrx_word' id='word_1_202' title='bbox 657 2807 810 2865; x_wconf 90' lang='lat' dir='ltr'><strong>orat,</strong></span> <span class='ocrx_word' id='word_1_203' title='bbox 851 2798 945 2853; x_wconf 91' lang='lat' dir='ltr'><strong>sed</strong></span> <span class='ocrx_word' id='word_1_204' title='bbox 994 2799 1046 2852; x_wconf 92' lang='lat' dir='ltr'><strong>in</strong></span> <span class='ocrx_word' id='word_1_205' title='bbox 1090 2797 1428 2852; x_wconf 84' lang='lat' dir='ltr'><strong>minoribus?</strong></span> <span class='ocrx_word' id='word_1_206' title='bbox 1459 2797 1587 2851; x_wconf 87' lang='lat' dir='ltr'><strong>Nam</strong></span> <span class='ocrx_word' id='word_1_207' title='bbox 1619 2798 1698 2861; x_wconf 87' lang='lat' dir='ltr'><strong>si,</strong></span> <span class='ocrx_word' id='word_1_208' title='bbox 1728 2796 1868 2866; x_wconf 92' lang='lat' dir='ltr'><strong>quod</strong></span> <span class='ocrx_word' id='word_1_209' title='bbox 1903 2796 2101 2850; x_wconf 77' lang='lat' dir='ltr'><strong>auxilio</strong></span> 
     </span>
    </p>
   </div>
   <div class='ocr_carea' id='block_1_29' title="bbox 511 2888 2098 2960">
    <p class='ocr_par' dir='ltr' id='par_1_29' title="bbox 511 2888 2098 2960">
     <span class='ocr_line' id='line_1_29' title="bbox 511 2888 2098 2960; baseline -0.001 -17"><span class='ocrx_word' id='word_1_210' title='bbox 511 2889 792 2960; x_wconf 88' lang='lat' dir='ltr'><strong>indigeret,</strong></span> <span class='ocrx_word' id='word_1_211' title='bbox 823 2890 1044 2955; x_wconf 86' lang='lat' dir='ltr'><strong>orabat,</strong></span> <span class='ocrx_word' id='word_1_212' title='bbox 1073 2899 1127 2945; x_wconf 88' lang='lat' dir='ltr'><strong>et</strong></span> <span class='ocrx_word' id='word_1_213' title='bbox 1155 2889 1296 2959; x_wconf 88' lang='lat' dir='ltr'><strong>quod</strong></span> <span class='ocrx_word' id='word_1_214' title='bbox 1336 2889 1436 2944; x_wconf 88' lang='lat' dir='ltr'><strong>sibi</strong></span> <span class='ocrx_word' id='word_1_215' title='bbox 1467 2889 1820 2944; x_wconf 80' lang='lat' dir='ltr'><strong>sufﬁcientem</strong></span> <span class='ocrx_word' id='word_1_216' title='bbox 1849 2888 2098 2942; x_wconf 84' lang='lat' dir='ltr'><strong>virtutem</strong></span> 
     </span>
    </p>
   </div>
   <div class='ocr_carea' id='block_1_30' title="bbox 508 2980 2098 3048">
    <p class='ocr_par' dir='ltr' id='par_1_30' title="bbox 508 2980 2098 3048">
     <span class='ocr_line' id='line_1_30' title="bbox 508 2980 2098 3048; baseline -0.002 -12"><span class='ocrx_word' id='word_1_217' title='bbox 508 2997 616 3036; x_wconf 89' lang='lat' dir='ltr'><strong>non</strong></span> <span class='ocrx_word' id='word_1_218' title='bbox 650 2983 900 3047; x_wconf 86' lang='lat' dir='ltr'><strong>haberet,</strong></span> <span class='ocrx_word' id='word_1_219' title='bbox 947 2982 999 3036; x_wconf 93' lang='lat' dir='ltr'><strong>in</strong></span> <span class='ocrx_word' id='word_1_220' title='bbox 1029 2982 1278 3036; x_wconf 89' lang='lat' dir='ltr'><strong>omnibus</strong></span> <span class='ocrx_word' id='word_1_221' title='bbox 1318 2997 1474 3036; x_wconf 88' lang='lat' dir='ltr'><strong>orare</strong></span> <span class='ocrx_word' id='word_1_222' title='bbox 1513 2981 1754 3048; x_wconf 87' lang='lat' dir='ltr'><strong>deberet,</strong></span> <span class='ocrx_word' id='word_1_223' title='bbox 1795 2989 1850 3036; x_wconf 90' lang='lat' dir='ltr'><strong>et</strong></span> <span class='ocrx_word' id='word_1_224' title='bbox 1887 2980 2098 3035; x_wconf 86' lang='lat' dir='ltr'><strong>Patrem</strong></span> 
     </span>
    </p>
   </div>
   <div class='ocr_carea' id='block_1_31' title="bbox 506 3075 2099 3146">
    <p class='ocr_par' dir='ltr' id='par_1_31' title="bbox 506 3075 2099 3146">
     <span class='ocr_line' id='line_1_31' title="bbox 506 3075 2099 3146; baseline -0.002 -14"><span class='ocrx_word' id='word_1_225' title='bbox 506 3093 700 3132; x_wconf 88' lang='lat' dir='ltr'><strong>vocare</strong></span> <span class='ocrx_word' id='word_1_226' title='bbox 728 3096 738 3129; x_wconf 93' lang='lat'>:</span> <span class='ocrx_word' id='word_1_227' title='bbox 769 3076 908 3146; x_wconf 89' lang='lat' dir='ltr'><strong>quod</strong></span> <span class='ocrx_word' id='word_1_228' title='bbox 945 3078 988 3132; x_wconf 90' lang='lat' dir='ltr'><strong>si</strong></span> <span class='ocrx_word' id='word_1_229' title='bbox 1018 3077 1194 3130; x_wconf 89' lang='lat' dir='ltr'><strong>minus</strong></span> <span class='ocrx_word' id='word_1_230' title='bbox 1215 3076 1266 3130; x_wconf 93' lang='lat' dir='ltr'><strong>iu</strong></span> <span class='ocrx_word' id='word_1_231' title='bbox 1293 3075 1560 3142; x_wconf 89' lang='lat' dir='ltr'><strong>omnibus,</strong></span> <span class='ocrx_word' id='word_1_232' title='bbox 1585 3075 1775 3130; x_wconf 89' lang='lat' dir='ltr'><strong>saltem</strong></span> <span class='ocrx_word' id='word_1_233' title='bbox 1799 3075 1850 3130; x_wconf 90' lang='lat' dir='ltr'><strong>in</strong></span> <span class='ocrx_word' id='word_1_234' title='bbox 1879 3075 2099 3146; x_wconf 87' lang='lat' dir='ltr'><strong>majori-</strong></span> 
     </span>
    </p>
   </div>
   <div class='ocr_carea' id='block_1_32' title="bbox 507 3166 2102 3237">
    <p class='ocr_par' dir='ltr' id='par_1_32' title="bbox 507 3166 2102 3237">
     <span class='ocr_line' id='line_1_32' title="bbox 507 3166 2102 3237; baseline -0.002 -12"><span class='ocrx_word' id='word_1_235' title='bbox 507 3172 606 3226; x_wconf 89' lang='lat' dir='ltr'><strong>bus</strong></span> <span class='ocrx_word' id='word_1_236' title='bbox 646 3187 659 3224; x_wconf 88' lang='lat'><strong>:</strong></span> <span class='ocrx_word' id='word_1_237' title='bbox 705 3183 844 3224; x_wconf 91' lang='lat' dir='ltr'><strong>nunc</strong></span> <span class='ocrx_word' id='word_1_238' title='bbox 882 3177 1061 3223; x_wconf 89' lang='lat' dir='ltr'><strong>autem</strong></span> <span class='ocrx_word' id='word_1_239' title='bbox 1104 3166 1430 3222; x_wconf 88' lang='lat' dir='ltr'><strong>contrarium</strong></span> <span class='ocrx_word' id='word_1_240' title='bbox 1471 3167 1581 3237; x_wconf 90' lang='lat' dir='ltr'><strong>agit</strong></span> <span class='ocrx_word' id='word_1_241' title='bbox 1619 3185 1632 3221; x_wconf 90' lang='lat'><strong>:</strong></span> <span class='ocrx_word' id='word_1_242' title='bbox 1671 3183 1791 3222; x_wconf 91' lang='lat' dir='ltr'><strong>cum</strong></span> <span class='ocrx_word' id='word_1_243' title='bbox 1833 3166 1900 3221; x_wconf 90' lang='lat' dir='ltr'><strong>de</strong></span> <span class='ocrx_word' id='word_1_244' title='bbox 1939 3167 2102 3222; x_wconf 84' lang='lat' dir='ltr'><strong>rebus</strong></span> 
     </span>
    </p>
   </div>
   <div class='ocr_carea' id='block_1_33' title="bbox 505 3257 2099 3330">
    <p class='ocr_par' dir='ltr' id='par_1_33' title="bbox 505 3257 2099 3330">
     <span class='ocr_line' id='line_1_33' title="bbox 505 3257 2099 3330; baseline 0 -16"><span class='ocrx_word' id='word_1_245' title='bbox 505 3260 800 3329; x_wconf 87' lang='lat' dir='ltr'><strong>majoribus</strong></span> <span class='ocrx_word' id='word_1_246' title='bbox 828 3259 1018 3330; x_wconf 89' lang='lat' dir='ltr'><strong>agitur,</strong></span> <span class='ocrx_word' id='word_1_247' title='bbox 1063 3275 1168 3312; x_wconf 92' lang='lat' dir='ltr'><strong>non</strong></span> <span class='ocrx_word' id='word_1_248' title='bbox 1208 3267 1359 3323; x_wconf 87' lang='lat' dir='ltr'><strong>orat,</strong></span> <span class='ocrx_word' id='word_1_249' title='bbox 1390 3266 1447 3312; x_wconf 93' lang='lat' dir='ltr'><strong>ut</strong></span> <span class='ocrx_word' id='word_1_250' title='bbox 1480 3273 1539 3313; x_wconf 93' lang='lat' dir='ltr'><strong>se</strong></span> <span class='ocrx_word' id='word_1_251' title='bbox 1569 3257 1637 3312; x_wconf 90' lang='lat' dir='ltr'><strong>ad</strong></span> <span class='ocrx_word' id='word_1_252' title='bbox 1667 3259 1799 3312; x_wconf 89' lang='lat' dir='ltr'><strong>alios</strong></span> <span class='ocrx_word' id='word_1_253' title='bbox 1825 3257 2099 3314; x_wconf 89' lang='lat' dir='ltr'><strong>docendos</strong></span> 
     </span>
    </p>
   </div>
   <div class='ocr_carea' id='block_1_34' title="bbox 507 3351 2100 3421">
    <p class='ocr_par' dir='ltr' id='par_1_34' title="bbox 507 3351 2100 3421">
     <span class='ocr_line' id='line_1_34' title="bbox 507 3351 2100 3421; baseline 0 -15"><span class='ocrx_word' id='word_1_254' title='bbox 507 3353 559 3406; x_wconf 91' lang='lat' dir='ltr'><strong>id</strong></span> <span class='ocrx_word' id='word_1_255' title='bbox 600 3351 850 3406; x_wconf 87' lang='lat' dir='ltr'><strong>ostendat</strong></span> <span class='ocrx_word' id='word_1_256' title='bbox 885 3353 1077 3421; x_wconf 77' lang='lat' dir='ltr'><strong>egisse,</strong></span> <span class='ocrx_word' id='word_1_257' title='bbox 1116 3367 1222 3405; x_wconf 94' lang='lat' dir='ltr'><strong>non</strong></span> <span class='ocrx_word' id='word_1_258' title='bbox 1264 3351 1404 3420; x_wconf 93' lang='lat' dir='ltr'><strong>quod</strong></span> <span class='ocrx_word' id='word_1_259' title='bbox 1443 3360 1652 3405; x_wconf 86' lang='lat' dir='ltr'><strong>careret</strong></span> <span class='ocrx_word' id='word_1_260' title='bbox 1685 3352 1897 3406; x_wconf 88' lang='lat' dir='ltr'><strong>virtute.</strong></span> <span class='ocrx_word' id='word_1_261' title='bbox 1939 3351 2100 3406; x_wconf 86' lang='lat' dir='ltr'><strong>Certe</strong></span> 
     </span>
    </p>
   </div>
   <div class='ocr_carea' id='block_1_35' title="bbox 505 3442 2099 3514">
    <p class='ocr_par' dir='ltr' id='par_1_35' title="bbox 505 3442 2099 3514">
     <span class='ocr_line' id='line_1_35' title="bbox 505 3442 2099 3514; baseline 0.001 -18"><span class='ocrx_word' id='word_1_262' title='bbox 505 3445 718 3514; x_wconf 78' lang='lat' dir='ltr'><strong>quando</strong></span> <span class='ocrx_word' id='word_1_263' title='bbox 747 3459 911 3512; x_wconf 84' lang='lat' dir='ltr'><strong>panes</strong></span> <span class='ocrx_word' id='word_1_264' title='bbox 937 3442 1229 3507; x_wconf 75' lang='lat' dir='ltr'><strong>benedixit,</strong></span> <span class='ocrx_word' id='word_1_265' title='bbox 1275 3443 1572 3510; x_wconf 88' lang='lat' dir='ltr'><strong>suspiciens</strong></span> <span class='ocrx_word' id='word_1_266' title='bbox 1607 3443 1660 3496; x_wconf 90' lang='lat' dir='ltr'><strong>in</strong></span> <span class='ocrx_word' id='word_1_267' title='bbox 1695 3445 1888 3498; x_wconf 70' lang='lat' dir='ltr'><strong>earlnm</strong></span> <span class='ocrx_word' id='word_1_268' title='bbox 1927 3444 2099 3498; x_wconf 86' lang='lat' dir='ltr'><strong>oravit</strong></span> 
     </span>
    </p>
   </div>
   <div class='ocr_carea' id='block_1_36' title="bbox 507 3537 2096 3608">
    <p class='ocr_par' dir='ltr' id='par_1_36' title="bbox 507 3537 2096 3608">
     <span class='ocr_line' id='line_1_36' title="bbox 507 3537 2096 3608; baseline 0 -16"><span class='ocrx_word' id='word_1_269' title='bbox 507 3539 698 3608; x_wconf 73' lang='lat' dir='ltr'><strong>(Marc.</strong></span> <span class='ocrx_word' id='word_1_270' title='bbox 725 3541 778 3592; x_wconf 86' lang='lat'><strong>6.</strong></span> <span class='ocrx_word' id='word_1_271' title='bbox 803 3537 918 3608; x_wconf 77' lang='grc'><strong>41),</strong></span> <span class='ocrx_word' id='word_1_272' title='bbox 951 3546 1007 3591; x_wconf 87' lang='grc' dir='ltr'><strong>ιιι</strong></span> <span class='ocrx_word' id='word_1_273' title='bbox 1045 3553 1143 3593; x_wconf 90' lang='lat' dir='ltr'><strong>nos</strong></span> <span class='ocrx_word' id='word_1_274' title='bbox 1177 3537 1399 3592; x_wconf 86' lang='lat' dir='ltr'><strong>doceret.</strong></span> <span class='ocrx_word' id='word_1_275' title='bbox 1427 3555 1530 3590; x_wconf 92' lang='lat' dir='ltr'><strong>non</strong></span> <span class='ocrx_word' id='word_1_276' title='bbox 1560 3537 1706 3606; x_wconf 87' lang='lat' dir='ltr'><strong>prius</strong></span> <span class='ocrx_word' id='word_1_277' title='bbox 1734 3538 2096 3606; x_wconf 84' lang='lat' dir='ltr'><strong>attingendam</strong></span> 
     </span>
    </p>
   </div>
   <div class='ocr_carea' id='block_1_37' title="bbox 507 3629 2097 3699">
    <p class='ocr_par' dir='ltr' id='par_1_37' title="bbox 507 3629 2097 3699">
     <span class='ocr_line' id='line_1_37' title="bbox 507 3629 2097 3699; baseline -0.001 -14"><span class='ocrx_word' id='word_1_278' title='bbox 507 3645 628 3685; x_wconf 88' lang='lat' dir='ltr'><strong>esse</strong></span> <span class='ocrx_word' id='word_1_279' title='bbox 655 3645 911 3693; x_wconf 87' lang='lat' dir='ltr'><strong>mensam,</strong></span> <span class='ocrx_word' id='word_1_280' title='bbox 955 3645 1115 3698; x_wconf 91' lang='lat' dir='ltr'><strong>quam</strong></span> <span class='ocrx_word' id='word_1_281' title='bbox 1147 3631 1345 3698; x_wconf 78' lang='lat' dir='ltr'><strong>gratias</strong></span> <span class='ocrx_word' id='word_1_282' title='bbox 1383 3630 1650 3699; x_wconf 80' lang='lat' dir='ltr'><strong>egerimus</strong></span> <span class='ocrx_word' id='word_1_283' title='bbox 1685 3630 1947 3685; x_wconf 85' lang='lat' dir='ltr'><strong>conditori</strong></span> <span class='ocrx_word' id='word_1_284' title='bbox 1988 3629 2097 3684; x_wconf 86' lang='lat' dir='ltr'><strong>fru-</strong></span> 
     </span>
    </p>
   </div>
   <div class='ocr_carea' id='block_1_38' title="bbox 506 3722 2095 3792">
    <p class='ocr_par' dir='ltr' id='par_1_38' title="bbox 506 3722 2095 3792">
     <span class='ocr_line' id='line_1_38' title="bbox 506 3722 2095 3792; baseline 0.001 -16"><span class='ocrx_word' id='word_1_285' title='bbox 506 3737 630 3792; x_wconf 88' lang='lat' dir='ltr'><strong>gmn</strong></span> <span class='ocrx_word' id='word_1_286' title='bbox 673 3723 780 3776; x_wconf 88' lang='lat' dir='ltr'><strong>Deo</strong></span> <span class='ocrx_word' id='word_1_287' title='bbox 812 3740 825 3775; x_wconf 94' lang='lat'><strong>:</strong></span> <span class='ocrx_word' id='word_1_288' title='bbox 857 3733 911 3776; x_wconf 91' lang='lat' dir='ltr'><strong>et</strong></span> <span class='ocrx_word' id='word_1_289' title='bbox 945 3737 1065 3776; x_wconf 90' lang='lat' dir='ltr'><strong>cmn</strong></span> <span class='ocrx_word' id='word_1_290' title='bbox 1109 3722 1302 3776; x_wconf 90' lang='lat' dir='ltr'><strong>multos</strong></span> <span class='ocrx_word' id='word_1_291' title='bbox 1341 3733 1579 3777; x_wconf 88' lang='lat' dir='ltr'><strong>tnortuos</strong></span> <span class='ocrx_word' id='word_1_292' title='bbox 1615 3724 1944 3788; x_wconf 89' lang='lat' dir='ltr'><strong>suscitasset,</strong></span> <span class='ocrx_word' id='word_1_293' title='bbox 1987 3738 2095 3777; x_wconf 90' lang='lat' dir='ltr'><strong>non</strong></span> 
     </span>
    </p>
   </div>
   <div class='ocr_carea' id='block_1_39' title="bbox 507 3812 2094 3878">
    <p class='ocr_par' dir='ltr' id='par_1_39' title="bbox 507 3812 2094 3878">
     <span class='ocr_line' id='line_1_39' title="bbox 507 3812 2094 3878; baseline 0 -12"><span class='ocrx_word' id='word_1_294' title='bbox 507 3813 699 3878; x_wconf 86' lang='lat' dir='ltr'><strong>oravit,</strong></span> <span class='ocrx_word' id='word_1_295' title='bbox 724 3813 816 3867; x_wconf 83' lang='lat' dir='ltr'><strong>sed</strong></span> <span class='ocrx_word' id='word_1_296' title='bbox 842 3827 960 3866; x_wconf 90' lang='lat' dir='ltr'><strong>cum</strong></span> <span class='ocrx_word' id='word_1_297' title='bbox 985 3812 1244 3866; x_wconf 85' lang='lat' dir='ltr'><strong>Lazarum</strong></span> <span class='ocrx_word' id='word_1_298' title='bbox 1267 3812 1458 3866; x_wconf 88' lang='lat' dir='ltr'><strong>solum.</strong></span> <span class='ocrx_word' id='word_1_299' title='bbox 1501 3812 1565 3866; x_wconf 84' lang='lat' dir='ltr'><strong>Et</strong></span> <span class='ocrx_word' id='word_1_300' title='bbox 1585 3827 1798 3867; x_wconf 89' lang='lat' dir='ltr'><strong>causam</strong></span> <span class='ocrx_word' id='word_1_301' title='bbox 1823 3823 1932 3867; x_wconf 88' lang='lat' dir='ltr'><strong>tum</strong></span> <span class='ocrx_word' id='word_1_302' title='bbox 1955 3813 2094 3868; x_wconf 82' lang='lat' dir='ltr'><strong>dixi-</strong></span> 
     </span>
    </p>
   </div>
   <div class='ocr_carea' id='block_1_40' title="bbox 509 3903 2094 3974">
    <p class='ocr_par' dir='ltr' id='par_1_40' title="bbox 509 3903 2094 3974">
     <span class='ocr_line' id='line_1_40' title="bbox 509 3903 2094 3974; baseline -0.001 -14"><span class='ocrx_word' id='word_1_303' title='bbox 509 3921 648 3968; x_wconf 90' lang='lat' dir='ltr'><strong>mus,</strong></span> <span class='ocrx_word' id='word_1_304' title='bbox 689 3904 828 3974; x_wconf 87' lang='lat' dir='ltr'><strong>quod</strong></span> <span class='ocrx_word' id='word_1_305' title='bbox 869 3903 1217 3958; x_wconf 87' lang='lat' dir='ltr'><strong>imbecillitati</strong></span> <span class='ocrx_word' id='word_1_306' title='bbox 1248 3904 1569 3958; x_wconf 88' lang='lat' dir='ltr'><strong>adstantium</strong></span> <span class='ocrx_word' id='word_1_307' title='bbox 1593 3903 1752 3959; x_wconf 89' lang='lat' dir='ltr'><strong>vellet</strong></span> <span class='ocrx_word' id='word_1_308' title='bbox 1771 3905 2094 3962; x_wconf 85' lang='lat' dir='ltr'><strong>consulere:</strong></span> 
     </span>
    </p>
   </div>
   <div class='ocr_carea' id='block_1_41' title="bbox 505 3997 2100 4066">
    <p class='ocr_par' dir='ltr' id='par_1_41' title="bbox 505 3997 2100 4066">
     <span class='ocr_line' id='line_1_41' title="bbox 505 3997 2100 4066; baseline 0.001 -16"><span class='ocrx_word' id='word_1_309' title='bbox 505 4011 664 4066; x_wconf 89' lang='lat' dir='ltr'><strong>quam</strong></span> <span class='ocrx_word' id='word_1_310' title='bbox 687 4011 900 4050; x_wconf 85' lang='lat' dir='ltr'><strong>causam</strong></span> <span class='ocrx_word' id='word_1_311' title='bbox 924 3998 1082 4050; x_wconf 88' lang='lat' dir='ltr'><strong>etiam</strong></span> <span class='ocrx_word' id='word_1_312' title='bbox 1111 3997 1244 4050; x_wconf 77' lang='lat' dir='ltr'><strong>dixit</strong></span> <span class='ocrx_word' id='word_1_313' title='bbox 1283 3998 1416 4066; x_wconf 90' lang='lat' dir='ltr'><strong>ipse,</strong></span> <span class='ocrx_word' id='word_1_314' title='bbox 1443 4011 1564 4050; x_wconf 91' lang='lat' dir='ltr'><strong>cum</strong></span> <span class='ocrx_word' id='word_1_315' title='bbox 1606 4007 1791 4066; x_wconf 90' lang='lat' dir='ltr'><strong>aperte</strong></span> <span class='ocrx_word' id='word_1_316' title='bbox 1831 3997 1959 4052; x_wconf 91' lang='lat' dir='ltr'><strong>illud</strong></span> <span class='ocrx_word' id='word_1_317' title='bbox 1997 3999 2100 4052; x_wconf 88' lang='lat' dir='ltr'><strong>ad-</strong></span> 
     </span>
    </p>
   </div>
   <div class='ocr_carea' id='block_1_42' title="bbox 506 4087 2094 4161">
    <p class='ocr_par' dir='ltr' id='par_1_42' title="bbox 506 4087 2094 4161">
     <span class='ocr_line' id='line_1_42' title="bbox 506 4087 2094 4161; baseline 0.001 -19"><span class='ocrx_word' id='word_1_318' title='bbox 506 4088 636 4143; x_wconf 93' lang='lat' dir='ltr'><strong>didit</strong></span> <span class='ocrx_word' id='word_1_319' title='bbox 671 4105 684 4143; x_wconf 91' lang='lat'>:</span> <span class='ocrx_word' id='word_1_320' title='bbox 716 4087 933 4158; x_wconf 84' lang='lat' dir='ltr'><strong>Propter</strong></span> <span class='ocrx_word' id='word_1_321' title='bbox 961 4087 1194 4153; x_wconf 89' lang='lat' dir='ltr'><strong>turbam,</strong></span> <span class='ocrx_word' id='word_1_322' title='bbox 1238 4104 1352 4161; x_wconf 76' lang='lat' dir='ltr'><strong>quw</strong></span> <span class='ocrx_word' id='word_1_323' title='bbox 1375 4089 1695 4152; x_wconf 82' lang='lat' dir='ltr'><strong>circumstat,</strong></span> <span class='ocrx_word' id='word_1_324' title='bbox 1724 4090 1851 4144; x_wconf 70' lang='lat' dir='ltr'><strong>dixi.</strong></span> <span class='ocrx_word' id='word_1_325' title='bbox 1894 4090 1960 4144; x_wconf 87' lang='lat' dir='ltr'><strong>Et</strong></span> <span class='ocrx_word' id='word_1_326' title='bbox 1989 4106 2094 4144; x_wconf 91' lang='lat' dir='ltr'><strong>non</strong></span> 
     </span>
    </p>
   </div>
   <div class='ocr_carea' id='block_1_43' title="bbox 503 4181 2096 4252">
    <p class='ocr_par' dir='ltr' id='par_1_43' title="bbox 503 4181 2096 4252">
     <span class='ocr_line' id='line_1_43' title="bbox 503 4181 2096 4252; baseline 0.002 -18"><span class='ocrx_word' id='word_1_327' title='bbox 503 4183 611 4252; x_wconf 88' lang='lat' dir='ltr'><strong>jam</strong></span> <span class='ocrx_word' id='word_1_328' title='bbox 639 4181 972 4247; x_wconf 88' lang='lat' dir='ltr'><strong>orationem,</strong></span> <span class='ocrx_word' id='word_1_329' title='bbox 1010 4181 1103 4235; x_wconf 91' lang='lat' dir='ltr'><strong>sed</strong></span> <span class='ocrx_word' id='word_1_330' title='bbox 1130 4195 1315 4234; x_wconf 88' lang='lat' dir='ltr'><strong>vocem</strong></span> <span class='ocrx_word' id='word_1_331' title='bbox 1357 4189 1623 4234; x_wconf 89' lang='lat' dir='ltr'><strong>mortuum</strong></span> <span class='ocrx_word' id='word_1_332' title='bbox 1665 4182 1934 4237; x_wconf 83' lang='lat' dir='ltr'><strong>excitasse</strong></span> <span class='ocrx_word' id='word_1_333' title='bbox 1968 4183 2096 4236; x_wconf 83' lang='lat' dir='ltr'><strong>satis</strong></span> 
     </span>
    </p>
   </div>
   <div class='ocr_carea' id='block_1_44' title="bbox 508 4271 2095 4342">
    <p class='ocr_par' dir='ltr' id='par_1_44' title="bbox 508 4271 2095 4342">
     <span class='ocr_line' id='line_1_44' title="bbox 508 4271 2095 4342; baseline 0 -16"><span class='ocrx_word' id='word_1_334' title='bbox 508 4283 619 4326; x_wconf 92' lang='lat' dir='ltr'><strong>tum</strong></span> <span class='ocrx_word' id='word_1_335' title='bbox 647 4272 1150 4326; x_wconf 67' lang='lat' dir='ltr'><strong>demousnavitnus.</strong></span> <span class='ocrx_word' id='word_1_336' title='bbox 1174 4271 1350 4342; x_wconf 84' lang='lat' dir='ltr'><strong>Atque</strong></span> <span class='ocrx_word' id='word_1_337' title='bbox 1375 4280 1433 4326; x_wconf 91' lang='lat' dir='ltr'><strong>ut</strong></span> <span class='ocrx_word' id='word_1_338' title='bbox 1454 4271 1556 4326; x_wconf 93' lang='lat' dir='ltr'><strong>hoc</strong></span> <span class='ocrx_word' id='word_1_339' title='bbox 1582 4271 1912 4328; x_wconf 80' lang='lat' dir='ltr'><strong>manifestius</strong></span> <span class='ocrx_word' id='word_1_340' title='bbox 1940 4273 2095 4329; x_wconf 79' lang='lat' dir='ltr'><strong>intel-</strong></span> 
     </span>
    </p>
   </div>
   <div class='ocr_carea' id='block_1_45' title="bbox 508 4361 826 4432">
    <p class='ocr_par' dir='ltr' id='par_1_45' title="bbox 508 4361 826 4432">
     <span class='ocr_line' id='line_1_45' title="bbox 508 4361 826 4432; baseline -0.003 -15"><span class='ocrx_word' id='word_1_341' title='bbox 508 4363 660 4432; x_wconf 82' lang='lat' dir='ltr'><strong>ligas,</strong></span> <span class='ocrx_word' id='word_1_342' title='bbox 688 4361 826 4416; x_wconf 86' lang='lat' dir='ltr'><strong>vide.</strong></span> 
     </span>
    </p>
   </div>
   <div class='ocr_carea' id='block_1_46' title="bbox 581 4452 2098 4528">
    <p class='ocr_par' dir='ltr' id='par_1_46' title="bbox 581 4452 2098 4528">
     <span class='ocr_line' id='line_1_46' title="bbox 581 4452 2098 4528; baseline 0.003 -23"><span class='ocrx_word' id='word_1_343' title='bbox 581 4452 832 4506; x_wconf 73' lang='lat' dir='ltr'><strong>Probatur</strong></span> <span class='ocrx_word' id='word_1_344' title='bbox 851 4454 1102 4507; x_wconf 78' lang='lat' dir='ltr'><strong>Christum</strong></span> <span class='ocrx_word' id='word_1_345' title='bbox 1119 4453 1344 4507; x_wconf 81' lang='lat' dir='ltr'><strong>eamdem</strong></span> <span class='ocrx_word' id='word_1_346' title='bbox 1365 4453 1546 4509; x_wconf 88' lang='lat' dir='ltr'><strong>habere</strong></span> <span class='ocrx_word' id='word_1_347' title='bbox 1564 4463 1858 4526; x_wconf 86' lang='lat' dir='ltr'><strong>potestatem</strong></span> <span class='ocrx_word' id='word_1_348' title='bbox 1879 4474 2032 4528; x_wconf 85' lang='lat' dir='ltr'><strong>quam</strong></span> <span class='ocrx_word' id='word_1_349' title='bbox 2051 4468 2098 4512; x_wconf 86' lang='lat' dir='ltr'><strong>et</strong></span> 
     </span>
    </p>
   </div>
   <div class='ocr_carea' id='block_1_47' title="bbox 509 4542 2099 4620">
    <p class='ocr_par' dir='ltr' id='par_1_47' title="bbox 509 4542 2099 4620">
     <span class='ocr_line' id='line_1_47' title="bbox 509 4542 2099 4620; baseline 0.003 -24"><span class='ocrx_word' id='word_1_350' title='bbox 509 4542 666 4597; x_wconf 82' lang='lat' dir='ltr'><strong>Pater</strong></span> <span class='ocrx_word' id='word_1_351' title='bbox 681 4543 1142 4610; x_wconf 58' lang='lat' dir='ltr'><strong>haben—Quando</strong></span> <span class='ocrx_word' id='word_1_352' title='bbox 1159 4547 1300 4600; x_wconf 89' lang='lat' dir='ltr'><strong>enim</strong></span> <span class='ocrx_word' id='word_1_353' title='bbox 1321 4547 1642 4614; x_wconf 90' lang='lat' dir='ltr'><strong>puniendum</strong></span> <span class='ocrx_word' id='word_1_354' title='bbox 1667 4547 1843 4614; x_wconf 91' lang='lat' dir='ltr'><strong>fuerit,</strong></span> <span class='ocrx_word' id='word_1_355' title='bbox 1862 4559 1914 4602; x_wconf 85' lang='lat' dir='ltr'><strong>et</strong></span> <span class='ocrx_word' id='word_1_356' title='bbox 1928 4567 2099 4620; x_wconf 90' lang='lat' dir='ltr'><strong>quau-</strong></span> 
     </span>
    </p>
   </div>
   <div class='ocr_carea' id='block_1_48' title="bbox 505 4635 2098 4709">
    <p class='ocr_par' dir='ltr' id='par_1_48' title="bbox 505 4635 2098 4709">
     <span class='ocr_line' id='line_1_48' title="bbox 505 4635 2098 4709; baseline 0.004 -19"><span class='ocrx_word' id='word_1_357' title='bbox 505 4636 576 4690; x_wconf 81' lang='lat' dir='ltr'><strong>do</strong></span> <span class='ocrx_word' id='word_1_358' title='bbox 588 4635 790 4690; x_wconf 87' lang='lat' dir='ltr'><strong>honore</strong></span> <span class='ocrx_word' id='word_1_359' title='bbox 807 4635 1169 4704; x_wconf 89' lang='lat' dir='ltr'><strong>afﬁciendum,</strong></span> <span class='ocrx_word' id='word_1_360' title='bbox 1185 4637 1459 4707; x_wconf 90' lang='lat' dir='ltr'><strong>etquando</strong></span> <span class='ocrx_word' id='word_1_361' title='bbox 1476 4650 1688 4707; x_wconf 86' lang='lat' dir='ltr'><strong>peccata</strong></span> <span class='ocrx_word' id='word_1_362' title='bbox 1703 4641 2098 4709; x_wconf 85' lang='lat' dir='ltr'><strong>dimittenda,et</strong></span> 
     </span>
    </p>
   </div>
   <div class='ocr_carea' id='block_1_49' title="bbox 505 4726 2096 4804">
    <p class='ocr_par' dir='ltr' id='par_1_49' title="bbox 505 4726 2096 4804">
     <span class='ocr_line' id='line_1_49' title="bbox 505 4726 2096 4804; baseline 0.006 -26"><span class='ocrx_word' id='word_1_363' title='bbox 505 4727 718 4796; x_wconf 85' lang='lat' dir='ltr'><strong>quando</strong></span> <span class='ocrx_word' id='word_1_364' title='bbox 741 4727 880 4796; x_wconf 81' lang='lat' dir='ltr'><strong>leges</strong></span> <span class='ocrx_word' id='word_1_365' title='bbox 897 4726 1151 4794; x_wconf 67' lang='lat' dir='ltr'><strong>ferendae,</strong></span> <span class='ocrx_word' id='word_1_366' title='bbox 1165 4737 1219 4784; x_wconf 88' lang='lat' dir='ltr'><strong>et</strong></span> <span class='ocrx_word' id='word_1_367' title='bbox 1234 4729 1446 4798; x_wconf 89' lang='lat' dir='ltr'><strong>quando</strong></span> <span class='ocrx_word' id='word_1_368' title='bbox 1466 4731 1733 4800; x_wconf 79' lang='lat' dir='ltr'><strong>quidpiam</strong></span> <span class='ocrx_word' id='word_1_369' title='bbox 1751 4749 1958 4799; x_wconf 88' lang='lat' dir='ltr'><strong>eorum,</strong></span> <span class='ocrx_word' id='word_1_370' title='bbox 1977 4749 2096 4804; x_wconf 65' lang='lat' dir='ltr'><strong>quae</strong></span> 
     </span>
    </p>
   </div>
   <div class='ocr_carea' id='block_1_50' title="bbox 505 4820 2093 4896">
    <p class='ocr_par' dir='ltr' id='par_1_50' title="bbox 505 4820 2093 4896">
     <span class='ocr_line' id='line_1_50' title="bbox 505 4820 2093 4896; baseline 0.004 -22"><span class='ocrx_word' id='word_1_371' title='bbox 505 4820 720 4889; x_wconf 82' lang='lat' dir='ltr'><strong>majoris</strong></span> <span class='ocrx_word' id='word_1_372' title='bbox 738 4821 988 4874; x_wconf 88' lang='lat' dir='ltr'><strong>momenti</strong></span> <span class='ocrx_word' id='word_1_373' title='bbox 1008 4830 1150 4886; x_wconf 79' lang='lat' dir='ltr'><strong>sont,</strong></span> <span class='ocrx_word' id='word_1_374' title='bbox 1169 4821 1430 4892; x_wconf 87' lang='lat' dir='ltr'><strong>agendum</strong></span> <span class='ocrx_word' id='word_1_375' title='bbox 1455 4823 1631 4889; x_wconf 87' lang='lat' dir='ltr'><strong>luerit,</strong></span> <span class='ocrx_word' id='word_1_376' title='bbox 1657 4835 1914 4896; x_wconf 78' lang='lat' dir='ltr'><strong>nusquam</strong></span> <span class='ocrx_word' id='word_1_377' title='bbox 1948 4828 2093 4882; x_wconf 90' lang='lat' dir='ltr'><strong>illum</strong></span> 
     </span>
    </p>
   </div>
   <div class='ocr_carea' id='block_1_51' title="bbox 502 4913 2096 4980">
    <p class='ocr_par' dir='ltr' id='par_1_51' title="bbox 502 4913 2096 4980">
     <span class='ocr_line' id='line_1_51' title="bbox 502 4913 2096 4980; baseline 0.006 -16"><span class='ocrx_word' id='word_1_378' title='bbox 502 4926 696 4966; x_wconf 85' lang='lat' dir='ltr'><strong>vocare</strong></span> <span class='ocrx_word' id='word_1_379' title='bbox 717 4913 922 4966; x_wconf 79' lang='lat' dir='ltr'><strong>Patrem</strong></span> <span class='ocrx_word' id='word_1_380' title='bbox 943 4913 1202 4980; x_wconf 88' lang='lat' dir='ltr'><strong>invenies,</strong></span> <span class='ocrx_word' id='word_1_381' title='bbox 1223 4928 1323 4968; x_wconf 88' lang='lat' dir='ltr'><strong>nec</strong></span> <span class='ocrx_word' id='word_1_382' title='bbox 1343 4929 1518 4980; x_wconf 88' lang='lat' dir='ltr'><strong>orare,</strong></span> <span class='ocrx_word' id='word_1_383' title='bbox 1533 4916 1625 4969; x_wconf 89' lang='lat' dir='ltr'><strong>sed</strong></span> <span class='ocrx_word' id='word_1_384' title='bbox 1643 4933 1761 4971; x_wconf 90' lang='lat' dir='ltr'><strong>cum</strong></span> <span class='ocrx_word' id='word_1_385' title='bbox 1781 4921 2096 4974; x_wconf 85' lang='lat' dir='ltr'><strong>auctoritate</strong></span> 
     </span>
    </p>
   </div>
   <div class='ocr_carea' id='block_1_52' title="bbox 502 5001 2096 5080">
    <p class='ocr_par' dir='ltr' id='par_1_52' title="bbox 502 5001 2096 5080">
     <span class='ocr_line' id='line_1_52' title="bbox 502 5001 2096 5080; baseline 0.006 -24"><span class='ocrx_word' id='word_1_386' title='bbox 502 5012 688 5057; x_wconf 85' lang='lat' dir='ltr'><strong>cuncta</strong></span> <span class='ocrx_word' id='word_1_387' title='bbox 723 5001 1000 5069; x_wconf 88' lang='lat' dir='ltr'><strong>perﬁcere.</strong></span> <span class='ocrx_word' id='word_1_388' title='bbox 1057 5003 1230 5072; x_wconf 87' lang='lat' dir='ltr'><strong>Atque</strong></span> <span class='ocrx_word' id='word_1_389' title='bbox 1278 5003 1466 5058; x_wconf 89' lang='lat' dir='ltr'><strong>horum</strong></span> <span class='ocrx_word' id='word_1_390' title='bbox 1507 5006 1718 5074; x_wconf 87' lang='lat' dir='ltr'><strong>quidem</strong></span> <span class='ocrx_word' id='word_1_391' title='bbox 1761 5008 1963 5078; x_wconf 89' lang='lat' dir='ltr'><strong>singula</strong></span> <span class='ocrx_word' id='word_1_392' title='bbox 1995 5025 2096 5080; x_wconf 88' lang='lat' dir='ltr'><strong>ego</strong></span> 
     </span>
    </p>
   </div>
   <div class='ocr_carea' id='block_1_53' title="bbox 501 5094 2095 5170">
    <p class='ocr_par' dir='ltr' id='par_1_53' title="bbox 501 5094 2095 5170">
     <span class='ocr_line' id='line_1_53' title="bbox 501 5094 2095 5170; baseline 0.006 -24"><span class='ocrx_word' id='word_1_393' title='bbox 501 5095 793 5148; x_wconf 87' lang='lat' dir='ltr'><strong>numerabo</strong></span> <span class='ocrx_word' id='word_1_394' title='bbox 823 5112 836 5147; x_wconf 87' lang='lat'><strong>:</strong></span> <span class='ocrx_word' id='word_1_395' title='bbox 883 5103 935 5147; x_wconf 88' lang='grc' dir='ltr'><strong>ιιι</strong></span> <span class='ocrx_word' id='word_1_396' title='bbox 969 5109 1096 5147; x_wconf 82' lang='lat' dir='ltr'><strong>vero</strong></span> <span class='ocrx_word' id='word_1_397' title='bbox 1127 5094 1410 5164; x_wconf 78' lang='lat' dir='ltr'><strong>diligenter</strong></span> <span class='ocrx_word' id='word_1_398' title='bbox 1441 5097 1717 5151; x_wconf 79' lang='lat' dir='ltr'><strong>Considera</strong></span> <span class='ocrx_word' id='word_1_399' title='bbox 1743 5141 1757 5164; x_wconf 94' lang='lat'><strong>,</strong></span> <span class='ocrx_word' id='word_1_400' title='bbox 1805 5115 1910 5169; x_wconf 89' lang='lat' dir='ltr'><strong>quo</strong></span> <span class='ocrx_word' id='word_1_401' title='bbox 1941 5111 2095 5170; x_wconf 88' lang='lat' dir='ltr'><strong>pacto</strong></span> 
     </span>
    </p>
   </div>
   <div class='ocr_carea' id='block_1_54' title="bbox 501 5186 2094 5262">
    <p class='ocr_par' dir='ltr' id='par_1_54' title="bbox 501 5186 2094 5262">
     <span class='ocr_line' id='line_1_54' title="bbox 501 5186 2094 5262; baseline 0.007 -25"><span class='ocrx_word' id='word_1_402' title='bbox 501 5197 761 5254; x_wconf 85' lang='lat' dir='ltr'><strong>nusquam</strong></span> <span class='ocrx_word' id='word_1_403' title='bbox 795 5186 1025 5255; x_wconf 83' lang='lat' dir='ltr'><strong>indigeat</strong></span> <span class='ocrx_word' id='word_1_404' title='bbox 1059 5189 1316 5242; x_wconf 90' lang='lat' dir='ltr'><strong>oratione.</strong></span> <span class='ocrx_word' id='word_1_405' title='bbox 1373 5187 1565 5253; x_wconf 83' lang='lat' dir='ltr'><strong>Venite,</strong></span> <span class='ocrx_word' id='word_1_406' title='bbox 1613 5191 1801 5262; x_wconf 89' lang='lat' dir='ltr'><strong>inquit,</strong></span> <span class='ocrx_word' id='word_1_407' title='bbox 1851 5193 2094 5248; x_wconf 84' lang='lat' dir='ltr'><strong>benedicti</strong></span> 
     </span>
    </p>
   </div>
   <div class='ocr_carea' id='block_1_55' title="bbox 503 5275 2095 5351">
    <p class='ocr_par' dir='ltr' id='par_1_55' title="bbox 503 5275 2095 5351">
     <span class='ocr_line' id='line_1_55' title="bbox 503 5275 2095 5351; baseline 0.008 -23"><span class='ocrx_word' id='word_1_408' title='bbox 503 5275 677 5331; x_wconf 77' lang='lat' dir='ltr'><strong>Patris</strong></span> <span class='ocrx_word' id='word_1_409' title='bbox 717 5279 832 5340; x_wconf 87' lang='lat' dir='ltr'><strong>mei,</strong></span> <span class='ocrx_word' id='word_1_410' title='bbox 881 5279 1128 5345; x_wconf 78' lang='lat' dir='ltr'><strong>possidete</strong></span> <span class='ocrx_word' id='word_1_411' title='bbox 1167 5289 1403 5350; x_wconf 85' lang='lat' dir='ltr'><strong>paratum</strong></span> <span class='ocrx_word' id='word_1_412' title='bbox 1443 5281 1581 5334; x_wconf 82' lang='lat' dir='ltr'><strong>vobis</strong></span> <span class='ocrx_word' id='word_1_413' title='bbox 1622 5300 1850 5351; x_wconf 84' lang='lat' dir='ltr'><strong>regnant,</strong></span> <span class='ocrx_word' id='word_1_414' title='bbox 1887 5297 1941 5339; x_wconf 86' lang='lat' dir='ltr'><strong>et</strong></span> <span class='ocrx_word' id='word_1_415' title='bbox 1977 5301 2095 5339; x_wconf 86' lang='lat' dir='ltr'><strong>rur-</strong></span> 
     </span>
    </p>
   </div>
   <div class='ocr_carea' id='block_1_56' title="bbox 508 5367 2093 5447">
    <p class='ocr_par' dir='ltr' id='par_1_56' title="bbox 508 5367 2093 5447">
     <span class='ocr_line' id='line_1_56' title="bbox 508 5367 2093 5447; baseline 0.011 -31"><span class='ocrx_word' id='word_1_416' title='bbox 508 5378 632 5420; x_wconf 83' lang='lat' dir='ltr'><strong>sus:</strong></span> <span class='ocrx_word' id='word_1_417' title='bbox 669 5367 919 5423; x_wconf 83' lang='lat' dir='ltr'><strong>Discedite</strong></span> <span class='ocrx_word' id='word_1_418' title='bbox 967 5387 997 5422; x_wconf 81' lang='grc' dir='ltr'>(ι</span> <span class='ocrx_word' id='word_1_419' title='bbox 1037 5387 1136 5435; x_wconf 82' lang='lat' dir='ltr'><strong>me,</strong></span> <span class='ocrx_word' id='word_1_420' title='bbox 1166 5373 1441 5437; x_wconf 83' lang='lat' dir='ltr'><strong>maledicti,</strong></span> <span class='ocrx_word' id='word_1_421' title='bbox 1484 5376 1535 5428; x_wconf 91' lang='lat' dir='ltr'><strong>in</strong></span> <span class='ocrx_word' id='word_1_422' title='bbox 1562 5381 1729 5445; x_wconf 81' lang='lat' dir='ltr'><strong>ignem</strong></span> <span class='ocrx_word' id='word_1_423' title='bbox 1756 5379 1841 5446; x_wconf 86' lang='lat' dir='ltr'><strong>qui</strong></span> <span class='ocrx_word' id='word_1_424' title='bbox 1886 5389 2093 5447; x_wconf 85' lang='lat' dir='ltr'><strong>paratus</strong></span> 
     </span>
    </p>
   </div>
   <div class='ocr_carea' id='block_1_57' title="bbox 497 5460 2088 5537">
    <p class='ocr_par' dir='ltr' id='par_1_57' title="bbox 497 5460 2088 5537">
     <span class='ocr_line' id='line_1_57' title="bbox 497 5460 2088 5537; baseline 0.008 -24"><span class='ocrx_word' id='word_1_425' title='bbox 497 5477 574 5518; x_wconf 77' lang='lat' dir='ltr'><strong>est</strong></span> <span class='ocrx_word' id='word_1_426' title='bbox 595 5460 793 5514; x_wconf 85' lang='lat' dir='ltr'><strong>diabolo</strong></span> <span class='ocrx_word' id='word_1_427' title='bbox 815 5471 862 5514; x_wconf 87' lang='lat' dir='ltr'><strong>et</strong></span> <span class='ocrx_word' id='word_1_428' title='bbox 877 5463 1069 5531; x_wconf 69' lang='lat' dir='ltr'><strong>angelis</strong></span> <span class='ocrx_word' id='word_1_429' title='bbox 1089 5465 1200 5533; x_wconf 80' lang='lat' dir='ltr'><strong>ejus</strong></span> <span class='ocrx_word' id='word_1_430' title='bbox 1219 5465 1430 5532; x_wconf 77' lang='lat' dir='ltr'><strong>(Matth.</strong></span> <span class='ocrx_word' id='word_1_431' title='bbox 1450 5467 1538 5522; x_wconf 74' lang='lat'><strong>‘25.</strong></span> <span class='ocrx_word' id='word_1_432' title='bbox 1568 5469 1654 5522; x_wconf 69' lang='grc'><strong>54.</strong></span> <span class='ocrx_word' id='word_1_433' title='bbox 1672 5469 1784 5537; x_wconf 72' lang='grc'><strong>41).</strong></span> <span class='ocrx_word' id='word_1_434' title='bbox 1805 5470 1944 5526; x_wconf 79' lang='lat' dir='ltr'><strong>Ecce</strong></span> <span class='ocrx_word' id='word_1_435' title='bbox 1969 5487 2088 5526; x_wconf 89' lang='lat' dir='ltr'><strong>cum</strong></span> 
     </span>
    </p>
   </div>
   <div class='ocr_carea' id='block_1_58' title="bbox 499 5553 2090 5626">
    <p class='ocr_par' dir='ltr' id='par_1_58' title="bbox 499 5553 2090 5626">
     <span class='ocr_line' id='line_1_58' title="bbox 499 5553 2090 5626; baseline 0.011 -24"><span class='ocrx_word' id='word_1_436' title='bbox 499 5553 643 5606; x_wconf 88' lang='lat' dir='ltr'><strong>omni</strong></span> <span class='ocrx_word' id='word_1_437' title='bbox 671 5553 984 5609; x_wconf 88' lang='lat' dir='ltr'><strong>auctoritate</strong></span> <span class='ocrx_word' id='word_1_438' title='bbox 1011 5557 1271 5623; x_wconf 84' lang='lat' dir='ltr'><strong>supplicio</strong></span> <span class='ocrx_word' id='word_1_439' title='bbox 1297 5556 1479 5623; x_wconf 86' lang='lat' dir='ltr'><strong>afﬁcit,</strong></span> <span class='ocrx_word' id='word_1_440' title='bbox 1509 5568 1562 5614; x_wconf 89' lang='lat' dir='ltr'><strong>et</strong></span> <span class='ocrx_word' id='word_1_441' title='bbox 1592 5559 1814 5626; x_wconf 90' lang='lat' dir='ltr'><strong>honore,</strong></span> <span class='ocrx_word' id='word_1_442' title='bbox 1841 5579 1938 5618; x_wconf 92' lang='lat' dir='ltr'><strong>nec</strong></span> <span class='ocrx_word' id='word_1_443' title='bbox 1965 5581 2090 5619; x_wconf 91' lang='lat' dir='ltr'><strong>ora-</strong></span> 
     </span>
    </p>
   </div>
   <div class='ocr_carea' id='block_1_59' title="bbox 501 5642 2090 5725">
    <p class='ocr_par' dir='ltr' id='par_1_59' title="bbox 501 5642 2090 5725">
     <span class='ocr_line' id='line_1_59' title="bbox 501 5642 2090 5725; baseline 0.015 -36"><span class='ocrx_word' id='word_1_444' title='bbox 501 5642 648 5700; x_wconf 66' lang='lat' dir='ltr'><strong>tione.</strong></span> <span class='ocrx_word' id='word_1_445' title='bbox 686 5643 789 5696; x_wconf 90' lang='lat' dir='ltr'><strong>ulla</strong></span> <span class='ocrx_word' id='word_1_446' title='bbox 828 5643 1046 5714; x_wconf 77' lang='lat' dir='ltr'><strong>indiget.</strong></span> <span class='ocrx_word' id='word_1_447' title='bbox 1099 5646 1301 5701; x_wconf 81' lang='lat' dir='ltr'><strong>llursus</strong></span> <span class='ocrx_word' id='word_1_448' title='bbox 1331 5649 1543 5718; x_wconf 90' lang='lat' dir='ltr'><strong>quando</strong></span> <span class='ocrx_word' id='word_1_449' title='bbox 1569 5652 1843 5724; x_wconf 81' lang='lat' dir='ltr'><strong>paralytici</strong></span> <span class='ocrx_word' id='word_1_450' title='bbox 1879 5659 2090 5725; x_wconf 84' lang='lat' dir='ltr'><strong>corpori</strong></span> 
     </span>
    </p>
   </div>
   <div class='ocr_carea' id='block_1_60' title="bbox 505 5731 2090 5818">
    <p class='ocr_par' dir='ltr' id='par_1_60' title="bbox 505 5731 2090 5818">
     <span class='ocr_line' id='line_1_60' title="bbox 505 5731 2090 5818; baseline 0.016 -37"><span class='ocrx_word' id='word_1_451' title='bbox 505 5731 702 5786; x_wconf 78' lang='lat' dir='ltr'><strong>mederi</strong></span> <span class='ocrx_word' id='word_1_452' title='bbox 741 5735 924 5802; x_wconf 88' lang='lat' dir='ltr'><strong>voluit,</strong></span> <span class='ocrx_word' id='word_1_453' title='bbox 973 5738 1199 5809; x_wconf 80' lang='lat' dir='ltr'><strong>Surgcns</strong></span> <span class='ocrx_word' id='word_1_454' title='bbox 1234 5740 1356 5797; x_wconf 75' lang='lat' dir='ltr'><strong>tolle</strong></span> <span class='ocrx_word' id='word_1_455' title='bbox 1389 5741 1572 5798; x_wconf 82' lang='lat' dir='ltr'><strong>lectam</strong></span> <span class='ocrx_word' id='word_1_456' title='bbox 1606 5753 1770 5818; x_wconf 85' lang='lat' dir='ltr'><strong>tuum,</strong></span> <span class='ocrx_word' id='word_1_457' title='bbox 1812 5762 1859 5803; x_wconf 89' lang='lat' dir='ltr'><strong>et</strong></span> <span class='ocrx_word' id='word_1_458' title='bbox 1888 5751 2090 5807; x_wconf 86' lang='lat' dir='ltr'><strong>ambula</strong></span> 
     </span>
    </p>
   </div>
   <div class='ocr_carea' id='block_1_61' title="bbox 1235 256 3744 352">
    <p class='ocr_par' dir='ltr' id='par_1_61' title="bbox 1235 256 3744 352">
     <span class='ocr_line' id='line_1_61' title="bbox 1235 256 3744 352; baseline 0.004 -33"><span class='ocrx_word' id='word_1_459' title='bbox 1235 262 1295 318; x_wconf 89' lang='lat' dir='ltr'><strong>S.</strong></span> <span class='ocrx_word' id='word_1_460' title='bbox 1335 260 1616 318; x_wconf 72' lang='lat' dir='ltr'><strong>JOANNIS</strong></span> <span class='ocrx_word' id='word_1_461' title='bbox 1654 256 2129 316; x_wconf 74' lang='lat' dir='ltr'><strong>CllRYSOSTOMl</strong></span> <span class='ocrx_word' id='word_1_462' title='bbox 2167 258 2486 318; x_wconf 78' lang='lat' dir='ltr'><strong>ARCllIEP.</strong></span> <span class='ocrx_word' id='word_1_463' title='bbox 2527 261 3056 328; x_wconf 70' lang='lat' dir='ltr'><strong>CONSTANTENOP.</strong></span> <span class='ocrx_word' id='word_1_464' title='bbox 3661 294 3744 352; x_wconf 72' lang='lat'><strong>733</strong></span> 
     </span>
    </p>
   </div>
   <div class='ocr_carea' id='block_1_62' title="bbox 2224 395 3748 498">
    <p class='ocr_par' dir='ltr' id='par_1_62' title="bbox 2224 395 3748 498">
     <span class='ocr_line' id='line_1_62' title="bbox 2224 395 3748 498; baseline 0.024 -49"><span class='ocrx_word' id='word_1_465' title='bbox 2224 395 2503 498; x_wconf 77' lang='lat' dir='ltr'><strong>(Marc.</strong></span> <span class='ocrx_word' id='word_1_466' title='bbox 2549 399 2606 471; x_wconf 85' lang='lat'><strong>9)</strong></span> <span class='ocrx_word' id='word_1_467' title='bbox 2628 421 2643 458; x_wconf 90' lang='lat'><strong>:</strong></span> <span class='ocrx_word' id='word_1_468' title='bbox 2663 404 2876 498; x_wconf 80' lang='lat' dir='ltr'><strong>quando</strong></span> <span class='ocrx_word' id='word_1_469' title='bbox 2902 421 2930 460; x_wconf 91' lang='lat' dir='ltr'><strong>a</strong></span> <span class='ocrx_word' id='word_1_470' title='bbox 2955 415 3130 464; x_wconf 87' lang='lat' dir='ltr'><strong>morte</strong></span> <span class='ocrx_word' id='word_1_471' title='bbox 3154 407 3393 483; x_wconf 76' lang='lat' dir='ltr'><strong>liberare,</strong></span> <span class='ocrx_word' id='word_1_472' title='bbox 3417 416 3599 478; x_wconf 82' lang='lat' dir='ltr'><strong>Talitho</strong></span> <span class='ocrx_word' id='word_1_473' title='bbox 3617 433 3748 498; x_wconf 76' lang='lat' dir='ltr'><strong>curui,</strong></span> 
     </span>
    </p>
   </div>
   <div class='ocr_carea' id='block_1_63' title="bbox 2222 491 3748 576">
    <p class='ocr_par' dir='ltr' id='par_1_63' title="bbox 2222 491 3748 576">
     <span class='ocr_line' id='line_1_63' title="bbox 2222 491 3748 576; baseline 0.022 -34"><span class='ocrx_word' id='word_1_474' title='bbox 2222 505 2372 560; x_wconf 82' lang='lat' dir='ltr'><strong>surge</strong></span> <span class='ocrx_word' id='word_1_475' title='bbox 2421 491 2622 563; x_wconf 77' lang='lat' dir='ltr'><strong>(Marc.</strong></span> <span class='ocrx_word' id='word_1_476' title='bbox 2661 495 2714 551; x_wconf 84' lang='lat'><strong>5.</strong></span> <span class='ocrx_word' id='word_1_477' title='bbox 2754 496 2844 558; x_wconf 72' lang='grc'><strong>41)</strong></span> <span class='ocrx_word' id='word_1_478' title='bbox 2873 514 2886 550; x_wconf 90' lang='lat'>:</span> <span class='ocrx_word' id='word_1_479' title='bbox 2919 499 3133 568; x_wconf 91' lang='lat' dir='ltr'><strong>quando</strong></span> <span class='ocrx_word' id='word_1_480' title='bbox 3175 515 3204 555; x_wconf 87' lang='lat' dir='ltr'><strong>a</strong></span> <span class='ocrx_word' id='word_1_481' title='bbox 3242 510 3460 573; x_wconf 82' lang='lat' dir='ltr'><strong>peccatis</strong></span> <span class='ocrx_word' id='word_1_482' title='bbox 3500 491 3748 576; x_wconf 78' lang='lat' dir='ltr'><strong>itnmuncni</strong></span> 
     </span>
    </p>
   </div>
   <div class='ocr_carea' id='block_1_64' title="bbox 2222 580 3749 676">
    <p class='ocr_par' dir='ltr' id='par_1_64' title="bbox 2222 580 3749 676">
     <span class='ocr_line' id='line_1_64' title="bbox 2222 580 3749 676; baseline 0.021 -43"><span class='ocrx_word' id='word_1_483' title='bbox 2222 580 2469 676; x_wconf 79' lang='lat' dir='ltr'><strong>reddere,</strong></span> <span class='ocrx_word' id='word_1_484' title='bbox 2493 582 2812 656; x_wconf 80' lang='lat' dir='ltr'><strong>Conﬁdc,fili,</strong></span> <span class='ocrx_word' id='word_1_485' title='bbox 2832 589 2885 641; x_wconf 84' lang='lat' dir='ltr'><strong>di</strong></span> <span class='ocrx_word' id='word_1_486' title='bbox 2891 591 3152 645; x_wconf 80' lang='lat' dir='ltr'><strong>mittuntur</strong></span> <span class='ocrx_word' id='word_1_487' title='bbox 3163 592 3249 646; x_wconf 88' lang='lat' dir='ltr'><strong>tibi</strong></span> <span class='ocrx_word' id='word_1_488' title='bbox 3266 608 3460 666; x_wconf 84' lang='lat' dir='ltr'><strong>peccata</strong></span> <span class='ocrx_word' id='word_1_489' title='bbox 3478 611 3556 656; x_wconf 88' lang='lat' dir='ltr'><strong>tua</strong></span> <span class='ocrx_word' id='word_1_490' title='bbox 3570 605 3749 676; x_wconf 68' lang='lat' dir='ltr'><strong>(Matth.</strong></span> 
     </span>
    </p>
   </div>
   <div class='ocr_carea' id='block_1_65' title="bbox 2222 673 3750 762">
    <p class='ocr_par' dir='ltr' id='par_1_65' title="bbox 2222 673 3750 762">
     <span class='ocr_line' id='line_1_65' title="bbox 2222 673 3750 762; baseline 0.017 -34"><span class='ocrx_word' id='word_1_491' title='bbox 2222 673 2274 728; x_wconf 92' lang='lat'><strong>9.</strong></span> <span class='ocrx_word' id='word_1_492' title='bbox 2303 673 2362 745; x_wconf 72' lang='lat'><strong>2)</strong></span> <span class='ocrx_word' id='word_1_493' title='bbox 2408 691 2422 728; x_wconf 91' lang='lat'><strong>:</strong></span> <span class='ocrx_word' id='word_1_494' title='bbox 2473 679 2686 746; x_wconf 90' lang='lat' dir='ltr'><strong>quando</strong></span> <span class='ocrx_word' id='word_1_495' title='bbox 2714 679 2984 736; x_wconf 70' lang='lat' dir='ltr'><strong>dmmoncs</strong></span> <span class='ocrx_word' id='word_1_496' title='bbox 3027 687 3320 754; x_wconf 88' lang='lat' dir='ltr'><strong>increpare,</strong></span> <span class='ocrx_word' id='word_1_497' title='bbox 3349 687 3455 744; x_wconf 76' lang='lat' dir='ltr'><strong>Tibi</strong></span> <span class='ocrx_word' id='word_1_498' title='bbox 3493 673 3614 762; x_wconf 81' lang='lat' dir='ltr'><strong>dico,</strong></span> <span class='ocrx_word' id='word_1_499' title='bbox 3654 716 3750 753; x_wconf 83' lang='lat' dir='ltr'><strong>nta-</strong></span> 
     </span>
    </p>
   </div>
   <div class='ocr_carea' id='block_1_66' title="bbox 2223 762 3750 855">
    <p class='ocr_par' dir='ltr' id='par_1_66' title="bbox 2223 762 3750 855">
     <span class='ocr_line' id='line_1_66' title="bbox 2223 762 3750 855; baseline 0.018 -39"><span class='ocrx_word' id='word_1_500' title='bbox 2223 762 2418 834; x_wconf 87' lang='lat' dir='ltr'><strong>lignum</strong></span> <span class='ocrx_word' id='word_1_501' title='bbox 2470 767 2800 832; x_wconf 81' lang='lat' dir='ltr'><strong>dcemonium,</strong></span> <span class='ocrx_word' id='word_1_502' title='bbox 2839 773 2920 824; x_wconf 73' lang='lat' dir='ltr'><strong>exi</strong></span> <span class='ocrx_word' id='word_1_503' title='bbox 2955 771 3017 825; x_wconf 90' lang='lat' dir='ltr'><strong>ab</strong></span> <span class='ocrx_word' id='word_1_504' title='bbox 3055 791 3112 827; x_wconf 84' lang='lat' dir='ltr'><strong>eo</strong></span> <span class='ocrx_word' id='word_1_505' title='bbox 3152 773 3342 844; x_wconf 70' lang='lat' dir='ltr'><strong>(Marc.</strong></span> <span class='ocrx_word' id='word_1_506' title='bbox 3375 779 3426 834; x_wconf 81' lang='grc'><strong>5.</strong></span> <span class='ocrx_word' id='word_1_507' title='bbox 3455 781 3506 852; x_wconf 91' lang='grc'><strong>8)</strong></span> <span class='ocrx_word' id='word_1_508' title='bbox 3535 789 3750 855; x_wconf 84' lang='lat' dir='ltr'><strong>:quando</strong></span> 
     </span>
    </p>
   </div>
   <div class='ocr_carea' id='block_1_67' title="bbox 2221 857 3746 946">
    <p class='ocr_par' dir='ltr' id='par_1_67' title="bbox 2221 857 3746 946">
     <span class='ocr_line' id='line_1_67' title="bbox 2221 857 3746 946; baseline 0.015 -37"><span class='ocrx_word' id='word_1_509' title='bbox 2221 857 2616 925; x_wconf 77' lang='lat' dir='ltr'><strong>reprimendum</strong></span> <span class='ocrx_word' id='word_1_510' title='bbox 2680 860 2778 914; x_wconf 91' lang='lat' dir='ltr'><strong>fuit</strong></span> <span class='ocrx_word' id='word_1_511' title='bbox 2823 879 2988 926; x_wconf 86' lang='lat' dir='ltr'><strong>mare,</strong></span> <span class='ocrx_word' id='word_1_512' title='bbox 3055 864 3207 930; x_wconf 86' lang='lat' dir='ltr'><strong>Tace,</strong></span> <span class='ocrx_word' id='word_1_513' title='bbox 3252 869 3518 927; x_wconf 80' lang='lat' dir='ltr'><strong>obmutesce</strong></span> <span class='ocrx_word' id='word_1_514' title='bbox 3569 875 3661 946; x_wconf 89' lang='lat' dir='ltr'><strong>(Id.</strong></span> <span class='ocrx_word' id='word_1_515' title='bbox 3700 881 3746 936; x_wconf 75' lang='grc' dir='ltr'>ι.</span> 
     </span>
    </p>
   </div>
   <div class='ocr_carea' id='block_1_68' title="bbox 2220 946 3746 1039">
    <p class='ocr_par' dir='ltr' id='par_1_68' title="bbox 2220 946 3746 1039">
     <span class='ocr_line' id='line_1_68' title="bbox 2220 946 3746 1039; baseline 0.017 -40"><span class='ocrx_word' id='word_1_516' title='bbox 2220 946 2311 1039; x_wconf 55' lang='lat' dir='ltr'><strong>ab)</strong></span> <span class='ocrx_word' id='word_1_517' title='bbox 2358 966 2370 1000; x_wconf 91' lang='lat'><strong>:</strong></span> <span class='ocrx_word' id='word_1_518' title='bbox 2421 952 2633 1019; x_wconf 88' lang='lat' dir='ltr'><strong>quando</strong></span> <span class='ocrx_word' id='word_1_519' title='bbox 2679 952 2908 1022; x_wconf 81' lang='lat' dir='ltr'><strong>aliquem</strong></span> <span class='ocrx_word' id='word_1_520' title='bbox 2959 955 3107 1026; x_wconf 80' lang='lat' dir='ltr'><strong>lepra</strong></span> <span class='ocrx_word' id='word_1_521' title='bbox 3157 971 3452 1030; x_wconf 89' lang='lat' dir='ltr'><strong>correptum</strong></span> <span class='ocrx_word' id='word_1_522' title='bbox 3498 968 3746 1039; x_wconf 81' lang='lat' dir='ltr'><strong>mundare,</strong></span> 
     </span>
    </p>
   </div>
   <div class='ocr_carea' id='block_1_69' title="bbox 2231 1038 3747 1130">
    <p class='ocr_par' dir='ltr' id='par_1_69' title="bbox 2231 1038 3747 1130">
     <span class='ocr_line' id='line_1_69' title="bbox 2231 1038 3747 1130; baseline 0.017 -39"><span class='ocrx_word' id='word_1_523' title='bbox 2231 1038 2377 1102; x_wconf 77' lang='grc' dir='ltr'><strong>γοιο,</strong></span> <span class='ocrx_word' id='word_1_524' title='bbox 2422 1043 2667 1098; x_wconf 84' lang='lat' dir='ltr'><strong>mundare</strong></span> <span class='ocrx_word' id='word_1_525' title='bbox 2719 1044 2928 1116; x_wconf 75' lang='lat' dir='ltr'><strong>(Matth.</strong></span> <span class='ocrx_word' id='word_1_526' title='bbox 2961 1048 3014 1102; x_wconf 92' lang='lat'><strong>8.</strong></span> <span class='ocrx_word' id='word_1_527' title='bbox 3040 1049 3094 1118; x_wconf 79' lang='lat'><strong>5)</strong></span> <span class='ocrx_word' id='word_1_528' title='bbox 3128 1066 3141 1101; x_wconf 93' lang='lat'>:</span> <span class='ocrx_word' id='word_1_529' title='bbox 3185 1054 3390 1120; x_wconf 86' lang='lat' dir='ltr'><strong>quando</strong></span> <span class='ocrx_word' id='word_1_530' title='bbox 3428 1055 3584 1126; x_wconf 80' lang='lat' dir='ltr'><strong>legem</strong></span> <span class='ocrx_word' id='word_1_531' title='bbox 3616 1038 3747 1130; x_wconf 73' lang='lat' dir='ltr'><strong>ferre,</strong></span> 
     </span>
    </p>
   </div>
   <div class='ocr_carea' id='block_1_70' title="bbox 2218 1130 3749 1222">
    <p class='ocr_par' dir='ltr' id='par_1_70' title="bbox 2218 1130 3749 1222">
     <span class='ocr_line' id='line_1_70' title="bbox 2218 1130 3749 1222; baseline 0.015 -39"><span class='ocrx_word' id='word_1_532' title='bbox 2218 1130 2462 1194; x_wconf 76' lang='lat' dir='ltr'><strong>Audistis,</strong></span> <span class='ocrx_word' id='word_1_533' title='bbox 2503 1135 2621 1203; x_wconf 87' lang='lat' dir='ltr'><strong>quia</strong></span> <span class='ocrx_word' id='word_1_534' title='bbox 2657 1135 2848 1222; x_wconf 84' lang='lat' dir='ltr'><strong>dictum</strong></span> <span class='ocrx_word' id='word_1_535' title='bbox 2898 1148 2971 1192; x_wconf 89' lang='lat' dir='ltr'><strong>est</strong></span> <span class='ocrx_word' id='word_1_536' title='bbox 2998 1141 3217 1209; x_wconf 81' lang='lat' dir='ltr'><strong>antiquis</strong></span> <span class='ocrx_word' id='word_1_537' title='bbox 3237 1182 3250 1205; x_wconf 93' lang='lat'><strong>,</strong></span> <span class='ocrx_word' id='word_1_538' title='bbox 3274 1143 3395 1198; x_wconf 86' lang='lat' dir='ltr'><strong>Non</strong></span> <span class='ocrx_word' id='word_1_539' title='bbox 3429 1148 3643 1204; x_wconf 85' lang='lat' dir='ltr'><strong>occides:</strong></span> <span class='ocrx_word' id='word_1_540' title='bbox 3675 1167 3749 1222; x_wconf 79' lang='lat' dir='ltr'><strong>ego</strong></span> 
     </span>
    </p>
   </div>
   <div class='ocr_carea' id='block_1_71' title="bbox 2218 1221 3748 1305">
    <p class='ocr_par' dir='ltr' id='par_1_71' title="bbox 2218 1221 3748 1305">
     <span class='ocr_line' id='line_1_71' title="bbox 2218 1221 3748 1305; baseline 0.014 -29"><span class='ocrx_word' id='word_1_541' title='bbox 2218 1233 2384 1277; x_wconf 86' lang='lat' dir='ltr'><strong>autem</strong></span> <span class='ocrx_word' id='word_1_542' title='bbox 2412 1226 2523 1279; x_wconf 83' lang='lat' dir='ltr'><strong>dico</strong></span> <span class='ocrx_word' id='word_1_543' title='bbox 2551 1221 3027 1294; x_wconf 76' lang='lat' dir='ltr'><strong>vobis,Quidi.rerit</strong></span> <span class='ocrx_word' id='word_1_544' title='bbox 3055 1232 3204 1300; x_wconf 79' lang='lat' dir='ltr'><strong>fratri</strong></span> <span class='ocrx_word' id='word_1_545' title='bbox 3236 1251 3346 1298; x_wconf 90' lang='lat' dir='ltr'><strong>suo,</strong></span> <span class='ocrx_word' id='word_1_546' title='bbox 3373 1237 3523 1305; x_wconf 85' lang='lat' dir='ltr'><strong>fatue,</strong></span> <span class='ocrx_word' id='word_1_547' title='bbox 3555 1257 3653 1295; x_wconf 82' lang='lat' dir='ltr'><strong>reus</strong></span> <span class='ocrx_word' id='word_1_548' title='bbox 3674 1221 3748 1298; x_wconf 79' lang='lat' dir='ltr'><strong>erit</strong></span> 
     </span>
    </p>
   </div>
   <div class='ocr_carea' id='block_1_72' title="bbox 2216 1315 3746 1394">
    <p class='ocr_par' dir='ltr' id='par_1_72' title="bbox 2216 1315 3746 1394">
     <span class='ocr_line' id='line_1_72' title="bbox 2216 1315 3746 1394; baseline 0.012 -27"><span class='ocrx_word' id='word_1_549' title='bbox 2216 1315 2459 1384; x_wconf 78' lang='lat' dir='ltr'><strong>gehennte</strong></span> <span class='ocrx_word' id='word_1_550' title='bbox 2503 1317 2634 1387; x_wconf 86' lang='lat' dir='ltr'><strong>ignis</strong></span> <span class='ocrx_word' id='word_1_551' title='bbox 2663 1317 2774 1388; x_wconf 80' lang='lat' dir='ltr'><strong>(Id.</strong></span> <span class='ocrx_word' id='word_1_552' title='bbox 2805 1321 2860 1374; x_wconf 80' lang='lat'><strong>5.</strong></span> <span class='ocrx_word' id='word_1_553' title='bbox 2890 1321 2979 1376; x_wconf 74' lang='lat'><strong>2|.</strong></span> <span class='ocrx_word' id='word_1_554' title='bbox 3018 1321 3133 1394; x_wconf 60' lang='grc' dir='ltr'><strong>Β).</strong></span> <span class='ocrx_word' id='word_1_555' title='bbox 3164 1323 3319 1380; x_wconf 81' lang='lat' dir='ltr'><strong>Vides</strong></span> <span class='ocrx_word' id='word_1_556' title='bbox 3345 1335 3398 1379; x_wconf 91' lang='lat' dir='ltr'><strong>ut</strong></span> <span class='ocrx_word' id='word_1_557' title='bbox 3451 1330 3612 1384; x_wconf 88' lang='lat' dir='ltr'><strong>omnia</strong></span> <span class='ocrx_word' id='word_1_558' title='bbox 3651 1347 3746 1386; x_wconf 88' lang='lat' dir='ltr'><strong>cum</strong></span> 
     </span>
    </p>
   </div>
   <div class='ocr_carea' id='block_1_73' title="bbox 2219 1407 3747 1489">
    <p class='ocr_par' dir='ltr' id='par_1_73' title="bbox 2219 1407 3747 1489">
     <span class='ocr_line' id='line_1_73' title="bbox 2219 1407 3747 1489; baseline 0.01 -29"><span class='ocrx_word' id='word_1_559' title='bbox 2219 1407 2374 1462; x_wconf 87' lang='lat' dir='ltr'><strong>herili</strong></span> <span class='ocrx_word' id='word_1_560' title='bbox 2402 1411 2716 1466; x_wconf 86' lang='lat' dir='ltr'><strong>auctoritate</strong></span> <span class='ocrx_word' id='word_1_561' title='bbox 2746 1411 3003 1480; x_wconf 88' lang='lat' dir='ltr'><strong>perﬁciat,</strong></span> <span class='ocrx_word' id='word_1_562' title='bbox 3033 1425 3086 1468; x_wconf 88' lang='lat' dir='ltr'><strong>et</strong></span> <span class='ocrx_word' id='word_1_563' title='bbox 3122 1416 3179 1468; x_wconf 86' lang='lat' dir='ltr'><strong>in</strong></span> <span class='ocrx_word' id='word_1_564' title='bbox 3197 1416 3481 1486; x_wconf 83' lang='lat' dir='ltr'><strong>gehennam</strong></span> <span class='ocrx_word' id='word_1_565' title='bbox 3505 1419 3677 1489; x_wconf 85' lang='lat' dir='ltr'><strong>ejiciat.</strong></span> <span class='ocrx_word' id='word_1_566' title='bbox 3705 1433 3747 1478; x_wconf 88' lang='lat' dir='ltr'><strong>et</strong></span> 
     </span>
    </p>
   </div>
   <div class='ocr_carea' id='block_1_74' title="bbox 2217 1499 3747 1578">
    <p class='ocr_par' dir='ltr' id='par_1_74' title="bbox 2217 1499 3747 1578">
     <span class='ocr_line' id='line_1_74' title="bbox 2217 1499 3747 1578; baseline 0.008 -25"><span class='ocrx_word' id='word_1_567' title='bbox 2217 1499 2268 1554; x_wconf 91' lang='lat' dir='ltr'><strong>in</strong></span> <span class='ocrx_word' id='word_1_568' title='bbox 2293 1516 2512 1569; x_wconf 83' lang='lat' dir='ltr'><strong>regnum</strong></span> <span class='ocrx_word' id='word_1_569' title='bbox 2543 1503 2864 1569; x_wconf 88' lang='lat' dir='ltr'><strong>iutroducat,</strong></span> <span class='ocrx_word' id='word_1_570' title='bbox 2905 1513 2961 1560; x_wconf 89' lang='lat' dir='ltr'><strong>et</strong></span> <span class='ocrx_word' id='word_1_571' title='bbox 2994 1507 3278 1578; x_wconf 69' lang='lat' dir='ltr'><strong>paralysin:</strong></span> <span class='ocrx_word' id='word_1_572' title='bbox 3305 1517 3470 1574; x_wconf 85' lang='lat' dir='ltr'><strong>sanet,</strong></span> <span class='ocrx_word' id='word_1_573' title='bbox 3497 1519 3546 1564; x_wconf 91' lang='lat' dir='ltr'><strong>et</strong></span> <span class='ocrx_word' id='word_1_574' title='bbox 3562 1522 3747 1567; x_wconf 81' lang='lat' dir='ltr'><strong>mortem</strong></span> 
     </span>
    </p>
   </div>
   <div class='ocr_carea' id='block_1_75' title="bbox 2214 1593 3749 1671">
    <p class='ocr_par' dir='ltr' id='par_1_75' title="bbox 2214 1593 3749 1671">
     <span class='ocr_line' id='line_1_75' title="bbox 2214 1593 3749 1671; baseline 0.008 -25"><span class='ocrx_word' id='word_1_575' title='bbox 2214 1593 2412 1661; x_wconf 78' lang='lat' dir='ltr'><strong>abigat,</strong></span> <span class='ocrx_word' id='word_1_576' title='bbox 2449 1603 2503 1649; x_wconf 90' lang='lat' dir='ltr'><strong>et</strong></span> <span class='ocrx_word' id='word_1_577' title='bbox 2533 1605 2745 1663; x_wconf 88' lang='lat' dir='ltr'><strong>peccata</strong></span> <span class='ocrx_word' id='word_1_578' title='bbox 2786 1596 3037 1665; x_wconf 87' lang='lat' dir='ltr'><strong>dimittat,</strong></span> <span class='ocrx_word' id='word_1_579' title='bbox 3076 1608 3133 1653; x_wconf 88' lang='lat' dir='ltr'><strong>et</strong></span> <span class='ocrx_word' id='word_1_580' title='bbox 3157 1599 3411 1654; x_wconf 81' lang='lat' dir='ltr'><strong>daemonia</strong></span> <span class='ocrx_word' id='word_1_581' title='bbox 3438 1602 3666 1671; x_wconf 85' lang='lat' dir='ltr'><strong>increpet,</strong></span> <span class='ocrx_word' id='word_1_582' title='bbox 3706 1612 3749 1658; x_wconf 86' lang='lat' dir='ltr'><strong>et</strong></span> 
     </span>
    </p>
   </div>
   <div class='ocr_carea' id='block_1_76' title="bbox 2214 1687 3742 1761">
    <p class='ocr_par' dir='ltr' id='par_1_76' title="bbox 2214 1687 3742 1761">
     <span class='ocr_line' id='line_1_76' title="bbox 2214 1687 3742 1761; baseline 0.005 -23"><span class='ocrx_word' id='word_1_583' title='bbox 2214 1699 2363 1740; x_wconf 88' lang='lat' dir='ltr'><strong>mare</strong></span> <span class='ocrx_word' id='word_1_584' title='bbox 2409 1687 2756 1755; x_wconf 82' lang='lat' dir='ltr'><strong>compescat?</strong></span> <span class='ocrx_word' id='word_1_585' title='bbox 2809 1689 3040 1744; x_wconf 86' lang='lat' dir='ltr'><strong>Tametsi</strong></span> <span class='ocrx_word' id='word_1_586' title='bbox 3091 1691 3216 1761; x_wconf 85' lang='lat' dir='ltr'><strong>quid</strong></span> <span class='ocrx_word' id='word_1_587' title='bbox 3269 1693 3453 1761; x_wconf 86' lang='lat' dir='ltr'><strong>majus,</strong></span> <span class='ocrx_word' id='word_1_588' title='bbox 3490 1707 3667 1761; x_wconf 63' lang='lat' dir='ltr'><strong>quaso,</strong></span> <span class='ocrx_word' id='word_1_589' title='bbox 3701 1693 3742 1746; x_wconf 90' lang='lat' dir='ltr'><strong>in</strong></span> 
     </span>
    </p>
   </div>
   <div class='ocr_carea' id='block_1_77' title="bbox 2213 1779 3745 1854">
    <p class='ocr_par' dir='ltr' id='par_1_77' title="bbox 2213 1779 3745 1854">
     <span class='ocr_line' id='line_1_77' title="bbox 2213 1779 3745 1854; baseline 0.006 -23"><span class='ocrx_word' id='word_1_590' title='bbox 2213 1792 2438 1847; x_wconf 85' lang='lat' dir='ltr'><strong>regnum</strong></span> <span class='ocrx_word' id='word_1_591' title='bbox 2467 1779 2824 1846; x_wconf 89' lang='lat' dir='ltr'><strong>introducere,</strong></span> <span class='ocrx_word' id='word_1_592' title='bbox 2855 1783 2976 1836; x_wconf 89' lang='lat' dir='ltr'><strong>etin</strong></span> <span class='ocrx_word' id='word_1_593' title='bbox 2998 1782 3294 1853; x_wconf 80' lang='lat' dir='ltr'><strong>gehennam</strong></span> <span class='ocrx_word' id='word_1_594' title='bbox 3317 1783 3541 1854; x_wconf 85' lang='lat' dir='ltr'><strong>injicere,</strong></span> <span class='ocrx_word' id='word_1_595' title='bbox 3571 1794 3745 1854; x_wconf 78' lang='lat' dir='ltr'><strong>peccata</strong></span> 
     </span>
    </p>
   </div>
   <div class='ocr_carea' id='block_1_78' title="bbox 2211 1867 3749 1945">
    <p class='ocr_par' dir='ltr' id='par_1_78' title="bbox 2211 1867 3749 1945">
     <span class='ocr_line' id='line_1_78' title="bbox 2211 1867 3749 1945; baseline 0.007 -23"><span class='ocrx_word' id='word_1_596' title='bbox 2211 1867 2502 1935; x_wconf 89' lang='lat' dir='ltr'><strong>dimittere,</strong></span> <span class='ocrx_word' id='word_1_597' title='bbox 2525 1886 2645 1925; x_wconf 92' lang='lat' dir='ltr'><strong>cum</strong></span> <span class='ocrx_word' id='word_1_598' title='bbox 2673 1873 2985 1928; x_wconf 86' lang='lat' dir='ltr'><strong>auctoritate</strong></span> <span class='ocrx_word' id='word_1_599' title='bbox 3013 1875 3154 1942; x_wconf 84' lang='lat' dir='ltr'><strong>leges</strong></span> <span class='ocrx_word' id='word_1_600' title='bbox 3178 1875 3335 1941; x_wconf 90' lang='lat' dir='ltr'><strong>ferre,</strong></span> <span class='ocrx_word' id='word_1_601' title='bbox 3365 1890 3430 1928; x_wconf 90' lang='lat' dir='ltr'><strong>an</strong></span> <span class='ocrx_word' id='word_1_602' title='bbox 3457 1891 3604 1945; x_wconf 81' lang='lat' dir='ltr'><strong>panes</strong></span> <span class='ocrx_word' id='word_1_603' title='bbox 3626 1891 3749 1931; x_wconf 82' lang='lat' dir='ltr'><strong>crea-</strong></span> 
     </span>
    </p>
   </div>
   <div class='ocr_carea' id='block_1_79' title="bbox 2212 1961 3745 2037">
    <p class='ocr_par' dir='ltr' id='par_1_79' title="bbox 2212 1961 3745 2037">
     <span class='ocr_line' id='line_1_79' title="bbox 2212 1961 3745 2037; baseline 0.007 -22"><span class='ocrx_word' id='word_1_604' title='bbox 2212 1961 2312 2016; x_wconf 80' lang='lat' dir='ltr'><strong>re?</strong></span> <span class='ocrx_word' id='word_1_605' title='bbox 2339 1961 2528 2018; x_wconf 87' lang='lat' dir='ltr'><strong>Nonne</strong></span> <span class='ocrx_word' id='word_1_606' title='bbox 2553 1963 2891 2019; x_wconf 89' lang='lat' dir='ltr'><strong>manifestum</strong></span> <span class='ocrx_word' id='word_1_607' title='bbox 2913 1975 3016 2031; x_wconf 90' lang='lat' dir='ltr'><strong>cst,</strong></span> <span class='ocrx_word' id='word_1_608' title='bbox 3045 1975 3100 2020; x_wconf 88' lang='lat' dir='ltr'><strong>et</strong></span> <span class='ocrx_word' id='word_1_609' title='bbox 3117 1967 3415 2022; x_wconf 85' lang='lat' dir='ltr'><strong>confessum</strong></span> <span class='ocrx_word' id='word_1_610' title='bbox 3431 1968 3558 2037; x_wconf 91' lang='lat' dir='ltr'><strong>apud</strong></span> <span class='ocrx_word' id='word_1_611' title='bbox 3573 1983 3745 2034; x_wconf 84' lang='lat' dir='ltr'><strong>omnes,</strong></span> 
     </span>
    </p>
   </div>
   <div class='ocr_carea' id='block_1_80' title="bbox 2211 2051 3744 2128">
    <p class='ocr_par' dir='ltr' id='par_1_80' title="bbox 2211 2051 3744 2128">
     <span class='ocr_line' id='line_1_80' title="bbox 2211 2051 3744 2128; baseline 0.005 -22"><span class='ocrx_word' id='word_1_612' title='bbox 2211 2051 2328 2108; x_wconf 64' lang='lat' dir='ltr'><strong>haec</strong></span> <span class='ocrx_word' id='word_1_613' title='bbox 2358 2052 2464 2109; x_wconf 89' lang='lat' dir='ltr'><strong>illis</strong></span> <span class='ocrx_word' id='word_1_614' title='bbox 2492 2070 2613 2111; x_wconf 89' lang='lat' dir='ltr'><strong>esse</strong></span> <span class='ocrx_word' id='word_1_615' title='bbox 2653 2057 2897 2126; x_wconf 82' lang='lat' dir='ltr'><strong>majora?</strong></span> <span class='ocrx_word' id='word_1_616' title='bbox 2923 2057 3278 2114; x_wconf 86' lang='lat' dir='ltr'><strong>Nihilominus</strong></span> <span class='ocrx_word' id='word_1_617' title='bbox 3304 2066 3472 2114; x_wconf 86' lang='lat' dir='ltr'><strong>tamen</strong></span> <span class='ocrx_word' id='word_1_618' title='bbox 3494 2061 3540 2113; x_wconf 92' lang='lat' dir='ltr'><strong>in</strong></span> <span class='ocrx_word' id='word_1_619' title='bbox 3567 2059 3744 2128; x_wconf 82' lang='lat' dir='ltr'><strong>majori-</strong></span> 
     </span>
    </p>
   </div>
   <div class='ocr_carea' id='block_1_81' title="bbox 2210 2145 3743 2218">
    <p class='ocr_par' dir='ltr' id='par_1_81' title="bbox 2210 2145 3743 2218">
     <span class='ocr_line' id='line_1_81' title="bbox 2210 2145 3743 2218; baseline 0.001 -15"><span class='ocrx_word' id='word_1_620' title='bbox 2210 2145 2308 2203; x_wconf 85' lang='lat' dir='ltr'><strong>bus</strong></span> <span class='ocrx_word' id='word_1_621' title='bbox 2336 2163 2668 2218; x_wconf 90' lang='lat' dir='ltr'><strong>nequaquam</strong></span> <span class='ocrx_word' id='word_1_622' title='bbox 2701 2158 2834 2214; x_wconf 89' lang='lat' dir='ltr'><strong>orat,</strong></span> <span class='ocrx_word' id='word_1_623' title='bbox 2877 2159 2935 2205; x_wconf 89' lang='lat' dir='ltr'><strong>ut</strong></span> <span class='ocrx_word' id='word_1_624' title='bbox 2960 2152 3206 2206; x_wconf 88' lang='lat' dir='ltr'><strong>ostendat</strong></span> <span class='ocrx_word' id='word_1_625' title='bbox 3235 2153 3287 2206; x_wconf 92' lang='lat' dir='ltr'><strong>in</strong></span> <span class='ocrx_word' id='word_1_626' title='bbox 3317 2153 3592 2208; x_wconf 91' lang='lat' dir='ltr'><strong>minoribus</strong></span> <span class='ocrx_word' id='word_1_627' title='bbox 3615 2155 3743 2208; x_wconf 83' lang='lat' dir='ltr'><strong>etiam</strong></span> 
     </span>
    </p>
   </div>
   <div class='ocr_carea' id='block_1_82' title="bbox 2211 2239 3744 2314">
    <p class='ocr_par' dir='ltr' id='par_1_82' title="bbox 2211 2239 3744 2314">
     <span class='ocr_line' id='line_1_82' title="bbox 2211 2239 3744 2314; baseline 0.003 -22"><span class='ocrx_word' id='word_1_628' title='bbox 2211 2253 2270 2293; x_wconf 91' lang='lat' dir='ltr'><strong>se</strong></span> <span class='ocrx_word' id='word_1_629' title='bbox 2297 2255 2400 2294; x_wconf 88' lang='lat' dir='ltr'><strong>non</strong></span> <span class='ocrx_word' id='word_1_630' title='bbox 2437 2239 2506 2294; x_wconf 90' lang='lat' dir='ltr'><strong>ob</strong></span> <span class='ocrx_word' id='word_1_631' title='bbox 2549 2240 2910 2296; x_wconf 83' lang='lat' dir='ltr'><strong>inﬁrmitatem</strong></span> <span class='ocrx_word' id='word_1_632' title='bbox 2953 2243 3163 2297; x_wconf 86' lang='lat' dir='ltr'><strong>virtutis</strong></span> <span class='ocrx_word' id='word_1_633' title='bbox 3193 2243 3246 2298; x_wconf 91' lang='lat' dir='ltr'><strong>id</strong></span> <span class='ocrx_word' id='word_1_634' title='bbox 3272 2244 3460 2314; x_wconf 79' lang='lat' dir='ltr'><strong>egisse,</strong></span> <span class='ocrx_word' id='word_1_635' title='bbox 3489 2242 3573 2298; x_wconf 90' lang='lat' dir='ltr'><strong>sed</strong></span> <span class='ocrx_word' id='word_1_636' title='bbox 3594 2242 3654 2297; x_wconf 93' lang='lat' dir='ltr'><strong>ob</strong></span> <span class='ocrx_word' id='word_1_637' title='bbox 3672 2256 3744 2296; x_wconf 55' lang='lat' dir='ltr'><strong>eos</strong></span> 
     </span>
    </p>
   </div>
   <div class='ocr_carea' id='block_1_83' title="bbox 2209 2331 3746 2404">
    <p class='ocr_par' dir='ltr' id='par_1_83' title="bbox 2209 2331 3746 2404">
     <span class='ocr_line' id='line_1_83' title="bbox 2209 2331 3746 2404; baseline 0 -20"><span class='ocrx_word' id='word_1_638' title='bbox 2209 2345 2324 2384; x_wconf 91' lang='lat' dir='ltr'><strong>rum</strong></span> <span class='ocrx_word' id='word_1_639' title='bbox 2361 2331 2450 2400; x_wconf 90' lang='lat' dir='ltr'><strong>qui</strong></span> <span class='ocrx_word' id='word_1_640' title='bbox 2493 2339 2602 2385; x_wconf 89' lang='lat' dir='ltr'><strong>tum</strong></span> <span class='ocrx_word' id='word_1_641' title='bbox 2647 2331 2870 2386; x_wconf 89' lang='lat' dir='ltr'><strong>aderant</strong></span> <span class='ocrx_word' id='word_1_642' title='bbox 2912 2333 3290 2390; x_wconf 87' lang='lat' dir='ltr'><strong>eruditionem.</strong></span> <span class='ocrx_word' id='word_1_643' title='bbox 3331 2336 3498 2404; x_wconf 85' lang='lat' dir='ltr'><strong>Atque</strong></span> <span class='ocrx_word' id='word_1_644' title='bbox 3535 2343 3585 2388; x_wconf 91' lang='lat' dir='ltr'><strong>ut</strong></span> <span class='ocrx_word' id='word_1_645' title='bbox 3608 2332 3746 2387; x_wconf 79' lang='lat' dir='ltr'><strong>disats</strong></span> 
     </span>
    </p>
   </div>
   <div class='ocr_carea' id='block_1_84' title="bbox 2206 2425 3742 2496">
    <p class='ocr_par' dir='ltr' id='par_1_84' title="bbox 2206 2425 3742 2496">
     <span class='ocr_line' id='line_1_84' title="bbox 2206 2425 3742 2496; baseline -0.001 -21"><span class='ocrx_word' id='word_1_646' title='bbox 2206 2433 2464 2494; x_wconf 89' lang='lat' dir='ltr'><strong>quantum</strong></span> <span class='ocrx_word' id='word_1_647' title='bbox 2498 2425 2567 2479; x_wconf 89' lang='lat' dir='ltr'><strong>sit</strong></span> <span class='ocrx_word' id='word_1_648' title='bbox 2593 2435 2806 2494; x_wconf 82' lang='lat' dir='ltr'><strong>peccata</strong></span> <span class='ocrx_word' id='word_1_649' title='bbox 2833 2426 3118 2491; x_wconf 89' lang='lat' dir='ltr'><strong>dimittere,</strong></span> <span class='ocrx_word' id='word_1_650' title='bbox 3152 2437 3341 2482; x_wconf 89' lang='lat' dir='ltr'><strong>testem</strong></span> <span class='ocrx_word' id='word_1_651' title='bbox 3362 2427 3450 2482; x_wconf 91' lang='lat' dir='ltr'><strong>tibi</strong></span> <span class='ocrx_word' id='word_1_652' title='bbox 3477 2426 3742 2496; x_wconf 80' lang='lat' dir='ltr'><strong>prophetam</strong></span> 
     </span>
    </p>
   </div>
   <div class='ocr_carea' id='block_1_85' title="bbox 2207 2516 3744 2587">
    <p class='ocr_par' dir='ltr' id='par_1_85' title="bbox 2207 2516 3744 2587">
     <span class='ocr_line' id='line_1_85' title="bbox 2207 2516 3744 2587; baseline -0.001 -17"><span class='ocrx_word' id='word_1_653' title='bbox 2207 2516 2403 2571; x_wconf 87' lang='lat' dir='ltr'><strong>citabo.</strong></span> <span class='ocrx_word' id='word_1_654' title='bbox 2437 2516 2644 2572; x_wconf 86' lang='lat' dir='ltr'><strong>Nullius</strong></span> <span class='ocrx_word' id='word_1_655' title='bbox 2674 2519 2870 2587; x_wconf 89' lang='lat' dir='ltr'><strong>quippe</strong></span> <span class='ocrx_word' id='word_1_656' title='bbox 2895 2518 3116 2572; x_wconf 88' lang='lat' dir='ltr'><strong>alterius</strong></span> <span class='ocrx_word' id='word_1_657' title='bbox 3146 2520 3249 2574; x_wconf 91' lang='lat' dir='ltr'><strong>hoc</strong></span> <span class='ocrx_word' id='word_1_658' title='bbox 3269 2533 3388 2574; x_wconf 89' lang='lat' dir='ltr'><strong>esse</strong></span> <span class='ocrx_word' id='word_1_659' title='bbox 3405 2517 3620 2573; x_wconf 88' lang='lat' dir='ltr'><strong>ostendit</strong></span> <span class='ocrx_word' id='word_1_660' title='bbox 3644 2530 3744 2584; x_wconf 87' lang='lat' dir='ltr'><strong>pro-</strong></span> 
     </span>
    </p>
   </div>
   <div class='ocr_carea' id='block_1_86' title="bbox 2207 2609 3748 2680">
    <p class='ocr_par' dir='ltr' id='par_1_86' title="bbox 2207 2609 3748 2680">
     <span class='ocr_line' id='line_1_86' title="bbox 2207 2609 3748 2680; baseline -0.002 -18"><span class='ocrx_word' id='word_1_661' title='bbox 2207 2609 2366 2678; x_wconf 90' lang='lat' dir='ltr'><strong>pheta</strong></span> <span class='ocrx_word' id='word_1_662' title='bbox 2386 2651 2400 2673; x_wconf 94' lang='lat'><strong>,</strong></span> <span class='ocrx_word' id='word_1_663' title='bbox 2431 2611 2531 2666; x_wconf 90' lang='lat' dir='ltr'><strong>nisi</strong></span> <span class='ocrx_word' id='word_1_664' title='bbox 2567 2611 2661 2666; x_wconf 90' lang='lat' dir='ltr'><strong>Dei</strong></span> <span class='ocrx_word' id='word_1_665' title='bbox 2691 2611 2878 2666; x_wconf 90' lang='lat' dir='ltr'><strong>solius.</strong></span> <span class='ocrx_word' id='word_1_666' title='bbox 2913 2611 3042 2678; x_wconf 84' lang='lat' dir='ltr'><strong>Quis</strong></span> <span class='ocrx_word' id='word_1_667' title='bbox 3065 2613 3197 2666; x_wconf 87' lang='lat' dir='ltr'><strong>enim</strong></span> <span class='ocrx_word' id='word_1_668' title='bbox 3236 2612 3406 2679; x_wconf 82' lang='lat' dir='ltr'><strong>Deus,</strong></span> <span class='ocrx_word' id='word_1_669' title='bbox 3443 2610 3625 2680; x_wconf 88' lang='lat' dir='ltr'><strong>inquit,</strong></span> <span class='ocrx_word' id='word_1_670' title='bbox 3645 2609 3748 2662; x_wconf 80' lang='lat' dir='ltr'><strong>sicut</strong></span> 
     </span>
    </p>
   </div>
   <div class='ocr_carea' id='block_1_87' title="bbox 2205 2701 3746 2776">
    <p class='ocr_par' dir='ltr' id='par_1_87' title="bbox 2205 2701 3746 2776">
     <span class='ocr_line' id='line_1_87' title="bbox 2205 2701 3746 2776; baseline -0.003 -20"><span class='ocrx_word' id='word_1_671' title='bbox 2205 2712 2279 2768; x_wconf 88' lang='lat' dir='ltr'><strong>tu,</strong></span> <span class='ocrx_word' id='word_1_672' title='bbox 2309 2707 2546 2776; x_wconf 80' lang='lat' dir='ltr'><strong>auferens</strong></span> <span class='ocrx_word' id='word_1_673' title='bbox 2574 2705 2884 2776; x_wconf 83' lang='lat' dir='ltr'><strong>iniquitates,</strong></span> <span class='ocrx_word' id='word_1_674' title='bbox 2915 2707 3274 2761; x_wconf 75' lang='lat' dir='ltr'><strong>transcenderis</strong></span> <span class='ocrx_word' id='word_1_675' title='bbox 3301 2706 3569 2776; x_wconf 82' lang='lat' dir='ltr'><strong>impietates</strong></span> <span class='ocrx_word' id='word_1_676' title='bbox 3593 2701 3746 2772; x_wconf 81' lang='lat' dir='ltr'><strong>(Iliclt.</strong></span> 
     </span>
    </p>
   </div>
   <div class='ocr_carea' id='block_1_88' title="bbox 2207 2794 3747 2870">
    <p class='ocr_par' dir='ltr' id='par_1_88' title="bbox 2207 2794 3747 2870">
     <span class='ocr_line' id='line_1_88' title="bbox 2207 2794 3747 2870; baseline 0 -20"><span class='ocrx_word' id='word_1_677' title='bbox 2207 2797 2259 2850; x_wconf 90' lang='lat'><strong>7.</strong></span> <span class='ocrx_word' id='word_1_678' title='bbox 2291 2797 2424 2869; x_wconf 84' lang='lat' dir='ltr'><strong>l8)?</strong></span> <span class='ocrx_word' id='word_1_679' title='bbox 2473 2798 2608 2866; x_wconf 84' lang='lat' dir='ltr'><strong>Quin</strong></span> <span class='ocrx_word' id='word_1_680' title='bbox 2651 2801 2812 2855; x_wconf 91' lang='lat' dir='ltr'><strong>etiam</strong></span> <span class='ocrx_word' id='word_1_681' title='bbox 2856 2801 2909 2854; x_wconf 92' lang='lat' dir='ltr'><strong>in</strong></span> <span class='ocrx_word' id='word_1_682' title='bbox 2945 2816 3167 2870; x_wconf 82' lang='lat' dir='ltr'><strong>regnum</strong></span> <span class='ocrx_word' id='word_1_683' title='bbox 3221 2801 3564 2865; x_wconf 89' lang='lat' dir='ltr'><strong>introducere,</strong></span> <span class='ocrx_word' id='word_1_684' title='bbox 3613 2794 3747 2851; x_wconf 88' lang='lat' dir='ltr'><strong>multo</strong></span> 
     </span>
    </p>
   </div>
   <div class='ocr_carea' id='block_1_89' title="bbox 2206 2888 3744 2960">
    <p class='ocr_par' dir='ltr' id='par_1_89' title="bbox 2206 2888 3744 2960">
     <span class='ocr_line' id='line_1_89' title="bbox 2206 2888 3744 2960; baseline -0.002 -19"><span class='ocrx_word' id='word_1_685' title='bbox 2206 2888 2378 2958; x_wconf 90' lang='lat' dir='ltr'><strong>majus</strong></span> <span class='ocrx_word' id='word_1_686' title='bbox 2404 2899 2506 2956; x_wconf 89' lang='lat' dir='ltr'><strong>est,</strong></span> <span class='ocrx_word' id='word_1_687' title='bbox 2536 2906 2693 2960; x_wconf 90' lang='lat' dir='ltr'><strong>quam</strong></span> <span class='ocrx_word' id='word_1_688' title='bbox 2724 2901 2950 2946; x_wconf 91' lang='lat' dir='ltr'><strong>mortem</strong></span> <span class='ocrx_word' id='word_1_689' title='bbox 2971 2893 3182 2948; x_wconf 85' lang='lat' dir='ltr'><strong>solvere</strong></span> <span class='ocrx_word' id='word_1_690' title='bbox 3213 2911 3228 2948; x_wconf 91' lang='lat'><strong>:</strong></span> <span class='ocrx_word' id='word_1_691' title='bbox 3270 2893 3364 2948; x_wconf 87' lang='lat' dir='ltr'><strong>sed</strong></span> <span class='ocrx_word' id='word_1_692' title='bbox 3396 2901 3448 2946; x_wconf 91' lang='lat' dir='ltr'><strong>et</strong></span> <span class='ocrx_word' id='word_1_693' title='bbox 3468 2890 3582 2946; x_wconf 90' lang='lat' dir='ltr'><strong>illud</strong></span> <span class='ocrx_word' id='word_1_694' title='bbox 3603 2896 3744 2942; x_wconf 84' lang='lat' dir='ltr'><strong>tamen</strong></span> 
     </span>
    </p>
   </div>
   <div class='ocr_carea' id='block_1_90' title="bbox 2204 2984 3744 3057">
    <p class='ocr_par' dir='ltr' id='par_1_90' title="bbox 2204 2984 3744 3057">
     <span class='ocr_line' id='line_1_90' title="bbox 2204 2984 3744 3057; baseline -0.003 -22"><span class='ocrx_word' id='word_1_695' title='bbox 2204 2995 2326 3036; x_wconf 89' lang='lat' dir='ltr'><strong>eum</strong></span> <span class='ocrx_word' id='word_1_696' title='bbox 2367 2993 2630 3054; x_wconf 76' lang='lat' dir='ltr'><strong>pozestate</strong></span> <span class='ocrx_word' id='word_1_697' title='bbox 2656 2994 2891 3055; x_wconf 71' lang='lat' dir='ltr'><strong>prmstat.</strong></span> <span class='ocrx_word' id='word_1_698' title='bbox 2949 2986 3156 3042; x_wconf 75' lang='lat' dir='ltr'><strong>Rursus</strong></span> <span class='ocrx_word' id='word_1_699' title='bbox 3201 2988 3348 3057; x_wconf 88' lang='lat' dir='ltr'><strong>leges</strong></span> <span class='ocrx_word' id='word_1_700' title='bbox 3388 2984 3520 3040; x_wconf 89' lang='lat' dir='ltr'><strong>ferre</strong></span> <span class='ocrx_word' id='word_1_701' title='bbox 3561 2996 3650 3037; x_wconf 90' lang='lat' dir='ltr'><strong>non</strong></span> <span class='ocrx_word' id='word_1_702' title='bbox 3682 2987 3744 3032; x_wconf 85' lang='lat' dir='ltr'><strong>est</strong></span> 
     </span>
    </p>
   </div>
   <div class='ocr_carea' id='block_1_91' title="bbox 2204 3071 3746 3148">
    <p class='ocr_par' dir='ltr' id='par_1_91' title="bbox 2204 3071 3746 3148">
     <span class='ocr_line' id='line_1_91' title="bbox 2204 3071 3746 3148; baseline -0.005 -19"><span class='ocrx_word' id='word_1_703' title='bbox 2204 3076 2586 3144; x_wconf 86' lang='lat' dir='ltr'><strong>subjectorum,</strong></span> <span class='ocrx_word' id='word_1_704' title='bbox 2616 3078 2708 3130; x_wconf 87' lang='lat' dir='ltr'><strong>sed</strong></span> <span class='ocrx_word' id='word_1_705' title='bbox 2740 3092 2924 3132; x_wconf 89' lang='lat' dir='ltr'><strong>eorum</strong></span> <span class='ocrx_word' id='word_1_706' title='bbox 2951 3079 3040 3148; x_wconf 88' lang='lat' dir='ltr'><strong>qui</strong></span> <span class='ocrx_word' id='word_1_707' title='bbox 3072 3087 3300 3148; x_wconf 87' lang='lat' dir='ltr'><strong>regnant</strong></span> <span class='ocrx_word' id='word_1_708' title='bbox 3327 3095 3340 3133; x_wconf 92' lang='lat'><strong>:</strong></span> <span class='ocrx_word' id='word_1_709' title='bbox 3369 3087 3420 3132; x_wconf 88' lang='lat' dir='ltr'><strong>et</strong></span> <span class='ocrx_word' id='word_1_710' title='bbox 3449 3076 3542 3130; x_wconf 92' lang='lat' dir='ltr'><strong>hoc</strong></span> <span class='ocrx_word' id='word_1_711' title='bbox 3568 3071 3746 3142; x_wconf 79' lang='lat' dir='ltr'><strong>quidem</strong></span> 
     </span>
    </p>
   </div>
   <div class='ocr_carea' id='block_1_92' title="bbox 2204 3162 3746 3241">
    <p class='ocr_par' dir='ltr' id='par_1_92' title="bbox 2204 3162 3746 3241">
     <span class='ocr_line' id='line_1_92' title="bbox 2204 3162 3746 3241; baseline -0.005 -18"><span class='ocrx_word' id='word_1_712' title='bbox 2204 3170 2399 3224; x_wconf 88' lang='lat' dir='ltr'><strong>clamat</strong></span> <span class='ocrx_word' id='word_1_713' title='bbox 2424 3169 2534 3239; x_wconf 88' lang='lat' dir='ltr'><strong>ipsa</strong></span> <span class='ocrx_word' id='word_1_714' title='bbox 2562 3186 2738 3226; x_wconf 91' lang='lat' dir='ltr'><strong>rerum</strong></span> <span class='ocrx_word' id='word_1_715' title='bbox 2770 3180 2956 3225; x_wconf 85' lang='lat' dir='ltr'><strong>natura</strong></span> <span class='ocrx_word' id='word_1_716' title='bbox 2988 3187 3002 3223; x_wconf 90' lang='lat'><strong>:</strong></span> <span class='ocrx_word' id='word_1_717' title='bbox 3033 3187 3151 3226; x_wconf 92' lang='lat' dir='ltr'><strong>cum</strong></span> <span class='ocrx_word' id='word_1_718' title='bbox 3180 3187 3364 3241; x_wconf 86' lang='lat' dir='ltr'><strong>regum</strong></span> <span class='ocrx_word' id='word_1_719' title='bbox 3398 3178 3584 3223; x_wconf 91' lang='lat' dir='ltr'><strong>tantum</strong></span> <span class='ocrx_word' id='word_1_720' title='bbox 3602 3165 3660 3221; x_wconf 85' lang='lat' dir='ltr'><strong>sit</strong></span> <span class='ocrx_word' id='word_1_721' title='bbox 3685 3162 3746 3216; x_wconf 77' lang='lat' dir='ltr'><strong>lc”-</strong></span> 
     </span>
    </p>
   </div>
   <div class='ocr_carea' id='block_1_93' title="bbox 2203 3254 3749 3336">
    <p class='ocr_par' dir='ltr' id='par_1_93' title="bbox 2203 3254 3749 3336">
     <span class='ocr_line' id='line_1_93' title="bbox 2203 3254 3749 3336; baseline -0.008 -20"><span class='ocrx_word' id='word_1_722' title='bbox 2203 3276 2298 3331; x_wconf 82' lang='lat' dir='ltr'><strong>ges</strong></span> <span class='ocrx_word' id='word_1_723' title='bbox 2335 3263 2561 3316; x_wconf 85' lang='lat' dir='ltr'><strong>sciscere</strong></span> <span class='ocrx_word' id='word_1_724' title='bbox 2596 3279 2609 3314; x_wconf 92' lang='lat'><strong>:</strong></span> <span class='ocrx_word' id='word_1_725' title='bbox 2659 3262 2797 3332; x_wconf 90' lang='lat' dir='ltr'><strong>quod</strong></span> <span class='ocrx_word' id='word_1_726' title='bbox 2829 3263 3000 3333; x_wconf 91' lang='lat' dir='ltr'><strong>ipsum</strong></span> <span class='ocrx_word' id='word_1_727' title='bbox 3030 3279 3246 3332; x_wconf 89' lang='lat' dir='ltr'><strong>quoque</strong></span> <span class='ocrx_word' id='word_1_728' title='bbox 3281 3259 3560 3336; x_wconf 74' lang='lat' dir='ltr'><strong>Apostolus</strong></span> <span class='ocrx_word' id='word_1_729' title='bbox 3587 3254 3749 3310; x_wconf 82' lang='lat' dir='ltr'><strong>indicat</strong></span> 
     </span>
    </p>
   </div>
   <div class='ocr_carea' id='block_1_94' title="bbox 2205 3339 3746 3427">
    <p class='ocr_par' dir='ltr' id='par_1_94' title="bbox 2205 3339 3746 3427">
     <span class='ocr_line' id='line_1_94' title="bbox 2205 3339 3746 3427; baseline -0.007 -23"><span class='ocrx_word' id='word_1_730' title='bbox 2205 3351 2288 3405; x_wconf 91' lang='lat' dir='ltr'><strong>bis</strong></span> <span class='ocrx_word' id='word_1_731' title='bbox 2315 3351 2532 3406; x_wconf 89' lang='lat' dir='ltr'><strong>verbis:</strong></span> <span class='ocrx_word' id='word_1_732' title='bbox 2581 3351 2660 3406; x_wconf 88' lang='lat' dir='ltr'><strong>De</strong></span> <span class='ocrx_word' id='word_1_733' title='bbox 2701 3353 2982 3423; x_wconf 77' lang='lat' dir='ltr'><strong>virginibus</strong></span> <span class='ocrx_word' id='word_1_734' title='bbox 3028 3364 3208 3410; x_wconf 82' lang='lat' dir='ltr'><strong>autem</strong></span> <span class='ocrx_word' id='word_1_735' title='bbox 3259 3359 3552 3427; x_wconf 67' lang='lat' dir='ltr'><strong>praeceptum</strong></span> <span class='ocrx_word' id='word_1_736' title='bbox 3574 3339 3746 3398; x_wconf 75' lang='grc' dir='ltr'><strong>Ηοπιὲιιί</strong></span> 
     </span>
    </p>
   </div>
   <div class='ocr_carea' id='block_1_95' title="bbox 2203 3433 3748 3515">
    <p class='ocr_par' dir='ltr' id='par_1_95' title="bbox 2203 3433 3748 3515">
     <span class='ocr_line' id='line_1_95' title="bbox 2203 3433 3748 3515; baseline -0.008 -19"><span class='ocrx_word' id='word_1_737' title='bbox 2203 3460 2303 3496; x_wconf 86' lang='lat' dir='ltr'><strong>non</strong></span> <span class='ocrx_word' id='word_1_738' title='bbox 2334 3443 2510 3508; x_wconf 82' lang='lat' dir='ltr'><strong>habeo,</strong></span> <span class='ocrx_word' id='word_1_739' title='bbox 2539 3444 2803 3498; x_wconf 85' lang='lat' dir='ltr'><strong>consilium</strong></span> <span class='ocrx_word' id='word_1_740' title='bbox 2821 3444 3084 3509; x_wconf 86' lang='lat' dir='ltr'><strong>autentdo,</strong></span> <span class='ocrx_word' id='word_1_741' title='bbox 3115 3454 3377 3515; x_wconf 80' lang='lat' dir='ltr'><strong>tamquam</strong></span> <span class='ocrx_word' id='word_1_742' title='bbox 3395 3433 3748 3495; x_wconf 77' lang='lat' dir='ltr'><strong>misericordiam</strong></span> 
     </span>
    </p>
   </div>
   <div class='ocr_carea' id='block_1_96' title="bbox 2201 3523 3746 3606">
    <p class='ocr_par' dir='ltr' id='par_1_96' title="bbox 2201 3523 3746 3606">
     <span class='ocr_line' id='line_1_96' title="bbox 2201 3523 3746 3606; baseline -0.006 -19"><span class='ocrx_word' id='word_1_743' title='bbox 2201 3545 2536 3606; x_wconf 81' lang='lat' dir='ltr'><strong>consequutus</strong></span> <span class='ocrx_word' id='word_1_744' title='bbox 2571 3553 2606 3589; x_wconf 84' lang='grc' dir='ltr'><em>α</em></span> <span class='ocrx_word' id='word_1_745' title='bbox 2645 3534 2888 3600; x_wconf 87' lang='lat' dir='ltr'><strong>Domino,</strong></span> <span class='ocrx_word' id='word_1_746' title='bbox 2925 3547 2981 3589; x_wconf 86' lang='lat' dir='ltr'><strong>ut</strong></span> <span class='ocrx_word' id='word_1_747' title='bbox 3005 3535 3100 3590; x_wconf 87' lang='lat' dir='ltr'><strong>sint</strong></span> <span class='ocrx_word' id='word_1_748' title='bbox 3129 3536 3300 3602; x_wconf 80' lang='lat' dir='ltr'><strong>ﬁdelis</strong></span> <span class='ocrx_word' id='word_1_749' title='bbox 3341 3533 3418 3606; x_wconf 93' lang='grc'><strong>(1.</strong></span> <span class='ocrx_word' id='word_1_750' title='bbox 3444 3529 3555 3588; x_wconf 81' lang='lat' dir='ltr'><strong>Cor.</strong></span> <span class='ocrx_word' id='word_1_751' title='bbox 3585 3530 3630 3581; x_wconf 86' lang='grc'><strong>7.</strong></span> <span class='ocrx_word' id='word_1_752' title='bbox 3652 3523 3746 3592; x_wconf 64' lang='lat'><strong>25).</strong></span> 
     </span>
    </p>
   </div>
   <div class='ocr_carea' id='block_1_97' title="bbox 2201 3616 3746 3697">
    <p class='ocr_par' dir='ltr' id='par_1_97' title="bbox 2201 3616 3746 3697">
     <span class='ocr_line' id='line_1_97' title="bbox 2201 3616 3746 3697; baseline -0.003 -18"><span class='ocrx_word' id='word_1_753' title='bbox 2201 3625 2333 3680; x_wconf 86' lang='lat' dir='ltr'><strong>Nam</strong></span> <span class='ocrx_word' id='word_1_754' title='bbox 2365 3628 2486 3697; x_wconf 89' lang='lat' dir='ltr'><strong>quia</strong></span> <span class='ocrx_word' id='word_1_755' title='bbox 2521 3641 2708 3682; x_wconf 81' lang='lat' dir='ltr'><strong>servus</strong></span> <span class='ocrx_word' id='word_1_756' title='bbox 2733 3637 2846 3682; x_wconf 88' lang='lat' dir='ltr'><strong>erat</strong></span> <span class='ocrx_word' id='word_1_757' title='bbox 2875 3637 2930 3682; x_wconf 92' lang='lat' dir='ltr'><strong>et</strong></span> <span class='ocrx_word' id='word_1_758' title='bbox 2957 3627 3222 3694; x_wconf 88' lang='lat' dir='ltr'><strong>minister,</strong></span> <span class='ocrx_word' id='word_1_759' title='bbox 3267 3641 3372 3681; x_wconf 92' lang='lat' dir='ltr'><strong>non</strong></span> <span class='ocrx_word' id='word_1_760' title='bbox 3405 3632 3486 3680; x_wconf 88' lang='lat' dir='ltr'><strong>est</strong></span> <span class='ocrx_word' id='word_1_761' title='bbox 3511 3631 3656 3676; x_wconf 87' lang='lat' dir='ltr'><strong>ausus</strong></span> <span class='ocrx_word' id='word_1_762' title='bbox 3679 3616 3746 3675; x_wconf 76' lang='lat' dir='ltr'><strong>iis.</strong></span> 
     </span>
    </p>
   </div>
   <div class='ocr_carea' id='block_1_98' title="bbox 2201 3709 3746 3789">
    <p class='ocr_par' dir='ltr' id='par_1_98' title="bbox 2201 3709 3746 3789">
     <span class='ocr_line' id='line_1_98' title="bbox 2201 3709 3746 3789; baseline -0.01 -17"><span class='ocrx_word' id='word_1_763' title='bbox 2201 3733 2320 3787; x_wconf 65' lang='lat' dir='ltr'><strong>quae</strong></span> <span class='ocrx_word' id='word_1_764' title='bbox 2365 3717 2436 3771; x_wconf 91' lang='lat' dir='ltr'><strong>ab</strong></span> <span class='ocrx_word' id='word_1_765' title='bbox 2471 3718 2620 3772; x_wconf 93' lang='lat' dir='ltr'><strong>initio</strong></span> <span class='ocrx_word' id='word_1_766' title='bbox 2663 3729 2928 3789; x_wconf 61' lang='lat' dir='ltr'><strong>praecepta</strong></span> <span class='ocrx_word' id='word_1_767' title='bbox 2967 3718 3198 3785; x_wconf 87' lang='lat' dir='ltr'><strong>fuerant,</strong></span> <span class='ocrx_word' id='word_1_768' title='bbox 3247 3717 3525 3788; x_wconf 90' lang='lat' dir='ltr'><strong>quidquam</strong></span> <span class='ocrx_word' id='word_1_769' title='bbox 3564 3709 3746 3763; x_wconf 81' lang='lat' dir='ltr'><strong>addere.</strong></span> 
     </span>
    </p>
   </div>
   <div class='ocr_carea' id='block_1_99' title="bbox 2201 3799 3748 3866">
    <p class='ocr_par' dir='ltr' id='par_1_99' title="bbox 2201 3799 3748 3866">
     <span class='ocr_line' id='line_1_99' title="bbox 2201 3799 3748 3866; baseline -0.01 -3"><span class='ocrx_word' id='word_1_770' title='bbox 2201 3809 2447 3864; x_wconf 84' lang='lat' dir='ltr'><strong>Christus</strong></span> <span class='ocrx_word' id='word_1_771' title='bbox 2483 3821 2661 3865; x_wconf 90' lang='lat' dir='ltr'><strong>autem</strong></span> <span class='ocrx_word' id='word_1_772' title='bbox 2691 3826 2796 3866; x_wconf 92' lang='lat' dir='ltr'><strong>non</strong></span> <span class='ocrx_word' id='word_1_773' title='bbox 2823 3812 2894 3866; x_wconf 83' lang='lat' dir='ltr'><strong>ita</strong></span> <span class='ocrx_word' id='word_1_774' title='bbox 2920 3827 2934 3864; x_wconf 89' lang='lat'><strong>:</strong></span> <span class='ocrx_word' id='word_1_775' title='bbox 2970 3810 3065 3866; x_wconf 87' lang='lat' dir='ltr'><strong>sed</strong></span> <span class='ocrx_word' id='word_1_776' title='bbox 3089 3825 3300 3866; x_wconf 89' lang='lat' dir='ltr'><strong>summa</strong></span> <span class='ocrx_word' id='word_1_777' title='bbox 3327 3823 3448 3863; x_wconf 89' lang='lat' dir='ltr'><strong>cum</strong></span> <span class='ocrx_word' id='word_1_778' title='bbox 3475 3799 3748 3860; x_wconf 79' lang='lat' dir='ltr'><strong>auctoritate</strong></span> 
     </span>
    </p>
   </div>
   <div class='ocr_carea' id='block_1_100' title="bbox 2201 3883 3746 3972">
    <p class='ocr_par' dir='ltr' id='par_1_100' title="bbox 2201 3883 3746 3972">
     <span class='ocr_line' id='line_1_100' title="bbox 2201 3883 3746 3972; baseline -0.005 -18"><span class='ocrx_word' id='word_1_779' title='bbox 2201 3901 2389 3955; x_wconf 88' lang='lat' dir='ltr'><strong>recitat</strong></span> <span class='ocrx_word' id='word_1_780' title='bbox 2419 3901 2561 3971; x_wconf 74' lang='lat' dir='ltr'><strong>leges</strong></span> <span class='ocrx_word' id='word_1_781' title='bbox 2581 3904 2846 3972; x_wconf 89' lang='lat' dir='ltr'><strong>antiquas,</strong></span> <span class='ocrx_word' id='word_1_782' title='bbox 2877 3910 2934 3956; x_wconf 91' lang='lat' dir='ltr'><strong>et</strong></span> <span class='ocrx_word' id='word_1_783' title='bbox 2957 3915 3080 3956; x_wconf 87' lang='lat' dir='ltr'><strong>suas</strong></span> <span class='ocrx_word' id='word_1_784' title='bbox 3100 3916 3290 3956; x_wconf 89' lang='lat' dir='ltr'><strong>rursus</strong></span> <span class='ocrx_word' id='word_1_785' title='bbox 3307 3895 3595 3954; x_wconf 88' lang='lat' dir='ltr'><strong>introducit.</strong></span> <span class='ocrx_word' id='word_1_786' title='bbox 3621 3883 3746 3957; x_wconf 73' lang='lat' dir='ltr'><strong>Quod</strong></span> 
     </span>
    </p>
   </div>
   <div class='ocr_carea' id='block_1_101' title="bbox 2201 3977 3749 4066">
    <p class='ocr_par' dir='ltr' id='par_1_101' title="bbox 2201 3977 3749 4066">
     <span class='ocr_line' id='line_1_101' title="bbox 2201 3977 3749 4066; baseline -0.005 -19"><span class='ocrx_word' id='word_1_787' title='bbox 2201 3993 2246 4048; x_wconf 89' lang='lat' dir='ltr'><strong>si</strong></span> <span class='ocrx_word' id='word_1_788' title='bbox 2273 3994 2586 4064; x_wconf 88' lang='lat' dir='ltr'><strong>simpliciter</strong></span> <span class='ocrx_word' id='word_1_789' title='bbox 2618 3995 2764 4066; x_wconf 86' lang='lat' dir='ltr'><strong>leges</strong></span> <span class='ocrx_word' id='word_1_790' title='bbox 2798 3993 2939 4050; x_wconf 89' lang='lat' dir='ltr'><strong>ferre</strong></span> <span class='ocrx_word' id='word_1_791' title='bbox 2967 3994 3130 4048; x_wconf 87' lang='lat' dir='ltr'><strong>solius</strong></span> <span class='ocrx_word' id='word_1_792' title='bbox 3175 4003 3261 4049; x_wconf 90' lang='lat' dir='ltr'><strong>est</strong></span> <span class='ocrx_word' id='word_1_793' title='bbox 3304 3991 3464 4062; x_wconf 73' lang='lat' dir='ltr'><strong>regia:</strong></span> <span class='ocrx_word' id='word_1_794' title='bbox 3512 3977 3749 4056; x_wconf 63' lang='lat' dir='ltr'><strong>potestatis</strong></span> 
     </span>
    </p>
   </div>
   <div class='ocr_carea' id='block_1_102' title="bbox 2200 4066 3747 4157">
    <p class='ocr_par' dir='ltr' id='par_1_102' title="bbox 2200 4066 3747 4157">
     <span class='ocr_line' id='line_1_102' title="bbox 2200 4066 3747 4157; baseline -0.01 -17"><span class='ocrx_word' id='word_1_795' title='bbox 2200 4100 2322 4140; x_wconf 89' lang='lat' dir='ltr'><strong>cum</strong></span> <span class='ocrx_word' id='word_1_796' title='bbox 2344 4102 2448 4140; x_wconf 88' lang='lat' dir='ltr'><strong>non</strong></span> <span class='ocrx_word' id='word_1_797' title='bbox 2475 4086 2634 4140; x_wconf 91' lang='lat' dir='ltr'><strong>modo</strong></span> <span class='ocrx_word' id='word_1_798' title='bbox 2659 4087 2803 4157; x_wconf 86' lang='lat' dir='ltr'><strong>leges</strong></span> <span class='ocrx_word' id='word_1_799' title='bbox 2820 4101 2942 4140; x_wconf 89' lang='lat' dir='ltr'><strong>eum</strong></span> <span class='ocrx_word' id='word_1_800' title='bbox 2965 4085 3106 4142; x_wconf 88' lang='lat' dir='ltr'><strong>ferre</strong></span> <span class='ocrx_word' id='word_1_801' title='bbox 3130 4094 3462 4156; x_wconf 88' lang='lat' dir='ltr'><strong>compertum</strong></span> <span class='ocrx_word' id='word_1_802' title='bbox 3487 4075 3648 4139; x_wconf 86' lang='lat' dir='ltr'><strong>fuerit,</strong></span> <span class='ocrx_word' id='word_1_803' title='bbox 3671 4066 3747 4124; x_wconf 82' lang='lat' dir='ltr'><strong>sed</strong></span> 
     </span>
    </p>
   </div>
   <div class='ocr_carea' id='block_1_103' title="bbox 2200 4159 3750 4247">
    <p class='ocr_par' dir='ltr' id='par_1_103' title="bbox 2200 4159 3750 4247">
     <span class='ocr_line' id='line_1_103' title="bbox 2200 4159 3750 4247; baseline -0.012 -16"><span class='ocrx_word' id='word_1_804' title='bbox 2200 4177 2360 4231; x_wconf 90' lang='lat' dir='ltr'><strong>etiam</strong></span> <span class='ocrx_word' id='word_1_805' title='bbox 2389 4187 2598 4232; x_wconf 84' lang='lat' dir='ltr'><strong>veteres</strong></span> <span class='ocrx_word' id='word_1_806' title='bbox 2626 4177 2931 4242; x_wconf 87' lang='lat' dir='ltr'><strong>emendare,</strong></span> <span class='ocrx_word' id='word_1_807' title='bbox 2971 4192 3090 4247; x_wconf 73' lang='lat' dir='ltr'><strong>qua:</strong></span> <span class='ocrx_word' id='word_1_808' title='bbox 3133 4175 3349 4231; x_wconf 86' lang='lat' dir='ltr'><strong>tandem</strong></span> <span class='ocrx_word' id='word_1_809' title='bbox 3393 4168 3592 4228; x_wconf 87' lang='lat' dir='ltr'><strong>occasio</strong></span> <span class='ocrx_word' id='word_1_810' title='bbox 3618 4159 3750 4218; x_wconf 83' lang='lat' dir='ltr'><strong>relin-</strong></span> 
     </span>
    </p>
   </div>
   <div class='ocr_carea' id='block_1_104' title="bbox 2200 4253 3748 4340">
    <p class='ocr_par' dir='ltr' id='par_1_104' title="bbox 2200 4253 3748 4340">
     <span class='ocr_line' id='line_1_104' title="bbox 2200 4253 3748 4340; baseline -0.01 -16"><span class='ocrx_word' id='word_1_811' title='bbox 2200 4278 2394 4340; x_wconf 88' lang='lat' dir='ltr'><strong>quetur</strong></span> <span class='ocrx_word' id='word_1_812' title='bbox 2419 4269 2504 4337; x_wconf 90' lang='lat' dir='ltr'><strong>iis,</strong></span> <span class='ocrx_word' id='word_1_813' title='bbox 2533 4271 2623 4340; x_wconf 89' lang='lat' dir='ltr'><strong>qui</strong></span> <span class='ocrx_word' id='word_1_814' title='bbox 2649 4270 2916 4325; x_wconf 89' lang='lat' dir='ltr'><strong>voluerint</strong></span> <span class='ocrx_word' id='word_1_815' title='bbox 2943 4269 3282 4339; x_wconf 83' lang='lat' dir='ltr'><strong>impudenter</strong></span> <span class='ocrx_word' id='word_1_816' title='bbox 3305 4259 3608 4322; x_wconf 84' lang='lat' dir='ltr'><strong>adversari?</strong></span> <span class='ocrx_word' id='word_1_817' title='bbox 3633 4253 3748 4311; x_wconf 81' lang='lat' dir='ltr'><strong>Satis</strong></span> 
     </span>
    </p>
   </div>
   <div class='ocr_carea' id='block_1_105' title="bbox 2200 4341 3751 4432">
    <p class='ocr_par' dir='ltr' id='par_1_105' title="bbox 2200 4341 3751 4432">
     <span class='ocr_line' id='line_1_105' title="bbox 2200 4341 3751 4432; baseline -0.008 -16"><span class='ocrx_word' id='word_1_818' title='bbox 2200 4363 2342 4416; x_wconf 91' lang='lat' dir='ltr'><strong>enim</strong></span> <span class='ocrx_word' id='word_1_819' title='bbox 2369 4376 2433 4416; x_wconf 80' lang='lat' dir='ltr'><strong>ex</strong></span> <span class='ocrx_word' id='word_1_820' title='bbox 2466 4361 2566 4416; x_wconf 93' lang='lat' dir='ltr'><strong>hoc</strong></span> <span class='ocrx_word' id='word_1_821' title='bbox 2600 4362 2766 4432; x_wconf 89' lang='lat' dir='ltr'><strong>liquet</strong></span> <span class='ocrx_word' id='word_1_822' title='bbox 2791 4374 2914 4416; x_wconf 86' lang='lat' dir='ltr'><strong>eum</strong></span> <span class='ocrx_word' id='word_1_823' title='bbox 2940 4359 3178 4431; x_wconf 82' lang='lat' dir='ltr'><strong>ejusdem</strong></span> <span class='ocrx_word' id='word_1_824' title='bbox 3201 4374 3323 4416; x_wconf 86' lang='lat' dir='ltr'><strong>esse</strong></span> <span class='ocrx_word' id='word_1_825' title='bbox 3342 4371 3460 4412; x_wconf 90' lang='lat' dir='ltr'><strong>cum</strong></span> <span class='ocrx_word' id='word_1_826' title='bbox 3480 4353 3626 4410; x_wconf 84' lang='lat' dir='ltr'><strong>Patre</strong></span> <span class='ocrx_word' id='word_1_827' title='bbox 3647 4341 3751 4400; x_wconf 66' lang='grc'><strong>8111)·</strong></span> 
     </span>
    </p>
   </div>
   <div class='ocr_carea' id='block_1_106' title="bbox 2200 4454 2430 4508">
    <p class='ocr_par' dir='ltr' id='par_1_106' title="bbox 2200 4454 2430 4508">
     <span class='ocr_line' id='line_1_106' title="bbox 2200 4454 2430 4508; baseline 0.004 -1"><span class='ocrx_word' id='word_1_828' title='bbox 2200 4454 2430 4508; x_wconf 58' lang='lat' dir='ltr'><strong>stantius.</strong></span> 
     </span>
    </p>
   </div>
   <div class='ocr_carea' id='block_1_107' title="bbox 2271 4547 3776 4636">
    <p class='ocr_par' dir='ltr' id='par_1_107' title="bbox 2271 4547 3776 4636">
     <span class='ocr_line' id='line_1_107' title="bbox 2271 4547 3776 4636; baseline -0.007 -17"><span class='ocrx_word' id='word_1_829' title='bbox 2271 4565 2324 4619; x_wconf 73' lang='grc'><strong>4.</strong></span> <span class='ocrx_word' id='word_1_830' title='bbox 2362 4565 2578 4629; x_wconf 75' lang='lat' dir='ltr'><strong>Veram,</strong></span> <span class='ocrx_word' id='word_1_831' title='bbox 2612 4571 2668 4619; x_wconf 90' lang='lat' dir='ltr'><strong>ut</strong></span> <span class='ocrx_word' id='word_1_832' title='bbox 2699 4566 2748 4619; x_wconf 93' lang='lat' dir='ltr'><strong>id</strong></span> <span class='ocrx_word' id='word_1_833' title='bbox 2790 4565 2930 4636; x_wconf 90' lang='lat' dir='ltr'><strong>quod</strong></span> <span class='ocrx_word' id='word_1_834' title='bbox 2961 4565 3080 4621; x_wconf 89' lang='lat' dir='ltr'><strong>dico</strong></span> <span class='ocrx_word' id='word_1_835' title='bbox 3112 4563 3444 4620; x_wconf 85' lang='lat' dir='ltr'><strong>manifestius</strong></span> <span class='ocrx_word' id='word_1_836' title='bbox 3470 4556 3660 4620; x_wconf 87' lang='lat' dir='ltr'><strong>evadat,</strong></span> <span class='ocrx_word' id='word_1_837' title='bbox 3693 4547 3746 4603; x_wconf 71' lang='lat' dir='ltr'><strong>ad</strong></span> <span class='ocrx_word' id='word_1_838' title='bbox 3774 4627 3776 4630; x_wconf 16' lang='lat'>.</span> 
     </span>
    </p>
   </div>
   <div class='ocr_carea' id='block_1_108' title="bbox 2201 4645 3746 4731">
    <p class='ocr_par' dir='ltr' id='par_1_108' title="bbox 2201 4645 3746 4731">
     <span class='ocr_line' id='line_1_108' title="bbox 2201 4645 3746 4731; baseline -0.009 -20"><span class='ocrx_word' id='word_1_839' title='bbox 2201 4659 2371 4728; x_wconf 90' lang='lat' dir='ltr'><strong>ipsmn</strong></span> <span class='ocrx_word' id='word_1_840' title='bbox 2402 4659 2691 4730; x_wconf 72' lang='lat' dir='ltr'><strong>Scriptura:</strong></span> <span class='ocrx_word' id='word_1_841' title='bbox 2723 4659 2894 4713; x_wconf 92' lang='lat' dir='ltr'><strong>locum</strong></span> <span class='ocrx_word' id='word_1_842' title='bbox 2923 4659 3197 4714; x_wconf 90' lang='lat' dir='ltr'><strong>veniamus</strong></span> <span class='ocrx_word' id='word_1_843' title='bbox 3227 4657 3436 4731; x_wconf 82' lang='lat' dir='ltr'><strong>(Matth.</strong></span> <span class='ocrx_word' id='word_1_844' title='bbox 3465 4653 3517 4709; x_wconf 87' lang='lat'><strong>5.</strong></span> <span class='ocrx_word' id='word_1_845' title='bbox 3543 4650 3610 4717; x_wconf 83' lang='lat' dir='ltr'><strong>l).</strong></span> <span class='ocrx_word' id='word_1_846' title='bbox 3638 4645 3746 4700; x_wconf 89' lang='lat' dir='ltr'><strong>Cum</strong></span> 
     </span>
    </p>
   </div>
   <div class='ocr_carea' id='block_1_109' title="bbox 2199 4742 3746 4821">
    <p class='ocr_par' dir='ltr' id='par_1_109' title="bbox 2199 4742 3746 4821">
     <span class='ocr_line' id='line_1_109' title="bbox 2199 4742 3746 4821; baseline -0.006 -18"><span class='ocrx_word' id='word_1_847' title='bbox 2199 4749 2528 4804; x_wconf 85' lang='lat' dir='ltr'><strong>ascendisset</strong></span> <span class='ocrx_word' id='word_1_848' title='bbox 2559 4751 2610 4803; x_wconf 93' lang='lat' dir='ltr'><strong>in</strong></span> <span class='ocrx_word' id='word_1_849' title='bbox 2653 4760 2910 4816; x_wconf 87' lang='lat' dir='ltr'><strong>montem,</strong></span> <span class='ocrx_word' id='word_1_850' title='bbox 2946 4751 3137 4821; x_wconf 85' lang='lat' dir='ltr'><strong>inquit,</strong></span> <span class='ocrx_word' id='word_1_851' title='bbox 3181 4749 3420 4814; x_wconf 88' lang='lat' dir='ltr'><strong>sedebat,</strong></span> <span class='ocrx_word' id='word_1_852' title='bbox 3462 4755 3513 4800; x_wconf 90' lang='lat' dir='ltr'><strong>et</strong></span> <span class='ocrx_word' id='word_1_853' title='bbox 3547 4742 3746 4821; x_wconf 63' lang='lat' dir='ltr'><strong>circumf</strong></span> 
     </span>
    </p>
   </div>
   <div class='ocr_carea' id='block_1_110' title="bbox 2199 4817 3754 4912">
    <p class='ocr_par' dir='ltr' id='par_1_110' title="bbox 2199 4817 3754 4912">
     <span class='ocr_line' id='line_1_110' title="bbox 2199 4817 3754 4912; baseline -0.005 -19"><span class='ocrx_word' id='word_1_854' title='bbox 2199 4841 2464 4895; x_wconf 89' lang='lat' dir='ltr'><strong>stantibus</strong></span> <span class='ocrx_word' id='word_1_855' title='bbox 2491 4841 2738 4895; x_wconf 91' lang='lat' dir='ltr'><strong>omnibus</strong></span> <span class='ocrx_word' id='word_1_856' title='bbox 2766 4843 2929 4912; x_wconf 63' lang='lat' dir='ltr'><strong>etrapit</strong></span> <span class='ocrx_word' id='word_1_857' title='bbox 2970 4817 3150 4898; x_wconf 71' lang='lat' dir='ltr'><strong>dicere</strong></span> <span class='ocrx_word' id='word_1_858' title='bbox 3176 4860 3186 4894; x_wconf 95' lang='lat'>:</span> <span class='ocrx_word' id='word_1_859' title='bbox 3216 4842 3372 4899; x_wconf 82' lang='lat' dir='ltr'><strong>Beati</strong></span> <span class='ocrx_word' id='word_1_860' title='bbox 3401 4841 3638 4906; x_wconf 74' lang='grc' dir='ltr'><strong>ρααρενεε</strong></span> <span class='ocrx_word' id='word_1_861' title='bbox 3663 4817 3754 4886; x_wconf 69' lang='grc' dir='ltr'><strong>ερί·</strong></span> 
     </span>
    </p>
   </div>
   <div class='ocr_carea' id='block_1_111' title="bbox 2199 4917 3745 4996">
    <p class='ocr_par' dir='ltr' id='par_1_111' title="bbox 2199 4917 3745 4996">
     <span class='ocr_line' id='line_1_111' title="bbox 2199 4917 3745 4996; baseline -0.005 -16"><span class='ocrx_word' id='word_1_862' title='bbox 2199 4928 2328 4994; x_wconf 83' lang='lat' dir='ltr'><strong>ritu,</strong></span> <span class='ocrx_word' id='word_1_863' title='bbox 2359 4928 2530 4996; x_wconf 88' lang='lat' dir='ltr'><strong>mites,</strong></span> <span class='ocrx_word' id='word_1_864' title='bbox 2571 4929 2949 4993; x_wconf 84' lang='lat' dir='ltr'><strong>misericordes,</strong></span> <span class='ocrx_word' id='word_1_865' title='bbox 2966 4929 3147 4983; x_wconf 84' lang='lat' dir='ltr'><strong>mundi</strong></span> <span class='ocrx_word' id='word_1_866' title='bbox 3185 4927 3341 4984; x_wconf 83' lang='lat' dir='ltr'><strong>corde</strong></span> <span class='ocrx_word' id='word_1_867' title='bbox 3378 4937 3397 4978; x_wconf 82' lang='lat'><strong>.&#39;</strong></span> <span class='ocrx_word' id='word_1_868' title='bbox 3449 4917 3628 4975; x_wconf 88' lang='lat' dir='ltr'><strong>deinde</strong></span> <span class='ocrx_word' id='word_1_869' title='bbox 3650 4918 3745 4984; x_wconf 75' lang='lat' dir='ltr'><strong>post</strong></span> 
     </span>
    </p>
   </div>
   <div class='ocr_carea' id='block_1_112' title="bbox 2199 5000 3756 5090">
    <p class='ocr_par' dir='ltr' id='par_1_112' title="bbox 2199 5000 3756 5090">
     <span class='ocr_line' id='line_1_112' title="bbox 2199 5000 3756 5090; baseline -0.011 -16"><span class='ocrx_word' id='word_1_870' title='bbox 2199 5021 2318 5075; x_wconf 88' lang='lat' dir='ltr'><strong>illas</strong></span> <span class='ocrx_word' id='word_1_871' title='bbox 2345 5019 2695 5075; x_wconf 88' lang='lat' dir='ltr'><strong>beatitudines</strong></span> <span class='ocrx_word' id='word_1_872' title='bbox 2724 5022 2798 5075; x_wconf 89' lang='lat' dir='ltr'><strong>ait</strong></span> <span class='ocrx_word' id='word_1_873' title='bbox 2825 5039 2838 5074; x_wconf 91' lang='lat'>:</span> <span class='ocrx_word' id='word_1_874' title='bbox 2866 5018 3037 5074; x_wconf 80' lang='lat' dir='ltr'><strong>Nolite</strong></span> <span class='ocrx_word' id='word_1_875' title='bbox 3063 5030 3261 5090; x_wconf 87' lang='lat' dir='ltr'><strong>putare,</strong></span> <span class='ocrx_word' id='word_1_876' title='bbox 3288 5014 3516 5085; x_wconf 86' lang='lat' dir='ltr'><strong>quoniam</strong></span> <span class='ocrx_word' id='word_1_877' title='bbox 3545 5006 3645 5063; x_wconf 81' lang='lat' dir='ltr'><strong>veni</strong></span> <span class='ocrx_word' id='word_1_878' title='bbox 3663 5000 3756 5059; x_wconf 77' lang='lat' dir='ltr'><strong>sol-</strong></span> 
     </span>
    </p>
   </div>
   <div class='ocr_carea' id='block_1_113' title="bbox 2199 5096 3752 5185">
    <p class='ocr_par' dir='ltr' id='par_1_113' title="bbox 2199 5096 3752 5185">
     <span class='ocr_line' id='line_1_113' title="bbox 2199 5096 3752 5185; baseline -0.012 -17"><span class='ocrx_word' id='word_1_879' title='bbox 2199 5131 2310 5169; x_wconf 84' lang='lat' dir='ltr'><strong>vere</strong></span> <span class='ocrx_word' id='word_1_880' title='bbox 2339 5116 2517 5185; x_wconf 86' lang='lat' dir='ltr'><strong>legem,</strong></span> <span class='ocrx_word' id='word_1_881' title='bbox 2547 5124 2632 5168; x_wconf 90' lang='lat' dir='ltr'><strong>aut</strong></span> <span class='ocrx_word' id='word_1_882' title='bbox 2662 5116 2933 5184; x_wconf 84' lang='lat' dir='ltr'><strong>prophetas</strong></span> <span class='ocrx_word' id='word_1_883' title='bbox 2964 5129 2984 5167; x_wconf 82' lang='lat'><strong>.°</strong></span> <span class='ocrx_word' id='word_1_884' title='bbox 3013 5131 3114 5167; x_wconf 89' lang='lat' dir='ltr'><strong>non</strong></span> <span class='ocrx_word' id='word_1_885' title='bbox 3134 5113 3245 5166; x_wconf 78' lang='lat' dir='ltr'><strong>veni</strong></span> <span class='ocrx_word' id='word_1_886' title='bbox 3271 5115 3478 5173; x_wconf 75' lang='lat' dir='ltr'><strong>salvere,</strong></span> <span class='ocrx_word' id='word_1_887' title='bbox 3509 5100 3591 5158; x_wconf 89' lang='lat' dir='ltr'><strong>sed</strong></span> <span class='ocrx_word' id='word_1_888' title='bbox 3610 5096 3752 5151; x_wconf 84' lang='lat' dir='ltr'><strong>adim-</strong></span> 
     </span>
    </p>
   </div>
   <div class='ocr_carea' id='block_1_114' title="bbox 2198 5196 3741 5288">
    <p class='ocr_par' dir='ltr' id='par_1_114' title="bbox 2198 5196 3741 5288">
     <span class='ocr_line' id='line_1_114' title="bbox 2198 5196 3741 5288; baseline -0.012 -27"><span class='ocrx_word' id='word_1_889' title='bbox 2198 5209 2336 5278; x_wconf 81' lang='lat' dir='ltr'><strong>plere</strong></span> <span class='ocrx_word' id='word_1_890' title='bbox 2392 5207 2510 5281; x_wconf 87' lang='lat' dir='ltr'><strong>(Ib.</strong></span> <span class='ocrx_word' id='word_1_891' title='bbox 2559 5223 2608 5262; x_wconf 84' lang='grc' dir='ltr'><strong>υ.</strong></span> <span class='ocrx_word' id='word_1_892' title='bbox 2664 5209 2787 5279; x_wconf 86' lang='grc'><strong>17).</strong></span> <span class='ocrx_word' id='word_1_893' title='bbox 2833 5211 2962 5274; x_wconf 87' lang='lat' dir='ltr'><strong>Quis</strong></span> <span class='ocrx_word' id='word_1_894' title='bbox 3004 5209 3148 5262; x_wconf 90' lang='lat' dir='ltr'><strong>enim</strong></span> <span class='ocrx_word' id='word_1_895' title='bbox 3186 5207 3288 5260; x_wconf 90' lang='lat' dir='ltr'><strong>hoc</strong></span> <span class='ocrx_word' id='word_1_896' title='bbox 3330 5200 3614 5270; x_wconf 88' lang='lat' dir='ltr'><strong>suspicatus</strong></span> <span class='ocrx_word' id='word_1_897' title='bbox 3652 5196 3741 5288; x_wconf 52' lang='lat' dir='ltr'><strong>est.</strong></span> 
     </span>
    </p>
   </div>
   <div class='ocr_carea' id='block_1_115' title="bbox 2198 5280 3748 5372">
    <p class='ocr_par' dir='ltr' id='par_1_115' title="bbox 2198 5280 3748 5372">
     <span class='ocr_line' id='line_1_115' title="bbox 2198 5280 3748 5372; baseline -0.01 -17"><span class='ocrx_word' id='word_1_898' title='bbox 2198 5311 2288 5356; x_wconf 91' lang='lat' dir='ltr'><strong>aut</strong></span> <span class='ocrx_word' id='word_1_899' title='bbox 2341 5280 2466 5371; x_wconf 89' lang='lat' dir='ltr'><strong>quid</strong></span> <span class='ocrx_word' id='word_1_900' title='bbox 2511 5317 2578 5356; x_wconf 76' lang='lat' dir='ltr'><strong>ex</strong></span> <span class='ocrx_word' id='word_1_901' title='bbox 2625 5303 2691 5358; x_wconf 90' lang='lat' dir='ltr'><strong>iis</strong></span> <span class='ocrx_word' id='word_1_902' title='bbox 2731 5319 2848 5372; x_wconf 68' lang='lat' dir='ltr'><strong>qum</strong></span> <span class='ocrx_word' id='word_1_903' title='bbox 2889 5302 3027 5356; x_wconf 86' lang='lat' dir='ltr'><strong>dicta</strong></span> <span class='ocrx_word' id='word_1_904' title='bbox 3061 5302 3285 5362; x_wconf 84' lang='lat' dir='ltr'><strong>fuerant,</strong></span> <span class='ocrx_word' id='word_1_905' title='bbox 3333 5291 3638 5352; x_wconf 85' lang='lat' dir='ltr'><strong>contrarium</strong></span> <span class='ocrx_word' id='word_1_906' title='bbox 3669 5280 3748 5335; x_wconf 73' lang='lat' dir='ltr'><strong>fuit</strong></span> 
     </span>
    </p>
   </div>
   <div class='ocr_carea' id='block_1_116' title="bbox 2201 5373 3745 5462">
    <p class='ocr_par' dir='ltr' id='par_1_116' title="bbox 2201 5373 3745 5462">
     <span class='ocr_line' id='line_1_116' title="bbox 2201 5373 3745 5462; baseline -0.001 -17"><span class='ocrx_word' id='word_1_907' title='bbox 2201 5393 2486 5461; x_wconf 86' lang='lat' dir='ltr'><strong>prioribus,</strong></span> <span class='ocrx_word' id='word_1_908' title='bbox 2514 5401 2571 5446; x_wconf 87' lang='grc' dir='ltr'><strong>ιιι</strong></span> <span class='ocrx_word' id='word_1_909' title='bbox 2597 5393 2696 5447; x_wconf 91' lang='lat' dir='ltr'><strong>hoc</strong></span> <span class='ocrx_word' id='word_1_910' title='bbox 2717 5393 2962 5449; x_wconf 86' lang='lat' dir='ltr'><strong>diceret?</strong></span> <span class='ocrx_word' id='word_1_911' title='bbox 2992 5393 3160 5456; x_wconf 85' lang='lat' dir='ltr'><strong>Beati,</strong></span> <span class='ocrx_word' id='word_1_912' title='bbox 3190 5391 3378 5462; x_wconf 89' lang='lat' dir='ltr'><strong>inquit,</strong></span> <span class='ocrx_word' id='word_1_913' title='bbox 3408 5396 3638 5457; x_wconf 59' lang='lat' dir='ltr'><strong>paupere!</strong></span> <span class='ocrx_word' id='word_1_914' title='bbox 3654 5373 3745 5444; x_wconf 36' lang='lat' dir='ltr'><strong>Si”;</strong></span> 
     </span>
    </p>
   </div>
   <div class='ocr_carea' id='block_1_117' title="bbox 2195 5471 3749 5556">
    <p class='ocr_par' dir='ltr' id='par_1_117' title="bbox 2195 5471 3749 5556">
     <span class='ocr_line' id='line_1_117' title="bbox 2195 5471 3749 5556; baseline -0.012 -17"><span class='ocrx_word' id='word_1_915' title='bbox 2195 5487 2295 5539; x_wconf 84' lang='lat' dir='ltr'><strong>ritu</strong></span> <span class='ocrx_word' id='word_1_916' title='bbox 2352 5484 2470 5556; x_wconf 87' lang='lat' dir='ltr'><strong>(Ib.</strong></span> <span class='ocrx_word' id='word_1_917' title='bbox 2529 5502 2576 5539; x_wconf 79' lang='grc' dir='ltr'><strong>υ.</strong></span> <span class='ocrx_word' id='word_1_918' title='bbox 2618 5487 2709 5550; x_wconf 79' lang='grc'><strong>5),</strong></span> <span class='ocrx_word' id='word_1_919' title='bbox 2751 5488 2852 5542; x_wconf 90' lang='lat' dir='ltr'><strong>hoc</strong></span> <span class='ocrx_word' id='word_1_920' title='bbox 2901 5497 3006 5552; x_wconf 82' lang='lat' dir='ltr'><strong>est,</strong></span> <span class='ocrx_word' id='word_1_921' title='bbox 3061 5486 3288 5541; x_wconf 84' lang='lat' dir='ltr'><strong>humiles</strong></span> <span class='ocrx_word' id='word_1_922' title='bbox 3328 5499 3344 5538; x_wconf 84' lang='lat'><strong>:</strong></span> <span class='ocrx_word' id='word_1_923' title='bbox 3396 5477 3532 5549; x_wconf 87' lang='lat' dir='ltr'><strong>atqui</strong></span> <span class='ocrx_word' id='word_1_924' title='bbox 3569 5471 3749 5527; x_wconf 72' lang='lat' dir='ltr'><strong>dixerat</strong></span> 
     </span>
    </p>
   </div>
   <div class='ocr_carea' id='block_1_118' title="bbox 2199 5559 3820 5648">
    <p class='ocr_par' dir='ltr' id='par_1_118' title="bbox 2199 5559 3820 5648">
     <span class='ocr_line' id='line_1_118' title="bbox 2199 5559 3820 5648; baseline -0.008 -18"><span class='ocrx_word' id='word_1_925' title='bbox 2199 5576 2300 5632; x_wconf 90' lang='lat' dir='ltr'><strong>hoc</strong></span> <span class='ocrx_word' id='word_1_926' title='bbox 2330 5594 2540 5648; x_wconf 91' lang='lat' dir='ltr'><strong>quoque</strong></span> <span class='ocrx_word' id='word_1_927' title='bbox 2562 5590 2712 5634; x_wconf 89' lang='lat' dir='ltr'><strong>vetus</strong></span> <span class='ocrx_word' id='word_1_928' title='bbox 2742 5590 3144 5634; x_wconf 87' lang='lat' dir='ltr'><strong>testamentum.</strong></span> <span class='ocrx_word' id='word_1_929' title='bbox 3174 5573 3491 5644; x_wconf 81' lang='lat' dir='ltr'><strong>Sacrificium</strong></span> <span class='ocrx_word' id='word_1_930' title='bbox 3513 5567 3634 5622; x_wconf 84' lang='lat' dir='ltr'><strong>enim</strong></span> <span class='ocrx_word' id='word_1_931' title='bbox 3655 5559 3748 5648; x_wconf 70' lang='lat' dir='ltr'><strong>DN</strong></span> <span class='ocrx_word' id='word_1_932' title='bbox 3815 5635 3820 5638; x_wconf 87' lang='lat'>_</span> 
     </span>
    </p>
   </div>
   <div class='ocr_carea' id='block_1_119' title="bbox 2198 5647 3753 5740">
    <p class='ocr_par' dir='ltr' id='par_1_119' title="bbox 2198 5647 3753 5740">
     <span class='ocr_line' id='line_1_119' title="bbox 2198 5647 3753 5740; baseline -0.008 -16"><span class='ocrx_word' id='word_1_933' title='bbox 2198 5647 2404 5740; x_wconf 82' lang='lat' dir='ltr'><strong>spiritus</strong></span> <span class='ocrx_word' id='word_1_934' title='bbox 2429 5647 2816 5737; x_wconf 84' lang='lat' dir='ltr'><strong>contribulatus,</strong></span> <span class='ocrx_word' id='word_1_935' title='bbox 2849 5689 2936 5725; x_wconf 87' lang='lat' dir='ltr'><strong>cor</strong></span> <span class='ocrx_word' id='word_1_936' title='bbox 2956 5681 3221 5725; x_wconf 83' lang='lat' dir='ltr'><strong>contritum</strong></span> <span class='ocrx_word' id='word_1_937' title='bbox 3239 5679 3284 5722; x_wconf 86' lang='lat' dir='ltr'><strong>et</strong></span> <span class='ocrx_word' id='word_1_938' title='bbox 3313 5662 3614 5720; x_wconf 76' lang='lat' dir='ltr'><strong>humiliatun&#39;</strong></span> <span class='ocrx_word' id='word_1_939' title='bbox 3637 5647 3753 5740; x_wconf 59' lang='lat' dir='ltr'><strong>De”</strong></span> 
     </span>
    </p>
   </div>
   <div class='ocr_carea' id='block_1_120' title="bbox 2201 5739 3747 5833">
    <p class='ocr_par' dir='ltr' id='par_1_120' title="bbox 2201 5739 3747 5833">
     <span class='ocr_line' id='line_1_120' title="bbox 2201 5739 3747 5833; baseline -0.012 -20"><span class='ocrx_word' id='word_1_940' title='bbox 2201 5739 2299 5816; x_wconf 90' lang='lat' dir='ltr'><strong>non</strong></span> <span class='ocrx_word' id='word_1_941' title='bbox 2339 5761 2579 5827; x_wconf 81' lang='lat' dir='ltr'><strong>despiciet</strong></span> <span class='ocrx_word' id='word_1_942' title='bbox 2607 5761 2775 5833; x_wconf 87' lang='lat' dir='ltr'><strong>(Psal.</strong></span> <span class='ocrx_word' id='word_1_943' title='bbox 2808 5764 2896 5819; x_wconf 84' lang='lat'><strong>50.</strong></span> <span class='ocrx_word' id='word_1_944' title='bbox 2927 5764 3037 5833; x_wconf 85' lang='grc'><strong>19).</strong></span> <span class='ocrx_word' id='word_1_945' title='bbox 3083 5763 3145 5817; x_wconf 83' lang='lat' dir='ltr'><strong>Et</strong></span> <span class='ocrx_word' id='word_1_946' title='bbox 3187 5774 3391 5827; x_wconf 87' lang='lat' dir='ltr'><strong>rursus,</strong></span> <span class='ocrx_word' id='word_1_947' title='bbox 3430 5755 3561 5809; x_wconf 81' lang='lat' dir='ltr'><strong>Beati</strong></span> <span class='ocrx_word' id='word_1_948' title='bbox 3591 5739 3747 5798; x_wconf 66' lang='lat' dir='ltr'><strong>mila:</strong></span> 
     </span>
    </p>
   </div>
  </div>
