3918 6364
216 348 322 412 ἸΒἸ

224 468 357 531 tam;
380 453 550 518 αὐτὸν
579 451 932 513 ἐπιτελοῦντά
960 467 1064 504 που
1096 448 1197 503 καὶ·
1230 444 1626 515 φθεγγόμενον.
1656 438 1814 494 Οῦτω

222 562 321 618 καὶ
338 528 558 619 *πολλάς
582 552 693 607 τῶν
719 548 895 621 εὐχῶν
924 544 1035 600 ἀπὸ
1066 543 1165 614 τῆς
1200 539 1373 611 αὐτῆς
1412 534 1651 591 ἐπιτελεῖ
1675 528 1819 603 γνὼ-

227 671 359 727 μης.
392 650 505 705 Kal
528 645 640 718 γὰρ
670 639 974 717 προσῆλθον
1008 633 1158 706 αὐτῷ
1182 633 1450 702 λέγοντες,
1482 628 1679 696 Κύριε,
1731 621 1820 677 δι-

222 716 419 810 δαξον
448 716 621 812 ἡμᾶς
647 716 1117 806 προσεύχεσθαι,
1148 727 1354 795 ὥσπερ
1396 721 1669 789 Ἰωάννης
1700 716 1820 772 ἐδί-

213 822 377 903 ’δαξε
429 833 574 900 τοὺς
623 827 898 902 μαθητὰς
957 821 1166 878 αὐτοῦ.
1229 812 1296 873 Τί
1338 812 1432 872 οὖν
1469 812 1618 889 [552]
1652 813 1819 884 ἐχρῆν

224 922 429 992 ποιεῖν,
461 924 585 980 είπέ
629 938 755 996 μοις
789 919 866 992 μὴ
913 915 1127 979 διδάξαι
1153 903 1350 976 αὐτοὺς
1375 905 1773 982 προσεύχεσθαι
1802 920 1817 970 ;

236 1020 406 1077 Ἀλλά
424 1018 515 1073 διὰ
542 1016 702 1071 τοῦτο
723 1009 909 1084 ἦλθεν,
927 1010 1017 1063 ἵνα
1040 1008 1122 1071 εἰς
1147 1006 1329 1059 πᾶσαν
1354 1001 1551 1066 αὐτοὺς
1576 996 1820 1068 ἐναγάγῃ

226 1111 576 1189 φιλοσοφίαν.
610 1107 755 1164 'm'
798 1105 970 1177 ἐχρῆν
1006 1099 1259 1168 διδάξας
1311 1092 1522 1150 Οὐκοῦν
1563 1085 1821 1160 εὔξασθαι

225 1418 333 1488 οὐχ
360 1415 536 1479 οὕτως
570 1415 605 1485 ἡ
644 1412 734 1478 διὰ
761 1410 873 1465 τῶν
905 1408 1192 1481 ῥημάτων,
1221 1405 1300 1469 ὡς
1322 1404 1357 1474 ἡ
1391 1400 1482 1456 διὰ
1514 1398 1625 1453 τῶν
1683 1412 1826 1469 πρα-

227 1510 463 1582 γμάτων
486 1505 808 1562 διδασκαλία
833 1496 962 1567 τοὺς
982 1494 1461 1573 μαθητευομένους
1475 1490 1691 1561 ἐνάγειν
1705 1491 1828 1544 εἴω-

230 1606 333 1658 θεν
364 1601 472 1656 Διά
491 1617 576 1653 τοι
603 1596 766 1652 τοῦτο
797 1590 918 1666 οὐχὶ
950 1594 1189 1649 διδάσκει
1233 1590 1434 1653 αὐτοὺς
1461 1586 1629 1658 εὐχὴν
1666 1582 1827 1656 μόνον

227 1696 335 1768 τὴν
358 1694 449 1749 διά
472 1692 584 1747 τῶν
615 1690 899 1763 ῥημάτων,
926 1685 1064 1742 ἀλλά
1100 1684 1197 1740 καὶ
1222 1682 1384 1746 αὐτὸς
1410 1677 1642 1734 διατελεῖ
1670 1674 1830 1730 τοῦτο

227 1788 433 1854 ποιῶν,
467 1785 565 1840 καὶ
587 1782 809 1854 εὔχεται
824 1776 1259 1851 διανυκτερεύων
1286 1776 1346 1829 ἐν
1381 1775 1504 1837 ταῖς
1532 1769 1792 1844 ἐρημίαις
1811 1808 1827 1830 ,

232 1883 392 1955 ἡμᾶς
422 1875 696 1933 παιδεύων
712 1875 809 1929 xal
835 1870 1127 1935 νουθετῶν,
1161 1867 1386 1923 ἐπειδάν
1407 1865 1693 1939 μέλλωμεν
1718 1863 1833 1932 όμι-

233 1954 356 2028 ξεῖν
377 1970 457 2042 τῷ
483 1967 624 2040 Θεῷ,
652 1965 880 2038 φεύγειν
917 1961 1182 2035 θορύσους
1213 1956 1434 2022 καὶτὰς
1469 1957 1529 2010 ἐν
1562 1954 1713 2026 μέσῳ
1738 1968 1834 2006 τα-

234 2064 437 2139 ραχὰς,
472 2059 721 2133 καὶπρὸς
750 2055 990 2130 ἐρημίαν
1021 2052 1346 2125 ἀναχωρεῖν,
1372 2047 1495 2119 οὐχὶ
1524 2045 1709 2102 τόπων
1738 2045 1835 2118 p.6-

227 2138 352 2225 νον,
387 2154 526 2212 ἀλλά
574 2154 671 2208 καὶ
701 2149 930 2223 καιρῶν.
972 2142 1213 2220 Ἔρημία
1240 2143 1299 2198 δέ
1344 2141 1469 2214 οὐχὶ
1507 2140 1635 2213 ὔρος
1671 2138 1834 2210 μόνον

231 2250 390 2307 ἐστὶν
411 2289 427 2314 ,
500 2246 638 2303 ἀλλά
701 2244 798 2299 καὶ
861 2236 1106 2305 οίκίσκος
1161 2237 1414 2312 κραυγῆς
1479 2230 1835 2305 ἀπηλλαγμέε

231 2362 351 2412 νος.

300 2470 373 2531 γ’.
393 2461 506 2515 Kal
524 2462 614 2515 ἵνα
638 2456 849 2531 μάθητε
869 2455 951 2510 ὅτι
981 2441 1445 2522 συγκαταϐάσεώς
1460 2447 1609 2502 ἐστιν
1623 2447 1658 2516 ἡ
1676 2442 1833 2516 εὐχὴ,

236 2558 487 2629 μάλιστα
520 2553 619 2626 μὲν
642 2551 738 2606 καὶ
770 2549 871 2621 ἤδη
895 2546 988 2601 διὰ
1014 2544 1126 2599 τῶν
1141 2542 1275 2615 περὶ
1297 2541 1391 2596 τὸν
1418 2538 1671 2608 Λάζαρον
1698 2552 1838 2606 συμ-

236 2628 456 2704 ϐάντων
485 2645 850 2716 ἀπεδείξαμεν
865 2657 882 2673 ο
916 2639 1056 2711 πλὴν
1078 2638 1215 2692 ἀλλὰ
1235 2635 1330 2691 καὶ
1364 2631 1632 2704 ἑτέρωθεν
1652 2628 1833 2700 δῆλον.

233 2741 404 2805 Τίνος
427 2738 539 2810 γὰρ
567 2737 756 2792 ἕνεκεν
782 2734 878 2789 ἐπὶ
903 2731 1014 2787 τῶν
1034 2730 1297 2804 μειζόνων
1326 2726 1429 2780 οὐκ
1458 2722 1678 2794 εὔχεται
1707 2721 1838 2776 θαυ-

241 2836 458 2907 μάτων,
508 2830 624 2886 ἀλλ’
666 2829 762 2882 ἐπὶ⁹
785 2826 896 2881 τῶν
938 2823 1276 2886 ἐλαττόνων;
1329 2819 1393 2872 EI
1444 2815 1556 2889 γὰρ
1583 2814 1841 2886 δεόμενος

237 2924 500 2998 βοηθείας
530 2919 729 2994 ηὔχετο
753 2919 848 2973 καὶ
867 2917 968 2972 οὐκ
1002 2915 1143 2986 ἔχων
1175 2910 1439 2997 αὐτοτελῆ
1459 2908 1711 2979 δύναμιν,
1745 2907 1841 2961 ἐπὶ

240 2988 752 3088 πάντωνεῖνχεσθαι
793 3012 902 3067 ἔδει
935 3009 1031 3064 καὶ
1055 3008 1148 3062 τὸν
1197 2988 1415 3076 Πατέρα
1450 3000 1638 3056 καλεῖν
1659 3017 1673 3031 ο
1710 3000 1759 3053 εί
1783 2999 1841 3053 δὲ

244 3118 328 3190 μὴ
370 3115 469 3170 ἐπὶ
497 3113 739 3178 πάντων,
769 3109 876 3164 κᾶν
910 3107 1003 3162 ἐπὶ
1055 3103 1165 3158 τῶν
1214 3096 1500 3174 μειζόνων.
1536 3094 1654 3151 Νῦν
1694 3094 1752 3149 δέ
1780 3091 1843 3148 τὸ

244 3184 495 3266 ἐναντίον
525 3207 699 3261 ποιεῖ’
755 3200 851 3257 ἐπὶ
890 3198 1001 3253 τῶν
1050 3194 1314 3269 μειζόνων
1364 3189 1706 3263 πραγμάτων
1743 3184 1845 3241 οὐκ

245 3301 494 3375 εὔχεται,
524 3299 613 3352 ἵνα
642 3295 815 3367 δείξῃ,
849 3293 934 3347 ὅτι
961 3291 1090 3354 τοὺς
1140 3287 1335 3350 ἄλλους
1366 3281 1640 3341 παιδεύων
1686 3275 1846 3335 τοῦτο

245 3371 448 3457 ἐποίει,
479 3389 602 3461 οὐχὶ
629 3386 913 3456 δυνάμεως
943 3382 1220 3451 δεόμενος.
1254 3378 1385 3431 Ὅτε
1426 3371 1560 3444 γοῦν
1588 3372 1717 3437 τούς
1740 3371 1847 3443 ἆρ-

241 3504 379 3553 ’τους
406 3485 734 3555 εὐλόγησεν,
775 3474 1087 3545 ἀναϐλέψας
1124 3472 1205 3537 είς
1233 3469 1327 3524 τδν
1361 3466 1590 3538 οὐρανὸν
1618 3463 1844 3536 ηὔξατο,

245 3581 402 3653 ἡμᾶς
430 3573 706 3632 παιδεύων
732 3567 1014 3643 τραπέζης
1053 3564 1128 3637 μὴ
1157 3561 1423 3635 πρότερον
1456 3557 1846 3629 ἀπογεύεσθαι,

244 3649 361 3737 Il»;
382 3670 450 3727 ἀν
473 3666 961 3740 εὐχαριστήσωμεν
984 3658 1064 3731 τῷ
1100 3658 1228 3720 τοὺς
1247 3654 1496 3727 καρποὺς
1524 3649 1848 3720 πεποιηκότι

248 3764 405 3836 Θεῷο
442 3762 540 3818 καὶ
569 3757 798 3820 πολλοὺς
848 3752 1081 3825 νεκροὺς
1122 3747 1456 3819 ἀναστήσας,
1485 3744 1588 3799 οὐκ
1624 3741 1846 3815 ηὔξατο,

251 3833 433 3912 ἐπὶ-δέ
462 3851 714 3922 Λαζάρου
750 3846 933 3917 μόνον.
976 3842 1087 3897 Kal
1115 3840 1218 3913 τὴν
1245 3837 1427 3892 αἰτίαν
1465 3835 1588 3889 τότε
1624 3833 1851 3906 εἰρήκαο

257 3965 383 4020 μεν,
413 3946 497 3999 ὅτι
535 3942 636 4013 τὴν
658 3938 944 3996 ἀσθένειαν
968 3934 1081 3988 τῶν
1118 3929 1405 4003 παρόντων
1443 3924 1848 3998 διορθούμενος,

253 4011 324 4113 ῆν
365 4037 464 4092 καὶ
514 4011 678 4096 αὐτὸς
726 4027 872 4094 εἶπε,
924 4026 1114 4097 σαφῶς
1149 4011 1293 4078 οὔτω
1318 4019 1599 4094 προσθεὶς,
1647 4018 1730 4072 δτι
1755 4016 1853 4071 διὰ

254 4110 368 4188 τὸν
395 4130 586 4200 ὄχλον
610 4124 721 4179 τὸν
769 4117 1135 4192 περιεστῶτα
1184 4113 1379 4171 εἷπον.
1421 4112 1534 4167 Kal
1571 4111 1655 4165 ὅτι
1692 4110 1791 4180 οὐχ
1818 4110 1853 4181 ἡ

257 4224 419 4295 εὐχὴ,
454 4219 571 4275 ἀλλ’
603 4219 637 4289 ἡ
670 4216 825 4288 φωνὴ
853 4214 943 4268 τὸν
977 4211 1170 4283 νεκρὸν
1192 4208 1436 4280 ῆγειρεν,
1501 4202 1703 4266 ἱκανῶς
1744 4202 1854 4256 ἀπ·-

258 4316 544 4386 εδείξαμεν
587 4310 709 4365 τότε
728 4328 742 4341 ·
765 4308 861 4363 καὶ
928 4307 1016 4361 ῖνα
1066 4302 1242 4375 μάθῃς
1277 4298 1436 4353 τοῦτο
1482 4296 1818 4366 σαφέστερον
1837 4332 1853 4358 ,

258 4412 383 4483 ὅρα.
652 4456 655 4459 .
1500 4465 1504 4469 .

334 4528 507 4582 Ὅταν
536 4524 648 4595 γὰρ
673 4518 926 4583 κολάζειν
957 4514 1074 4585 δέῃ,
1101 4510 1198 4566 καὶ
1230 4510 1359 4564 ὅταν
1386 4508 1578 4579 τιμᾷν,
1605 4504 1703 4560 καὶ
1728 4505 1857 4559 ὅταν

264 4620 642 4694 ἁμαρτήματα
667 4611 910 4684 ἀφιέναι,
940 4606 1038 4662 καὶ
1068 4605 1197 4659 ὅταν
1223 4599 1557 4673 νομοθετεῖν,
1592 4597 1690 4652 καὶ
1728 4598 1858 4651 ὅταν

262 4686 318 4768 τί
347 4686 459 4766 τῶν
476 4686 668 4779 *πολλῷ
700 4702 966 4777 μειζόνων
998 4699 1096 4771 δέῃ
1124 4696 1322 4756 ποιεῖν.
1349 4686 1585 4762 οὐδαμοῦ
1618 4689 1710 4743 τὸν
1743 4686 1857 4742 Πα-

265 4805 402 4876 τέρα
435 4777 706 4856 καλοῦντα
732 4792 895 4849 αὐτὸν
913 4788 1195 4863 εὑρήσεις,
1215 4784 1347 4853 ,οὐδὲ
1381 4780 1695 4853 εὐχόμενον,
1724 4777 1861 4834 ἀλλὰ

267 4870 415 4969 με’τά
438 4890 727 4953 αὐθεντίας
756 4888 976 4943 ᾶπαντα
1009 4880 1341 4954 πράττοντα.
1366 4873 1480 4930 Kal
1500 4871 1705 4927 τούτων
1727 4870 1860 4926 ἐκα-

267 4963 398 5045 στον
429 4985 543 5055 ἐγὼ
578 4983 676 5055 μὲν
716 4975 1217 5050 ιίιίιιαριθλαήσομαι⁶
1273 4971 1339 5025 σύ
1379 4967 1439 5022 δέ
1489 4965 1685 5021 σκόπει
1723 4963 1863 5036 μετά

265 5080 581 5153 ἀκριϐείας,
612 5074 730 5138 πῶς
762 5066 1003 5141 οὐδαμοῦ
1031 5066 1206 5121 δεῖται
1231 5062 1419 5134 εὐχῆς.
1445 5059 1644 5122 Δεῦτε,
1673 5057 1859 5130 φησιν,

269 5178 326 5230 οι
348 5149 750 5241 εὐλογημένοι
780 5162 891 5218 τοῦ
923 5158 1154 5227 Πατρός
1182 5173 1321 5223 μου,
1361 5149 1866 5222 κληρονομήσατε

277 5269 399 5337 τὴν
443 5259 904 5332 ἡτοιμασμένην
948 5252 1094 5325 ὑμῖν
1137 5247 1487 5315 βασιλείαν.
1537 5243 1643 5297 Kal
1678 5242 1864 5305 πάλιν,

272 5333 612 5428 Πορεύεσθε
627 5353 729 5408 ἀπ’
743 5340 915 5419 ἐμοῦ,
943 5348 1000 5402 οἱ
1018 5339 1443 5411 κατηραμένοι,
1468 5339 1556 5404 είς
1576 5334 1645 5390 τὸ
1665 5334 1784 5403 πῦρ
1799 5333 1866 5389 τὸ

277 5447 728 5521 ἡτοιμασμένον
755 5440 838 5509 τῷ
867 5439 1128 5502 διαϐόλῳ
1165 5433 1266 5489 καί
1301 5431 1429 5498 τοῖς
1452 5428 1732 5501 ἀγγέλοις
1762 5428 1870 5481 αὐ-

452 5541 583 5597 Ἰδού
609 5535 829 5601 κολάζει
854 5534 956 5588 καὶ
979 5531 1116 5603 τιμᾷ
1144 5527 1284 5600 μετά
1312 5523 1603 5586 αὐθεντίας
1626 5520 1884 5605 ἁπάσηςη

276 5635 378 5693 καὶ
416 5633 585 5705 εὐχῆς
629 5628 889 5701 οὐδεμιᾶς
921 5624 1114 5679 δεῖται.
1165 5620 1361 5682 Πάλιν,
1398 5618 1535 5705 όταν
1577 5613 1869 5687 διορθῶσαι

281 5724 449 5797 σῶμα
608 5717 1019 5789 διαλελυμένον.
1061 5712 1358 5783 Ἐγερθεὶς
1383 5702 1534 5778 ἆρον
1558 5708 1667 5760 τὸν
1694 5703 1871 5773 κράσε-

496 5795 636 5876 σου,
668 5811 769 5866 καί
805 5804 1114 5878 περιπάτει
1135 5821 1149 5834 °
1177 5804 1307 5857 ὅταν
1354 5798 1662 5885 ἀπαλλάξαι
1702 5795 1892 5885 θανά-⁸

635 5903 910 5965 ΡΔτιιοι.
959 5899 1077 5961 Gn.
1122 5890 1409 5957 XLVIII.

1010 332 1101 392 DE
1136 330 1421 393 CHRISTI
1455 319 1822 393 PRECIBUS,
1861 319 2146 380 CONTRA
2178 320 2560 379 ANOLKEOS.
2591 322 2660 375 Χ.

3387 310 3495 371 788

1919 453 2035 500 του,
2074 431 2293 491 Ταλιθὰ
2338 433 2536 504 κοῦμι,
2575 430 2873 499 ἀνάστηθι
2890 445 2906 462 °
2954 427 3084 483 ὅταν
3135 422 3502 498 ἐλευθερῶσαι

1919 528 2360 600 ἁμαρτημάτων,
2393 524 2632 594 Θάρσει,
2673 521 2910 587 τέκνον,
2941 516 3242 591 ἀφέωνταί
3278 530 3398 571 σου
3445 519 3509 572 al

1919 617 2234 686 ἁμαρτίαν
2268 616 2398 670 ὅταν
2446 613 2772 685 ἐπιτιμῆσαι
2799 609 3041 681 δαίμοσι,
3074 607 3179 663 Σοί
3220 604 3397 676 λέγω,
3438 604 3508 658 τὸ

1919 707 2192 775 πονηρὸν
2212 705 2559 776 δαιμόνιον,
2595 702 2808 769 ἔξελθε
2836 701 2936 756 ἀπ’
2968 699 3189 756 αὺτοῦ·
3225 697 3356 751 ὅταν
3404 711 3513 748 κα-

1919 798 2200 853 ταστεῖλαι
2228 798 2330 871 τὴν
2378 797 2677 861 θάλασσαν,
2722 794 2943 860 Σιώπα,
2988 791 3335 862 πεφίμωσο·
3382 788 3513 842 όταν

1922 890 2165 963 καθᾶραί
2211 908 2336 946 τινα
2371 888 2552 962 λέπρᾳ
2590 887 2974 960 κατεχόμενον,
3027 883 3211 948 Θέλω,
3264 879 3513 949 καθαρί-

1923 984 2099 1050 σθητι
2118 997 2132 1012 ο
2173 981 2303 1036 ὅταν
2348 980 2735 1053 νομοθετῆσαι,
2777 976 3114 1032 Ἠκούσατε
3155 973 3249 1027 ὅτι
3300 969 3512 1040 ἐρρέθη

1926 1073 2080 1148 [555]
2108 1074 2238 1142 τοῖς
2280 1073 2574 1145 ἀρχαίοις,
2596 1073 2681 1127 Οὐ
2727 1073 3051 1141 φονεύσεις
3068 1084 3083 1100 ο
3110 1064 3228 1136 ἐγὼ
3257 1062 3328 1117 δὲ
3356 1059 3515 1132 λέγω

1923 1162 2088 1233 ὑμῖν,
2121 1168 2221 1233 ’ος
2236 1163 2318 1219 ἂν
2333 1160 2475 1230 εῑπῃ
2488 1158 2569 1227 τῷ
2583 1158 2826 1230 ἀδελφῷ
2844 1160 3054 1226 αὑτοῦ,
3076 1151 3266 1222 Μωρέ,
3296 1150 3514 1219 ἔνοχος

1925 1254 2103 1311 ἔσται
2137 1252 2225 1323 είς
2251 1254 2372 1322 τὴν
2415 1248 2674 1324 γέενναν
2720 1250 2831 1305 τοῦ
2872 1249 3082 1318 πυρός.
3130 1238 3286 1307 Εἶδες
3334 1240 3515 1296 πάντα

1930 1347 2068 1420 μετά
2100 1341 2390 1411 αὐθεντίας
2417 1339 2676 1400 ποιοῦντα
2695 1339 3043 1412 δεσποτικῆς,
3062 1337 3159 1393 καὶ
3182 1338 3262 1400 είς
3290 1333 3517 1405 γέενναν

1928 1439 2286 1506 ἐκϐάλλοντα,
2323 1439 2420 1494 καὶ
2451 1439 2533 1502 είς
2558 1434 2845 1508 βασιλείαν
2876 1424 3186 1502 εἰσάγοντα,
3218 1427 3315 1483 καὶ
3337 1423 3519 1498 παρά-

1927 1533 2085 1589 λυσιν
2124 1531 2534 1604 διορθούμενον,
2564 1531 2662 1584 καὶ
2706 1529 2790 1592 είς
2836 1527 3070 1582 θάνατον
3119 1519 3516 1579 ἀπελαύνοντα,

1930 1625 2030 1681 καί⁸
2054 1624 2334 1697 ἁμαρτίας
2357 1623 2615 1693 ἀφιέντα,
2645 1621 2740 1677 καὶ
2764 1619 3017 1691 δαίμοσιν
3039 1612 3401 1687 ἐπιτιμῶντα,
3421 1610 3521 1664 καὶ

1931 1717 2030 1790 τὴν
2058 1717 2332 1772 θάλατταν
2356 1715 2826 1779 καταστέλλοντα;
2859 1712 3054 1768 Καίτοι
3082 1711 3136 1765 τί
3164 1709 3370 1782 μεῖζον,
3396 1702 3524 1760 εἰπέ

1936 1828 2050 1881 μοι,
2083 1812 2165 1875 εἰς
2196 1809 2476 1882 βασιλείαν
2499 1809 2837 1878 εἰσαγαγεῖν,
2868 1806 2965 1861 καὶ
2988 1806 3068 1869 είς
3093 1803 3319 1874 γέενναν
3349 1798 3525 1871 ἐμϐα·

1931 1900 2066 1968 λεῖν,
2103 1901 2201 1955 καὶ
2230 1900 2510 1973 ἁμαρτίας
2543 1900 2790 1970 ἀφιέναι,
2821 1897 2918 1952 καὶ
2949 1895 3149 1966 νόμους
3172 1892 3349 1947 θεῖναι
3384 1886 3524 1962 μετά

1930 1992 2242 2062 αὐθεντίας,
2268 1992 2303 2064 ἢ
2328 1993 2530 2065 ἄρτους
2556 1989 2817 2063 ποιῆσαι;
2851 1989 2952 2043 οὐκ
2977 1986 3199 2059 εὔδηλον
3236 1985 3332 2039 καὶ
3362 1983 3524 2054 ὠμο-

1932 2086 2236 2159 λογημένον
2275 2084 2504 2149 ἀπασιν,
2539 2084 2621 2138 ὅτι
2653 2076 2828 2137 ταῦτα
2862 2079 3089 2135 ἐκείνων
3120 2076 3329 2150 μείζως
3380 2073 3525 2128 Ἀλλ’

1934 2179 2085 2252 ὅμως
2110 2175 2203 2233 ἐπὶ
2235 2177 2347 2233 τῶν
2390 2172 2657 2251 μειζόνων
2687 2174 2788 2230 οὐκ
2814 2173 3056 2246 εὔχεται,
3084 2172 3299 2235 δεικνὺς
3325 2170 3407 2223 ὃτι
3428 2167 3527 2222 καὶ

1934 2270 2029 2329 ἐπὶ
2056 2268 2166 2328 τῶν
2198 2269 2501 2329 ἐλαττόνων
2532 2271 2595 2326 οὐ
2629 2267 2697 2325 δι’
2726 2265 3016 2325 ἀσθένειαν
3057 2264 3339 2338 δυνάμεως
3367 2260 3528 2317 τοῦτο

1935 2366 2133 2433 ἐποίει,
2188 2360 2326 2422 ἀλλὰ
2372 2358 2463 2419 διὰ
2511 2362 2863 2419 διδασκαλίαν
2900 2353 3010 2416 τῶν
3050 2355 3174 2413 τότε
3217 2355 3524 2429 παρόντων.

1937 2459 2048 2514 Kal
2072 2460 2160 2513 ἵνα
2186 2458 2390 2532 μάθῃς,
2420 2458 2544 2513 ὅσον
2561 2456 2710 2512 ἐστὶν
2739 2454 3014 2528 ἁμαρτίας
3036 2452 3277 2522 ἀφιέναι,
3293 2447 3529 2520 παράγω

1940 2568 2022 2607 σοι
2049 2552 2304 2625 μάρτυρα
2326 2551 2418 2605 τὸν
2445 2551 2736 2624 προφήτην
2756 2567 2769 2582 ·
2796 2548 3011 2612 οὐδενὸς
3033 2544 3142 2618 γὰρ
3164 2544 3352 2617 ἐτέρου
3373 2536 3530 2596 τοῦτο

1936 2645 2212 2701 δείκνυσιν
2253 2646 2283 2699 ό
2312 2644 2624 2717 προφήτης,
2660 2644 2695 2716 ἢ
2726 2642 2822 2697 τοῦ
2869 2640 3006 2695 Θεοῦ
3043 2640 3229 2711 μόνου.
3282 2637 3380 2702 Τίς
3419 2635 3531 2705 τὰρ
3578 2693 3589 2705 ,

1942 2737 2107 2807 Θεὸς,
2130 2739 2319 2811 φησιν,
2341 2736 2546 2806 ὥσπερ
2562 2735 2667 2799 σὺ,
2684 2735 2941 2803 ἐξαίρων
2957 2732 3230 2802 ἀνομίας.
3253 2727 3534 2798 ὑπερϐαί-
3590 2782 3599 2793 ι

1940 2849 2065 2885 νων
2104 2830 2380 2897 ἀδικίας;
2423 2830 2537 2884 Kal
2568 2827 2631 2883 τὸ
2659 2829 2739 2892 εἰς
2790 2825 3071 2897 βασιλείαν
3116 2818 3176 2876 δέ
3209 2819 3534 2889 εἰσαγαγεῖν

1940 2923 2037 2979 τοῦ
2064 2924 2156 2978 τὸν
2181 2923 2413 2979 θάνατον
2435 2919 2597 2976 λῦσαι
2626 2916 2808 2992 πολλῷ
2840 2916 3024 2991 μεῖζόν
3048 2919 3167 2972 ἐστι
3185 2932 3200 2946 ·
3241 2906 3360 2969 ἀλλ”
3381 2913 3534 2984 ὅμως

1943 3017 2167 3071 κάκεῖνο
2198 3013 2318 3087 μετ’
2364 3014 2617 3081 ἐξουσίας
2651 3010 2819 3067 ποιεῖ.
2861 3010 2974 3064 Kal
3014 3006 3077 3063 τὸ
3109 3006 3424 3079 νομοθετεῖν
3450 3002 3531 3064 δέ,

1943 3106 2005 3164 οὐ
2032 3107 2142 3162 τῶν
2169 3102 2649 3179 ὐποτεταγμένων,
2675 3104 2812 3160 ἀλλά
2838 3103 2947 3157 τῶν
2971 3098 3367 3173 βασιλευόντων
3382 3093 3532 3150 ἐστί’

1942 3203 2040 3257 καὶ
2072 3200 2235 3255 τοῦτο
2274 3199 2377 3272 βοᾷ
2421 3200 2520 3272 μὲν
2560 3199 2700 3270 αὐτὴ
2733 3196 2844 3251 τῶν
2875 3188 3223 3268 πραγμάτων
3260 3191 3295 3264 ἦ
3327 3188 3492 3261 φύσις
3516 3204 3531 3217 '

1947 3292 2214 3365 βασιλέων
2260 3292 2371 3364 γὰρ
2412 3290 2574 3364 μόνον
2619 3289 2737 3344 ἐστὶ
2769 3288 2980 3343 τιθέναι
3028 3287 3260 3357 νόμους·
3296 3282 3538 3338 δείκνυσι

1946 3387 2004 3441 δέ
2036 3385 2129 3440 καὶ
2148 3387 2177 3440 ό
2200 3385 2546 3449 Ἀπόστολος,
2573 3379 2718 3438 οὕτω
2738 3382 2912 3451 λέγων
2931 3398 2948 3413 ·
2981 3379 3122 3449 Περί
3145 3378 3214 3433 δὲ
3244 3375 3363 3432 τῶν
3380 3392 3535 3445 παρ-

1949 3478 2140 3533 θένων
2178 3477 2475 3546 ἐπιταγὴν
2502 3476 2725 3545 Κυρίου
2762 3476 2874 3530 οὐκ
2890 3476 3040 3545 ἔχω,
3068 3472 3312 3544 γνώμην
3345 3468 3416 3522 δὲ
3452 3466 3540 3521 δίο

1948 3568 2096 3638 δωμι
2140 3568 2222 3636 ὡς
2265 3568 2605 3637 ἠλεημένος
2653 3565 2776 3624 ὖπὸ
2814 3565 3038 3633 Κυρίου
3094 3561 3313 3627 πιστὸς
3361 3556 3536 3615 εἶναι.

1962 3660 2185 3733 Ἐπειδὴ
2231 3658 2341 3730 γὰρ
2368 3658 2554 3722 δοῦλος
2584 3652 2654 3731 ἦν
2702 3657 2798 3710 καὶ
2839 3656 3108 3722 διάκονος,
3134 3654 3234 3707 οὐκ
3270 3651 3542 3724 ἐτόλμησε

1952 3750 2273 3824 προσθεῖναι
2300 3752 2415 3813 τοῖς
2438 3750 2497 3818 ἐξ
2530 3750 2708 3821 ἀρχῆς
2732 3746 3198 3820 νομοθετηθεῖσιν.
3237 3747 3297 3799 Ὀ
3317 3744 3375 3798 δέ
3406 3745 3543 3817 Χρι-

1954 3842 2080 3907 στὸς
2112 3843 2214 3914 οὐχ
2258 3841 2453 3909 οὔτως,
2489 3841 2629 3895 άλλά
2682 3842 2825 3914 μετὰ
2870 3838 3072 3910 πολλῆς
3111 3835 3214 3905 τῆς
3254 3836 3544 3901 αὐθεντίας

1953 3936 2081 4000 τοὺς
2124 3934 2394 4019 παλαιούς
2432 3933 2803 4004 ἀναγινώσκει
2849 3933 3074 4003 νόμους,
3115 3929 3213 3984 καὶ
3242 3930 3372 3994 τοὺς
3409 3930 3543 4001 παρ’

1954 4026 2123 4083 αὐτοῦ
2148 4027 2311 4082 πάλιν
2345 4026 2579 4095 εἰσάγει.
2613 4024 2678 4079 Εἰ
2698 4024 2757 4079 δέ
2780 4024 2843 4078 τὸ
2875 4020 3074 4095 νόμους
3101 4021 3286 4084 ἁπλῶς
3313 4019 3544 4081 τιθέναι,

1959 4121 2247 4194 βασιλικῆς
2271 4116 2432 4193 μόνον
2461 4119 2610 4174 ἐστὶν
2639 4117 2911 4185 ἐξουσίας.
2953 4117 3080 4172 ὅταν
3110 4112 3433 4186 εὐρίσκηται
3466 4114 3544 4184 μὴ

1960 4215 2123 4287 μόνον
2168 4213 2368 4285 νόμους
2398 4210 2573 4275 τιθεὶς
2623 4201 2800 4277 οὗτος,
2833 4209 2972 4265 ἀλλά
2997 4208 3093 4263 καὶ
3120 4208 3247 4271 τούς
3278 4205 3543 4270 παλαιοὺς

1955 4306 2358 4381 διορθούμενος,
2376 4304 2461 4367 τίς
2479 4302 2834 4358 ὑπολείπεται
2860 4301 3020 4370 λόγος
3034 4300 3145 4362 τοῖς
3167 4297 3548 4368 ἀναισχυντεῖν

1958 4399 2338 4472 βουλομένοιςς
2384 4395 2519 4450 Ἀπὸ
2540 4396 2649 4468 γὰρ
2681 4394 2874 4449 τούτου
2905 4393 3088 4465 δῆλον,
3118 4391 3202 4445 ὅτι
3246 4390 3345 4461 τῆς
3377 4389 3546 4461 αὐτῆς

1956 4491 2147 4555 οὐσίας
2183 4488 2302 4543 ἐστὶ
2331 4488 2411 4560 τῷ
2438 4486 2817 4557 γεγεννηκότι.

2031 4683 2144 4739 Kal
2171 4683 2260 4737 ἵνα
2288 4679 2623 4752 σαφέστερον
2657 4677 2686 4733 ὃ
2712 4676 2861 4748 λέγω
2892 4675 3142 4745 γένηται,
3174 4674 3261 4728 ἐπ’
3287 4673 3420 4727 αὐτὸ
3448 4673 3551 4744 τῆς

1959 4772 2187 4849 Γραφῆς
2229 4772 2476 4845 ἔλθωμεν
2508 4770 2571 4825 τὸ
2612 4770 2835 4843 χωρίον.
2883 4766 3150 4822 Ἀνελθὼν
3180 4768 3261 4831 είς
3308 4765 3369 4820 τδ
3399 4766 3551 4836 ὅρος,

1964 4867 2149 4939 φησὶν,
2184 4864 2443 4935 ἐκάθητο,
2494 4863 2591 4918 καὶ
2636 4858 3024 4934 περιεστώτων
3071 4858 3289 4914 πάντων
3345 4857 3551 4930 ἤρξατο

1962 4960 2165 5029 λέγειν’
2187 4956 2478 5027 Μακάριοι
2498 4958 2552 5011 οἱ
2567 4950 2790 5024 πτωχοί
2809 4948 2891 5019 τῷ
2905 4950 3223 5022 πνεύματι,
3245 4952 3299 5004 οἱ
3319 4949 3550 5018 πραεῖς,

1964 5054 2019 5108 οί
2069 5049 2419 5120 ἐλεήμονες,
2455 5050 2510 5103 οἱ
2561 5045 2807 5116 καθαροί
2848 5040 2926 5114 τῇ
2965 5042 3202 5113 καρδίᾳ.
3247 5037 3382 5097 Είτα
3413 5041 3556 5114 μετὰ

1963 5146 2093 5208 τούς
2124 5142 2512 5217 μακαρισμοὺς
2539 5140 2783 5204 ἐκείνους
2806 5137 2987 5208 λέγει·
3015 5132 3114 5204 Μὴ
3142 5134 3434 5205 νομίσητε
3461 5133 3554 5188 ὅτι

1965 5232 2158 5310 ἦλθον
2183 5233 2524 5291 καταλῦσαι
2568 5232 2677 5287 τὸν
2708 5232 2899 5302 νόμον
2933 5230 2973 5299 ἢ
3012 5229 3156 5295 τοὺς
3194 5226 3509 5297 προφήτας
3530 5244 3548 5260 σ

1968 5334 2080 5387 οὐκ
2108 5326 2301 5401 ἦλθον
2328 5327 2691 5392 καταλῦσαι,
2730 5323 2895 5381 ἀλλὰ
2930 5319 3273 5391 πληρῶσαι.
3320 5318 3419 5381 Τίς
3443 5318 3554 5392 γὰρ

1968 5423 2131 5478 τοῦτο
2169 5420 2564 5487 ὐπὼπτευσεν;
2597 5418 2632 5490 ἢ
2663 5418 2717 5473 τί
2753 5416 2864 5473 τῶν
2891 5414 3202 5488 εἰρημένων
3222 5410 3462 5466 ἐναντίον
3486 5404 3560 5483 ἦν

1968 5520 2082 5584 τοῖς
2106 5514 2412 5587 προτέροις,
2444 5513 2533 5567 ἵνα
2555 5511 2714 5566 τοῦτο
2745 5511 2910 5583 εἴπῃς
2941 5506 3256 5577 Μακάριοι,
3287 5504 3479 5576 φησὶν,
3501 5503 3561 5560 οι

1970 5607 2195 5679 πτωχοὶ
2223 5605 2304 5674 τῷ
2332 5607 2647 5676 πνεύματι,
2682 5602 2986 5668 τουτέστιν,
3017 5601 3069 5654 οί
3106 5597 3558 5670 ταπεινόφρονες.

1983 5700 2142 5755 Ἀλλὰ
2162 5698 2322 5754 τοῦτο
2344 5699 2439 5754 καὶ
2462 5699 2495 5770 ἠ
2524 5696 2739 5753 Παλαιά
2772 5691 2895 5750 εἶπε
2915 5712 2930 5728 ο
2962 5693 3158 5750 Θυσία
3190 5691 3302 5764 γὰρ
3332 5688 3413 5758 τῷ
3437 5686 3564 5755 Θεῷ

1975 5792 2212 5864 πνεῦμα
2232 5789 2762 5863 συντετριμμένον·
2779 5785 3032 5859 καρδίαν
3046 5778 3561 5855 συντετριμμένην
