3918 6360
491 326 592 382 789

487 439 583 494 καὶ
613 434 1128 504 τεταπεινωμένην
1152 436 1183 486 ὀ
1203 433 1347 499 Θεὸς
1375 436 1486 487 οὐκ
1509 432 1926 498 ἑξουδενώσει.
1964 434 2077 487 Kal

490 523 682 580 πάλιν·
715 517 1005 587 Μακάριοι
1030 518 1085 571 οί
1115 517 1340 585 πραεῖς.
1377 518 1489 570 Kal
1520 515 1680 569 τοῦτο
1716 515 1946 579 Ἡσαΐας
1974 516 2074 569 πάι

487 608 571 665 λιν
603 607 713 679 ,βοᾷ
754 606 819 657 ἐκ
864 602 1161 677 προσώπου
1213 601 1308 654 τοῦ
1349 600 1486 653 Θεοῦ
1522 600 1728 668 λέγων·
1784 600 1910 653 Ἐπί
1944 600 2079 653 τίνα

486 690 816 761 ἑπιϐλέψω,
839 689 977 744 ἀλλ’
1003 689 1042 755 ἢ
1074 685 1174 740 ἐπὶ
1201 685 1305 739 τεν
1331 683 1529 753 πρᾶον
1561 684 1658 737 καὶ
1688 685 1952 755 ἡσύχιον
1977 688 2076 741 καὶ

485 778 780 848 τρέιιοντά
799 792 921 845 μου
950 771 1091 838 τοὺς
1132 772 1395 840 .wrqu;
1422 769 1715 838 Μακάριοι
1745 772 1809 847 οἱ⁴
1828 770 2079 841 ἐλεήμο-

485 880 606 929 νες.
671 860 782 915 Kal
826 858 985 912 τοῦτο
1027 854 1189 911 πάλιν
1237 853 1515 925 πανταχοῦ
1569 855 1925 925 διέσπαρται·
1979 856 2077 926 Μὴ

484 942 915 1011 ἀποστερήσῃς
944 939 1075 1009 γὰρ,
1112 939 1301 1008 φησὶν,
1331 937 1448 1007 τὴν
1481 935 1639 1007 ζωὴν
1670 937 1780 993 τοῦ
1813 940 2074 1010 πτωχοῦ,

482 1030 689 1098 ικέτην
719 1027 1077 1094 θλιϐόμενον
1106 1021 1189 1093 μὴ
1224 1023 1566 1079 ἀπαναίνου
1584 1039 1599 1054 °
1624 1024 1719 1078 καὶ
1739 1024 1908 1088 πολὺς
1939 1042 2076 1079 παν-

483 1113 648 1184 ταχοῦ
679 1112 809 1183 περὶ
843 1106 1259 1180 φιλανθρωπίας
1291 1107 1440 1161 ἐστὶν
1470 1107 1498 1160 6
1524 1106 1703 1175 λόγος.
1752 1106 1904 1179 1534]
1954 1112 2076 1165 Ma.

483 1199 671 1266 κιὶριοι
702 1199 756 1249 οί
786 1191 1037 1262 καθαροί
1082 1189 1158 1260 τῇ
1201 1191 1439 1260 καρδίᾳ.
1478 1188 1652 1245 Τοῦτο
1704 1191 1800 1245 καὶ
1837 1192 1866 1244 6
1913 1191 2078 1246 Δαυῖδ

483 1298 642 1352 φησι·
680 1276 948 1348 Καρδίαν
985 1273 1256 1343 καθαρὰν
1292 1274 1511 1328 κτίσον
1542 1274 1612 1328 ὲν
1642 1274 1795 1344 ἐμοὶ,
1837 1277 1871 1328 ὁ
1904 1274 2072 1341 Θεὸς,

483 1366 582 1419 καί
635 1362 872 1432 πνεῦμα
916 1360 1093 1427 είγθὲς
1129 1359 1481 1431 ἐγκαίνισον
1517 1360 1589 1413 ἐν
1631 1360 1757 1426 τοῖς
1802 1358 2075 1431 ἐγκάτοις

480 1467 614 1519 μου.
658 1447 769 1501 Kal
818 1446 945 1508 τοὺς
991 1444 1213 1507 λοιποὺς
1244 1443 1302 1497 δὲ
1347 1443 1512 1508 εἴτις
1565 1444 1781 1497 ἐπέλθοι
1837 1461 2073 1515 μακαρι-

481 1533 675 1603 σμοῦς,
712 1529 937 1602 εὑρήσει
967 1527 1169 1599 πολλὴν
1203 1520 1370 1581 οὖσαν
1401 1527 1501 1599 τὴν
1542 1527 1885 1599 συμφωνίαν.
1913 1528 2073 1592 Τίνος

478 1615 572 1670 οὖν
613 1616 824 1681 ἐνεκεν,
859 1612 1028 1684 μηδὲν
1059 1612 1301 1664 ἐναντίον
1337 1610 1579 1682 εἰρηκὼς
1618 1613 1733 1675 τοῖς
1763 1609 2068 1683 προτέροις,

477 1704 756 1771 ἐπήγαγεν
779 1715 792 1730 ο
824 1697 924 1767 Μὴ
948 1697 1239 1767 νομίσητε
1256 1696 1347 1749 ὅτι
1378 1691 1573 1767 ἦλθον
1590 1696 1935 1751 καταλῦσαι
1962 1698 2072 1750 τὸν

476 1787 667 1856 νόμον
698 1784 737 1853 ἢ
762 1782 906 1850 τοὺς
924 1777 1238 1851 προφήτας
1263 1797 1281 1843 ,'
1305 1780 1381 1833 06
1402 1778 1492 1832 διὰ
1520 1779 1588 1833 τὰ
1612 1780 1902 1851 εἰρημένα,
1934 1779 2070 1834 ἀλλὰ

475 1871 564 1925 διὰ
593 1870 661 1924 τά
698 1867 959 1941 μέλλοντα
1009 1865 1345 1937 ῥηθήσεσθαι
1387 1864 1594 1935 ταύτην
1641 1864 1743 1937 τὴν
1784 1864 2071 1937 διόρθωσιν

476 1954 710 2025 τίθησιν.
749 1950 970 2021 Ἐπειδὴ
999 1949 1109 2019 γὰρ
1141 1948 1367 2020 ἔμελλεν
1392 1947 1677 2019 ἐμϐαίνειν
1700 1951 1786 2013 είς
1818 1950 2069 2003 ἐπίτασιν

479 2037 734 2103 ἐντολῶν,
765 2036 853 2090 ἵνα
907 2034 982 2106 μὴ
1026 2032 1290 2105 νομίσωσι
1330 2031 1430 2103 τὴν
1479 2030 1711 2103 αὔξησιν
1750 2026 2069 2087 ἐναντίωσιν

477 2120 640 2187 εἶναι,
679 2118 813 2194 μηδέ
842 2121 942 2192 τὴν
989 2116 1311 2190 προσθήκην
1348 2115 1550 2189 μάχην,
1587 2116 1678 2171 διὰ
1712 2116 1871 2172 τοῦτο
1909 2111 2029 2170 εἶπε
2051 2132 2063 2146 ’

476 2209 573 2277 Μὴ
609 2207 901 2276 νομίσητε
939 2204 1029 2258 ὅτι
1073 2199 1260 2274 ἦλθον
1298 2202 1638 2257 καταλῦσαι
1670 2201 1779 2256 τὸν
1805 2203 1995 2272 νόμον
2027 2201 2065 2270 ἦ

477 2291 620 2358 τοὺς
648 2287 960 2359 προφήτας
977 2304 990 2318 ⁸
1017 2287 1285 2351 τουτέστι,
1320 2285 1501 2358 μέλλω
1522 2285 1644 2339 τινὰ
1669 2284 1848 2355 λέγειν
1872 2284 2068 2339 τελεώ-

476 2392 610 2445 τερα
639 2372 747 2427 τῶν
778 2371 1044 2443 πρότερον
1071 2369 1381 2441 εἰρημένων
1400 2385 1415 2399 ³
1448 2363 1561 2423 οἷον
1592 2369 1678 2423 δτι
1718 2368 2061 2434 Ἠκούσατε,

480 2462 562 2513 Οὐ
610 2456 966 2528 φονεύσεις·
1002 2454 1121 2526 ἐγὼ
1164 2452 1235 2507 δὲ
1289 2452 1468 2525 λέγω,
1521 2454 1647 2507 Οὐκ
1702 2450 2060 2522 ὁργισθήσῃ.

487 2544 822 2599 Ἠκούσατε
849 2541 939 2594 ὅτι
983 2540 1066 2593 Οὐ
1088 2538 1463 2608 μοιχεύσεις,
1491 2536 1610 2608 ἐγὼ
1629 2533 1867 2606 δὲλέγω
1890 2533 1982 2588 ὅτι
2011 2534 2065 2587 Ὁ

474 2626 782 2698 ἐμϐλέψας
792 2622 1052 2696 γυναῖκα
1071 2622 1219 2691 πρὸς
1235 2620 1303 2675 τὸ
1322 2618 1692 2691 ἐπιθυμῆσαι
1712 2619 1928 2687 αὐτὴν,
1946 2620 2064 2686 ἤδη

472 2711 823 2781 ἐμοίχευσε·
867 2706 961 2761 καὶ
1003 2706 1104 2759 ὅσα
1151 2704 1392 2758 τοιαῦτα.
1444 2704 1538 2775 Μὴ
1576 2702 1758 2757 τοίνυν
1803 2702 2062 2773 νομίσητε

476 2794 776 2849 κατάλυσιν
808 2787 951 2845 εἶναι
981 2790 1082 2861 τὴν
1110 2788 1230 2842 τελε
1242 2789 1422 2842 ίωσιν⁸
1454 2789 1515 2842 οὐ
1542 2787 1652 2859 γάρ
1678 2788 1794 2841 ἐστι
1825 2786 2063 2841 κατάλυ-

474 2896 582 2942 σις,
635 2876 774 2930 ἀλλά
812 2874 1125 2947 πλήρωσις’
1175 2875 1271 2926 καὶ
1318 2873 1457 2943 ὅπερ
1495 2871 1591 2924 ἐπὶ
1636 2870 1745 2925 τῶν
1793 2869 2066 2940 σωμάτων

472 2961 722 3032 ἐποίησε,
750 2957 912 3013 τοῦτο
935 2956 1031 3012 καὶ
1053 2957 1146 3011 ἐπί
1166 2955 1261 3010 τοῦ
1282 2956 1449 3027 νόμου
1476 2957 1639 3011 ποιεῖ.
1665 2954 1732 3008 Τί
1757 2951 1814 3007 δὲ
1837 2952 1931 3006 ἐπὶ
1955 2953 2065 3008 τῶν

475 3046 747 3116 σωμάτων
799 3041 1132 3114 εἰργάσατο;
1190 3039 1394 3094 Ἐλθὼν
1434 3041 1529 3096 καὶ
1578 3038 1755 3111 εὐρὼν
1804 3037 2066 3110 ἀνάπηρα

469 3128 642 3182 πολλὰ
661 3126 821 3199 μέλη,
854 3126 951 3179 καὶ
980 3124 1176 3190 ἐνδεῶς
1194 3124 1388 3196 ἔχοντα
1415 3124 1617 3191 πάντα,
1646 3122 1942 3195 ἅπήρτισε,
1970 3121 2065 3175 καὶ

468 3215 549 3278 είς
575 3212 675 3284 τὴν
716 3211 1106 3284 προσήκουσαν
1133 3210 1436 3281 εὐκοσμίαν
1467 3209 1811 3281 ἐπανήγαγε,
1840 3204 1929 3260 διὰ
1955 3206 2063 3261 τῶν

469 3297 818 3370 πραγμάτων
848 3295 1031 3349 αὐτῶν
1060 3294 1235 3350 ἅπασι
1263 3296 1435 3350 ποιῶν
1460 3293 1695 3366 φανερὸν
1715 3293 1798 3347 ὅτι
1816 3291 1911 3345 καὶ
1936 3292 2065 3356 τοὺς

468 3382 732 3455 ἀρχαίους
775 3379 941 3444 αὐτὸς
977 3379 1196 3435 τέθεικε
1239 3381 1461 3451 νόμους.
1507 3382 1605 3435 καὶ
1637 3378 1740 3450 τὴν
1773 3374 1937 3447 φύσιν
1964 3375 2065 3447 τὴν

467 3465 751 3538 ἡμετέραν
768 3460 1215 3537 ἐδημιούργησε.

542 3625 654 3679 Kal
705 3625 788 3679 δτι
827 3622 988 3677 τοῦτο
1034 3621 1370 3687 ἐσπούδαζεν
1420 3620 1723 3689 ἀποδεῖξαι,
1763 3622 1922 3696 δῆλον
1955 3625 2064 3679 ἀπὸ

467 3709 568 3779 τῆς
596 3705 691 3761 τοῦ
719 3705 929 3777 τυφλοῦ
958 3705 1258 3779 θεραπείας
1285 3706 1547 3778 μάλιστα.
1582 3704 1809 3780 Παριὼν
1834 3707 1944 3780 γὰρ
1973 3709 2065 3762 xal

471 3790 597 3848 ῑδών
630 3808 753 3846 τινα.
787 3789 1013 3860 τυφλὸν,
1044 3790 1270 3862 ἐποίησε
1315 3790 1506 3861 πηλὸν,
1554 3792 1647 3844 καὶ¹
1690 3790 1781 3845 τὸν
1822 3789 2064 3845 τοιοῦτον

471 3875 643 3948 πηλὸν
658 3877 772 3939 τοῖς
786 3873 1216 3947 πεπηρωμένοις
1238 3874 1530 3946 ἐπέχρισεν
1542 3874 1776 3947 ὄμμασι,
1792 3875 1889 3930 καὶ
1909 3870 2062 3929 εἶπεν

469 3960 656 4032 αὐτῷ’
687 3959 708 3978 ”
726 3961 946 4028 Υπαγε,
976 3958 1152 4027 νίψαι
1196 3960 1285 4025 εἰς
1314 3959 1424 4013 τὸν
1472 3957 1733 4030 Σιλωάμ.
1765 3959 1926 4024 Τίνος
1952 3960 2063 4032 7&9

467 4046 655 4098 ’ἐνεκεν
679 4045 708 4097 6
740 4043 971 4115 νεκροὺς
995 4043 1333 4114 ἐπιτάγματι
1363 4041 1507 4115 ψιλῷ
1538 4045 1778 4116 συνεχῶς
1806 4045 2056 4117 ἐγείρων,

470 4130 566 4184 καὶ
594 4127 769 4181 πολλά
791 4126 881 4180 Et:
891 4143 958 4198 ρα
973 4125 1204 4181 τοιαῦτα
1225 4127 1507 4199 θαυματου
1518 4128 1688 4200 ργῶν,
1708 4127 1942 4183 ἐνταῦθα
1965 4130 2061 4183 καὶ

469 4215 627 4287 ἔργον
675 4230 731 4268 τι
773 4209 1122 4284 προστίθησι,
1153 4211 1326 4283 πηλὸν
1355 4212 1549 4278 ποιῶν,
1585 4215 1680 4267 καὶ
1718 4213 2060 4269 διαπλάττων

467 4297 617 4368 αὐτῷ
659 4298 786 4360 τοὺς
811 4293 1160 4366 ὀφθαλμούς;
1194 4296 1296 4349 οὐκ
1324 4295 1546 4367 εὔδηλον
1575 4296 1639 4350 ἵν’
1663 4298 1793 4351 ὅταν
1820 4298 2060 4370 ἀκούσης

467 4384 551 4438 ὅτι
574 4380 767 4436 ἐλαϐεν
796 4380 828 4432 6
851 4378 988 4443 Θεὸς
1017 4379 1148 4451 χοῦν
1179 4380 1287 4434 ἀπὸ
1301 4381 1401 4451 τῆς
1425 4381 1550 4453 γῆς,
1583 4382 1680 4436 καὶ
1709 4382 1949 4438 ἔπλασεν
1967 4385 2059 4438 τὸν

468 4466 778 4537 ἄνθρωπον,
827 4464 1008 4536 μάθῃς
1039 4464 1129 4518 διὰ
1157 4463 1251 4517 τοῦ
1297 4464 1394 4519 νῦν
1439 4467 1728 4538 γινομένου
1776 4468 1859 4522 ὅτι
1905 4463 2059 4535 οὗτος

469 4548 678 4612 ἐκεῖνός
709 4549 859 4600 ἐστιν
892 4548 921 4600 6
950 4545 1104 4618 παρὰ
1143 4548 1243 4619 τὴν
1273 4548 1450 4620 ἀρχὴν
1485 4548 1699 4615 πλάσας
1727 4551 1818 4604 τὸν
1842 4551 2058 4624 ἄνθρω-

468 4649 604 4695 πον;
643 4631 768 4684 ἐπεὶ
800 4630 850 4703 εἰ
882 4629 959 4702 μὴ
987 4628 1150 4683 τοῦτο
1178 4630 1349 4696 δεῖξαι
1379 4631 1652 4699 ἐϐούλετο,
1705 4637 1963 4709 περιττὸν
1988 4632 2056 4708 ἧν

467 4717 606 4787 ὅπερ
625 4713 936 4796 εἰργάζετο,
967 4709 1103 4768 Εἶτα
1130 4715 1217 4770 ἴνα
1248 4716 1432 4789 μάθῃς
1454 4717 1537 4772 ὅτι
1565 4719 1663 4790 οὐχ
1688 4721 1723 4791 ἡ
1752 4720 1848 4774 τοῦ
1881 4722 2057 4796 πηλοῦ

466 4800 628 4873 χρεία
670 4795 1012 4871 συνέπραξεν
1040 4797 1191 4870 αὐτῷ
1215 4799 1353 4872 πρὸς
1380 4800 1481 4873 τὴν
1506 4802 1801 4875 ἀνάϐλεψιν
1830 4806 1925 4860 τοῦ
1948 4795 2054 4861 νπε-

465 4884 823 4958 πηρωμένου,
855 4882 970 4938 ἀλλ’
1001 4885 1163 4956 ἤρκει
1201 4885 1296 4939 καὶ
1324 4886 1496 4959 χωρὶς
1530 4889 1629 4959 τῆς
1667 4887 1800 4961 ὕλης
1836 4891 2053 4965 ἐκείνης

467 4970 855 5043 προστάγματι
876 4967 1022 5040 μόνῳ
1039 4968 1342 5024 διαπλάσαι
1368 4972 1495 5036 τοὺς
1510 4971 1847 5044 ὀφθαλμοὺς,
1876 4993 2051 5045 προσ-

465 5053 647 5126 τίθησι
692 5054 788 5108 καὶ
830 5052 1007 5123 λέγει·
1042 5052 1296 5124 "Errare.
1329 5054 1506 5124 νίψαι
1530 5059 1620 5122 είς
1649 5056 1760 5111 τὸν
1793 5058 2049 5129 Σιλωάμ.

465 5137 619 5193 Μετὰ
640 5135 820 5208 γὰρτὸ
839 5138 1013 5205 δεῖξαι
1044 5138 1177 5209 ἡμῖν
1206 5138 1296 5194 διὰ
1318 5139 1412 5194 τοῦ
1435 5141 1643 5212 τρόπου
1664 5143 1766 5213 τῆς
1791 5143 2054 5217 δημιουρ-

464 5221 590 5291 γίας
630 5220 716 5286 τίς
741 5217 809 5293 ἦν
834 5222 865 5276 6
898 5221 995 5275 καὶ
1037 5223 1096 5289 ἐξ
1130 5223 1312 5295 ἀρχῆς
1346 5224 1441 5279 τὸν
1472 5225 1762 5297 ἄνθρωπον
1794 5229 2050 5299 ποιήσας,

460 5304 583 5358 τότε
626 5301 777 5373 λέγει
809 5304 960 5376 αὐτῷ
983 5321 998 5335 ’
1032 5306 1283 5377 νγπανε,
1315 5309 1489 5378 νίψαι
1522 5311 1612 5375 εὶς
1644 5308 1752 5379 τὸν
1789 5309 2048 5379 Σιλωάμ.

464 5386 736 5459 Καθάπερ
774 5383 868 5442 οὖν
893 5389 1336 5461 ἀνδριαντοποιὸς
1367 5393 1589 5465 ἀριστος
1616 5392 1939 5466 βουλόμενος
1963 5395 2053 5448 διὰ

461 5470 573 5523 τῶν
599 5469 779 5541 ἔργων
820 5472 1193 5540 ἐπιδείξασθαι
1221 5475 1319 5546 τὴν
1351 5475 1546 5531 ἐαυτοῦ
1586 5476 1804 5549 τέχνην,
1832 5476 2047 5549 ἀφίησι,

464 5553 555 5606 τὸν
597 5552 890 5627 ἀνδριάντα
931 5556 1298 5619 διαπλάττων,
1342 5560 1404 5614 τὸ
1439 5562 1626 5632 μέρος,
1661 5562 1747 5614 ἵνα
1783 5560 1913 5632 περὶ
1955 5563 2051 5633 τῆς

466 5634 562 5689 τοῦ
590 5637 789 5701 παντὸς
808 5639 1005 5710 τέχνης
1033 5641 1307 5706 ἀπόδειξιν
1333 5642 1390 5696 ἐν
1406 5643 1483 5715 τῷ
1508 5644 1748 5697 λείποντι
1773 5644 1850 5715 δῷ
1868 5663 1880 5674 ·
1907 5644 2050 5698 οῦτω

469 5716 576 5799 καὶ-
594 5719 622 5769 ὁ
650 5718 907 5789 Χριστὸς,
938 5722 1022 5776 ὅτι
1048 5724 1141 5778 τὸν
1167 5722 1288 5779 ὅλον
1317 5725 1608 5796 ἄνθρωπον
1628 5728 1793 5792 αὐτὸς
1821 5729 2047 5799 ἐποίησε

467 5795 634 5861 δεῖξαι
683 5801 1030 5874 βουλόμενος,
1066 5809 1276 5881 ἀφῆκεν
1316 5795 1478 5882 ἀτελῆ
1524 5812 1730 5878 τοῦτον,
1776 5812 1842 5865 ἵν’
1875 5795 2047 5867 ἐλθὼν

1241 322 1295 375 S.
1348 320 1635 377 JOANNIS
1678 318 2173 377 CIIRYSOSTOMI
2207 321 2525 377 ARCIIIEP.
2568 318 3119 381 (IUNSTANTINOI’.

3642 328 3737 388 790

2183 435 2419 499 καὶτοὺς
2444 437 2759 509 ὀφθαλμοὺς
2784 439 3037 505 ἀποδοὺς,
3065 438 3152 492 διὰ
3174 437 3264 491 τοῦ
3294 438 3490 510 μέρους
3507 441 3599 515 τὴν
3621 443 3737 515 περὶ

2179 517 2276 571 τοῦ
2303 519 2503 583 παντὸς
2530 522 2663 591 ἡμῖν
2690 522 3044 593 ἐστ-καταϐάλῃ
3077 522 3277 578 πίστιν.

2252 755 2363 809 Kal
2387 756 2490 826 ὅρα
2533 754 2639 809 ποῦ
2663 753 2825 811 τοῦτο
2861 757 3150 829 ἐποίησεν·
3182 757 3284 813 οὐκ
3326 759 3423 815 ἐπὶ
3456 762 3631 834 χειρὸς
3658 765 3744 820 καὶ

2179 841 2360 907 ποδὸς,
2399 841 2515 896 ἀλλ’
2548 843 2641 896 ἐπὶ
2678 842 2994 915 ὀφθαλμῶν,
3028 842 3123 897 τοῦ
3166 844 3451 899 καλλίστου
3485 847 3575 902 καὶ
3619 849 3739 903 ἀνα-

2179 925 2508 994 γκαιοτάτου
2540 926 2652 981 τῶν
2685 925 2865 999 μελῶν
2890 925 2999 980 τῶν
3022 926 3334 1000 ἡμετέρων,
3368 928 3462 983 καὶ
3481 923 3541 985 οὗ
3565 932 3741 1002 τιμιὼ-

2176 1025 2337 1081 τερον
2362 1010 2493 1081 ἡμῖν
2519 1010 2674 1065 οὐδέν
2709 1012 2825 1064 ἐστι
2857 1009 3039 1081 μέλος.
3088 1011 3147 1064 '0
3166 1009 3224 1064 δέ
3257 1011 3320 1065 τὸ
3354 1012 3631 1067 κάλλιστον
3660 1018 3741 1069 καὶ

2178 1093 2615 1163 ἀναγκαιότατον
2646 1094 2945 1149 διαπλάσαι
2989 1092 3264 1167 δυνηθεὶς,
3300 1096 3427 1161 τοὺς
3454 1097 3741 1170 ὀφθαλμοὺς

2179 1178 2333 1251 [5'55]
2370 1179 2536 1248 λέγω,
2578 1178 2802 1250 εὔδηλον
2832 1180 2915 1233 ὅτι
2944 1180 3039 1233 καὶ
3069 1182 3231 1251 χεῖρα
3262 1181 3360 1235 καὶ
3400 1181 3533 1234 πόδα
3573 1184 3659 1237 καὶ
3681 1184 3741 1238 τὶι

2177 1263 2341 1319 λοιπὰ
2394 1264 2625 1320 δύναται
2671 1264 3086 1320 κατασκευάσαι
3142 1265 3302 1337 μέλη.
3365 1266 3430 1319 Ὠ
3477 1268 3739 1339 μακαρίων

2175 1347 2473 1419 ὀφθαλμῶν
2507 1348 2756 1413 ἐκείνων,
2782 1348 2832 1401 οἳ
2865 1347 3097 1422 θέατρον
3134 1349 3386 1418 ἐγένοντο
3414 1352 3523 1415 τοῖς
3556 1351 3735 1422 παροῦ-

2177 1450 2261 1487 σιν
2289 1433 2483 1495 ἆπασι,
2521 1434 2614 1487 καὶ
2653 1434 2862 1499 πάντας
2913 1432 3049 1506 πρὸς
3091 1434 3323 1497 ἑαυτοὺς
3360 1435 3736 1499 ἐπεσπάσαντο,

2175 1519 2271 1573 καὶ
2296 1518 2483 1590 φωνὴν
2507 1517 2597 1572 διὰ
2617 1516 2712 1571 τοῦ
2740 1518 2975 1582 κάλλους
3000 1519 3243 1590 ἀφῆκαν,
3274 1516 3615 1584 διδάσκοντες
3629 1520 3737 1583 τοὺς

2175 1601 2748 1676 παρόνταςίᾶπαντας
2785 1602 2885 1674 τὴν
2927 1599 3025 1655 τοῦ
3075 1600 3317 1673 Χριστοῦ
3362 1602 3609 1675 δύναμιν.
3641 1598 3739 1657 Καὶ

2172 1684 2241 1761 ἦν
2262 1675 2574 1760 παραδόξου
2600 1688 2661 1742 τὺ
2680 1688 2972 1759 γινόμενον
2990 1703 3005 1718 ⁸
3025 1688 3055 1741 6
3084 1687 3195 1760 7&9
3215 1678 3417 1756 τυφλδς
3445 1688 3569 1752 τοὺς
3584 1688 3735 1760 δρῶν-

2172 1791 2273 1838 τας
2308 1772 2528 1844 βλέπειν
2558 1772 2857 1827 ἐδίδασκεν.
2886 1771 3070 1842 Ὅπερ
3094 1767 3192 1826 οὖν
3226 1772 3325 1826 καὶ
3351 1770 3381 1824 6
3411 1771 3635 1842 Χριστὸς
3657 1770 3736 1841 δη-

2172 1858 2279 1913 λῶν
2311 1858 2500 1928 ἐλεγεν
2517 1874 2533 1887 ·
2560 1858 2667 1924 Εἰς
2695 1856 2876 1927 κρῖμα
2894 1852 3090 1927 ἦλθον
3112 1858 3204 1923 είς
3236 1856 3348 1911 τὸν
3370 1857 3600 1926 κόσμον
3618 1855 3735 1910 τοῦ·

2170 1958 2298 2008 τον,
2346 1942 2450 1999 ἵνα
2476 1944 2535 1995 οἱ
2570 1939 2658 2011 μὴ
2690 1940 3036 2007 ,ϐλέποντες
3068 1940 3377 2009 βλάψωσι,
3410 1944 3509 1996 καί
3533 1938 3735 2005 01.8.16-

2171 2042 2392 2095 ποντες
2421 2024 2638 2096 τυφλοὶ
2666 2025 2973 2096 γένωνται.
3015 2025 3080 2079 Ὠ
3117 2024 3424 2099 τπιρώσεως
3452 2024 3729 2098 μακαρίας·

2166 2113 2265 2177 οὓς
2291 2111 2402 2184 γὰρ
2431 2111 2535 2166 οὐκ
2566 2109 2726 2164 ἐλαϐε
2770 2109 2924 2182 παρὰ
2968 2109 3073 2181 τῆς
3107 2108 3350 2179 φύσεως,
3397 2109 3554 2164 ἔλαϐε
3602 2109 3733 2180 παρὰ

2169 2197 2269 2268 τῆς
2297 2196 2545 2268 χάριτος,
2582 2194 2740 2249 οὐδὲν
2769 2197 2836 2248 ἐκ
2876 2196 2976 2266 τῆς
3022 2194 3300 2264 ἀναϐολῆς
3337 2193 3630 2267 ζημιωθεὶς
3659 2211 3733 2245 το-

2173 2278 2382 2347 σοῦτον,
2433 2279 2559 2333 ὅσον
2599 2278 2856 2349 ἐκέρδανε
2902 2277 2998 2332 τοῦ
3057 2277 3197 2332 κατὰ
3245 2276 3346 2351 τὴν
3400 2276 3733 2349 δημιουργίαν

2169 2363 2394 2436 τρόπου.
2431 2361 2497 2415 Τί
2525 2360 2635 2434 γὰρ
2658 2361 2725 2417 ἂν
2750 2361 2965 2431 γένοιτο
2988 2360 3098 2415 τῶν
3118 2360 3421 2433 ὀφθαλμῶν
3451 2359 3732 2432 θαυμαστό-

2166 2465 2328 2520 τερον
2358 2446 2606 2511 ἐκείνων,
2626 2445 2725 2510 ob;
2757 2446 2979 2517 ἄμωμοι
3012 2447 3110 2499 καὶ
3143 2446 3302 2514 ἀγιαι
3325 2448 3505 2519 χεῖρες
3530 2443 3731 2500 διαπλά-

2170 2548 2262 2585 σαι
2298 2524 2680 2601 κατηξίωσαν;
2717 2528 2829 2584 Kal
2861 2530 3001 2602 ὅπερ
3028 2530 3123 2584 ἐπὶ
3150 2531 3255 2602 τῆς
3291 2532 3510 2603 στείρας
3533 2529 3728 2600 συνέϐη,

2168 2615 2327 2669 τοῦτο
2380 2615 2475 2669 καὶ
2521 2614 2761 2670 ἐνταῦθα
2813 2615 3055 2685 ἐγένετο.
3102 2615 3380 2684 Καθάπερ
3415 2615 3521 2687 7&9
3568 2614 3728 2682 ἐκείνη

2164 2699 2325 2753 οὐδὲν
2374 2700 2440 2753 ἐκ
2472 2699 2575 2770 τῆς
2615 2698 2931 2770 μελλήσεως
2980 2698 3433 2770 παρεϐλάπτετο,
3476 2698 3605 2754 ἀλλά
3647 2698 3729 2751 καὶ

2166 2782 2525 2855 λαμπροτέρα
2550 2782 2754 2855 μᾶλλον
2782 2782 3022 2851 ἐγένετο,
3046 2784 3114 2837 οὐ
3143 2785 3338 2854 νόμοις
3362 2784 3588 2855 φύσεως,
3611 2782 3726 2838 ἀλλά

2168 2868 2354 2941 νόμοις
2385 2869 2607 2941 χάριτος
2639 2867 2700 2921 τὺ
2736 2866 2949 2922 παιδίον
2978 2868 3367 2927 ἀπολαϐοῦσα’
3402 2869 3539 2924 οὕτω
3564 2869 3623 2940 δὴ
3647 2868 3726 2920 καὶ

2167 2953 2197 3005 6
2230 2952 2432 3022 τυφλὸς
2459 2950 2613 3005 οὐδὲν
2647 2951 2712 3005 ἐκ
2747 2950 2849 3023 τῆς
2878 2950 3261 3025 παρελθούσης
3294 2950 3604 3026 παρεϐλάϐη
3632 2967 3724 3019 πη·-

2167 3035 2411 3109 ρώσεως,
2444 3034 2581 3091 ἀλλά
2606 3034 2787 3091 καὶτὰ
2813 3035 3050 3108 μέγιστα
3080 3037 3339 3092 ἐντεῦθεν
3364 3037 3628 3109 ἐκέρδανε,
3648 3033 3726 3086 τὸν

2165 3120 2267 3191 τῆς
2297 3119 2642 3192 δικαιοσύνης
2675 3120 2829 3191 ἦλιον
2878 3119 3146 3192 πρότερον
3186 3119 3323 3176 ἰδεῖν
3376 3117 3723 3186 καταξιωθεὶς,

2167 3200 2263 3257 καὶ
2296 3203 2417 3257 τότε
2440 3203 2633 3258 τοῦτον
2662 3203 2756 3258 τὸν
2783 3201 3065 3276 αἰσθητόν.

2236 3451 2298 3507 ε’.
2324 3450 2511 3505 Ταῦτα
2530 3450 2677 3520 λέγω
2705 3451 2792 3504 ῐνα
2811 3450 2887 3523 μὴ
2910 3450 3383 3525 δυσχεραίνωμεν,
3404 3448 3611 3505 ἐπειδὰν
3629 3446 3725 3500 ['60:-

2170 3554 2272 3608 μεν
2303 3537 2337 3608 ἢ
2373 3536 2626 3600 ἑαυτοὺς,
2655 3534 2690 3607 ἥ
2718 3535 2944 3608 ἐτέρους
2975 3536 3133 3601 τινας
3153 3537 3214 3589 ἐν
3236 3538 3548 3609 ’συμφοραῖς
3565 3535 3720 3595 ὄντας.

2173 3623 2267 3676 Ἂν
2283 3621 2393 3692 7&9
2417 3619 2759 3692 εὐχαρίστως
2774 3619 2873 3675 καὶ
2894 3620 3159 3690 γενναίως
3178 3622 3437 3695 φέρωμεν
3458 3619 3524 3675 τά
3544 3616 3721 3689 συμπί-

2167 3722 2371 3759 πτοντα
2394 3702 2637 3769 ἅπαντα,
2668 3705 2890 3767 πάντως
2921 3704 3004 3769 εἰς
3029 3704 3184 3767 τέλος
3210 3705 3450 3779 χρηστὸν
3472 3700 3724 3760 καὶπολλὰ

2164 3787 2288 3860 ἔχον
2308 3786 2492 3858 ἀγαθὰ
2518 3788 2670 3842 πᾶσα
2698 3789 2835 3858 ἡμῖν
2857 3787 3234 3859 ἀπαντήσεται
3257 3790 3290 3861 ή
3312 3787 3580 3861 συμφορά.
3603 3782 3723 3839 Ἀλλ’

2162 3873 2302 3945 ὅπερ
2324 3869 2636 3944 ἠϐουλήθην
2662 3866 2860 3938 εἰπεῖν,
2888 3871 2973 3925 ὅτι
3001 3870 3194 3944 ὥσπερ
3217 3873 3293 3927 τὰ
3314 3871 3538 3944 σώματα
3552 3866 3722 3930 ἐνδεῶς

2162 3955 2361 4029 ἔχοντα
2390 3953 2784 4027 ἀπηρτισμένα
2813 3954 3246 4024 κατεσκεύαζεν,
3273 3956 3417 4011 οὕτω
3437 3956 3529 4010 καὶ
3550 3953 3632 4007 τὸν
3650 3949 3723 4004 νό-

2165 4058 2266 4114 μον
2293 4039 2462 4110 ἀτελῆ
2489 4036 2673 4093 λαϐὼν
2709 4038 3013 4111 ἐρῤὐθμιζε
3046 4040 3141 4094 καὶ
3166 4039 3451 4095 διέπλαττε
3486 4039 3574 4094 καὶ
3603 4035 3721 4107 πρὸς

2160 4128 2224 4181 τὸ
2254 4125 2463 4197 βέλτιον
2493 4123 2677 4195 ἐξῆγε.
2710 4120 2919 4195 Μηδεὶς
2943 4123 3001 4178 δὲ
3034 4124 3254 4180 ἀκούων
3274 4125 3355 4181 ὅτι
3375 4128 3405 4180 6
3430 4124 3584 4196 νόμος
3611 4122 3719 4175 ἅτε-
3796 4168 3810 4185 ,

2160 4211 2259 4285 λης
2279 4205 2371 4283 ἦν,
2391 4208 2487 4263 τοῦ
2514 4208 2701 4273 θέντος
2722 4208 2887 4262 αὐτὸν
2918 4212 3253 4281 κατηγορεῖν
3283 4211 3429 4282 ἡμᾶς
3457 4204 3725 4279 νομιζέτω..

2174 4296 2398 4367 Ἀτελὴς
2417 4296 2528 4366 7&9
2546 4294 2753 4358 ἐκεῖνος
2782 4293 2844 4348 οὐ
2862 4293 3016 4365 παρά
3042 4295 3143 4366 τὴν
3168 4295 3379 4349 οἰκείαν
3398 4293 3573 4364 φύσιν,
3600 4285 3717 4343 ἀλλὰ

2163 4387 2316 4461 παρά
2347 4388 2442 4441 τὸν
2475 4385 2668 4459 χρόνον
2693 4385 2881 4441 λοιπὸν
2912 4387 3156 4456 ἐγίνετο·
3183 4388 3308 4442 ἐπεὶ
3332 4388 3473 4442 κατὰ
3501 4385 3586 4439 τὸν
3614 4398 3717 4435 και·-

2162 4473 2278 4546 ρδν,
2305 4471 2366 4526 δν
2395 4469 2713 4542 εἰσηνέχθη,
2753 4470 2958 4542 σφόδρα
2982 4472 3186 4536 τέλειος
3219 4466 3309 4545 ἦν,
3341 4471 3433 4527 καὶ
3461 4471 3567 4532 τοῖς
3588 4466 3716 4533 δεχο-

2163 4557 2348 4629 μένοις
2379 4550 2544 4611 αὐτδν
2571 4554 2910 4628 κατάλληλος
2932 4572 2945 4585 ·
2977 4555 3168 4627 ἐπειδὴ
3198 4557 3255 4610 δέ
3289 4556 3424 4628 πρὸς
3449 4554 3507 4609 τὸ
3532 4551 3715 4624 βέλτιον

2160 4641 2253 4697 ὑπ’
2288 4640 2502 4696 ἐκείνου
2532 4639 2891 4694 παιδευθεῖσα
2926 4639 3115 4695 λοιπὸν
3147 4643 3180 4713 ἡ
3205 4640 3369 4712 φύσις
3397 4636 3710 4695 ἐπιδέδωκεν,

2156 4725 2543 4797 ἀτελέστερος,
2575 4725 2635 4778 οὐ
2661 4723 2815 4796 παρὰ
2835 4725 2936 4797 τὴν
2971 4724 3181 4780 οἰκείαν
3209 4725 3390 4796 φύσιν,
3418 4721 3547 4779 ἀλλά
3580 4716 3710 4790 παρὰ

2156 4809 2259 4883 τὴν
2291 4808 2537 4863 ἐπίδοσιν
2567 4807 2667 4877 τῆς
2696 4807 2902 4879 ἀρετῆς
2927 4808 3036 4862 τῶν
3067 4809 3161 4862 ὐπ’
3187 4809 3354 4863 αὐτοῦ
3385 4803 3711 4883 διδαχθέντων

2156 4888 2312 4956 οὗτος
2346 4893 2583 4961 ἐγένετο.
2620 4892 2732 4945 Kal
2778 4889 3031 4962 καθάπερ
3063 4891 3196 4960 τόξα
3231 4893 3329 4948 καὶ
3361 4888 3505 4963 βέλη,
3535 4882 3711 4954 παιδίῳ

2157 4972 2679 5031 κατασκευασθέντα
2717 4974 2985 5047 βασιλικῷ
3035 4976 3176 5049 πρὸς
3202 4977 3502 5050 γυμνασίαν
3534 4969 3707 5044 μᾶλλον

2156 5061 2189 5132 ἢ
2224 5060 2362 5132 πρὸς
2395 5059 2579 5132 μάχην
2616 5059 2713 5113 καὶ
2746 5059 3007 5132 πόλεμον,
3034 5061 3365 5135 αὐξηθέντος
3390 5062 3447 5115 δέ
3471 5057 3561 5112 τοῦ
3599 5070 3708 5109 παι-

2154 5145 2269 5199 δίου
2313 5144 2409 5198 καὶ
2445 5143 2711 5214 μαθόντος
2742 5144 3057 5216 ἀριστεύειν
3085 5147 3147 5201 ἐν
3185 5146 3457 5217 πολέμοις,
3488 5144 3707 5214 ἄχρηστα

2155 5227 2398 5298 γίνεται·
2440 5225 2586 5279 οὓτω
2615 5225 2680 5296 δὴ
2713 5228 2811 5281 καὶ
2862 5229 2958 5282 ἐπὶ
2988 5229 3089 5300 τῆς
3140 5231 3355 5300 φύσεως
3387 5227 3575 5296 συνέϐη
3620 5221 3705 5290 τῆς

2154 5310 2430 5383 ἡμετέρας
2450 5326 2464 5339 ·
2493 5309 2658 5380 ήνίκα
2687 5310 3041 5383 ἀτελέστερον
3069 5313 3379 5385 διεκείμεθα
3407 5312 3496 5366 καὶ
3519 5302 3705 5379 γυμνά-

2153 5396 2342 5461 ζεσθαι
2383 5394 2784 5466 ἐμανθάνομεν,
2817 5396 3130 5469 κατάλληλα
3168 5399 3298 5470 ἡμῖν
3343 5396 3531 5451 ἔδωκεν
3558 5388 3699 5447 ὅπλα.

2153 5480 2300 5553 άπερ
2342 5479 2658 5551 ἠδυνάμεθα
2708 5482 2900 5553 φέρειν
2956 5483 3075 5555 μετ’
3125 5483 3403 5546 εὐκολίας·
3446 5471 3700 5546 ἐπειδὴδὲ

2152 5563 2470 5636 ηὐξήθημεν
2514 5562 2700 5618 λοιπὸν
2748 5566 2891 5619 κατά
2930 5566 3022 5622 τὸν
3061 5568 3162 5638 τῆς
3187 5564 3383 5639 ἀρετῆς
3412 5563 3575 5632 λόγον,
3605 5556 3698 5612 ἀπὺ

2151 5648 2250 5719 τῆς
2266 5648 2541 5720 ἡμετέρας
2566 5647 2910 5721 τελειότητος
2923 5651 3108 5705 ἐκεῖνα
3137 5650 3316 5705 λοιπὸν
3332 5647 3489 5717 ἀτελῆ
3509 5644 3691 5715 γέγονε-

2148 5731 2253 5784 Διὰ
2274 5730 2434 5786 τοῦτο
2458 5728 2623 5804 ἦλθεν
2643 5736 2672 5788 6
2702 5734 2938 5807 Χριστὸς
2965 5736 3130 5809 ἕτερα
3162 5738 3379 5810 μείζονα
3405 5725 3695 5804 ἐγχειρίζων

2154 5815 2303 5886 ἡμῖν.
2336 5817 2447 5870 Kal
2478 5816 2669 5872 σκόπει
2711 5818 2832 5890 μεθ’
2862 5820 2993 5891 ὅσης
3028 5822 3294 5886 συνέσεως
3325 5819 3416 5875 καὶ
3450 5815 3566 5877 τοὺς
3603 5822 3693 5861 πα·
