3918 6392
270 413 375 474 789

267 535 470 590 litauit.
499 533 555 591 δ.
588 533 682 605 4);
711 542 766 590 et
792 530 1136 588 hocllesaias
1154 542 1342 586 rursus
1359 523 1703 588 vociferatur,
1717 519 1847 575 dum

272 635 334 673 ex
352 626 594 690 persona
613 619 856 676 Dcidicit
874 638 888 675 :
906 618 1076 690 Super
1088 636 1239 691 quem
1252 620 1557 690 respiciam,
1581 618 1686 673 nisi
1703 633 1859 687 super

224 685 244 709 ‘
273 713 451 767 mitem
472 723 524 767 et
548 713 800 783 quietum,
819 722 868 767 et
888 722 1187 767 trementem
1197 728 1461 767 sermones
1477 727 1616 766 meos
1648 708 1858 782 (Hesai.

271 800 431 872 66.2)
446 803 474 857 2’
499 801 653 857 Beati
670 803 1031 859 misericordes
1050 802 1267 871 (Matth.
1288 804 1342 859 5.
1361 803 1418 875 7)
1438 822 1451 858 :
1470 811 1525 859 et
1544 803 1649 858 hoc
1667 812 1862 858 rursus

273 894 483 966 ubique
492 894 801 966 dispersum
815 904 920 951 est.
943 894 1025 949 Ne
1036 895 1320 965 defraudes
1335 895 1861 966 enim,inquit,uitam

269 989 547 1056 pauperis.
568 988 857 1058 supplicem
881 988 937 1042 in
958 987 1307 1043 tribulatione
1319 989 1551 1055 positum
1569 1004 1631 1042 ne
1646 987 1860 1055 rejicias

264 1078 459 1153 (Eccli.
486 1076 545 1138 ι.
571 1078 629 1152 ι)
657 1094 672 1132 :
710 1086 763 1133 et
787 1090 976 1148 magna
1011 1075 1207 1146 ubique
1237 1074 1461 1132 habetur
1488 1076 1689 1131 mentio
1717 1075 1866 1130 beni-

263 1173 508 1244 gnitatis.
539 1170 683 1226 Beati
708 1169 885 1224 mundi
925 1169 1076 1224 corde
1102 1167 1316 1240 (Matth.
1344 1168 1399 1224 5.
1429 1167 1508 1239 8).
1554 1169 1667 1224 lloc
1703 1168 1865 1223 etiam

264 1263 407 1319 dixit
430 1260 595 1317 David
628 1279 643 1316 :
675 1260 774 1315 Cor
794 1258 1038 1313 mundum
1057 1272 1173 1312 crea
1190 1257 1244 1312 in
1269 1274 1349 1312 me
1378 1256 1539 1325 Deus,
1566 1267 1614 1311 et
1632 1257 1867 1329 spiritum

266 1365 464 1410 rectum
491 1355 691 1408 innotui
697 1352 751 1406 in
778 1350 1049 1405 uisceribus
1071 1350 1192 1404 meis
1222 1345 1393 1421 (Psal.
1422 1348 1513 1405 50.
1546 1347 1636 1421 12)
1681 1367 1695 1404 :
1738 1349 1868 1404 reli-

265 1458 407 1516 quas
452 1443 612 1498 etiam
659 1441 1015 1498 beatitudincs
1067 1439 1113 1495 si
1154 1441 1273 1509 quis
1312 1448 1608 1510 percurrat,
1650 1439 1868 1496 multam

266 1535 620 1590 concordiam
664 1547 787 1589 esse
832 1533 1147 1602 comperiet.
1192 1530 1301 1586 Cur
1346 1530 1524 1601 igitur,
1576 1545 1696 1585 cum
1742 1530 1873 1583 nihil

268 1623 604 1678 contrarium
632 1621 897 1692 prioribus
923 1620 1170 1688 dixisset,
1201 1620 1399 1690 adjecit
1425 1637 1438 1673 :
1472 1614 1648 1674 Nolite
1672 1628 1870 1690 putare,

270 1715 518 1785 quoniam
544 1713 657 1767 veni
696 1711 887 1767 soluere
928 1708 1109 1782 legerit,
1149 1719 1237 1765 aut
1267 1709 1543 1782 prophetas
1572 1708 1785 1781 (Matth.
1812 1709 1870 1765 5.

274 1808 376 1878 17)
393 1806 420 1860 ?
445 1804 565 1861 Non
587 1804 659 1860 ob
682 1818 746 1859 ea
770 1818 887 1874 qua:
914 1803 1053 1858 dicta
1078 1801 1290 1857 fuerant
1324 1801 1462 1856 hanc
1484 1802 1873 1856 correctionem

274 1896 545 1967 adjunxit.
593 1894 729 1950 Nam
777 1897 901 1963 quia
951 1892 1019 1948 ad
1069 1891 1538 1963 amplificationem
1589 1891 1875 1962 quamdam

275 1973 921 2057 mandatorum'gradum
948 1982 1187 2039 facturus
1212 1993 1345 2049 erat,
1386 1997 1457 2039 ne
1489 1984 1876 2038 incrementum

276 2089 539 2153 putarent
560 2078 966 2150 repugnantiam
995 2092 1114 2134 esse
1142 2076 1448 2148 quamdam,
1483 2085 1578 2131 aut
1611 2077 1879 2132 accessio-

282 2190 408 2230 nem
428 2187 552 2229 esse
578 2186 836 2243 pugnam,
873 2169 1076 2226 idcirco
1112 2169 1266 2235 dixit,
1301 2166 1476 2223 Nolite
1513 2176 1710 2240 putare,
1750 2184 1879 2239 quo-

281 2265 426 2320 niam
456 2264 571 2318 verti
594 2262 786 2317 solvere
825 2262 1002 2332 legem,
1030 2270 1116 2314 aut
1142 2259 1415 2331 prophetas
1444 2275 1463 2313 :
1495 2260 1594 2315 hoc
1619 2268 1720 2326 est,
1758 2274 1882 2330 per-

282 2357 510 2413 ieetiora
537 2353 777 2410 dicturus
800 2367 917 2408 sum
944 2353 1029 2417 iis,
1060 2366 1179 2422 quae
1206 2360 1331 2406 ante
1355 2358 1480 2406 sunt
1497 2350 1659 2406 dicta.
1682 2352 1877 2406 Exem-

290 2450 363 2519 pli
384 2458 571 2513 eausa,
609 2446 856 2507 Audistis,
883 2440 1004 2499 Non
1031 2444 1226 2499 occides
1251 2459 1271 2499 :
1298 2459 1388 2515 ego
1418 2453 1584 2498 autem
1598 2443 1739 2509 dico,
1756 2439 1883 2498 Non

289 2541 546 2594 irasceris.
585 2537 833 2600 Audistis,
863 2530 987 2591 Non
1026 2534 1373 2601 mtecltaberis,
1419 2550 1510 2604 ego
1548 2542 1718 2588 autem
1745 2533 1880 2599 dico,

284 2627 620 2695 Quicumque
633 2624 907 2682 mulierem
942 2622 1149 2694 respicit
1166 2624 1233 2677 ad
1257 2624 1715 2695 concupiscendum
1749 2640 1880 2691 eam,

292 2722 401 2788 jam
432 2718 708 2773 nirecltatus
753 2720 825 2767 est
871 2713 1096 2789 (Matth.
1126 2714 1270 2770 5.2L
1301 2715 1392 2770 εξ.
1418 2717 1509 2770 27.
1534 2715 1650 2789 28),
1682 2726 1736 2772 et
1761 2716 1884 2771 talia

289 2827 664 2885 quaecumque.
687 2811 767 2867 Ne
795 2811 952 2882 igitur
974 2810 1370 2881 abrogationem
1391 2824 1512 2866 esse
1540 2810 1736 2879 putetis
1752 2824 1886 2864 con-

295 2906 710 2962 summationem
735 2920 750 2957 :
783 2919 888 2959 non
916 2904 1057 2959 enim
1081 2913 1167 2959 est
1190 2903 1489 2973 abrogatio,
1517 2902 1612 2958 sed
1637 2902 1888 2971 adimple-

291 2997 372 3051 tio
401 3013 415 3049 :
455 3005 511 3052 et
536 2995 677 3066 quod
707 2994 761 3050 in
787 2995 1103 3064 corporibus
1131 2993 1274 3061 fecit,
1305 2993 1408 3050 hoc
1435 3004 1489 3050 et
1520 2994 1571 3048 in
1599 2994 1718 3064 lege
1741 2993 1885 3047 facit.

292 3087 438 3157 Quid
482 3096 661 3144 autem
712 3087 766 3142 in
802 3086 1117 3157 corporibus
1160 3087 1450 3156 praistitit?
1477 3085 1609 3143 Cum
1647 3086 1887 3141 mutilata

297 3179 466 3235 multa
493 3181 730 3235 membra
755 3179 1062 3248 repetisset,
1092 3189 1143 3235 et
1169 3178 1353 3235 omnia
1379 3177 1594 3234 defectu
1623 3179 1887 3246 laborare,

296 3269 549 3342 perfecit,
586 3278 644 3327 et
667 3269 724 3327 in
743 3273 1155 3330 convenientem
1181 3271 1422 3328 restituit
1443 3268 1890 3340 pulchritudinem

298 3371 354 3417 ct
375 3361 737 3432 integritatem
766 3377 780 3415 :
811 3375 876 3416 ac
904 3361 1065 3415 rebus
1089 3360 1219 3430 ipsis
1247 3360 1493 3417 omnibus
1518 3360 1788 3431 patefecit,
1832 3376 1892 3417 se

298 3462 545 3508 veterum
581 3453 758 3523 legum
806 3454 1078 3508 auctorem
1129 3452 1311 3519 fuisse,
1361 3466 1425 3506 ac
1462 3464 1665 3508 natura:
1694 3461 1895 3508 nostra:

300 3543 657 3598 conditorem.

371 3634 654 3704 Con/irruat
672 3634 902 3690 Christus
920 3651 982 3691 ea:
1003 3634 1267 3690 sanatione
1291 3635 1432 3702 cteci,
1459 3650 1514 3690 se
1532 3636 1697 3706 legum
1716 3644 1895 3689 aucto-

300 3741 410 3780 rem
427 3725 802 3795 esse—Atque
821 3724 924 3781 hoc
941 3724 1089 3780 illum
1108 3724 1395 3781 ostendere
1408 3725 1695 3790 studuisse,
1721 3741 1787 3782 ex
1805 3741 1893 3781 sa-

300 3819 526 3874 natione
548 3818 678 3874 caeci
716 3819 982 3889 prmcipue
1021 3828 1249 3874 constat.
1299 3819 1622 3875 Praeteriens
1660 3823 1801 3875 enim
1844 3829 1900 3876 et

301 3926 510 3967 aecum
533 3911 816 3981 quemdam
843 3911 1051 3978 videns,
1082 3911 1251 3967 lutum
1278 3910 1423 3977 fecit,
1448 3922 1507 3968 et
1530 3912 1789 3983 ejusmodi
1813 3913 1898 3967 lu-

308 4016 421 4061 tum
448 4003 619 4060 oculis
646 4003 816 4060 illevit
851 4005 1155 4070 exczecatis,
1192 4005 1348 4077 eique
1375 4005 1507 4061 dixit
1538 4022 1554 4061 :
1604 4005 1758 4071 Vade,
1787 4007 1901 4062 lava

301 4097 361 4151 in
379 4097 584 4153 Siloam
620 4096 798 4167 (Joan.
835 4096 889 4153 9.
918 4096 976 4152 6.
1008 4095 1085 4168 7).
1124 4097 1288 4168 Cujus
1316 4098 1396 4153 rei
1433 4098 1602 4168 gratia
1637 4112 1759 4154 cum
1785 4103 1901 4154 snio

303 4186 458 4256 iussu
480 4196 719 4244 mortuos
743 4186 1048 4258 frequenter
1073 4188 1312 4252 suscitet.
1340 4198 1396 4244 et
1430 4189 1533 4244 alia
1559 4191 1723 4245 multa
1754 4190 1903 4245 simi-

307 4278 379 4333 lia
406 4277 534 4334 edat
555 4277 830 4346 miracula,
857 4279 946 4334 hic
968 4293 1104 4349 Opus
1128 4279 1393 4350 quoddam
1420 4281 1623 4351 adjicit,
1665 4281 1795 4336 dum
1816 4283 1901 4336 lu-

309 4378 426 4424 tum
459 4368 696 4437 conlicit,
739 4380 798 4426 et
832 4370 909 4426 illi
945 4370 1131 4427 oculos
1161 4371 1348 4442 fingit?
1385 4373 1521 4427 Num
1559 4373 1690 4427 satis
1737 4373 1903 4444 liquet

309 4463 516 4519 idcirco
536 4462 588 4518 id
610 4463 721 4519 fieri
742 4504 759 4530 ,
790 4474 849 4518 ut
881 4479 1004 4520 etim
1029 4464 1298 4534 audiveris
1327 4465 1494 4521 Deum
1524 4466 1797 4536 pulverem
1814 4482 1904 4522 ac-

308 4554 521 4626 cepisse
543 4554 611 4610 de
639 4563 778 4611 terra
807 4555 1187 4627 hominemque
1213 4554 1492 4625 formasse,
1520 4557 1699 4613 discas
1725 4572 1791 4613 ex
1809 4558 1898 4624 iis,

309 4661 434 4719 qua:
460 4661 606 4702 nunc
624 4655 898 4717 geruntur,
937 4647 1081 4705 hunc
1102 4649 1250 4704 illum
1274 4663 1417 4717 esse,
1446 4651 1535 4721 qui
1574 4650 1846 4708 hominem
1871 4669 1904 4709 a

312 4739 577 4810 principio
618 4741 902 4796 formavit?
939 4742 1150 4813 Alioqui
1179 4742 1282 4797 nisi
1310 4744 1413 4798 hoc
1449 4744 1685 4801 indicare
1718 4746 1900 4814 vellet,

311 4830 643 4903 superﬂuum
665 4832 853 4889 Fuisset
874 4832 927 4889 id
947 4834 1090 4904 quod
1104 4834 1315 4905 agebat.
1336 4834 1536 4892 Deinde
1556 4846 1614 4891 ut
1640 4837 1905 4909 intelligas

310 4937 470 4978 usum
496 4922 594 4977 luti
617 4923 747 4978 nihil
777 4922 846 4979 ad
876 4923 1049 4981 visum
1077 4939 1222 4981 casco
1250 4927 1638 4984 restituendum
1672 4930 1899 4999 opitula.

312 5021 433 5068 sum
471 5012 547 5068 illi
587 5027 727 5080 esse,
773 5015 866 5071 sed
891 5015 1094 5086 absque
1121 5014 1209 5071 illa
1236 5019 1458 5073 materia
1485 5018 1603 5075 solo
1623 5019 1775 5089 jussu
1799 5020 1904 5075 ﬁu-

310 5119 446 5175 gere
486 5104 670 5161 oculos
698 5106 953 5176 potuisse,
998 5106 1238 5180 adiungit
1277 5119 1332 5165 et
1370 5111 1479 5166 ait:
1523 5110 1680 5180 Vade,
1704 5113 1821 5167 lava
1852 5113 1907 5167 in

316 5195 542 5252 Siloam.
589 5195 873 5267 Postquam
912 5198 1054 5254 enim
1080 5199 1197 5270 ipso
1223 5200 1306 5255 sui
1330 5182 1525 5271 epilicii
1555 5202 1716 5258 modo
1753 5204 1907 5260 nobis

316 5287 578 5355 ostendit,
607 5288 730 5359 quis
751 5299 896 5346 esset
911 5291 1003 5363 qui
1026 5290 1300 5347 hominem
1319 5307 1348 5346 a
1364 5294 1629 5364 principio
1646 5303 1904 5361 creasset,

314 5388 449 5451 tunc
482 5381 561 5435 ait
585 5380 684 5450 illi,
719 5379 879 5449 Vade,
929 5380 1043 5438 lava
1066 5383 1121 5437 iu
1151 5381 1367 5438 Siloam.
1398 5383 1467 5440 Ut
1494 5385 1653 5456 igitur
1677 5387 1910 5456 optimus

314 5474 611 5530 statuarius
635 5478 822 5531 volens
850 5491 946 5545 per
972 5491 1132 5547 opera
1159 5490 1310 5532 suam
1347 5478 1590 5547 peritiam
1617 5487 1908 5546 ostentare,

318 5577 536 5639 partem
561 5568 845 5639 quamdam
873 5571 1091 5638 omittit,
1137 5569 1262 5626 dum
1303 5579 1531 5626 statuam
1570 5572 1739 5645 lingit,
1773 5575 1908 5629 utin

317 5674 389 5715 eo
417 5659 559 5731 quod
583 5660 757 5726 deest,
804 5661 966 5715 totius
991 5662 1169 5731 operis
1192 5663 1461 5731 specimen
1486 5664 1615 5719 artis
1642 5664 1765 5720 edat
1795 5684 1807 5719 :
1845 5667 1914 5720 ita

319 5752 571 5809 Christus
592 5753 754 5809 etiam
782 5768 903 5808 cum
940 5752 1178 5809 indicare
1206 5755 1363 5811 vellet
1391 5765 1558 5811 totum
1585 5756 1854 5813 hominem
1885 5773 1916 5814 a

325 5860 389 5903 se
418 5844 580 5902 fuisse
623 5843 897 5901 conditum
923 5885 940 5915 ,
986 5844 1126 5901 hunc
1160 5847 1528 5918 imperfectum
1581 5849 1821 5921 reliquit,
1863 5861 1918 5906 ut

1097 404 1187 468 DE
1222 408 1489 467 CHRlSTI
1529 401 1880 468 PREClBUS,
1920 398 2191 456 CONTRA
2234 396 2607 457 ANOMCEOS.
2651 398 2717 453 Χ.

3445 401 3553 463 790

1963 529 2084 570 cum
2111 515 2365 583 venisset,
2388 525 2547 587 atque
2573 518 2756 573 oculos
2785 519 2855 574 illi
2896 519 3234 591 restituisset,
3255 520 3428 591 partis
3457 524 3554 578 bc-

1963 607 2154 661 nelicio
2180 607 2249 662 de
2274 617 2386 662 toto
2413 608 2570 663 fidem
2599 610 2877 664 insereret.

2034 694 2138 752 Cur
2151 698 2205 753 in
2223 699 2382 753 oculis
2401 698 2702 753 miraculum
2716 701 3085 758 editum—Ac
3102 701 3221 757 vide
3236 716 3341 773 qua
3362 702 3415 757 in
3432 717 3557 773 par-

1967 798 2017 844 te
2033 789 2085 845 id
2104 790 2409 860 prmstiterit
2430 806 2444 844 :
2469 807 2573 845 non
2593 792 2643 845 iu
2664 807 2843 858 manu,
2872 807 2936 848 ac
2959 792 3112 863 pede,
3141 794 3234 849 sed
3265 794 3319 849 in
3352 796 3556 862 oculis,

1963 882 2108 952 quod
2148 884 2508 939 membrorum
2555 894 2860 939 nostrorum
2902 885 3317 954 pulcherrimum
3359 896 3462 950 est.
3502 896 3560 943 et

1966 976 2205 1031 maxime
2221 977 2598 1041 nwessarium,
2612 983 2781 1048 etquo
2794 979 2991 1032 nulltun
3006 979 3159 1035 nobis
3174 976 3454 1050 pretiosius
3472 986 3561 1036 cut

1969 1064 2286 1122 membrum.
2301 1065 2670 1138 Cteterum'qui
2688 1070 3103 1140 pulcherrimum
3119 1072 3453 1142 maximeque
3463 1078 3558 1127 ne-

1969 1160 2260 1215 cessarium
2271 1161 2472 1231 ﬁngere
2485 1163 2678 1231 potuit,
2693 1162 2941 1217 nimirum
2958 1163 3160 1229 oculos,
3185 1162 3324 1217 haud
3338 1162 3561 1220 dubium

1972 1252 2100 1321 quin
2118 1262 2329 1306 manum
2345 1262 2557 1323 quisque
2571 1253 2842 1323 etpedem,
2862 1269 2924 1309 ac
2938 1264 3126 1309 caetera
3140 1255 3307 1325 possit
3318 1254 3564 1311 membra

1975 1341 2229 1398 formare.
2261 1342 2305 1399 Ο
2330 1344 2515 1399 beatos
2541 1344 2660 1399 illos
2685 1344 2866 1400 oculos
2884 1386 2901 1411 ,
2945 1344 3035 1415 qui
3065 1344 3422 1414 spectaculum
3442 1357 3564 1399 om-

1975 1434 2133 1488 nibus
2155 1433 2386 1500 fucrunt,
2416 1435 2508 1505 qui
2529 1434 2769 1500 aderant,
2792 1444 2845 1488 et
2867 1449 3058 1490 oumes
3077 1434 3143 1489 ad
3173 1449 3232 1490 se
3259 1434 3561 1504 rapiebant,

1979 1538 2536 1595 voeemquepcrsuam
2546 1525 2995 1595 pulchritudinem
3018 1526 3318 1594 mittebant,
3339 1535 3394 1583 et
3411 1527 3565 1583 Citri-

1976 1617 2046 1672 sd
2062 1617 2309 1671 virtutem
2331 1630 2519 1672 omnes
2536 1616 2809 1672 adstantes
2827 1616 3111 1672 docebant.
3132 1618 3420 1675 EuimVero
3440 1633 3567 1690 per-

1978 1702 2173 1762 mirum
2204 1706 2321 1772 fuit,
2351 1706 2490 1777 quod
2520 1706 2699 1772 ﬁebat,
2727 1721 2848 1761 cum
2880 1721 3055 1763 caecus
3079 1708 3320 1765 videntes
3345 1722 3570 1765 cernere

1979 1796 2198 1853 doceret
2228 1815 2243 1852 :
2268 1797 2412 1867 quod
2453 1798 2634 1867 utique
2673 1796 2917 1854 Christus
2962 1798 3201 1853 indicans
3238 1798 3414 1855 aiebat
3447 1817 3460 1852 :
3504 1797 3571 1854 In

1972 1888 2225 1958 judicium
2246 1889 2360 1944 ueni
2397 1890 2452 1944 in
2481 1889 2614 1945 hunc
2637 1890 2903 1955 mundum,
2940 1900 2994 1944 ut
3022 1892 3110 1960 qui
3137 1908 3239 1946 non
3265 1891 3460 1959 vident,
3487 1892 3568 1945 ui-

1980 1977 2153 2046 deant,
2178 1988 2228 2033 et
2250 1979 2337 2049 qui
2363 1978 2549 2046 uident,
2571 1980 2691 2035 cteci
2714 1981 2840 2049 ﬁant
2867 1979 3045 2053 (loan.
3068 1981 3125 2037 9.
3148 1980 3263 2053 59).
3288 1980 3333 2037 0
3358 1981 3568 2037 beatam

1982 2071 2306 2127 caecitatem!
2329 2072 2476 2139 Quos
2504 2072 2645 2127 enirn
2672 2086 2702 2126 a
2730 2080 2922 2127 natura
2952 2088 3056 2127 non
3077 2073 3301 2143 accepit,
3340 2088 3371 2128 a
3400 2074 3573 2143 gratia

1985 2163 2211 2234 accepit,
2258 2179 2359 2219 nec
2403 2171 2612 2218 tantum
2646 2164 2824 2218 damni
2856 2172 3153 2234 passus'est
3184 2179 3250 2220 ex
3290 2164 3571 2231 dilatione,

1984 2267 2241 2327 quantum
2292 2272 2357 2313 ex
2392 2256 2593 2327 opificii
2634 2256 2799 2311 modo
2834 2257 3066 2313 lucratus
3109 2265 3213 2313 est.
3256 2256 3396 2325 Quid
3431 2259 3576 2314 enim

1985 2349 2155 2405 oculis
2192 2348 2299 2404 illis
2338 2347 2457 2404 ﬁeri
2496 2356 2671 2418 potest
2700 2347 3017 2413 mirabilius,
3058 2362 3197 2417 quos
3222 2348 3578 2405 inmaculatus

1986 2450 2292 2510 Sancuqu
2310 2451 2500 2495 manus
2526 2438 2628 2494 illa:
2650 2438 2852 2509 lingere
2871 2439 3098 2510 dignata!
3121 2440 3285 2495 sunt?
3314 2430 3577 2510 Quodque

1988 2532 2041 2587 in
2066 2533 2233 2589 sterili
2254 2532 2467 2600 accidit,
2497 2532 2602 2588 hoc
2630 2534 2824 2587 factum
2847 2541 2931 2587 est
2956 2533 3055 2587 hac
3078 2533 3220 2588 loco.
3248 2531 3380 2588 Nam
3409 2541 3469 2588 ut
3490 2534 3579 2589 illa

1986 2625 2193 2681 nullum
2230 2641 2297 2681 ex
2320 2625 2575 2682 dilatione
2596 2626 2743 2696 cepit
2765 2625 3164 2691 detrimentum,
3193 2625 3289 2681 sed
3316 2625 3484 2681 ntulto
3511 2626 3577 2681 il-

1990 2716 2206 2773 lustrior
2225 2717 2414 2784 evasit,
2440 2732 2561 2786 quas
2585 2732 2691 2772 non
2722 2718 2839 2787 lege
2867 2726 3090 2779 naturae,
3130 2716 3226 2772 sed
3254 2716 3373 2788 lege
3390 2717 3582 2789 gratia:

1991 2810 2155 2865 lilium
2183 2810 2424 2879 accepit:
2454 2810 2533 2865 sic
2556 2808 2809 2865 nimirum
2834 2818 2892 2864 et
2914 2821 3089 2864 caecus
3133 2808 3267 2865 nihil
3298 2823 3365 2864 ex
3386 2816 3585 2879 praete-

1991 2902 2093 2958 rita
2117 2903 2279 2958 laesus
2317 2908 2403 2958 est
2438 2904 2696 2971 emittite,
2742 2903 2838 2960 sed
2860 2904 3050 2975 ingens
3072 2904 3285 2959 lucrum
3311 2903 3435 2961 inde
3460 2920 3586 2977 per-

1984 2994 2153 3064 cepit,
2178 2995 2266 3049 cui
2292 2994 2473 3050 datum
2498 3005 2599 3061 est,
2630 3005 2688 3051 ut
2714 2996 2861 3066 prius
2882 2994 3052 3051 solem
3079 2998 3298 3066 iustitiae
3315 3008 3583 3067 cerneret,

1992 3100 2056 3140 ac
2076 3085 2272 3142 deinde
2298 3085 2439 3141 hunc
2467 3086 2764 3158 subjectum
2795 3088 3063 3143 sensibus.

2063 3177 2117 3233 5.
2146 3176 2257 3233 Lex
2295 3178 2589 3250 imperfecta
2613 3179 2883 3244 quomodo.
2905 3209 2979 3221 —
3002 3179 3129 3237 Haec
3151 3193 3183 3235 a
3210 3192 3298 3237 me
3312 3179 3587 3249 dicuntur,

1995 3283 2065 3323 ne
2099 3283 2240 3340 aegre
2287 3269 2544 3337 feramus,
2583 3271 2629 3325 si
2656 3270 2869 3340 quando
2892 3270 2975 3327 vel
3003 3286 3103 3327 nos
3129 3272 3293 3344 ipsos,
3340 3272 3423 3328 vel
3449 3269 3588 3329 alios

1992 3359 2253 3431 quosdam
2287 3362 2455 3432 premi
2479 3362 2868 3417 calamitatibus
2888 3362 3165 3418 videamus
3191 3380 3207 3419 :
3229 3364 3274 3419 si
3300 3364 3442 3420 enim
3464 3377 3588 3419 cum

1995 3450 2283 3523 gratiarum
2311 3453 2522 3509 actione
2566 3467 2630 3508 ac
2673 3453 2938 3522 patienter
2973 3452 3206 3511 feramus
3233 3463 3429 3511 cincta
3470 3469 3592 3526 qua:

1998 3543 2269 3611 accidunt,
2306 3546 2527 3600 omnino
2553 3546 2752 3602 bonum
2794 3544 2952 3601 linem
2996 3545 3286 3617 multisque
3309 3545 3469 3603 bonis
3496 3562 3594 3603 cu-

2000 3636 2259 3692 mulatum
2287 3637 2462 3692 omnis
2488 3645 2667 3692 nostra
2696 3637 2973 3701 calamitas
2993 3639 3270 3694 sortietur.
3308 3638 3420 3695 Sed
3450 3640 3592 3709 quod

2001 3726 2182 3784 dicere
2208 3727 2454 3785 volebam
2480 3728 2929 3799 quemadmodum
2957 3743 3204 3799 corpora,
3231 3745 3355 3801 quas
3380 3730 3592 3787 defectu

2003 3817 2335 3888 laborabant,
2365 3818 2599 3888 perfecta
2627 3829 2683 3875 et
2703 3821 2903 3891 integra
2946 3820 3211 3876 reddidit:
3240 3822 3318 3878 sic
3339 3830 3399 3878 et
3417 3822 3596 3893 legem

2001 3910 2366 3981 imperfectam
2388 3927 2515 3967 cum
2541 3911 2854 3983 accepisset,
2881 3913 3203 3981 emendavit,
3231 3916 3593 3986 concinnavit,

2002 4013 2056 4059 ct
2080 4004 2359 4061 meliorem
2379 4004 2446 4060 ad
2471 4011 2666 4060 statum
2692 4005 2888 4061 evexit.
2922 4004 3091 4062 Nemo
3111 4015 3319 4075 autem,
3345 4023 3469 4064 cum
3497 4027 3596 4066 au-

2003 4096 2082 4152 dit
2109 4097 2470 4167 imperfectam
2498 4096 2662 4153 fuisse
2686 4098 2878 4168 legem,
2920 4113 3018 4153 nos
3044 4112 3165 4154 eum
3197 4100 3285 4169 qui
3320 4100 3459 4154 lator
3480 4102 3598 4169 ejus

2005 4187 2178 4243 fuerat
2205 4202 2459 4245 accusare
2483 4188 2620 4244 velle
2643 4188 2962 4254 arbitretur;
2992 4189 3256 4260 siquidem
3285 4190 3597 4261 imperfecta

2005 4287 2121 4333 erat
2140 4278 2232 4332 illa
2258 4293 2367 4334 non
2403 4293 2471 4335 ex
2497 4293 2594 4334 sua
2634 4290 2844 4345 natura,
2891 4279 2985 4336 sed
3011 4295 3299 4352 progressu
3338 4284 3602 4352 temporis

2005 4369 2201 4425 deinde
2229 4369 2350 4425 talis
2376 4381 2647 4426 evaserat.
2687 4370 3125 4443 Quandoquidem
3175 4380 3286 4428 tum
3312 4377 3595 4445 temporis,

2002 4475 2128 4517 cum
2182 4462 2483 4518 introducta
2526 4473 2635 4531 est,
2689 4463 2981 4519 admodum
3009 4463 3247 4535 perfecta
3280 4473 3417 4531 erat,
3449 4474 3504 4521 et
3533 4464 3602 4521 iis

2006 4556 2093 4625 qui
2123 4555 2450 4626 recipiebant
2470 4569 2587 4612 eam
2612 4557 2941 4613 conveniens
2968 4575 2984 4612 :
3017 4566 3298 4629 postquam
3322 4560 3501 4617 autem
3530 4559 3601 4615 ab

2006 4647 2100 4703 illo
2120 4646 2308 4703 edocta
2330 4657 2518 4703 natura
2544 4648 2800 4720 deinceps
2823 4650 2993 4706 crevit
3030 4650 3082 4705 in
3108 4650 3319 4719 melitis,
3350 4652 3466 4708 haec
3491 4651 3598 4707 im-

2008 4741 2293 4811 perfectior
2328 4742 2514 4808 evasit,
2567 4756 2673 4796 non
2704 4757 2769 4797 ex
2814 4756 2909 4798 sua
2939 4752 3149 4812 natura,
3178 4744 3273 4800 sed
3316 4744 3387 4801 ob
3419 4746 3597 4801 incre-

2009 4841 2249 4887 mentum
2271 4833 2482 4889 virtutis
2507 4847 2715 4901 eorum,
2746 4849 2882 4905 quos
2906 4834 2995 4890 illa
3020 4835 3296 4891 docuerat.
3321 4834 3389 4892 Et
3412 4851 3601 4907 quem-

2009 4925 2292 4981 admodum
2337 4939 2496 4982 arcus
2545 4933 2600 4982 et
2641 4927 2866 4996 sagittas,
2909 4941 3030 4998 qua
3071 4928 3222 4998 regio
3266 4927 3491 4997 puerulo
3533 4928 3603 4983 ad

2010 5018 2447 5074 exercitationem
2480 5019 2655 5088 potius
2681 5018 2932 5074 fabricata
2957 5020 3084 5085 sint,
3103 5033 3262 5090 quam
3283 5019 3349 5073 ad
3371 5033 3601 5091 pugnam

2010 5120 2067 5166 et
2088 5111 2308 5177 bellum,
2338 5111 2425 5166 ubi
2452 5125 2586 5181 puer
2609 5110 2842 5166 adolevit
2869 5120 2924 5166 et
2954 5111 3005 5165 in
3032 5110 3183 5166 bellis
3209 5110 3421 5167 fortiter
3441 5126 3603 5182 agere

2008 5203 2216 5271 didicit,
2244 5204 2449 5260 inutilia
2469 5203 2799 5260 redduntur:
2829 5207 2899 5259 ita
2930 5218 3143 5275 quoque
3168 5212 3373 5259 natura:
3403 5212 3602 5259 nostrae

2014 5297 2207 5354 accidit
2234 5317 2248 5353 :
2274 5296 2526 5368 quamdiu
2552 5298 2974 5368 imperfectiores
2998 5311 3233 5361 eramus,
3264 5310 3329 5353 ac
3349 5296 3610 5352 discendo

2017 5406 2116 5447 nos
2153 5391 2557 5458 exercebamus,
2583 5392 2955 5447 convenientia
2983 5391 3137 5447 nobis
3163 5405 3311 5445 arma
3354 5389 3606 5460 suppedi-

2018 5485 2167 5550 tavit,
2213 5498 2331 5554 qua:
2358 5482 2513 5539 facile
2537 5493 2747 5554 gestare
2772 5493 3080 5554 poteramus
3118 5500 3133 5538 :
3178 5498 3301 5538 cum
3342 5497 3473 5537 vero
3492 5482 3605 5552 jam

2021 5576 2173 5631 factis
2198 5577 2252 5631 in
2272 5574 2468 5631 virtute
2493 5576 2865 5646 progressibus
2890 5575 3239 5639 adolevimus,
3271 5574 3341 5629 ob
3369 5584 3609 5628 nostram

2022 5668 2399 5738 perfectionem
2450 5669 2536 5722 illa
2583 5668 2838 5739 deinceps
2873 5667 3178 5738 imperfecta
3216 5676 3340 5723 sunt
3382 5666 3612 5723 reddita.

2025 5761 2312 5832 Propterea
2339 5762 2484 5816 venit
2507 5759 2768 5823 Christus,
2801 5760 2981 5815 utalia
3022 5760 3225 5829 majora
3252 5760 3408 5814 nobis
3435 5759 3615 5814 trade-

2026 5862 2127 5909 ret.
2163 5854 2240 5910 Ac
2268 5851 2389 5910 vide
2415 5868 2574 5925 quam
2603 5853 2894 5926 prudenter
2908 5861 2969 5910 et
2990 5862 3202 5912 veteres
3232 5852 3378 5927 leges
3407 5851 3615 5921 recitet,
