3918 6364
473 355 572 412 79l

479 498 541 542 ct
573 498 736 538 novas
783 489 1060 552 proponat.
1109 477 1356 541 Audistis,
1407 475 1595 544 inquit,
1637 474 1756 545 quia
1789 475 1978 527 dictum
2002 483 2075 527 est

433 573 443 580 ’
479 572 722 642 antiquis,
744 569 863 625 Non
879 571 1077 624 occides
1108 566 1403 634 (Matthfb'.
1431 567 1548 634 2t).
1582 566 1674 619 Dic
1702 565 1861 620 etiam
1903 580 1932 616 a
1963 579 2069 632 quo

479 665 547 717 sit
570 663 794 717 dictum.
823 661 903 716 Tu
931 661 1029 716 hoc
1047 659 1245 724 dixisti,
1275 674 1339 711 an
1369 658 1524 712 Pater
1547 658 1702 712 tuus?
1726 656 2067 727 Nequaquam

481 755 584 808 hoc
614 756 761 808 dicit.

549 845 651 898 Cur
690 846 994 916 lcgislatoris
1030 861 1208 898 nomen
1235 851 1394 898 taceat
1419 842 1671 897 Christus.
1694 873 1766 884 —
1784 843 1892 898 Cur
1913 842 2070 911 igitur

479 938 578 991 huc
607 938 788 999 tacuit,
819 953 1011 1006 neque,
1055 938 1174 1005 quis
1202 935 1418 1000 dixerit,
1451 934 1766 1002 declaravit,
1814 935 1907 989 sed
1938 950 2068 1003 sup-

478 1043 659 1098 pressa
697 1028 1012 1097 legislatoris
1052 1042 1278 1093 persona
1310 1027 1480 1097 legem
1518 1025 1771 1097 protulit?
1807 1024 2066 1093 Quoniam

475 1121 522 1174 si
557 1120 799 1185 dixisset,
843 1115 965 1170 Non
997 1117 1354 1190 occides,ego
1389 1129 1566 1175 autem
1589 1120 1708 1175 dico
1745 1120 1918 1182 vobis,
1947 1117 2066 1172 Non

476 1212 740 1276 irasceris,
775 1227 936 1281 grave
981 1212 1164 1268 luisset
1187 1214 1382 1277 visum,
1416 1213 1556 1282 quod
1596 1212 1826 1277 dicebat,
1853 1220 2068 1280 propter

475 1318 658 1357 cerum
687 1305 778 1374 qui
823 1305 1114 1359 audiebant
1149 1305 1475 1370 veCurdiam,
1524 1306 1613 1376 qui
1660 1305 1882 1360 necdum
1914 1304 2068 1358 intel-

475 1396 639 1466 ligcre
693 1406 952 1466 poterant,
1003 1413 1126 1452 eum
1161 1399 1394 1452 nondum
1433 1397 1500 1452 ad
1546 1397 1831 1453 evertenda
1869 1397 2064 1465 priora,

475 1487 570 1541 sed
589 1486 655 1541 ad
677 1502 737 1542 ea
757 1487 995 1556 augenda
1020 1487 1132 1541 haec
1157 1489 1364 1542 sancire
1390 1507 1402 1542 :
1426 1503 1488 1543 ac
1509 1489 1585 1543 sic
1606 1504 1727 1542 eum
1753 1487 2070 1556 compellas—

477 1589 598 1634 sent
626 1598 638 1630 :
666 1580 802 1647 Quid
827 1581 948 1635 ais?
975 1581 1129 1634 Pater
1154 1591 1273 1636 tuus
1299 1580 1453 1647 dixit,
1474 1577 1594 1631 Non
1625 1577 1918 1646 occides,tu
1939 1595 2067 1634 vero

473 1672 628 1737 dicis,
647 1668 763 1725 Non
805 1673 1096 1726 irasceris?
1137 1673 1211 1727 Ne
1237 1673 1355 1740 quis
1395 1673 1553 1742 igitur
1571 1672 1710 1726 Patri
1743 1672 2066 1726 contrarium

473 1763 644 1832 ipsmn
690 1771 918 1832 putaret,
964 1764 1044 1817 vel
1093 1773 1359 1833 tamquam
1399 1763 1596 1834 aliquid
1640 1763 1932 1832 sapientius
1976 1763 2068 1817 illo

474 1855 732 1922 protei-re,
785 1871 890 1908 non
941 1855 1127 1908 dixit:
1170 1854 1402 1910 Audistis
1442 1870 1470 1906 a
1520 1855 1694 1910 Patre.
1746 1855 1970 1919 Rursus,
2021 1855 2064 1907 si

471 1944 711 2007 dixisset,
731 1943 974 2001 Audistis
990 1944 1109 2014 quia
1132 1943 1239 1998 dixi
1255 1944 1505 2014 antiquis,
1543 1944 1935 2000 intolerandum
1967 1946 2067 1998 hoc

470 2051 699 2106 quoque,
730 2051 902 2106 neque
941 2039 1114 2089 minus
1155 2051 1314 2106 quam
1355 2035 1485 2090 illud
1518 2035 1664 2105 prius
1691 2036 1860 2089 visum
1901 2045 2062 2089 esset.

470 2128 602 2198 Nam
634 2129 677 2182 si
723 2144 842 2182 cmn
870 2127 1122 2193 dixisset,
1147 2127 1426 2199 Antequam
1466 2128 1718 2182 Abraham
1759 2129 1919 2196 ﬁeret,
1973 2145 2066 2198 ego

469 2239 583 2274 sum
631 2220 806 2292 (Joan.
837 2222 888 2276 8.
923 2221 1037 2290 58),
1090 2221 1354 2291 lapidibus
1395 2237 1518 2276 eum
1566 2221 1794 2275 obruere
1830 2221 2064 2291 aggressi

469 2323 612 2378 sunt,
657 2313 700 2368 si
727 2312 1031 2382 adjecisset.
1081 2328 1142 2366 se
1184 2328 1396 2382 quoque
1433 2312 1601 2383 Moysi
1629 2313 1800 2382 legem
1829 2312 2062 2378 dedisse,

467 2403 592 2472 quid
609 2419 723 2457 .non
755 2403 1043 2457 fecissent?
1081 2403 1436 2471 Quamobrem
1479 2419 1653 2474 neque
1678 2403 1745 2458 de
1769 2418 1850 2470 se,
1893 2418 2065 2472 neque

467 2494 532 2554 de
562 2496 714 2549 Patre
755 2494 1040 2564 quidquam
1069 2494 1274 2561 dicens,
1317 2495 1410 2549 scd
1448 2495 1501 2550 in
1527 2494 1705 2550 medio
1733 2495 2062 2566 relinquens,

467 2602 587 2639 eum
631 2586 874 2651 dixisset,
917 2586 1164 2651 Audistis,
1207 2588 1326 2655 quia
1355 2586 1543 2640 dictant
1573 2595 1648 2641 est
1676 2587 1915 2652 antiquis,
1948 2583 2065 2639 Non

465 2678 714 2729 occides:
756 2676 897 2746 quod
947 2677 998 2729 in
1049 2676 1363 2745 corporibus
1403 2676 1533 2746 egit,
1576 2691 1697 2729 cum
1737 2691 1802 2730 ex
1828 2674 2067 2730 defectus

463 2768 834 2837 supplemento
858 2767 1127 2823 docuisset
1147 2783 1262 2836 eos,
1293 2769 1412 2838 quis
1441 2768 1714 2823 hominem
1743 2783 1771 2821 a
1802 2768 2065 2838 principio

463 2858 812 2922 condidisset,
843 2858 893 2912 id
931 2859 1090 2913 etiam
1115 2853 1223 2914 hoc
1251 2859 1370 2914 loco
1398 2859 1664 2930 praestitit,
1697 2857 1822 2913 dum
1864 2874 1958 2928 per
1983 2860 2061 2914 le-

463 2950 544 3018 gis
586 2949 1013 3004 emendationem
1057 2959 1111 3005 et
1139 2950 1461 3005 additionem
1518 2950 1634 3020 ejus
1679 2950 1820 3021 quod
1859 2949 2061 3016 deerat,

463 3043 584 3112 quis
610 3043 698 3097 ille
728 3042 883 3098 fuerit
922 3043 1098 3108 docet,
1129 3043 1219 3112 qui
1247 3042 1316 3096 ab
1343 3043 1491 3096 initio
1533 3043 1703 3113 legem
1739 3042 1879 3097 tulit.
1926 3042 2062 3096 Pro-

463 3146 647 3206 pterea
677 3151 888 3207 quoque
919 3136 1042 3190 dum
1070 3145 1250 3206 ageret
1282 3135 1351 3191 de
1375 3137 1650 3190 creatione
1671 3135 1925 3203 hominis,
1969 3151 2065 3190 nc-

463 3245 568 3298 quc
589 3228 668 3282 sui
697 3229 961 3294 meminit,
1007 3244 1180 3298 neque
1210 3228 1403 3293 Patris,
1438 3227 1532 3282 sed
1566 3227 1650 3283 hic
1679 3243 1892 3298 quoque
1922 3227 2063 3282 nulla

463 3338 716 3392 expressa
747 3339 968 3392 persona
991 3323 1316 3378 iudclinitam
1339 3321 1492 3376 alfert
1517 3322 1811 3376 orationem
1842 3321 2058 3375 dicens:

459 3417 568 3482 (Qui
616 3417 730 3485 fecit
779 3415 841 3468 ab
893 3416 1055 3478 initio,
1108 3415 1389 3468 masculum
1427 3425 1474 3469 et
1518 3414 1759 3483 feminam
1799 3415 1916 3485 fecit
1980 3429 2063 3466 eos

467 3505 682 3576 (Matth.
719 3505 806 3558 19.
837 3505 915 3572 4),
967 3515 1021 3558 ct
1070 3505 1231 3559 verbo
1277 3503 1490 3574 quidem
1539 3513 1836 3559 creatorem
1881 3503 2060 3566 tacuit,

464 3611 629 3666 Opere
656 3605 832 3650 autem
865 3597 1064 3661 docuit,
1090 3596 1214 3649 dum
1241 3611 1527 3664 corporum
1553 3595 1816 3650 defectum
1846 3595 2060 3664 supple-

467 3689 560 3741 vit.
592 3689 666 3742 Ita
699 3688 782 3741 hic
808 3689 968 3742 etiam
1001 3703 1120 3741 cum
1152 3687 1395 3750 dixisset,
1439 3687 1697 3754 Audistis,
1729 3688 1848 3758 quia
1873 3687 2063 3740 dictum

465 3792 547 3834 est
563 3781 801 3848 antiquis,
836 3781 994 3842 tacuit
1019 3779 1232 3848 quidem
1263 3795 1292 3833 a
1331 3795 1436 3850 quo
1458 3780 1658 3835 dictum
1683 3789 1846 3847 esset,
1877 3795 2061 3835 verum

466 3875 701 3943 seipsum
741 3875 992 3942 operibus
1023 3873 1149 3942 ipsis
1187 3873 1436 3927 ostendit.
1481 3874 1578 3942 Qui
1617 3874 1759 3928 enim
1797 3874 2063 3930 defectum

467 3967 752 4036 supplevit,
783 3967 896 4034 ipse
925 3966 1114 4036 estqui
1143 3966 1210 4022 ab
1237 3966 1385 4019 initio
1404 3967 1454 4020 in
1479 3965 1652 4020 lucem
1677 3966 1847 4037 ipsum
1870 3966 2058 4021 edidit.

469 4059 613 4126 lpsns
647 4068 899 4126 pra-terea
923 4067 1132 4112 veteres
1160 4058 1302 4126 leges
1323 4059 1468 4122 citat,
1495 4067 1552 4112 ut
1573 4074 1636 4112 ex
1664 4060 2064 4128 comparatione

465 4149 673 4204 discant
698 4149 989 4210 auditores,
1035 4165 1138 4202 non
1187 4151 1303 4217 ejus
1339 4149 1429 4219 qui
1468 4149 1806 4205 adversarius
1848 4151 1918 4205 sit
1949 4152 2063 4205 hzec

467 4257 586 4296 esse
614 4242 774 4295 verba
795 4282 810 4306 ,
855 4250 908 4294 ct
936 4255 995 4295 se
1030 4240 1216 4295 eadem
1259 4257 1378 4294 cum
1408 4241 1563 4296 Patre
1601 4241 1880 4312 przcditum
1912 4251 2064 4311 pote-

467 4342 622 4388 state.
654 4332 778 4386 llcec
801 4331 958 4385 etiam
987 4331 1156 4385 Judaei
1187 4333 1592 4397 intellexerunt,
1632 4342 1685 4386 et
1715 4333 1891 4386 mirati
1917 4343 2061 4387 sunt.

469 4426 645 4492 Atque
669 4431 726 4476 ut
764 4423 983 4476 miratos
1014 4423 1134 4475 illos
1161 4437 1280 4476 esse
1307 4437 1617 4491 cognoscas,
1649 4422 1770 4476 audi
1793 4425 2062 4492 evangeli-

455 4524 606 4572 .stam
650 4516 750 4568 hoc
792 4515 1150 4569 declarantem
1199 4531 1263 4568 ac
1313 4515 1578 4570 dicentem
1613 4533 1625 4569 :
1670 4514 2066 4570 Admirabantur

471 4606 631 4660 turba:
655 4621 804 4670 super
832 4606 1064 4659 doctrina
1099 4610 1230 4675 ejus,
1262 4607 1379 4672 quia
1404 4605 1613 4659 docebat
1643 4622 1726 4660 eos
1769 4607 1897 4660 sicut
1924 4617 2063 4677 pote-

463 4707 652 4758 statem
681 4696 901 4758 habens,
956 4706 1003 4750 et
1041 4714 1140 4750 non
1195 4697 1322 4751 sicut
1373 4697 1548 4752 scriba:
1585 4709 1628 4750 et
1655 4696 1906 4751 Phariswi
1951 4697 2062 4768 (Id.

473 4790 524 4842 7.
571 4789 659 4843 28.
702 4788 815 4856 29).
867 4788 1001 4856 Quid
1054 4789 1233 4858 igitur,
1291 4789 1334 4842 si
1393 4804 1667 4858 perperam
1730 4789 1831 4844 hoc
1887 4791 2063 4858 suspi-

469 4877 771 4942 cabantur?
799 4878 936 4933 dicet
967 4879 1157 4948 aliquis
1193 4896 1205 4933 :
1243 4887 1474 4933 attamen
1511 4895 1604 4933 eos
1641 4895 1744 4933 non
1776 4879 2067 4949 reprehen-

472 4972 568 5030 dit.
599 4986 697 5026 nec
723 4969 1032 5040 increpavit,
1075 4967 1170 5024 sed
1197 4977 1253 5024 et
1281 4969 1490 5023 illorum
1516 4970 1838 5024 sententiam
1866 4970 2066 5025 contir-

473 5063 654 5118 mavit.
687 5063 820 5117 Cum
842 5061 983 5116 enim
1006 5061 1182 5115 statim
1215 5061 1526 5116 accessisset
1549 5061 1792 5129 leprosos
1811 5075 1874 5115 ac
1900 5059 2067 5115 dixis-

479 5157 584 5211 set,
639 5147 879 5210 Domine,
918 5148 964 5200 si
999 5148 1094 5208 vis,
1135 5157 1278 5215 potes
1325 5164 1404 5202 me
1451 5148 1706 5204 inundare
1763 5147 1874 5221 (Id.
1906 5150 1959 5204 8.
1984 5149 2062 5209 Ξ).

453 5239 618 5305 Quid
653 5239 768 5292 ait?
802 5237 953 5301 Volo,
991 5239 1268 5294 mundare.
1303 5239 1414 5293 Cur
1437 5250 1622 5295 autem
1658 5256 1768 5294 non
1793 5241 2056 5315 simplici-

456 5341 563 5402 Iter
590 5330 751 5394 dixit,
789 5330 1054 5386 blundare
1074 5333 1098 5385 ?
1118 5331 1338 5388 tametsi
1368 5331 1703 5387 testiﬁcatus
1727 5332 1804 5387 illi
1843 5343 1960 5388 erat
1990 5333 2064 5388 le-

477 5440 674 5495 prosus
726 5432 1051 5494 potestatem
1088 5425 1265 5495 ipsum
1309 5425 1531 5490 habere,
1578 5440 1702 5479 cum
1739 5423 1968 5488 diceret,
2002 5424 2062 5480 Si

479 5513 577 5566 vis.
613 5511 720 5567 Sed
758 5527 826 5566 ne
870 5514 1222 5569 existimares
1266 5515 1552 5569 sententia:
1597 5522 1810 5568 tantum
1861 5514 2060 5584 leprosi

474 5602 918 5667 adscribendum,
962 5604 1022 5659 Si
1055 5606 1153 5668 vis,
1204 5605 1406 5674 adjecit
1439 5607 1555 5676 ipse
1585 5619 1804 5674 quoque
1836 5605 2058 5669 dicens,

491 5691 642 5758 l'olo,
676 5695 955 5752 mundare.
979 5696 1072 5753 Sic
1087 5699 1392 5768 dataopera
1415 5713 1569 5754 suam
1592 5701 1793 5770 ubique
1819 5711 2060 5770 potesta-

477 5788 583 5834 tem
617 5784 1026 5855 manilcstahat,
1065 5805 1233 5860 seque
1270 5790 1452 5844 omnia
1481 5806 1544 5846 ex
1569 5790 1896 5848 auctoritate
1920 5808 2058 5863 pra:-

1191 355 1246 420 s.
1288 362 1567 419 JUANNIS
1607 358 2081 416 eunvsos'roin
2125 360 2439 415 AlteuIEP.
2471 360 3003 416 CONSTANTINOP.

3650 345 3748 400 ’7οΩ

2183 486 2328 530 stare
2351 497 2364 534 :
2386 479 2588 547 alioqui
2609 479 2712 532 nisi
2730 479 2802 532 ita
2817 489 2984 545 esset,
3002 481 3278 550 superﬂua
3298 483 3388 539 illa
3407 492 3742 545 cssetoratio.

2255 570 2308 623 6.
2334 570 2470 625 Cum
2507 572 2672 640 igitur
2705 572 2758 625 in
2792 573 3050 628 omnibus
3071 573 3192 642 eius
3223 585 3547 645 potestatem
3575 581 3744 638 discs-

2178 671 2317 721 mus,
2364 657 2407 710 si
2453 655 2580 726 quid
2611 658 2733 711 alibi
2765 659 2963 713 humile
2990 659 3165 714 facere
3195 661 3343 715 illum
3376 663 3455 717 vel
3482 664 3654 721 dicere
3679 671 3751 721 vi-

2176 747 2433 815 derimus,
2455 763 2574 802 cum
2598 758 2814 818 propter
2829 765 2942 816 eas,
2970 765 3103 820 quas
3125 768 3295 822 nuper
3311 757 3748 825 enumeravimus,

2175 854 2384 904 causas,
2430 849 2538 893 tum
2583 841 2723 908 quod
2750 841 3019 896 auditores
3044 843 3108 896 ad
3143 843 3499 902 lunnilitatem
3537 848 3658 903 velit
3682 853 3740 904 in-

2175 930 2276 983 cita
2289 947 2366 994 re,
2398 946 2463 984 ne
2487 931 2684 985 idcirco
2709 933 2961 988 vilitatem
2987 933 3060 988 illi
3085 935 3396 991 substantim
3420 938 3754 1008 imputemus;

2175 1021 2434 1090 siquidem
2451 1021 2554 1076 hoc
2574 1023 2744 1091 ipsum
2763 1024 2902 1092 quod
2923 1039 3139 1080 carnem
3160 1030 3470 1097 assumpsit,
3492 1029 3557 1084 ab
3572 1045 3633 1085 eo
3652 1046 3750 1100 prae

2176 1113 2336 1164 niniia
2366 1114 2662 1168 humilitate
2686 1125 2991 1182 susceptum
3017 1126 3120 1180 est,
3153 1133 3256 1172 non
3281 1119 3426 1188 quod
3452 1119 3603 1176 Patre
3623 1131 3750 1177 esset

2175 1205 2411 1258 inferior.
2447 1203 2598 1260 Unde
2626 1221 2751 1259 vero
2784 1207 2834 1259 id
2863 1207 3116 1262 constat?
3145 1208 3275 1262 Nam
3311 1209 3414 1265 hoc
3443 1225 3647 1279 quoque
3670 1227 3754 1266 vc-

2174 1297 2343 1350 ritatis
2378 1295 2556 1350 hostes
2584 1297 2964 1352 circumierunt
2996 1298 3233 1354 dicentes
3261 1316 3276 1354 :
3311 1301 3356 1355 si
3397 1301 3612 1370 :equalis
3648 1311 3746 1358 erat

2175 1385 2338 1451 Patri,
2375 1403 2533 1456 quam
2562 1389 2631 1441 ob
2658 1404 2872 1443 causam
2902 1389 3059 1444 Pater
3084 1407 3299 1446 carnem
3328 1409 3434 1446 non
3463 1394 3747 1462 assumpsit,

2173 1479 2264 1534 sed
2296 1479 2460 1535 Filius
2490 1481 2626 1535 servi
2649 1481 2889 1536 -t'ormam
2936 1483 3148 1539 induit?
3190 1479 3388 1535 Annon
3435 1496 3516 1541 est
3544 1485 3745 1540 mauile-

2173 1583 2336 1638 stum,
2368 1572 2618 1641 quoniam
2653 1573 2873 1628 inferior
2893 1575 3046 1628 erat?
3098 1577 3255 1646 Atqui
3288 1577 3334 1630 si
3367 1585 3637 1646 propterea
3665 1591 3744 1632 uo-

2171 1676 2336 1724 stram
2376 1666 2611 1734 suscepit
2654 1676 2917 1732 naturam,
2956 1667 3236 1737 Spiritum,
3287 1686 3448 1739 quem
3489 1670 3583 1740 ipsi
3628 1670 3744 1724 l-‘ilio

2172 1757 2432 1811 minorem
2455 1772 2574 1812 esse
2599 1767 2876 1812 autumant
2907 1769 3034 1830 (non
3063 1761 3206 1815 enim
3240 1761 3343 1816 hoc
3371 1778 3468 1817 nos
3492 1763 3740 1834 dicimus),

2171 1861 2387 1902 carnem
2415 1849 2695 1917 oportebat
2734 1864 3028 1905 assumere.
3073 1851 3128 1905 Si
3177 1853 3322 1906 enim
3367 1853 3564 1909 idcirco
3594 1855 3742 1924 mnjor

2171 1949 2248 1992 est
2287 1937 2421 1992 Filio
2449 1939 2626 2004 Pater,
2657 1940 2906 2009 quoniam
2934 1941 3022 1996 ille
3061 1941 3374 1998 incarnatus
3402 1953 3505 2010 est,
3534 1945 3615 2000 hic
3650 1962 3742 1999 nu

2173 2038 2256 2082 est
2285 2029 2608 2095 incarnatus,
2653 2032 2754 2085 erit
2800 2034 2960 2086 etiam
2992 2027 3220 2102 Spiritus
3249 2035 3367 2103 rjus
3414 2035 3484 2090 ob
3525 2036 3742 2090 eamdem

2171 2136 2384 2176 causam
2435 2124 2550 2193 ipso
2589 2124 2758 2194 major
2794 2141 2808 2176 :
2847 2142 3020 2197 neque
3067 2128 3206 2182 enim
3259 2129 3374 2198 ipse
3425 2144 3630 2185 carnem
3667 2143 3744 2184 as-

2171 2216 2418 2283 sumpsit.

2243 2305 2326 2362 Ea:
2348 2308 2626 2378 Scripturis
2643 2310 2886 2380 probatur
2907 2311 3096 2366 Filium
3116 2331 3224 2369 esse
3251 2314 3397 2368 Patri
3420 2316 3668 2386 (aqualem.
3685 2347 3742 2356 —

2169 2399 2273 2454 Sed
2302 2415 2370 2456 ne
2397 2403 2730 2471 argumentis
2775 2403 2914 2458 istud
2941 2405 3394 2471 demonstremus,
3425 2422 3521 2477 age
3545 2423 3604 2462 es
3632 2408 3742 2477 ipsis

2171 2493 2462 2562 Scripturis
2493 2494 2663 2563 ipsum
2697 2496 2985 2566 probemus
3010 2537 3026 2563 ,
3053 2507 3107 2552 et
3131 2498 3445 2554 humilitatis
3471 2516 3618 2556 causa
3643 2517 3741 2554 car-

2170 2599 2292 2638 nem
2321 2585 2465 2638 illum
2504 2586 2858 2655 assumpsisse
2902 2587 3266 2643 ostendamus.
3317 2590 3512 2646 Paulus
3554 2591 3738 2660 quidem

2169 2683 2338 2740 certe,
2369 2675 2459 2746 qui
2484 2675 2600 2731 hate
2625 2686 2864 2743 noverat,
2896 2693 3015 2732 cum
3056 2679 3122 2732 ad
3147 2680 3419 2752 quidpiam
3463 2684 3607 2737 uolns
3633 2682 3742 2736 uti'e

2170 2782 2269 2821 nos
2299 2767 2678 2822 eohortaturus
2709 2778 2810 2835 est,
2836 2769 3077 2840 exempla
3115 2770 3270 2826 nobis
3298 2773 3506 2827 virtutis
3534 2773 3597 2828 de
3621 2773 3738 2827 ca-lu

2168 2857 2400 2913 demittit
2427 2874 2442 2912 ε
2475 2867 2533 2914 ut
2558 2873 2679 2913 cum
2710 2874 3082 2928 smpeuumero
3110 2861 3352 2918 caritatis
3378 2865 3606 2920 colenda-
3629 2878 3738 2917 coii-

2179 2949 2357 3003 silium
2388 2950 2502 3017 dat,
2550 2960 2602 3004 et
2631 2961 2687 3004 ut
2714 2966 2773 3004 se
2813 2964 3000 3006 mutuo
3038 2952 3281 3023 diligant,
3313 2955 3462 3024 cupit
3486 2954 3740 3025 discipulos

2170 3041 2412 3107 incitare,
2435 3041 2700 3097 Christum
2731 3045 2946 3100 adducit
2979 3044 3030 3098 in
3061 3045 3296 3100 medium
3319 3046 3526 3102 dicens:
3556 3043 3740 3103 Viri.di-

2169 3132 2308 3202 ligite
2328 3149 2531 3200 uxores,
2569 3133 2696 3187 sicut
2724 3145 2768 3188 et
2793 3135 3020 3190 Christus
3044 3136 3223 3190 dilexit
3249 3136 3523 3191 Ecclesium
3545 3135 3734 3208 (Epiros.

2168 3221 2221 3277 5.
2256 3223 2370 3294 25).
2402 3225 2628 3294 Rursus,
2671 3228 2756 3282 ubi
2793 3228 2858 3283 de
2893 3228 3233 3300 elecmosyna
3271 3229 3512 3296 disserit,
3541 3229 3738 3298 idipsunt

2171 3315 2335 3372 facit:
2390 3319 2638 3388 quocirca
2687 3322 2848 3376 etiam
2877 3322 2999 3376 dicit
3045 3341 3058 3377 :
3108 3323 3268 3377 Scitis
3311 3325 3525 3394 gratiam
3553 3321 3733 3378 Domini

2168 3411 2324 3464 nostri
2357 3409 2390 3463 J
2397 3428 2482 3464 esu
2508 3411 2713 3477 Christi,
2754 3414 2990 3483 quoniam
3031 3425 3241 3484 propter
3267 3433 3355 3470 vos
3382 3432 3561 3487 egenus
3598 3418 3738 3486 factas

2167 3511 2258 3566 est,
2292 3519 2404 3556 cum
2441 3513 2565 3557 esset
2599 3503 2754 3568 dives,
2791 3515 2846 3557 ut
2879 3506 3017 3558 illius
3052 3506 3227 3576 inopia
3274 3524 3360 3561 vos
3385 3508 3557 3561 divites
3589 3506 3735 3560 essetis

2169 3592 2244 3663 (‘2.
2287 3592 2404 3647 Cor.
2439 3594 2492 3649 8.
2526 3593 2602 3668 9).
2661 3595 2862 3650 llurum
2909 3607 3082 3651 autem
3128 3598 3417 3653 verborum
3457 3599 3539 3652 hic
3576 3609 3738 3651 sensus

2166 3693 2248 3740 est
2277 3703 2289 3736 :
2321 3685 2768 3753 quemadmodum
2810 3685 2980 3741 factus
3013 3698 3096 3742 est
3119 3703 3324 3758 egenus
3368 3689 3608 3743 Dominus
3635 3697 3737 3739 tuus

2165 3788 2380 3828 carnem
2409 3791 2708 3838 assumens,
2742 3777 2813 3831 ita
2840 3785 2892 3831 tu
2922 3779 2972 3832 in
3001 3780 3236 3846 pecuniis
3267 3794 3466 3849 egenus
3497 3778 3605 3833 tias.
3625 3775 3736 3830 Nam

2168 3874 2225 3918 ut
2251 3864 2397 3918 illum
2427 3874 2638 3938 egestas
2663 3867 2849 3936 gloria:
2871 3868 3004 3922 nihil
3033 3869 3187 3932 Lusit,
3221 3871 3302 3924 sic
3330 3885 3502 3940 neque
3527 3879 3574 3923 te
3601 3882 3737 3937 pecu-

2168 3956 2377 4011 niarum
2409 3957 2586 4026 inopia
2621 3957 2818 4015 la-dere
2850 3961 3065 4029 poterit,
3095 3958 3188 4015 sed
3218 3961 3413 4016 multas
3441 3961 3532 4015 tibi
3550 3958 3736 4014 divitias

2167 4049 2518 4118 comparabit.
2565 4049 2654 4104 Sic
2696 4061 2747 4104 et
2788 4051 2857 4106 de
2899 4051 3198 4106 humilitate
3226 4053 3368 4122 apud
3400 4052 3736 4120 Philippenses

2166 4139 2437 4196 disserens
2457 4140 2726 4196 Christum
2758 4143 2807 4195 in
2837 4142 3068 4198 medium
3095 4142 3330 4209 adducit,
3357 4157 3578 4213 cumque
3598 4140 3736 4196 dixis-

2168 4240 2247 4283 set
2272 4271 2286 4292 ,
2361 4229 2662 4285 Humilitate
2713 4232 2808 4285 sibi
2873 4233 3082 4286 inuicem
3133 4235 3418 4302 superiores
3467 4233 3736 4286 arbitrantes

2169 4321 2427 4394 (Philipp.
2459 4323 2512 4376 2.
2545 4323 2622 4393 5),
2670 4325 2932 4393 adjunxit,
2976 4324 3090 4378 Hoc
3131 4327 3265 4379 enim
3303 4327 3478 4380 sentite
3511 4326 3560 4377 in
3599 4321 3733 4384 vobis,

2167 4413 2302 4483 quod
2347 4423 2393 4466 et
2421 4415 2473 4466 in
2501 4413 2698 4468 Christo
2735 4413 2881 4480 Jesu,
2911 4416 3005 4484 qui
3033 4431 3147 4468 cum
3181 4415 3234 4468 in
3277 4417 3442 4486 [arma
3480 4413 3572 4468 Dei
3607 4419 3732 4472 esset.

2171 4522 2270 4558 non
2307 4505 2542 4575 rapinam
2583 4507 2858 4560 arbitratus
2897 4512 2968 4560 est
2997 4523 3100 4561 esse
3132 4524 3184 4561 se
3218 4508 3464 4575 turmalem
3507 4505 3622 4569 Deo,
3659 4499 3733 4556 sed

2169 4598 2490 4668 semetipsum
2517 4597 2794 4652 exinanivit
2824 4601 3045 4670 formam
3071 4600 3200 4654 servi
3227 4600 3478 4671 accipiens
3498 4597 3596 4669 (Ib.
3620 4612 3662 4648 υ.
3684 4593 3728 4646 5.

2171 4688 2248 4756 7).
2281 4691 2452 4759 Atque
2490 4689 2535 4744 si
2564 4689 2704 4760 quod
2736 4699 2878 4746 esset
2905 4700 3092 4747 natura
3130 4691 3370 4757 inferior,
3411 4703 3613 4746 carnem
3651 4698 3731 4752 tte-

2171 4790 2315 4835 stare
2340 4781 2586 4851 dignatus
2614 4791 2717 4846 est,
2758 4797 2862 4836 non
2883 4782 2993 4852 jam
3026 4783 3153 4838 illud
3179 4782 3378 4838 factum
3403 4783 3503 4838 erit
3537 4775 3730 4834 humili-

2175 4872 2314 4937 tatis,
2360 4874 2454 4928 scd
2497 4873 2692 4929 frustra
2727 4876 2944 4945 protulit
2990 4876 3116 4931 illud
3147 4877 3367 4945 Paulus,
3398 4877 3518 4931 dum
3545 4874 3604 4928 ad
3644 4871 3729 4923 hu-

2174 4963 2449 5018 militatem
2477 4965 2810 5020 adhortatur.
2853 4967 2987 5022 Tum
3015 4969 3156 5023 enim
3199 4967 3465 5023 humilitas
3489 4975 3586 5029 est,
3622 4976 3724 5017 cum

2172 5057 2394 5124 :nqualis
2415 5057 2596 5112 obedit
2611 5059 2822 5128 a‘qnaIi.
2845 5059 2954 5114 lloc
2969 5059 3127 5130 igitur
3142 5059 3379 5116 indicans
3398 5069 3451 5114 et
3471 5059 3578 5127 ipsc
3592 5053 3727 5109 dicit:

2176 5148 2276 5213 Qui
2304 5166 2416 5203 cum
2459 5151 2512 5203 in
2553 5153 2721 5222 forma
2751 5153 2846 5205 Dei
2887 5162 3031 5214 esset,
3080 5170 3181 5206 non
3217 5154 3448 5224 rapinam
3486 5150 3731 5204 arbitratus

2175 5253 2246 5298 est
2273 5259 2378 5298 esse
2402 5261 2455 5298 se
2473 5244 2718 5315 aqualem
2747 5246 2870 5310 Deo,
2903 5247 2989 5300 sed
3013 5249 3330 5317 semetipsum
3356 5241 3616 5299 acinanivit
3634 5243 3731 5308 [or-

2176 5349 2307 5385 mam
2335 5334 2462 5387 servi
2492 5335 2763 5404 accipiens.
2790 5335 2924 5403 Quid
2951 5345 3055 5402 est,
3089 5334 3208 5389 Non
3231 5335 3462 5403 rapinam
3485 5330 3729 5385 arbitratus

2176 5435 2248 5478 est
2289 5443 2398 5480 esse
2438 5443 2488 5480 se
2530 5428 2777 5496 wqualem
2822 5426 2928 5481 Deo
2950 5469 2966 5497 ,
3011 5428 3101 5482 sed
3136 5429 3448 5497 semetipsum
3486 5417 3730 5478 exinanirit

2176 5519 2393 5586 formam
2426 5519 2553 5572 servi
2581 5519 2870 5588 accipiens?
2895 5521 2994 5588 Qui
3021 5522 3196 5591 rapuit
3219 5520 3411 5590 aliquid
3433 5535 3493 5574 ex
3523 5518 3598 5581 iis,
3627 5525 3729 5583 qua"

2178 5606 2308 5660 nihil
2358 5609 2424 5662 ad
2466 5623 2524 5663 se
2566 5611 2810 5674 attinent,
2867 5611 2995 5666 illud
3039 5623 3293 5682 perpetuo
3331 5612 3533 5672 retinet,
3579 5615 3728 5672 neque

2179 5709 2351 5770 potest
2395 5702 2585 5756 adduci
2619 5713 2675 5756 ut
2708 5704 2836 5758 illud
2863 5705 3128 5774 deponat,
3163 5706 3301 5776 quod
3332 5713 3549 5764 metuat,
3579 5708 3725 5764 neque

2181 5789 2510 5846 conﬁdenter
2535 5792 2658 5847 illud
2693 5794 2999 5864 possideat:
3042 5797 3131 5867 qui
3164 5810 3288 5855 vero
3324 5795 3510 5851 bonum
3540 5782 3723 5854 aliquod
