3918 6396
273 360 368 419 ’191

273 477 460 538 Iacob;
493 468 865 542 ἀναγινώσκει
907 470 1127 543 νόμους,
1158 474 1406 538 καὶτοὺς
1437 473 1593 540 νέους
1627 475 1864 548 παρατι-

274 562 455 632 θησιν.
489 558 842 620 Ἠκούσατε,
865 563 1049 628 φησιν,
1066 556 1156 611 ὅτι
1179 556 1393 628 ἐρρέθη
1419 558 1545 625 τοῖς
1559 558 1834 629 ἀρχαίοις
1854 576 1866 588 ·

276 648 360 701 Οὐ
403 643 750 715 φονεύσεις.
780 634 918 694 Είπὲ
958 643 1052 695 xal
1081 641 1236 713 παρὰ
1263 642 1409 705 τίνος
1433 641 1635 715 ἐρρέθη
1655 659 1669 674 ·
1698 645 1763 698 σὺ
1796 640 1872 698 εἶ-

272 745 382 793 πας
413 726 597 792 τοῦτο,
622 725 657 798 ἢ
694 727 724 779 6
753 722 945 796 Πατὴρ
973 725 1002 778 6
1036 725 1166 793 σός;
1200 724 1343 779 Ἀλλ’
1374 725 1437 779 οὐ
1465 724 1634 796 λέγει.

338 901 500 967 Τίνος
536 897 631 956 οὖν
671 899 859 956 ἕνεκεν
899 899 1060 954 τοῦτο
1096 899 1343 971 ἐσίγησε,
1387 899 1483 955 καὶ⁵
1522 900 1614 955 τὸν
1645 899 1872 955 είπόντα

266 986 370 1040 οὐκ
421 985 648 1057 ἐποίησε
690 982 948 1055 φανερὸν,
989 984 1105 1037 ἀλλ’
1144 984 1475 1055 ἀπρόσωπον
1522 984 1622 1055 τὴν
1649 981 1874 1055 νομοθε-

268 1069 394 1124 σίαν
427 1069 760 1141 είσήγαγεν;
792 1067 917 1122 Ὅτι
942 1068 992 1119 εί
1025 1067 1125 1139 μὲν
1157 1062 1312 1120 εἶπεν
1334 1084 1348 1098 ·
1389 1067 1464 1120 Οὐ
1497 1065 1651 1140 [556]
1681 1065 1872 1138 φονεύς

267 1169 406 1218 σεις,
450 1151 562 1222 ἐγὼ
608 1152 667 1206 δέ
700 1150 844 1221 λέγω
882 1151 1012 1222 ὑμῖν
1036 1167 1050 1181 ’
1071 1149 1185 1203 Οὐκ
1211 1149 1547 1225 όργισθήσῃ,
1599 1150 1775 1214 ἔδοξεν
1804 1150 1873 1205 ἂν

266 1237 413 1309 βαρὺ
444 1237 507 1290 rb
527 1235 822 1305 λεγόμενον
851 1229 991 1305 εἶναι
1022 1232 1112 1286 διὰ
1140 1234 1241 1303 τὴν
1276 1232 1541 1288 ἀπόνοιαν
1565 1232 1674 1287 τῶν
1703 1235 1871 1288 ἀκου-

262 1321 439 1375 όντων
463 1319 690 1392 μηδέπω
717 1318 956 1372 συνιέναι
975 1316 1407 1387 δυναμένων,ὃτι
1425 1318 1526 1372 οὐκ
1546 1316 1872 1389 ἀνατρέπων

261 1402 338 1458 τὰ
361 1403 630 1475 πρότερα,
677 1399 795 1455 ἀλλ’
844 1399 1026 1465 αὔξων
1064 1400 1238 1454 ταῦτα
1272 1400 1585 1470 ἐνομοθέτει
1608 1417 1622 1432 ο
1660 1402 1756 1454 καὶ
1795 1393 1873 1453 εἷο

262 1503 371 1541 πον
401 1485 471 1540 ἂν
506 1482 647 1555 πρὸς
673 1483 838 1537 αὐτόν
860 1502 874 1516 ’
914 1484 980 1537 Τί
1013 1482 1236 1552 λέγεις;
1273 1482 1303 1534 ὁ
1328 1484 1522 1554 Πατήρ
1546 1501 1640 1537 σου
1672 1479 1827 1536 εἷπεν
1854 1500 1867 1515 ·

264 1570 342 1623 Οὐ
360 1572 694 1637 ⁸φονεύσεις,
711 1567 775 1621 σὺ
801 1566 859 1620 δέ
891 1565 1105 1635 λέγεις’
1137 1567 1253 1620 Οὐκ
1279 1564 1620 1639 όργισθήσῃ;
1651 1568 1748 1620 "Iv‘
1777 1563 1871 1621 οὖν

268 1656 347 1726 μή
384 1671 473 1717 τις
499 1653 745 1707 ἐναντίον
771 1651 937 1706 αὐτὸν
973 1650 1052 1723 τῷ
1085 1650 1263 1720 Πατρὶ
1291 1650 1490 1724 νομίσῃ
1523 1648 1685 1717 εἶναι,
1714 1650 1747 1722 ἢ
1793 1649 1867 1715 ὡς

262 1735 581 1809 σοφώτερόν
605 1754 661 1791 τι
693 1736 856 1790 πλέον
876 1735 1153 1807 εἰσφέρειν
1185 1733 1419 1801 ἐκείνου,
1456 1735 1559 1788 οὐκ
1583 1730 1758 1798 εἶπεν,
1785 1735 1868 1788 ὅτι

269 1821 581 1879 Ἠκούσατε
601 1818 753 1893 παρά
782 1818 878 1873 τοῦ
913 1818 1151 1890 Πατρός.
1183 1816 1353 1874 Πάλιν
1379 1818 1429 1872 εί
1457 1813 1610 1872 εἶπεν
1630 1836 1644 1849 ·
1682 1819 1871 1872 Ἠκού-

257 1925 397 1966 σατε
429 1908 512 1961 ὅτι
560 1903 672 1974 ἐγὼ
723 1899 878 1958 εἷπον
909 1903 1023 1965 τοῖς
1054 1901 1343 1972 ἀρχαίοις,
1375 1902 1652 1974 ἀφόρητον
1688 1900 1868 1969 ἔδοξεν

255 1993 332 2049 ἂν
371 1987 537 2056 εἶναι,
587 1989 683 2044 καὶ
726 1986 887 2041 τοῦτο
918 1986 1020 2040 οὐκ
1053 1984 1274 2038 ἔλαττον
1319 1983 1354 2056 ἢ
1392 1985 1453 2038 τὸ
1485 1986 1771 2058 πρότερον.
1803 1987 1867 2040 Εἰ

257 2076 399 2149 γὰρ,
438 2074 631 2145 ἐπειδὴ
663 2067 807 2139 εἶπε,
839 2070 962 2140 Πρὸ
1008 2069 1117 2123 τοῦ
1156 2069 1409 2140 Ἀϐραὰμ
1438 2068 1718 2140 γενέσθαι
1752 2070 1869 2140 ἐγώ

257 2163 404 2231 εἰμι,
438 2158 659 2213 λιθάσαι
703 2154 866 2210 αὑτὸν
901 2154 1291 2225 ἐπεχείρησαν,
1322 2154 1373 2207 εί
1413 2152 1755 2226 προσέθηκεν
1783 2155 1867 2209 ὃτι

258 2247 361 2300 καὶ
385 2245 597 2314 Μωῦσῇ
623 2240 789 2305 αὐτὸς
812 2239 905 2293 τὸν
931 2239 1098 2310 νόμον
1138 2238 1332 2307 ἔδωκε,
1361 2238 1417 2291 τί
1451 2237 1553 2291 οὐκ
1584 2237 1651 2292 ἂν
1678 2239 1866 2311 ἐποίη-

256 2347 366 2385 σαν
389 2347 406 2398 ;
432 2327 533 2381 Διά
559 2323 722 2380 τοῦτο
749 2322 878 2377 οὔτε
910 2321 1040 2394 περὶ
1074 2321 1292 2387 ἑαυτοῦ,
1325 2320 1450 2376 οὔτε
1476 2321 1607 2394 περὶ
1631 2321 1725 2376 τοῦ
1751 2323 1867 2376 Πα-

255 2413 392 2485 τρὸς
442 2411 596 2465 οὐδὲν
629 2405 823 2472 είπὼν,
873 2405 1021 2460 ἀλλά
1069 2406 1234 2477 μέσον
1278 2406 1459 2475 ἀφεὶς,
1508 2405 1604 2459 καὶ
1650 2404 1820 2459 εἰπών
1846 2421 1863 2435 ⁸

267 2497 608 2554 Ἠκούσατε
643 2490 733 2547 ὅτι
764 2489 978 2560 ἐρρέθη
1017 2489 1140 2556 τοῖς
1176 2489 1482 2558 ἀρχαίοις·
1532 2490 1616 2543 Οὐ
1642 2489 1862 2559 φονεύ-

251 2594 396 2648 σεις
420 2595 435 2610 ·
473 2579 612 2650 ὅπερ
647 2575 740 2629 ἐπὶ
773 2574 885 2628 τῶν
915 2573 1188 2644 σωμάτων
1221 2572 1468 2644 ἐποίησε,
1521 2573 1610 2627 διά
1635 2574 1734 2644 τῆς
1766 2572 1862 2626 τοῦ

254 2665 544 2727 λείποντος
577 2657 1023 2730 ἀναπληρώσεως
1061 2655 1280 2723 διδάξας
1312 2659 1513 2721 αὐτοὺς
1538 2657 1634 2711 καὶ
1678 2657 1770 2711 rbv
1804 2658 1863 2709 ἐν

252 2752 408 2824 ἀρχῇ
470 2744 960 2817 δημιουργήσαντα
1020 2741 1112 2795 τὸν
1171 2741 1495 2813 ἄνθρωπον,
1528 2740 1704 2824 τοῦτο
1770 2740 1862 2794 καὶ

253 2822 503 2890 ἐνταῦθα
542 2831 709 2893 ποιεῖ,
753 2825 844 2881 διὰ
895 2826 999 2896 τῆς
1050 2824 1148 2879 τοῦ
1187 2824 1357 2896 νόμου
1397 2822 1737 2895 διορθώσεως
1769 2824 1863 2879 καὶ

249 2919 359 2991 τῆς
408 2913 504 2969 τοῦ
561 2910 839 2973 ἐνδέοντος
880 2907 1208 2981 προσθήκης
1255 2908 1524 2962 διδάσκων
1573 2908 1658 2991 τίς
1712 2909 1862 2960 ἐστιν

259 2988 442 3057 δνκαὶ
488 2996 644 3070 ποιρά
702 2995 803 3065 τὴν
843 2994 1020 3066 ἀρχὴν
1074 2992 1166 3046 rbv
1224 2992 1389 3063 νόμον
1433 2988 1700 3054 δεδωκώς.
1763 2991 1862 3043 Διά

247 3085 422 3140 ⁴τοῦτο
479 3082 576 3136 καὶ
634 3079 766 3151 περὶ
823 3079 922 3148 τῆς
981 3076 1076 3130 τοῦ
1139 3075 1429 3149 ἀνθρώπου
1496 3073 1860 3147 δημιουργίας

247 3165 664 3235 διαλεγόμενος,
697 3161 823 3215 οὔτε
863 3159 1084 3225 ἑαυτοῦ,
1133 3158 1257 3214 οὕτε
1292 3158 1386 3212 τοῦ
1422 3158 1638 3230 Πατρὸς
1687 3159 1858 3230 ἐμνή-

251 3251 364 3322 σθη
389 3290 409 3316 ,
459 3247 599 3303 ἀλλά
646 3245 742 3300 καὶ
794 3243 1031 3300 ἐνταῦθα
1090 3243 1424 3316 ἀπρόσωπόν
1473 3259 1534 3295 τε
1590 3243 1687 3295 καὶ
1743 3242 1859 3295 ἀδι-

247 3337 476 3411 όριστον
514 3334 746 3387 ποιεῖται
771 3330 863 3384 τὸν
908 3330 1091 3399 λόγον,
1118 3327 1315 3384 εἰπών·
1366 3328 1420 3381 Ὁ
1478 3326 1745 3395 ποιήσας
1787 3327 1857 3411 ἐξ

246 3410 476 3493 ἀρχῆς.
491 3417 677 3487 ἄρσεν
711 3414 810 3469 καὶ
839 3412 999 3481 θῆλυ
1030 3412 1322 3480 ἐποίησεν
1349 3410 1575 3477 αὐτούς
1598 3427 1611 3440 ·
1654 3410 1751 3465 καὶ
1779 3410 1857 3481 τῷ

251 3507 358 3578 μέν
386 3504 595 3576 ῥήματι
626 3499 852 3570 ἐσίγησε
889 3497 981 3551 τὸν
1021 3497 1345 3568 ποιήσαντα,
1380 3494 1458 3566 τῷ
1482 3494 1539 3548 δέ
1571 3494 1719 3567 ἔργῳ
1750 3495 1856 3578 ἐδί-

246 3577 387 3657 δαξε
415 3586 489 3641 τὰ
533 3585 789 3639 λείποντα
822 3579 934 3635 τῶν
981 3580 1252 3651 σωμάτων
1299 3579 1653 3650 ἀναπληρῶν.
1697 3577 1856 3632 Οῦτω

250 3674 351 3729 καὶ
376 3669 616 3727 ἐνταῦθα
644 3665 837 3724 εἰπὼν.
877 3667 960 3719 ὄτι
999 3664 1337 3719 Ἠκούσατε
1370 3662 1460 3717 ὅτι
1485 3662 1698 3733 ἐρρέθη
1732 3661 1857 3730 τοῖς

246 3754 553 3827 ἀρχαίοις,
607 3750 761 3822 παρά
811 3748 911 3821 μὲν
942 3747 1089 3811 τίνος
1144 3745 1347 3819 ἐρρέθη
1380 3745 1627 3818 ἐσίγησε,
1670 3745 1760 3799 διὰ
1799 3744 1856 3800 δὲ

246 3839 369 3894 τῶν
398 3838 579 3910 ἔργων
600 3833 779 3890 αὐτῶν
805 3832 1078 3905 ἐδήλωσεν
1111 3830 1327 3884 ἐαυτόν.
1358 3829 1416 3884 '0
1443 3828 1553 3901 γὰρ
1577 3828 1648 3882 rb
1669 3827 1855 3883 λεῖπον

251 3909 688 3992 ἀναπληρώσας,
719 3909 877 3981 οὗτός
909 3918 1056 3971 ἐστιν
1086 3917 1115 3969 6
1144 3913 1242 3969 καὶ
1267 3913 1328 3980 ἐξ
1354 3914 1531 3986 ἀρχῆς
1554 3913 1716 3967 αὑτὸν
1742 3915 1856 3966 εἰσ-

247 4003 522 4074 ενεγκών.
562 4000 672 4055 Kal
700 4000 900 4064 αὐτοὺς
932 3999 992 4054 δὲ
1020 3998 1151 4062 τοὺς
1184 3998 1450 4061 παλαιοὺς
1486 3995 1854 4066 ἀναγινώσκει

245 4090 482 4161 νόμους,
508 4085 597 4139 ἵνα
633 4087 703 4156 τῇ
744 4082 1051 4156 παραθέσει
1090 4080 1339 4154 μάθωσιν
1368 4082 1418 4135 οί
1447 4079 1738 4144 ἀκούοντες
1770 4081 1853 4133 ὅτι

245 4172 382 4228 οὔτε
406 4166 779 4231 ἐναντιώσεώς
801 4168 917 4221 ἐστι
943 4166 1014 4221 τά
1038 4164 1332 4238 λεγόμενα,
1355 4164 1451 4218 καὶ
1468 4164 1551 4217 ὅτι
1574 4163 1651 4234 τῷ
1666 4180 1855 4233 γεγεν-

246 4255 448 4329 νηκότι
466 4252 567 4325 τὴν
589 4252 755 4324 αὐτὴν
770 4250 1022 4317 ἐξουσίαν
1042 4248 1178 4321 ἔχει.
1204 4246 1393 4302 Ταῦτα
1418 4247 1514 4302 καὶ
1537 4248 1587 4301 οί
1606 4248 1851 4301 Ἰουδαῖοι

248 4341 503 4412 συνῆκαν
521 4337 617 4391 καὶ
632 4332 965 4405 ἐθαύμαζον.
987 4334 1100 4387 Kal
1117 4333 1198 4386 ὅτι
1224 4331 1558 4402 ἐθαύμαζον,
1574 4330 1737 4384 ἄκουε
1754 4329 1850 4383 τοῦ

248 4418 648 4490 εὐαγγελιστοῦ
686 4414 847 4471 τοῦτο
896 4414 1185 4487 δηλοῦντος
1220 4415 1316 4468 καὶ
1367 4413 1619 4477 λέγοντος
1642 4428 1656 4443 ο
1701 4412 1853 4478 Ἐξε.

248 4504 639 4572 πλήσσοντο,
667 4500 855 4571 φησιν,
878 4501 933 4553 οἱ
961 4497 1135 4567 ὄχλοι
1155 4497 1254 4551 ἐπὶ
1278 4494 1354 4565 τῇ
1379 4495 1605 4566 διδαχῇ
1636 4495 1847 4561 αὑτοῦ,

248 4591 345 4645 ὅτι
376 4586 702 4642 ἐδίδασκεν
726 4582 952 4650 αὐτοὺς
974 4583 1057 4648 ὡς
1074 4580 1370 4647 ἐξουσίαν
1396 4579 1576 4648 ἔχων,
1611 4579 1709 4633 καὶ
1734 4581 1849 4648 οὐχ

248 4673 334 4740 ὡς
359 4674 415 4725 οἱ
445 4662 803 4742 ιγιοιζιιματεῖς
829 4665 1031 4721 αὐτῶν
1044 4664 1143 4718 καί
1162 4667 1215 4719 οἱ
1236 4662 1565 4733 Φαρισαῖοι.
1586 4662 1652 4715 Τί
1667 4658 1781 4730 οὖν,
1801 4665 1850 4717 εί

249 4754 444 4818 κακῶς
472 4752 633 4807 τοῦτο
658 4748 983 4805 ὑπώπτευον
1009 4749 1207 4802 ἐκεῖνοι
1232 4764 1247 4815 ;
1274 4746 1430 4817 φησί.
1463 4746 1573 4800 Καὶ
1608 4746 1715 4817 μὴν
1749 4746 1850 4800 οὐκ

250 4838 577 4894 ἐνεκάλεσεν
615 4836 819 4901 αὐτοῖς,
867 4834 989 4888 οὐδὲ
1022 4832 1378 4903 ἐπετίμησεν,
1408 4828 1544 4885 ἀλλά
1587 4831 1684 4884 καὶ
1722 4830 1851 4884 ἐκύ-

255 4939 436 4998 ρωσεν
456 4919 636 4975 αὐτῶν
661 4919 759 4993 τὴν
781 4917 1028 4991 γνώμην.
1079 4915 1479 4989 Προσελθόντος
1510 4914 1619 4987 γὰρ
1645 4914 1850 4980 εὐθέως

249 5007 350 5062 τοῦ
381 5005 582 5077 λεπροῦ
613 5006 707 5059 καὶ
742 5003 1022 5074 λέγοντος’
1053 5002 1251 5068 Κύριε,
1277 4998 1389 5054 ἐὰν
1425 4999 1631 5069 θέλῃς,
1669 4999 1851 5053 δύνα-

251 5091 364 5148 σαί
396 5106 475 5160 με
510 5088 859 5158 καθαρίσαιο
906 5086 960 5139 τί
1006 5102 1172 5157 φησι;
1216 5083 1403 5150 Θέλω,
1433 5084 1847 5152 καθαρίσθητι.

252 5174 369 5231 Καὶ
412 5173 559 5236 τίνος
598 5171 785 5225 ἐνεκεν
825 5170 925 5224 οὐκ
966 5163 1120 5223 εἶπεν
1167 5167 1376 5232 ἁπλῶς,
1430 5167 1846 5238 Καθαρίσθητι;

255 5259 435 5313 καίτοι
471 5258 502 5309 6
538 5256 740 5329 λεπρὸς
788 5253 1176 5326 ἐμαρτύρησεν
1210 5251 1360 5322 αὑτῷ
1394 5250 1644 5315 ἐξουσίαν
1676 5249 1845 5321 ἔχειν,

255 5339 451 5406 εἰπὼν,
508 5341 650 5394 Ἐὰν
679 5341 879 5408 θέλῃς.
940 5336 1080 5390 Ἀλλ’
1111 5336 1200 5390 ἵνα
1241 5336 1316 5407 μὴ
1350 5336 1582 5408 νομίσῃς
1622 5334 1720 5404 τῆς
1751 5335 1846 5388 τοῦ

257 5423 464 5496 λεπροῦ
492 5422 718 5493 γνώμης
741 5416 882 5475 εἶναι
906 5420 967 5473 rb
1003 5419 1145 5474 Ἐὰν
1173 5418 1381 5487 θέλῃς,
1412 5416 1723 5490 προσέθηκε
1754 5418 1848 5471 καὶ

259 5508 420 5573 αὐτὸς
455 5507 629 5576 λέγων
648 5521 661 5535 ·
706 5505 890 5566 Θέλω,
935 5503 1348 5573 καθαρίσθητι.
1377 5501 1564 5563 Οὕτως
1596 5499 1847 5571 ἐπίτηδες

263 5591 537 5663 πανταχοῦ
571 5591 669 5661 τὴν
702 5588 951 5657 ἐξουσίαν
979 5587 1216 5642 ἐδείκνυε
1257 5587 1357 5658 τὴν
1387 5584 1605 5647 ἑαυτοῦ,
1639 5585 1733 5639 καὶ
1765 5585 1845 5639 ὅτι

318 5809 346 5840 ⁸
366 5810 518 5871 εαίιι.
557 5808 824 5871 legendum
860 5802 1055 5868 eoujicil
1076 5803 1202 5853 εἶπεν
1253 5802 1312 5853 ‘0
1340 5804 1496 5867 πατήρ
1522 5819 1613 5866 μου
1641 5803 1737 5859 τοῖς
1760 5805 1845 5866 ἀρ-

262 5871 408 5934 χαίοις
430 5870 573 5920 εἶπεν·
598 5870 688 5921 Οὐ.

1065 362 1149 414 ΟΕ
1187 361 1467 416 CHRISTI
1506 363 1871 431 ιίιιιειιιυδ,
1910 364 2189 421 CONTRA
2225 363 2617 423 ANOMCEOS.
2650 364 2718 421 Χ.

3469 373 3599 432 792'

1982 478 2160 532 πάντα
2214 478 2323 532 ἀπὸ
2353 478 2639 544 αὑθεντίας
2670 480 2851 533 ποιεῖ’
2906 481 3030 535 ἐπεὶ
3067 481 3117 539 εί
3167 480 3244 554 μὴ
3276 480 3434 537 τοῦτο
3485 479 3595 556 ἢν,

1982 560 2237 633 περιττὸν
2264 556 2334 633 ἦν
2366 563 2426 617 τὸ
2452 563 2763 635 λεγόμενον.

2054 805 2427 872 ς’.Μαθόντες
2448 809 2627 863 τοίνυν
2650 808 2739 864 διά
2758 811 2976 866 πάντων
2993 813 3159 867 αὐτοῦ
3181 814 3281 887 τὴν
3301 814 3574 881 ἐξουσίαν,

1979 887 2047 944 ἂν
2077 889 2278 962 ἴδωμεν
2297 890 2524 964 ἑτέρωθι
2551 893 2807 950 ταπεινόν
2832 913 2886 948 τι
2918 896 3178 952 ποιοῦντα
3205 899 3301 953 καὶ
3322 898 3574 969 λέγοντα,

1979 972 2070 1026 διά
2110 990 2168 1027 τε
2203 975 2303 1039 τὰς
2332 977 2510 1042 αίτίας
2550 977 2618 1042 ἃς
2654 979 3047 1052 ἠριθμήσαμεν
3100 982 3312 1055 πρῴην,
3366 983 3462 1038 καὶ
3486 984 3577 1039 διὰ

1983 1055 2135 1129 [557]
2161 1057 2223 1111 τὸ
2244 1057 2532 1129 βούλεσθαι
2553 1062 2681 1126 τοὺς
2707 1062 3008 1128 ἀκούοντας
3031 1065 3111 1129 είς
3139 1067 3577 1139 ταπεινοφροσύ-

1980 1156 2079 1209 νην
2112 1141 2424 1211 ἐναγαγεϊν,
2458 1144 2534 1215 μὴ
2565 1144 2655 1198 διά
2684 1144 2843 1201 τοῦτο
2868 1146 3033 1201 αὐτὸν
3063 1150 3143 1213 εἰς
3173 1149 3452 1204 εὐτέλειαν
3484 1153 3576 1206 οὑ-

1982 1222 2104 1287 σίας
2124 1223 2521 1297 διαϐάλλωμεν.
2556 1228 2668 1281 Καὶ
2692 1228 2802 1300 γὰρ
2827 1229 2960 1284 αὐτὸ
2982 1230 3045 1284 rb
3070 1231 3250 1303 σάρκα
3283 1233 3575 1289 ἀναλαϐεῖν

1979 1305 2090 1360 ἀπὺ
2127 1311 2633 1383 ταπεινοφροσύνης
2669 1313 2986 1383 ὑπέμεινεν,
3020 1315 3082 1369 οὑ
3112 1315 3200 1369 διά
3226 1316 3286 1369 rb
3309 1318 3575 1372 καταδεέ-

1982 1408 2175 1464 στερον
2209 1391 2348 1449 εῖναι
2369 1394 2466 1448 τοῦ
2488 1397 2721 1469 Πατρός.
2749 1399 2862 1452 Καὶ
2890 1399 3056 1454 πόθεν
3077 1401 3239 1453 τοῦτο
3262 1401 3576 1472 δῆλονςΚαὶ

1979 1474 2090 1549 γάρ
2118 1478 2213 1531 καὶ
2240 1477 2401 1532 τοῦτο
2435 1479 2828 1552 περιφέρουσιν
2863 1483 2910 1535 οί
2943 1482 3045 1554 τῆς
3077 1482 3334 1553 ἀληθείας
3362 1484 3570 1556 ἐχθροὶ,

1979 1557 2250 1627 λέγοντες,
2272 1561 2355 1615 ὅτι
2382 1562 2445 1616 Εί
2479 1562 2591 1626 ἶσος
2623 1559 2692 1635 ἦν
2716 1564 2795 1636 τῷ
2822 1566 3196 1636 γεγεννηκότι,
3215 1567 3360 1631 τίνος
3389 1567 3574 1622 ἕνεκεν

1978 1642 2007 1694 6
2038 1643 2229 1715 Πατὴρ
2270 1644 2371 1699 οὐκ
2398 1644 2628 1699 ἀνέλαϐε
2673 1647 2876 1719 σάρκα,
2912 1648 3028 1702 ἀλλ’
3060 1649 3089 1702 ό
3118 1649 3249 1714 Υἱὸς
3273 1649 3442 1704 ὑπέδυ
3475 1653 3574 1722 τὴν

1976 1724 2074 1779 τοῦ
2101 1726 2290 1781 δούλου
2322 1730 2574 1801 μορφήν;
2615 1725 2726 1803 ἆρα
2760 1731 2862 1785 οὐκ
2887 1730 3114 1802 εὔδηλον
3140 1732 3222 1786 ὅτι
3254 1733 3443 1807 ἐπειδὴ
3474 1751 3575 1789 κα-

1976 1807 2332 1881 ταδεέστερος
2360 1807 2429 1885 ἦν
2449 1829 2464 1879 ;
2487 1813 2599 1867 Καὶ
2632 1814 2760 1885 μὴν,
2788 1815 2837 1868 εί
2866 1813 2955 1868 διὰ
2980 1814 3140 1870 τοῦτο
3168 1815 3267 1888 τὴν
3289 1818 3574 1888 ἡμετέραν

1978 1892 2146 1948 ὑπέδυ
2203 1894 2388 1965 φύσιν,
2432 1895 2494 1948 rb
2536 1897 2782 1969 Πνεῦμα,
2828 1899 2858 1951 ὅ
2890 1916 3056 1967 φασιν
3098 1900 3254 1953 αὐτοὶ
3304 1901 3401 1954 τοῦ
3435 1901 3571 1955 Υίοῦ

1977 1974 2198 2033 ἔλαττον
2229 1975 2368 2034 εἶναι
2386 1980 2469 2052 (οὐ
2496 1980 2606 2053 γὰρ
2635 1980 2702 2035 ἂν
2726 1984 2890 2053 ἡμεῖς
2918 1982 3213 2054 εἴποιμεν),
3233 1986 3412 2038 ἐκεῖνο
3435 2001 3570 2057 cap-

1977 2060 2224 2133 κωθῆναι
2264 2064 2392 2119 ἔδει.
2423 2065 2488 2118 El
2516 2065 2629 2135 γὰρ
2678 2065 2769 2118 διὰ
2809 2065 2969 2119 τοῦτο
3000 2065 3203 2137 μείζων
3235 2065 3329 2121 τοῦ
3372 2067 3507 2122 Υίοῦ
3540 2070 3572 2122 6

1977 2146 2187 2219 Πατὴρ,
2218 2148 2410 2220 ἐπειδὴ
2442 2150 2472 2202 6
2504 2148 2602 2220 μέν
2632 2148 2946 2221 ἐσαρκώθη,
2978 2152 3007 2204 6
3034 2150 3092 2204 δὲ
3119 2151 3222 2205 οὐκ
3250 2150 3567 2225 ἐσαρκώθη,

1975 2228 2129 2282 ἔσται
2164 2233 2259 2285 καὶ
2310 2232 2371 2285 rb
2416 2231 2644 2303 Πνεῦμα
2689 2231 2855 2286 αὐτοῦ
2901 2232 2989 2287 διὰ
3042 2233 3146 2305 τὴν
3176 2234 3349 2305 αὐτὴν
3389 2233 3570 2288 αἰτίαν

1977 2313 2163 2380 μεῖζον
2185 2332 2198 2344 θ
2234 2315 2355 2368 οὐδὲ
2386 2314 2495 2386 γὰρ
2522 2316 2654 2369 αὐτὸ
2685 2316 2867 2385 σάρκα
2897 2316 3181 2371 ἀνέλαϐεν.

2058 2577 2197 2630 Ἀλλ’
2244 2575 2330 2630 ἵνα
2378 2578 2452 2650 μὴ
2507 2577 2615 2631 ἀπὸ
2647 2579 3021 2651 συλλογισμῶν
3056 2581 3215 2637 τοῦτο
3250 2583 3569 2652 ἀποφαινώι-

1975 2661 2136 2733 μεθα,
2179 2663 2313 2733 φέρε
2354 2663 2448 2716 ἀπ’
2480 2663 2660 2738 αὐτῶν
2693 2665 2801 2720 τῶν
2834 2665 3068 2737 Γραφῶν
3108 2669 3242 2722 αὐτὸ
3282 2669 3569 2739 παραστή-

1975 2761 2180 2816 σωμεν,
2212 2745 2550 2810 δεικνύοντες
2596 2747 2678 2801 ὅτι
2708 2747 2797 2802 διὰ
2846 2752 3353 2826 ταπεινοφροσύνην
3385 2752 3569 2823 σάρκα

1971 2826 2254 2883 ἀνέλαϐεν.
2302 2829 2360 2881 Ὀ
2417 2830 2526 2902 γάρ
2557 2830 2768 2896 Παῦλος
2799 2833 2827 2884 ό
2870 2833 3045 2887 ταῦτα
3095 2834 3251 2900 είδὼς
3297 2834 3565 2904 ἀκριϐῶς,

1971 2912 2191 2966 ἐπειδάν
2226 2912 2397 2987 μέλλῃ
2438 2931 2493 2966 τι
2536 2913 2646 2970 τῶν
2674 2916 2962 2988 χρησίμων
2994 2919 3127 2989 ἡμῖν
3159 2922 3466 2992 παραινεῖν,
3496 2918 3569 2971 τά

1971 2996 2348 3067 ὑποδείγματα
2369 2997 2576 3050 ἄνωθεν
2609 3001 2741 3071 ημῖν
2771 3002 3001 3069 κατάγει
3033 3001 3136 3074 τῆς
3158 3003 3360 3075 ἀρετῆς
3380 3020 3393 3033 ο
3430 2997 3564 3067 οἷον,

1972 3078 2332 3151 συμϐουλεύει
2356 3078 2620 3144 πολλάκις
2653 3082 2782 3152 περὶ
2818 3082 3064 3154 ἀγάπης,
3112 3086 3209 3139 καὶ
3240 3086 3566 3157 βουλόμενος

1968 3164 2260 3232 ἐναγαγεῖν
2316 3164 2443 3227 τοὺς
2490 3162 2741 3235 μαθητάς
2783 3167 2864 3229 είς
2911 3167 2971 3220 rb
3022 3169 3245 3241 ἀγαπᾷν
3278 3170 3562 3242 ἀλλήλους,

1968 3246 2207 3318 Χριστὸν
2235 3248 2316 3310 είς
2348 3247 2513 3319 μέσον
2547 3248 2789 3317 παράγει
2814 3247 2987 3318 λέγων
3010 3267 3026 3280 ·
3062 3256 3127 3306 Ol
3147 3252 3388 3329 ρνδρες,
3419 3255 3564 3325 ἀγα-

1967 3329 2118 3386 πᾶτε
2142 3330 2253 3398 τὰς
2278 3330 2594 3402 γυναῖκας,
2620 3331 2820 3397 καθὼς
2847 3332 2947 3386 καὶ
2981 3337 3015 3389 ό
3035 3336 3293 3405 Χριστὸς
3323 3338 3561 3408 ἠγάπηο

1966 3430 2041 3468 σε
2055 3414 2575 3483 τὴν-Ἐκκλησίαν.
2594 3414 2784 3479 Πάλιν,
2798 3415 3018 3471 ἐπειδὰν
3038 3419 3166 3491 περὶ
3188 3418 3564 3493 ἐλεημοσύνης

1964 3496 2304 3569 διαλέγηται,
2331 3497 2490 3551 τοῦτο
2527 3499 2661 3552 αὐτὸ
2688 3502 2862 3553 ποιεῖ’
2904 3501 2985 3554 διὸ
3023 3504 3117 3556 καὶ¹
3156 3502 3307 3572 λέγει
3332 3521 3347 3535 ⁸
3374 3506 3561 3560 Γινώ-

1964 3598 2145 3638 σκετε
2186 3582 2302 3653 τὴν
2342 3582 2520 3653 χάριν
2557 3583 2663 3638 τοῦ
2706 3584 2930 3654 Κυρίου
2978 3586 3146 3656 ἡμῶν
3193 3589 3391 3659 Ἰησοῦ
3425 3594 3561 3661 Χρι-

1964 3668 2138 3734 στοῦ,
2176 3666 2264 3722 ὅτι
2310 3666 2383 3721 δι’
2412 3665 2570 3737 ὑμᾶς
2607 3667 2955 3738 ἐπτώχευσε
2990 3671 3290 3740 πλούσιος
3321 3672 3426 3735 ὢν,
3460 3675 3562 3730 ἵνα,

1964 3751 2134 3822 ὑμεῖς
2163 3750 2240 3821 τῇ
2266 3752 2510 3806 ἐκείνου
2545 3753 2808 3823 πτωχείᾳ
2830 3753 3242 3825 πλουτήσητε.
3294 3759 3358 3811 Ὃ
3387 3758 3443 3811 δέ
3473 3759 3561 3812 λέ-

1963 3855 2048 3907 γει
2076 3835 2317 3890 τοιοῦτόν
2343 3838 2491 3890 ἐστιν
2513 3853 2528 3868 ο
2551 3835 2784 3909 ώσπερό
2801 3839 3077 3909 Δεσπότης
3108 3857 3200 3894 σου
3224 3841 3556 3913 ἐπτώχευσε,

1965 3922 2145 3993 σάρκα
2174 3918 2623 3993 περιϐαλόμενος,
2680 3920 2824 3974 οὕτω
2874 3922 2938 3975 σὺ
2984 3922 3300 3995 πτώχευσον
3330 3928 3388 3980 ἐν
3420 3929 3559 4000 χρή-

1966 4022 2099 4075 μασι
2123 4022 2136 4035 ο
2176 4005 2273 4060 καὶ
2297 4004 2408 4076 γὰρ
2436 4004 2625 4076 ὥσπερ
2657 4005 2864 4059 ἐκεῖνον
2892 4006 3046 4060 οὐδὲν
3080 4007 3315 4078 ἔϐλαψεν
3340 4011 3372 4080 ἡ
3407 4026 3559 4063 ’τττω⁴

1962 4088 2084 4158 χεία
2111 4091 2211 4160 τῆς
2258 4086 2437 4160 δόξης,
2470 4086 2644 4153 οὕτως
2678 4088 2805 4142 οὐδὲ,
2850 4089 2909 4142 σὲ
2955 4089 3158 4160 βλάψαι
3204 4092 3491 4164 δυνήσεται
3522 4096 3557 4166 ἡ

1960 4168 2069 4227 τῶν
2095 4172 2397 4244 χρημάτων
2447 4172 2713 4242 πτωχεία,
2762 4172 2899 4227 ἀλλὰ
2929 4173 3098 4229 πολὺν
3148 4176 3443 4245 ἐργάσεταί
3474 4196 3556 4233 σοι

1960 4257 2052 4311 τὸν
2090 4255 2340 4311 πλοῦτον.
2374 4254 2533 4310 Οὕτω
2562 4258 2657 4310 καὶ
2690 4258 2819 4327 περὶ
2858 4259 3363 4331 ταπεινοφροσύνης
3393 4261 3558 4315 πάλιν

1958 4341 2343 4412 Φιλιππησίοις
2379 4340 2761 4410 διαλεγόμενος
2818 4341 2909 4396 τὸν
2962 4336 3199 4413 Χρῖστὸν
3250 4345 3331 4408 είς
3389 4344 3557 4416 μέσον

1959 4426 2106 4495 ἄγει,
2152 4425 2246 4479 καὶ
2294 4422 2500 4487 εἰπὼν,
2542 4422 2621 4492 Τῇ
2662 4427 3192 4496 ταπεινοφροσύνῃ
3242 4427 3557 4497 ἀλλήλους

1957 4509 2281 4580 ἡγούμενοι
2308 4506 2716 4577 ὑπερέχοντας
2742 4508 2993 4575 ἑαυτῶν,
3042 4511 3318 4583 ἐπήγαγε·
3375 4513 3555 4568 Τοῦτο

1958 4594 2070 4664 γὰρ
2102 4592 2439 4663 φρονείσθω
2460 4591 2531 4645 ἐν
2551 4589 2714 4661 ὑμῖν,
2751 4590 2783 4645 ὃ
2822 4591 2920 4646 καὶ
2947 4592 3019 4646 ἐν
3058 4595 3293 4663 Χριστῷ
3332 4597 3552 4666 Ἰησοῦ,

1960 4677 2029 4742 ὃς
2054 4678 2121 4732 ἐν
2143 4674 2348 4747 μορφῇ
2379 4674 2526 4729 Θεοῦ
2564 4674 2853 4746 ὑπάρχων
2892 4678 3007 4748 οὐχ
3052 4678 3370 4750 ἁρπαγμὸν
3405 4681 3555 4753 ἡγή-

1959 4777 2112 4817 σατο
2144 4761 2211 4815 τὸ
2230 4756 2383 4814 εἷναι
2408 4759 2516 4813 ἴσα
2545 4758 2686 4825 Θεῷ,
2716 4760 2855 4813 ἀλλ’
2880 4759 3100 4815 ἑαυτὸν
3122 4762 3385 4817 ἐκένωσε
3405 4783 3553 4835 μορ-

1958 4846 2086 4915 φὴν
2112 4843 2340 4899 δούλου
2369 4841 2591 4897 λαϐὼν.
2648 4842 2841 4895 Καίτοι
2875 4844 2924 4896 εί
2955 4843 3045 4897 διὰ
3072 4845 3133 4897 τὸ
3174 4847 3382 4900 ἐὶάττω
3415 4843 3552 4901 εἶναι

1959 4928 2102 4983 κατὰ
2136 4926 2317 4997 φύσιν,
2350 4925 2675 4992 κατεδέξατο
2720 4926 2897 4997 σάρκα
2927 4927 3180 4998 φορέσαι,
3212 4932 3311 4982 οὐκ
3342 4930 3421 4983 έτι
3456 4949 3551 4984 ra-

1959 5009 2390 5083 πεινοφροσύνης
2431 5009 2495 5062 rb
2540 5010 2851 5080 γενόμενον,
2910 5010 3046 5064 ἀλλὰ
3102 5012 3374 5083 περιττῶς
3419 5015 3553 5068 αὐτὸ

1959 5096 2285 5168 παρήγαγεν
2330 5096 2358 5147 6
2389 5092 2604 5153 Παῦλος
2646 5095 2727 5157 είς
2756 5095 3265 5167 ταπεινοφροσύνην
3292 5113 3552 5170 παρακαέ

1957 5179 2093 5233 λῶν·
2151 5175 2622 5249 ταπεινοφροσύνη
2656 5177 2764 5249 γάρ
2804 5180 2951 5233 ἐστιν
2993 5180 3121 5234 ὅταν
3152 5180 3266 5244 ἴσος
3297 5183 3550 5257 ὑπακούῃ

1957 5264 2036 5333 τῷ
2072 5265 2192 5335 ἴσῳ.
2246 5260 2419 5316 Τοῦτο
2448 5257 2540 5315 οὖν
2571 5263 2666 5314 καὶ
2697 5262 2859 5327 αὐτὸς
2892 5264 3106 5327 δεικνὺς
3134 5263 3312 5335 λέγει’
3353 5269 3458 5335 Ὃς
3480 5270 3553 5322 ἐν

1952 5346 2158 5418 μορφῇ
2190 5346 2343 5401 Θεοῦ
2374 5346 2665 5417 ὑπάρχων
2689 5350 2804 5417 οὐχ
2837 5347 3154 5419 ἁρπαγμόν
3180 5349 3453 5420 ἡγήσατο
3483 5354 3550 5407 τὸ

1957 5429 2111 5488 εἶναι
2141 5433 2249 5487 ἴσα
2279 5431 2423 5499 Θεῷ.
2450 5434 2589 5488 ἀλλ’
2623 5432 2842 5487 ἑαυτὸν
2861 5434 3125 5488 ἑκένωσε
3147 5436 3393 5506 μορφὴν
3419 5437 3551 5493 δού-

1956 5520 2072 5572 λου
2097 5515 2318 5572 λαϐὼν.
2362 5516 2427 5569 Τί
2461 5518 2609 5571 ἐστιν
2631 5555 2646 5581 ,
2687 5518 2809 5585 Οὐχ
2839 5517 3155 5588 ἁρπαγμὸν
3175 5518 3454 5589 ἡγήσατο
3482 5522 3550 5576 τὸ

1956 5599 2111 5657 εἶναι
2129 5602 2237 5655 ἶσα
2252 5598 2395 5667 Θεῷ,
2411 5601 2549 5656 ἀλλ’
2564 5600 2784 5654 ἑαυτὸν
2794 5600 3055 5654 ἐκένωσε
3064 5600 3312 5673 μορφὴν
3322 5602 3549 5659 δούλου

1955 5686 2198 5751 λαϐών;
2249 5686 2306 5739 Ὀ
2333 5685 2590 5757 ἀρπάσας
2617 5689 2670 5738 τι
2708 5684 2818 5738 τῶν
2854 5684 2929 5756 μὴ
2976 5687 3364 5756 προσηκόντων
3414 5705 3549 5743 κατ-

1960 5772 2074 5842 ἐχει
2104 5770 2262 5828 τοῦτο
2285 5770 2547 5846 διηνεκῶς
2577 5769 2670 5824 καὶ
2692 5768 2989 5824 ἀποθέσθαι
3023 5771 3123 5825 οὐκ
3141 5771 3207 5826 ἂν
3240 5772 3433 5837 ἕλοιτο,
3463 5773 3552 5830 δε·-

1956 5855 2151 5921 δοικὼς
2176 5857 2268 5911 καὶ
2299 5854 2523 5929 θαρρεῖν
2551 5855 2651 5910 οὐκ
2698 5854 2836 5926 ἔχων
2871 5855 3011 5930 ὑπὲρ
3040 5857 3147 5929 τῆς
3189 5858 3434 5931 κτήσεως
3456 5873 3473 5889 ’
3516 5862 3546 5911 6
