3918 6376
467 308 570 364 793

461 428 519 485 δὲ
552 429 912 563 ἒαφαίρετον
954 429 1092 504 ἔχων
1139 431 1362 501 ἀγαθὸν,
1402 432 1502 487 κᾶν
1532 431 1860 505 ἀποκρύπτῃ
1888 433 2048 490 τοῦτο

465 511 526 563 οὐ
612 510 812 563 δοικεν.
1158 526 1163 529 '

465 511 526 563 οὐ
553 510 812 567 δέδοικεν.
1158 526 1163 529 ⁷

534 658 682 729 Οῒον,
726 664 812 718 ῖνα
853 664 948 719 καὶ
975 665 1068 718 ἐπὶ
1101 663 1493 734 ὐποδείγματος
1536 664 1748 735 ποιήσω
1778 664 1870 718 τὸν
1893 663 2051 733 λόγον

461 748 719 821 φανερὸν,
769 746 912 802 ἐστω
954 764 1040 811 τις
1072 746 1166 807 τοῦ
1196 745 1383 810 αὐτοῦ,
1429 748 1459 805 6
1499 746 1596 819 μὲν
1628 746 1864 819 οἰκέτης,
1911 749 1943 801 6
1991 748 2049 803 δὲ

462 830 577 894 υίός
600 847 615 862 ο
659 830 755 885 ἐὰν
778 824 874 886 οὖν
900 832 931 886 6
956 831 1176 902 οἰκέτης
1202 829 1516 901 ἐλευθερίαν
1562 829 1840 903 ἀναϐοήσῃ
1870 830 2048 905 μηδα-

463 915 636 985 μόθεν
661 914 814 985 αὐτῷ
841 915 1246 986 προσήκουσαν,
1275 913 1426 986 [558]
1454 914 1550 970 καὶ
1575 914 1945 986 ἀντικαταστῇ
1968 912 2047 984 τῷ

459 1000 715 1072 δεσπότῃ,
753 1000 853 1070 οὐχ
913 996 1176 1068 ὑπομένει
1230 1015 1287 1053 τι
1338 999 1565 1070 ποιῆσαι
1609 998 1881 1071 δουλικὸν,
1926 999 2047 1052 οὐδὲ

458 1082 879 1154 ἐπιταττόμενος
904 1080 1194 1147 ὑπακούει,
1221 1080 1479 1146 δεδοικὼς
1505 1081 1585 1154 μὴ
1616 1081 1779 1137 τοῦτο
1816 1081 1949 1136 αὐτὸ
1976 1083 2043 1154 τῇ

456 1164 738 1237 ἐλευθερία
763 1163 1094 1236 λυμήνηται,
1241 1164 1579 1237 πρόσκομμα
1619 1162 1775 1237 αὐτῷ
1814 1164 1877 1220 τὸ
1927 1163 2047 1221 ἐπί-

454 1264 642 1321 ταγμα
668 1246 998 1320 ἐργάσηται·
1024 1247 1267 1320 ’ἥρπασε
1286 1247 1393 1320 γὰρ
1422 1249 1521 1320 τὴν
1553 1248 1745 1321 τιμὴνι
1774 1248 1870 1303 καὶ
1894 1248 2047 1323 παρὰ

453 1328 612 1397 ἀξίαν
652 1328 788 1402 ἔχει.
855 1329 915 1391 '0
965 1329 1026 1383 δὲ
1061 1329 1177 1395 υίὸς
1204 1331 1268 1384 οὐ
1308 1331 1706 1404 παραιτήσεται
1733 1331 2044 1387 ἐπιτελέσαι

455 1414 566 1469 πᾶν
597 1413 761 1487 ἔργον
787 1414 1056 1481 δουλικὸν,
1088 1413 1247 1481 εἰδὼς
1286 1413 1369 1470 ὅτι
1410 1414 1518 1470 κᾶν
1555 1414 1773 1475 ἅπαντα
1796 1414 2047 1491 διακονή-

455 1514 621 1570 σηται
651 1497 724 1553 τά
752 1497 864 1553 τῶν
890 1497 1111 1565 δούλων,
1142 1497 1294 1552 οὐδὲν
1323 1497 1473 1569 αὐτῷ
1499 1497 1571 1553 τὰ
1594 1500 1701 1571 τῆς
1729 1496 2046 1572 ἐλευθερίας

453 1581 931 1655 παραϐέϐλαπται,
990 1581 1108 1637 ἀλλ’
1157 1581 1393 1653 ἀκίνητα
1453 1582 1633 1654 μένει,
1668 1582 1771 1654 τῆς
1809 1583 2049 1656 φυσικῆς

453 1666 732 1736 εὐγενείας
760 1665 1114 1737 ἀναιρεθῆναι
1154 1664 1235 1736 μὴ
1263 1665 1570 1738 δυναμένης
1600 1665 1717 1720 ἀπο
1737 1666 1845 1727 τῶν
1871 1666 2046 1723 δουλι-

451 1747 567 1808 κῶν
599 1746 778 1820 ἔργων
797 1765 817 1787 ο-
851 1748 1155 1821 ἐπειδήπερ
1200 1748 1305 1803 οὐκ
1335 1746 1396 1815 ἐξ
1427 1749 1681 1821 ἁρπαγῆς
1715 1749 1889 1826 αὐτὴν.
1907 1750 2047 1826 ἔχει,

451 1831 710 1903 καθάπερ
755 1834 785 1886 6
829 1831 1070 1902 οἰκέτης,
1131 1830 1246 1885 ἀλλ’
1300 1830 1507 1895 ἀνωθεν
1553 1832 1649 1885 καὶ
1701 1833 1769 1891 ἐκ
1817 1831 2045 1906 πρώτης

449 1917 602 1987 αὐτῷ
650 1915 1139 1987 συγκληρυθεΞσαν
1194 1916 1431 1987 ἡμέρας.
1497 1915 1671 1981 Τοῦτο
1721 1912 1815 1972 οὖν
1873 1918 1973 1973 καὶ
2015 1921 2047 1973 6

449 2000 663 2065 Παῦλος
705 1999 882 2072 δηλῶν
924 2000 1180 2078 περὶτοῦ
1206 1999 1447 2071 Χριστοῦ
1492 2017 1683 2077 φησιν,
1727 2002 1811 2056 ὅτι
1853 2002 2047 2078 ἐπειδὴ

448 2081 611 2154 φύσει
646 2081 931 2154 ἐλεύθερος
970 2077 1039 2153 ἦν
1072 2082 1168 2139 καὶ
1205 2083 1431 2154 γνήσιος
1466 2082 1601 2149 υἱὸς,
1634 2085 1733 2158 οὐχ
1765 2084 1841 2149 ῶς
1862 2086 2043 2158 ἁρπα-

448 2166 559 2239 γὴν
580 2158 765 2225 λαϐὼν
803 2166 905 2237 τὴν
948 2165 1192 2237 ἰσότητα,
1232 2165 1458 2237 ἐδέησεν
1494 2166 1665 2240 αὐτὴν
1701 2168 2038 2243 ἀποκρύψαι,

446 2247 588 2303 ἀλλά
613 2248 837 2322 θαρρῶν
868 2246 1098 2305 ἀνέλαϐε
1120 2249 1220 2321 τὴν
1239 2248 1431 2302 δούλου
1456 2251 1696 2322 μορφήν.
1723 2251 1880 2324 ’ῌδει
1908 2253 2039 2324 γὰρ,

446 2332 566 2406 ᾔδει
609 2332 821 2402 σαφῶς,
877 2333 959 2387 ὅτι
992 2334 1027 2404 ἡ
1078 2332 1487 2401 συγκατάϐασις
1535 2333 1689 2388 οὐδὲν
1721 2334 1889 2389 αὐτοῦ
1940 2336 2040 2407 τὴν

445 2416 605 2483 δόξαν
647 2415 951 2471 ἐλαττῶσαι
976 2416 1294 2488 δυνήσεται·
1349 2417 1410 2470 οὐ
1455 2418 1566 2489 γὰρ
1598 2418 1922 2484 ἐπείσακτος
1948 2414 2038 2491 ῆν,

444 2501 568 2559 οὐδέ
597 2500 742 2556 κατά
766 2501 1024 2572 ἁρπαγὴν
1062 2500 1296 2568 δοθεῖσα,
1358 2500 1481 2557 οὐδὲ
1521 2500 1777 2572 ἀλλοτρία
1828 2505 1926 2559 καὶ
1959 2504 2036 2576 μὴ

444 2587 823 2659 προσήκουσαι,
850 2584 986 2640 ἀλλά
1008 2585 1210 2656 φυσικὴ
1239 2586 1332 2639 καὶ
1358 2585 1582 2656 γνησία.
1614 2587 1714 2641 Διά
1740 2587 1901 2642 τοῦτο
1923 2589 2038 2644 δού-

444 2667 541 2735 λου
585 2668 802 2743 μορφὴν
850 2666 1060 2733 ἐλαϐεν,
1107 2668 1266 2731 εἰδὼς
1291 2668 1477 2738 σαφῶς
1524 2670 1618 2723 καὶ
1650 2672 2036 2744 πεπεισμένος,

442 2755 528 2821 δτι
552 2755 709 2811 οὐδὲν
735 2754 899 2809 αὐτὸν
925 2753 1085 2809 τοῦτο
1117 2753 1478 2826 παραϐλάψαι
1521 2755 1837 2827 δυνήσεται.
1887 2759 2033 2813 Οὐκ-

443 2840 542 2896 οῦν
574 2839 695 2905 οὐδὲ
763 2839 1135 2911 παρέϐλαψεν,
1183 2838 1321 2897 ἀλλά
1356 2839 1449 2897 καὶ
1498 2840 1557 2892 ἐν
1610 2843 1681 2912 τῇ
1722 2839 1818 2895 τοῦ
1848 2841 2038 2899 δούλου

447 2925 639 2997 μορφῇ
658 2923 760 2996 τὴν
791 2922 966 2995 αὐτὴν.
998 2922 1181 2994 ἐμεινε
1225 2921 1390 2986 δόξαν
1427 2921 1587 2994 ἔχων.
1643 2924 1806 2996 Ὁρᾷς
1835 2926 1919 2981 ὃτι
1945 2930 2039 2982 καὶ

443 3005 579 3062 αὐτύ
604 3006 666 3060 τὸ
710 3005 891 3079 σάρκα
921 3005 1212 3061 ἀναλαϐεῖν
1255 3005 1482 3077 σημεῖόν
1507 3006 1625 3060 ἐστι
1661 3007 1757 3061 τοῦ
1790 3008 1881 3062 τὸν
1909 3009 2039 3065 Υίὸν

445 3080 565 3144 ἴσον
587 3084 728 3144 εἶναι
755 3089 834 3160 τῷ
860 3088 1233 3162 γεγεννηκότι,
1269 3089 1365 3145 καὶ
1400 3087 1493 3142 τοῦ
1523 3089 1622 3162 τὴν
1655 3091 1879 3162 ἰσότητα
1906 3093 2040 3147 ταύ-

440 3188 544 3246 την
563 3172 665 3229 οὐκ
689 3174 1012 3229 ἐπείσακτον
1036 3169 1197 3251 εἶναι,
1223 3171 1343 3233 οὐδὲ
1373 3173 1759 3247 ἐπιγινομένην
1779 3177 1874 3231 καὶ⁵
1902 3178 2039 3232 ἀπο-
2076 3214 2079 3217 λ

442 3254 756 3331 γινομένην,
787 3255 902 3313 ἀλλ’
925 3256 1183 3328 ἀκίνητον
1218 3256 1315 3310 καὶ
1343 3254 1592 3325 βεϐαίαν,
1629 3259 1723 3314 καὶ¹
1745 3260 1864 3323 οἵαν
1889 3261 2038 3327 εἰκὸς

445 3341 593 3411 Ιχειν
620 3338 735 3394 υἱὸν
769 3338 909 3411 πρὸς
941 3339 1193 3409 atate-59a;

512 3492 580 3560 ζ’.
610 3493 780 3549 Ταῦτ’
815 3490 908 3561 οὖν
940 3495 1157 3550 ἅπαντα
1191 3496 1326 3570 πρὸς
1354 3498 1599 3563 ἐκείνους
1628 3497 1909 3572 λέγωμεν,
1941 3504 2036 3557 καὶ¹

442 3577 865 3650 σπουδάζωμεν,
901 3578 964 3632 τό
994 3596 1058 3649 γε
1089 3581 1170 3644 είς
1195 3581 1344 3652 ἡμᾶς
1374 3576 1530 3653 ἧκον.
1566 3581 1802 3652 ἀπάγειν
1834 3586 2036 3651 αὐτοὺς

442 3661 548 3733 τῆς
589 3663 837 3741 πτένηρᾶς
866 3661 1083 3733 ἐκείνης
1134 3661 1420 3734 αίρέσεως.
1476 3664 1572 3718 καὶ
1600 3664 1739 3736 πρὸς
1773 3666 1875 3740 τὴν
1898 3667 2035 3741 ἀλή-

441 3744 596 3800 θειαν
627 3733 945 3813 ἐπανάγειν.
979 3744 1087 3799 Kal
1124 3733 1287 3817 ἡμεῖς
1326 3746 1386 3798 δὲ
1422 3747 1578 3801 αὐτοὶ
1609 3733 1684 3820 μὴ
1708 3748 1807 3822 τὴν
1829 3733 2039 3804 ’πίστὶν

444 3826 617 3905 μόνην
645 3827 836 3900 ἀρκεῖν
879 3830 1013 3900 ἡμῖν
1057 3828 1196 3895 πρὸς
1229 3829 1504 3902 σωτηρίαν
1533 3831 1866 3903 νομίζωμεν,
1897 3833 2061 3888 ἀλλά

441 3913 543 3975 ml
566 3912 842 3977 πολιτείας
870 3911 1278 3985 ἐπιμελώμεθα,
1314 3915 1411 3969 καὶ
1439 3914 1551 3984 βίον
1575 3918 1796 3984 ἄριστον
1823 3919 2028 3974 ἐπιδει-

441 3994 689 4073 ξώμεθα,
724 3995 791 4053 ἵν’
816 3997 1160 4073 ἑκατέρωθεν
1200 3998 1333 4069 ημῖν
1357 3998 1743 4071 ἀπηρτισμένα
1832 4003 1900 4057 τὰ
1929 4003 2033 4075 τῆς

437 4077 730 4149 ὠφελείας.
769 4078 879 4133 Kal
900 4078 928 4133 ὅ
967 4080 1320 4152 παρεκάλεσα
1351 4081 1565 4154 πρῴην,
1600 4081 1759 4137 τοῦτο
1789 4084 1885 4139 καὶ
1912 4084 2029 4154 νῦν,

437 4158 581 4216 ὥστε.
617 4163 985 4236 κατορθῶσαι,
1033 4162 1337 4236 παρακαλῶ
1360 4181 1373 4195 ·
1420 4165 1518 4219 καὶ
1560 4165 1661 4230 τάς
1699 4167 1837 4239 πρὸς
1867 4169 2032 4242 ἀλλή-

435 4244 564 4312 λους
589 4246 792 4319 ἐχθρας
821 4247 1247 4320 καταλύσωμεν,
1291 4248 1387 4303 καὶ
1424 4250 1553 4320 μιᾶς
1594 4250 1805 4323 ἡμέρας
1836 4254 2030 4324 μηδεὶς

434 4330 603 4385 πλέον
626 4330 769 4387 ἔστω
794 4331 892 4386 τοῦ
919 4331 1149 4404 πλησίον
1179 4332 1393 4406 ἐχθρδς,
1415 4333 1550 4393 ἀλλά
1581 4334 1689 4406 πρὸ
1715 4335 1811 4406 τῆς
1835 4339 2030 4405 νυκτὸς

434 4412 755 4468 καταλυέτω
786 4414 888 4486 τὴν
931 4415 1124 4488 ὀργὴν,
1166 4416 1258 4470 ἵνα
1294 4415 1369 4488 μὴ
1416 4416 1540 4471 καθ’
1570 4417 1764 4473 ἐαυτὸν
1796 4419 2027 4493 γενόμε-

434 4512 548 4561 νος,
593 4496 689 4550 καὶ
717 4496 789 4551 τά
818 4499 1163 4577 γεγενημένα
1206 4500 1301 4555 xal
1325 4499 1396 4552 τά
1438 4502 1709 4574 εἰρημένα
1736 4503 1889 4577 παρά
1924 4505 2027 4577 τῆς

435 4576 636 4651 ἔχθρας
678 4576 953 4650 συλλέγων
994 4580 1133 4652 μετὰ
1189 4581 1497 4654 ἀκριϐείας,
1537 4576 1918 4659 χαλεπώτερον
1964 4588 2028 4642 τὸ

432 4659 589 4726 τέλος
612 4662 940 4734 ἐργάσηται,
967 4664 1062 4717 καὶ
1093 4664 1504 4739 δυσκολωτέραν
1533 4669 1733 4741 ποιήσῃ
1759 4670 1860 4742 τὴν
1887 4688 2023 4725 κατ-

433 4744 697 4819 αλλαγήν.
750 4746 1016 4820 Καθάπερ
1042 4748 1153 4819 γὰρ
1184 4749 1253 4803 τά
1290 4748 1386 4804 τοῦ
1418 4750 1671 4823 σώματος
1709 4755 1867 4826 ἡμῶν
1891 4756 2026 4812 ὀστᾶ

433 4827 861 4901 ἐξολισθήσαντα
883 4831 986 4901 τῆς
1011 4832 1219 4895 οἰκείας
1252 4831 1433 4904 ἐδρας,
1465 4833 1532 4888 ἂν
1564 4836 1664 4907 μὲν
1696 4836 1901 4902 εὐθέως
1925 4840 2026 4893 ἐπ-

433 4913 730 4985 ανάγηται,
752 4914 819 4967 οὐ
850 4915 991 4986 μετά
1011 4914 1207 4968 πολλοῦ
1230 4915 1394 4969 πόνου
1421 4917 1522 4988 τὴν
1544 4918 1749 4972 οίκείαν
1773 4920 2023 4991 ἀπολαμ-

432 4995 586 5051 ϐάνει
614 4996 800 5071 χώραν
819 5014 834 5028 ο
863 4997 931 5052 ἂν
955 4998 1012 5051 δὲ
1038 4999 1206 5053 πολὺν
1227 4998 1333 5064 ἔξω
1358 4999 1459 5071 τῆς
1489 5001 1694 5065 οἰκείας
1719 5002 1881 5076 ἕδρας
1909 5006 2023 5074 μεί-

429 5095 497 5149 νῃ
526 5078 738 5160 χρόνον,
785 5078 1061 5146 δυσκόλως
1083 5083 1443 5155 ἐπανέρχεται
1460 5082 1620 5139 πάλιν
1644 5085 1738 5139 καὶ
1764 5088 1900 5159 πρὸς
1921 5089 2021 5160 τὴν

429 5156 639 5218 οἰκείαν
668 5162 919 5220 ἐπάνεισι
954 5165 1158 5243 χώραν,
1190 5169 1283 5220 καὶ
1315 5168 1690 5240 ἐπαναχθέντα
1717 5169 1777 5222 δὲ
1810 5156 2019 5227 πολλῶν

430 5243 600 5298 δεῖται
620 5246 731 5301 τῶν
752 5249 997 5321 ἡμερῶν,
1027 5249 1168 5304 ὥστε
1190 5251 1537 5323 ἁρμοσθῆναι
1569 5253 1706 5324 μετά
1732 5255 2019 5325 ἀκριϐείας

429 5330 528 5381 καὶ⁵
558 5328 886 5402 ἑδρασθῆναι
921 5335 1018 5388 xal
1051 5337 1233 5406 μεῖναι
1260 5352 1275 5366 ο
1316 5335 1460 5395 οὕτω
1502 5337 1568 5409 δὴ
1597 5337 1694 5392 καὶ
1728 5340 1910 5408 ἡμεῖς,
1948 5340 2017 5394 ἂν

432 5411 534 5475 μὲν
562 5413 764 5478 εὐθέως
802 5416 915 5477 τοῖς
946 5418 1160 5490 ἐχθροῖς
1207 5419 1659 5490 καταλλαγῶμεν,
1688 5422 1924 5488 εὐθέτως
1954 5442 2015 5477 τε

428 5495 587 5578 ⁶τοῦτο
630 5494 914 5570 ποιοῦμεν,
967 5503 1064 5557 καὶ
1109 5503 1172 5555 οὐ
1228 5502 1431 5576 πολλῆς
1474 5504 1708 5575 δεόμεθα
1753 5508 2012 5578 σπουδῆς,

429 5575 571 5659 ῶστε
603 5583 685 5645 είς
712 5582 810 5653 τὴν
839 5584 1073 5659 ἀρχαίαν
1100 5585 1283 5655 φιλίαν
1315 5586 1664 5642 ἐπανελθεῖν·
1704 5588 1802 5642 ἐὰν
1833 5590 1891 5643 δὲ
1917 5575 2016 5645 πο-

429 5656 527 5747 λξις
551 5665 758 5747 μεταξὺ
783 5656 1008 5740 γένηται
1045 5671 1258 5741 χρόνος,
1288 5669 1476 5744 ὥσπερ
1496 5672 1869 5742 τυφλωθέντες
1903 5674 2012 5729 ἀπὸ

431 5740 523 5806 τῆς
549 5740 768 5817 ἔχθρας,
786 5740 1146 5825 ἐρυθριῶμεν,
1174 5740 1556 5827 αἰσχυνόμεθα,
1578 5740 1789 5829 ήέτέρων
1819 5758 2008 5828 δεόμε-

1118 314 1158 369 S
1216 313 1502 375 JOANMS
1534 316 2031 379 CHRYSOSTOMI
2067 318 2384 382 ARCHIEP.
2430 328 2979 391 CONSTANTINOP.

3606 344 3703 403 796

2157 437 2248 503 θα,
2294 443 2512 522 οὑ-τῶν
2560 449 2903 519 συναγόντων
2953 451 3008 506 δέ
3064 452 3250 523 μόνον,
3287 452 3441 530 [539]
3469 459 3603 514 ἀλλά
3631 464 3716 517 καὶ

2149 532 2261 588 τῶν
2290 537 2430 607 μετά
2451 539 2554 612 τὴν
2583 542 2844 599 ἐπάνοδον
2864 544 3206 613 κατεχόντων
3234 547 3381 618 ἡμᾶς
3405 548 3542 620 μετά
3568 552 3715 625 ἀκρι-

2151 625 2323 691 ϐείας,
2354 628 2461 695 ἕως
2483 631 2554 686 ἂν
2576 632 2676 706 τὴν
2699 635 2975 707 προτέραν
3007 636 3368 710 ἀναλάϐωμεν
3400 643 3716 715 παρρησίαν.

2150 717 2256 772 Kal
2284 718 2438 776 οὐπω
2464 722 2611 794 λέγω
2645 726 2740 780 τὸν
2778 727 2990 797 γέλωτα
3032 730 3128 784 καὶ
3154 728 3256 802 τὴν
3278 717 3565 804 αἰσχύνην.
3621 737 3717 793 Πό-

2150 827 2250 884 σης
2276 812 2386 887 γάρ
2429 817 2827 889 καταγνώσεως
2866 820 3015 891 ἀξιον
3044 822 3145 875 οὐκ
3167 822 3235 878 ἀν
3263 824 3373 899 εἴη,
3401 825 3598 899 ἐτέρων
3621 829 3717 885 δεῖ·

2149 903 2274 958 σθαι
2296 906 2404 961 τῶν
2434 908 2779 977 συναγόντων
2818 910 2967 982 ἡμᾶς
3000 913 3140 984 πρὸς
3164 913 3233 969 τά
3264 916 3510 990 ἡμέτερα
3554 919 3715 993 μέλης

2147 998 2225 1051 Οὐ
2249 998 2408 1083 τοῦτο
2438 998 2497 1054 δὲ
2531 1001 2691 1072 μόνον
2713 1003 2925 1073 γίνεται
2963 1006 3026 1061 τὸ
3056 1006 3231 1062 δεινὸν
3265 1010 3331 1080 τῇ
3358 1008 3609 1083 μελλήσει
3633 1015 3718 1068 καὶ

2146 1083 2212 1153 τῇ
2238 1081 2497 1156 ἀναϐολῇ,
2550 1083 2668 1139 ἀλλ’
2711 1087 2795 1141 ὅτι
2824 1087 2921 1142 καὶ
2949 1088 3018 1145 τά
3056 1089 3163 1151 οὐκ,
3184 1090 3312 1153 ϐντα
3336 1081 3716 1167 ἁμαρτήματα,

2147 1174 2521 1249 ἁμαρτήματα
2544 1173 2681 1235 εἶναι
2708 1180 2858 1235 δοκεῖ
2882 1180 3069 1236 λοιπόν
3090 1200 3106 1217 θ
3156 1183 3262 1239 κάν
3285 1185 3469 1241 ὁτιοῦν
3492 1188 3520 1243 6
3542 1189 3717 1262 ἐχθρὸς

2146 1266 2467 1341 φθέγξηται,
2492 1272 2674 1327 πάντα
2704 1266 2825 1345 μεθ’
2872 1274 3110 1345 ὑποψίας
3138 1275 3431 1349 δεχόμεθα,
3480 1280 3575 1334 καὶ
3600 1283 3718 1356 σχήο

2147 1379 2316 1434 ματα,
2330 1363 2426 1419 καὶ
2447 1363 2761 1436 βλέμματα,
2784 1366 2880 1421 καὶ⁵
2902 1368 3110 1440 φωνην,
3125 1369 3220 1425 καὶ
3241 1368 3456 1441 βάδισιν
3475 1387 3491 1402 ο
3513 1370 3717 1448 καὶγὰρ

2143 1455 2419 1528 ὁρώμενος
2455 1457 2753 1528 ἀναφλέγει
2789 1458 2891 1530 τὴν
2933 1462 3361 1535 πεπηρωμένην
3401 1462 3599 1537 ψυχὴν,
3629 1466 3716 1522 καὶ

2142 1547 2243 1619 οὐχ
2271 1548 2548 1622 ὁρώμενος
2575 1549 2780 1623 ὁμοίως
2804 1550 2970 1605 πάλιν
3001 1551 3183 1607 λυπεῖ.
3229 1555 3306 1609 Οὐ
3346 1555 3459 1628 γὰρ
3480 1555 3545 1630 δή
3572 1556 3717 1629 μόνον

2142 1640 2178 1711 ή
2208 1639 2333 1712 ὄψις
2379 1641 2489 1697 τῶν
2538 1643 2903 1714 ἠδικηκότων,
2934 1642 3073 1700 ἀλλά
3122 1646 3220 1701 καὶ
3269 1648 3308 1719 ἡ
3341 1649 3526 1721 μνήμη
3553 1648 3714 1721 διηνε-

2144 1735 2259 1800 κῶς
2288 1736 2439 1807 ήμάς
2481 1736 2674 1810 ὀδυνᾷν
2717 1736 2900 1802 είωθε,
2950 1736 3054 1793 κᾶν
3090 1740 3282 1811 ἐτέρου
3312 1758 3369 1795 τι
3398 1742 3527 1813 περὶ
3564 1741 3715 1797 αὐτοῦ

2144 1826 2396 1896 λέγοντος
2422 1826 2766 1902 ἀκούσωμεν,
2799 1830 3004 1902 ὁμοίως
3048 1832 3401 1905 φθεγγόμεθα
3433 1833 3608 1902 πάλιν,
3629 1833 3717 1888 καὶ

2145 1919 2324 1974 πάντα
2379 1919 2569 1985 ἅπλῶς
2611 1920 2705 1975 τὸν
2756 1920 2874 2003 βίον
2916 1925 2974 1979 ἐν
3019 1923 3231 1998 ἀθυμία
3284 1926 3383 1980 καὶ
3436 1926 3593 2001 ὀδύνῃ
3643 1926 3713 1980 δι-

2143 2014 2372 2085 άγομεν,
2410 2013 2635 2084 μείζονα
2672 2016 2887 2080 ἐαυτοῖς
2925 2015 2960 2087 ἢ
2995 2017 3227 2082 ἐκείνοις
3270 2018 3623 2093 ἐργαζόμενοι
3653 2019 3712 2073 τά

2143 2107 2326 2172 κακά,
2388 2107 2483 2162 καὶ
2518 2106 2743 2178 διηνεκῆ
2793 2107 3034 2181 πόλεμον
3090 2110 3457 2181 φυλάττοντες
3504 2111 3593 2167 ἐπὶ
3625 2109 3711 2182 τῆς

2143 2197 2348 2271 ψυχῆς⁸

2213 2332 2381 2388 Ταῦτ’
2407 2328 2502 2388 οὖν
2535 2333 2752 2390 ᾶπαντα
2774 2333 2999 2403 ειδότες,
3040 2335 3345 2409 ἀγαπητοὶ,
3382 2337 3608 2407 μάλιστα
3627 2339 3711 2410 μὲν

2146 2424 2536 2499 σπουδάζωμεν
2567 2427 2706 2500 πρὸς
2740 2427 2946 2501 μηδένα
2980 2426 3240 2500 ἀπεχθῶς
3268 2427 3455 2500 ἔχειν’
3474 2431 3524 2483 εί
3548 2430 3603 2484 δέ
3629 2432 3712 2484 καὶ

2141 2519 2373 2591 γένηταί
2414 2538 2499 2586 τις
2528 2520 2818 2593 ἀπέχθεια,
2869 2523 2929 2577 ἐν
2962 2523 3107 2595 αὐτῇ
3132 2522 3628 2596 καταλλαττώμεθα
3651 2523 3711 2593 τῇ

2141 2611 2346 2686 ἡμέρᾳ.
2382 2613 2481 2667 Ἂν
2522 2612 2633 2685 γὰρ
2680 2613 3011 2686 ἐπιλάϐηται
3043 2614 3313 2685 δευτέρας
3365 2616 3461 2670 καὶ
3504 2615 3710 2687 τρίτης,

2138 2707 2352 2777 γίνεται
2382 2705 2594 2777 ταχέως
2618 2708 2655 2777 ή
2683 2706 2847 2777 τρίτη
2872 2707 3138 2780 τετάρτη,
3189 2708 3427 2781 κάκείνη
3476 2708 3708 2780 πέμπτη,

2142 2799 2240 2854 καὶ
2269 2798 2408 2871 αὐτὴ
2435 2797 2620 2871 πολλῷ
2645 2799 2869 2864 πλείους
2911 2798 3132 2866 τέξεται
3161 2800 3336 2857 πάλιν
3366 2803 3576 2874 ἡμέρας
3618 2802 3709 2856 ἀπ-

2139 2891 2356 2964 εχθείας
2374 2894 2528 2965 ἡμῖν’
2553 2893 2665 2962 ὅσῳ
2689 2891 2800 2965 γὰρ
2817 2893 3507 2971 ἀναϐαλλόμεθα,τοσούτῳ
3535 2894 3714 2965 μᾶλλον

2140 2984 2506 3058 ἐρυθριῶμεν.
2545 2982 2687 3037 Ἀλλ’
2718 2982 2952 3057 αίσχύνη
2978 2985 3308 3056 προσελθεῖν
3328 3027 3343 3052 ,
3381 2987 3478 3041 καὶ
3503 3002 3712 3054 καταφιο

2139 3075 2302 3148 λῆσαι
2328 3075 2422 3131 τδν
2448 3075 2749 3149 ἠδικηκότα
2772 3093 2789 3142 ;

2212 3259 2384 3316 Τοῦτο
2426 3259 2527 3331 μέν
2582 3255 2678 3314 οὖν
2729 3258 2972 3324 ἔπαινος,
3028 3259 3187 3314 τοῦτο
3240 3261 3523 3332 στέφανος,
3566 3261 3707 3317 τοῦτο

2138 3351 2438 3424 ἐγκώμιον,
2466 3351 2628 3405 τοῦτο
2678 3351 2875 3426 κέρδος
2923 3353 3020 3407 καὶ
3069 3352 3353 3427 θησαυρὸς
3393 3356 3558 3427 μυρία
3582 3355 3705 3425 ἔχων

2136 3448 2321 3519 ἀγαθά
2337 3466 2351 3479 ·
2382 3448 2479 3504 καί
2497 3447 2660 3511 αὐτός
2682 3463 2742 3501 σε
2771 3446 2801 3500 6
2825 3444 3021 3519 ἐχθρὸς
3038 3446 3387 3514 ἀποδέξεται,
3403 3449 3495 3501 καῖ
3514 3450 3560 3501 οί
3581 3463 3705 3518 παρ-

2137 3543 2289 3607 όντες
2316 3541 2558 3604 ἅπαντες
2578 3538 2981 3606 ἐπαινέσονται,
3018 3537 3120 3593 κᾶν
3161 3538 3446 3610 ἄνθρωποι
3467 3539 3523 3594 δὲ
3554 3542 3704 3608 ἐγκα-

2135 3634 2386 3697 λέσωσιν,
2414 3632 2446 3684 6
2472 3630 2606 3695 Θεδς
2633 3628 2971 3700 στεφανώσει
2998 3629 3240 3695 πάντως.
3283 3633 3383 3686 Ἂν
3419 3631 3476 3686 δὲ
3516 3631 3704 3684 ἐκεῖνον

2138 3729 2405 3801 πρότερον
2449 3723 2751 3796 ἀναμείνῃς
2774 3722 2950 3777 ἐλθεῖν
2973 3722 3068 3777 καὶ
3098 3722 3435 3803 συγγνώμην
3468 3723 3700 3794 αἰτῆσαι,

2133 3823 2195 3875 οὐ
2224 3819 2480 3875 τοσοῦτον
2521 3816 2665 3883 ἐξεις
2697 3815 2760 3869 τὸ
2788 3814 2983 3887 κέρδος
3004 3830 3020 3846 ·
3055 3816 3268 3879 ἐκεῖνος
3301 3815 3408 3888 γὰρ
3440 3813 3704 3889 προλαϐὼν

2136 3915 2198 3970 τὸ
2229 3911 2483 3986 βραϐεῖον
2524 3909 2767 3981 ῆρπασε,
2816 3906 2913 3960 καὶ
2964 3905 3065 3978 τὴν
3114 3905 3375 3978 εὐλογίαν
3410 3900 3491 3972 ὲίς
3528 3907 3699 3962 ἑαυτὸν

2137 4007 2473 4082 μετέστησεν
2514 4002 2764 4057 ἃπασαν·
2818 3999 2887 4055 ἂν
2916 3999 2975 4053 δὲ
3007 3998 3173 4063 αὐτὸς
3227 3999 3568 4074 προδράμης,
3611 4000 3700 4054 οὐκ

2130 4098 2469 4175 ήλαττώθης,
2496 4095 2614 4151 ἀλλ’
2640 4093 2901 4163 ἐνίκησας
2932 4088 3023 4147 τδν
3052 4089 3246 4163 θυμὸν,
3275 4093 3588 4166 περιεγένου
3614 4088 3698 4145 τοῦ

2130 4192 2361 4259 πάθους,
2396 4187 2717 4262 φιλοσοφίαν
2764 4184 3020 4251 ἐπιδείξω
3053 4184 3260 4256 πολλὴν
3290 4184 3602 4249 ὑπακούσας
3629 4183 3698 4255 τῷ

2130 4284 2270 4357 Θεῷ,
2295 4281 2668 4352 ποθεινότερον
2698 4280 2792 4335 τὸν
2828 4277 2968 4351 μετά
2995 4277 3168 4333 ταῦτα
3199 4279 3541 4351 κατέστησας
3576 4277 3695 4349 βίον,

2132 4376 2474 4451 πραγμάτων
2507 4372 2831 4446 ἀπηλλάγης
2882 4373 2978 4426 καὶ
3002 4370 3275 4445 ταραχῆς.
3313 4374 3390 4427 Οὐ
3416 4372 3565 4446 παρά
3590 4369 3696 4442 Θεῷ

2127 4469 2187 4524 δὲ
2237 4470 2422 4543 μόνον,
2449 4467 2589 4522 ἀλλά
2638 4467 2734 4523 καὶ
2783 4465 2929 4521 κατά
2969 4465 3261 4536 ἄνθρωπον
3308 4465 3570 4539 σφαλερὸν
3612 4466 3695 4520 καὶ

2130 4561 2467 4617 ἐπικίνδυνον
2510 4559 2741 4632 ἐχθροὺς
2787 4558 2934 4629 ἔχειν
2980 4557 3234 4621 πολλούς.
3290 4557 3406 4614 Kal
3461 4559 3516 4614 τί
3566 4558 3696 4629 λέγω

2127 4654 2397 4720 πολλούςς
2438 4653 2536 4708 Eva
2578 4653 2673 4707 καὶ
2705 4651 2867 4724 μόνον
2911 4649 3059 4721 ἐχειν
3108 4650 3305 4722 ἐχθρὸν
3335 4652 3691 4715 ἐπικίνδυνον,

2126 4746 2319 4819 ὥσπερ
2348 4745 2442 4803 οὖν
2464 4745 2707 4818 ἀσφαλὲς
2733 4744 2830 4799 καὶ
2857 4745 3129 4816 σωτήριον
3164 4743 3227 4798 τὸ
3258 4744 3472 4809 πάντας
3506 4742 3693 4813 κεκτῆ-

2128 4841 2255 4897 σθαι
2301 4841 2515 4913 φίλους.
2561 4841 2675 4911 Οὐχ
2729 4838 2876 4893 οὕτω
2921 4836 3229 4909 χρημάτων
3272 4838 3561 4910 πρόσοδος,
3604 4837 3693 4906 οὐχ

2122 4934 2300 5000 οὕτως
2329 4934 2470 4988 ὅπλα
2497 4933 2591 4988 καὶ
2618 4931 2774 5003 τείχη
2804 4930 2901 4985 καὶ
2949 4930 3147 5002 τάφροι
3203 4930 3300 4984 καὶ
3344 4929 3510 5002 μυρία
3544 4929 3692 4999 ἕτερα
3776 4990 3783 4993 ν

2127 5028 2496 5101 μηχανήματα
2520 5026 2667 5097 ἡμᾶς
2710 5022 3107 5094 ἀσφαλίζεσθαι
3153 5023 3415 5092 πέφυκεν,
3452 5022 3526 5086 ὡς
3552 5018 3690 5090 φιλία

2126 5119 2347 5191 γνησία.
2376 5118 2549 5173 Τοῦτο
2569 5121 2768 5189 τεῖχος,
2794 5115 2953 5172 τοῦτο
2975 5117 3268 5188 ἀσφάλεια,
3290 5114 3451 5170 τοῦτο
3487 5129 3688 5187 περιου-

2122 5211 2233 5275 σία,
2264 5210 2423 5266 τοῦτο
2451 5210 2650 5283 τρυφὴ,
2694 5209 2855 5265 τοῦτο
2884 5210 2981 5265 καὶ
3012 5210 3105 5264 τὸν
3135 5209 3379 5282 παρόντα
3404 5208 3516 5279 βίον
3553 5205 3688 5279 ἡμᾶς

2124 5305 2241 5374 μετ’
2287 5302 2558 5375 εὐθυμίας
2611 5301 3026 5377 παρασκευάσει
3078 5301 3396 5371 διαγαγεῖν,
3453 5301 3538 5355 καὶ
3594 5299 3687 5369 τὴν

2124 5395 2424 5465 μέλλουσαν
2449 5400 2721 5469 χαριεῖται
2752 5396 2917 5469 ζωήν.
2963 5395 3151 5466 Ἀπερ
3180 5390 3273 5449 οὖν
3303 5392 3517 5448 ἅπαντα
3553 5393 3686 5448 ἐννο-

2119 5485 2327 5553 οῦντες,
2359 5490 2454 5543 καὶ
2477 5490 2539 5543 τὸ
2564 5489 2752 5563 κέρδος
2785 5491 2909 5545 ὅσον
2941 5490 3052 5544 ἀπὸ
3075 5488 3170 5543 τοῦ
3194 5488 3514 5561 πράγματος
3549 5489 3683 5556 λογι-

2120 5578 2359 5649 ζόμενοι,
2393 5583 2569 5637 πάντα
2606 5583 2852 5655 ποιῶμεν
2880 5585 2976 5638 καὶ
3006 5584 3522 5657 κατασκευάζωμεν,
3552 5583 3679 5638 ὥστε

2119 5672 2365 5737 καὶτοὺς
2392 5675 2553 5739 ὄντας
2581 5675 2810 5748 ἐχθροὺς
2831 5679 2965 5749 ἡμῖν
2991 5676 3365 5734 καταλλάττειν
3385 5719 3400 5742 ,
3445 5673 3532 5729 καὶ
3573 5668 3683 5729 τούς

2128 5764 2426 5836 μέλλοντας
2473 5768 2720 5837 γίνεσθαι
2770 5773 3031 5845 κωλύειν,
3090 5776 3321 5834 καὶτῶν
3371 5777 3537 5851 φίλων
3570 5769 3680 5831 τοὺς
