3918 6382
210 404 315 458 793

211 513 478 585 possidet,
505 508 646 582 quod
670 507 866 564 auferri
898 520 999 563 non
1026 510 1220 574 potest,
1255 499 1378 558 licet
1404 494 1531 553 illud
1551 491 1801 556 occuitct,

210 605 441 661 minime
471 604 640 659 timet.
1652 676 1655 677 ν
1725 666 1737 677 .

282 694 589 753 Similitudo
616 709 649 747 α
675 706 816 747 servo
842 697 886 743 et
910 688 1017 758 ﬁlio
1049 686 1219 739 ducta.
1242 712 1314 726 —-
1343 679 1501 737 Verbi
1529 676 1806 749 gratia,ut

208 787 484 859 exemplis
516 783 657 856 quod
682 783 802 839 dico
830 777 1168 835 manifestum
1192 774 1401 839 evadat,
1429 771 1498 826 sit
1521 768 1803 859 quispiam,

207 856 466 951 ejusdem
494 889 632 932 unus
666 885 873 935 servus,
905 870 1042 925 alter
1069 865 1230 922 ﬁlius.
1256 864 1311 920 Si
1338 878 1466 933 ergo
1493 873 1676 915 servus
1707 856 1803 911 mi-

209 974 360 1028 nime
411 965 820 1026 convenientem
866 962 965 1032 ipsi
1015 959 1312 1016 libertatem
1358 956 1496 1011 elata
1539 967 1670 1008 voce
1705 951 1807 1006 sibi

212 1062 481 1126 vindicet,
523 1072 587 1113 ac
614 1055 831 1112 domino
877 1067 938 1108 se
979 1059 1231 1122 Opponal,
1263 1045 1451 1103 adduci
1484 1060 1586 1099 non
1635 1048 1809 1113 potest

211 1164 269 1209 ut
295 1150 500 1208 servile
529 1146 814 1221 quidquam
848 1151 990 1215 agat,
1021 1155 1194 1211 neque
1225 1136 1503 1209 praeceptis
1529 1135 1805 1201 obtempe-

211 1255 318 1313 rat,
347 1243 559 1301 veritus
586 1256 654 1297 ne
695 1239 799 1295 hoc
845 1237 1018 1308 ipsum
1064 1232 1265 1289 ofﬁciat
1292 1228 1547 1294 libertati,
1577 1235 1632 1281 et
1674 1224 1806 1280 obc-

210 1338 375 1394 diens
404 1340 681 1406 praecepto
701 1330 802 1387 sibi
846 1325 1177 1384 obstaculum
1205 1321 1420 1392 objieiat
1453 1337 1466 1375 :
1494 1318 1690 1388 quippe
1717 1315 1807 1385 qui

214 1429 486 1483 honorem
512 1422 816 1493 arripuerit,
840 1434 904 1474 ac
930 1426 1125 1488 praeter
1149 1414 1457 1484 dignitatem
1503 1406 1807 1479 possideat:

216 1519 363 1574 iilius
390 1525 576 1573 autem
617 1513 810 1571 servile
854 1509 1081 1582 quodvis
1126 1522 1261 1577 opus
1289 1502 1547 1576 perﬁcere
1590 1498 1810 1554 minime

212 1606 516 1674 recusabit,
544 1619 666 1661 cum
694 1603 849 1665 sciat,
890 1598 1095 1655 tametsi
1125 1603 1315 1651 cuncta
1344 1605 1625 1650 servorum
1652 1589 1813 1644 obeat

215 1696 543 1764 ministeria,
595 1694 726 1750 nihil
774 1692 861 1747 illa
904 1704 1056 1745 suam
1102 1687 1398 1741 libertatem
1452 1682 1664 1746 laesura,
1712 1676 1808 1732 sed

214 1791 501 1846 immotam
552 1786 698 1840 illam
745 1794 1170 1853 permansurum,
1219 1790 1343 1830 cum
1389 1787 1551 1842 Opera
1597 1769 1807 1824 servilia

217 1879 454 1936 nativam
474 1876 549 1932 illi
568 1891 671 1931 non
692 1872 895 1944 possint
914 1869 1242 1926 nobilitatem
1261 1863 1470 1921 auferre
1491 1879 1507 1917 :
1528 1859 1670 1932 quod
1690 1872 1808 1915 eam

217 1987 331 2027 non
371 1970 564 2040 rapina
614 1976 816 2038 partam
858 1973 916 2025 nt
942 1975 1132 2017 servus
1173 1958 1385 2022 habeat,
1430 1955 1526 2012 scd
1569 1969 1603 2009 a
1644 1951 1813 2008 mdto

218 2072 470 2134 tempore
498 2069 660 2131 atque
696 2058 765 2117 ab
787 2058 904 2126 ipso
945 2055 1118 2124 primo
1142 2051 1228 2109 die
1271 2046 1557 2104 nativitatis
1582 2043 1811 2114 acquisi—

221 2168 349 2212 tam.
381 2153 502 2209 lloc
530 2151 686 2223 igitur
712 2157 769 2205 et
797 2147 986 2202 Paulus
1016 2144 1254 2200 indicans
1278 2141 1347 2195 de
1374 2138 1586 2195 Christo
1612 2135 1806 2206 inquit:

220 2242 655 2317 quandoquidem
700 2249 886 2294 natura
929 2238 1083 2302 liher,
1112 2243 1167 2290 et
1192 2233 1453 2304 genuinus
1499 2230 1636 2284 filius
1661 2235 1808 2293 erat,

221 2351 324 2390 non
350 2333 509 2405 quasi
538 2330 776 2401 rapinam
798 2327 1152 2399 aequalitatem
1174 2323 1274 2378 sibi
1295 2327 1616 2390 arrogassct,
1641 2318 1809 2388 ipsam

218 2426 401 2483 debuit
447 2422 740 2489 militare,
767 2419 869 2476 sed
906 2417 1135 2473 formam
1177 2414 1318 2470 servi
1347 2410 1676 2467 conﬁdenter
1719 2423 1809 2465 as-

223 2519 471 2590 sumpsit.
494 2516 735 2575 Noverat
753 2512 928 2579 enim,
949 2509 1111 2582 probe
1139 2516 1379 2573 noverat,
1397 2501 1819 2585 condescensio:

223 2625 340 2666 nem
368 2607 603 2681 gloriam
652 2605 750 2675 ipsi
778 2617 929 2659 suam
972 2600 1288 2656 imminuere
1331 2610 1435 2652 non
1466 2609 1621 2665 posse
1646 2609 1660 2645 :
1689 2607 1809 2647 cum

224 2699 445 2755 ascititia
478 2713 587 2753 non
615 2705 784 2758 esset,
817 2707 989 2764 neque
1018 2706 1114 2762 per
1157 2690 1395 2758 rapinam
1439 2685 1680 2757 quazsita,
1712 2698 1811 2739 nec

223 2792 393 2848 aliena
418 2800 478 2846 et
509 2804 615 2843 non
645 2787 874 2857 propria,
907 2783 1001 2839 sed
1031 2780 1285 2837 naturalis
1311 2794 1373 2835 ac
1396 2777 1652 2848 legitima.
1681 2775 1813 2830 Pro-

227 2893 401 2953 pterea
443 2881 590 2937 serui
635 2877 864 2933 formam
908 2872 1214 2941 assumpsit,
1246 2886 1369 2926 cum
1397 2868 1561 2939 probe
1606 2866 1770 2924 sciret
1793 2907 1808 2931 ,

225 2972 428 3044 sibique
479 2968 835 3041 persuaderet
875 2966 1025 3032 fore,
1074 2971 1135 3018 ut
1179 2961 1312 3017 nihil
1354 2960 1456 3016 hoc
1504 2959 1604 3031 ipsi
1634 2966 1815 3029 posset

228 3077 434 3118 nocere.
469 3060 763 3116 Enimvero
787 3056 1090 3112 nullatenus
1116 3053 1316 3118 nocuit,
1347 3050 1441 3107 sed
1470 3059 1523 3106 et
1546 3051 1599 3106 in
1645 3049 1810 3103 forma

225 3154 359 3210 servi
386 3153 639 3210 eamdem
678 3151 901 3222 gloriam
932 3146 1166 3202 retinuit.
1206 3144 1365 3200 Vides
1393 3151 1453 3197 ut
1494 3140 1607 3211 ipsa
1636 3139 1812 3194 carnis

228 3247 521 3318 assumptio
548 3245 621 3300 sit
660 3242 913 3299 indicium
946 3240 1136 3295 Filium
1179 3237 1436 3307 aequalem
1464 3250 1586 3291 esse
1628 3233 1771 3289 i’au'i
1794 3275 1809 3297 ,
1850 3230 1858 3239 ’

228 3335 899 3406 διιμιθιιωεωςιιιδιίιηιθω
918 3346 1023 3389 non
1040 3329 1379 3387 adventitiam
1395 3341 1716 3397 esse,neque
1727 3340 1814 3379 ac-

229 3428 411 3486 cedere
435 3427 625 3484 solere
654 3440 717 3481 ac
745 3423 1014 3488 recedere,
1040 3422 1137 3478 sed
1178 3423 1455 3476 immotam
1490 3427 1545 3473 et
1568 3416 1811 3472 stabilem

228 3534 361 3588 esse,
390 3519 718 3592 qualemque
760 3515 1008 3573 convenit
1053 3513 1220 3569 ﬁlium
1267 3526 1391 3582 erga
1422 3518 1625 3581 patrem
1670 3506 1810 3562 obti-

230 3624 351 3667 nere
366 3610 391 3665 ἲ

294 3703 345 3757 7.
376 3702 454 3758 De
509 3699 784 3756 inimicitiis
832 3697 1162 3767 deponendis.
1192 3725 1260 3736 —-
1284 3694 1410 3750 llaec
1451 3692 1607 3763 igitur
1634 3691 1814 3746 omnia

230 3792 456 3851 dicamus
490 3794 614 3861 illis,
640 3802 715 3859 et,
736 3801 991 3863 quantmn
1014 3790 1225 3860 quidem
1248 3788 1300 3842 in
1325 3787 1477 3842 nobis
1505 3786 1663 3841 situm
1691 3783 1812 3850 erit,

231 3888 294 3943 ab
317 3889 401 3943 illa
422 3902 596 3962 prava
626 3884 821 3942 haeresi
847 3885 993 3954 ipsos
1013 3883 1277 3938 abducere
1305 3880 1631 3945 studeamus,
1658 3886 1817 3946 atque

231 3977 293 4033 ad
330 3981 620 4035 veritatem
664 3975 941 4033 reducere.
989 3973 1058 4028 Et
1089 3987 1219 4028 vero
1258 3986 1358 4026 nos
1405 3970 1505 4041 ipsi
1536 3985 1602 4024 ne
1648 3967 1815 4022 solam

237 4068 385 4127 ﬁdem
429 4070 593 4127 nobis
617 4068 687 4125 ad
728 4067 959 4123 salutem
1006 4065 1252 4121 sufﬁcere
1279 4076 1613 4125 censeamus,
1644 4058 1739 4114 sed
1764 4067 1819 4114 et

237 4162 851 4221 conversationiscuram
877 4174 1145 4232 geramus,
1162 4157 1482 4228 optimeque
1496 4156 1617 4209 vita:
1640 4154 1816 4224 speci-

240 4255 595 4317 menedamus
620 4272 637 4308 ε
658 4261 717 4310 ιιι
733 4269 805 4309 ex
821 4261 1043 4322 utraque
1065 4259 1212 4320 parte
1235 4249 1517 4318 perfectura
1541 4246 1819 4300 utilitatem

242 4346 590 4418 percipiamus
615 4364 630 4400 :
660 4356 716 4401 et
753 4344 822 4401 ad
852 4344 993 4414 quod
1041 4358 1208 4413 nuper
1240 4340 1482 4395 hortatus
1507 4353 1645 4404 sum,
1678 4351 1821 4392 nunc

243 4454 467 4512 quoque,
496 4451 558 4497 ut
603 4440 775 4510 reipsa
807 4446 1141 4508 praestemus,
1173 4450 1267 4488 vos
1294 4434 1495 4497 hortor,
1529 4442 1582 4487 ct
1612 4440 1822 4485 mutuas

245 4531 541 4589 inimicitias
583 4531 933 4601 deponamus,
969 4544 1067 4583 nec
1113 4527 1341 4597 amplius
1383 4540 1541 4595 quam
1590 4537 1695 4577 uno
1736 4521 1823 4577 die

239 4621 512 4692 quisquam
559 4620 786 4693 proximi
844 4622 926 4677 sit.
961 4618 1208 4672 inimicus
1231 4660 1253 4682 τ
1293 4616 1387 4672 sed
1433 4623 1560 4670 ante
1611 4622 1821 4669 noctem

247 4711 376 4770 iram
399 4714 633 4785 obiiciat,
679 4728 759 4768 ne
791 4727 917 4767 eum
966 4712 1111 4766 subus
1150 4710 1290 4779 apud
1318 4724 1377 4763 se
1419 4707 1597 4772 fuerit,
1628 4716 1687 4762 et
1707 4721 1824 4777 qua:

247 4812 388 4868 gesta
425 4807 678 4876 dictaque
716 4804 954 4871 fuerint,
1006 4803 1131 4858 odio
1175 4802 1502 4873 impellente,
1546 4800 1825 4870 diligenter

250 4893 540 4967 colicgerit,
570 4896 934 4952 molestiorem
962 4895 1122 4953 finem
1154 4895 1370 4959 efﬁciat,
1392 4902 1447 4948 et
1472 4891 1825 4948 difﬁciliorem

249 4984 428 5043 reddat
449 4989 957 5045 reconciliationem.
984 4988 1117 5043 Nam
1156 4985 1603 5059 quemadmodum
1638 4999 1828 5054 corpo-

255 5075 327 5130 ris
347 5081 515 5136 nostri
554 5096 676 5137 ossa
716 5096 840 5137 cum
869 5097 902 5137 e
928 5095 1023 5136 sua
1066 5080 1262 5135 fuerint
1304 5079 1439 5133 sede
1473 5077 1747 5141 convulsa,
1779 5075 1827 5132 si

254 5166 524 5226 confestim
553 5173 920 5237 restituantur,
948 5186 1053 5226 non
1098 5186 1295 5239 magno
1319 5184 1439 5224 cum
1479 5168 1663 5223 talione
1705 5180 1828 5236 pro-

257 5256 423 5321 l’l'ium
458 5262 639 5318 locum
664 5271 985 5333 receperant
1009 5279 1023 5317 :
1051 5263 1136 5315 sin
1177 5271 1354 5323 autem
1385 5259 1542 5330 longo
1590 5268 1829 5329 tempore

257 5356 397 5405 Ma
423 5354 783 5415 sedemosuam
825 5354 1139 5422 manserint,
1186 5353 1472 5408 difﬁciliter
1514 5361 1695 5422 postea
1740 5367 1828 5407 re-

260 5446 549 5512 mittatur,
575 5454 632 5501 et
672 5447 727 5501 in
776 5461 937 5503 suum
973 5447 1149 5502 locum
1195 5444 1439 5510 redeunt,
1482 5459 1547 5499 ac
1584 5444 1829 5500 restituta

264 5530 536 5593 muan
550 5539 756 5595 dierum
775 5540 945 5610 spatio
961 5539 1219 5611 indigent,
1238 5547 1297 5594 ut
1314 5538 1551 5609 adaptari
1568 5547 1753 5594 exacte
1766 5552 1829 5592 ac

266 5623 477 5685 stabiliri
510 5633 717 5702 possint
742 5642 798 5687 et
821 5646 1136 5704 pertimuere
1167 5649 1180 5685 :
1213 5635 1293 5687 sic
1317 5631 1568 5689 nimirum
1597 5637 1657 5685 et
1695 5644 1828 5695 nos.

268 5709 515 5781 “quidem
544 5725 723 5781 statim
749 5739 869 5781 cum
916 5725 1146 5781 iriimicis
1170 5725 1600 5792 reconciliemur,
1630 5723 1829 5779 decen-

271 5800 343 5851 ter
367 5802 416 5862 id
436 5815 660 5887 agimus,
693 5829 868 5888 neque
903 5830 1091 5888 magno
1123 5817 1297 5876 studio
1336 5817 1653 5888 indigemus,
1683 5824 1740 5871 ut
1777 5816 1833 5873 in

998 393 1085 455 DE
1120 387 1395 451 CHRISTI
1432 381 1788 450 PRECIBUS,
1825 377 2098 435 CONTRA
2138 376 2504 433 ANOMOEOS.
2550 376 2613 430 Χ.

3388 375 3495 431 ist

1910 497 2143 549 veterem
2173 487 2455 544 amicitiam
2485 488 2811 559 gratiamque
2848 488 3127 546 redeamus
3159 509 3172 546 :
3203 492 3284 546 sin
3314 502 3491 547 autem

1910 579 2219 637 diuturnum
2262 589 2469 650 tempus
2498 580 2894 648 intercesserit,
2928 588 3195 651 tamquam
3240 583 3368 640 odio
3394 600 3487 640 ex-

1911 673 2095 733 caecati
2136 672 2521 738 erubescimus,
2570 670 2965 741 confundimur,
2993 673 3113 729 aliis
3155 675 3453 747 indigemus
3478 720 3493 744 ,

1912 767 2000 835 qui
2028 780 2135 823 non
2178 765 2337 821 modo
2363 764 2728 832 reconcilient,
2754 765 2848 822 sed
2882 775 2938 821 et
2980 777 3256 838 postquam
3288 769 3339 824 in
3370 785 3495 841 gra-

1915 859 2040 913 tiam
2092 858 2318 913 rcditum
2365 867 2467 924 est,
2515 872 2613 914 nos
2649 868 2955 915 constanter
3000 862 3281 928 retineant,
3323 862 3495 917 donec

1915 949 2145 1019 priorem
2170 947 2545 1005 conﬁdentiam
2571 950 3082 1020 recuperaverimus.
3108 950 3251 1006 Nihil
3283 952 3405 1008 dico
3429 953 3496 1009 de

1917 1040 2201 1112 ignominia
2227 1049 2282 1096 et
2310 1039 2534 1110 pudore.
2563 1041 2754 1097 Annon
2780 1056 3120 1113 summopere
3135 1043 3495 1099 condemnan-

1912 1134 2038 1190 dmn
2069 1142 2169 1198 est,
2200 1134 2245 1189 si
2295 1133 2416 1188 aliis
2439 1148 2710 1204 egeamus,
2739 1134 2828 1204 qui
2853 1150 2974 1188 cum
3002 1134 3198 1191 nostris
3242 1136 3496 1193 membris

1915 1241 2014 1281 nos
2037 1224 2325 1295 copulent?
2352 1223 2537 1295 Neque
2564 1238 2692 1279 vero
2735 1225 2904 1279 solum
2945 1224 2997 1279 id
3027 1226 3222 1281 malum
3262 1242 3329 1282 ex
3358 1243 3493 1283 cuu-

1913 1316 2149 1372 ctatione
2176 1316 2262 1370 illa
2307 1323 2360 1371 et
2385 1315 2638 1370 dilatione
2671 1319 3031 1387 consequitur,
3063 1318 3156 1373 sed
3195 1320 3335 1389 quod
3369 1337 3493 1390 pec»

1913 1418 2029 1465 cata
2074 1409 2295 1464 minime
2347 1424 2494 1474 vera,
2540 1408 2732 1465 deinde
2777 1420 2992 1480 peccata
3031 1425 3152 1467 esse
3201 1411 3491 1467 vidcantur.

1914 1500 2295 1571 Quodcumque
2340 1500 2590 1569 loquutus
2634 1499 2794 1556 fuerit
2842 1501 3109 1567 inimicus,
3151 1504 3328 1557 munia
3376 1519 3495 1558 cum

1913 1590 2216 1661 suspicione
2242 1589 2581 1660 suscipimus,
2609 1590 2723 1646 sive
2763 1600 2992 1661 gestum,
3035 1591 3149 1649 sive
3186 1603 3455 1663 aspectum
3482 1637 3495 1657 ,

1915 1684 2027 1738 sive
2050 1698 2257 1747 vocem,
2286 1683 2399 1738 sive
2423 1682 2709 1738 incessum.
2739 1683 2873 1738 Cum
2902 1684 3043 1738 enim
3065 1685 3320 1754 cernitur,
3347 1687 3498 1741 indu-

1916 1787 2083 1831 ratam
2112 1775 2344 1832 animam
2373 1775 2684 1837 inﬂammat.
2717 1776 2840 1831 etsi
2868 1790 2973 1830 non
3001 1787 3271 1843 cernatur,
3303 1779 3499 1847 pariter

1916 1882 2100 1923 rursus
2146 1867 2386 1924 dolorem
2442 1866 2626 1922 inurit.
2682 1866 2800 1923 Non
2866 1867 3009 1922 enim
3057 1875 3258 1923 tantum
3311 1884 3497 1924 eorum

1914 1971 2183 2032 aspectus,
2213 1961 2303 2031 qui
2347 1960 2597 2030 iniuriam
2633 1959 2945 2025 intulerunt,
2974 1960 3073 2015 sed
3108 1969 3164 2016 et
3203 1959 3500 2015 recordatio

1917 2055 2069 2109 nobis
2099 2053 2399 2109 molestiam
2440 2052 2632 2113 atl'erre
2673 2053 2991 2111 consuevit:
3019 2067 3083 2107 ac
3106 2053 3151 2108 si
3179 2055 3404 2106 alterum
3431 2054 3500 2108 de

1916 2163 1982 2202 eo
2010 2148 2316 2218 loquentem
2359 2145 2703 2209 audierimus,
2745 2145 2943 2217 pariter
2984 2144 3144 2199 verba
3176 2143 3417 2207 faciams,
3446 2152 3503 2199 et

1919 2248 2080 2292 totam
2112 2239 2268 2308 plane
2297 2237 2459 2292 vitam
2492 2237 2542 2290 in
2591 2237 2801 2292 tristitia
2844 2244 2898 2291 et
2923 2235 3110 2290 dolore
3141 2234 3459 2290 traducimus
3481 2273 3500 2299 ,

1915 2345 1979 2385 ac
2004 2330 2202 2400 majora
2234 2330 2388 2385 nobis
2419 2329 2550 2399 ipsis
2577 2329 2713 2382 mala
2737 2343 2896 2398 quam
2923 2327 3027 2382 illis
3056 2326 3351 2394 inferimus,
3374 2326 3499 2382 dum

1919 2434 2229 2493 perpetuum
2260 2423 2458 2479 bellum
2503 2423 2561 2477 in
2581 2421 2759 2481 anima
2784 2435 3182 2483 eonservamus.

1991 2513 2235 2585 Epilogus
2261 2514 2522 2575 orationis.
2542 2544 2611 2552 —
2631 2512 2761 2569 Haec
2784 2512 2944 2583 igitur
2969 2513 3147 2568 munia
3173 2527 3296 2566 cum
3318 2510 3504 2579 explo-

1917 2614 2029 2659 rata
2057 2605 2159 2659 sint
2191 2604 2364 2670 inibis,
2395 2603 2751 2669 dilectissimi,
2778 2603 3016 2658 maxime
3044 2602 3256 2673 quidem
3286 2601 3501 2657 studea-

1918 2713 2035 2752 mus
2062 2696 2235 2751 nullas
2277 2712 2396 2751 cum
2443 2694 2621 2767 aliquo
2652 2695 2957 2751 inimicitias
2996 2710 3285 2760 exercere;
3314 2694 3356 2748 si
3385 2709 3505 2763 qua:

1918 2804 2046 2845 vero
2071 2788 2491 2856 intercesserint,
2517 2788 2706 2844 eodem
2736 2789 2853 2859 ipso
2874 2788 2961 2844 die
2991 2789 3413 2843 reconcilientur.
3445 2788 3505 2843 Si

1915 2879 2060 2936 enim
2112 2881 2339 2936 alterum
2405 2880 2689 2936 tertiumve
2752 2879 2894 2943 diem
2964 2879 3274 2948 attigerint,
3324 2879 3502 2933 statim

1917 2972 2074 3028 tertia
2113 2972 2173 3026 fit
2219 2979 2402 3042 quarta
2428 3011 2444 3036 ,
2492 2980 2547 3026 ct
2596 2971 2686 3026 illa
2730 2970 2936 3041 quinta,
2981 2979 3141 3040 atque
3183 2971 3296 3026 ha'c
3339 2973 3503 3025 multo

1917 3062 2099 3131 plures
2127 3061 2321 3115 deinde
2345 3061 2459 3115 dies
2484 3061 2636 3117 nobis
2665 3062 2834 3130 pariet
2858 3061 3272 3115 inimicitiarum.
3295 3062 3504 3125 Quanto

1916 3151 2059 3206 enim
2085 3151 2314 3219 amplius
2342 3149 2658 3213 differimus,
2689 3158 2834 3204 tanto
2861 3149 3091 3218 amplius
3117 3149 3502 3205 erubescimus.

1918 3246 1986 3296 Λι
2007 3240 2265 3297 accedere
2295 3247 2347 3296 te
2392 3240 2571 3310 pudet,
2604 3248 2659 3296 et
2681 3239 2980 3295 deosculari
3008 3255 3131 3295 eum
3159 3240 3250 3309 qui
3282 3250 3331 3294 te
3371 3239 3502 3296 affe-

1916 3336 1988 3391 cit
2016 3333 2206 3405 injuria
2230 3333 2253 3388 ἵ

1988 3426 2069 3482 Ad
2104 3425 2560 3495 reconciliationem
2604 3440 2718 3478 cum
2759 3422 2976 3478 inimicis
3016 3424 3264 3478 hortatur.
3292 3454 3362 3463 —
3392 3422 3502 3479 lmo

1918 3536 2045 3576 vero
2070 3519 2174 3576 hoc
2214 3519 2331 3574 laus
2357 3526 2462 3587 est,
2511 3518 2614 3575 hoc
2640 3532 2858 3583 corona,
2906 3517 3007 3573 hoc
3052 3519 3372 3583 encomium,
3401 3517 3503 3573 hoc

1920 3614 2124 3669 lucrum
2155 3620 2211 3669 et
2236 3613 2518 3668 thesaurus
2554 3621 2636 3667 cst
2660 3612 2815 3667 bonis
2845 3612 3138 3667 innumeris
3164 3611 3463 3667 cumulatus
3488 3651 3504 3679 ,

1920 3714 1974 3759 et
2024 3705 2139 3774 ipse
2188 3712 2240 3758 te
2268 3703 2662 3759 commendabit
2709 3703 2974 3769 inimicus,
2992 3713 3047 3758 et
3093 3718 3281 3758 omnes
3323 3702 3507 3757 laudau

1921 3796 2070 3862 bunt,
2100 3794 2191 3866 qui
2233 3794 2460 3851 aderunt
2487 3812 2500 3847 :
2531 3805 2586 3849 et
2623 3809 2751 3850 vero
2795 3795 2919 3849 licet
2948 3793 3193 3849 homines
3219 3793 3506 3863 reprehen-

1920 3888 2069 3955 dant,
2101 3887 2240 3942 Deus
2268 3888 2385 3943 sine
2410 3886 2573 3942 dubio
2615 3886 2911 3941 coronabit.
2943 3885 3096 3951 Quod
3135 3886 3180 3941 si
3209 3895 3508 3955 exspectes,

1923 3988 1980 4034 ut
2006 3979 2150 4049 prior
2172 3978 2350 4034 veniat
2372 3994 2436 4039 ac
2462 3978 2669 4033 veniam
2696 3986 2861 4048 petat,
2890 3993 2995 4032 non
3022 3985 3226 4031 tantum
3244 3986 3505 4048 quaestum

1924 4073 2108 4139 facies,
2140 4069 2403 4141 siquidem
2444 4070 2534 4126 ille
2584 4070 2859 4139 prmmium
2910 4069 3195 4139 praeripiet,
3245 4077 3300 4123 et
3343 4077 3507 4123 totam

1926 4163 2350 4221 benedictionem
2391 4162 2444 4219 in
2470 4177 2529 4217 se
2561 4161 2845 4218 transferet
2876 4179 2889 4215 :
2922 4161 3006 4216 sin
3045 4169 3223 4216 autem
3254 4160 3398 4230 prior
3422 4175 3501 4215 ac.

1924 4269 2130 4323 curras,
2162 4270 2265 4309 non
2290 4254 2649 4323 superaberis,
2678 4254 2773 4310 sed
2817 4253 2950 4308 iram
2974 4253 3175 4320 vinces,
3209 4252 3508 4324 passionem

1925 4345 2159 4416 subiges,
2205 4328 2453 4415 magnum
2507 4344 2860 4416 phil050phize
2901 4345 3171 4414 specimen
3208 4343 3357 4408 cdes,
3390 4358 3509 4399 cum

1930 4439 2042 4493 Deo
2089 4436 2521 4507 obtemperabis,
2559 4436 2933 4507 iucundiorem
2977 4435 3193 4506 reliqua:
3234 4436 3352 4489 vitte
3409 4443 3511 4489 tum

1926 4546 2140 4586 cursum
2170 4529 2385 4597 reddes,
2416 4538 2472 4585 et
2491 4529 2560 4582 ab
2586 4528 2835 4585 omnibus
2858 4527 3084 4599 negotiis
3109 4543 3172 4584 ac
3198 4528 3512 4583 tumultibus

1928 4619 2257 4676 liheraberis.
2289 4619 2399 4676 Nec
2441 4619 2581 4690 apud
2623 4619 2787 4676 Deum
2813 4620 3007 4686 solum,
3039 4618 3131 4674 sed
3162 4627 3218 4674 et
3250 4618 3390 4689 apud
3419 4618 3513 4674 ho-

1930 4713 2103 4767 mines
2139 4711 2402 4767 lubrieum
2442 4726 2507 4767 ac
2550 4711 2903 4781 periculosum
2947 4721 3033 4767 est
3077 4711 3275 4767 multos
3316 4711 3514 4766 habere

1931 4805 2193 4860 inimicos.
2218 4803 2356 4873 Quid
2393 4804 2513 4859 dico
2541 4805 2779 4860 multos?
2804 4804 2979 4860 Unum
3018 4819 3081 4860 ac
3127 4804 3303 4861 solum
3342 4804 3513 4860 inimi-

1929 4914 2053 4954 cum
2083 4897 2281 4954 habere
2306 4897 2661 4969 periculosum
2703 4907 2806 4963 est,
2837 4898 2975 4954 sicut
2999 4905 3167 4953 tutum
3195 4913 3261 4955 ac
3286 4897 3517 4953 salutare

1932 4991 1975 5044 si
2009 4989 2101 5045 tibi
2128 5003 2314 5045 omnes
2333 4988 2445 5045 sint
2468 4989 2646 5045 amici.
2676 4988 2793 5044 Non
2820 4988 2891 5043 ita
2918 4988 3119 5045 reditus
3147 4988 3514 5058 pecuniarum,

1936 5098 2043 5137 non
2088 5083 2357 5150 itaarma,
2404 5083 2622 5149 mania,
2650 5083 2826 5147 fossze,
2856 5090 3021 5151 atque
3062 5081 3355 5135 immoene
3396 5080 3521 5135 reli-

1933 5190 2054 5244 quie
2081 5173 2343 5231 machina:
2367 5188 2469 5231 nos
2494 5175 2701 5230 munire
2725 5173 2920 5241 scient,
2948 5181 3006 5229 ut
3030 5172 3260 5229 amicitia
3285 5172 3516 5230 sincera.

1937 5266 2047 5321 Hoc
2069 5266 2543 5336 propugnacuhun,
2568 5266 2673 5321 hoc
2687 5269 2962 5331 securitas,
2988 5264 3397 5334 hoc.opul‘entia,
3420 5264 3522 5318 hoc

1935 5359 2159 5424 deliciae,
2207 5358 2309 5414 hoc
2345 5358 2571 5423 efﬁciet,
2616 5367 2676 5413 ut
2714 5368 2770 5413 et
2813 5359 2974 5412 vitam
3032 5368 3351 5428 praesentem
3395 5368 3526 5410 cum

1935 5449 2098 5503 animi
2142 5448 2521 5518 tranquiilitate
2562 5449 2856 5520 degamus,
2906 5458 2961 5504 et
3008 5445 3239 5504 futuram
3270 5447 3521 5518 largietur

1940 5536 2127 5592 vitam.
2159 5539 2289 5608 Qua:
2354 5540 2602 5595 nimirum
2651 5540 2828 5595 omnia
2880 5549 3060 5595 mente
3109 5548 3417 5606 versantes,
3471 5549 3526 5592 et

1939 5639 2191 5702 quantum
2221 5646 2290 5686 ex
2336 5646 2399 5686 ea
2443 5647 2502 5687 re
2544 5632 2748 5686 lucrum
2791 5631 3094 5701 deeerpturi
3134 5632 3303 5686 simus
3346 5629 3527 5684 animo

1941 5732 2265 5794 reputantes,
2299 5723 2429 5778 nihil
2458 5740 2560 5779 non
2605 5738 2825 5795 agamus
2866 5732 3026 5794 atque
3053 5723 3356 5788 moliamur,
3389 5731 3446 5776 ut
3474 5731 3527 5777 ct

1941 5834 2078 5889 quos
2103 5816 2361 5874 habemus
2388 5816 2543 5875 nobis
2570 5816 2977 5875 rcconciliemus
3018 5816 3286 5885 inimicos,
3315 5824 3369 5872 et
3394 5828 3530 5889 quos
