3918 6356
448 321 574 377 795·

440 529 603 586 amici
654 541 780 589 sunt
827 536 1092 599 ﬁrmiores
1154 529 1649 626 censtantioresque
1703 529 2034 620 reddamus:

439 618 703 689 siquidem
755 624 966 684 initium
992 643 1045 688 et
1093 633 1212 690 ﬁnis
1238 641 1412 695 omnis
1439 618 1649 703 virtutis
1688 660 1772 705 est
1791 618 1987 710 caritas

1160 337 1218 395 S.
1255 342 1534 406 JOANNIS
1572 353 2049 420 CHRYSUS'I‘UMI
2089 367 2408 425 ARCHIEP.
2448 373 2983 442 CONSTANTINOP.

439 432 674 493 habituri
727 453 1009 515 essemus,
1061 449 1442 526 impediamus,
1498 477 1697 535 eosque
1745 471 1835 538 qui
1887 473 2040 530 nobis

3622 394 3714 453 796

2147 479 2526 575 adipiscamur,
2559 490 2688 547 l'axit
2711 497 2880 565 gratia
2907 509 2962 556 et
3006 499 3304 575 benignitas
3330 511 3537 573 Domini
3554 521 3713 574 nostri

2143 568 2271 626 Jesu
2298 573 2519 644 Christi,
2547 581 2629 636 cui
2659 585 2825 654 gloria
2855 597 2910 644 et
2934 568 3215 664 imperium
3245 600 3298 658 in
3563 626 3717 668 siccu-

2145 661 2338 719 lorum.
2371 669 2562 726 Amen.

433 725 538 778 qua
566 713 776 771 sincere
813 734 878 776 ac
908 734 1162 795 perpetuo
1189 728 1424 790 fruentes
1451 746 1505 789 ut
1530 753 1751 810 regnum
1777 744 2031 802 calorum
2115 789 2118 792 ~

1637 1012 1680 1014 ,_

489 1799 645 1859 Licet
672 1805 769 1861 has
802 1823 993 1865 contra
1041 1816 1346 1872 Anommos
1392 1817 1651 1875 bomilias
1701 1821 2016 1879 Constanti-

421 1917 608 1986 nopoli
661 1919 917 1977 habuerit
965 1923 1421 1998 Chrysostomus,
1481 1932 1737 1990 undecim
1797 1937 2018 1994 circiter

419 2034 581 2089 annis
613 2047 905 2108 postquam
938 2039 1062 2098 illas
1092 2041 1232 2100 alias
1279 2055 1471 2104 contra
1527 2052 1830 2109 Anommos
1879 2069 2013 2110 con-

417 2145 606 2205 eiones
637 2146 943 2210 Antiochia:
969 2155 1299 2221 absolverat,
1329 2166 1637 2235 argumenti
1691 2176 1871 2226 tamen
1929 2186 2014 2224 ra-

420 2259 570 2316 tione
597 2261 769 2334 ducti,
790 2280 886 2322 eas
909 2281 1110 2342 conseq
1121 2283 1314 2331 uenter
1332 2276 1640 2346 posuimus,
1665 2296 1827 2340 secus
1845 2300 2011 2354 quam

413 2372 622 2432 Fronto
664 2375 916 2448 Duczeus,
947 2383 1039 2454 qui
1072 2386 1306 2456 primam
1342 2393 1533 2461 procul
1563 2392 1633 2449 ab
1663 2396 1785 2453 aliis
1822 2410 2011 2454 contra

411 2489 715 2548 Auommos
758 2495 1122 2555 concionibus
1178 2503 1438 2571 positam,
1495 2522 1622 2563 cum
1683 2509 1787 2566 hoc
1826 2521 2007 2567 tamen

411 2601 590 2669 titulo,
619 2614 806 2660 contra
829 2607 1103 2666 Anomoeos
1135 2612 1224 2681 VI,
1245 2617 1511 2676 ediderat.
1540 2621 1849 2681 Secundam
1879 2644 2011 2685 vero

409 2718 602 2788 paucis
633 2731 758 2789 post
796 2722 994 2781 diebus
1045 2727 1285 2785 habitam
1340 2749 1450 2789 non
1489 2736 1782 2797 advertens
1811 2752 2008 2799 contra

409 2829 714 2889 Anommos
767 2849 911 2903 esse,
949 2837 1006 2894 in
1060 2841 1313 2912 quintum
1373 2853 1582 2903 tomum
1635 2851 2002 2924 ablegaverat.

408 2936 606 2999 Habita
642 2955 824 3004 autem
857 2958 943 3006 est
971 2959 1207 3025 utraque
1233 2970 1381 3012 anno
1427 2959 1554 3014 398.
1592 2959 1752 3017 Prior
1797 2975 1880 3021 est
1911 2983 2002 3024 se-

406 3059 588 3116 cunda
654 3061 803 3118 illius
867 3063 937 3121 ad
992 3063 1667 3144 Constantinopolitauum
1735 3079 1998 3149 populum

407 3176 625 3241 concio,
659 3187 719 3234 ut
745 3178 901 3237 initio
934 3182 1053 3252 ipse
1095 3185 1462 3256 testiﬁcatur;
1516 3206 1708 3250 verum
1755 3211 1842 3262 ea,
1875 3216 1998 3272 qua:

406 3289 553 3346 hanc
578 3294 880 3362 praecessit,
913 3295 1190 3354 interiisse
1226 3299 1460 3358 videtur.
1504 3303 1562 3359 Si
1597 3306 1731 3366 ﬁdes
1780 3311 1999 3373 duobus

403 3403 638 3460 vetustis
667 3406 976 3476 codicibus,
1027 3411 1266 3480 priorem
1323 3414 1518 3472 habuit
1568 3419 1996 3493 Chrysostomus

404 3513 461 3569 in
487 3511 636 3571 Nova
676 3515 944 3586 Ecclesia,
978 3521 1037 3573 ὲν
1060 3525 1126 3598 τῇ
1174 3524 1350 3602 Καινῇ
1402 3525 1716 3610 Ἐκκλησὶᾳ.
1755 3536 1823 3590 At
1857 3541 1996 3600 veri-

2121 1819 2302 1876 simile
2333 1827 2417 1878 est
2447 1821 2500 1876 id
2529 1823 2582 1876 in
2614 1824 2771 1880 titulo
2801 1827 3054 1895 posuisse
3084 1827 3365 1899 librarios,
3397 1832 3500 1890 hoc
3539 1832 3696 1908 Chq.

2118 1933 2344 1989 sostomi
2375 1934 2497 1990 loco
2523 1937 2742 2001 ductos,
2774 1939 2865 2009 qui
2891 1940 3055 2011 paulo
3083 1953 3206 2012 post-
3233 1943 3452 2002 initium
3478 1947 3689 2018 legitur:

2118 2044 2216 2101 Est
2249 2046 2426 2101 ethoc
2477 2049 2798 2105 admirabile
2835 2053 2976 2123 quod
3010 2055 3244 2111 videmus
3304 2059 3362 2112 in
3428 2060 3525 2114 hac
3555 2071 3693 2130 parte

2115 2161 2352 2216 civitatis
2392 2161 2686 2219 Ecclesium
2715 2164 2850 2221 hanc
2876 2167 3202 2239 plantatam,
3249 2176 3688 2248 πεφυτευμένην.

2113 2283 2163 2329 et
2203 2275 2547 2334 nihilominus
2567 2281 2722 2350 quasi
2754 2281 2810 2335 in
2843 2283 3015 2338 medio
3047 2286 3256 2341 camino
3313 2287 3484 2343 oleam
3510 2291 3690 2360 germi-

2115 2399 2351 2455 nantem,
2395 2391 2646 2462 foliisque
2689 2406 2993 2451 comantem
3046 2408 3096 2453 et
3131 2399 3319 2469 fructu
3347 2419 3570 2473 gravem.
3608 2403 3694 2461 Sic

2115 2516 2246 2557 vero
2277 2502 2543 2573 loquitur,
2575 2516 2632 2561 ut
2659 2507 2830 2578 liquet
2855 2523 2921 2564 ex
2957 2510 3026 2566 iis
3051 2526 3174 2582 quae
3206 2515 3544 2584 praecedunt,
3573 2519 3687 2588 quia

2114 2619 2206 2674 illa
2237 2620 2387 2676 urbis
2418 2637 2545 2692 pars
2573 2623 2642 2678 ab
2686 2624 2960 2682 haereticis
2996 2638 3054 2683 ut
3089 2629 3393 2700 plurimum
3429 2632 3688 2689 incoleba-

2113 2745 2240 2790 tur:
2277 2752 2454 2808 neque
2507 2748 2688 2796 tamen
2725 2741 2860 2798 dicit
2923 2760 3158 2816 usquam
3195 2749 3490 2808 ecclesiam
3551 2752 3683 2806 illam

2111 2865 2304 2907 recens
2357 2860 2624 2908 structam
2688 2854 2880 2912 fuisse.
2938 2857 3317 2925 Quamobrem
3373 2863 3544 2920 donec
3571 2863 3686 2935 quid

2107 2966 2314 3022 certius
2339 2979 2603 3041 emergat,
2637 2970 2766 3027 huic
2802 2975 3315 3046 manuscriptorum
3354 2979 3578 3037 duorum
3624 2979 3687 3034 ti-

2111 3079 2230 3136 tulo
2261 3095 2368 3136 non
2399 3081 2704 3139 habendam
2728 3100 2852 3143 esse
2868 3087 3031 3142 ﬁdem
3057 3104 3281 3147 censeo.

2179 3202 2338 3270 Huic,
2369 3215 2428 3261 ut
2469 3207 2731 3276 diximus,
2763 3219 2818 3266 et
2871 3213 3135 3283 temporis
3164 3224 3218 3270 et
3254 3217 3560 3288 argumenti
3607 3232 3685 3272 ra-

2107 3316 2255 3373 tione
2284 3318 2455 3386 ducti,
2488 3321 2878 3394 subjungimus
2907 3326 3188 3383 homiliam
3222 3331 3281 3383 in
3313 3332 3677 3403 paralyticum,

2103 3438 2158 3484 et
2193 3429 2269 3485 De
2299 3431 2580 3488 divinitate
2610 3433 2834 3504 Christi,
2866 3438 3031 3510 deque
3051 3441 3166 3508 eius
3187 3459 3312 3498 cum
3337 3443 3497 3501 Patre
3523 3461 3678 3516 equa-

2106 3547 2279 3611 litate,
2313 3562 2480 3619 quam
2537 3550 2729 3619 paucis
2779 3545 2902 3625 poSt
2964 3554 3113 3611 illam
3178 3571 3371 3615 contra
3428 3563 3683 3618 Anomaeos

417 3909 3684 3956 *Μ’-*λ

421 4144 692 4190 ΗΟΜΙΙιῙΔ
735 4145 1312 4194 CONSTANTINOPOLI
1360 4153 1595 4196 ΗΔΒΙΤΔ
1639 4152 1886 4198 CONTRA
1933 4155 2010 4199 AN

2118 4154 2259 4199 OEOS
2302 4156 2384 4197 DE
2429 4155 3074 4203 INCOMPREIIENSIBILI
3119 4161 3227 4203 DEI
3272 4163 3524 4206 ΝΑΤυιιΑ
3551 4163 3590 4217 ι,
3618 4163 3683 4206 ΕΤ

501 4245 672 4299 QUOD
715 4248 936 4294 NOVUM
979 4251 1456 4296 TESTAMENTUM
1503 4255 1733 4298 VETERI
1778 4256 2127 4312 CONSONET,
2176 4257 2382 4310 ATQUE
2427 4255 2493 4298 IN
2537 4255 2686 4312 EOS,
2732 4256 2841 4310 QUI
2896 4258 3136 4304 DIVINIS
3182 4260 3308 4305 NON
3353 4256 3685 4305 INTBRSUNT

495 4345 949 4396 CONVINTIBUS.

909 4605 1124 4647 IIOIIILIA
1161 4608 1424 4648 uanecma
1456 4593 1556 4665 (a).

493 4683 546 4737 Ι.
589 4681 830 4738 Secunda
863 4684 1038 4739 concio
1065 4684 1506 4758 Constantinopoli
1532 4688 1704 4742 habita
1731 4705 1866 4742 anno
1883 4688 2006 4744 598.

419 4802 491 4814 ——
512 4771 688 4829 Unum
718 4775 857 4842 apud
889 4789 985 4830 vos
1012 4777 1151 4832 diem
1180 4777 1428 4843 disserui,
1450 4789 1506 4834 et
1533 4779 1659 4834 inde
1687 4788 1892 4835 tantum
1915 4795 2011 4835 vos

415 4864 600 4932 dilexi,
627 4873 881 4936 quantum
927 4867 970 4920 si
1011 4867 1080 4922 ab
1115 4868 1264 4923 initio
1291 4868 1564 4924 vobiscum
1601 4885 1778 4925 essem
1807 4870 2009 4925 educa-

415 4965 506 5013 tus
533 4974 547 5010 :
579 4957 652 5012 ita
679 4972 797 5012 sum
825 4957 976 5014 vobis
1003 4957 1239 5015 caritatis
1267 4959 1494 5015 vinculis
1530 4961 1845 5031 conjunctus
1871 4977 1936 5016 ac
1964 4963 2009 5017 si

414 5047 646 5117 plurimo
672 5057 915 5119 tempore
952 5049 1156 5105 fruetus
1180 5049 1506 5106 dulcissima:
1549 5051 1951 5107 consuetudinis
1979 5068 2008 5106 a

418 5140 570 5195 vobis
613 5143 993 5213 pereepissem.
1025 5141 1179 5211 Quod
1222 5145 1282 5198 ﬁt
1306 5160 1413 5199 non
1445 5145 1565 5214 quia
1597 5161 1696 5216 ego
1723 5145 2009 5200 admodum

419 5231 488 5285 ad
540 5232 830 5289 amicitiam
881 5242 938 5290 et
984 5235 1258 5290 caritatem
1305 5235 1408 5290 sim
1453 5237 1695 5304 idoneus,
1751 5237 1846 5292 sed
1889 5237 2010 5307 quia

479 5409 638 5486 1"“,
660 5410 881 5486 auide"?
909 5409 971 5486 ςιε
984 5410 1452 5486 ίηείξημηνεθξειξδέέτξὲί
1473 5418 1640 5486 eam“
1663 5423 1906 5486 Αηοηιωορ
1924 5413 2010 5486 ἰρ-

413 5470 548 5538 mllia
567 5477 724 5538 segete.
738 5478 839 5520 Duo
853 5481 1018 5522 autem
1039 5470 1282 5534 adjiciunt,
1300 5473 1460 5526 habita
1472 5475 1564 5538 fuit
1585 5475 1636 5525 in
1649 5487 1770 5525 nova
1788 5475 2010 5536 ecclesia,

412 5533 542 5599 quod
564 5532 941 5599 additamentum
977 5532 1143 5599 natatu
1166 5538 1367 5599 dignum
1391 5532 1484 5587 est:
1513 5539 1629 5588 vide
1650 5540 1904 5588 monitum.
1929 5532 2009 5590 Sa;

411 5593 498 5672 ﬁl;
525 5594 764 5672 etugrel.
792 5595 984 5672 titulum
1009 5593 1463 5672 habent‘ut'supra:
1512 5661 1539 5672 η
1670 5666 1695 5672 Α
1775 5662 1784 5672 1

442 5655 552 5770 9g)
573 5661 624 5703 In
646 5654 771 5705 hanc
816 5656 1063 5705 Homiliam
1099 5654 1390 5732 contulimus
1433 5661 1631 5712 Codices
1670 5662 1845 5727 Regios
1872 5663 2006 5725 I935,

415 5716 436 5770 ί
536 5752 552 5777 ,
582 5716 719 5778 1965,
746 5717 866 5766 1973
887 5718 1160 5770 etColbert.
1187 5721 1296 5770 629.

2038 4457 2108 4471 ῃ

2121 4604 2218 4645 vos
2269 4590 2689 4661 desiderabiles,
2740 4595 3086 4665 omniumque
3146 4601 3381 4656 maxime
3429 4598 3684 4654 amabiles.

2117 4682 2248 4748 Quis
2275 4683 2416 4739 enim
2451 4701 2558 4740 non
2583 4685 2940 4744 admiraretur
2968 4689 3180 4760 igneum
3206 4693 3403 4758 zelum,
3434 4691 3685 4747 caritatem

2115 4773 2318 4844 absque
2359 4775 2720 4844 simulatione,
2765 4777 3192 4837 benevolentiam
3232 4782 3284 4836 in
3330 4791 3685 4852 praeceptores,

2115 4867 2460 4923 concordiam
2501 4870 2639 4924 inter
2668 4884 2782 4934 vos,
2827 4887 2947 4941 quae
2993 4886 3124 4928 sane
3149 4874 3326 4928 omnia
3361 4875 3487 4930 satis
3524 4877 3687 4927 essent

2118 4967 2176 5013 ut
2222 4959 2308 5015 vel
2345 4959 2609 5030 lapideam
2663 4962 2897 5017 animam
2942 4963 3095 5019 vobis
3137 4964 3523 5020 conciliarent?
3562 4963 3686 5018 Pro«

2117 5059 2298 5119 pterea
2328 5067 2434 5106 non
2461 5053 2640 5108 minus
2662 5067 2758 5109 vos
2781 5069 3044 5122 amamus,
3066 5071 3227 5126 quam
3250 5056 3532 5112 Eeclesiam
3552 5048 3686 5106 illam

2117 5141 2172 5196 in
2201 5157 2304 5212 qua
2343 5144 2474 5211 nati,
2518 5143 2754 5210 educati,
2800 5155 2858 5200 et
2885 5145 3080 5201 eruditi
3109 5161 3295 5202 sumus
3326 5165 3339 5203 :
3370 5161 3522 5202 soror
3551 5139 3685 5201 enim

2117 5234 2259 5291 illius
2298 5235 2415 5291 baac
2459 5245 2561 5303 est,
2593 5253 2802 5310 vosque
2835 5241 3206 5310 cognationem
3239 5241 3380 5296 illam
3411 5253 3568 5309 opere
3595 5235 3682 5289 de-

2115 5329 2380 5384 clarastis.
2408 5329 2666 5396 Quamvis
2691 5343 2870 5391 autem
2902 5333 2994 5388 illa
3023 5342 3266 5404 tempore
3307 5333 3376 5388 sit
3414 5329 3681 5400 antiquior,

2118 5417 2233 5474 haec
2261 5432 2438 5476 tamen
2489 5422 2596 5478 ﬁde
2625 5422 2918 5479 ferventior
2966 5433 3068 5492 est,
3115 5435 3172 5482 et
3215 5426 3322 5482 illic
3364 5424 3528 5494 major
3563 5434 3680 5476 con-

2117 5520 2307 5567 ventus
2336 5521 2419 5568 est
2454 5527 2518 5568 ac
2556 5514 2820 5570 eelebrius
2849 5515 3137 5583 theatrum,
3180 5519 3272 5574 sed
3298 5518 3384 5572 hic
3413 5515 3574 5584 major
3601 5526 3681 5580 pa-

2118 5602 2324 5669 tientia,
2357 5602 2683 5676 majorisque
2723 5604 3048 5662 fortitudinis
3087 5608 3357 5664 indicium.
3391 5605 3517 5662 Nam
3541 5599 3680 5655 video

2117 5695 2464 5768 undequaque
2495 5696 2582 5755 hic
2608 5697 2763 5769 lupos
2801 5699 3168 5772 obambulare,
3215 5703 3350 5760 ovile
3377 5709 3548 5756 autem
3581 5705 3674 5748 non
