3918 6384
451 331 559 392 797

451 449 840 508 ἀναλίσκεται·
897 445 1034 516 ζάλη
1063 446 1156 499 καὶ
1187 443 1395 517 χειμὼν
1455 444 1548 498 καὶ
1606 440 1898 498 κλυδώνιον
1933 457 2030 492 πε-

455 533 712 609 ριέστηκε
738 529 838 603 τήν
884 529 1034 603 ίεράν
1081 532 1286 600 ταύτην
1334 527 1468 582 ναῦν
1500 525 1784 609 διηνεκῶς,
1837 524 1932 578 καὶ
1968 524 2031 609 Ᾱοὶ

452 607 783 688 ἐμπλέοντες
828 613 889 667 οὐ
940 613 1420 676 καταποντίζονται
1445 625 1458 640 ⁸
1507 608 1704 679 φλογὸς
1749 607 2034 678 αἱρετικῆς

452 702 686 771 ἐπήρεια
720 697 986 752 πάντοθεν
1021 694 1299 748 κυκλοῦσα
1324 707 1373 759 α,
1413 694 1508 748 καὶ
1554 694 1602 746 οί
1645 693 1703 745 ἐν
1751 692 1900 762 μέσῳ
1931 691 2030 760 τῆς

452 783 687 853 καμίνου
715 781 905 852 δρόσου
951 777 1326 848 πνευματικῆς
1371 775 1755 829 ἀπολαύουσιν.
1800 772 2030 845 Ὁμοίως

450 867 568 919 ἐστὶ
593 865 894 936 παράδοξον
927 863 984 915 ἐν
1014 861 1093 932 τῷ
1128 861 1282 932 μέρει
1300 860 1326 899 ι)
1350 860 1448 930 τῆς
1476 859 1684 921 πόλεως
1711 857 1914 928 ταύτης
1935 856 2031 926 τὴν

464 948 792 1018 Ἐκκλησίαν
817 946 1024 1014 ταύτην
1049 941 1468 1013 πεφυτευμένην
1497 941 1643 1005 ἰδεῖν,
1677 939 1866 1010 ῶσπερ
1897 940 1962 994 ἂν
1983 939 2036 993 εί

449 1048 535 1094 τις
564 1032 622 1083 ἐν
658 1029 800 1101 μέσῃ
832 1027 1048 1098 καμίνῳ
1077 1025 1377 1078 θάλλουσαν
1409 1023 1615 1087 ἐλαίαν,
1651 1023 1880 1082 καὶτοῖς
1907 1021 2034 1090 φύλ-

449 1113 564 1177 λοις
595 1110 875 1182 κομῶσαν,
916 1109 1012 1162 καὶ
1031 1108 1111 1179 τῷ
1140 1107 1340 1179 καρπῷ
1368 1107 1695 1179 βριθομένην
1719 1105 1836 1160 ῐδοι.
1882 1102 2032 1158 Ἐπεὶ

449 1190 544 1248 οῦν
571 1192 746 1256 οὑτως
797 1190 1140 1261 εὐγνώμονες
1191 1192 1349 1261 ὑμεῖς
1397 1192 1492 1242 καὶ
1548 1190 1757 1260 μυρίων
1810 1186 2031 1256 ἀγαθῶν

448 1276 613 1344 ἄξιοι,
648 1275 784 1346 φέρε
811 1275 912 1346 τὴν
939 1274 1238 1344 ὑπόσχεσιν
1279 1271 1418 1342 μετὰ
1449 1270 1631 1340 πάσης
1663 1271 1884 1342 χάριτος
1933 1286 2030 1323 κα·

447 1358 797 1428 ταϐἀλωμεν,
822 1356 889 1427 ἢν
917 1355 1109 1428 πρῴην
1143 1357 1271 1426 ὑμῖν
1295 1353 1670 1424 ὑπεσχόμεθα,
1707 1353 1869 1424 ήνίκα
1904 1351 2030 1423 περὶ

447 1441 557 1496 τῶν
581 1440 674 1494 τοῦ
691 1440 855 1493 Δαϐὶδ
887 1440 985 1493 καὶ
1003 1439 1098 1492 τοῦ
1133 1438 1326 1492 Γολιάθ
1351 1449 1374 1478 ε
1400 1439 1582 1491 ὃπλων
1602 1436 2030 1506 ἐφιλοσοφοῦμεν

448 1525 583 1597 παρ’
607 1525 756 1594 ὑμῖν,
792 1522 1098 1586 δεικνύντες
1127 1522 1206 1593 τῷ
1253 1522 1418 1593 λόγῳ.
1441 1521 1518 1585 ώς
1549 1524 1577 1576 ὁ
1609 1523 1705 1592 μὲν
1731 1519 2030 1589 παντευχίᾳ

454 1609 564 1662 τινὶ
589 1608 757 1678 πολλῇ
801 1606 897 1660 καὶ
929 1605 1138 1676 μεγάλῃ
1185 1604 1521 1675 πανταχόθεν
1555 1605 1888 1675 ἐπέφρακτο,
1913 1606 1942 1656 6
1973 1601 2030 1655 δὲ

449 1691 654 1762 γυμνὸς
692 1689 799 1742 τῶν
832 1689 1011 1742 ὃπλων
1027 1688 1249 1741 ἐκείνων
1271 1690 1338 1758 τῇ
1364 1688 1546 1740 πίστει
1570 1687 1867 1758 τετείχιστο
1888 1703 1903 1718 ο
1936 1686 2032 1739 καὶ

447 1776 478 1831 6
507 1774 606 1845 μὲν
635 1773 746 1827 ἀπὺ
769 1771 867 1827 τοῦ,
885 1770 1132 1842 θώρακος
1165 1771 1260 1825 καὶ
1290 1771 1388 1841 τῆς
1414 1771 1639 1834 ἀσπίδος
1667 1770 1889 1836 ἔξωθεν,
1924 1771 1953 1822 6
1973 1768 2029 1822 66

447 1857 650 1910 ἔσωθεν
674 1856 782 1909 ἀπὸ
803 1855 898 1908 τοῦ
931 1853 1242 1924 πνεύματος
1277 1855 1372 1907 καὶ
1401 1857 1498 1925 τῆς
1531 1853 1754 1925 χάριτος
1793 1852 2024 1907 ἔστιλϐε.

447 1939 546 1992 Διά
576 1938 734 1993 τοῦτο
759 1936 893 2006 γοῦν
925 1939 954 1991 6
986 1939 1116 2000 παῖς
1137 1936 1228 1990 τὸν
1256 1936 1539 1989 νεανίσκον
1585 1936 2025 2006 κατηγωνίσατο,

445 2023 476 2074 6
509 2019 716 2091 γυμνὸς
752 2019 848 2073 τοῦ
889 2019 1236 2090 ὡπλισμένου
1265 2019 1590 2090 ἐκράτησεν,
1645 2021 1674 2073 6
1703 2019 1909 2090 ποιμὴν
1938 2017 2027 2071 τὸν

448 2103 786 2176 στρατιώτην
811 2103 1076 2157 κατέϐαλε
1097 2119 1111 2132 ·
1136 2102 1285 2155 λίθου
1301 2101 1462 2171 φύσις
1487 2102 1804 2173 ποιμενικοῦ
1827 2100 2027 2174 χαλκοῦ

447 2187 608 2257 φύσιν
634 2183 934 2256 πολεμικοῦ
953 2184 1240 2257 συνέτριψε
1271 2187 1362 2239 καὶ
1376 2183 1915 2257 διέφθειρεν.οὐκοῦν
1937 2185 2030 2237 καὶ

445 2273 608 2341 ἡμεῖς
631 2269 724 2323 τὸν
743 2269 890 2323 λίθον
914 2269 1124 2322 ἐκεῖνον
1158 2267 1691 2340 μεταχε-ιρισὼμεθα,
1733 2269 1825 2322 τὸν
1858 2269 2028 2338 ἀκρο-

446 2357 700 2424 γωνιαῖον
725 2352 892 2421 λέγω,
919 2353 1011 2406 τὸν
1061 2352 1272 2424 νοητόν.
1306 2354 1368 2406 Εἰ
1405 2353 1516 2424 γὰρ
1541 2352 1619 2424 τῷ
1648 2352 1847 2424 Παύλῳ
1881 2352 2029 2422 φιλο-

449 2438 633 2506 σοφεῖν
674 2435 854 2501 ἔξεστι
893 2436 1022 2506 περὶ
1073 2435 1173 2506 τῆς
1228 2435 1370 2488 κατὰ
1417 2435 1515 2501 τὴν
1567 2435 1771 2508 ἔρημον
1800 2436 2026 2507 πέτρας,

446 2521 663 2584 πάντως
702 2520 825 2572 οὐδὲ
880 2520 1015 2589 ήμῖν
1055 2520 1348 2590 νεμεσήσει
1387 2537 1471 2583 τις
1502 2517 1595 2571 τὸν
1649 2518 1795 2573 λίθον
1841 2518 2029 2572 τοῦτον

447 2604 591 2657 κατά
614 2603 705 2656 τὸν
738 2601 903 2656 αὐτὸν
931 2601 1339 2672 ἐκλαμϐάνουσι
1371 2602 1593 2673 τρόπον.
1631 2602 1900 2672 Καθάπερ
1921 2601 2030 2672 γὰρ

440 2687 540 2742 ἐπὶ
568 2684 720 2758 [5η]
746 2684 855 2738 τῶν
894 2684 1163 2738 Ἰουδαίων
1189 2685 1289 2754 οὑχ
1331 2686 1366 2756 ή
1409 2684 1572 2754 φύσις
1619 2685 1717 2756 τῆς
1749 2685 2031 2756 ὁρωμένης

446 2768 675 2840 πέτρας,
725 2768 835 2822 ἀλλ’
863 2769 896 2838 ή
925 2766 1156 2838 δύναμις
1203 2769 1305 2838 τῆς
1339 2768 1636 2839 νοουμένης
1686 2769 1812 2831 τοὺς
1866 2785 2032 2822 ποτα-

448 2853 585 2922 μοὺς
634 2851 786 2922 ἠφίει
816 2849 925 2902 τῶν
977 2850 1185 2904 ὑδάτων
1220 2850 1464 2914 ἐκείνους
1490 2869 1506 2882 ·
1548 2851 1692 2903 οὑτω
1724 2850 1787 2920 δὴ
1817 2851 1911 2904 καὶ
1938 2851 2030 2904 ἐπὶ

444 2933 540 2988 τοῦ
578 2931 742 2988 Δαυῒδ
785 2933 885 3003 οὐχ
909 2933 937 2985 6
985 2932 1260 3003 αἰσθητὸς,
1319 2933 1435 2986 ἀλλ’
1466 2936 1496 2986 6
1542 2933 1728 3003 νοητὸς
1758 2933 1906 2996 λίθος
1930 2934 2031 3003 τὴν

445 3016 789 3089 βαρϐαρικὴν
823 3016 1040 3086 ἐκείνην
1080 3018 1384 3088 κατήνεγκε
1412 3018 1653 3087 κεφαλήν
1674 3034 1688 3046 ·
1716 3016 1889 3080 οὑτως
1904 3018 2030 3088 ὑμῖν

445 3103 541 3156 καὶ
569 3101 690 3155 τότε
711 3100 1064 3172 ὑπεσχόμεθα
1099 3101 1266 3171 μηδὲν
1293 3103 1402 3153 ἀπδ
1437 3101 1716 3172 λογισμῶν
1753 3103 1915 3173 ἐρεῖν.
1954 3102 2032 3157 Τὰ

444 3187 556 3256 γὰρ
588 3184 750 3239 ὅπλα
785 3184 956 3253 ἡμῶν
989 3185 1061 3238 οὐ
1097 3184 1356 3251 σαρκικὰ
1375 3224 1388 3248 ,
1440 3184 1602 3239 ἀλ.ιά
1630 3187 2026 3254 πνευματικὰ,

443 3267 779 3337 λογισμοὺς
813 3266 1217 3336 καθαιροῦντα
1245 3267 1344 3320 καί
1386 3265 1512 3322 πᾶν
1541 3267 1758 3337 ὕψωμα
1789 3268 2030 3338 ἐπαιρόο

439 3369 636 3422 μενον
677 3351 830 3406 κατὰ
881 3349 992 3422 τῆς
1038 3350 1316 3420 γνώσεως
1359 3350 1465 3403 τοῦ
1510 3351 1682 3405 Θεοῦ.
1731 3352 2030 3424 Καθαιρεῐν

442 3434 623 3488 τοίνυν
654 3434 872 3498 αὐτοὺς,
907 3434 1007 3486 οὐκ
1039 3433 1288 3503 ἐπαίρειν
1321 3432 1658 3502 κελευόμεθα
1679 3450 1691 3462 ·
1714 3435 2025 3501 καταλύειν,

443 3518 544 3588 οὐχ
593 3515 910 3580 ὁπλίζεσθαι
960 3517 1168 3579 τούτοις
1220 3515 1675 3587 προσετάγημεν*
1741 3522 2027 3588 Λογισμοί

444 3600 556 3668 γὰρ
581 3597 815 3668 θνητῶν
844 3598 1056 3664 δειλοί,
1084 3599 1238 3670 φησί.
1261 3599 1328 3653 Τί
1362 3601 1478 3652 ἐστι
1502 3599 1694 3654 δειλοί
1707 3617 1726 3661 .°
1766 3602 1825 3656 Ὀ
1855 3602 2028 3668 δειλὸς

445 3680 547 3735 κᾶν
569 3681 657 3734 ἐπ’
689 3680 965 3750 ἀσφαλοῦς
990 3681 1148 3752 βαίνῃ
1177 3682 1400 3753 χωρίου,
1423 3682 1635 3737 οὐδέπω
1657 3683 1870 3756 θαρρεῖ,
1889 3687 2029 3740 ἀλλά

443 3764 650 3818 δέδοικε
680 3765 774 3817 καὶ
799 3764 994 3835 τρέμει
1011 3781 1024 3794 ·
1057 3763 1201 3817 οὕτω
1217 3765 1390 3818 καὶτὸ
1411 3765 1692 3836 λογισμοῖς
1709 3767 2024 3838 ἁποδεχθὲν,

443 3845 548 3901 κᾶν
577 3846 775 3918 ἀληθὲς
801 3845 858 3920 ᾖ,
893 3847 1107 3901 οὐδέπω
1129 3847 1504 3920 πληροφορίαν
1524 3853 1591 3920 τῇ
1622 3849 1769 3923 ψυχῇ
1800 3855 2026 3924 παρέχει

443 3929 540 3983 καὶ
574 3929 756 3983 πίστιν
792 3931 1007 4001 ἱκανήν.
1051 3931 1205 3984 Ἐπεὶ
1226 3926 1318 3984 οὖν
1343 3930 1581 4002 τοσαύτη
1607 3933 1717 3986 τῶν
1750 3934 2026 4007 λογισμῶν

441 4012 478 4082 ή
509 4011 787 4077 ἀσθένεια,
824 4012 959 4084 φέρε
993 4013 1102 4067 ἀπὸ
1138 4012 1248 4068 τῶν
1279 4013 1515 4086 Γραφῶν
1564 4017 1665 4086 τῆς
1711 4017 1848 4088 πρὸς
1899 4021 2026 4084 τοὺς

438 4095 719 4159 ἐναντίους
740 4094 1010 4166 ἁψώμεθα
1039 4096 1240 4169 μάχης.

512 4177 685 4232 Πόθεν
709 4175 804 4233 οὖν
829 4182 964 4250 ἡμῖν
997 4180 1231 4251 ἀρκτέον
1259 4179 1354 4234 τοῦ
1374 4181 1532 4250 λόγου
1555 4198 1569 4246 ;
1595 4181 1760 4236 Ὅθεν
1797 4183 1864 4238 ἂν
1901 4184 2025 4255 βού-

438 4263 629 4334 λησθε,
679 4264 791 4316 είτε
823 4263 934 4317 ἀπὸ
964 4264 1195 4334 Καινῆς,
1220 4263 1332 4317 εἴτε
1365 4265 1474 4320 ἀπὸ
1502 4265 1744 4331 Παλαιᾶς
1765 4281 1778 4296 ·
1825 4267 1888 4320 οὐ
1915 4268 2025 4341 γὰρ

435 4345 504 4417 δὴ
527 4345 687 4416 μόνον
701 4349 759 4399 ἐν
773 4349 886 4410 τοῖς
913 4347 1287 4416 εὐαγγελικοῖς
1303 4349 1519 4412 καὶτοῖς
1533 4350 1906 4416 ἀποστολικοῖς
1924 4355 2022 4422 ῥή-

441 4445 628 4498 μασιν,
641 4429 880 4482 ἀλλὰκαὶ
895 4430 952 4482 ἐν
968 4432 1078 4492 τοῖς
1091 4434 1449 4500 προφητικοῖς
1465 4433 1558 4486 καὶ
1575 4435 1720 4506 πάσῃ
1737 4439 1803 4507 τῇ
1813 4436 2024 4507 Παλαιᾷ

439 4510 581 4580 μετά
604 4511 804 4581 πολλῆς
836 4513 934 4581 τῆς
953 4512 1268 4583 περιουσίας
1284 4513 1694 4585 διαλάμπουσαν
1713 4517 1860 4572 ἔστιν
1896 4519 2022 4572 ίδεῖν

435 4592 538 4662 τὴν
565 4593 659 4646 τοῦ
688 4594 1026 4662 Μονογενοῦς
1043 4593 1196 4658 δόξαν
1215 4611 1230 4626 ·
1265 4596 1346 4649 διὸ
1368 4599 1462 4651 καὶ
1489 4598 1738 4652 ἐντεῦθέν
1771 4620 1861 4671 μοι
1875 4603 2024 4656 δοκεῖ

437 4674 575 4745 πρὸς
585 4675 822 4739 ἐκείνους
833 4677 904 4729 ἀκ
912 4676 1386 4746 ροϐολίσασθαι.οὐ
1399 4679 1508 4750 γὰρ
1517 4680 1580 4752 δὴ
1596 4681 1789 4751 μόνους
1801 4683 2019 4748 τούτους

435 4757 690 4811 ἐντεῦθεν
727 4759 1042 4828 ποιούμενοι
1065 4762 1193 4825 τοὺς
1221 4760 1434 4830 λόγους,
1486 4764 1623 4817 ἀλλά
1653 4767 1746 4818 καὶ
1794 4767 2018 4837 ἐτέρους

443 4839 699 4904 πλείονας
725 4841 1039 4912 αἱρετικοὺς
1066 4842 1416 4914 δυνησόμεθα
1459 4847 1810 4915 καταϐαλεῖν,
1861 4851 2022 4921 Μαρ-

437 4923 632 4992 κίωνα,
664 4926 986 4996 Μανιχαῖον,
1019 4925 1393 4993 Οὐαλεντίνον,
1422 4929 1530 4983 τῶν
1559 4931 1827 4985 Ἰουδαίων
1853 4935 2022 4988 ἃπαν-

435 5025 505 5061 τα
527 5009 595 5061 τά
623 5010 972 5079 συστήματα.
997 5010 1270 5081 Καθάπερ
1291 5012 1397 5084 γὰρ
1430 5014 1524 5066 ἐπὶ
1548 5013 1645 5067 τοῦ
1675 5015 1840 5068 Δαυῒδ
1863 5017 1892 5067 6
1921 5019 2020 5087 μὲν

435 5090 629 5144 Γολιάθ
662 5092 957 5160 κατέπεσε,
993 5093 1054 5147 τὺ
1100 5093 1158 5148 66
1203 5096 1564 5165 στρατόπεδον
1612 5097 1760 5151 ἆπαν
1789 5099 2019 5170 ἐδραπέ-

433 5191 616 5237 τευσε,
645 5176 741 5228 καὶ
769 5177 799 5229 6
831 5175 931 5246 μὲν
955 5176 1184 5241 θάνατος
1211 5177 1332 5241 ένὸς
1351 5178 1540 5246 γέγονε
1571 5178 1822 5249 σώματος
1845 5182 1897 5246 d,
1923 5185 2019 5238 καὶ

436 5259 565 5330 μιᾶς
596 5261 631 5329 ή
660 5259 840 5331 πληγὴ
867 5260 1132 5330 κεφαλῆς,
1168 5263 1202 5333 ή
1227 5261 1284 5314 δέ
1317 5263 1463 5334 φυγὴ
1483 5265 1577 5317 καὶ
1607 5266 1639 5334 ή
1663 5264 1837 5319 δειλία
1861 5268 2014 5340 κοινὴ

433 5340 526 5394 τοῦ
557 5344 920 5413 στρατοπέδου
945 5345 1146 5410 παντός
1167 5363 1181 5377 ·
1227 5345 1371 5399 οῦτω
1399 5347 1462 5418 δὴ
1496 5348 1589 5400 καὶ
1614 5349 1700 5416 ἐφ’
1729 5349 1889 5419 ήμῶν
1921 5351 2016 5402 νῦν

435 5426 566 5492 μιᾶς
600 5427 865 5498 αἱρέσεως
902 5428 1207 5500 πληγείσης
1241 5430 1335 5486 καὶ
1364 5430 1807 5502 καταπεσούσης,
1860 5432 2014 5504 κοινὴ

431 5508 539 5563 τῶν
569 5510 1045 5583 ἀπηριθμημένων
1079 5513 1338 5570 ἁπάντων
1367 5513 1518 5567 ἔσται
1555 5517 1724 5584 φυγή.

493 5672 517 5740 ξ
540 5670 891 5740 ῥιὶί-πᾲντοθεν
915 5675 1092 5740 κύκλῳ·
1122 5682 1174 5724 ει
1195 5689 1308 5724 mox
1329 5676 1376 5724 ἐν
1401 5677 1522 5738 μέσῃ
1543 5683 1598 5738 τῇ
1627 5677 1828 5740 καμίνῳ.

489 5731 686 5798 πέεωυει.
711 5735 758 5798 ἐν
779 5737 854 5798 τῷ.
869 5739 1018 5798 μέσῳ.

495 5795 518 5862 ξ
545 5793 682 5862 [nus
707 5793 906 5862 _I‘o)aa::_6.
950 5793 1080 5862 ﬂigi]?
1134 5797 1219 5862 al»i_i_
1254 5798 1403 5862 πολλῇ
1430 5800 1518 5862 καὶ
1556 5800 1732 5862 μεγά)ῃ
1758 5800 1994 5849 πάντοθεν.

426 5851 965 5925 (Δίνεζιξίκαίμεγάλῃς)
991 5857 1116 5905 Infra
1141 5860 1224 5907 alii
1249 5860 1272 5905 6
1299 5860 1348 5905 δὲ
1374 5851 1570 5908 ἔνδοθενξ
1625 5851 1656 5925 ἰ

490 5916 513 5953 ά
543 5916 642 5964 Alii
665 5915 844 5976 ἐγένετο
872 5915 1109 5979 σώματος.

1154 328 1212 380 S.
1248 324 1534 386 JOANMS
1572 320 2051 379 CIIRYSUS'I'UMI
2093 319 2413 375 AM‘JIIEP.
2455 320 3003 380 CUNSTANTINOP.

3617 325 3730 386 798

2209 438 2505 508 Μανιχαίοι
2545 439 2644 510 μὲν
2671 439 2779 512 γὰρ
2806 442 2900 494 καὶ
2927 441 2978 495 el
3003 439 3073 498 τά
3103 440 3245 498 αὐτά
3263 440 3545 505 νοσοῦντες
3574 443 3732 499 ἐκεί.

2133 539 2244 585 νοις
2275 520 2366 574 τὸν
2401 522 2499 592 μέν
2525 515 2931 593 κηρυττόμενον
2947 524 3165 584 δοκοῦσι
3189 522 3438 594 δέχεσθαι
3458 525 3727 595 Χριστὸν,

2129 605 2258 669 τούς
2291 605 2348 658 δὲ
2374 604 2743 677 κηρύττοντας
2767 606 2930 662 αὐτὸν
2963 608 3288 679 ἀτιμάζουσι
3316 609 3605 680 προφήτας
3627 612 3729 664 και

2133 687 2508 758 πατριάρχας·
2548 689 2792 742 Ἰουδαῖοι
2825 691 2882 742 δὲ
2923 691 3084 744 πάλιν
3110 691 3438 756 ἀπεναντίας
3461 695 3590 757 τούς
3622 694 3730 764 μὲν

2132 772 2498 843 κηρύττοντας
2519 771 2681 825 αὐτὸν
2702 771 2920 826 δοκοῦσι
2955 773 3205 844 δέχεσθαι
3243 773 3338 828 καὶ
3369 774 3724 846 θεραπεύειν,

2133 856 2417 927 προφήτας
2449 855 2594 924 λέγω
2626 857 2722 911 καὶ
2767 857 2862 911 τὸν
2913 856 3212 928 νομοθέτην
3241 858 3421 912 αὐτῶν
3458 869 3482 896 e
3503 899 3518 923 ,
3546 859 3639 911 τὸν
3665 861 3725 914 δὲ

2131 939 2535 1010 κηρυττόμενον
2563 939 2655 992 ὑπ’
2684 939 2864 994 αὐτῶν
2907 939 3286 1011 ἀτιμάζουσιν.
3314 941 3484 1010 Ὅταν
3511 937 3608 994 οὖν
3653 945 3724 1014 τῇ

2131 1019 2226 1072 τοῦ
2264 1021 2398 1074 Θεοῦ
2457 1021 2642 1093 χάριτι
2697 1021 2965 1094 δείξωμεν
3017 1022 3219 1094 πολλὴν
3275 1023 3333 1076 ἐν
3381 1026 3449 1094 τῇ
3505 1024 3726 1096 Παλαιᾷ

2131 1120 2523 1174 προαναφωνου
2531 1105 2700 1177 μένην
2721 1106 2817 1160 τοῦ
2841 1106 3183 1175 Μονογενοῦς
3207 1107 3305 1178 τήν
3337 1107 3516 1172 δόξαν,
3541 1111 3726 1162 πάντα

2129 1185 2300 1239 ταῦτα
2327 1185 2669 1259 δυνησόμεθα
2695 1187 2764 1242 τά
2795 1188 3041 1260 θεομάχα
3060 1189 3417 1260 καταισχῦναι
3447 1191 3722 1262 στόματα,

2131 1268 2225 1322 καὶ
2245 1269 2347 1332 τάς
2370 1268 2722 1342 βλασφήμους
2751 1272 3103 1343 ἐπιστομίσαι
3123 1271 3391 1342 γλώττας.
3416 1273 3724 1345 Ὅταν-γάρ

2131 1350 2388 1422 φαίνηται
2414 1353 2762 1424 κηρύττουσα
2778 1355 2870 1407 τὸν
2890 1354 3126 1426 Χριστὸν
3149 1357 3184 1426 ή
3208 1355 3419 1411 Παλαιὰ
3448 1355 3720 1427 Διαθήκη,

2129 1433 2211 1497 τίς
2249 1434 2402 1488 ἔσται
2431 1437 2757 1507 Μανιχαίοις
2787 1437 2881 1490 καὶ
2922 1441 3037 1501 τοῖς
3067 1437 3193 1492 κατ’
3228 1439 3472 1502 ἐκείνους
3510 1439 3528 1478 ῐ
3579 1441 3719 1493 ἀπο-

2129 1517 2284 1586 λογία
2333 1519 2661 1590 ἀτιμάζουσι
2714 1522 2816 1591 τὴν
2850 1521 3350 1592 προαναφωνοῦσαν
3393 1521 3488 1575 τόν
3538 1525 3722 1577 κοινὸν

2132 1601 2350 1656 πάντων
2371 1605 2646 1675 Δεσπότην
2671 1621 2685 1670 ;
2715 1605 2797 1668 τίς
2824 1605 2881 1658 66
2915 1603 3213 1675 συγγνώμη
3250 1605 3345 1658 καὶ
3385 1605 3719 1676 παραίτησις

2129 1687 2244 1748 τοῖς
2280 1687 2556 1750 Ἰουδαίοις
2575 1686 2667 1741 τὸν
2701 1687 2805 1740 ὑπὸ
2823 1687 2930 1740 τῶν
2955 1685 3254 1758 προφητῶν
3287 1687 3717 1758 καταγγελλὸμε-

2130 1784 2220 1820 νον
2246 1768 2321 1840 μὴ
2345 1768 2688 1841 δεχομένοις;

2205 1851 2269 1922 β’.
2303 1852 2454 1905 Ἐπεὶ
2482 1847 2574 1906 οὖν
2607 1852 2844 1924 τοσαύτη
2879 1853 2980 1924 τῆς
3016 1851 3172 1924 νίκης
3210 1855 3243 1924 ή
3285 1854 3595 1926 περιουσία,
3627 1855 3722 1908 ἐπὶ

2130 1934 2200 1988 τὰ
2232 1935 2565 2008 παλαιότερα
2605 1937 2786 2007 βιϐλία
2821 1936 2912 1991 τὸν
2943 1937 3098 2004 λόγον
3124 1938 3444 2009 ἀγάγωμεν,
3486 1939 3582 1992 καὶ
3609 1937 3722 1990 τῶν

2134 2019 2378 2074 παλαιῶν
2423 2021 2602 2076 αὐτῶν
2646 2021 2708 2074 τὸ
2761 2019 3122 2093 ἀρχαιότερον
3171 2023 3388 2076 πάντων
3410 2061 3427 2086 ,
3473 2022 3566 2075 ἐπὶ
3619 2022 3720 2092 τὴν

2133 2102 2348 2158 Γένεσιν
2372 2104 2536 2172 λέγω,
2583 2103 2677 2157 καὶ
2702 2103 2802 2174 τῆς
2831 2103 3102 2167 Γενέσεως
3135 2104 3309 2174 αὐτῆς
3340 2105 3433 2158 ἐπὶ
3474 2104 3573 2174 τὴν
3635 2123 3718 2158 κο⁴

2133 2187 2308 2260 ρυφήν
2334 2186 2644 2257 ἀναϐῶμεν.
2671 2187 2794 2238 Ὅτι
2822 2185 2933 2258 γὰρ
2962 2187 3092 2258 περὶ
3115 2186 3208 2239 τοῦ
3258 2187 3497 2258 Χριστοῦ
3546 2187 3719 2241 πολλὶ

2131 2286 2297 2340 φησιν
2322 2270 2352 2322 6
2381 2269 2644 2340 Μωὺσῆς,
2682 2267 2915 2322 ἄκουσον
2946 2268 3114 2323 αὐτοῦ
3143 2269 3383 2340 Χριστοῦ
3421 2270 3676 2339 λέγοντος
3702 2290 3716 2302 ο

2130 2354 2202 2407 Ei
2227 2354 2574 2408 ἐπιστεύετε
2611 2351 2860 2420 Μωῦσῇ.
2899 2353 3249 2409 ἐπιστεύετε
3286 2354 3364 2408 ἂν
3391 2356 3526 2425 ἐμοί
3545 2372 3559 2386 ·
3585 2357 3719 2424 περὶ

2131 2433 2286 2507 1315]
2321 2435 2430 2505 γὰρ
2462 2435 2608 2506 ἐμοῦ
2639 2434 2870 2502 ἐκεῖνος
2913 2436 3158 2505 ἔγραψε.
3217 2437 3329 2490 Ποῦ
3375 2439 3434 2492 δὲ
3476 2437 3717 2510 ἔγραψεν

2129 2519 2336 2582 ἐκεῖνος
2388 2521 2516 2591 περὶ
2559 2518 2762 2586 αὐτοῦ;
2820 2519 2991 2573 Τοῦτο
3014 2520 3115 2592 ήδη
3140 2520 3312 2588 δεῖξαι
3358 2522 3714 2592 πειράσομαι.

2143 2597 2359 2671 Ἐπειδὴ
2403 2602 2514 2672 γάρ
2557 2603 2590 2673 ή
2619 2601 2796 2665 κτίσις
2821 2603 3127 2674 ἀπήρτιστο
3155 2605 3333 2670 πᾶσα,
3361 2606 3456 2662 καὶ
3486 2606 3717 2674 ποικίλῳ

2134 2683 2232 2754 μὲν
2259 2684 2287 2735 6
2313 2682 2544 2754 οὐρανὸς
2570 2685 2911 2754 ἐστεφάνωτο
2928 2685 3144 2757 ἄστρων
3163 2686 3331 2758 χορῷ,
3351 2687 3714 2752 παντοδαποῖς

2129 2767 2186 2820 66
2233 2767 2450 2822 ἄνθεσιν
2492 2767 2839 2839 ἀντέλαμπεν
2890 2769 3038 2840 αὐτῷ
3082 2770 3328 2823 κάτωθεν
3382 2772 3415 2842 ή
3469 2772 3541 2841 γῆ
3567 2812 3581 2833 ,
3622 2775 3714 2824 καὶ

2130 2849 2359 2921 πλήρεις
2397 2852 2495 2921 μὲν
2529 2850 2702 2922 ὁρέων
2735 2852 2994 2924 κορυφαὶ,
3020 2851 3205 2923 πλήρη
3229 2851 3287 2905 δὲ
3311 2854 3407 2906 καὶ
3440 2854 3598 2907 πεδία
3622 2856 3714 2910 καὶ

2131 2934 2437 3004 φάραγγες,
2482 2935 2578 2988 καὶ
2628 2934 2817 2998 ἁπλῶς
2863 2935 3012 2986 πᾶσα
3049 2936 3082 3003 ή
3130 2934 3230 3004 τῆς
3269 2935 3375 3005 γῆς
3417 2936 3713 3005 ἐπιφάνεια

2131 3016 2315 3084 φυτῶν
2346 3017 2437 3068 καὶ
2459 3015 2691 3086 δένδρων
2715 3018 2807 3070 καὶ
2832 3016 3076 3086 βοτανῶν
3103 3012 3194 3087 ῆν,
3225 3019 3322 3070 καὶ
3348 3019 3579 3090 ἐσκίρτα
3617 3021 3715 3091 μὲν

2130 3097 2396 3168 ποίμνια,
2475 3098 2706 3170 ἐσκίρτα
2755 3098 2811 3151 66
2873 3098 3167 3168 βουκόλια,
3230 3099 3340 3152 τῶν
3387 3101 3444 3154 δὲ
3503 3102 3716 3172 ᾡδικῶν

2129 3180 2358 3253 ὀρνίθων
2400 3184 2429 3234 ὀ
2474 3181 2654 3252 χορὸς,
2695 3182 2794 3252 τὴν
2839 3182 2976 3236 ἰδίαν
3021 3181 3183 3251 φύσιν
3232 3183 3712 3256 ἐπιδεικνύμενος,

2134 3265 2398 3336 μουσικῆς
2419 3265 2510 3317 τὸν
2525 3266 2662 3334 ἀέρα
2685 3267 2864 3320 πάντα
2893 3264 3152 3338 ἐπλήρου,
3171 3265 3267 3318 καὶ
3300 3266 3476 3336 μεστά
3497 3269 3712 3342 πελάγη

2127 3349 2236 3402 τῶν
2267 3348 2494 3402 ἐναλίων
2525 3347 2677 3412 ζώων
2715 3344 2804 3420 ῆν,
2838 3348 3065 3419 πλήρεις
3098 3348 3156 3401 66
3184 3349 3371 3419 λίμναι
3415 3352 3510 3405 καὶ
3537 3358 3713 3423 πηγαὶ

2130 3433 2226 3486 καὶ
2258 3433 2494 3502 ποταμοὶ
2511 3432 2619 3485 τῶν
2644 3433 2701 3484 ἐν
2733 3433 2918 3495 αὐτοῖς
2939 3433 3277 3503 τικτομένων
3308 3434 3588 3498 ἁπάντων,
3624 3439 3714 3491 καὶ

2127 3516 2280 3569 οὐδὲν
2309 3511 2378 3588 ἦν
2429 3515 2736 3580 ἀτέλεστον,
2767 3515 2907 3572 ἀλλά
2937 3516 3116 3569 πάντα
3147 3517 3474 3588 ἀπήρτιστο,
3525 3519 3714 3591 ἐζήτει

2127 3600 2191 3654 τὸ
2220 3600 2378 3670 σῶμα
2399 3600 2501 3671 τήν
2525 3599 2790 3669 κεφαλὴν,
2817 3601 2850 3670 ή
2885 3599 3040 3662 πόλις
3062 3598 3152 3652 τὸν
3173 3600 3431 3670 ἄρχοντα,
3467 3603 3501 3672 ή
3536 3603 3710 3667 κτίσις

2128 3681 2220 3736 τὸν
2253 3682 2501 3752 βασιλέα,
2553 3681 2698 3750 λέγω
2747 3683 2812 3752 δὴ
2858 3682 2951 3735 τὸν
2995 3682 3303 3754 ἄνθρωπον.
3350 3683 3578 3738 Μέλλων
3618 3683 3707 3740 οὖν

2128 3764 2292 3816 αὐτὸν
2346 3763 2694 3818 διαπλάττειν
2727 3766 2756 3816 6
2799 3764 2932 3827 Θεός
2965 3781 3128 3834 φησιν
3152 3782 3164 3793 ·
3205 3765 3559 3836 Ποιήσωμεν
3610 3768 3710 3821 ἇν-

2128 3849 2363 3914 θρωπον
2384 3847 2514 3899 κατ’
2533 3847 2739 3900 εἰκόνα
2767 3846 3068 3915 ἡμετέραν
3091 3847 3191 3901 καί
3232 3849 3538 3920 ὁμοίωσιν.
3567 3851 3710 3921 Πρὸς

2127 3929 2248 3983 τίνα
2275 3929 2615 3998 διαλέγεται;
2649 3929 2884 4001 Εὔδηλον
2915 3931 2997 3983 ὅτι
3027 3931 3164 4003 πρὸς
3193 3930 3284 3986 τὸν
3305 3933 3584 4003 Μονογενῆ
3622 3934 3710 3988 τὸν

2129 4011 2345 4066 ἐαυτοῦ.
2380 4013 2489 4066 Καὶ
2513 4013 2616 4066 οὐκ
2646 4009 2790 4076 εἷπε,
2823 4015 3080 4085 Ποίησον,
3119 4015 3204 4068 ἵνα
3227 4015 3302 4086 μὴ
3329 4017 3560 4087 νομίσῃς
3589 4017 3708 4071 δου-

2126 4093 2276 4147 λικὸν
2304 4090 2448 4148 εἶναι
2481 4095 2765 4165 ἐπίταγμα
2796 4095 2858 4148 τὸ
2887 4096 3205 4167 λεγόμενον,
3233 4096 3389 4160 ἀλλὰ,
3435 4098 3703 4165 Ποιήσω-

2121 4192 2270 4246 μεν,
2323 4175 2412 4229 ἵνα
2465 4176 2556 4230 διὰ
2600 4177 2698 4230 τοῦ
2751 4179 3034 4250 σχήματος
3084 4179 3186 4250 τῆς
3239 4179 3548 4250 συμϐουλῆς
3601 4182 3712 4236 τῶν

2127 4257 2390 4329 ῥημάτων
2420 4257 2481 4312 τὸ
2511 4259 2776 4329 ὁμότιμον
2806 4259 3112 4333 ἐκκαλύψῃ.
3167 4261 3307 4316 Ποτὲ
3347 4261 3447 4332 μὲν
3473 4263 3583 4334 γὰρ
3615 4265 3701 4318 λέ-

2124 4358 2278 4411 γεται
2311 4340 2615 4412 σύμϐουλον
2640 4341 2785 4413 ἔχειν
2815 4344 2845 4396 6
2873 4343 3027 4410 Θεὸς,
3072 4343 3207 4397 ποτέ
3232 4345 3289 4398 66
3323 4345 3395 4416 μὴ
3427 4346 3594 4416 ἔχειν,
3644 4350 3704 4402 οὐ

2124 4424 2226 4494 τῆς
2254 4424 2477 4496 Γραφῆς
2511 4426 2679 4496 ἑαυτῇ
2734 4427 3067 4498 μαχομένης,
3121 4428 3237 4482 ἀλλ’
3279 4429 3567 4500 ἀπόρρητα
3618 4433 3704 4486 δό-

2125 4522 2315 4575 γματα
2346 4505 2798 4577 ἐκκαλυπτούσης
2845 4509 2977 4578 ήμῖν
3005 4509 3072 4561 δι’
3107 4511 3432 4582 ἀμφοτέρων
3473 4513 3700 4571 τούτων.

2127 4589 2298 4644 Ὅταν
2325 4590 2421 4660 μὲν
2453 4590 2564 4660 γὰρ
2591 4590 2653 4643 τὸ
2679 4590 2930 4654 ἀνενδεὲς
2974 4592 3140 4646 αὐτοῦ
3189 4596 3540 4664 παραστῆσαι
3577 4598 3698 4666 $06-

2123 4671 2305 4742 ληται,
2339 4673 2504 4743 φησὶν
2524 4673 2631 4726 οὐκ
2652 4672 2798 4744 ἔχειν
2826 4673 2990 4728 αὐτὸν
3026 4675 3327 4746 σύμϐουλον
3347 4693 3362 4709 ⁸
3401 4679 3528 4731 ὅταν
3552 4680 3610 4732 66
3643 4682 3700 4734 τὸ

2122 4755 2383 4826 ὁμότιμον
2411 4753 2509 4809 τοῦ
2546 4755 2910 4825 Μονογενοῦς,
2937 4756 3249 4828 σύμϐουλον⁴
3280 4757 3436 4812 καλεῖ
3456 4761 3547 4814 τὸν
3581 4763 3704 4814 Υἱὸν

2121 4836 2215 4891 τοῦ
2241 4837 2396 4892 Θεοῦ.

2193 4921 2304 4975 Καὶ
2325 4921 2412 4973 ἵνα
2447 4920 2628 4994 μάθῃς
2654 4919 2829 4976 ταῦτα
2855 4923 3166 4995 ἀμφότερα,
3195 4925 3278 4980 ὅτι
3309 4944 3372 4979 τε-
3397 4927 3697 4997 σύμϐουλον

2119 5004 2210 5058 τὸν
2244 5004 2370 5057 Υἰὸν
2401 5004 2657 5058 καλοῦσιν
2685 5008 2735 5059 οί
2760 5008 3035 5078 προφῆται
3063 5011 3112 5073 ⁸,
3136 5009 3232 5080 οὐχ
3265 5010 3341 5073 ὡς
3368 5010 3461 5063 τοῦ
3487 5011 3698 5081 Πατρός

2117 5086 2372 5158 δεομένου
2406 5087 2736 5158 συμϐουλῆς,
2796 5089 2912 5142 ἀλλ’
2963 5091 3049 5143 ἵνα
3099 5091 3194 5144 τοῦ
3234 5093 3572 5161 Μονογενοῦς
3605 5095 3698 5164 τήν

2117 5171 2282 5241 τιμὴν
2315 5171 2596 5240 μάθωμεν,
2631 5171 2728 5224 καὶ
2763 5172 2846 5226 ὅτι
2871 5173 3034 5228 πάλιν
3075 5175 3137 5226 οὐ
3163 5176 3334 5229 δεῖται
3367 5177 3695 5247 συμϐούλου,

2117 5253 2348 5308 ἄκουσον
2390 5254 2487 5306 τοῦ
2524 5253 2738 5307 Παύλου
2784 5255 3033 5323 λέγοντος
3053 5274 3067 5287 ·
3106 5259 3168 5310 Ὢ
3196 5258 3392 5325 ,βάθος
3430 5262 3695 5316 πλούτου

2116 5336 2216 5391 καὶ
2247 5337 2470 5406 σοφίας
2501 5337 2603 5390 καί
2643 5337 2922 5406 γνώσεως
2955 5341 3127 5403 Θεοῦ,
3157 5342 3238 5406 ὡς
3255 5343 3697 5414 ἁνεξερεύνητα

2116 5421 2187 5474 τὰ
2207 5421 2457 5489 κρίματα
2482 5421 2692 5487 αὐτοῦ,
2725 5420 2825 5474 καί
2856 5422 3307 5492 ἀνεξιχνίαστοι
3335 5429 3395 5480 αι
3423 5425 3552 5480 ὁδοί
3589 5430 3686 5482 αὺ-

2115 5503 2222 5557 τοῦ
2238 5503 2258 5555 .¹
2281 5504 2375 5568 Τίς
2408 5502 2519 5576 γὰρ
2539 5502 2692 5574 ἔγνω
2717 5503 2869 5556 νοῦν
2897 5507 3142 5574 Κυρίου,
3171 5508 3208 5576 ἢ
3232 5509 3324 5574 τίς
3348 5509 3691 5578 σύμϐουλος

2182 5621 2205 5686 f
2231 5618 2509 5686 éliiaﬁﬁv.
2548 5620 2766 5686 miraque
2790 5621 2940 5686 lectio
2959 5625 3182 5686 quadrat.

2161 5678 2198 5758 ’ί
2230 5681 2378 5730 Savil'.
2407 5682 2658 5744 Μανιχαίῳ
2679 5678 2879 5740 καὶτοῖς
2899 5678 2999 5735 κατ’
3020 5686 3217 5745 ἐκεῖνον,
3257 5691 3309 5735 et
3332 5685 3454 5734 infra
3482 5687 3545 5749 μὴ
3567 5689 3692 5743 δεξει-

2116 5759 2373 5871 μῗέοέῖίξίι.
2410 5809 2462 5871 0_l
2483 5807 2698 5871 (malum:
2713 5807 2908 5871 (39(1in
2934 5806 3080 5868 μάθῃς
3104 5808 3255 5871 ταῦτα
3288 5808 3532 5871 ἀμφεὰτερα
3553 5811 3623 5856 ὅτι
3644 5826 3689 5858 τι

2111 5866 2377 5935 σύμϐουλον
2392 5867 2475 5935 ,τὸν
2501 5865 2604 5935 Υίόν
2624 5864 2851 5935 καλοῦσιν
2875 5864 3206 5935 οίπροφῆται,
3235 5864 3403 5919 Μιπιίοῖ.
3437 5864 3584 5933 μᾶθῃτ,
3621 5873 3688 5919 ὅτι

2109 5925 2258 5975 ταῦτα
2280 5925 2520 5988 ἀμφότερα
2541 5926 2619 5974 τὸν
2647 5929 2751 5976 Υίὸν
2774 5925 3000 5976 καλοῦσιν
3030 5925 3072 5977 οί
3097 5925 3353 5994 προφῆται.
