  <div class='ocr_page' id='page_1' title='image "/cluster/home/n/w/nwhite01/storage/ocr_20150623/48:no.1:pt.2/coo.31924054869478/278.png"; bbox 0 0 3918 6432; ppageno 0'>
   <div class='ocr_carea' id='block_1_1' title="bbox 181 368 286 428">
    <p class='ocr_par' dir='ltr' id='par_1_1' title="bbox 181 368 286 428">
     <span class='ocr_line' id='line_1_1' title="bbox 181 368 286 428; baseline -0.01 -1"><span class='ocrx_word' id='word_1_1' title='bbox 181 368 286 428; x_wconf 77' lang='grc'><strong>⁸197</strong></span> 
     </span>
    </p>
   </div>
   <div class='ocr_carea' id='block_1_2' title="bbox 184 465 1783 540">
    <p class='ocr_par' dir='ltr' id='par_1_2' title="bbox 184 465 1783 540">
     <span class='ocr_line' id='line_1_2' title="bbox 184 465 1783 540; baseline -0.014 0"><span class='ocrx_word' id='word_1_2' title='bbox 184 477 448 540; x_wconf 87' lang='lat' dir='ltr'><strong>imminui.</strong></span> <span class='ocrx_word' id='word_1_3' title='bbox 475 472 827 536; x_wconf 85' lang='lat' dir='ltr'><strong>Circumdant</strong></span> <span class='ocrx_word' id='word_1_4' title='bbox 863 478 1100 527; x_wconf 80' lang='lat' dir='ltr'><strong>sanctam</strong></span> <span class='ocrx_word' id='word_1_5' title='bbox 1142 470 1284 527; x_wconf 87' lang='lat' dir='ltr'><strong>hanc</strong></span> <span class='ocrx_word' id='word_1_6' title='bbox 1321 467 1497 523; x_wconf 86' lang='lat' dir='ltr'><strong>navim</strong></span> <span class='ocrx_word' id='word_1_7' title='bbox 1525 465 1783 523; x_wconf 84' lang='lat' dir='ltr'><strong>continuo</strong></span> 
     </span>
    </p>
   </div>
   <div class='ocr_carea' id='block_1_3' title="bbox 152 557 1779 649">
    <p class='ocr_par' dir='ltr' id='par_1_3' title="bbox 152 557 1779 649">
     <span class='ocr_line' id='line_1_3' title="bbox 152 557 1779 649; baseline -0.011 -21"><span class='ocrx_word' id='word_1_8' title='bbox 152 636 165 649; x_wconf 30' lang='grc' dir='ltr'><strong>κ</strong></span> <span class='ocrx_word' id='word_1_9' title='bbox 187 576 483 641; x_wconf 85' lang='lat' dir='ltr'><strong>tempestas</strong></span> <span class='ocrx_word' id='word_1_10' title='bbox 511 575 571 623; x_wconf 90' lang='lat' dir='ltr'><strong>et</strong></span> <span class='ocrx_word' id='word_1_11' title='bbox 606 565 797 631; x_wconf 83' lang='lat' dir='ltr'><strong>hiems,</strong></span> <span class='ocrx_word' id='word_1_12' title='bbox 838 562 1300 634; x_wconf 79' lang='lat' dir='ltr'><strong>procellarumque</strong></span> <span class='ocrx_word' id='word_1_13' title='bbox 1334 573 1417 615; x_wconf 89' lang='lat' dir='ltr'><strong>vts</strong></span> <span class='ocrx_word' id='word_1_14' title='bbox 1446 573 1462 613; x_wconf 90' lang='lat'><strong>:</strong></span> <span class='ocrx_word' id='word_1_15' title='bbox 1502 571 1610 612; x_wconf 91' lang='lat' dir='ltr'><strong>non</strong></span> <span class='ocrx_word' id='word_1_16' title='bbox 1651 557 1779 612; x_wconf 76' lang='lat' dir='ltr'><strong>sub~</strong></span> 
     </span>
    </p>
   </div>
   <div class='ocr_carea' id='block_1_4' title="bbox 185 648 1785 731">
    <p class='ocr_par' dir='ltr' id='par_1_4' title="bbox 185 648 1785 731">
     <span class='ocr_line' id='line_1_4' title="bbox 185 648 1785 731; baseline -0.008 -16"><span class='ocrx_word' id='word_1_17' title='bbox 185 668 504 731; x_wconf 80' lang='lat' dir='ltr'><strong>merguntur</strong></span> <span class='ocrx_word' id='word_1_18' title='bbox 551 666 729 715; x_wconf 86' lang='lat' dir='ltr'><strong>tamen</strong></span> <span class='ocrx_word' id='word_1_19' title='bbox 770 655 863 727; x_wconf 91' lang='lat' dir='ltr'><strong>qui</strong></span> <span class='ocrx_word' id='word_1_20' title='bbox 906 654 960 710; x_wconf 93' lang='lat' dir='ltr'><strong>in</strong></span> <span class='ocrx_word' id='word_1_21' title='bbox 1003 668 1066 709; x_wconf 88' lang='lat' dir='ltr'><strong>ea</strong></span> <span class='ocrx_word' id='word_1_22' title='bbox 1096 651 1367 722; x_wconf 76' lang='lat' dir='ltr'><strong>navigant.</strong></span> <span class='ocrx_word' id='word_1_23' title='bbox 1400 648 1785 718; x_wconf 85' lang='lat' dir='ltr'><strong>Undecumque</strong></span> 
     </span>
    </p>
   </div>
   <div class='ocr_carea' id='block_1_5' title="bbox 185 739 1785 814">
    <p class='ocr_par' dir='ltr' id='par_1_5' title="bbox 185 739 1785 814">
     <span class='ocr_line' id='line_1_5' title="bbox 185 739 1785 814; baseline -0.013 -4"><span class='ocrx_word' id='word_1_24' title='bbox 185 752 451 810; x_wconf 89' lang='lat' dir='ltr'><strong>invadunt</strong></span> <span class='ocrx_word' id='word_1_25' title='bbox 479 748 750 805; x_wconf 50' lang='lat' dir='ltr'><strong>haeretica).</strong></span> <span class='ocrx_word' id='word_1_26' title='bbox 785 747 1038 813; x_wconf 64' lang='lat' dir='ltr'><strong>flammea,</strong></span> <span class='ocrx_word' id='word_1_27' title='bbox 1065 753 1120 800; x_wconf 92' lang='lat' dir='ltr'><strong>ct</strong></span> <span class='ocrx_word' id='word_1_28' title='bbox 1141 744 1233 814; x_wconf 92' lang='lat' dir='ltr'><strong>qui</strong></span> <span class='ocrx_word' id='word_1_29' title='bbox 1260 743 1311 797; x_wconf 90' lang='lat' dir='ltr'><strong>in</strong></span> <span class='ocrx_word' id='word_1_30' title='bbox 1339 739 1516 798; x_wconf 88' lang='lat' dir='ltr'><strong>medio</strong></span> <span class='ocrx_word' id='word_1_31' title='bbox 1542 747 1669 797; x_wconf 83' lang='lat' dir='ltr'><strong>sunt</strong></span> <span class='ocrx_word' id='word_1_32' title='bbox 1694 753 1785 793; x_wconf 89' lang='lat' dir='ltr'><strong>ca-</strong></span> 
     </span>
    </p>
   </div>
   <div class='ocr_carea' id='block_1_6' title="bbox 185 832 1782 912">
    <p class='ocr_par' dir='ltr' id='par_1_6' title="bbox 185 832 1782 912">
     <span class='ocr_line' id='line_1_6' title="bbox 185 832 1782 912; baseline -0.009 -11"><span class='ocrx_word' id='word_1_33' title='bbox 185 845 354 912; x_wconf 81' lang='lat' dir='ltr'><strong>mino,</strong></span> <span class='ocrx_word' id='word_1_34' title='bbox 392 857 527 898; x_wconf 87' lang='lat' dir='ltr'><strong>rore</strong></span> <span class='ocrx_word' id='word_1_35' title='bbox 564 839 825 911; x_wconf 86' lang='lat' dir='ltr'><strong>spirituali</strong></span> <span class='ocrx_word' id='word_1_36' title='bbox 856 837 1223 910; x_wconf 88' lang='lat' dir='ltr'><strong>perfruuntur.</strong></span> <span class='ocrx_word' id='word_1_37' title='bbox 1265 835 1362 891; x_wconf 87' lang='lat' dir='ltr'><strong>Est</strong></span> <span class='ocrx_word' id='word_1_38' title='bbox 1389 843 1445 890; x_wconf 90' lang='lat' dir='ltr'><strong>et</strong></span> <span class='ocrx_word' id='word_1_39' title='bbox 1472 834 1576 890; x_wconf 91' lang='lat' dir='ltr'><strong>hoc</strong></span> <span class='ocrx_word' id='word_1_40' title='bbox 1610 832 1782 888; x_wconf 87' lang='lat' dir='ltr'><strong>admi-</strong></span> 
     </span>
    </p>
   </div>
   <div class='ocr_carea' id='block_1_7' title="bbox 185 923 1782 1005">
    <p class='ocr_par' dir='ltr' id='par_1_7' title="bbox 185 923 1782 1005">
     <span class='ocr_line' id='line_1_7' title="bbox 185 923 1782 1005; baseline -0.009 -13"><span class='ocrx_word' id='word_1_41' title='bbox 185 936 377 1001; x_wconf 89' lang='lat' dir='ltr'><strong>rabile,</strong></span> <span class='ocrx_word' id='word_1_42' title='bbox 406 932 561 1005; x_wconf 86' lang='lat' dir='ltr'><strong>quod</strong></span> <span class='ocrx_word' id='word_1_43' title='bbox 585 931 828 988; x_wconf 77' lang='lat' dir='ltr'><strong>videmus</strong></span> <span class='ocrx_word' id='word_1_44' title='bbox 852 930 907 985; x_wconf 94' lang='lat' dir='ltr'><strong>in</strong></span> <span class='ocrx_word' id='word_1_45' title='bbox 937 930 1035 985; x_wconf 91' lang='lat' dir='ltr'><strong>hac</strong></span> <span class='ocrx_word' id='word_1_46' title='bbox 1056 936 1209 999; x_wconf 87' lang='lat' dir='ltr'><strong>parte</strong></span> <span class='ocrx_word' id='word_1_47' title='bbox 1235 926 1464 982; x_wconf 76' lang='lat' dir='ltr'><strong>civitatis</strong></span> <span class='ocrx_word' id='word_1_48' title='bbox 1487 923 1782 980; x_wconf 80' lang='lat' dir='ltr'><strong>Ecclesiam</strong></span> 
     </span>
    </p>
   </div>
   <div class='ocr_carea' id='block_1_8' title="bbox 185 1014 1784 1095">
    <p class='ocr_par' dir='ltr' id='par_1_8' title="bbox 185 1014 1784 1095">
     <span class='ocr_line' id='line_1_8' title="bbox 185 1014 1784 1095; baseline -0.006 -14"><span class='ocrx_word' id='word_1_49' title='bbox 185 1026 321 1081; x_wconf 80' lang='lat' dir='ltr'><strong>hanc</strong></span> <span class='ocrx_word' id='word_1_50' title='bbox 349 1026 674 1095; x_wconf 87' lang='lat' dir='ltr'><strong>plantatam,</strong></span> <span class='ocrx_word' id='word_1_51' title='bbox 722 1029 777 1077; x_wconf 88' lang='lat' dir='ltr'><strong>et</strong></span> <span class='ocrx_word' id='word_1_52' title='bbox 817 1019 1161 1076; x_wconf 87' lang='lat' dir='ltr'><strong>nihilominus</strong></span> <span class='ocrx_word' id='word_1_53' title='bbox 1197 1016 1349 1089; x_wconf 89' lang='lat' dir='ltr'><strong>quasi</strong></span> <span class='ocrx_word' id='word_1_54' title='bbox 1397 1016 1453 1071; x_wconf 92' lang='lat' dir='ltr'><strong>in</strong></span> <span class='ocrx_word' id='word_1_55' title='bbox 1494 1014 1668 1070; x_wconf 90' lang='lat' dir='ltr'><strong>medio</strong></span> <span class='ocrx_word' id='word_1_56' title='bbox 1684 1028 1784 1071; x_wconf 63' lang='grc' dir='ltr'><strong>ω-</strong></span> 
     </span>
    </p>
   </div>
   <div class='ocr_carea' id='block_1_9' title="bbox 184 1110 1785 1186">
    <p class='ocr_par' dir='ltr' id='par_1_9' title="bbox 184 1110 1785 1186">
     <span class='ocr_line' id='line_1_9' title="bbox 184 1110 1785 1186; baseline -0.006 -14"><span class='ocrx_word' id='word_1_57' title='bbox 184 1118 329 1172; x_wconf 87' lang='lat' dir='ltr'><strong>mino</strong></span> <span class='ocrx_word' id='word_1_58' title='bbox 376 1116 565 1172; x_wconf 87' lang='lat' dir='ltr'><strong>oleam</strong></span> <span class='ocrx_word' id='word_1_59' title='bbox 606 1114 1019 1186; x_wconf 86' lang='lat' dir='ltr'><strong>germinantem,</strong></span> <span class='ocrx_word' id='word_1_60' title='bbox 1066 1110 1315 1182; x_wconf 78' lang='lat' dir='ltr'><strong>foliisque</strong></span> <span class='ocrx_word' id='word_1_61' title='bbox 1360 1118 1683 1176; x_wconf 87' lang='lat' dir='ltr'><strong>comantem,</strong></span> <span class='ocrx_word' id='word_1_62' title='bbox 1732 1117 1785 1163; x_wconf 88' lang='lat' dir='ltr'><strong>et</strong></span> 
     </span>
    </p>
   </div>
   <div class='ocr_carea' id='block_1_10' title="bbox 182 1201 1782 1278">
    <p class='ocr_par' dir='ltr' id='par_1_10' title="bbox 182 1201 1782 1278">
     <span class='ocr_line' id='line_1_10' title="bbox 182 1201 1782 1278; baseline -0.004 -16"><span class='ocrx_word' id='word_1_63' title='bbox 182 1205 361 1264; x_wconf 87' lang='lat' dir='ltr'><strong>fructu</strong></span> <span class='ocrx_word' id='word_1_64' title='bbox 411 1221 657 1278; x_wconf 77' lang='lat' dir='ltr'><strong>gravem.</strong></span> <span class='ocrx_word' id='word_1_65' title='bbox 702 1205 866 1276; x_wconf 83' lang='lat' dir='ltr'><strong>igitur</strong></span> <span class='ocrx_word' id='word_1_66' title='bbox 910 1218 1032 1260; x_wconf 93' lang='lat' dir='ltr'><strong>cum</strong></span> <span class='ocrx_word' id='word_1_67' title='bbox 1085 1217 1183 1259; x_wconf 89' lang='lat' dir='ltr'><strong>vos</strong></span> <span class='ocrx_word' id='word_1_68' title='bbox 1232 1212 1340 1258; x_wconf 88' lang='lat' dir='ltr'><strong>tam</strong></span> <span class='ocrx_word' id='word_1_69' title='bbox 1396 1201 1599 1261; x_wconf 86' lang='lat' dir='ltr'><strong>cordati</strong></span> <span class='ocrx_word' id='word_1_70' title='bbox 1644 1201 1782 1266; x_wconf 88' lang='lat' dir='ltr'><strong>sitis,</strong></span> 
     </span>
    </p>
   </div>
   <div class='ocr_carea' id='block_1_11' title="bbox 186 1290 1786 1367">
    <p class='ocr_par' dir='ltr' id='par_1_11' title="bbox 186 1290 1786 1367">
     <span class='ocr_line' id='line_1_11' title="bbox 186 1290 1786 1367; baseline -0.003 -16"><span class='ocrx_word' id='word_1_71' title='bbox 186 1306 406 1367; x_wconf 83' lang='lat' dir='ltr'><strong>tamque</strong></span> <span class='ocrx_word' id='word_1_72' title='bbox 437 1296 624 1351; x_wconf 78' lang='lat' dir='ltr'><strong>multis</strong></span> <span class='ocrx_word' id='word_1_73' title='bbox 651 1295 806 1351; x_wconf 90' lang='lat' dir='ltr'><strong>bonis</strong></span> <span class='ocrx_word' id='word_1_74' title='bbox 842 1294 1008 1364; x_wconf 87' lang='lat' dir='ltr'><strong>digni,</strong></span> <span class='ocrx_word' id='word_1_75' title='bbox 1040 1308 1139 1365; x_wconf 88' lang='lat' dir='ltr'><strong>age</strong></span> <span class='ocrx_word' id='word_1_76' title='bbox 1168 1301 1419 1364; x_wconf 90' lang='lat' dir='ltr'><strong>prompto.</strong></span> <span class='ocrx_word' id='word_1_77' title='bbox 1443 1290 1622 1348; x_wconf 90' lang='lat' dir='ltr'><strong>studio</strong></span> <span class='ocrx_word' id='word_1_78' title='bbox 1661 1305 1786 1362; x_wconf 84' lang='lat' dir='ltr'><strong>pro-</strong></span> 
     </span>
    </p>
   </div>
   <div class='ocr_carea' id='block_1_12' title="bbox 186 1385 1782 1458">
    <p class='ocr_par' dir='ltr' id='par_1_12' title="bbox 186 1385 1782 1458">
     <span class='ocr_line' id='line_1_12' title="bbox 186 1385 1782 1458; baseline -0.003 -13"><span class='ocrx_word' id='word_1_79' title='bbox 186 1388 504 1445; x_wconf 79' lang='lat' dir='ltr'><strong>missionem</strong></span> <span class='ocrx_word' id='word_1_80' title='bbox 530 1403 698 1458; x_wconf 87' lang='lat' dir='ltr'><strong>nuper</strong></span> <span class='ocrx_word' id='word_1_81' title='bbox 721 1387 872 1443; x_wconf 87' lang='lat' dir='ltr'><strong>vobis</strong></span> <span class='ocrx_word' id='word_1_82' title='bbox 906 1386 1096 1442; x_wconf 87' lang='lat' dir='ltr'><strong>factam</strong></span> <span class='ocrx_word' id='word_1_83' title='bbox 1127 1385 1431 1441; x_wconf 83' lang='lat' dir='ltr'><strong>reddamus.</strong></span> <span class='ocrx_word' id='word_1_84' title='bbox 1460 1385 1612 1441; x_wconf 87' lang='lat' dir='ltr'><strong>Tunc</strong></span> <span class='ocrx_word' id='word_1_85' title='bbox 1639 1385 1782 1440; x_wconf 88' lang='lat' dir='ltr'><strong>enim</strong></span> 
     </span>
    </p>
   </div>
   <div class='ocr_carea' id='block_1_13' title="bbox 186 1474 1786 1547">
    <p class='ocr_par' dir='ltr' id='par_1_13' title="bbox 186 1474 1786 1547">
     <span class='ocr_line' id='line_1_13' title="bbox 186 1474 1786 1547; baseline -0.003 -12"><span class='ocrx_word' id='word_1_86' title='bbox 186 1481 252 1535; x_wconf 90' lang='lat' dir='ltr'><strong>de</strong></span> <span class='ocrx_word' id='word_1_87' title='bbox 270 1479 440 1535; x_wconf 81' lang='lat' dir='ltr'><strong>armis</strong></span> <span class='ocrx_word' id='word_1_88' title='bbox 473 1478 640 1534; x_wconf 86' lang='lat' dir='ltr'><strong>David</strong></span> <span class='ocrx_word' id='word_1_89' title='bbox 669 1486 723 1534; x_wconf 89' lang='lat' dir='ltr'><strong>et</strong></span> <span class='ocrx_word' id='word_1_90' title='bbox 747 1477 960 1534; x_wconf 86' lang='lat' dir='ltr'><strong>Goliath</strong></span> <span class='ocrx_word' id='word_1_91' title='bbox 985 1476 1127 1547; x_wconf 88' lang='lat' dir='ltr'><strong>apud</strong></span> <span class='ocrx_word' id='word_1_92' title='bbox 1148 1490 1244 1531; x_wconf 91' lang='lat' dir='ltr'><strong>vos</strong></span> <span class='ocrx_word' id='word_1_93' title='bbox 1278 1474 1786 1547; x_wconf 83' lang='lat' dir='ltr'><strong>philosophabamur</strong></span> 
     </span>
    </p>
   </div>
   <div class='ocr_carea' id='block_1_14' title="bbox 188 1567 1782 1642">
    <p class='ocr_par' dir='ltr' id='par_1_14' title="bbox 188 1567 1782 1642">
     <span class='ocr_line' id='line_1_14' title="bbox 188 1567 1782 1642; baseline -0.005 -13"><span class='ocrx_word' id='word_1_94' title='bbox 188 1568 266 1639; x_wconf 77' lang='lat' dir='ltr'><strong>ll.</strong></span> <span class='ocrx_word' id='word_1_95' title='bbox 287 1568 422 1642; x_wconf 83' lang='lat' dir='ltr'><strong>Reg.</strong></span> <span class='ocrx_word' id='word_1_96' title='bbox 448 1567 568 1641; x_wconf 75' lang='lat' dir='ltr'><strong>l7),</strong></span> <span class='ocrx_word' id='word_1_97' title='bbox 596 1568 941 1626; x_wconf 82' lang='lat' dir='ltr'><strong>ostendentes</strong></span> <span class='ocrx_word' id='word_1_98' title='bbox 956 1568 1097 1623; x_wconf 91' lang='lat' dir='ltr'><strong>hunc</strong></span> <span class='ocrx_word' id='word_1_99' title='bbox 1117 1567 1328 1638; x_wconf 81' lang='lat' dir='ltr'><strong>quidem</strong></span> <span class='ocrx_word' id='word_1_100' title='bbox 1353 1567 1633 1641; x_wconf 82' lang='lat' dir='ltr'><strong>omnigena</strong></span> <span class='ocrx_word' id='word_1_101' title='bbox 1657 1581 1782 1639; x_wconf 87' lang='lat' dir='ltr'><strong>gra-</strong></span> 
     </span>
    </p>
   </div>
   <div class='ocr_carea' id='block_1_15' title="bbox 187 1658 1784 1731">
    <p class='ocr_par' dir='ltr' id='par_1_15' title="bbox 187 1658 1784 1731">
     <span class='ocr_line' id='line_1_15' title="bbox 187 1658 1784 1731; baseline 0.001 -17"><span class='ocrx_word' id='word_1_102' title='bbox 187 1660 342 1731; x_wconf 83' lang='lat' dir='ltr'><strong>vique</strong></span> <span class='ocrx_word' id='word_1_103' title='bbox 366 1669 647 1716; x_wconf 85' lang='lat' dir='ltr'><strong>artnatura</strong></span> <span class='ocrx_word' id='word_1_104' title='bbox 675 1660 907 1731; x_wconf 89' lang='lat' dir='ltr'><strong>undique</strong></span> <span class='ocrx_word' id='word_1_105' title='bbox 928 1659 1213 1727; x_wconf 89' lang='lat' dir='ltr'><strong>munitum,</strong></span> <span class='ocrx_word' id='word_1_106' title='bbox 1243 1658 1390 1713; x_wconf 89' lang='lat' dir='ltr'><strong>illum</strong></span> <span class='ocrx_word' id='word_1_107' title='bbox 1418 1667 1596 1715; x_wconf 85' lang='lat' dir='ltr'><strong>autem</strong></span> <span class='ocrx_word' id='word_1_108' title='bbox 1620 1660 1784 1716; x_wconf 86' lang='lat' dir='ltr'><strong>armis</strong></span> 
     </span>
    </p>
   </div>
   <div class='ocr_carea' id='block_1_16' title="bbox 100 1751 1781 1823">
    <p class='ocr_par' dir='ltr' id='par_1_16' title="bbox 100 1751 1781 1823">
     <span class='ocr_line' id='line_1_16' title="bbox 100 1751 1781 1823; baseline -0.001 -15"><span class='ocrx_word' id='word_1_109' title='bbox 100 1760 121 1771; x_wconf 83' lang='lat'><strong><em>&#39;</em></strong></span> <span class='ocrx_word' id='word_1_110' title='bbox 188 1751 412 1820; x_wconf 86' lang='lat' dir='ltr'><strong>nudum,</strong></span> <span class='ocrx_word' id='word_1_111' title='bbox 475 1751 585 1810; x_wconf 83' lang='lat' dir='ltr'><strong>fide</strong></span> <span class='ocrx_word' id='word_1_112' title='bbox 630 1752 1069 1820; x_wconf 89' lang='lat' dir='ltr'><strong>munitissimum,</strong></span> <span class='ocrx_word' id='word_1_113' title='bbox 1123 1760 1180 1809; x_wconf 91' lang='lat' dir='ltr'><strong>et</strong></span> <span class='ocrx_word' id='word_1_114' title='bbox 1233 1751 1376 1808; x_wconf 90' lang='lat' dir='ltr'><strong>hunc</strong></span> <span class='ocrx_word' id='word_1_115' title='bbox 1418 1751 1631 1823; x_wconf 84' lang='lat' dir='ltr'><strong>quidem</strong></span> <span class='ocrx_word' id='word_1_116' title='bbox 1684 1767 1781 1807; x_wconf 83' lang='lat' dir='ltr'><strong>ex-</strong></span> 
     </span>
    </p>
   </div>
   <div class='ocr_carea' id='block_1_17' title="bbox 188 1841 1781 1915">
    <p class='ocr_par' dir='ltr' id='par_1_17' title="bbox 188 1841 1781 1915">
     <span class='ocr_line' id='line_1_17' title="bbox 188 1841 1781 1915; baseline 0.001 -19"><span class='ocrx_word' id='word_1_117' title='bbox 188 1842 454 1899; x_wconf 85' lang='lat' dir='ltr'><strong>trinsecus</strong></span> <span class='ocrx_word' id='word_1_118' title='bbox 479 1841 736 1915; x_wconf 74' lang='lat' dir='ltr'><strong>fulgidum</strong></span> <span class='ocrx_word' id='word_1_119' title='bbox 766 1843 984 1903; x_wconf 77' lang='lat' dir='ltr'><strong>thorace</strong></span> <span class='ocrx_word' id='word_1_120' title='bbox 1019 1853 1074 1899; x_wconf 90' lang='lat' dir='ltr'><strong>et</strong></span> <span class='ocrx_word' id='word_1_121' title='bbox 1108 1851 1282 1911; x_wconf 83' lang='lat' dir='ltr'><strong>scuto,</strong></span> <span class='ocrx_word' id='word_1_122' title='bbox 1306 1843 1460 1898; x_wconf 91' lang='lat' dir='ltr'><strong>illum</strong></span> <span class='ocrx_word' id='word_1_123' title='bbox 1486 1852 1663 1898; x_wconf 88' lang='lat' dir='ltr'><strong>autem</strong></span> <span class='ocrx_word' id='word_1_124' title='bbox 1695 1844 1781 1897; x_wconf 90' lang='lat' dir='ltr'><strong>iu-</strong></span> 
     </span>
    </p>
   </div>
   <div class='ocr_carea' id='block_1_18' title="bbox 190 1935 1779 2008">
    <p class='ocr_par' dir='ltr' id='par_1_18' title="bbox 190 1935 1779 2008">
     <span class='ocr_line' id='line_1_18' title="bbox 190 1935 1779 2008; baseline -0.001 -18"><span class='ocrx_word' id='word_1_125' title='bbox 190 1943 273 1990; x_wconf 84' lang='lat' dir='ltr'><strong>tus</strong></span> <span class='ocrx_word' id='word_1_126' title='bbox 291 1935 490 2006; x_wconf 82' lang='lat' dir='ltr'><strong>spiritu</strong></span> <span class='ocrx_word' id='word_1_127' title='bbox 520 1945 578 1993; x_wconf 87' lang='lat' dir='ltr'><strong>et</strong></span> <span class='ocrx_word' id='word_1_128' title='bbox 595 1936 766 2008; x_wconf 88' lang='lat' dir='ltr'><strong>gratia</strong></span> <span class='ocrx_word' id='word_1_129' title='bbox 788 1936 1105 2004; x_wconf 85' lang='lat' dir='ltr'><strong>radiantem,</strong></span> <span class='ocrx_word' id='word_1_130' title='bbox 1131 1945 1293 2007; x_wconf 88' lang='lat' dir='ltr'><strong>atque</strong></span> <span class='ocrx_word' id='word_1_131' title='bbox 1318 1937 1457 1991; x_wconf 92' lang='lat' dir='ltr'><strong>hanc</strong></span> <span class='ocrx_word' id='word_1_132' title='bbox 1479 1935 1547 1990; x_wconf 92' lang='lat' dir='ltr'><strong>ob</strong></span> <span class='ocrx_word' id='word_1_133' title='bbox 1567 1948 1779 1990; x_wconf 85' lang='lat' dir='ltr'><strong>causam</strong></span> 
     </span>
    </p>
   </div>
   <div class='ocr_carea' id='block_1_19' title="bbox 191 2026 1781 2097">
    <p class='ocr_par' dir='ltr' id='par_1_19' title="bbox 191 2026 1781 2097">
     <span class='ocr_line' id='line_1_19' title="bbox 191 2026 1781 2097; baseline 0.001 -16"><span class='ocrx_word' id='word_1_134' title='bbox 191 2041 220 2081; x_wconf 89' lang='lat' dir='ltr'><strong>a</strong></span> <span class='ocrx_word' id='word_1_135' title='bbox 243 2041 414 2096; x_wconf 89' lang='lat' dir='ltr'><strong>puero</strong></span> <span class='ocrx_word' id='word_1_136' title='bbox 443 2027 757 2084; x_wconf 79' lang='lat' dir='ltr'><strong>certamine</strong></span> <span class='ocrx_word' id='word_1_137' title='bbox 770 2029 969 2083; x_wconf 87' lang='lat' dir='ltr'><strong>victum</strong></span> <span class='ocrx_word' id='word_1_138' title='bbox 989 2030 1269 2097; x_wconf 84' lang='lat' dir='ltr'><strong>juvenem,</strong></span> <span class='ocrx_word' id='word_1_139' title='bbox 1311 2043 1345 2083; x_wconf 92' lang='lat' dir='ltr'><strong>a</strong></span> <span class='ocrx_word' id='word_1_140' title='bbox 1373 2026 1517 2084; x_wconf 90' lang='lat' dir='ltr'><strong>nudo</strong></span> <span class='ocrx_word' id='word_1_141' title='bbox 1556 2041 1781 2097; x_wconf 88' lang='lat' dir='ltr'><strong>supera-</strong></span> 
     </span>
    </p>
   </div>
   <div class='ocr_carea' id='block_1_20' title="bbox 191 2119 1784 2191">
    <p class='ocr_par' dir='ltr' id='par_1_20' title="bbox 191 2119 1784 2191">
     <span class='ocr_line' id='line_1_20' title="bbox 191 2119 1784 2191; baseline -0.001 -18"><span class='ocrx_word' id='word_1_142' title='bbox 191 2125 299 2173; x_wconf 83' lang='lat' dir='ltr'><strong>tum</strong></span> <span class='ocrx_word' id='word_1_143' title='bbox 327 2129 622 2187; x_wconf 77' lang='lat' dir='ltr'><strong>armatura,</strong></span> <span class='ocrx_word' id='word_1_144' title='bbox 661 2134 693 2174; x_wconf 87' lang='lat' dir='ltr'><strong>a</strong></span> <span class='ocrx_word' id='word_1_145' title='bbox 722 2129 936 2190; x_wconf 87' lang='lat' dir='ltr'><strong>pastore</strong></span> <span class='ocrx_word' id='word_1_146' title='bbox 973 2127 1297 2191; x_wconf 87' lang='lat' dir='ltr'><strong>prostratum</strong></span> <span class='ocrx_word' id='word_1_147' title='bbox 1342 2119 1585 2184; x_wconf 87' lang='lat' dir='ltr'><strong>militem,</strong></span> <span class='ocrx_word' id='word_1_148' title='bbox 1631 2133 1663 2173; x_wconf 92' lang='lat' dir='ltr'><strong>a</strong></span> <span class='ocrx_word' id='word_1_149' title='bbox 1692 2133 1784 2188; x_wconf 88' lang='lat' dir='ltr'><strong>pa-</strong></span> 
     </span>
    </p>
   </div>
   <div class='ocr_carea' id='block_1_21' title="bbox 190 2208 1780 2279">
    <p class='ocr_par' dir='ltr' id='par_1_21' title="bbox 190 2208 1780 2279">
     <span class='ocr_line' id='line_1_21' title="bbox 190 2208 1780 2279; baseline 0 -16"><span class='ocrx_word' id='word_1_150' title='bbox 190 2208 401 2263; x_wconf 83' lang='lat' dir='ltr'><strong>storalis</strong></span> <span class='ocrx_word' id='word_1_151' title='bbox 424 2209 621 2279; x_wconf 89' lang='lat' dir='ltr'><strong>lapidis</strong></span> <span class='ocrx_word' id='word_1_152' title='bbox 649 2218 835 2265; x_wconf 86' lang='lat' dir='ltr'><strong>natura</strong></span> <span class='ocrx_word' id='word_1_153' title='bbox 864 2209 1038 2264; x_wconf 85' lang='lat' dir='ltr'><strong>bellici</strong></span> <span class='ocrx_word' id='word_1_154' title='bbox 1067 2210 1191 2264; x_wconf 67' lang='lat' dir='ltr'><strong>acris</strong></span> <span class='ocrx_word' id='word_1_155' title='bbox 1220 2218 1465 2265; x_wconf 84' lang='lat' dir='ltr'><strong>naturam</strong></span> <span class='ocrx_word' id='word_1_156' title='bbox 1496 2209 1780 2263; x_wconf 82' lang='lat' dir='ltr'><strong>contr-itam</strong></span> 
     </span>
    </p>
   </div>
   <div class='ocr_carea' id='block_1_22' title="bbox 192 2298 1784 2370">
    <p class='ocr_par' dir='ltr' id='par_1_22' title="bbox 192 2298 1784 2370">
     <span class='ocr_line' id='line_1_22' title="bbox 192 2298 1784 2370; baseline 0 -16"><span class='ocrx_word' id='word_1_157' title='bbox 192 2308 245 2355; x_wconf 87' lang='lat' dir='ltr'><strong>et</strong></span> <span class='ocrx_word' id='word_1_158' title='bbox 257 2298 656 2365; x_wconf 74' lang='lat' dir='ltr'><strong>labefactatam.</strong></span> <span class='ocrx_word' id='word_1_159' title='bbox 688 2300 919 2357; x_wconf 85' lang='lat' dir='ltr'><strong>Proinde</strong></span> <span class='ocrx_word' id='word_1_160' title='bbox 942 2309 997 2355; x_wconf 91' lang='lat' dir='ltr'><strong>et</strong></span> <span class='ocrx_word' id='word_1_161' title='bbox 1025 2314 1124 2355; x_wconf 90' lang='lat' dir='ltr'><strong>nos</strong></span> <span class='ocrx_word' id='word_1_162' title='bbox 1150 2301 1378 2370; x_wconf 90' lang='lat' dir='ltr'><strong>lapidem</strong></span> <span class='ocrx_word' id='word_1_163' title='bbox 1409 2300 1559 2355; x_wconf 90' lang='lat' dir='ltr'><strong>illum</strong></span> <span class='ocrx_word' id='word_1_164' title='bbox 1590 2300 1641 2354; x_wconf 91' lang='lat' dir='ltr'><strong>in</strong></span> <span class='ocrx_word' id='word_1_165' title='bbox 1667 2314 1784 2354; x_wconf 83' lang='lat' dir='ltr'><strong>ma-</strong></span> 
     </span>
    </p>
   </div>
   <div class='ocr_carea' id='block_1_23' title="bbox 192 2392 1783 2464">
    <p class='ocr_par' dir='ltr' id='par_1_23' title="bbox 192 2392 1783 2464">
     <span class='ocr_line' id='line_1_23' title="bbox 192 2392 1783 2464; baseline 0.001 -18"><span class='ocrx_word' id='word_1_166' title='bbox 192 2404 289 2447; x_wconf 89' lang='lat' dir='ltr'><strong>nus</strong></span> <span class='ocrx_word' id='word_1_167' title='bbox 321 2392 677 2462; x_wconf 84' lang='lat' dir='ltr'><strong>accipiamus,</strong></span> <span class='ocrx_word' id='word_1_168' title='bbox 720 2392 1030 2464; x_wconf 86' lang='lat' dir='ltr'><strong>angularem</strong></span> <span class='ocrx_word' id='word_1_169' title='bbox 1062 2393 1208 2448; x_wconf 92' lang='lat' dir='ltr'><strong>illum</strong></span> <span class='ocrx_word' id='word_1_170' title='bbox 1243 2400 1298 2451; x_wconf 92' lang='lat' dir='ltr'><strong>et</strong></span> <span class='ocrx_word' id='word_1_171' title='bbox 1338 2392 1669 2463; x_wconf 87' lang='lat' dir='ltr'><strong>spiritualem</strong></span> <span class='ocrx_word' id='word_1_172' title='bbox 1698 2392 1783 2448; x_wconf 87' lang='lat' dir='ltr'><strong>iu-</strong></span> 
     </span>
    </p>
   </div>
   <div class='ocr_carea' id='block_1_24' title="bbox 194 2484 1779 2557">
    <p class='ocr_par' dir='ltr' id='par_1_24' title="bbox 194 2484 1779 2557">
     <span class='ocr_line' id='line_1_24' title="bbox 194 2484 1779 2557; baseline 0.003 -21"><span class='ocrx_word' id='word_1_173' title='bbox 194 2497 369 2552; x_wconf 82' lang='lat' dir='ltr'><strong>quam.</strong></span> <span class='ocrx_word' id='word_1_174' title='bbox 412 2484 474 2542; x_wconf 88' lang='lat' dir='ltr'><strong>Si</strong></span> <span class='ocrx_word' id='word_1_175' title='bbox 500 2484 647 2541; x_wconf 87' lang='lat' dir='ltr'><strong>enim</strong></span> <span class='ocrx_word' id='word_1_176' title='bbox 685 2484 851 2541; x_wconf 87' lang='lat' dir='ltr'><strong>Paulo</strong></span> <span class='ocrx_word' id='word_1_177' title='bbox 877 2484 1241 2557; x_wconf 90' lang='lat' dir='ltr'><strong>philosophari</strong></span> <span class='ocrx_word' id='word_1_178' title='bbox 1279 2485 1429 2541; x_wconf 88' lang='lat' dir='ltr'><strong>licuit</strong></span> <span class='ocrx_word' id='word_1_179' title='bbox 1452 2485 1521 2541; x_wconf 91' lang='lat' dir='ltr'><strong>de</strong></span> <span class='ocrx_word' id='word_1_180' title='bbox 1544 2493 1696 2555; x_wconf 89' lang='lat' dir='ltr'><strong>petra</strong></span> <span class='ocrx_word' id='word_1_181' title='bbox 1727 2486 1779 2541; x_wconf 93' lang='lat' dir='ltr'><strong>in</strong></span> 
     </span>
    </p>
   </div>
   <div class='ocr_carea' id='block_1_25' title="bbox 194 2573 1781 2649">
    <p class='ocr_par' dir='ltr' id='par_1_25' title="bbox 194 2573 1781 2649">
     <span class='ocr_line' id='line_1_25' title="bbox 194 2573 1781 2649; baseline 0.002 -20"><span class='ocrx_word' id='word_1_182' title='bbox 194 2573 476 2633; x_wconf 76' lang='lat' dir='ltr'><strong>solitudine</strong></span> <span class='ocrx_word' id='word_1_183' title='bbox 512 2575 592 2649; x_wconf 78' lang='lat' dir='ltr'><strong>(l.</strong></span> <span class='ocrx_word' id='word_1_184' title='bbox 622 2576 740 2632; x_wconf 84' lang='lat' dir='ltr'><strong>Cor.</strong></span> <span class='ocrx_word' id='word_1_185' title='bbox 773 2576 862 2632; x_wconf 79' lang='grc'><strong>10.</strong></span> <span class='ocrx_word' id='word_1_186' title='bbox 893 2576 971 2648; x_wconf 76' lang='grc'><strong>4),</strong></span> <span class='ocrx_word' id='word_1_187' title='bbox 1012 2592 1185 2647; x_wconf 89' lang='lat' dir='ltr'><strong>neque</strong></span> <span class='ocrx_word' id='word_1_188' title='bbox 1229 2576 1384 2634; x_wconf 84' lang='lat' dir='ltr'><strong>nobis</strong></span> <span class='ocrx_word' id='word_1_189' title='bbox 1413 2578 1532 2648; x_wconf 81' lang='lat' dir='ltr'><strong>quis</strong></span> <span class='ocrx_word' id='word_1_190' title='bbox 1557 2592 1781 2633; x_wconf 84' lang='lat' dir='ltr'><strong>succcn-</strong></span> 
     </span>
    </p>
   </div>
   <div class='ocr_carea' id='block_1_26' title="bbox 196 2664 1777 2741">
    <p class='ocr_par' dir='ltr' id='par_1_26' title="bbox 196 2664 1777 2741">
     <span class='ocr_line' id='line_1_26' title="bbox 196 2664 1777 2741; baseline 0.001 -20"><span class='ocrx_word' id='word_1_191' title='bbox 196 2664 349 2733; x_wconf 83' lang='lat' dir='ltr'><strong>sebit,</strong></span> <span class='ocrx_word' id='word_1_192' title='bbox 392 2668 440 2723; x_wconf 89' lang='lat' dir='ltr'><strong>si</strong></span> <span class='ocrx_word' id='word_1_193' title='bbox 491 2668 724 2738; x_wconf 81' lang='lat' dir='ltr'><strong>lapidem</strong></span> <span class='ocrx_word' id='word_1_194' title='bbox 761 2668 929 2727; x_wconf 83' lang='lat' dir='ltr'><strong>illum</strong></span> <span class='ocrx_word' id='word_1_195' title='bbox 985 2669 1172 2725; x_wconf 91' lang='lat' dir='ltr'><strong>eodem</strong></span> <span class='ocrx_word' id='word_1_196' title='bbox 1228 2670 1388 2726; x_wconf 87' lang='lat' dir='ltr'><strong>modo</strong></span> <span class='ocrx_word' id='word_1_197' title='bbox 1434 2671 1777 2741; x_wconf 86' lang='lat' dir='ltr'><strong>accipiamus.</strong></span> 
     </span>
    </p>
   </div>
   <div class='ocr_carea' id='block_1_27' title="bbox 195 2754 1775 2833">
    <p class='ocr_par' dir='ltr' id='par_1_27' title="bbox 195 2754 1775 2833">
     <span class='ocr_line' id='line_1_27' title="bbox 195 2754 1775 2833; baseline 0.006 -22"><span class='ocrx_word' id='word_1_198' title='bbox 195 2754 317 2812; x_wconf 81' lang='lat' dir='ltr'><strong>Nam</strong></span> <span class='ocrx_word' id='word_1_199' title='bbox 354 2758 495 2816; x_wconf 85' lang='lat' dir='ltr'><strong>sicut</strong></span> <span class='ocrx_word' id='word_1_200' title='bbox 542 2775 650 2816; x_wconf 90' lang='lat' dir='ltr'><strong>non</strong></span> <span class='ocrx_word' id='word_1_201' title='bbox 683 2771 871 2817; x_wconf 84' lang='lat' dir='ltr'><strong>natura</strong></span> <span class='ocrx_word' id='word_1_202' title='bbox 911 2771 1075 2833; x_wconf 75' lang='lat' dir='ltr'><strong>petrae</strong></span> <span class='ocrx_word' id='word_1_203' title='bbox 1099 2760 1323 2820; x_wconf 71' lang='lat' dir='ltr'><strong>visibilis</strong></span> <span class='ocrx_word' id='word_1_204' title='bbox 1361 2764 1499 2833; x_wconf 73' lang='lat' dir='ltr'><strong>apud</strong></span> <span class='ocrx_word' id='word_1_205' title='bbox 1542 2763 1775 2830; x_wconf 66' lang='lat' dir='ltr'><strong>Judagos,</strong></span> 
     </span>
    </p>
   </div>
   <div class='ocr_carea' id='block_1_28' title="bbox 197 2845 1778 2923">
    <p class='ocr_par' dir='ltr' id='par_1_28' title="bbox 197 2845 1778 2923">
     <span class='ocr_line' id='line_1_28' title="bbox 197 2845 1778 2923; baseline 0.004 -20"><span class='ocrx_word' id='word_1_206' title='bbox 197 2845 286 2903; x_wconf 77' lang='lat' dir='ltr'><strong>sed</strong></span> <span class='ocrx_word' id='word_1_207' title='bbox 320 2849 493 2906; x_wconf 85' lang='lat' dir='ltr'><strong>virtus</strong></span> <span class='ocrx_word' id='word_1_208' title='bbox 518 2850 815 2920; x_wconf 89' lang='lat' dir='ltr'><strong>spiritualis</strong></span> <span class='ocrx_word' id='word_1_209' title='bbox 846 2860 1013 2921; x_wconf 70' lang='lat' dir='ltr'><strong>petrae</strong></span> <span class='ocrx_word' id='word_1_210' title='bbox 1055 2854 1337 2917; x_wconf 84' lang='lat' dir='ltr'><strong>emittebat</strong></span> <span class='ocrx_word' id='word_1_211' title='bbox 1374 2854 1586 2910; x_wconf 87' lang='lat' dir='ltr'><strong>illarum</strong></span> <span class='ocrx_word' id='word_1_212' title='bbox 1612 2870 1778 2923; x_wconf 85' lang='lat' dir='ltr'><strong>aqua-</strong></span> 
     </span>
    </p>
   </div>
   <div class='ocr_carea' id='block_1_29' title="bbox 198 2940 1780 3014">
    <p class='ocr_par' dir='ltr' id='par_1_29' title="bbox 198 2940 1780 3014">
     <span class='ocr_line' id='line_1_29' title="bbox 198 2940 1780 3014; baseline 0.005 -19"><span class='ocrx_word' id='word_1_213' title='bbox 198 2952 308 2995; x_wconf 80' lang='lat' dir='ltr'><strong>rum</strong></span> <span class='ocrx_word' id='word_1_214' title='bbox 348 2940 612 3008; x_wconf 78' lang='lat' dir='ltr'><strong>ﬂumina;</strong></span> <span class='ocrx_word' id='word_1_215' title='bbox 641 2942 713 3003; x_wconf 85' lang='lat' dir='ltr'><strong>ita</strong></span> <span class='ocrx_word' id='word_1_216' title='bbox 754 2942 936 3014; x_wconf 89' lang='lat' dir='ltr'><strong>utique</strong></span> <span class='ocrx_word' id='word_1_217' title='bbox 980 2943 1118 3013; x_wconf 87' lang='lat' dir='ltr'><strong>apud</strong></span> <span class='ocrx_word' id='word_1_218' title='bbox 1164 2944 1326 2999; x_wconf 84' lang='lat' dir='ltr'><strong>David</strong></span> <span class='ocrx_word' id='word_1_219' title='bbox 1370 2960 1476 2999; x_wconf 93' lang='lat' dir='ltr'><strong>non</strong></span> <span class='ocrx_word' id='word_1_220' title='bbox 1514 2945 1780 3003; x_wconf 83' lang='lat' dir='ltr'><strong>sensibilis</strong></span> 
     </span>
    </p>
   </div>
   <div class='ocr_carea' id='block_1_30' title="bbox 199 3028 1776 3104">
    <p class='ocr_par' dir='ltr' id='par_1_30' title="bbox 199 3028 1776 3104">
     <span class='ocr_line' id='line_1_30' title="bbox 199 3028 1776 3104; baseline -0.001 -17"><span class='ocrx_word' id='word_1_221' title='bbox 199 3028 286 3087; x_wconf 73' lang='lat' dir='ltr'><strong>sed</strong></span> <span class='ocrx_word' id='word_1_222' title='bbox 321 3031 619 3100; x_wconf 86' lang='lat' dir='ltr'><strong>spiritualis</strong></span> <span class='ocrx_word' id='word_1_223' title='bbox 661 3032 798 3103; x_wconf 89' lang='lat' dir='ltr'><strong>lapis</strong></span> <span class='ocrx_word' id='word_1_224' title='bbox 838 3033 1171 3091; x_wconf 80' lang='lat' dir='ltr'><strong>barbaricum</strong></span> <span class='ocrx_word' id='word_1_225' title='bbox 1217 3034 1347 3089; x_wconf 84' lang='lat' dir='ltr'><strong>illud</strong></span> <span class='ocrx_word' id='word_1_226' title='bbox 1374 3042 1534 3103; x_wconf 88' lang='lat' dir='ltr'><strong>caput</strong></span> <span class='ocrx_word' id='word_1_227' title='bbox 1561 3036 1776 3104; x_wconf 84' lang='lat' dir='ltr'><strong>dejecit.</strong></span> 
     </span>
    </p>
   </div>
   <div class='ocr_carea' id='block_1_31' title="bbox 199 3116 1779 3194">
    <p class='ocr_par' dir='ltr' id='par_1_31' title="bbox 199 3116 1779 3194">
     <span class='ocr_line' id='line_1_31' title="bbox 199 3116 1779 3194; baseline 0.004 -21"><span class='ocrx_word' id='word_1_228' title='bbox 199 3116 280 3174; x_wconf 87' lang='lat' dir='ltr'><strong>Sic</strong></span> <span class='ocrx_word' id='word_1_229' title='bbox 315 3136 530 3193; x_wconf 81' lang='lat' dir='ltr'><strong>quoque</strong></span> <span class='ocrx_word' id='word_1_230' title='bbox 560 3123 947 3194; x_wconf 85' lang='lat' dir='ltr'><strong>pollicebamur</strong></span> <span class='ocrx_word' id='word_1_231' title='bbox 981 3125 1154 3188; x_wconf 87' lang='lat' dir='ltr'><strong>vobis,</strong></span> <span class='ocrx_word' id='word_1_232' title='bbox 1197 3125 1329 3180; x_wconf 84' lang='lat' dir='ltr'><strong>nihil</strong></span> <span class='ocrx_word' id='word_1_233' title='bbox 1375 3141 1442 3181; x_wconf 80' lang='lat' dir='ltr'><strong>ex</strong></span> <span class='ocrx_word' id='word_1_234' title='bbox 1484 3125 1779 3181; x_wconf 82' lang='lat' dir='ltr'><strong>ratiociniis</strong></span> 
     </span>
    </p>
   </div>
   <div class='ocr_carea' id='block_1_32' title="bbox 202 3209 1776 3286">
    <p class='ocr_par' dir='ltr' id='par_1_32' title="bbox 202 3209 1776 3286">
     <span class='ocr_line' id='line_1_32' title="bbox 202 3209 1776 3286; baseline 0.004 -22"><span class='ocrx_word' id='word_1_235' title='bbox 202 3209 446 3270; x_wconf 85' lang='lat' dir='ltr'><strong>dicturos.</strong></span> <span class='ocrx_word' id='word_1_236' title='bbox 493 3213 697 3270; x_wconf 87' lang='lat' dir='ltr'><strong>Nostra</strong></span> <span class='ocrx_word' id='word_1_237' title='bbox 718 3216 853 3270; x_wconf 83' lang='lat' dir='ltr'><strong>enim</strong></span> <span class='ocrx_word' id='word_1_238' title='bbox 879 3232 1045 3282; x_wconf 84' lang='lat' dir='ltr'><strong>arma,</strong></span> <span class='ocrx_word' id='word_1_239' title='bbox 1076 3233 1178 3271; x_wconf 83' lang='lat' dir='ltr'><strong>non</strong></span> <span class='ocrx_word' id='word_1_240' title='bbox 1212 3217 1464 3281; x_wconf 83' lang='lat' dir='ltr'><strong>carnalia,</strong></span> <span class='ocrx_word' id='word_1_241' title='bbox 1503 3216 1592 3271; x_wconf 81' lang='lat' dir='ltr'><strong>sed</strong></span> <span class='ocrx_word' id='word_1_242' title='bbox 1619 3216 1776 3286; x_wconf 83' lang='lat' dir='ltr'><strong>spiri-</strong></span> 
     </span>
    </p>
   </div>
   <div class='ocr_carea' id='block_1_33' title="bbox 203 3302 1775 3374">
    <p class='ocr_par' dir='ltr' id='par_1_33' title="bbox 203 3302 1775 3374">
     <span class='ocr_line' id='line_1_33' title="bbox 203 3302 1775 3374; baseline 0.004 -19"><span class='ocrx_word' id='word_1_243' title='bbox 203 3302 370 3369; x_wconf 86' lang='lat' dir='ltr'><strong>tualia,</strong></span> <span class='ocrx_word' id='word_1_244' title='bbox 417 3305 735 3360; x_wconf 67' lang='lat' dir='ltr'><strong>destruenda</strong></span> <span class='ocrx_word' id='word_1_245' title='bbox 773 3307 1017 3374; x_wconf 76' lang='lat' dir='ltr'><strong>rationes,</strong></span> <span class='ocrx_word' id='word_1_246' title='bbox 1063 3316 1109 3362; x_wconf 86' lang='lat' dir='ltr'><strong>et</strong></span> <span class='ocrx_word' id='word_1_247' title='bbox 1158 3323 1358 3361; x_wconf 84' lang='lat' dir='ltr'><strong>omnem</strong></span> <span class='ocrx_word' id='word_1_248' title='bbox 1399 3305 1775 3373; x_wconf 77' lang='lat' dir='ltr'><strong>sublimitatem,</strong></span> 
     </span>
    </p>
   </div>
   <div class='ocr_carea' id='block_1_34' title="bbox 200 3394 1781 3464">
    <p class='ocr_par' dir='ltr' id='par_1_34' title="bbox 200 3394 1781 3464">
     <span class='ocr_line' id='line_1_34' title="bbox 200 3394 1781 3464; baseline 0.001 -17"><span class='ocrx_word' id='word_1_249' title='bbox 200 3405 304 3460; x_wconf 72' lang='lat' dir='ltr'><strong>qua</strong></span> <span class='ocrx_word' id='word_1_250' title='bbox 343 3409 501 3464; x_wconf 82' lang='lat' dir='ltr'><strong>super</strong></span> <span class='ocrx_word' id='word_1_251' title='bbox 544 3404 732 3451; x_wconf 85' lang='lat' dir='ltr'><strong>terram</strong></span> <span class='ocrx_word' id='word_1_252' title='bbox 773 3412 880 3452; x_wconf 88' lang='lat' dir='ltr'><strong>sese</strong></span> <span class='ocrx_word' id='word_1_253' title='bbox 921 3395 1117 3452; x_wconf 76' lang='lat' dir='ltr'><strong>extollit</strong></span> <span class='ocrx_word' id='word_1_254' title='bbox 1161 3404 1335 3451; x_wconf 85' lang='lat' dir='ltr'><strong>contra</strong></span> <span class='ocrx_word' id='word_1_255' title='bbox 1376 3397 1635 3451; x_wconf 77' lang='lat' dir='ltr'><strong>scientiam</strong></span> <span class='ocrx_word' id='word_1_256' title='bbox 1684 3394 1781 3449; x_wconf 85' lang='lat' dir='ltr'><strong>Dei</strong></span> 
     </span>
    </p>
   </div>
   <div class='ocr_carea' id='block_1_35' title="bbox 205 3481 1780 3558">
    <p class='ocr_par' dir='ltr' id='par_1_35' title="bbox 205 3481 1780 3558">
     <span class='ocr_line' id='line_1_35' title="bbox 205 3481 1780 3558; baseline 0.006 -24"><span class='ocrx_word' id='word_1_257' title='bbox 205 3481 274 3551; x_wconf 76' lang='lat'><strong>(2.</strong></span> <span class='ocrx_word' id='word_1_258' title='bbox 305 3484 420 3541; x_wconf 79' lang='lat' dir='ltr'><strong>Cor.</strong></span> <span class='ocrx_word' id='word_1_259' title='bbox 453 3486 547 3545; x_wconf 82' lang='lat' dir='ltr'><strong>lo.</strong></span> <span class='ocrx_word' id='word_1_260' title='bbox 576 3488 630 3543; x_wconf 75' lang='grc'><strong>4.</strong></span> <span class='ocrx_word' id='word_1_261' title='bbox 659 3485 740 3558; x_wconf 86' lang='lat'><strong>5).</strong></span> <span class='ocrx_word' id='word_1_262' title='bbox 771 3487 1105 3557; x_wconf 86' lang='lat' dir='ltr'><strong>Praeceptum</strong></span> <span class='ocrx_word' id='word_1_263' title='bbox 1141 3488 1297 3543; x_wconf 91' lang='lat' dir='ltr'><strong>nobis</strong></span> <span class='ocrx_word' id='word_1_264' title='bbox 1334 3496 1436 3555; x_wconf 90' lang='lat' dir='ltr'><strong>est,</strong></span> <span class='ocrx_word' id='word_1_265' title='bbox 1478 3496 1536 3542; x_wconf 91' lang='lat' dir='ltr'><strong>ut</strong></span> <span class='ocrx_word' id='word_1_266' title='bbox 1564 3503 1657 3545; x_wconf 87' lang='lat' dir='ltr'><strong>eas</strong></span> <span class='ocrx_word' id='word_1_267' title='bbox 1683 3487 1780 3543; x_wconf 91' lang='lat' dir='ltr'><strong>de-</strong></span> 
     </span>
    </p>
   </div>
   <div class='ocr_carea' id='block_1_36' title="bbox 202 3574 1781 3647">
    <p class='ocr_par' dir='ltr' id='par_1_36' title="bbox 202 3574 1781 3647">
     <span class='ocr_line' id='line_1_36' title="bbox 202 3574 1781 3647; baseline 0.004 -21"><span class='ocrx_word' id='word_1_268' title='bbox 202 3574 493 3646; x_wconf 86' lang='lat' dir='ltr'><strong>moliamur,</strong></span> <span class='ocrx_word' id='word_1_269' title='bbox 526 3593 633 3633; x_wconf 85' lang='lat' dir='ltr'><strong>non</strong></span> <span class='ocrx_word' id='word_1_270' title='bbox 655 3586 992 3635; x_wconf 78' lang='lat' dir='ltr'><strong>exstruamus</strong></span> <span class='ocrx_word' id='word_1_271' title='bbox 1021 3596 1035 3632; x_wconf 90' lang='lat'><strong>:</strong></span> <span class='ocrx_word' id='word_1_272' title='bbox 1064 3577 1381 3647; x_wconf 87' lang='lat' dir='ltr'><strong>imperatum</strong></span> <span class='ocrx_word' id='word_1_273' title='bbox 1408 3579 1563 3635; x_wconf 83' lang='lat' dir='ltr'><strong>nobis</strong></span> <span class='ocrx_word' id='word_1_274' title='bbox 1588 3588 1690 3645; x_wconf 91' lang='lat' dir='ltr'><strong>cst,</strong></span> <span class='ocrx_word' id='word_1_275' title='bbox 1722 3586 1781 3633; x_wconf 94' lang='lat' dir='ltr'><strong>ut</strong></span> 
     </span>
    </p>
   </div>
   <div class='ocr_carea' id='block_1_37' title="bbox 203 3667 1779 3738">
    <p class='ocr_par' dir='ltr' id='par_1_37' title="bbox 203 3667 1779 3738">
     <span class='ocr_line' id='line_1_37' title="bbox 203 3667 1779 3738; baseline 0.002 -17"><span class='ocrx_word' id='word_1_276' title='bbox 203 3679 286 3721; x_wconf 84' lang='lat' dir='ltr'><strong>cas</strong></span> <span class='ocrx_word' id='word_1_277' title='bbox 307 3667 681 3736; x_wconf 87' lang='lat' dir='ltr'><strong>dissolvamus,</strong></span> <span class='ocrx_word' id='word_1_278' title='bbox 711 3685 817 3725; x_wconf 92' lang='lat' dir='ltr'><strong>non</strong></span> <span class='ocrx_word' id='word_1_279' title='bbox 845 3685 1144 3738; x_wconf 84' lang='lat' dir='ltr'><strong>armemus;</strong></span> <span class='ocrx_word' id='word_1_280' title='bbox 1173 3671 1463 3726; x_wconf 77' lang='lat' dir='ltr'><strong>Ratiorinia</strong></span> <span class='ocrx_word' id='word_1_281' title='bbox 1488 3671 1620 3726; x_wconf 87' lang='lat' dir='ltr'><strong>enim</strong></span> <span class='ocrx_word' id='word_1_282' title='bbox 1644 3688 1779 3726; x_wconf 85' lang='lat' dir='ltr'><strong>mor-</strong></span> 
     </span>
    </p>
   </div>
   <div class='ocr_carea' id='block_1_38' title="bbox 205 3758 1778 3836">
    <p class='ocr_par' dir='ltr' id='par_1_38' title="bbox 205 3758 1778 3836">
     <span class='ocr_line' id='line_1_38' title="bbox 205 3758 1778 3836; baseline 0.006 -28"><span class='ocrx_word' id='word_1_283' title='bbox 205 3758 368 3815; x_wconf 79' lang='lat' dir='ltr'><strong>talium</strong></span> <span class='ocrx_word' id='word_1_284' title='bbox 388 3763 571 3817; x_wconf 85' lang='lat' dir='ltr'><strong>timida</strong></span> <span class='ocrx_word' id='word_1_285' title='bbox 595 3771 711 3818; x_wconf 86' lang='lat' dir='ltr'><strong>sunt</strong></span> <span class='ocrx_word' id='word_1_286' title='bbox 733 3762 888 3836; x_wconf 78' lang='lat' dir='ltr'><strong>(Sap.</strong></span> <span class='ocrx_word' id='word_1_287' title='bbox 910 3765 965 3817; x_wconf 82' lang='lat'><strong>9.</strong></span> <span class='ocrx_word' id='word_1_288' title='bbox 996 3763 1105 3835; x_wconf 72' lang='grc'><strong>14).</strong></span> <span class='ocrx_word' id='word_1_289' title='bbox 1125 3764 1261 3831; x_wconf 85' lang='lat' dir='ltr'><strong>Quid</strong></span> <span class='ocrx_word' id='word_1_290' title='bbox 1286 3762 1419 3820; x_wconf 88' lang='lat' dir='ltr'><strong>illud</strong></span> <span class='ocrx_word' id='word_1_291' title='bbox 1447 3773 1530 3819; x_wconf 88' lang='lat' dir='ltr'><strong>est</strong></span> <span class='ocrx_word' id='word_1_292' title='bbox 1555 3763 1778 3819; x_wconf 84' lang='lat' dir='ltr'><strong>timida?</strong></span> 
     </span>
    </p>
   </div>
   <div class='ocr_carea' id='block_1_39' title="bbox 204 3848 1775 3924">
    <p class='ocr_par' dir='ltr' id='par_1_39' title="bbox 204 3848 1775 3924">
     <span class='ocr_line' id='line_1_39' title="bbox 204 3848 1775 3924; baseline 0.003 -20"><span class='ocrx_word' id='word_1_293' title='bbox 204 3848 449 3924; x_wconf 73' lang='lat' dir='ltr'><strong>Timidus,</strong></span> <span class='ocrx_word' id='word_1_294' title='bbox 499 3855 715 3912; x_wconf 87' lang='lat' dir='ltr'><strong>etiamsi</strong></span> <span class='ocrx_word' id='word_1_295' title='bbox 766 3869 958 3911; x_wconf 88' lang='lat' dir='ltr'><strong>securo</strong></span> <span class='ocrx_word' id='word_1_296' title='bbox 996 3856 1115 3910; x_wconf 91' lang='lat' dir='ltr'><strong>loco</strong></span> <span class='ocrx_word' id='word_1_297' title='bbox 1150 3855 1403 3921; x_wconf 87' lang='lat' dir='ltr'><strong>ambulet,</strong></span> <span class='ocrx_word' id='word_1_298' title='bbox 1449 3872 1556 3911; x_wconf 91' lang='lat' dir='ltr'><strong>non</strong></span> <span class='ocrx_word' id='word_1_299' title='bbox 1593 3855 1775 3922; x_wconf 89' lang='lat' dir='ltr'><strong>audet,</strong></span> 
     </span>
    </p>
   </div>
   <div class='ocr_carea' id='block_1_40' title="bbox 204 3942 1778 4019">
    <p class='ocr_par' dir='ltr' id='par_1_40' title="bbox 204 3942 1778 4019">
     <span class='ocr_line' id='line_1_40' title="bbox 204 3942 1778 4019; baseline 0.003 -21"><span class='ocrx_word' id='word_1_300' title='bbox 204 3942 290 3998; x_wconf 72' lang='lat' dir='ltr'><strong>sed</strong></span> <span class='ocrx_word' id='word_1_301' title='bbox 309 3943 560 4003; x_wconf 79' lang='lat' dir='ltr'><strong>formidat</strong></span> <span class='ocrx_word' id='word_1_302' title='bbox 585 3961 650 4002; x_wconf 90' lang='lat' dir='ltr'><strong>ac</strong></span> <span class='ocrx_word' id='word_1_303' title='bbox 676 3946 906 4018; x_wconf 83' lang='lat' dir='ltr'><strong>trepidat</strong></span> <span class='ocrx_word' id='word_1_304' title='bbox 933 3964 946 4002; x_wconf 91' lang='lat'><strong>:</strong></span> <span class='ocrx_word' id='word_1_305' title='bbox 975 3947 1048 4002; x_wconf 89' lang='lat' dir='ltr'><strong>ita</strong></span> <span class='ocrx_word' id='word_1_306' title='bbox 1072 3947 1215 4019; x_wconf 86' lang='lat' dir='ltr'><strong>quod</strong></span> <span class='ocrx_word' id='word_1_307' title='bbox 1242 3948 1534 4005; x_wconf 85' lang='lat' dir='ltr'><strong>ratiociniis</strong></span> <span class='ocrx_word' id='word_1_308' title='bbox 1556 3948 1778 4005; x_wconf 87' lang='lat' dir='ltr'><strong>demon-</strong></span> 
     </span>
    </p>
   </div>
   <div class='ocr_carea' id='block_1_41' title="bbox 205 4038 1778 4107">
    <p class='ocr_par' dir='ltr' id='par_1_41' title="bbox 205 4038 1778 4107">
     <span class='ocr_line' id='line_1_41' title="bbox 205 4038 1778 4107; baseline 0.005 -20"><span class='ocrx_word' id='word_1_309' title='bbox 205 4041 413 4093; x_wconf 81' lang='lat' dir='ltr'><strong>stratum</strong></span> <span class='ocrx_word' id='word_1_310' title='bbox 436 4050 546 4106; x_wconf 88' lang='lat' dir='ltr'><strong>est,</strong></span> <span class='ocrx_word' id='word_1_311' title='bbox 585 4038 793 4094; x_wconf 90' lang='lat' dir='ltr'><strong>etiamsi</strong></span> <span class='ocrx_word' id='word_1_312' title='bbox 833 4055 1018 4095; x_wconf 89' lang='lat' dir='ltr'><strong>verum</strong></span> <span class='ocrx_word' id='word_1_313' title='bbox 1052 4040 1141 4107; x_wconf 87' lang='lat' dir='ltr'><strong>sit,</strong></span> <span class='ocrx_word' id='word_1_314' title='bbox 1174 4040 1406 4095; x_wconf 84' lang='lat' dir='ltr'><strong>nondum</strong></span> <span class='ocrx_word' id='word_1_315' title='bbox 1439 4047 1614 4096; x_wconf 87' lang='lat' dir='ltr'><strong>tamen</strong></span> <span class='ocrx_word' id='word_1_316' title='bbox 1649 4040 1778 4095; x_wconf 85' lang='lat' dir='ltr'><strong>satis</strong></span> 
     </span>
    </p>
   </div>
   <div class='ocr_carea' id='block_1_42' title="bbox 205 4129 1773 4202">
    <p class='ocr_par' dir='ltr' id='par_1_42' title="bbox 205 4129 1773 4202">
     <span class='ocr_line' id='line_1_42' title="bbox 205 4129 1773 4202; baseline 0.004 -24"><span class='ocrx_word' id='word_1_317' title='bbox 205 4133 337 4187; x_wconf 77' lang='lat' dir='ltr'><strong>certa</strong></span> <span class='ocrx_word' id='word_1_318' title='bbox 380 4139 728 4201; x_wconf 85' lang='lat' dir='ltr'><strong>argumenta,</strong></span> <span class='ocrx_word' id='word_1_319' title='bbox 777 4129 1100 4202; x_wconf 81' lang='lat' dir='ltr'><strong>dignamque</strong></span> <span class='ocrx_word' id='word_1_320' title='bbox 1147 4131 1306 4186; x_wconf 82' lang='lat' dir='ltr'><strong>tidem</strong></span> <span class='ocrx_word' id='word_1_321' title='bbox 1356 4132 1551 4186; x_wconf 72' lang='lat' dir='ltr'><strong>anima:</strong></span> <span class='ocrx_word' id='word_1_322' title='bbox 1599 4131 1773 4187; x_wconf 80' lang='lat' dir='ltr'><strong>aii&#39;crt.</strong></span> 
     </span>
    </p>
   </div>
   <div class='ocr_carea' id='block_1_43' title="bbox 206 4212 1776 4295">
    <p class='ocr_par' dir='ltr' id='par_1_43' title="bbox 206 4212 1776 4295">
     <span class='ocr_line' id='line_1_43' title="bbox 206 4212 1776 4295; baseline 0.008 -27"><span class='ocrx_word' id='word_1_323' title='bbox 206 4212 419 4276; x_wconf 81' lang='lat' dir='ltr'><strong>Proinde</strong></span> <span class='ocrx_word' id='word_1_324' title='bbox 445 4220 572 4291; x_wconf 86' lang='lat' dir='ltr'><strong>quia</strong></span> <span class='ocrx_word' id='word_1_325' title='bbox 598 4229 743 4277; x_wconf 89' lang='lat' dir='ltr'><strong>tanta</strong></span> <span class='ocrx_word' id='word_1_326' title='bbox 772 4222 1038 4285; x_wconf 87' lang='lat' dir='ltr'><strong>rationum</strong></span> <span class='ocrx_word' id='word_1_327' title='bbox 1069 4221 1351 4278; x_wconf 82' lang='lat' dir='ltr'><strong>inﬁrmitas</strong></span> <span class='ocrx_word' id='word_1_328' title='bbox 1370 4231 1473 4291; x_wconf 85' lang='lat' dir='ltr'><strong>est,</strong></span> <span class='ocrx_word' id='word_1_329' title='bbox 1501 4238 1597 4295; x_wconf 88' lang='lat' dir='ltr'><strong>age</strong></span> <span class='ocrx_word' id='word_1_330' title='bbox 1626 4223 1776 4281; x_wconf 85' lang='lat' dir='ltr'><strong>Scri-</strong></span> 
     </span>
    </p>
   </div>
   <div class='ocr_carea' id='block_1_44' title="bbox 206 4310 1274 4385">
    <p class='ocr_par' dir='ltr' id='par_1_44' title="bbox 206 4310 1274 4385">
     <span class='ocr_line' id='line_1_44' title="bbox 206 4310 1274 4385; baseline 0.009 -26"><span class='ocrx_word' id='word_1_331' title='bbox 206 4310 361 4373; x_wconf 88' lang='lat' dir='ltr'><strong>pturis</strong></span> <span class='ocrx_word' id='word_1_332' title='bbox 384 4321 574 4377; x_wconf 71' lang='lat' dir='ltr'><strong>contra</strong></span> <span class='ocrx_word' id='word_1_333' title='bbox 595 4312 932 4377; x_wconf 83' lang='lat' dir='ltr'><strong>adversarios</strong></span> <span class='ocrx_word' id='word_1_334' title='bbox 960 4328 1274 4385; x_wconf 84' lang='lat' dir='ltr'><strong>pugnemus.</strong></span> 
     </span>
    </p>
   </div>
   <div class='ocr_carea' id='block_1_45' title="bbox 269 4397 1774 4477">
    <p class='ocr_par' dir='ltr' id='par_1_45' title="bbox 269 4397 1774 4477">
     <span class='ocr_line' id='line_1_45' title="bbox 269 4397 1774 4477; baseline 0.005 -25"><span class='ocrx_word' id='word_1_335' title='bbox 269 4397 546 4471; x_wconf 54' lang='lat' dir='ltr'><strong>Scriptura</strong></span> <span class='ocrx_word' id='word_1_336' title='bbox 572 4404 848 4463; x_wconf 72' lang='lat' dir='ltr'><strong>auctoritas</strong></span> <span class='ocrx_word' id='word_1_337' title='bbox 876 4405 1042 4474; x_wconf 84' lang='lat' dir='ltr'><strong>potior</strong></span> <span class='ocrx_word' id='word_1_338' title='bbox 1060 4404 1357 4459; x_wconf 81' lang='lat' dir='ltr'><strong>rationibus.</strong></span> <span class='ocrx_word' id='word_1_339' title='bbox 1382 4435 1456 4445; x_wconf 92' lang='lat'>—</span> <span class='ocrx_word' id='word_1_340' title='bbox 1483 4404 1641 4462; x_wconf 83' lang='lat' dir='ltr'><strong>Unde</strong></span> <span class='ocrx_word' id='word_1_341' title='bbox 1673 4406 1774 4477; x_wconf 88' lang='lat' dir='ltr'><strong>igi-</strong></span> 
     </span>
    </p>
   </div>
   <div class='ocr_carea' id='block_1_46' title="bbox 208 4491 1775 4568">
    <p class='ocr_par' dir='ltr' id='par_1_46' title="bbox 208 4491 1775 4568">
     <span class='ocr_line' id='line_1_46' title="bbox 208 4491 1775 4568; baseline 0.007 -27"><span class='ocrx_word' id='word_1_342' title='bbox 208 4491 284 4541; x_wconf 88' lang='lat' dir='ltr'><strong>tur</strong></span> <span class='ocrx_word' id='word_1_343' title='bbox 304 4494 563 4549; x_wconf 81' lang='lat' dir='ltr'><strong>sermonis</strong></span> <span class='ocrx_word' id='word_1_344' title='bbox 586 4493 860 4553; x_wconf 81' lang='lat' dir='ltr'><strong>exordium</strong></span> <span class='ocrx_word' id='word_1_345' title='bbox 894 4495 1254 4557; x_wconf 81' lang='lat' dir='ltr'><strong>sumendum?</strong></span> <span class='ocrx_word' id='word_1_346' title='bbox 1292 4494 1448 4553; x_wconf 87' lang='lat' dir='ltr'><strong>Unde</strong></span> <span class='ocrx_word' id='word_1_347' title='bbox 1474 4497 1626 4553; x_wconf 90' lang='lat' dir='ltr'><strong>vobis</strong></span> <span class='ocrx_word' id='word_1_348' title='bbox 1659 4499 1775 4568; x_wconf 89' lang='lat' dir='ltr'><strong>pla-</strong></span> 
     </span>
    </p>
   </div>
   <div class='ocr_carea' id='block_1_47' title="bbox 208 4576 1774 4652">
    <p class='ocr_par' dir='ltr' id='par_1_47' title="bbox 208 4576 1774 4652">
     <span class='ocr_line' id='line_1_47' title="bbox 208 4576 1774 4652; baseline 0.01 -24"><span class='ocrx_word' id='word_1_349' title='bbox 208 4576 372 4648; x_wconf 85' lang='lat' dir='ltr'><strong>cebit,</strong></span> <span class='ocrx_word' id='word_1_350' title='bbox 421 4583 540 4641; x_wconf 82' lang='lat' dir='ltr'><strong>sive</strong></span> <span class='ocrx_word' id='word_1_351' title='bbox 585 4598 650 4639; x_wconf 80' lang='lat' dir='ltr'><strong>ex</strong></span> <span class='ocrx_word' id='word_1_352' title='bbox 707 4583 889 4652; x_wconf 79' lang='lat' dir='ltr'><strong>Nova,</strong></span> <span class='ocrx_word' id='word_1_353' title='bbox 939 4585 1058 4641; x_wconf 88' lang='lat' dir='ltr'><strong>sive</strong></span> <span class='ocrx_word' id='word_1_354' title='bbox 1109 4600 1175 4645; x_wconf 82' lang='lat' dir='ltr'><strong>ex</strong></span> <span class='ocrx_word' id='word_1_355' title='bbox 1223 4585 1423 4642; x_wconf 83' lang='lat' dir='ltr'><strong>Veteri.</strong></span> <span class='ocrx_word' id='word_1_356' title='bbox 1471 4586 1586 4642; x_wconf 87' lang='lat' dir='ltr'><strong>Non</strong></span> <span class='ocrx_word' id='word_1_357' title='bbox 1631 4588 1774 4644; x_wconf 86' lang='lat' dir='ltr'><strong>enim</strong></span> 
     </span>
    </p>
   </div>
   <div class='ocr_carea' id='block_1_48' title="bbox 209 4668 1775 4749">
    <p class='ocr_par' dir='ltr' id='par_1_48' title="bbox 209 4668 1775 4749">
     <span class='ocr_line' id='line_1_48' title="bbox 209 4668 1775 4749; baseline 0.01 -27"><span class='ocrx_word' id='word_1_358' title='bbox 209 4668 369 4739; x_wconf 85' lang='lat' dir='ltr'><strong>solum</strong></span> <span class='ocrx_word' id='word_1_359' title='bbox 403 4675 456 4743; x_wconf 88' lang='lat' dir='ltr'><strong>in</strong></span> <span class='ocrx_word' id='word_1_360' title='bbox 493 4676 792 4749; x_wconf 78' lang='lat' dir='ltr'><strong>evangeliis</strong></span> <span class='ocrx_word' id='word_1_361' title='bbox 834 4687 887 4733; x_wconf 89' lang='lat' dir='ltr'><strong>et</strong></span> <span class='ocrx_word' id='word_1_362' title='bbox 923 4678 1231 4748; x_wconf 88' lang='lat' dir='ltr'><strong>apostolicis</strong></span> <span class='ocrx_word' id='word_1_363' title='bbox 1255 4679 1452 4748; x_wconf 88' lang='lat' dir='ltr'><strong>verbis,</strong></span> <span class='ocrx_word' id='word_1_364' title='bbox 1498 4680 1594 4737; x_wconf 85' lang='lat' dir='ltr'><strong>sed</strong></span> <span class='ocrx_word' id='word_1_365' title='bbox 1638 4680 1775 4737; x_wconf 88' lang='lat' dir='ltr'><strong>etin</strong></span> 
     </span>
    </p>
   </div>
   <div class='ocr_carea' id='block_1_49' title="bbox 184 4765 1774 4843">
    <p class='ocr_par' dir='ltr' id='par_1_49' title="bbox 184 4765 1774 4843">
     <span class='ocr_line' id='line_1_49' title="bbox 184 4765 1774 4843; baseline 0.008 -26"><span class='ocrx_word' id='word_1_366' title='bbox 184 4765 471 4833; x_wconf 62' lang='lat' dir='ltr'><strong>prophetis</strong></span> <span class='ocrx_word' id='word_1_367' title='bbox 508 4778 567 4823; x_wconf 81' lang='lat' dir='ltr'><strong>et</strong></span> <span class='ocrx_word' id='word_1_368' title='bbox 611 4769 665 4823; x_wconf 88' lang='lat' dir='ltr'><strong>in</strong></span> <span class='ocrx_word' id='word_1_369' title='bbox 714 4778 822 4824; x_wconf 89' lang='lat' dir='ltr'><strong>tota</strong></span> <span class='ocrx_word' id='word_1_370' title='bbox 853 4769 1036 4826; x_wconf 80' lang='lat' dir='ltr'><strong>Veteri</strong></span> <span class='ocrx_word' id='word_1_371' title='bbox 1077 4770 1195 4843; x_wconf 89' lang='lat' dir='ltr'><strong>lege</strong></span> <span class='ocrx_word' id='word_1_372' title='bbox 1232 4772 1519 4842; x_wconf 90' lang='lat' dir='ltr'><strong>fulgentem</strong></span> <span class='ocrx_word' id='word_1_373' title='bbox 1562 4772 1774 4829; x_wconf 86' lang='lat' dir='ltr'><strong>abunde</strong></span> 
     </span>
    </p>
   </div>
   <div class='ocr_carea' id='block_1_50' title="bbox 213 4848 1770 4933">
    <p class='ocr_par' dir='ltr' id='par_1_50' title="bbox 213 4848 1770 4933">
     <span class='ocr_line' id='line_1_50' title="bbox 213 4848 1770 4933; baseline 0.008 -26"><span class='ocrx_word' id='word_1_374' title='bbox 213 4848 464 4926; x_wconf 77' lang='lat' dir='ltr'><strong>Uuigeniti</strong></span> <span class='ocrx_word' id='word_1_375' title='bbox 484 4854 713 4927; x_wconf 79' lang='lat' dir='ltr'><strong>gloriam</strong></span> <span class='ocrx_word' id='word_1_376' title='bbox 736 4857 922 4917; x_wconf 85' lang='lat' dir='ltr'><strong>videre</strong></span> <span class='ocrx_word' id='word_1_377' title='bbox 948 4860 1093 4929; x_wconf 82' lang='lat' dir='ltr'><strong>licet.</strong></span> <span class='ocrx_word' id='word_1_378' title='bbox 1126 4861 1300 4929; x_wconf 89' lang='lat' dir='ltr'><strong>Unde,</strong></span> <span class='ocrx_word' id='word_1_379' title='bbox 1330 4879 1448 4920; x_wconf 84' lang='lat' dir='ltr'><strong>mea</strong></span> <span class='ocrx_word' id='word_1_380' title='bbox 1484 4866 1770 4933; x_wconf 83' lang='lat' dir='ltr'><strong>sententia,</strong></span> 
     </span>
    </p>
   </div>
   <div class='ocr_carea' id='block_1_51' title="bbox 210 4947 1774 5023">
    <p class='ocr_par' dir='ltr' id='par_1_51' title="bbox 210 4947 1774 5023">
     <span class='ocr_line' id='line_1_51' title="bbox 210 4947 1774 5023; baseline 0.006 -21"><span class='ocrx_word' id='word_1_381' title='bbox 210 4948 356 5003; x_wconf 63' lang='lat' dir='ltr'><strong>Ellam</strong></span> <span class='ocrx_word' id='word_1_382' title='bbox 390 4948 517 5004; x_wconf 84' lang='lat' dir='ltr'><strong>inde</strong></span> <span class='ocrx_word' id='word_1_383' title='bbox 544 4947 805 5005; x_wconf 83' lang='lat' dir='ltr'><strong>adversus</strong></span> <span class='ocrx_word' id='word_1_384' title='bbox 843 4949 965 5005; x_wconf 90' lang='lat' dir='ltr'><strong>illos</strong></span> <span class='ocrx_word' id='word_1_385' title='bbox 1000 4951 1334 5023; x_wconf 85' lang='lat' dir='ltr'><strong>corripienda</strong></span> <span class='ocrx_word' id='word_1_386' title='bbox 1379 4963 1505 5009; x_wconf 92' lang='lat' dir='ltr'><strong>sunt</strong></span> <span class='ocrx_word' id='word_1_387' title='bbox 1544 4955 1668 5011; x_wconf 90' lang='lat' dir='ltr'><strong>tela.</strong></span> <span class='ocrx_word' id='word_1_388' title='bbox 1699 4955 1774 5011; x_wconf 88' lang='lat' dir='ltr'><strong>Ita</strong></span> 
     </span>
    </p>
   </div>
   <div class='ocr_carea' id='block_1_52' title="bbox 212 5030 1774 5110">
    <p class='ocr_par' dir='ltr' id='par_1_52' title="bbox 212 5030 1774 5110">
     <span class='ocr_line' id='line_1_52' title="bbox 212 5030 1774 5110; baseline 0.013 -27"><span class='ocrx_word' id='word_1_389' title='bbox 212 5030 339 5087; x_wconf 85' lang='lat' dir='ltr'><strong>enim</strong></span> <span class='ocrx_word' id='word_1_390' title='bbox 362 5052 466 5094; x_wconf 89' lang='lat' dir='ltr'><strong>non</strong></span> <span class='ocrx_word' id='word_1_391' title='bbox 492 5039 614 5096; x_wconf 89' lang='lat' dir='ltr'><strong>illos</strong></span> <span class='ocrx_word' id='word_1_392' title='bbox 649 5048 876 5109; x_wconf 87' lang='lat' dir='ltr'><strong>tantum,</strong></span> <span class='ocrx_word' id='word_1_393' title='bbox 907 5040 1002 5097; x_wconf 89' lang='lat' dir='ltr'><strong>sed</strong></span> <span class='ocrx_word' id='word_1_394' title='bbox 1028 5053 1085 5099; x_wconf 92' lang='lat' dir='ltr'><strong>et</strong></span> <span class='ocrx_word' id='word_1_395' title='bbox 1107 5045 1305 5110; x_wconf 80' lang='lat' dir='ltr'><strong>multos</strong></span> <span class='ocrx_word' id='word_1_396' title='bbox 1332 5045 1466 5103; x_wconf 88' lang='lat' dir='ltr'><strong>alios</strong></span> <span class='ocrx_word' id='word_1_397' title='bbox 1491 5046 1774 5103; x_wconf 65' lang='lat' dir='ltr'><strong>haereticos</strong></span> 
     </span>
    </p>
   </div>
   <div class='ocr_carea' id='block_1_53' title="bbox 211 5113 1763 5203">
    <p class='ocr_par' dir='ltr' id='par_1_53' title="bbox 211 5113 1763 5203">
     <span class='ocr_line' id='line_1_53' title="bbox 211 5113 1763 5203; baseline 0.012 -29"><span class='ocrx_word' id='word_1_398' title='bbox 211 5113 358 5203; x_wconf 51' lang='lat' dir='ltr'><strong>simul</strong></span> <span class='ocrx_word' id='word_1_399' title='bbox 389 5135 740 5198; x_wconf 83' lang='lat' dir='ltr'><strong>prosternere</strong></span> <span class='ocrx_word' id='word_1_400' title='bbox 761 5131 1085 5201; x_wconf 82' lang='lat' dir='ltr'><strong>poterimus,</strong></span> <span class='ocrx_word' id='word_1_401' title='bbox 1117 5133 1375 5190; x_wconf 86' lang='lat' dir='ltr'><strong>videlicet</strong></span> <span class='ocrx_word' id='word_1_402' title='bbox 1402 5133 1763 5203; x_wconf 79' lang='lat' dir='ltr'><strong>Marcionem,</strong></span> 
     </span>
    </p>
   </div>
   <div class='ocr_carea' id='block_1_54' title="bbox 210 5201 1766 5296">
    <p class='ocr_par' dir='ltr' id='par_1_54' title="bbox 210 5201 1766 5296">
     <span class='ocr_line' id='line_1_54' title="bbox 210 5201 1766 5296; baseline 0.014 -34"><span class='ocrx_word' id='word_1_403' title='bbox 210 5201 564 5285; x_wconf 70' lang='lat' dir='ltr'><strong>Manichmum,</strong></span> <span class='ocrx_word' id='word_1_404' title='bbox 595 5217 974 5288; x_wconf 80' lang='lat' dir='ltr'><strong>Valentinum,</strong></span> <span class='ocrx_word' id='word_1_405' title='bbox 998 5220 1424 5296; x_wconf 63' lang='lat' dir='ltr'><strong>Iud-eorumque</strong></span> <span class='ocrx_word' id='word_1_406' title='bbox 1442 5235 1618 5284; x_wconf 66' lang='lat' dir='ltr'><strong>coetus</strong></span> <span class='ocrx_word' id='word_1_407' title='bbox 1646 5201 1766 5283; x_wconf 46' lang='lat' dir='ltr'><strong>om?</strong></span> 
     </span>
    </p>
   </div>
   <div class='ocr_carea' id='block_1_55' title="bbox 210 5305 1762 5385">
    <p class='ocr_par' dir='ltr' id='par_1_55' title="bbox 210 5305 1762 5385">
     <span class='ocr_line' id='line_1_55' title="bbox 210 5305 1762 5385; baseline 0.013 -30"><span class='ocrx_word' id='word_1_408' title='bbox 210 5312 316 5358; x_wconf 85' lang='lat' dir='ltr'><strong>nes.</strong></span> <span class='ocrx_word' id='word_1_409' title='bbox 350 5305 480 5363; x_wconf 84' lang='lat' dir='ltr'><strong>Nam</strong></span> <span class='ocrx_word' id='word_1_410' title='bbox 516 5311 662 5367; x_wconf 87' lang='lat' dir='ltr'><strong>sicut</strong></span> <span class='ocrx_word' id='word_1_411' title='bbox 702 5328 829 5368; x_wconf 93' lang='lat' dir='ltr'><strong>cum</strong></span> <span class='ocrx_word' id='word_1_412' title='bbox 878 5327 908 5367; x_wconf 90' lang='lat' dir='ltr'><strong>a</strong></span> <span class='ocrx_word' id='word_1_413' title='bbox 944 5312 1150 5370; x_wconf 89' lang='lat' dir='ltr'><strong>Davide</strong></span> <span class='ocrx_word' id='word_1_414' title='bbox 1183 5324 1499 5385; x_wconf 87' lang='lat' dir='ltr'><strong>prostratus</strong></span> <span class='ocrx_word' id='word_1_415' title='bbox 1535 5326 1620 5375; x_wconf 88' lang='lat' dir='ltr'><strong>est</strong></span> <span class='ocrx_word' id='word_1_416' title='bbox 1654 5318 1762 5376; x_wconf 81' lang='lat' dir='ltr'><strong>Go-</strong></span> 
     </span>
    </p>
   </div>
   <div class='ocr_carea' id='block_1_56' title="bbox 210 5388 1762 5479">
    <p class='ocr_par' dir='ltr' id='par_1_56' title="bbox 210 5388 1762 5479">
     <span class='ocr_line' id='line_1_56' title="bbox 210 5388 1762 5479; baseline 0.017 -37"><span class='ocrx_word' id='word_1_417' title='bbox 210 5388 326 5448; x_wconf 90' lang='lat' dir='ltr'><strong>liath</strong></span> <span class='ocrx_word' id='word_1_418' title='bbox 357 5399 426 5468; x_wconf 75' lang='grc' dir='ltr'><strong>(ι.</strong></span> <span class='ocrx_word' id='word_1_419' title='bbox 467 5402 591 5476; x_wconf 81' lang='lat' dir='ltr'><strong>Reg.</strong></span> <span class='ocrx_word' id='word_1_420' title='bbox 629 5405 717 5460; x_wconf 74' lang='lat' dir='ltr'><strong>t7.</strong></span> <span class='ocrx_word' id='word_1_421' title='bbox 761 5406 872 5476; x_wconf 82' lang='lat' dir='ltr'><strong>5i),</strong></span> <span class='ocrx_word' id='word_1_422' title='bbox 923 5406 979 5462; x_wconf 93' lang='lat' dir='ltr'><strong>in</strong></span> <span class='ocrx_word' id='word_1_423' title='bbox 1030 5406 1217 5479; x_wconf 82' lang='lat' dir='ltr'><strong>fugam</strong></span> <span class='ocrx_word' id='word_1_424' title='bbox 1246 5409 1409 5466; x_wconf 85' lang='lat' dir='ltr'><strong>simul</strong></span> <span class='ocrx_word' id='word_1_425' title='bbox 1454 5426 1649 5467; x_wconf 83' lang='lat' dir='ltr'><strong>versus</strong></span> <span class='ocrx_word' id='word_1_426' title='bbox 1678 5422 1762 5469; x_wconf 90' lang='lat' dir='ltr'><strong>est</strong></span> 
     </span>
    </p>
   </div>
   <div class='ocr_carea' id='block_1_57' title="bbox 212 5487 1760 5574">
    <p class='ocr_par' dir='ltr' id='par_1_57' title="bbox 212 5487 1760 5574">
     <span class='ocr_line' id='line_1_57' title="bbox 212 5487 1760 5574; baseline 0.014 -35"><span class='ocrx_word' id='word_1_427' title='bbox 212 5487 372 5574; x_wconf 76' lang='lat' dir='ltr'><strong>omnis</strong></span> <span class='ocrx_word' id='word_1_428' title='bbox 407 5493 802 5568; x_wconf 83' lang='lat' dir='ltr'><strong>allophylorum</strong></span> <span class='ocrx_word' id='word_1_429' title='bbox 847 5498 1125 5555; x_wconf 79' lang='lat' dir='ltr'><strong>exercitus</strong></span> <span class='ocrx_word' id='word_1_430' title='bbox 1179 5509 1284 5555; x_wconf 91' lang='lat' dir='ltr'><strong>:et</strong></span> <span class='ocrx_word' id='word_1_431' title='bbox 1339 5516 1488 5558; x_wconf 89' lang='lat' dir='ltr'><strong>mors</strong></span> <span class='ocrx_word' id='word_1_432' title='bbox 1540 5504 1760 5574; x_wconf 88' lang='lat' dir='ltr'><strong>quidem</strong></span> 
     </span>
    </p>
   </div>
   <div class='ocr_carea' id='block_1_58' title="bbox 212 5571 1758 5663">
    <p class='ocr_par' dir='ltr' id='par_1_58' title="bbox 212 5571 1758 5663">
     <span class='ocr_line' id='line_1_58' title="bbox 212 5571 1758 5663; baseline 0.017 -39"><span class='ocrx_word' id='word_1_433' title='bbox 212 5571 357 5663; x_wconf 71' lang='lat' dir='ltr'><strong>unius</strong></span> <span class='ocrx_word' id='word_1_434' title='bbox 407 5586 657 5655; x_wconf 88' lang='lat' dir='ltr'><strong>corporis</strong></span> <span class='ocrx_word' id='word_1_435' title='bbox 711 5596 765 5642; x_wconf 89' lang='lat' dir='ltr'><strong>et</strong></span> <span class='ocrx_word' id='word_1_436' title='bbox 815 5589 1103 5658; x_wconf 89' lang='lat' dir='ltr'><strong>percussio</strong></span> <span class='ocrx_word' id='word_1_437' title='bbox 1160 5590 1325 5647; x_wconf 89' lang='lat' dir='ltr'><strong>unius</strong></span> <span class='ocrx_word' id='word_1_438' title='bbox 1378 5571 1575 5663; x_wconf 80' lang='lat' dir='ltr'><strong>capitis</strong></span> <span class='ocrx_word' id='word_1_439' title='bbox 1619 5603 1758 5663; x_wconf 88' lang='lat' dir='ltr'><strong>erat,</strong></span> 
     </span>
    </p>
   </div>
   <div class='ocr_carea' id='block_1_59' title="bbox 217 5656 1755 5760">
    <p class='ocr_par' dir='ltr' id='par_1_59' title="bbox 217 5656 1755 5760">
     <span class='ocr_line' id='line_1_59' title="bbox 217 5656 1755 5760; baseline 0.007 -28"><span class='ocrx_word' id='word_1_440' title='bbox 217 5656 329 5760; x_wconf 34' lang='lat' dir='ltr'><strong>(“ila</strong></span> <span class='ocrx_word' id='word_1_441' title='bbox 362 5682 535 5731; x_wconf 78' lang='lat' dir='ltr'><strong>autem</strong></span> <span class='ocrx_word' id='word_1_442' title='bbox 569 5679 905 5742; x_wconf 85' lang='lat' dir='ltr'><strong>communis,</strong></span> <span class='ocrx_word' id='word_1_443' title='bbox 944 5689 996 5736; x_wconf 88' lang='lat' dir='ltr'><strong>et</strong></span> <span class='ocrx_word' id='word_1_444' title='bbox 1027 5682 1195 5737; x_wconf 91' lang='lat' dir='ltr'><strong>timor</strong></span> <span class='ocrx_word' id='word_1_445' title='bbox 1226 5681 1394 5739; x_wconf 87' lang='lat' dir='ltr'><strong>totius</strong></span> <span class='ocrx_word' id='word_1_446' title='bbox 1426 5686 1702 5742; x_wconf 83' lang='lat' dir='ltr'><strong>exercitus</strong></span> <span class='ocrx_word' id='word_1_447' title='bbox 1742 5706 1755 5743; x_wconf 87' lang='lat'><strong>:</strong></span> 
     </span>
    </p>
   </div>
   <div class='ocr_carea' id='block_1_60' title="bbox 228 5760 1760 5846">
    <p class='ocr_par' dir='ltr' id='par_1_60' title="bbox 228 5760 1760 5846">
     <span class='ocr_line' id='line_1_60' title="bbox 228 5760 1760 5846; baseline 0.018 -40"><span class='ocrx_word' id='word_1_448' title='bbox 228 5760 293 5810; x_wconf 80' lang='lat' dir='ltr'><strong>ita</strong></span> <span class='ocrx_word' id='word_1_449' title='bbox 324 5768 375 5814; x_wconf 86' lang='lat' dir='ltr'><strong>et</strong></span> <span class='ocrx_word' id='word_1_450' title='bbox 419 5766 465 5823; x_wconf 83' lang='lat' dir='ltr'><strong>si</strong></span> <span class='ocrx_word' id='word_1_451' title='bbox 499 5784 602 5826; x_wconf 88' lang='lat' dir='ltr'><strong>nos</strong></span> <span class='ocrx_word' id='word_1_452' title='bbox 649 5776 813 5826; x_wconf 77' lang='lat' dir='ltr'><strong>unam</strong></span> <span class='ocrx_word' id='word_1_453' title='bbox 857 5771 1110 5829; x_wconf 66' lang='lat' dir='ltr'><strong>haeresim</strong></span> <span class='ocrx_word' id='word_1_454' title='bbox 1156 5774 1554 5846; x_wconf 68' lang='lat' dir='ltr'><strong>deierat-imus,</strong></span> <span class='ocrx_word' id='word_1_455' title='bbox 1606 5791 1760 5833; x_wconf 85' lang='lat' dir='ltr'><strong>com-</strong></span> 
     </span>
    </p>
   </div>
   <div class='ocr_carea' id='block_1_61' title="bbox 1447 346 2264 415">
    <p class='ocr_par' dir='ltr' id='par_1_61' title="bbox 1447 346 2264 415">
     <span class='ocr_line' id='line_1_61' title="bbox 1447 346 2264 415; baseline -0.001 -6"><span class='ocrx_word' id='word_1_456' title='bbox 1447 349 1715 415; x_wconf 75' lang='lat' dir='ltr'><strong>CONTRA</strong></span> <span class='ocrx_word' id='word_1_457' title='bbox 1758 349 1800 405; x_wconf 77' lang='grc' dir='ltr'>Α</span> <span class='ocrx_word' id='word_1_458' title='bbox 1807 346 2132 409; x_wconf 64' lang='grc' dir='ltr'><strong>ΝΟΜῈΟΞ.</strong></span> <span class='ocrx_word' id='word_1_459' title='bbox 2173 350 2264 408; x_wconf 75' lang='lat' dir='ltr'><strong>XI.</strong></span> 
     </span>
    </p>
   </div>
   <div class='ocr_carea' id='block_1_62' title="bbox 3376 358 3482 413">
    <p class='ocr_par' dir='ltr' id='par_1_62' title="bbox 3376 358 3482 413">
     <span class='ocr_line' id='line_1_62' title="bbox 3376 358 3482 413; baseline 0 0"><span class='ocrx_word' id='word_1_460' title='bbox 3376 358 3482 413; x_wconf 87' lang='lat'><strong>798</strong></span> 
     </span>
    </p>
   </div>
   <div class='ocr_carea' id='block_1_63' title="bbox 1897 462 3469 543">
    <p class='ocr_par' dir='ltr' id='par_1_63' title="bbox 1897 462 3469 543">
     <span class='ocr_line' id='line_1_63' title="bbox 1897 462 3469 543; baseline 0.008 -28"><span class='ocrx_word' id='word_1_461' title='bbox 1897 462 2079 518; x_wconf 91' lang='lat' dir='ltr'><strong>munis</strong></span> <span class='ocrx_word' id='word_1_462' title='bbox 2136 464 2242 518; x_wconf 90' lang='lat' dir='ltr'><strong>erit</strong></span> <span class='ocrx_word' id='word_1_463' title='bbox 2313 472 2760 520; x_wconf 89' lang='lat' dir='ltr'><strong>enumeratorum</strong></span> <span class='ocrx_word' id='word_1_464' title='bbox 2812 468 3054 524; x_wconf 89' lang='lat' dir='ltr'><strong>omnium</strong></span> <span class='ocrx_word' id='word_1_465' title='bbox 3138 470 3469 543; x_wconf 86' lang='lat' dir='ltr'><strong>protligatio.</strong></span> 
     </span>
    </p>
   </div>
   <div class='ocr_carea' id='block_1_64' title="bbox 1968 550 3476 624">
    <p class='ocr_par' dir='ltr' id='par_1_64' title="bbox 1968 550 3476 624">
     <span class='ocr_line' id='line_1_64' title="bbox 1968 550 3476 624; baseline 0.008 -19"><span class='ocrx_word' id='word_1_466' title='bbox 1968 551 2256 608; x_wconf 74' lang='lat' dir='ltr'><strong>Manichwi</strong></span> <span class='ocrx_word' id='word_1_467' title='bbox 2293 550 2592 623; x_wconf 82' lang='lat' dir='ltr'><strong>Prophetas</strong></span> <span class='ocrx_word' id='word_1_468' title='bbox 2624 554 3215 624; x_wconf 71' lang='lat' dir='ltr'><strong>rejiciuat.-Mauich:ei</strong></span> <span class='ocrx_word' id='word_1_469' title='bbox 3236 562 3384 617; x_wconf 85' lang='lat' dir='ltr'><strong>enim</strong></span> <span class='ocrx_word' id='word_1_470' title='bbox 3420 572 3476 617; x_wconf 82' lang='lat' dir='ltr'><strong>et</strong></span> 
     </span>
    </p>
   </div>
   <div class='ocr_carea' id='block_1_65' title="bbox 1891 646 3479 724">
    <p class='ocr_par' dir='ltr' id='par_1_65' title="bbox 1891 646 3479 724">
     <span class='ocr_line' id='line_1_65' title="bbox 1891 646 3479 724; baseline 0.008 -26"><span class='ocrx_word' id='word_1_471' title='bbox 1891 646 1982 715; x_wconf 91' lang='lat' dir='ltr'><strong>qui</strong></span> <span class='ocrx_word' id='word_1_472' title='bbox 2014 646 2223 702; x_wconf 85' lang='lat' dir='ltr'><strong>illorum</strong></span> <span class='ocrx_word' id='word_1_473' title='bbox 2252 646 2444 705; x_wconf 91' lang='lat' dir='ltr'><strong>morbo</strong></span> <span class='ocrx_word' id='word_1_474' title='bbox 2481 648 2750 718; x_wconf 88' lang='lat' dir='ltr'><strong>laborant,</strong></span> <span class='ocrx_word' id='word_1_475' title='bbox 2778 649 3029 706; x_wconf 86' lang='lat' dir='ltr'><strong>videntur</strong></span> <span class='ocrx_word' id='word_1_476' title='bbox 3051 652 3295 724; x_wconf 87' lang='lat' dir='ltr'><strong>accipere</strong></span> <span class='ocrx_word' id='word_1_477' title='bbox 3319 653 3479 714; x_wconf 78' lang='lat' dir='ltr'><strong>Chri-</strong></span> 
     </span>
    </p>
   </div>
   <div class='ocr_carea' id='block_1_66' title="bbox 1890 738 3478 817">
    <p class='ocr_par' dir='ltr' id='par_1_66' title="bbox 1890 738 3478 817">
     <span class='ocr_line' id='line_1_66' title="bbox 1890 738 3478 817; baseline 0.006 -26"><span class='ocrx_word' id='word_1_478' title='bbox 1890 744 2031 792; x_wconf 88' lang='lat' dir='ltr'><strong>stum</strong></span> <span class='ocrx_word' id='word_1_479' title='bbox 2061 738 2148 808; x_wconf 91' lang='lat' dir='ltr'><strong>qui</strong></span> <span class='ocrx_word' id='word_1_480' title='bbox 2177 738 2494 809; x_wconf 88' lang='lat' dir='ltr'><strong>praedicatur</strong></span> <span class='ocrx_word' id='word_1_481' title='bbox 2517 756 2529 792; x_wconf 92' lang='lat'><strong>:</strong></span> <span class='ocrx_word' id='word_1_482' title='bbox 2553 739 2840 811; x_wconf 79' lang='lat' dir='ltr'><strong>prophetas</strong></span> <span class='ocrx_word' id='word_1_483' title='bbox 2855 750 3032 797; x_wconf 88' lang='lat' dir='ltr'><strong>autem</strong></span> <span class='ocrx_word' id='word_1_484' title='bbox 3051 752 3107 798; x_wconf 89' lang='lat' dir='ltr'><strong>et</strong></span> <span class='ocrx_word' id='word_1_485' title='bbox 3122 743 3478 817; x_wconf 80' lang='lat' dir='ltr'><strong>patriarchas,</strong></span> 
     </span>
    </p>
   </div>
   <div class='ocr_carea' id='block_1_67' title="bbox 1889 829 3485 906">
    <p class='ocr_par' dir='ltr' id='par_1_67' title="bbox 1889 829 3485 906">
     <span class='ocr_line' id='line_1_67' title="bbox 1889 829 3485 906; baseline 0.006 -23"><span class='ocrx_word' id='word_1_486' title='bbox 1889 829 1981 899; x_wconf 92' lang='lat' dir='ltr'><strong>qui</strong></span> <span class='ocrx_word' id='word_1_487' title='bbox 2012 829 2159 884; x_wconf 89' lang='lat' dir='ltr'><strong>illum</strong></span> <span class='ocrx_word' id='word_1_488' title='bbox 2190 829 2504 900; x_wconf 87' lang='lat' dir='ltr'><strong>praedicant,</strong></span> <span class='ocrx_word' id='word_1_489' title='bbox 2530 840 2883 888; x_wconf 89' lang='lat' dir='ltr'><strong>contemnunt</strong></span> <span class='ocrx_word' id='word_1_490' title='bbox 2909 851 2923 887; x_wconf 89' lang='lat'><strong>:</strong></span> <span class='ocrx_word' id='word_1_491' title='bbox 2956 843 3142 903; x_wconf 82' lang='lat' dir='ltr'><strong>contra</strong></span> <span class='ocrx_word' id='word_1_492' title='bbox 3164 834 3335 901; x_wconf 67' lang='lat' dir='ltr'><strong>Judaei</strong></span> <span class='ocrx_word' id='word_1_493' title='bbox 3359 852 3485 906; x_wconf 87' lang='lat' dir='ltr'><strong>eos,</strong></span> 
     </span>
    </p>
   </div>
   <div class='ocr_carea' id='block_1_68' title="bbox 1889 917 3475 996">
    <p class='ocr_par' dir='ltr' id='par_1_68' title="bbox 1889 917 3475 996">
     <span class='ocr_line' id='line_1_68' title="bbox 1889 917 3475 996; baseline 0.008 -25"><span class='ocrx_word' id='word_1_494' title='bbox 1889 918 1981 989; x_wconf 91' lang='lat' dir='ltr'><strong>qui</strong></span> <span class='ocrx_word' id='word_1_495' title='bbox 2005 917 2275 974; x_wconf 83' lang='lat' dir='ltr'><strong>Christum</strong></span> <span class='ocrx_word' id='word_1_496' title='bbox 2294 920 2608 991; x_wconf 68' lang='lat' dir='ltr'><strong>praedicant,</strong></span> <span class='ocrx_word' id='word_1_497' title='bbox 2646 923 2892 995; x_wconf 87' lang='lat' dir='ltr'><strong>accipere</strong></span> <span class='ocrx_word' id='word_1_498' title='bbox 2929 923 3199 992; x_wconf 72' lang='lat' dir='ltr'><strong>videntur,</strong></span> <span class='ocrx_word' id='word_1_499' title='bbox 3244 925 3475 996; x_wconf 81' lang='lat' dir='ltr'><strong>prophe—</strong></span> 
     </span>
    </p>
   </div>
   <div class='ocr_carea' id='block_1_69' title="bbox 1892 1012 3477 1087">
    <p class='ocr_par' dir='ltr' id='par_1_69' title="bbox 1892 1012 3477 1087">
     <span class='ocr_line' id='line_1_69' title="bbox 1892 1012 3477 1087; baseline 0.006 -23"><span class='ocrx_word' id='word_1_500' title='bbox 1892 1018 1992 1076; x_wconf 88' lang='lat' dir='ltr'><strong>tas,</strong></span> <span class='ocrx_word' id='word_1_501' title='bbox 2018 1012 2229 1081; x_wconf 86' lang='lat' dir='ltr'><strong>inquam</strong></span> <span class='ocrx_word' id='word_1_502' title='bbox 2251 1051 2268 1079; x_wconf 92' lang='lat'><strong>,</strong></span> <span class='ocrx_word' id='word_1_503' title='bbox 2300 1020 2355 1067; x_wconf 88' lang='lat' dir='ltr'><strong>et</strong></span> <span class='ocrx_word' id='word_1_504' title='bbox 2393 1012 2751 1087; x_wconf 88' lang='lat' dir='ltr'><strong>legislatorem</strong></span> <span class='ocrx_word' id='word_1_505' title='bbox 2777 1029 2931 1070; x_wconf 88' lang='lat' dir='ltr'><strong>suum</strong></span> <span class='ocrx_word' id='word_1_506' title='bbox 2957 1033 2972 1070; x_wconf 92' lang='lat'><strong>:</strong></span> <span class='ocrx_word' id='word_1_507' title='bbox 3000 1016 3270 1081; x_wconf 82' lang='lat' dir='ltr'><strong>Christum</strong></span> <span class='ocrx_word' id='word_1_508' title='bbox 3298 1027 3477 1077; x_wconf 84' lang='lat' dir='ltr'><strong>autem</strong></span> 
     </span>
    </p>
   </div>
   <div class='ocr_carea' id='block_1_70' title="bbox 1889 1103 3478 1179">
    <p class='ocr_par' dir='ltr' id='par_1_70' title="bbox 1889 1103 3478 1179">
     <span class='ocr_line' id='line_1_70' title="bbox 1889 1103 3478 1179; baseline 0.006 -21"><span class='ocrx_word' id='word_1_509' title='bbox 1889 1104 1979 1175; x_wconf 93' lang='lat' dir='ltr'><strong>qui</strong></span> <span class='ocrx_word' id='word_1_510' title='bbox 2003 1103 2070 1158; x_wconf 89' lang='lat' dir='ltr'><strong>ab</strong></span> <span class='ocrx_word' id='word_1_511' title='bbox 2098 1103 2203 1159; x_wconf 90' lang='lat' dir='ltr'><strong>illis</strong></span> <span class='ocrx_word' id='word_1_512' title='bbox 2228 1104 2567 1175; x_wconf 64' lang='lat' dir='ltr'><strong>praedicatur,</strong></span> <span class='ocrx_word' id='word_1_513' title='bbox 2595 1116 2963 1164; x_wconf 86' lang='lat' dir='ltr'><strong>contemnunt.</strong></span> <span class='ocrx_word' id='word_1_514' title='bbox 2992 1107 3156 1179; x_wconf 82' lang='lat' dir='ltr'><strong>igitur</strong></span> <span class='ocrx_word' id='word_1_515' title='bbox 3181 1110 3227 1169; x_wconf 89' lang='lat' dir='ltr'><strong>si</strong></span> <span class='ocrx_word' id='word_1_516' title='bbox 3264 1109 3478 1171; x_wconf 72' lang='lat' dir='ltr'><strong>faVente</strong></span> 
     </span>
    </p>
   </div>
   <div class='ocr_carea' id='block_1_71' title="bbox 1888 1195 3464 1274">
    <p class='ocr_par' dir='ltr' id='par_1_71' title="bbox 1888 1195 3464 1274">
     <span class='ocr_line' id='line_1_71' title="bbox 1888 1195 3464 1274; baseline 0.007 -25"><span class='ocrx_word' id='word_1_517' title='bbox 1888 1195 2059 1265; x_wconf 88' lang='lat' dir='ltr'><strong>gratia</strong></span> <span class='ocrx_word' id='word_1_518' title='bbox 2085 1195 2181 1251; x_wconf 90' lang='lat' dir='ltr'><strong>Dei</strong></span> <span class='ocrx_word' id='word_1_519' title='bbox 2210 1195 2754 1253; x_wconf 88' lang='lat' dir='ltr'><strong>demonstraverimus</strong></span> <span class='ocrx_word' id='word_1_520' title='bbox 2784 1215 3029 1270; x_wconf 78' lang='lat' dir='ltr'><strong>magnam</strong></span> <span class='ocrx_word' id='word_1_521' title='bbox 3057 1202 3314 1271; x_wconf 84' lang='lat' dir='ltr'><strong>unigeniti</strong></span> <span class='ocrx_word' id='word_1_522' title='bbox 3356 1205 3464 1274; x_wconf 90' lang='lat' dir='ltr'><strong>glo-</strong></span> 
     </span>
    </p>
   </div>
   <div class='ocr_carea' id='block_1_72' title="bbox 1887 1284 3475 1358">
    <p class='ocr_par' dir='ltr' id='par_1_72' title="bbox 1887 1284 3475 1358">
     <span class='ocr_line' id='line_1_72' title="bbox 1887 1284 3475 1358; baseline 0.009 -18"><span class='ocrx_word' id='word_1_523' title='bbox 1887 1284 2021 1340; x_wconf 89' lang='lat' dir='ltr'><strong>riam</strong></span> <span class='ocrx_word' id='word_1_524' title='bbox 2052 1285 2106 1341; x_wconf 88' lang='lat' dir='ltr'><strong>in</strong></span> <span class='ocrx_word' id='word_1_525' title='bbox 2140 1286 2316 1343; x_wconf 87' lang='lat' dir='ltr'><strong>Veteri</strong></span> <span class='ocrx_word' id='word_1_526' title='bbox 2341 1287 2675 1358; x_wconf 78' lang='lat' dir='ltr'><strong>pra-dictam,</strong></span> <span class='ocrx_word' id='word_1_527' title='bbox 2696 1292 2874 1346; x_wconf 87' lang='lat' dir='ltr'><strong>omnia</strong></span> <span class='ocrx_word' id='word_1_528' title='bbox 2897 1292 2984 1347; x_wconf 91' lang='lat' dir='ltr'><strong>illa</strong></span> <span class='ocrx_word' id='word_1_529' title='bbox 3006 1293 3115 1349; x_wconf 89' lang='lat' dir='ltr'><strong>Deo</strong></span> <span class='ocrx_word' id='word_1_530' title='bbox 3133 1294 3355 1351; x_wconf 88' lang='lat' dir='ltr'><strong>adversa</strong></span> <span class='ocrx_word' id='word_1_531' title='bbox 3381 1312 3475 1354; x_wconf 85' lang='lat' dir='ltr'><strong>ora</strong></span> 
     </span>
    </p>
   </div>
   <div class='ocr_carea' id='block_1_73' title="bbox 1887 1374 3478 1456">
    <p class='ocr_par' dir='ltr' id='par_1_73' title="bbox 1887 1374 3478 1456">
     <span class='ocr_line' id='line_1_73' title="bbox 1887 1374 3478 1456; baseline 0.008 -26"><span class='ocrx_word' id='word_1_532' title='bbox 1887 1374 2200 1447; x_wconf 85' lang='lat' dir='ltr'><strong>linguasque</strong></span> <span class='ocrx_word' id='word_1_533' title='bbox 2249 1376 2586 1448; x_wconf 74' lang='lat' dir='ltr'><strong>blasphemas</strong></span> <span class='ocrx_word' id='word_1_534' title='bbox 2628 1379 3019 1439; x_wconf 78' lang='lat' dir='ltr'><strong>contundemus</strong></span> <span class='ocrx_word' id='word_1_535' title='bbox 3075 1392 3130 1439; x_wconf 90' lang='lat' dir='ltr'><strong>et</strong></span> <span class='ocrx_word' id='word_1_536' title='bbox 3169 1400 3478 1456; x_wconf 80' lang='lat' dir='ltr'><strong>compesce-</strong></span> 
     </span>
    </p>
   </div>
   <div class='ocr_carea' id='block_1_74' title="bbox 1887 1469 3478 1541">
    <p class='ocr_par' dir='ltr' id='par_1_74' title="bbox 1887 1469 3478 1541">
     <span class='ocr_line' id='line_1_74' title="bbox 1887 1469 3478 1541; baseline 0.007 -18"><span class='ocrx_word' id='word_1_537' title='bbox 1887 1484 2025 1524; x_wconf 89' lang='lat' dir='ltr'><strong>mus.</strong></span> <span class='ocrx_word' id='word_1_538' title='bbox 2048 1469 2183 1525; x_wconf 85' lang='lat' dir='ltr'><strong>Nam</strong></span> <span class='ocrx_word' id='word_1_539' title='bbox 2203 1470 2249 1525; x_wconf 91' lang='lat' dir='ltr'><strong>si</strong></span> <span class='ocrx_word' id='word_1_540' title='bbox 2274 1470 2477 1541; x_wconf 83' lang='lat' dir='ltr'><strong>liqueat</strong></span> <span class='ocrx_word' id='word_1_541' title='bbox 2499 1471 2770 1528; x_wconf 88' lang='lat' dir='ltr'><strong>Christum</strong></span> <span class='ocrx_word' id='word_1_542' title='bbox 2816 1474 2871 1529; x_wconf 92' lang='lat' dir='ltr'><strong>in</strong></span> <span class='ocrx_word' id='word_1_543' title='bbox 2912 1474 3092 1532; x_wconf 80' lang='lat' dir='ltr'><strong>Veteri</strong></span> <span class='ocrx_word' id='word_1_544' title='bbox 3134 1479 3478 1535; x_wconf 83' lang='lat' dir='ltr'><strong>Testamento</strong></span> 
     </span>
    </p>
   </div>
   <div class='ocr_carea' id='block_1_75' title="bbox 1888 1560 3478 1638">
    <p class='ocr_par' dir='ltr' id='par_1_75' title="bbox 1888 1560 3478 1638">
     <span class='ocr_line' id='line_1_75' title="bbox 1888 1560 3478 1638; baseline 0.005 -20"><span class='ocrx_word' id='word_1_545' title='bbox 1888 1560 2189 1630; x_wconf 69' lang='lat' dir='ltr'><strong>prmdicari,</strong></span> <span class='ocrx_word' id='word_1_546' title='bbox 2216 1576 2321 1632; x_wconf 87' lang='lat' dir='ltr'><strong>qua</strong></span> <span class='ocrx_word' id='word_1_547' title='bbox 2341 1575 2400 1617; x_wconf 90' lang='lat' dir='ltr'><strong>se</strong></span> <span class='ocrx_word' id='word_1_548' title='bbox 2426 1562 2737 1620; x_wconf 86' lang='lat' dir='ltr'><strong>defensione</strong></span> <span class='ocrx_word' id='word_1_549' title='bbox 2767 1566 3082 1625; x_wconf 87' lang='lat' dir='ltr'><strong>tutabuntur</strong></span> <span class='ocrx_word' id='word_1_550' title='bbox 3102 1569 3402 1638; x_wconf 68' lang='lat' dir='ltr'><strong>Manichaai,</strong></span> <span class='ocrx_word' id='word_1_551' title='bbox 3422 1582 3478 1627; x_wconf 88' lang='lat' dir='ltr'><strong>et</strong></span> 
     </span>
    </p>
   </div>
   <div class='ocr_carea' id='block_1_76' title="bbox 1886 1653 3477 1733">
    <p class='ocr_par' dir='ltr' id='par_1_76' title="bbox 1886 1653 3477 1733">
     <span class='ocr_line' id='line_1_76' title="bbox 1886 1653 3477 1733; baseline 0.004 -23"><span class='ocrx_word' id='word_1_552' title='bbox 1886 1653 2066 1711; x_wconf 61' lang='lat' dir='ltr'><strong>caeteri</strong></span> <span class='ocrx_word' id='word_1_553' title='bbox 2111 1653 2200 1723; x_wconf 88' lang='lat' dir='ltr'><strong>qui</strong></span> <span class='ocrx_word' id='word_1_554' title='bbox 2249 1668 2371 1708; x_wconf 90' lang='lat' dir='ltr'><strong>cum</strong></span> <span class='ocrx_word' id='word_1_555' title='bbox 2412 1654 2517 1711; x_wconf 85' lang='lat' dir='ltr'><strong>illis</strong></span> <span class='ocrx_word' id='word_1_556' title='bbox 2556 1654 2884 1726; x_wconf 86' lang='lat' dir='ltr'><strong>Scripturam</strong></span> <span class='ocrx_word' id='word_1_557' title='bbox 2928 1669 3300 1729; x_wconf 83' lang='lat' dir='ltr'><strong>contemnunt,</strong></span> <span class='ocrx_word' id='word_1_558' title='bbox 3356 1677 3477 1733; x_wconf 70' lang='lat' dir='ltr'><strong>qua:</strong></span> 
     </span>
    </p>
   </div>
   <div class='ocr_carea' id='block_1_77' title="bbox 1889 1747 3474 1823">
    <p class='ocr_par' dir='ltr' id='par_1_77' title="bbox 1889 1747 3474 1823">
     <span class='ocr_line' id='line_1_77' title="bbox 1889 1747 3474 1823; baseline 0.006 -22"><span class='ocrx_word' id='word_1_559' title='bbox 1889 1747 2141 1816; x_wconf 73' lang='lat' dir='ltr'><strong>praedicat</strong></span> <span class='ocrx_word' id='word_1_560' title='bbox 2170 1747 2315 1802; x_wconf 91' lang='lat' dir='ltr'><strong>illum</strong></span> <span class='ocrx_word' id='word_1_561' title='bbox 2337 1763 2675 1806; x_wconf 84' lang='lat' dir='ltr'><strong>communem</strong></span> <span class='ocrx_word' id='word_1_562' title='bbox 2702 1751 2940 1806; x_wconf 86' lang='lat' dir='ltr'><strong>omnium</strong></span> <span class='ocrx_word' id='word_1_563' title='bbox 2972 1751 3297 1809; x_wconf 73' lang='lat' dir='ltr'><strong>Dominum?</strong></span> <span class='ocrx_word' id='word_1_564' title='bbox 3319 1753 3474 1823; x_wconf 76' lang='lat' dir='ltr'><strong>Quod</strong></span> 
     </span>
    </p>
   </div>
   <div class='ocr_carea' id='block_1_78' title="bbox 1888 1836 3475 1908">
    <p class='ocr_par' dir='ltr' id='par_1_78' title="bbox 1888 1836 3475 1908">
     <span class='ocr_line' id='line_1_78' title="bbox 1888 1836 3475 1908; baseline 0.006 -18"><span class='ocrx_word' id='word_1_565' title='bbox 1888 1836 2015 1892; x_wconf 88' lang='lat' dir='ltr'><strong>item</strong></span> <span class='ocrx_word' id='word_1_566' title='bbox 2043 1836 2294 1908; x_wconf 82' lang='lat' dir='ltr'><strong>eﬂ&#39;ugium</strong></span> <span class='ocrx_word' id='word_1_567' title='bbox 2334 1838 2439 1900; x_wconf 84' lang='lat' dir='ltr'><strong>erit</strong></span> <span class='ocrx_word' id='word_1_568' title='bbox 2477 1837 2699 1906; x_wconf 63' lang='lat' dir='ltr'><strong>Iudaeis,</strong></span> <span class='ocrx_word' id='word_1_569' title='bbox 2730 1856 2891 1907; x_wconf 85' lang='lat' dir='ltr'><strong>quam</strong></span> <span class='ocrx_word' id='word_1_570' title='bbox 2932 1843 3141 1898; x_wconf 83' lang='lat' dir='ltr'><strong>veniam</strong></span> <span class='ocrx_word' id='word_1_571' title='bbox 3184 1845 3475 1900; x_wconf 85' lang='lat' dir='ltr'><strong>merebun-</strong></span> 
     </span>
    </p>
   </div>
   <div class='ocr_carea' id='block_1_79' title="bbox 1886 1929 3405 2006">
    <p class='ocr_par' dir='ltr' id='par_1_79' title="bbox 1886 1929 3405 2006">
     <span class='ocr_line' id='line_1_79' title="bbox 1886 1929 3405 2006; baseline 0.006 -24"><span class='ocrx_word' id='word_1_572' title='bbox 1886 1937 1991 1994; x_wconf 91' lang='lat' dir='ltr'><strong>tur,</strong></span> <span class='ocrx_word' id='word_1_573' title='bbox 2021 1929 2166 1999; x_wconf 88' lang='lat' dir='ltr'><strong>quia</strong></span> <span class='ocrx_word' id='word_1_574' title='bbox 2192 1931 2468 2000; x_wconf 89' lang='lat' dir='ltr'><strong>prophetis</strong></span> <span class='ocrx_word' id='word_1_575' title='bbox 2486 1932 2904 2001; x_wconf 12' lang='lat' dir='ltr'><strong>prartnunciatum</strong></span> <span class='ocrx_word' id='word_1_576' title='bbox 2937 1951 3041 1989; x_wconf 84' lang='lat' dir='ltr'><strong>non</strong></span> <span class='ocrx_word' id='word_1_577' title='bbox 3070 1936 3405 2006; x_wconf 75' lang='lat' dir='ltr'><strong>suscipiunt?</strong></span> 
     </span>
    </p>
   </div>
   <div class='ocr_carea' id='block_1_80' title="bbox 1955 2020 3474 2099">
    <p class='ocr_par' dir='ltr' id='par_1_80' title="bbox 1955 2020 3474 2099">
     <span class='ocr_line' id='line_1_80' title="bbox 1955 2020 3474 2099; baseline 0.007 -25"><span class='ocrx_word' id='word_1_578' title='bbox 1955 2020 2013 2075; x_wconf 78' lang='lat'><strong>2.</strong></span> <span class='ocrx_word' id='word_1_579' title='bbox 2051 2020 2305 2081; x_wconf 78' lang='lat' dir='ltr'><strong>Divim&#39;tas</strong></span> <span class='ocrx_word' id='word_1_580' title='bbox 2323 2021 2451 2077; x_wconf 85' lang='lat' dir='ltr'><strong>Filii</strong></span> <span class='ocrx_word' id='word_1_581' title='bbox 2479 2023 2721 2095; x_wconf 82' lang='lat' dir='ltr'><strong>probatur</strong></span> <span class='ocrx_word' id='word_1_582' title='bbox 2743 2041 2807 2081; x_wconf 74' lang='lat' dir='ltr'><strong>ea:</strong></span> <span class='ocrx_word' id='word_1_583' title='bbox 2826 2027 2852 2081; x_wconf 78' lang='lat' dir='ltr'><strong>l</strong></span> <span class='ocrx_word' id='word_1_584' title='bbox 2880 2025 3139 2082; x_wconf 80' lang='lat' dir='ltr'><strong>Genes.—-</strong></span> <span class='ocrx_word' id='word_1_585' title='bbox 3158 2027 3340 2099; x_wconf 82' lang='lat' dir='ltr'><strong>Itaque</strong></span> <span class='ocrx_word' id='word_1_586' title='bbox 3353 2044 3474 2084; x_wconf 91' lang='lat' dir='ltr'><strong>cum</strong></span> 
     </span>
    </p>
   </div>
   <div class='ocr_carea' id='block_1_81' title="bbox 1884 2112 3473 2187">
    <p class='ocr_par' dir='ltr' id='par_1_81' title="bbox 1884 2112 3473 2187">
     <span class='ocr_line' id='line_1_81' title="bbox 1884 2112 3473 2187; baseline 0.006 -20"><span class='ocrx_word' id='word_1_587' title='bbox 1884 2112 2095 2168; x_wconf 89' lang='lat' dir='ltr'><strong>abunde</strong></span> <span class='ocrx_word' id='word_1_588' title='bbox 2118 2112 2187 2170; x_wconf 90' lang='lat' dir='ltr'><strong>de</strong></span> <span class='ocrx_word' id='word_1_589' title='bbox 2215 2113 2294 2170; x_wconf 89' lang='lat' dir='ltr'><strong>eis</strong></span> <span class='ocrx_word' id='word_1_590' title='bbox 2319 2115 2645 2185; x_wconf 87' lang='lat' dir='ltr'><strong>triumphare</strong></span> <span class='ocrx_word' id='word_1_591' title='bbox 2674 2118 2958 2187; x_wconf 88' lang='lat' dir='ltr'><strong>possimus,</strong></span> <span class='ocrx_word' id='word_1_592' title='bbox 2977 2134 3281 2176; x_wconf 84' lang='lat' dir='ltr'><strong>sermonem</strong></span> <span class='ocrx_word' id='word_1_593' title='bbox 3311 2121 3376 2176; x_wconf 87' lang='lat' dir='ltr'><strong>ad</strong></span> <span class='ocrx_word' id='word_1_594' title='bbox 3408 2122 3473 2176; x_wconf 87' lang='lat' dir='ltr'><strong>li—</strong></span> 
     </span>
    </p>
   </div>
   <div class='ocr_carea' id='block_1_82' title="bbox 1886 2204 3477 2281">
    <p class='ocr_par' dir='ltr' id='par_1_82' title="bbox 1886 2204 3477 2281">
     <span class='ocr_line' id='line_1_82' title="bbox 1886 2204 3477 2281; baseline 0.003 -22"><span class='ocrx_word' id='word_1_595' title='bbox 1886 2204 2013 2260; x_wconf 90' lang='lat' dir='ltr'><strong>bros</strong></span> <span class='ocrx_word' id='word_1_596' title='bbox 2031 2205 2355 2262; x_wconf 79' lang='lat' dir='ltr'><strong>vetustiores</strong></span> <span class='ocrx_word' id='word_1_597' title='bbox 2381 2216 2672 2274; x_wconf 86' lang='lat' dir='ltr'><strong>vertamus,</strong></span> <span class='ocrx_word' id='word_1_598' title='bbox 2695 2216 2749 2263; x_wconf 85' lang='lat' dir='ltr'><strong>et</strong></span> <span class='ocrx_word' id='word_1_599' title='bbox 2770 2207 2838 2263; x_wconf 91' lang='lat' dir='ltr'><strong>ad</strong></span> <span class='ocrx_word' id='word_1_600' title='bbox 2876 2209 3048 2279; x_wconf 88' lang='lat' dir='ltr'><strong>ipsum</strong></span> <span class='ocrx_word' id='word_1_601' title='bbox 3081 2210 3172 2281; x_wconf 83' lang='lat' dir='ltr'><strong>qui</strong></span> <span class='ocrx_word' id='word_1_602' title='bbox 3214 2211 3334 2266; x_wconf 90' lang='lat' dir='ltr'><strong>aliis</strong></span> <span class='ocrx_word' id='word_1_603' title='bbox 3367 2226 3477 2266; x_wconf 87' lang='lat' dir='ltr'><strong>om-</strong></span> 
     </span>
    </p>
   </div>
   <div class='ocr_carea' id='block_1_83' title="bbox 1885 2298 3478 2372">
    <p class='ocr_par' dir='ltr' id='par_1_83' title="bbox 1885 2298 3478 2372">
     <span class='ocr_line' id='line_1_83' title="bbox 1885 2298 3478 2372; baseline 0.003 -20"><span class='ocrx_word' id='word_1_604' title='bbox 1885 2298 2042 2354; x_wconf 90' lang='lat' dir='ltr'><strong>nibus</strong></span> <span class='ocrx_word' id='word_1_605' title='bbox 2067 2299 2327 2354; x_wconf 88' lang='lat' dir='ltr'><strong>vetustior</strong></span> <span class='ocrx_word' id='word_1_606' title='bbox 2347 2307 2449 2364; x_wconf 90' lang='lat' dir='ltr'><strong>est,</strong></span> <span class='ocrx_word' id='word_1_607' title='bbox 2478 2298 2545 2354; x_wconf 92' lang='lat' dir='ltr'><strong>ad</strong></span> <span class='ocrx_word' id='word_1_608' title='bbox 2573 2299 2847 2366; x_wconf 86' lang='lat' dir='ltr'><strong>Genesim,</strong></span> <span class='ocrx_word' id='word_1_609' title='bbox 2878 2301 3115 2372; x_wconf 86' lang='lat' dir='ltr'><strong>inquam,</strong></span> <span class='ocrx_word' id='word_1_610' title='bbox 3138 2311 3194 2358; x_wconf 90' lang='lat' dir='ltr'><strong>et</strong></span> <span class='ocrx_word' id='word_1_611' title='bbox 3216 2303 3284 2357; x_wconf 90' lang='lat' dir='ltr'><strong>ad</strong></span> <span class='ocrx_word' id='word_1_612' title='bbox 3315 2315 3478 2372; x_wconf 77' lang='lat' dir='ltr'><strong>caput</strong></span> 
     </span>
    </p>
   </div>
   <div class='ocr_carea' id='block_1_84' title="bbox 1884 2387 3478 2459">
    <p class='ocr_par' dir='ltr' id='par_1_84' title="bbox 1884 2387 3478 2459">
     <span class='ocr_line' id='line_1_84' title="bbox 1884 2387 3478 2459; baseline 0.004 -15"><span class='ocrx_word' id='word_1_613' title='bbox 1884 2387 2160 2445; x_wconf 87' lang='lat' dir='ltr'><strong>Gencseos</strong></span> <span class='ocrx_word' id='word_1_614' title='bbox 2185 2389 2625 2447; x_wconf 85' lang='lat' dir='ltr'><strong>conscendamus.</strong></span> <span class='ocrx_word' id='word_1_615' title='bbox 2657 2390 2811 2459; x_wconf 84' lang='lat' dir='ltr'><strong>Quod</strong></span> <span class='ocrx_word' id='word_1_616' title='bbox 2840 2393 2982 2447; x_wconf 91' lang='lat' dir='ltr'><strong>enim</strong></span> <span class='ocrx_word' id='word_1_617' title='bbox 3013 2392 3081 2449; x_wconf 89' lang='lat' dir='ltr'><strong>de</strong></span> <span class='ocrx_word' id='word_1_618' title='bbox 3103 2393 3319 2450; x_wconf 85' lang='lat' dir='ltr'><strong>Christo</strong></span> <span class='ocrx_word' id='word_1_619' title='bbox 3339 2397 3478 2450; x_wconf 90' lang='lat' dir='ltr'><strong>mul-</strong></span> 
     </span>
    </p>
   </div>
   <div class='ocr_carea' id='block_1_85' title="bbox 1885 2480 3473 2555">
    <p class='ocr_par' dir='ltr' id='par_1_85' title="bbox 1885 2480 3473 2555">
     <span class='ocr_line' id='line_1_85' title="bbox 1885 2480 3473 2555; baseline 0.003 -19"><span class='ocrx_word' id='word_1_620' title='bbox 1885 2489 1939 2536; x_wconf 89' lang='lat' dir='ltr'><strong>ta</strong></span> <span class='ocrx_word' id='word_1_621' title='bbox 1966 2480 2163 2538; x_wconf 81' lang='lat' dir='ltr'><strong>dixerit</strong></span> <span class='ocrx_word' id='word_1_622' title='bbox 2191 2481 2421 2555; x_wconf 80' lang='lat' dir='ltr'><strong>Moyses,</strong></span> <span class='ocrx_word' id='word_1_623' title='bbox 2446 2483 2570 2540; x_wconf 85' lang='lat' dir='ltr'><strong>audi</strong></span> <span class='ocrx_word' id='word_1_624' title='bbox 2595 2484 2899 2553; x_wconf 90' lang='lat' dir='ltr'><strong>loquentem</strong></span> <span class='ocrx_word' id='word_1_625' title='bbox 2927 2484 3198 2540; x_wconf 85' lang='lat' dir='ltr'><strong>Christum</strong></span> <span class='ocrx_word' id='word_1_626' title='bbox 3233 2504 3247 2540; x_wconf 92' lang='lat'><strong>:</strong></span> <span class='ocrx_word' id='word_1_627' title='bbox 3278 2486 3340 2542; x_wconf 89' lang='lat' dir='ltr'><strong>Si</strong></span> <span class='ocrx_word' id='word_1_628' title='bbox 3359 2504 3473 2541; x_wconf 85' lang='lat' dir='ltr'><strong>cre-</strong></span> 
     </span>
    </p>
   </div>
   <div class='ocr_carea' id='block_1_86' title="bbox 1885 2572 3477 2645">
    <p class='ocr_par' dir='ltr' id='par_1_86' title="bbox 1885 2572 3477 2645">
     <span class='ocr_line' id='line_1_86' title="bbox 1885 2572 3477 2645; baseline 0.004 -19"><span class='ocrx_word' id='word_1_629' title='bbox 1885 2572 2068 2627; x_wconf 84' lang='lat' dir='ltr'><strong>deretis</strong></span> <span class='ocrx_word' id='word_1_630' title='bbox 2108 2573 2298 2645; x_wconf 78' lang='lat' dir='ltr'><strong>Moysi,</strong></span> <span class='ocrx_word' id='word_1_631' title='bbox 2350 2574 2619 2629; x_wconf 82' lang='lat' dir='ltr'><strong>crederetis</strong></span> <span class='ocrx_word' id='word_1_632' title='bbox 2652 2576 2823 2642; x_wconf 77' lang='lat' dir='ltr'><strong>utique</strong></span> <span class='ocrx_word' id='word_1_633' title='bbox 2853 2585 2904 2630; x_wconf 87' lang='lat' dir='ltr'><strong>et</strong></span> <span class='ocrx_word' id='word_1_634' title='bbox 2946 2577 3088 2643; x_wconf 77' lang='lat' dir='ltr'><strong>mihi,</strong></span> <span class='ocrx_word' id='word_1_635' title='bbox 3134 2594 3253 2631; x_wconf 82' lang='lat' dir='ltr'><strong>nam</strong></span> <span class='ocrx_word' id='word_1_636' title='bbox 3294 2579 3359 2633; x_wconf 78' lang='lat' dir='ltr'><strong>de</strong></span> <span class='ocrx_word' id='word_1_637' title='bbox 3394 2595 3477 2632; x_wconf 85' lang='lat' dir='ltr'><strong>me</strong></span> 
     </span>
    </p>
   </div>
   <div class='ocr_carea' id='block_1_87' title="bbox 1883 2664 3563 2740">
    <p class='ocr_par' dir='ltr' id='par_1_87' title="bbox 1883 2664 3563 2740">
     <span class='ocr_line' id='line_1_87' title="bbox 1883 2664 3563 2740; baseline 0.005 -21"><span class='ocrx_word' id='word_1_638' title='bbox 1883 2666 2086 2736; x_wconf 82' lang='lat' dir='ltr'><strong>scripsit</strong></span> <span class='ocrx_word' id='word_1_639' title='bbox 2107 2664 2284 2737; x_wconf 79' lang='lat' dir='ltr'><strong>(Joan.</strong></span> <span class='ocrx_word' id='word_1_640' title='bbox 2312 2667 2365 2722; x_wconf 85' lang='lat'><strong>5.</strong></span> <span class='ocrx_word' id='word_1_641' title='bbox 2395 2666 2749 2740; x_wconf 73' lang='lat' dir='ltr'><strong>46).Ubinam</strong></span> <span class='ocrx_word' id='word_1_642' title='bbox 2772 2670 2839 2725; x_wconf 86' lang='lat' dir='ltr'><strong>de</strong></span> <span class='ocrx_word' id='word_1_643' title='bbox 2864 2669 2956 2725; x_wconf 89' lang='lat' dir='ltr'><strong>illo</strong></span> <span class='ocrx_word' id='word_1_644' title='bbox 2985 2670 3234 2740; x_wconf 85' lang='lat' dir='ltr'><strong>scripsit?</strong></span> <span class='ocrx_word' id='word_1_645' title='bbox 3257 2670 3311 2725; x_wconf 90' lang='lat' dir='ltr'><strong>Id</strong></span> <span class='ocrx_word' id='word_1_646' title='bbox 3334 2687 3476 2726; x_wconf 90' lang='lat' dir='ltr'><strong>nunc</strong></span> <span class='ocrx_word' id='word_1_647' title='bbox 3544 2667 3563 2685; x_wconf 88' lang='grc'><em>’</em></span> 
     </span>
    </p>
   </div>
   <div class='ocr_carea' id='block_1_88' title="bbox 1886 2757 3474 2833">
    <p class='ocr_par' dir='ltr' id='par_1_88' title="bbox 1886 2757 3474 2833">
     <span class='ocr_line' id='line_1_88' title="bbox 1886 2757 3474 2833; baseline 0.003 -20"><span class='ocrx_word' id='word_1_648' title='bbox 1886 2757 2164 2815; x_wconf 83' lang='lat' dir='ltr'><strong>declarare</strong></span> <span class='ocrx_word' id='word_1_649' title='bbox 2215 2760 2558 2816; x_wconf 88' lang='lat' dir='ltr'><strong>tentabimus.</strong></span> <span class='ocrx_word' id='word_1_650' title='bbox 2610 2761 2969 2832; x_wconf 87' lang='lat' dir='ltr'><strong>Posteaquam</strong></span> <span class='ocrx_word' id='word_1_651' title='bbox 3027 2763 3188 2833; x_wconf 90' lang='lat' dir='ltr'><strong>igitur</strong></span> <span class='ocrx_word' id='word_1_652' title='bbox 3238 2762 3474 2833; x_wconf 80' lang='lat' dir='ltr'><strong>perfecta</strong></span> 
     </span>
    </p>
   </div>
   <div class='ocr_carea' id='block_1_89' title="bbox 1882 2850 3476 2922">
    <p class='ocr_par' dir='ltr' id='par_1_89' title="bbox 1882 2850 3476 2922">
     <span class='ocr_line' id='line_1_89' title="bbox 1882 2850 3476 2922; baseline 0.003 -18"><span class='ocrx_word' id='word_1_653' title='bbox 1882 2850 2060 2907; x_wconf 88' lang='lat' dir='ltr'><strong>omnis</strong></span> <span class='ocrx_word' id='word_1_654' title='bbox 2085 2860 2350 2918; x_wconf 85' lang='lat' dir='ltr'><strong>creatura,</strong></span> <span class='ocrx_word' id='word_1_655' title='bbox 2377 2852 2675 2922; x_wconf 55' lang='lat' dir='ltr'><strong>caelumque</strong></span> <span class='ocrx_word' id='word_1_656' title='bbox 2702 2853 2850 2908; x_wconf 89' lang='lat' dir='ltr'><strong>vario</strong></span> <span class='ocrx_word' id='word_1_657' title='bbox 2871 2853 3105 2909; x_wconf 86' lang='lat' dir='ltr'><strong>siderum</strong></span> <span class='ocrx_word' id='word_1_658' title='bbox 3135 2853 3300 2909; x_wconf 91' lang='lat' dir='ltr'><strong>choro</strong></span> <span class='ocrx_word' id='word_1_659' title='bbox 3319 2868 3476 2909; x_wconf 90' lang='lat' dir='ltr'><strong>coro-</strong></span> 
     </span>
    </p>
   </div>
   <div class='ocr_carea' id='block_1_90' title="bbox 1883 2943 3474 3017">
    <p class='ocr_par' dir='ltr' id='par_1_90' title="bbox 1883 2943 3474 3017">
     <span class='ocr_line' id='line_1_90' title="bbox 1883 2943 3474 3017; baseline 0.004 -21"><span class='ocrx_word' id='word_1_660' title='bbox 1883 2950 2089 3007; x_wconf 83' lang='lat' dir='ltr'><strong>natum,</strong></span> <span class='ocrx_word' id='word_1_661' title='bbox 2117 2952 2174 2998; x_wconf 93' lang='lat' dir='ltr'><strong>et</strong></span> <span class='ocrx_word' id='word_1_662' title='bbox 2203 2952 2345 3003; x_wconf 84' lang='lat' dir='ltr'><strong>terra</strong></span> <span class='ocrx_word' id='word_1_663' title='bbox 2380 2945 2677 3014; x_wconf 87' lang='lat' dir='ltr'><strong>omnigenis</strong></span> <span class='ocrx_word' id='word_1_664' title='bbox 2719 2943 2940 3000; x_wconf 81' lang='lat' dir='ltr'><strong>tioribus</strong></span> <span class='ocrx_word' id='word_1_665' title='bbox 2983 2956 3168 3001; x_wconf 85' lang='lat' dir='ltr'><strong>ornata</strong></span> <span class='ocrx_word' id='word_1_666' title='bbox 3209 2955 3311 3013; x_wconf 88' lang='lat' dir='ltr'><strong>est,</strong></span> <span class='ocrx_word' id='word_1_667' title='bbox 3355 2946 3474 3017; x_wconf 86' lang='lat' dir='ltr'><strong>plc-</strong></span> 
     </span>
    </p>
   </div>
   <div class='ocr_carea' id='block_1_91' title="bbox 1883 3038 3473 3108">
    <p class='ocr_par' dir='ltr' id='par_1_91' title="bbox 1883 3038 3473 3108">
     <span class='ocr_line' id='line_1_91' title="bbox 1883 3038 3473 3108; baseline 0.004 -20"><span class='ocrx_word' id='word_1_668' title='bbox 1883 3049 2061 3104; x_wconf 73' lang='lat' dir='ltr'><strong>neque</strong></span> <span class='ocrx_word' id='word_1_669' title='bbox 2083 3050 2205 3091; x_wconf 83' lang='lat' dir='ltr'><strong>cum</strong></span> <span class='ocrx_word' id='word_1_670' title='bbox 2230 3044 2412 3091; x_wconf 81' lang='lat' dir='ltr'><strong>essent</strong></span> <span class='ocrx_word' id='word_1_671' title='bbox 2444 3038 2704 3091; x_wconf 87' lang='lat' dir='ltr'><strong>montium</strong></span> <span class='ocrx_word' id='word_1_672' title='bbox 2727 3038 3025 3105; x_wconf 85' lang='lat' dir='ltr'><strong>cacumina,</strong></span> <span class='ocrx_word' id='word_1_673' title='bbox 3052 3038 3195 3108; x_wconf 88' lang='lat' dir='ltr'><strong>pleni</strong></span> <span class='ocrx_word' id='word_1_674' title='bbox 3219 3039 3392 3108; x_wconf 86' lang='lat' dir='ltr'><strong>campi</strong></span> <span class='ocrx_word' id='word_1_675' title='bbox 3417 3047 3473 3095; x_wconf 83' lang='lat' dir='ltr'><strong>et</strong></span> 
     </span>
    </p>
   </div>
   <div class='ocr_carea' id='block_1_92' title="bbox 1881 3125 3473 3198">
    <p class='ocr_par' dir='ltr' id='par_1_92' title="bbox 1881 3125 3473 3198">
     <span class='ocr_line' id='line_1_92' title="bbox 1881 3125 3473 3198; baseline 0.004 -21"><span class='ocrx_word' id='word_1_676' title='bbox 1881 3125 2067 3192; x_wconf 88' lang='lat' dir='ltr'><strong>valles,</strong></span> <span class='ocrx_word' id='word_1_677' title='bbox 2094 3134 2150 3180; x_wconf 91' lang='lat' dir='ltr'><strong>et</strong></span> <span class='ocrx_word' id='word_1_678' title='bbox 2179 3126 2230 3179; x_wconf 93' lang='lat' dir='ltr'><strong>in</strong></span> <span class='ocrx_word' id='word_1_679' title='bbox 2255 3141 2484 3194; x_wconf 87' lang='lat' dir='ltr'><strong>summa,</strong></span> <span class='ocrx_word' id='word_1_680' title='bbox 2517 3127 2691 3182; x_wconf 87' lang='lat' dir='ltr'><strong>omnis</strong></span> <span class='ocrx_word' id='word_1_681' title='bbox 2717 3138 2874 3182; x_wconf 70' lang='lat' dir='ltr'><strong>terra:</strong></span> <span class='ocrx_word' id='word_1_682' title='bbox 2901 3127 3062 3183; x_wconf 82' lang='lat' dir='ltr'><strong>facies</strong></span> <span class='ocrx_word' id='word_1_683' title='bbox 3084 3128 3275 3198; x_wconf 85' lang='lat' dir='ltr'><strong>plantis</strong></span> <span class='ocrx_word' id='word_1_684' title='bbox 3301 3139 3356 3183; x_wconf 90' lang='lat' dir='ltr'><strong>et</strong></span> <span class='ocrx_word' id='word_1_685' title='bbox 3379 3144 3473 3184; x_wconf 90' lang='lat' dir='ltr'><strong>ar-</strong></span> 
     </span>
    </p>
   </div>
   <div class='ocr_carea' id='block_1_93' title="bbox 1884 3214 3469 3298">
    <p class='ocr_par' dir='ltr' id='par_1_93' title="bbox 1884 3214 3469 3298">
     <span class='ocr_line' id='line_1_93' title="bbox 1884 3214 3469 3298; baseline 0.004 -29"><span class='ocrx_word' id='word_1_686' title='bbox 1884 3214 2101 3269; x_wconf 90' lang='lat' dir='ltr'><strong>boribus</strong></span> <span class='ocrx_word' id='word_1_687' title='bbox 2129 3226 2181 3271; x_wconf 90' lang='lat' dir='ltr'><strong>et</strong></span> <span class='ocrx_word' id='word_1_688' title='bbox 2207 3215 2406 3283; x_wconf 78' lang='lat' dir='ltr'><strong>herbis,</strong></span> <span class='ocrx_word' id='word_1_689' title='bbox 2437 3216 2849 3288; x_wconf 86' lang='lat' dir='ltr'><strong>lascivircntque</strong></span> <span class='ocrx_word' id='word_1_690' title='bbox 2873 3233 3065 3289; x_wconf 82' lang='lat' dir='ltr'><strong>greges</strong></span> <span class='ocrx_word' id='word_1_691' title='bbox 3095 3229 3151 3274; x_wconf 91' lang='lat' dir='ltr'><strong>et</strong></span> <span class='ocrx_word' id='word_1_692' title='bbox 3182 3232 3420 3298; x_wconf 83' lang='lat' dir='ltr'><strong>armenta</strong></span> <span class='ocrx_word' id='word_1_693' title='bbox 3452 3238 3469 3276; x_wconf 88' lang='lat'><strong>:</strong></span> 
     </span>
    </p>
   </div>
   <div class='ocr_carea' id='block_1_94' title="bbox 1883 3306 3470 3377">
    <p class='ocr_par' dir='ltr' id='par_1_94' title="bbox 1883 3306 3470 3377">
     <span class='ocr_line' id='line_1_94' title="bbox 1883 3306 3470 3377; baseline 0.004 -17"><span class='ocrx_word' id='word_1_694' title='bbox 1883 3320 2063 3360; x_wconf 86' lang='lat' dir='ltr'><strong>aerem</strong></span> <span class='ocrx_word' id='word_1_695' title='bbox 2102 3315 2278 3361; x_wconf 87' lang='lat' dir='ltr'><strong>autem</strong></span> <span class='ocrx_word' id='word_1_696' title='bbox 2328 3307 2576 3377; x_wconf 86' lang='lat' dir='ltr'><strong>impleret</strong></span> <span class='ocrx_word' id='word_1_697' title='bbox 2625 3306 2825 3364; x_wconf 91' lang='lat' dir='ltr'><strong>chorus</strong></span> <span class='ocrx_word' id='word_1_698' title='bbox 2864 3309 3040 3364; x_wconf 89' lang='lat' dir='ltr'><strong>avium</strong></span> <span class='ocrx_word' id='word_1_699' title='bbox 3085 3311 3470 3366; x_wconf 86' lang='lat' dir='ltr'><strong>cautillantium</strong></span> 
     </span>
    </p>
   </div>
   <div class='ocr_carea' id='block_1_95' title="bbox 1883 3397 3472 3470">
    <p class='ocr_par' dir='ltr' id='par_1_95' title="bbox 1883 3397 3472 3470">
     <span class='ocr_line' id='line_1_95' title="bbox 1883 3397 3472 3470; baseline 0.003 -19"><span class='ocrx_word' id='word_1_700' title='bbox 1883 3397 2059 3452; x_wconf 85' lang='lat' dir='ltr'><strong>nativa</strong></span> <span class='ocrx_word' id='word_1_701' title='bbox 2086 3408 2137 3452; x_wconf 87' lang='lat' dir='ltr'><strong>et</strong></span> <span class='ocrx_word' id='word_1_702' title='bbox 2178 3397 2433 3466; x_wconf 85' lang='lat' dir='ltr'><strong>singulari</strong></span> <span class='ocrx_word' id='word_1_703' title='bbox 2478 3398 2681 3453; x_wconf 89' lang='lat' dir='ltr'><strong>musica</strong></span> <span class='ocrx_word' id='word_1_704' title='bbox 2724 3417 2739 3452; x_wconf 91' lang='lat'>:</span> <span class='ocrx_word' id='word_1_705' title='bbox 2783 3398 2952 3454; x_wconf 88' lang='lat' dir='ltr'><strong>maria</strong></span> <span class='ocrx_word' id='word_1_706' title='bbox 2994 3414 3206 3470; x_wconf 89' lang='lat' dir='ltr'><strong>quoque</strong></span> <span class='ocrx_word' id='word_1_707' title='bbox 3248 3400 3472 3456; x_wconf 88' lang='lat' dir='ltr'><strong>marinis</strong></span> 
     </span>
    </p>
   </div>
   <div class='ocr_carea' id='block_1_96' title="bbox 1882 3487 3472 3561">
    <p class='ocr_par' dir='ltr' id='par_1_96' title="bbox 1882 3487 3472 3561">
     <span class='ocr_line' id='line_1_96' title="bbox 1882 3487 3472 3561; baseline 0.001 -19"><span class='ocrx_word' id='word_1_708' title='bbox 1882 3487 2203 3543; x_wconf 79' lang='lat' dir='ltr'><strong>animalibus</strong></span> <span class='ocrx_word' id='word_1_709' title='bbox 2231 3488 2384 3559; x_wconf 87' lang='lat' dir='ltr'><strong>plena</strong></span> <span class='ocrx_word' id='word_1_710' title='bbox 2415 3507 2431 3544; x_wconf 88' lang='lat'><strong>:</strong></span> <span class='ocrx_word' id='word_1_711' title='bbox 2458 3490 2707 3544; x_wconf 89' lang='lat' dir='ltr'><strong>similiter</strong></span> <span class='ocrx_word' id='word_1_712' title='bbox 2734 3501 2790 3546; x_wconf 92' lang='lat' dir='ltr'><strong>et</strong></span> <span class='ocrx_word' id='word_1_713' title='bbox 2830 3500 3039 3561; x_wconf 88' lang='lat' dir='ltr'><strong>stagna,</strong></span> <span class='ocrx_word' id='word_1_714' title='bbox 3078 3500 3134 3545; x_wconf 92' lang='lat' dir='ltr'><strong>et</strong></span> <span class='ocrx_word' id='word_1_715' title='bbox 3175 3488 3372 3558; x_wconf 90' lang='lat' dir='ltr'><strong>fontes,</strong></span> <span class='ocrx_word' id='word_1_716' title='bbox 3415 3501 3472 3545; x_wconf 89' lang='lat' dir='ltr'><strong>et</strong></span> 
     </span>
    </p>
   </div>
   <div class='ocr_carea' id='block_1_97' title="bbox 1882 3580 3472 3651">
    <p class='ocr_par' dir='ltr' id='par_1_97' title="bbox 1882 3580 3472 3651">
     <span class='ocr_line' id='line_1_97' title="bbox 1882 3580 3472 3651; baseline 0.001 -15"><span class='ocrx_word' id='word_1_717' title='bbox 1882 3581 2048 3648; x_wconf 78' lang='lat' dir='ltr'><strong>fluvii,</strong></span> <span class='ocrx_word' id='word_1_718' title='bbox 2080 3582 2329 3636; x_wconf 89' lang='lat' dir='ltr'><strong>omnibus</strong></span> <span class='ocrx_word' id='word_1_719' title='bbox 2357 3596 2476 3651; x_wconf 84' lang='lat' dir='ltr'><strong>quae</strong></span> <span class='ocrx_word' id='word_1_720' title='bbox 2517 3581 2570 3635; x_wconf 92' lang='lat' dir='ltr'><strong>iu</strong></span> <span class='ocrx_word' id='word_1_721' title='bbox 2598 3580 2677 3636; x_wconf 90' lang='lat' dir='ltr'><strong>eis</strong></span> <span class='ocrx_word' id='word_1_722' title='bbox 2696 3590 2986 3637; x_wconf 88' lang='lat' dir='ltr'><strong>nascuntur</strong></span> <span class='ocrx_word' id='word_1_723' title='bbox 3016 3599 3031 3635; x_wconf 86' lang='lat'><strong>:</strong></span> <span class='ocrx_word' id='word_1_724' title='bbox 3063 3581 3301 3651; x_wconf 88' lang='lat' dir='ltr'><strong>nihilque</strong></span> <span class='ocrx_word' id='word_1_725' title='bbox 3327 3590 3472 3637; x_wconf 86' lang='lat' dir='ltr'><strong>esset</strong></span> 
     </span>
    </p>
   </div>
   <div class='ocr_carea' id='block_1_98' title="bbox 1884 3671 3471 3743">
    <p class='ocr_par' dir='ltr' id='par_1_98' title="bbox 1884 3671 3471 3743">
     <span class='ocr_line' id='line_1_98' title="bbox 1884 3671 3471 3743; baseline -0.001 -15"><span class='ocrx_word' id='word_1_726' title='bbox 1884 3672 2292 3743; x_wconf 83' lang='lat' dir='ltr'><strong>imperfectum,</strong></span> <span class='ocrx_word' id='word_1_727' title='bbox 2334 3672 2428 3727; x_wconf 88' lang='lat' dir='ltr'><strong>sed</strong></span> <span class='ocrx_word' id='word_1_728' title='bbox 2474 3671 2706 3743; x_wconf 87' lang='lat' dir='ltr'><strong>perfecta</strong></span> <span class='ocrx_word' id='word_1_729' title='bbox 2748 3674 2925 3727; x_wconf 87' lang='lat' dir='ltr'><strong>omnia</strong></span> <span class='ocrx_word' id='word_1_730' title='bbox 2969 3689 2984 3727; x_wconf 89' lang='lat'><strong>:</strong></span> <span class='ocrx_word' id='word_1_731' title='bbox 3030 3682 3157 3728; x_wconf 87' lang='lat' dir='ltr'><strong>tunc</strong></span> <span class='ocrx_word' id='word_1_732' title='bbox 3197 3671 3471 3743; x_wconf 74' lang='lat' dir='ltr'><strong>qumrehat</strong></span> 
     </span>
    </p>
   </div>
   <div class='ocr_carea' id='block_1_99' title="bbox 1881 3761 3468 3834">
    <p class='ocr_par' dir='ltr' id='par_1_99' title="bbox 1881 3761 3468 3834">
     <span class='ocr_line' id='line_1_99' title="bbox 1881 3761 3468 3834; baseline -0.003 -14"><span class='ocrx_word' id='word_1_733' title='bbox 1881 3780 2077 3834; x_wconf 89' lang='lat' dir='ltr'><strong>corpus</strong></span> <span class='ocrx_word' id='word_1_734' title='bbox 2100 3772 2281 3833; x_wconf 81' lang='lat' dir='ltr'><strong>caput,</strong></span> <span class='ocrx_word' id='word_1_735' title='bbox 2311 3763 2499 3818; x_wconf 89' lang='lat' dir='ltr'><strong>civitas</strong></span> <span class='ocrx_word' id='word_1_736' title='bbox 2527 3762 2843 3834; x_wconf 85' lang='lat' dir='ltr'><strong>principem,</strong></span> <span class='ocrx_word' id='word_1_737' title='bbox 2870 3771 3115 3819; x_wconf 86' lang='lat' dir='ltr'><strong>creatura</strong></span> <span class='ocrx_word' id='word_1_738' title='bbox 3140 3778 3343 3832; x_wconf 79' lang='lat' dir='ltr'><strong>regem,</strong></span> <span class='ocrx_word' id='word_1_739' title='bbox 3367 3761 3468 3817; x_wconf 87' lang='lat' dir='ltr'><strong>ho-</strong></span> 
     </span>
    </p>
   </div>
   <div class='ocr_carea' id='block_1_100' title="bbox 1883 3853 3468 3924">
    <p class='ocr_par' dir='ltr' id='par_1_100' title="bbox 1883 3853 3468 3924">
     <span class='ocr_line' id='line_1_100' title="bbox 1883 3853 3468 3924; baseline 0 -15"><span class='ocrx_word' id='word_1_740' title='bbox 1883 3856 2079 3910; x_wconf 88' lang='lat' dir='ltr'><strong>minem</strong></span> <span class='ocrx_word' id='word_1_741' title='bbox 2108 3855 2344 3924; x_wconf 84' lang='lat' dir='ltr'><strong>inquam.</strong></span> <span class='ocrx_word' id='word_1_742' title='bbox 2391 3853 2740 3909; x_wconf 84' lang='lat' dir='ltr'><strong>Formaturus</strong></span> <span class='ocrx_word' id='word_1_743' title='bbox 2781 3854 2942 3923; x_wconf 88' lang='lat' dir='ltr'><strong>igitur</strong></span> <span class='ocrx_word' id='word_1_744' title='bbox 2984 3854 3156 3923; x_wconf 91' lang='lat' dir='ltr'><strong>ipsum</strong></span> <span class='ocrx_word' id='word_1_745' title='bbox 3202 3855 3340 3908; x_wconf 85' lang='lat' dir='ltr'><strong>Deus</strong></span> <span class='ocrx_word' id='word_1_746' title='bbox 3382 3854 3468 3909; x_wconf 87' lang='lat' dir='ltr'><strong>in-</strong></span> 
     </span>
    </p>
   </div>
   <div class='ocr_carea' id='block_1_101' title="bbox 1881 3946 3468 4017">
    <p class='ocr_par' dir='ltr' id='par_1_101' title="bbox 1881 3946 3468 4017">
     <span class='ocr_line' id='line_1_101' title="bbox 1881 3946 3468 4017; baseline 0 -17"><span class='ocrx_word' id='word_1_747' title='bbox 1881 3948 2014 4017; x_wconf 88' lang='lat' dir='ltr'><strong>quit,</strong></span> <span class='ocrx_word' id='word_1_748' title='bbox 2047 3946 2324 4001; x_wconf 83' lang='lat' dir='ltr'><strong>Faciamus</strong></span> <span class='ocrx_word' id='word_1_749' title='bbox 2343 3947 2595 4000; x_wconf 79' lang='lat' dir='ltr'><strong>hominem</strong></span> <span class='ocrx_word' id='word_1_750' title='bbox 2621 3946 2897 4001; x_wconf 86' lang='lat' dir='ltr'><strong>secuadum</strong></span> <span class='ocrx_word' id='word_1_751' title='bbox 2923 3946 3195 4015; x_wconf 82' lang='lat' dir='ltr'><strong>imaginem</strong></span> <span class='ocrx_word' id='word_1_752' title='bbox 3212 3956 3259 4001; x_wconf 90' lang='lat' dir='ltr'><strong>et</strong></span> <span class='ocrx_word' id='word_1_753' title='bbox 3282 3946 3468 4001; x_wconf 83' lang='lat' dir='ltr'><strong>simili-</strong></span> 
     </span>
    </p>
   </div>
   <div class='ocr_carea' id='block_1_102' title="bbox 1883 4037 3468 4110">
    <p class='ocr_par' dir='ltr' id='par_1_102' title="bbox 1883 4037 3468 4110">
     <span class='ocr_line' id='line_1_102' title="bbox 1883 4037 3468 4110; baseline -0.001 -16"><span class='ocrx_word' id='word_1_754' title='bbox 1883 4040 2107 4095; x_wconf 79' lang='lat' dir='ltr'><strong>tudinem</strong></span> <span class='ocrx_word' id='word_1_755' title='bbox 2129 4049 2354 4094; x_wconf 84' lang='lat' dir='ltr'><strong>nostram</strong></span> <span class='ocrx_word' id='word_1_756' title='bbox 2374 4037 2528 4110; x_wconf 81' lang='lat' dir='ltr'><strong>(Gen.</strong></span> <span class='ocrx_word' id='word_1_757' title='bbox 2577 4039 2630 4093; x_wconf 76' lang='lat' dir='ltr'><strong>l.</strong></span> <span class='ocrx_word' id='word_1_758' title='bbox 2659 4038 2775 4109; x_wconf 74' lang='lat'><strong>26).</strong></span> <span class='ocrx_word' id='word_1_759' title='bbox 2805 4037 2886 4092; x_wconf 88' lang='lat' dir='ltr'><strong>Ad</strong></span> <span class='ocrx_word' id='word_1_760' title='bbox 2917 4053 3079 4108; x_wconf 85' lang='lat' dir='ltr'><strong>quem</strong></span> <span class='ocrx_word' id='word_1_761' title='bbox 3106 4038 3272 4093; x_wconf 79' lang='lat' dir='ltr'><strong>dicit?</strong></span> <span class='ocrx_word' id='word_1_762' title='bbox 3295 4038 3468 4093; x_wconf 75' lang='lat' dir='ltr'><strong>Mani-</strong></span> 
     </span>
    </p>
   </div>
   <div class='ocr_carea' id='block_1_103' title="bbox 1883 4128 3470 4203">
    <p class='ocr_par' dir='ltr' id='par_1_103' title="bbox 1883 4128 3470 4203">
     <span class='ocr_line' id='line_1_103' title="bbox 1883 4128 3470 4203; baseline -0.001 -18"><span class='ocrx_word' id='word_1_763' title='bbox 1883 4131 2100 4196; x_wconf 85' lang='lat' dir='ltr'><strong>festum,</strong></span> <span class='ocrx_word' id='word_1_764' title='bbox 2130 4131 2272 4203; x_wconf 87' lang='lat' dir='ltr'><strong>quod</strong></span> <span class='ocrx_word' id='word_1_765' title='bbox 2297 4130 2364 4187; x_wconf 88' lang='lat' dir='ltr'><strong>ad</strong></span> <span class='ocrx_word' id='word_1_766' title='bbox 2394 4130 2724 4202; x_wconf 87' lang='lat' dir='ltr'><strong>unigenitum</strong></span> <span class='ocrx_word' id='word_1_767' title='bbox 2752 4144 2927 4184; x_wconf 89' lang='lat' dir='ltr'><strong>suum.</strong></span> <span class='ocrx_word' id='word_1_768' title='bbox 2956 4128 3072 4183; x_wconf 88' lang='lat' dir='ltr'><strong>Non</strong></span> <span class='ocrx_word' id='word_1_769' title='bbox 3094 4128 3248 4195; x_wconf 81' lang='lat' dir='ltr'><strong>dixit,</strong></span> <span class='ocrx_word' id='word_1_770' title='bbox 3275 4130 3380 4200; x_wconf 82' lang='lat' dir='ltr'><strong>fac,</strong></span> <span class='ocrx_word' id='word_1_771' title='bbox 3410 4139 3470 4184; x_wconf 89' lang='lat' dir='ltr'><strong>ut</strong></span> 
     </span>
    </p>
   </div>
   <div class='ocr_carea' id='block_1_104' title="bbox 1880 4222 3466 4294">
    <p class='ocr_par' dir='ltr' id='par_1_104' title="bbox 1880 4222 3466 4294">
     <span class='ocr_line' id='line_1_104' title="bbox 1880 4222 3466 4294; baseline 0 -15"><span class='ocrx_word' id='word_1_772' title='bbox 1880 4239 1949 4279; x_wconf 84' lang='lat' dir='ltr'><strong>ne</strong></span> <span class='ocrx_word' id='word_1_773' title='bbox 1983 4225 2176 4280; x_wconf 89' lang='lat' dir='ltr'><strong>servile</strong></span> <span class='ocrx_word' id='word_1_774' title='bbox 2222 4223 2421 4294; x_wconf 87' lang='lat' dir='ltr'><strong>aliquid</strong></span> <span class='ocrx_word' id='word_1_775' title='bbox 2465 4223 2751 4292; x_wconf 82' lang='lat' dir='ltr'><strong>suspiceris</strong></span> <span class='ocrx_word' id='word_1_776' title='bbox 2797 4232 3117 4292; x_wconf 70' lang='lat' dir='ltr'><strong>prteceptuut</strong></span> <span class='ocrx_word' id='word_1_777' title='bbox 3159 4222 3320 4277; x_wconf 87' lang='lat' dir='ltr'><strong>dari:</strong></span> <span class='ocrx_word' id='word_1_778' title='bbox 3370 4222 3466 4279; x_wconf 87' lang='lat' dir='ltr'><strong>sed</strong></span> 
     </span>
    </p>
   </div>
   <div class='ocr_carea' id='block_1_105' title="bbox 1879 4311 3466 4383">
    <p class='ocr_par' dir='ltr' id='par_1_105' title="bbox 1879 4311 3466 4383">
     <span class='ocr_line' id='line_1_105' title="bbox 1879 4311 3466 4383; baseline -0.001 -15"><span class='ocrx_word' id='word_1_779' title='bbox 1879 4313 2026 4378; x_wconf 91' lang='lat' dir='ltr'><strong>dicit,</strong></span> <span class='ocrx_word' id='word_1_780' title='bbox 2054 4313 2322 4383; x_wconf 76' lang='lat' dir='ltr'><strong>faciamus,</strong></span> <span class='ocrx_word' id='word_1_781' title='bbox 2345 4322 2403 4367; x_wconf 94' lang='lat' dir='ltr'><strong>ut</strong></span> <span class='ocrx_word' id='word_1_782' title='bbox 2449 4311 2615 4370; x_wconf 76' lang='lat' dir='ltr'><strong>furum</strong></span> <span class='ocrx_word' id='word_1_783' title='bbox 2643 4311 2976 4367; x_wconf 71' lang='lat' dir='ltr'><strong>cmisultandi</strong></span> <span class='ocrx_word' id='word_1_784' title='bbox 3005 4312 3226 4383; x_wconf 69' lang='lat' dir='ltr'><strong>aequalis</strong></span> <span class='ocrx_word' id='word_1_785' title='bbox 3249 4313 3466 4383; x_wconf 71' lang='lat' dir='ltr'><strong>detege-</strong></span> 
     </span>
    </p>
   </div>
   <div class='ocr_carea' id='block_1_106' title="bbox 1880 4403 3462 4472">
    <p class='ocr_par' dir='ltr' id='par_1_106' title="bbox 1880 4403 3462 4472">
     <span class='ocr_line' id='line_1_106' title="bbox 1880 4403 3462 4472; baseline 0.001 -13"><span class='ocrx_word' id='word_1_786' title='bbox 1880 4413 2029 4459; x_wconf 87' lang='lat' dir='ltr'><strong>retur</strong></span> <span class='ocrx_word' id='word_1_787' title='bbox 2054 4403 2247 4458; x_wconf 89' lang='lat' dir='ltr'><strong>honor.</strong></span> <span class='ocrx_word' id='word_1_788' title='bbox 2261 4403 2391 4461; x_wconf 80' lang='lat' dir='ltr'><strong>Nam</strong></span> <span class='ocrx_word' id='word_1_789' title='bbox 2414 4404 2553 4458; x_wconf 89' lang='lat' dir='ltr'><strong>Deus</strong></span> <span class='ocrx_word' id='word_1_790' title='bbox 2572 4403 2838 4459; x_wconf 81' lang='lat' dir='ltr'><strong>interdum</strong></span> <span class='ocrx_word' id='word_1_791' title='bbox 2860 4404 3222 4460; x_wconf 86' lang='lat' dir='ltr'><strong>consiliarium</strong></span> <span class='ocrx_word' id='word_1_792' title='bbox 3242 4403 3462 4472; x_wconf 85' lang='lat' dir='ltr'><strong>habere,</strong></span> 
     </span>
    </p>
   </div>
   <div class='ocr_carea' id='block_1_107' title="bbox 1881 4494 3463 4566">
    <p class='ocr_par' dir='ltr' id='par_1_107' title="bbox 1881 4494 3463 4566">
     <span class='ocr_line' id='line_1_107' title="bbox 1881 4494 3463 4566; baseline -0.001 -15"><span class='ocrx_word' id='word_1_793' title='bbox 1881 4495 2147 4552; x_wconf 81' lang='lat' dir='ltr'><strong>interdum</strong></span> <span class='ocrx_word' id='word_1_794' title='bbox 2176 4510 2289 4550; x_wconf 84' lang='lat' dir='ltr'><strong>non</strong></span> <span class='ocrx_word' id='word_1_795' title='bbox 2312 4495 2508 4550; x_wconf 78' lang='lat' dir='ltr'><strong>habere</strong></span> <span class='ocrx_word' id='word_1_796' title='bbox 2536 4495 2731 4551; x_wconf 77' lang='lat' dir='ltr'><strong>dicitur</strong></span> <span class='ocrx_word' id='word_1_797' title='bbox 2758 4512 2773 4549; x_wconf 90' lang='lat'><strong>:</strong></span> <span class='ocrx_word' id='word_1_798' title='bbox 2801 4511 2902 4551; x_wconf 91' lang='lat' dir='ltr'><strong>nec</strong></span> <span class='ocrx_word' id='word_1_799' title='bbox 2925 4495 3028 4552; x_wconf 87' lang='lat' dir='ltr'><strong>sibi</strong></span> <span class='ocrx_word' id='word_1_800' title='bbox 3068 4494 3170 4565; x_wconf 83' lang='lat' dir='ltr'><strong>ipsi</strong></span> <span class='ocrx_word' id='word_1_801' title='bbox 3204 4504 3463 4566; x_wconf 80' lang='lat' dir='ltr'><strong>repugnat</strong></span> 
     </span>
    </p>
   </div>
   <div class='ocr_carea' id='block_1_108' title="bbox 1878 4587 3464 4659">
    <p class='ocr_par' dir='ltr' id='par_1_108' title="bbox 1878 4587 3464 4659">
     <span class='ocr_line' id='line_1_108' title="bbox 1878 4587 3464 4659; baseline -0.003 -12"><span class='ocrx_word' id='word_1_802' title='bbox 1878 4588 2173 4659; x_wconf 81' lang='lat' dir='ltr'><strong>Scriptura,</strong></span> <span class='ocrx_word' id='word_1_803' title='bbox 2196 4587 2294 4644; x_wconf 89' lang='lat' dir='ltr'><strong>sed</strong></span> <span class='ocrx_word' id='word_1_804' title='bbox 2325 4602 2422 4658; x_wconf 87' lang='lat' dir='ltr'><strong>per</strong></span> <span class='ocrx_word' id='word_1_805' title='bbox 2450 4587 2564 4642; x_wconf 64' lang='lat' dir='ltr'><strong>haec</strong></span> <span class='ocrx_word' id='word_1_806' title='bbox 2601 4588 2761 4643; x_wconf 89' lang='lat' dir='ltr'><strong>ambo</strong></span> <span class='ocrx_word' id='word_1_807' title='bbox 2801 4588 3112 4659; x_wconf 84' lang='lat' dir='ltr'><strong>aperiuntur</strong></span> <span class='ocrx_word' id='word_1_808' title='bbox 3155 4588 3309 4644; x_wconf 87' lang='lat' dir='ltr'><strong>nobis</strong></span> <span class='ocrx_word' id='word_1_809' title='bbox 3342 4589 3464 4643; x_wconf 85' lang='lat' dir='ltr'><strong>abs-</strong></span> 
     </span>
    </p>
   </div>
   <div class='ocr_carea' id='block_1_109' title="bbox 1877 4677 3462 4750">
    <p class='ocr_par' dir='ltr' id='par_1_109' title="bbox 1877 4677 3462 4750">
     <span class='ocr_line' id='line_1_109' title="bbox 1877 4677 3462 4750; baseline -0.001 -15"><span class='ocrx_word' id='word_1_810' title='bbox 1877 4679 2090 4736; x_wconf 87' lang='lat' dir='ltr'><strong>condita</strong></span> <span class='ocrx_word' id='word_1_811' title='bbox 2151 4678 2420 4750; x_wconf 81' lang='lat' dir='ltr'><strong>dogmata.</strong></span> <span class='ocrx_word' id='word_1_812' title='bbox 2473 4677 2700 4745; x_wconf 83' lang='lat' dir='ltr'><strong>Quando</strong></span> <span class='ocrx_word' id='word_1_813' title='bbox 2757 4680 2902 4735; x_wconf 88' lang='lat' dir='ltr'><strong>enim</strong></span> <span class='ocrx_word' id='word_1_814' title='bbox 2967 4678 3269 4749; x_wconf 76' lang='lat' dir='ltr'><strong>signiﬁcare</strong></span> <span class='ocrx_word' id='word_1_815' title='bbox 3313 4678 3462 4745; x_wconf 88' lang='lat' dir='ltr'><strong>vult,</strong></span> 
     </span>
    </p>
   </div>
   <div class='ocr_carea' id='block_1_110' title="bbox 1878 4769 3454 4840">
    <p class='ocr_par' dir='ltr' id='par_1_110' title="bbox 1878 4769 3454 4840">
     <span class='ocr_line' id='line_1_110' title="bbox 1878 4769 3454 4840; baseline -0.002 -13"><span class='ocrx_word' id='word_1_816' title='bbox 1878 4772 2051 4827; x_wconf 88' lang='lat' dir='ltr'><strong>Deum</strong></span> <span class='ocrx_word' id='word_1_817' title='bbox 2073 4770 2268 4826; x_wconf 86' lang='lat' dir='ltr'><strong>nullius</strong></span> <span class='ocrx_word' id='word_1_818' title='bbox 2290 4785 2473 4840; x_wconf 87' lang='lat' dir='ltr'><strong>egere,</strong></span> <span class='ocrx_word' id='word_1_819' title='bbox 2500 4769 2632 4825; x_wconf 87' lang='lat' dir='ltr'><strong>dicit</strong></span> <span class='ocrx_word' id='word_1_820' title='bbox 2654 4785 2777 4825; x_wconf 86' lang='lat' dir='ltr'><strong>cum</strong></span> <span class='ocrx_word' id='word_1_821' title='bbox 2820 4785 2927 4825; x_wconf 90' lang='lat' dir='ltr'><strong>non</strong></span> <span class='ocrx_word' id='word_1_822' title='bbox 2968 4770 3173 4825; x_wconf 82' lang='lat' dir='ltr'><strong>habere</strong></span> <span class='ocrx_word' id='word_1_823' title='bbox 3211 4770 3454 4825; x_wconf 84' lang='lat' dir='ltr'><strong>consilia-</strong></span> 
     </span>
    </p>
   </div>
   <div class='ocr_carea' id='block_1_111' title="bbox 1878 4862 3455 4936">
    <p class='ocr_par' dir='ltr' id='par_1_111' title="bbox 1878 4862 3455 4936">
     <span class='ocr_line' id='line_1_111' title="bbox 1878 4862 3455 4936; baseline -0.001 -16"><span class='ocrx_word' id='word_1_824' title='bbox 1878 4866 2018 4921; x_wconf 92' lang='lat' dir='ltr'><strong>rium</strong></span> <span class='ocrx_word' id='word_1_825' title='bbox 2047 4883 2061 4921; x_wconf 92' lang='lat'><strong>:</strong></span> <span class='ocrx_word' id='word_1_826' title='bbox 2086 4866 2299 4936; x_wconf 86' lang='lat' dir='ltr'><strong>quando</strong></span> <span class='ocrx_word' id='word_1_827' title='bbox 2326 4874 2505 4921; x_wconf 87' lang='lat' dir='ltr'><strong>autem</strong></span> <span class='ocrx_word' id='word_1_828' title='bbox 2547 4863 2704 4919; x_wconf 88' lang='lat' dir='ltr'><strong>docet</strong></span> <span class='ocrx_word' id='word_1_829' title='bbox 2746 4864 3003 4934; x_wconf 82' lang='lat' dir='ltr'><strong>aequalem</strong></span> <span class='ocrx_word' id='word_1_830' title='bbox 3045 4864 3300 4934; x_wconf 86' lang='lat' dir='ltr'><strong>unigeniti</strong></span> <span class='ocrx_word' id='word_1_831' title='bbox 3339 4862 3455 4933; x_wconf 88' lang='lat' dir='ltr'><strong>glo-</strong></span> 
     </span>
    </p>
   </div>
   <div class='ocr_carea' id='block_1_112' title="bbox 1878 4953 2971 5022">
    <p class='ocr_par' dir='ltr' id='par_1_112' title="bbox 1878 4953 2971 5022">
     <span class='ocr_line' id='line_1_112' title="bbox 1878 4953 2971 5022; baseline -0.005 -9"><span class='ocrx_word' id='word_1_832' title='bbox 1878 4958 2037 5022; x_wconf 84' lang='lat' dir='ltr'><strong>riam,</strong></span> <span class='ocrx_word' id='word_1_833' title='bbox 2061 4954 2421 5012; x_wconf 80' lang='lat' dir='ltr'><strong>consiliauium</strong></span> <span class='ocrx_word' id='word_1_834' title='bbox 2455 4962 2612 5009; x_wconf 84' lang='lat' dir='ltr'><strong>vocat</strong></span> <span class='ocrx_word' id='word_1_835' title='bbox 2637 4953 2829 5015; x_wconf 80' lang='lat' dir='ltr'><strong>Filium</strong></span> <span class='ocrx_word' id='word_1_836' title='bbox 2860 4953 2971 5008; x_wconf 89' lang='lat' dir='ltr'><strong>Dei.</strong></span> 
     </span>
    </p>
   </div>
   <div class='ocr_carea' id='block_1_113' title="bbox 1948 5040 3463 5104">
    <p class='ocr_par' dir='ltr' id='par_1_113' title="bbox 1948 5040 3463 5104">
     <span class='ocr_line' id='line_1_113' title="bbox 1948 5040 3463 5104; baseline -0.006 0"><span class='ocrx_word' id='word_1_837' title='bbox 1948 5047 2281 5104; x_wconf 81' lang='lat' dir='ltr'><strong>Consiliarius</strong></span> <span class='ocrx_word' id='word_1_838' title='bbox 2320 5045 2416 5099; x_wconf 87' lang='lat' dir='ltr'><strong>Dei</strong></span> <span class='ocrx_word' id='word_1_839' title='bbox 2459 5045 2709 5100; x_wconf 78' lang='lat' dir='ltr'><strong>Christus.</strong></span> <span class='ocrx_word' id='word_1_840' title='bbox 2734 5072 2807 5084; x_wconf 95' lang='lat'><strong>—</strong></span> <span class='ocrx_word' id='word_1_841' title='bbox 2832 5043 2902 5097; x_wconf 87' lang='lat' dir='ltr'><strong>Et</strong></span> <span class='ocrx_word' id='word_1_842' title='bbox 2937 5051 2995 5097; x_wconf 91' lang='lat' dir='ltr'><strong>ut</strong></span> <span class='ocrx_word' id='word_1_843' title='bbox 3034 5041 3150 5096; x_wconf 71' lang='lat' dir='ltr'><strong>hmc</strong></span> <span class='ocrx_word' id='word_1_844' title='bbox 3185 5041 3345 5096; x_wconf 81' lang='lat' dir='ltr'><strong>ambo</strong></span> <span class='ocrx_word' id='word_1_845' title='bbox 3379 5040 3463 5096; x_wconf 83' lang='lat' dir='ltr'><strong>di-</strong></span> 
     </span>
    </p>
   </div>
   <div class='ocr_carea' id='block_1_114' title="bbox 1878 5132 3460 5209">
    <p class='ocr_par' dir='ltr' id='par_1_114' title="bbox 1878 5132 3460 5209">
     <span class='ocr_line' id='line_1_114' title="bbox 1878 5132 3460 5209; baseline -0.005 -15"><span class='ocrx_word' id='word_1_846' title='bbox 1878 5153 1996 5195; x_wconf 85' lang='lat' dir='ltr'><strong>scas</strong></span> <span class='ocrx_word' id='word_1_847' title='bbox 2014 5180 2030 5206; x_wconf 90' lang='lat'><strong>,</strong></span> <span class='ocrx_word' id='word_1_848' title='bbox 2058 5137 2199 5209; x_wconf 90' lang='lat' dir='ltr'><strong>quod</strong></span> <span class='ocrx_word' id='word_1_849' title='bbox 2227 5132 2703 5207; x_wconf 82' lang='lat' dir='ltr'><strong>pr0phetaeFilium</strong></span> <span class='ocrx_word' id='word_1_850' title='bbox 2718 5144 2909 5189; x_wconf 90' lang='lat' dir='ltr'><strong>vocent</strong></span> <span class='ocrx_word' id='word_1_851' title='bbox 2936 5132 3322 5199; x_wconf 87' lang='lat' dir='ltr'><strong>consiliarium,</strong></span> <span class='ocrx_word' id='word_1_852' title='bbox 3353 5147 3460 5187; x_wconf 87' lang='lat' dir='ltr'><strong>non</strong></span> 
     </span>
    </p>
   </div>
   <div class='ocr_carea' id='block_1_115' title="bbox 1877 5222 3458 5301">
    <p class='ocr_par' dir='ltr' id='par_1_115' title="bbox 1877 5222 3458 5301">
     <span class='ocr_line' id='line_1_115' title="bbox 1877 5222 3458 5301; baseline -0.005 -15"><span class='ocrx_word' id='word_1_853' title='bbox 1877 5230 2018 5301; x_wconf 82' lang='lat' dir='ltr'><strong>quod</strong></span> <span class='ocrx_word' id='word_1_854' title='bbox 2046 5230 2204 5284; x_wconf 84' lang='lat' dir='ltr'><strong>Pater</strong></span> <span class='ocrx_word' id='word_1_855' title='bbox 2229 5242 2365 5298; x_wconf 90' lang='lat' dir='ltr'><strong>opus</strong></span> <span class='ocrx_word' id='word_1_856' title='bbox 2392 5227 2507 5297; x_wconf 66' lang='lat' dir='ltr'><strong>eius</strong></span> <span class='ocrx_word' id='word_1_857' title='bbox 2532 5225 2756 5282; x_wconf 87' lang='lat' dir='ltr'><strong>consilio</strong></span> <span class='ocrx_word' id='word_1_858' title='bbox 2783 5225 2998 5287; x_wconf 86' lang='lat' dir='ltr'><strong>habeat,</strong></span> <span class='ocrx_word' id='word_1_859' title='bbox 3039 5224 3134 5279; x_wconf 89' lang='lat' dir='ltr'><strong>sed</strong></span> <span class='ocrx_word' id='word_1_860' title='bbox 3173 5231 3230 5277; x_wconf 92' lang='lat' dir='ltr'><strong>ut</strong></span> <span class='ocrx_word' id='word_1_861' title='bbox 3275 5222 3458 5293; x_wconf 85' lang='lat' dir='ltr'><strong>unige-</strong></span> 
     </span>
    </p>
   </div>
   <div class='ocr_carea' id='block_1_116' title="bbox 1878 5313 3461 5390">
    <p class='ocr_par' dir='ltr' id='par_1_116' title="bbox 1878 5313 3461 5390">
     <span class='ocr_line' id='line_1_116' title="bbox 1878 5313 3461 5390; baseline -0.006 -14"><span class='ocrx_word' id='word_1_862' title='bbox 1878 5321 1972 5376; x_wconf 90' lang='lat' dir='ltr'><strong>niti</strong></span> <span class='ocrx_word' id='word_1_863' title='bbox 1991 5319 2215 5390; x_wconf 77' lang='lat' dir='ltr'><strong>gloriam</strong></span> <span class='ocrx_word' id='word_1_864' title='bbox 2244 5318 2493 5385; x_wconf 85' lang='lat' dir='ltr'><strong>doceant,</strong></span> <span class='ocrx_word' id='word_1_865' title='bbox 2520 5326 2575 5372; x_wconf 89' lang='lat' dir='ltr'><strong>et</strong></span> <span class='ocrx_word' id='word_1_866' title='bbox 2592 5314 2743 5387; x_wconf 85' lang='lat' dir='ltr'><strong>quod</strong></span> <span class='ocrx_word' id='word_1_867' title='bbox 2766 5331 2875 5371; x_wconf 89' lang='lat' dir='ltr'><strong>non</strong></span> <span class='ocrx_word' id='word_1_868' title='bbox 2899 5330 3036 5385; x_wconf 87' lang='lat' dir='ltr'><strong>opus</strong></span> <span class='ocrx_word' id='word_1_869' title='bbox 3063 5314 3253 5369; x_wconf 83' lang='lat' dir='ltr'><strong>habent</strong></span> <span class='ocrx_word' id='word_1_870' title='bbox 3277 5313 3461 5368; x_wconf 84' lang='lat' dir='ltr'><strong>oonsi-</strong></span> 
     </span>
    </p>
   </div>
   <div class='ocr_carea' id='block_1_117' title="bbox 1878 5400 3464 5479">
    <p class='ocr_par' dir='ltr' id='par_1_117' title="bbox 1878 5400 3464 5479">
     <span class='ocr_line' id='line_1_117' title="bbox 1878 5400 3464 5479; baseline -0.006 -12"><span class='ocrx_word' id='word_1_871' title='bbox 1878 5413 2051 5479; x_wconf 85' lang='lat' dir='ltr'><strong>liario,</strong></span> <span class='ocrx_word' id='word_1_872' title='bbox 2074 5410 2196 5466; x_wconf 89' lang='lat' dir='ltr'><strong>audi</strong></span> <span class='ocrx_word' id='word_1_873' title='bbox 2222 5410 2442 5466; x_wconf 87' lang='lat' dir='ltr'><strong>Paulum</strong></span> <span class='ocrx_word' id='word_1_874' title='bbox 2476 5408 2782 5465; x_wconf 85' lang='lat' dir='ltr'><strong>dicentem:</strong></span> <span class='ocrx_word' id='word_1_875' title='bbox 2813 5407 2860 5462; x_wconf 86' lang='grc' dir='ltr'><em>Ο</em></span> <span class='ocrx_word' id='word_1_876' title='bbox 2896 5406 3112 5461; x_wconf 83' lang='lat' dir='ltr'><strong>altitudo</strong></span> <span class='ocrx_word' id='word_1_877' title='bbox 3155 5400 3464 5459; x_wconf 71' lang='lat' dir='ltr'><strong>divitiarum</strong></span> 
     </span>
    </p>
   </div>
   <div class='ocr_carea' id='block_1_118' title="bbox 1876 5495 3461 5577">
    <p class='ocr_par' dir='ltr' id='par_1_118' title="bbox 1876 5495 3461 5577">
     <span class='ocr_line' id='line_1_118' title="bbox 1876 5495 3461 5577; baseline -0.006 -17"><span class='ocrx_word' id='word_1_878' title='bbox 1876 5505 2141 5577; x_wconf 71' lang='lat' dir='ltr'><strong>sapientiae</strong></span> <span class='ocrx_word' id='word_1_879' title='bbox 2174 5512 2218 5558; x_wconf 90' lang='lat' dir='ltr'><strong>et</strong></span> <span class='ocrx_word' id='word_1_880' title='bbox 2247 5503 2469 5558; x_wconf 63' lang='lat' dir='ltr'><strong>scientiis</strong></span> <span class='ocrx_word' id='word_1_881' title='bbox 2495 5500 2633 5556; x_wconf 91' lang='lat' dir='ltr'><strong>Dei!</strong></span> <span class='ocrx_word' id='word_1_882' title='bbox 2677 5500 2844 5569; x_wconf 80' lang='lat' dir='ltr'><strong>Quam</strong></span> <span class='ocrx_word' id='word_1_883' title='bbox 2880 5498 3225 5555; x_wconf 65' lang='lat' dir='ltr'><strong>immobilia</strong></span> <span class='ocrx_word' id='word_1_884' title='bbox 3258 5495 3461 5570; x_wconf 67' lang='lat' dir='ltr'><strong>judicia</strong></span> 
     </span>
    </p>
   </div>
   <div class='ocr_carea' id='block_1_119' title="bbox 1876 5590 3460 5665">
    <p class='ocr_par' dir='ltr' id='par_1_119' title="bbox 1876 5590 3460 5665">
     <span class='ocr_line' id='line_1_119' title="bbox 1876 5590 3460 5665; baseline -0.006 -15"><span class='ocrx_word' id='word_1_885' title='bbox 1876 5596 1986 5665; x_wconf 82' lang='lat' dir='ltr'><strong>ejus</strong></span> <span class='ocrx_word' id='word_1_886' title='bbox 2011 5629 2027 5655; x_wconf 87' lang='grc'><strong>,</strong></span> <span class='ocrx_word' id='word_1_887' title='bbox 2057 5602 2110 5647; x_wconf 88' lang='lat' dir='ltr'><strong>et</strong></span> <span class='ocrx_word' id='word_1_888' title='bbox 2156 5592 2525 5663; x_wconf 86' lang='lat' dir='ltr'><strong>investigabiles</strong></span> <span class='ocrx_word' id='word_1_889' title='bbox 2544 5592 2637 5646; x_wconf 76' lang='lat' dir='ltr'><strong>aia:</strong></span> <span class='ocrx_word' id='word_1_890' title='bbox 2663 5590 2811 5662; x_wconf 84' lang='lat' dir='ltr'><strong>ejus!</strong></span> <span class='ocrx_word' id='word_1_891' title='bbox 2832 5592 2959 5658; x_wconf 82' lang='lat' dir='ltr'><strong>Quis</strong></span> <span class='ocrx_word' id='word_1_892' title='bbox 2995 5591 3129 5645; x_wconf 88' lang='lat' dir='ltr'><strong>enim</strong></span> <span class='ocrx_word' id='word_1_893' title='bbox 3167 5590 3303 5643; x_wconf 79' lang='lat' dir='ltr'><strong>novit</strong></span> <span class='ocrx_word' id='word_1_894' title='bbox 3342 5603 3460 5642; x_wconf 76' lang='lat' dir='ltr'><strong>sen-</strong></span> 
     </span>
    </p>
   </div>
   <div class='ocr_carea' id='block_1_120' title="bbox 1875 5681 3459 5755">
    <p class='ocr_par' dir='ltr' id='par_1_120' title="bbox 1875 5681 3459 5755">
     <span class='ocr_line' id='line_1_120' title="bbox 1875 5681 3459 5755; baseline -0.004 -12"><span class='ocrx_word' id='word_1_895' title='bbox 1875 5704 1988 5743; x_wconf 84' lang='lat' dir='ltr'><strong>sum</strong></span> <span class='ocrx_word' id='word_1_896' title='bbox 2017 5685 2265 5740; x_wconf 79' lang='lat' dir='ltr'><strong>Domini?</strong></span> <span class='ocrx_word' id='word_1_897' title='bbox 2292 5688 2368 5740; x_wconf 82' lang='lat' dir='ltr'><strong>vel</strong></span> <span class='ocrx_word' id='word_1_898' title='bbox 2396 5686 2509 5755; x_wconf 85' lang='lat' dir='ltr'><strong>quis</strong></span> <span class='ocrx_word' id='word_1_899' title='bbox 2532 5684 2851 5739; x_wconf 79' lang='lat' dir='ltr'><strong>consiliarius</strong></span> <span class='ocrx_word' id='word_1_900' title='bbox 2875 5685 2988 5754; x_wconf 83' lang='lat' dir='ltr'><strong>ejus</strong></span> <span class='ocrx_word' id='word_1_901' title='bbox 3018 5682 3114 5754; x_wconf 77' lang='lat' dir='ltr'><strong>fuit</strong></span> <span class='ocrx_word' id='word_1_902' title='bbox 3155 5681 3330 5752; x_wconf 82' lang='lat' dir='ltr'><strong>(Rom.</strong></span> <span class='ocrx_word' id='word_1_903' title='bbox 3371 5685 3459 5738; x_wconf 79' lang='lat' dir='ltr'><strong>ll.</strong></span> 
     </span>
    </p>
   </div>
   <div class='ocr_carea' id='block_1_121' title="bbox 1878 5775 3457 5852">
    <p class='ocr_par' dir='ltr' id='par_1_121' title="bbox 1878 5775 3457 5852">
     <span class='ocr_line' id='line_1_121' title="bbox 1878 5775 3457 5852; baseline -0.004 -15"><span class='ocrx_word' id='word_1_904' title='bbox 1878 5780 1967 5837; x_wconf 80' lang='lat'><strong>35.</strong></span> <span class='ocrx_word' id='word_1_905' title='bbox 1999 5780 2133 5852; x_wconf 59' lang='lat'><strong>34)?</strong></span> <span class='ocrx_word' id='word_1_906' title='bbox 2164 5778 2260 5835; x_wconf 89' lang='lat' dir='ltr'><strong>llic</strong></span> <span class='ocrx_word' id='word_1_907' title='bbox 2288 5778 2468 5851; x_wconf 87' lang='lat' dir='ltr'><strong>itaque</strong></span> <span class='ocrx_word' id='word_1_908' title='bbox 2498 5793 2618 5834; x_wconf 88' lang='lat' dir='ltr'><strong>eum</strong></span> <span class='ocrx_word' id='word_1_909' title='bbox 2649 5777 2848 5834; x_wconf 87' lang='lat' dir='ltr'><strong>nullius</strong></span> <span class='ocrx_word' id='word_1_910' title='bbox 2876 5777 3113 5850; x_wconf 88' lang='lat' dir='ltr'><strong>indigere</strong></span> <span class='ocrx_word' id='word_1_911' title='bbox 3149 5775 3457 5831; x_wconf 85' lang='lat' dir='ltr'><strong>declaravit.</strong></span> 
     </span>
    </p>
   </div>
  </div>
