3918 6366
408 350 516 405 799
541 336 546 349 '

413 463 631 520 IIesaias
658 478 788 518 vero
828 463 1018 517 iterum
1065 462 1130 515 de
1162 462 1444 532 Unigenito
1485 463 1575 516 Dei
1619 463 1868 531 loquens,
1911 459 1989 514 sic

413 555 620 624 inquit:
655 553 720 607 Et
750 554 950 622 cupient
980 554 1022 606 si
1068 553 1191 619 fiant
1234 553 1349 623 igne
1383 552 1647 606 combusti.
1693 551 1826 618 Quia
1871 565 1996 618 puer

413 656 564 700 natus
583 654 656 700 est
681 645 844 709 nobis,
871 656 916 698 et
943 645 1078 714 filius
1097 644 1243 697 datus
1270 655 1344 698 est
1369 644 1532 710 nobis,
1559 653 1606 699 et
1634 644 1887 698 vocabitur
1904 658 1993 694 no-

414 753 527 790 men
546 736 653 806 ejus
677 735 850 805 magni
877 734 1075 788 consilii
1095 733 1323 804 angelus,
1350 733 1664 787 admirabilis
1681 732 1997 786 consiliarius

413 825 600 894 (IIesai
619 825 671 880 9.
703 825 781 895 5).
815 825 882 878 Et
909 825 952 878 si
980 824 1312 878 admirabilis
1347 823 1700 886 consiliarius,
1725 821 1998 894 quomodo

415 915 610 969 I'aulus
631 914 779 980 dicit,
813 914 938 977 Quis
970 916 1099 966 enim
1137 930 1312 967 sensus
1349 915 1483 967 novit
1511 912 1739 979 Domini,
1779 912 1854 966 vel
1886 912 1999 982 quis

415 1005 737 1060 consiliarius
756 1007 866 1076 ejus
891 1007 989 1074 fuit
1019 1004 1193 1076 (Rom.
1228 1005 1284 1059 II
1302 1045 1314 1058 .
1350 1005 1480 1076 5d)?
1501 1005 1600 1060 nisi
1621 1007 1758 1076 quod
1783 1004 1998 1069 Paulus,

415 1096 556 1149 sicut
581 1095 710 1158 dixi,
740 1095 975 1150 indicare
997 1095 1162 1148 voluit
1190 1095 1403 1151 Patrem
1431 1096 1578 1150 nullo
1605 1096 1863 1166 indigere,
1881 1109 2003 1164 pro-

420 1186 574 1255 pheta
599 1195 775 1240 autem
809 1187 1064 1255 aqualem
1101 1185 1221 1240 Filii
1244 1186 1463 1256 gloriam
1486 1185 1680 1241 docere
1707 1187 1889 1242 voluit.
1921 1185 2002 1239 Id-

417 1275 562 1329 circo
589 1276 748 1330 etiam
789 1274 875 1328 hic
906 1290 1010 1328 non
1051 1274 1204 1339 dixit,
1249 1277 1351 1346 fac,
1399 1276 1514 1340 sed,
1563 1276 1832 1346 faciamus.
1870 1275 2000 1329 Illud

419 1365 586 1428 enim,
615 1369 718 1435 fac,
748 1375 1070 1434 prmeeptum
1102 1375 1245 1419 esset
1269 1381 1425 1420 servo
1449 1365 1628 1419 datum
1675 1383 1690 1419 :
1733 1367 1872 1436 quod
1924 1366 2003 1420 di-

420 1472 573 1512 scere
603 1457 725 1512 imle
769 1459 986 1526 poteris.
1035 1458 1277 1513 Accessit
1317 1457 1603 1526 aliquando
1648 1458 1890 1512 centurio
1937 1457 2003 1511 ad

421 1547 626 1610 Jcsum,
656 1557 709 1602 et
733 1548 866 1602 dixit
893 1565 906 1600 :
939 1546 1170 1613 Domine,
1195 1564 1322 1617 puer
1351 1565 1488 1601 meus
1498 1549 1635 1618 jacet
1661 1550 1713 1602 in
1735 1550 1884 1602 domo
1911 1565 2006 1617 pa-

423 1637 688 1707 ralyticus,
711 1646 758 1690 et
777 1639 994 1707 graviter
1024 1646 1280 1706 torquetur
1301 1636 1516 1708 (Matth.
1545 1638 1598 1692 8.
1629 1636 1706 1711 6).
1737 1638 1873 1706 Quid
1910 1639 2009 1708 igi-

427 1737 515 1780 tur
549 1726 834 1781 Christus?
873 1727 982 1798 Ego
1018 1730 1232 1792 veniam,
1263 1737 1310 1781 et
1346 1729 1534 1782 curabo
1561 1745 1674 1782 eum
1698 1727 1804 1802 (Ib.
1847 1746 1893 1783 υ.
1928 1730 2004 1802 7).

426 1817 679 1872 Centurio
699 1828 876 1873 autem
904 1834 1008 1872 non
1035 1819 1263 1874 audebat
1289 1819 1552 1874 medicum
1583 1821 1633 1874 in
1658 1820 1875 1875 domum
1905 1829 2012 1874 tra-

429 1907 579 1972 here,
608 1917 662 1962 at
689 1909 993 1964 misericors
1028 1910 1115 1963 ille
1153 1919 1342 1978 sponte
1371 1925 1462 1964 sua
1492 1911 1838 1980 pollicebatur
1861 1927 1919 1966 se
1951 1913 2014 1964 il-

428 1999 512 2052 luc
541 1999 758 2064 iturum,
788 2010 844 2054 ut
869 2015 1083 2053 causam
1105 2010 1159 2054 et
1199 2003 1534 2056 occasionem
1580 2002 1652 2056 illi
1699 2003 1870 2069 daret,
1910 2020 2010 2073 qua

428 2091 678 2146 virtutem
703 2107 853 2146 suam
877 2092 1030 2146 nobis
1055 2093 1370 2148 declararet.
1405 2094 1664 2148 Prmscius
1702 2095 1841 2148 enim
1889 2095 2012 2165 quid

432 2182 523 2237 ille
547 2183 788 2237 dicturus
818 2193 953 2246 erat,
987 2183 1253 2251 pollicitus
1282 2194 1365 2238 est
1405 2201 1463 2240 se
1488 2184 1793 2249 aﬂ'nturum,
1826 2196 1881 2238 ut
1914 2187 2013 2240 viri

433 2275 683 2344 pietatem
703 2277 958 2330 disceres.
991 2275 1126 2341 Quid
1165 2277 1308 2330 enim
1348 2277 1423 2330 ait
1461 2277 1734 2330 centurio?
1778 2275 2014 2344 Domine,

434 2382 537 2420 non
583 2383 696 2419 sum
735 2367 939 2436 dignus,
971 2379 1026 2420 ut
1063 2369 1220 2422 intres
1259 2369 1350 2422 sub
1378 2378 1559 2422 tectum
1601 2385 1768 2422 meum
1812 2367 1914 2438 (Ib.
1961 2382 2017 2422 υ.

435 2455 516 2524 8).
549 2455 730 2525 Neque
758 2457 927 2510 n.0rbi
961 2459 1250 2513 necessitas
1287 2474 1409 2514 eum
1455 2473 1486 2512 a
1535 2459 1730 2528 pietate
1773 2449 2019 2513 avertere

435 2547 670 2613 valebat,
704 2564 770 2602 ne
808 2549 1181 2604 excellentiam
1213 2549 1423 2604 Domini
1450 2557 1752 2616 testaretur,
1777 2549 1935 2604 etiam
1967 2549 2017 2602 in

375 2643 392 2657 ‘
443 2649 594 2694 tanta
621 2643 948 2699 calamitate.
985 2643 1287 2714 Eapropter
1303 2645 1438 2699 dicit
1461 2664 1474 2700 :
1500 2645 1599 2700 Dic
1622 2655 1822 2699 tantum
1843 2647 2015 2708 verbo,

441 2740 493 2784 et
512 2730 792 2784 sanabitur
807 2749 938 2802 puer
963 2750 1128 2788 meus.
1148 2734 1289 2788 Nam
1308 2746 1355 2789 et
1373 2753 1466 2804 ego
1495 2736 1650 2790 homo
1665 2753 1804 2802 sum,
1823 2737 2019 2791 habens

443 2819 542 2872 sub
571 2837 652 2874 me
685 2821 906 2888 milites,
929 2833 978 2877 et
1003 2825 1122 2877 dico
1148 2825 1290 2888 huic,
1309 2828 1456 2892 rode,
1488 2835 1536 2880 et
1565 2827 1710 2881 vadit
1731 2845 1750 2883 :
1767 2839 1816 2884 et
1838 2828 2018 2895 alteri,

443 2915 790 2978 veni,etuenit
809 2931 828 2970 :
849 2924 899 2968 et
915 2933 1065 2971 servo
1085 2934 1219 2982 meo,
1243 2917 1329 2987 fac
1346 2919 1464 2982 hoc,
1478 2930 1524 2972 et
1538 2919 1668 2988 facit
1683 2919 1790 2987 (Ib.
1809 2937 1858 2974 tt.
1873 2929 1923 2976 8.
1939 2921 2020 2978 9i.

510 3001 593 3054 Ad
617 3018 813 3055 servum
839 3001 1024 3056 dicitur
1046 3006 1150 3074 fac,
1191 3004 1258 3056 ad
1285 3005 1531 3074 (aqualem
1555 3005 1819 3075 faciamus.
1841 3035 1913 3045 —
1932 3005 2025 3059 Vi-

439 3091 538 3147 des
564 3094 803 3157 verbum,
835 3097 940 3164 fac,
971 3107 1090 3148 esse
1119 3095 1320 3148 domini
1357 3094 1425 3149 ad
1465 3111 1679 3150 servum
1727 3096 2025 3166 loquentis?

441 3186 532 3250 At,
581 3186 848 3255 faciamus,
891 3187 1109 3240 verbum
1153 3194 1241 3242 est
1280 3185 1398 3255 ejus
1440 3188 1523 3241 cui
1566 3187 1785 3258 aequalis
1832 3187 2022 3241 honor.

439 3277 667 3345 Quando
708 3277 851 3332 enim
902 3291 1058 3332 servo
1097 3277 1344 3332 dominus
1392 3277 1644 3347 loquitur,
1671 3278 1843 3344 dicit,
1895 3281 1977 3349 fac
2008 3292 2028 3330 :

441 3367 657 3438 quando
685 3378 863 3421 autem
910 3368 1065 3423 Pater
1105 3368 1259 3433 Filio,
1288 3367 1436 3430 dicit,
1467 3365 1732 3435 faciamus.
1762 3368 1916 3435 Quid,
1948 3369 2028 3421 in—

443 3459 560 3529 quit
587 3457 940 3527 (haereticus),
979 3458 1023 3510 si
1067 3459 1308 3512 centurio
1344 3458 1412 3510 ita
1453 3456 1821 3526 suspicabatur
1849 3458 1865 3488 ¹
1896 3473 1911 3510 :
1941 3472 2030 3512 res

445 3558 621 3603 autem
643 3565 746 3602 non
773 3549 854 3601 sic
876 3563 933 3602 se
963 3547 1228 3603 habebat?
1255 3548 1389 3603 Num
1417 3547 1692 3618 apostolus
1726 3557 1808 3602 est
1836 3557 2028 3602 centu-

445 3639 561 3693 rio?
591 3654 714 3692 num
743 3639 1057 3709 discipulus,
1091 3648 1148 3693 ut
1187 3639 1352 3708 ipsius
1379 3638 1552 3692 verbis
1579 3637 1898 3693 credamus?
1921 3637 2026 3692 Ve-

445 3730 669 3785 risimile
697 3739 780 3785 est
799 3745 920 3784 eum
965 3744 1193 3784 errasse.
1239 3729 1405 3792 Bene,
1458 3745 1563 3783 non
1611 3739 1692 3783 est
1733 3729 2023 3800 apostolus.

447 3822 585 3890 Quid
611 3823 778 3892 ergo?
808 3823 1091 3877 Videamus
1131 3821 1273 3891 quod
1319 3823 1578 3891 sequitur.
1617 3820 1754 3875 Num
1797 3822 2030 3875 correxit

449 3915 621 3984 ipsum
655 3914 935 3970 Christus?
974 3930 1098 3968 num
1131 3913 1425 3984 increpavit
1453 3923 1510 3968 ιιι
1537 3914 1758 3982 lapsura,
1785 3921 1839 3966 et
1867 3927 2029 3981 prava

449 4007 696 4076 dogmata
723 4007 1087 4077 ingerentem?
1114 4022 1238 4060 num
1265 4006 1398 4060 dixit
1433 4004 1500 4060 ad
1545 4005 1740 4075 ipsum,
1781 4003 1887 4058 Cur
1929 4003 2034 4059 hoc

451 4099 603 4165 facis,
626 4099 821 4154 homo?
849 4099 1104 4169 Maiorem
1126 4098 1194 4153 de
1219 4113 1305 4153 me
1329 4097 1498 4152 habes
1523 4097 1848 4165 opinionem,
1871 4110 2030 4165 quam

451 4209 547 4265 par
573 4203 691 4249 est:
723 4193 871 4263 plura
900 4191 1029 4246 mihi
1061 4192 1272 4258 tribuis,
1312 4205 1470 4262 quam
1499 4189 1626 4243 mihi
1659 4187 1939 4253 debentur,
1967 4203 2033 4241 ex

451 4286 762 4340 auctoritate
790 4294 946 4355 putas
975 4299 1060 4338 me
1085 4284 1367 4353 imperare,
1396 4297 1516 4338 cum
1543 4297 1647 4335 non
1685 4280 1754 4334 sit
1780 4279 1905 4333 mihi
1935 4293 2032 4333 au-

449 4379 687 4432 ctoritas.
717 4376 853 4431 Num
880 4377 1012 4431 dixit
1037 4375 1140 4429 tale
1164 4373 1328 4444 quid?
1356 4373 1604 4439 Minime,
1649 4371 1747 4427 sed
1783 4369 2037 4426 stabilivit

453 4469 596 4524 illius
626 4467 963 4531 sententiam,
997 4475 1052 4522 et
1087 4466 1431 4536 sequentibus
1471 4464 1605 4519 dixit
1653 4481 1666 4517 :
1719 4463 1876 4516 Amen
1921 4461 2036 4516 dico

455 4561 589 4614 rebis
615 4601 631 4626 ,
687 4575 844 4630 neque
866 4560 919 4614 in
957 4558 1122 4613 Israel
1169 4568 1358 4612 tantam
1402 4556 1556 4624 fidem
1595 4555 1758 4608 inveni
1799 4553 1959 4626 (Ibid.
1985 4569 2032 4606 υ.

458 4651 570 4719 10).
603 4650 766 4721 Igitur
798 4649 1052 4704 Dominus
1093 4648 1358 4703 laudando
1393 4647 1673 4702 continuat
1712 4645 2036 4702 centurionis

454 4742 638 4796 verba.
664 4741 782 4796 Iam
810 4741 952 4794 enim
985 4755 1088 4793 non
1117 4748 1244 4794 sunt
1266 4739 1592 4794 centurionis
1615 4737 1906 4804 verba,sed
1929 4738 2040 4791 Do-

455 4833 585 4888 mini
609 4831 891 4886 sententia.
921 4831 1074 4898 Quod
1103 4830 1245 4885 enim
1273 4831 1386 4900 ipse
1416 4828 1616 4897 laudat,
1631 4839 1686 4884 et
1711 4829 1914 4884 calculo
1939 4844 2039 4884 suo

458 4934 726 4996 tamquam
757 4925 892 4980 bene
911 4923 1110 4980 dictum
1151 4924 1428 4994 approbat,
1461 4939 1560 4994 pro
1595 4923 1776 4979 divino
1819 4924 2040 4979 oraculo

458 5015 758 5071 habendum
780 5015 1282 5070 est:auctoritatem
1311 5015 1452 5068 enim
1495 5029 1727 5084 superne
1763 5029 1794 5068 a
1840 5013 2040 5069 Christi

457 5107 804 5176 reSponsione
824 5105 1007 5161 sumit.

527 5199 581 5252 5.
635 5197 782 5252 Vetus
807 5198 1178 5252 Testamentum
1202 5215 1318 5252 cum
1342 5213 1470 5253 novo
1499 5210 1762 5252 consonat.
1787 5229 1859 5239 —
1880 5199 2044 5254 Vides

457 5300 516 5343 ut
545 5287 750 5344 Novum
783 5289 963 5344 Veteri
995 5298 1255 5344 consonet
1283 5289 1700 5355 Testamentum,
1743 5298 1797 5344 et
1835 5297 2041 5342 utrum-

457 5395 561 5449 que
591 5381 954 5436 auctoritatem
984 5379 1182 5436 Christi
1213 5382 1447 5436 indicet?
1475 5381 1611 5449 Quid
1639 5382 1834 5450 igitur?
1856 5381 2043 5435 Facie-

461 5471 547 5525 hat
567 5472 780 5542 quidem
808 5472 1098 5542 hominem,
1129 5474 1224 5530 sed
1263 5485 1322 5530 ut
1356 5475 1603 5529 minister
1647 5472 1912 5528 faciebat?
1941 5473 2044 5529 Sed

525 5648 540 5679 ⁸
581 5651 920 5712 Ιιρογοιτοτεεηι
952 5655 1219 5711 suspicatur
1255 5663 1472 5712 nuperos
1523 5650 1747 5712 quidam;
1774 5647 1882 5712 sed
1914 5649 2049 5699 locus

459 5704 594 5819 pe
609 5710 782 5818 ihabet.
805 5720 915 5762 Nam
943 5704 1301 5775 (:hr'y'sostomus
1324 5704 1598 5762 Anomteu'm
1621 5704 2049 5773 harc'ohjicieutem

481 5784 509 5816 n
583 5784 608 5819 e
653 5803 667 5817 .

481 5784 667 5819 nuuctt.

1127 348 1180 404 S.
1223 349 1500 404 JO.\NNIS
1537 345 2014 404 CIIIiYSOSTOIiII
2055 341 2372 400 ARCIIIEP.
2412 343 2943 402 CONSTANTINOP.

3578 345 3674 402 800

2103 458 2225 514 audi
2252 459 2409 514 verba
2435 475 2554 530 qute
2583 469 2891 530 sequuntur,
2921 469 2975 513 et
3000 457 3196 512 desiste
3217 458 3282 514 ab
3312 459 3672 528 intempestiva

2101 550 2462 606 contentione.
2497 549 2782 605 Enimvero
2828 561 2883 604 ut
2919 550 3072 614 dixit,
3119 547 3389 604 Faciamus
3419 550 3671 606 hominem

2104 640 2255 713 (Gen.
2288 643 2339 696 I.
2367 640 2462 712 ‘26)
2496 657 2510 694 :
2549 657 2654 695 non
2681 640 2830 704 dixit,
2870 639 3161 694 secundum
3208 640 3492 710 imaginem
3537 655 3672 694 tuam

2103 735 2385 797 minorem,
2414 749 2586 802 neque
2601 733 2892 786 secundum
2912 731 3193 800 imaginem
3213 745 3388 784 meam
3408 731 3676 802 majorem,

2104 825 2198 881 sed
2229 824 2517 880 Secundum
2543 825 2812 895 imaginem
2837 833 3059 878 nostram
3077 863 3092 888 ,
3121 839 3313 892 nempe
3336 821 3567 876 indicans
3585 819 3674 878 Pa-

2105 920 2204 974 tris
2232 927 2286 973 et
2309 915 2425 971 Filii
2455 917 2734 986 imaginem
2765 930 2921 969 unam
2949 929 3088 970 esse.
3109 912 3220 968 Non
3244 914 3388 968 enim
3405 911 3535 965 dixit
3559 912 3680 964 ima-

2105 1011 2277 1079 gines,
2321 1008 2416 1063 sed
2461 1007 2741 1078 Imaginem
2779 1015 3034 1070 nostram;
3076 1019 3180 1059 non
3225 1004 3369 1057 enim
3409 1003 3524 1056 dua:
3565 1011 3676 1054 sunt

2109 1101 2416 1170 iumquales,
2448 1097 2541 1152 sed
2575 1113 2677 1151 una
2708 1106 2760 1152 et
2783 1097 2971 1152 eadem
3011 1095 3229 1167 mqualis
3260 1094 3434 1149 Patris
3472 1093 3678 1160 Filiique

2109 1190 2304 1259 imago.
2337 1187 2490 1244 Unde
2515 1196 2569 1242 et
2595 1202 2625 1241 a
2651 1186 2855 1242 dextris
2895 1185 3047 1255 jubet
3084 1183 3292 1247 sedere,
3329 1191 3391 1238 ut
3435 1184 3674 1253 aequalem

2112 1280 2392 1346 honorem,
2422 1288 2476 1334 et
2505 1287 2819 1349 potestatem
2853 1294 2956 1331 non
3002 1276 3306 1332 inferiorem
3354 1275 3545 1329 discas.
3590 1274 3678 1328 Mi-

2113 1372 2278 1426 nister
2297 1373 2438 1425 enim
2466 1387 2572 1425 non
2602 1369 2750 1425 sedet
2772 1412 2786 1431 ,
2815 1369 2908 1423 sed
2938 1376 3130 1422 adstat.
3160 1367 3294 1422 Nam
3331 1365 3472 1436 quod
3507 1365 3678 1418 sedere

2113 1464 2393 1518 dominicas
2448 1462 2723 1533 potestatis
2766 1462 2870 1525 sit,
2916 1461 3125 1514 adstare
3167 1459 3380 1514 servilis
3424 1467 3477 1512 et
3514 1457 3676 1524 subje-

2113 1566 2212 1611 cta:
2247 1555 2598 1620 conditionis,
2629 1554 2750 1608 audi
2798 1552 3069 1624 quomodo
3110 1551 3296 1606 Daniel
3337 1550 3512 1604 dicat:
3544 1550 3678 1618 Aspi-

2114 1649 2302 1701 cicbam
2343 1647 2500 1701 donec
2526 1646 2676 1717 positi
2703 1655 2819 1699 sunt
2846 1643 3035 1706 throni,
3065 1652 3112 1697 et
3138 1642 3376 1711 antiquus
3400 1641 3586 1693 dierum
3610 1654 3675 1690 se.

2115 1739 2188 1791 dit
2216 1753 2236 1792 :
2264 1737 2427 1790 decies
2455 1737 2592 1790 ntille
2615 1736 2867 1805 mgriades
2891 1732 3240 1787 ministrabant
3263 1732 3331 1794 ei,
3362 1739 3408 1783 et
3433 1729 3563 1782 mille
3582 1728 3682 1780 mil-

2118 1831 2188 1884 lia
2213 1827 2505 1882 assistebant
2533 1829 2580 1880 ei
2607 1826 2766 1897 (Dan.
2799 1826 2852 1881 7.
2878 1825 2938 1880 9.
2969 1823 3080 1893 I0).
3115 1823 3182 1877 Et
3213 1825 3406 1877 iterum
3440 1820 3640 1874 IIesaias
3667 1835 3682 1868 τ

2127 1919 2367 1972 Videbam
2391 1917 2666 1972 Dominum
2687 1917 2936 1971 sedentem
2963 1931 3114 1985 super
3133 1914 3370 1965 thronum
3392 1910 3623 1964 excelsum
3643 1919 3687 1958 et

2119 2012 2386 2075 eleuatum,
2420 2019 2469 2063 et
2517 2007 2790 2077 Seraphtm
2815 2005 3010 2058 stabant
3033 2005 3086 2056 in
3116 2003 3329 2056 circuitu
3359 2003 3464 2070 ejus
3494 1997 3679 2067 (Hesai.

2120 2105 2172 2155 li.
2209 2101 2281 2172 ί).
2325 2099 2573 2154 Michzeas
2597 2107 2813 2152 autem:
2851 2095 2964 2148 Vidi
3010 2093 3286 2146 Dominum
3339 2089 3498 2142 Deum
3541 2087 3688 2139 Israel

2119 2194 2370 2247 sedentem
2393 2209 2544 2264 super
2573 2192 2806 2246 tltrommt
2831 2205 2997 2251 suum,
3027 2196 3073 2240 et
3102 2185 3267 2239 omnis
3304 2182 3552 2237 exercitus
3586 2179 3683 2232 ςαξιὲ

2121 2288 2285 2340 stabat
2312 2303 2344 2339 a
2369 2286 2558 2339 dextris
2583 2284 2690 2355 ejus
2710 2291 2756 2336 et
2777 2299 2806 2333 a
2827 2280 3046 2334 sinistris
3075 2278 3183 2348 ejus
3206 2276 3284 2346 (3.
3313 2274 3436 2344 Reg.
3465 2271 3550 2326 22.
3581 2269 3680 2338 I9).

2123 2377 2285 2433 Vides
2335 2377 2530 2446 ubique
2573 2387 2832 2444 supernas
2874 2371 3096 2425 virtutes
3139 2369 3484 2429 assistentes,
3531 2364 3685 2431 ipsIIm

2122 2480 2298 2524 autem
2331 2466 2646 2524 sedentem?
2675 2465 2804 2520 Cum
2833 2463 2988 2534 igitur
3013 2461 3208 2515 videris
3235 2469 3293 2514 et
3317 2457 3502 2513 Filium
3523 2453 3683 2508 sedem

2125 2578 2152 2614 a
2202 2559 2404 2614 dextris
2465 2557 2787 2620 habentem,
2837 2570 2941 2608 non
2997 2550 3354 2606 ministrantis
3401 2546 3684 2617 dignitatem

2125 2651 2408 2722 quamdam
2441 2658 2612 2719 putes,
2645 2649 2738 2703 sed
2781 2643 3026 2699 habentis
3059 2639 3431 2696 auctoritatem
3475 2633 3680 2689 domini-

2125 2759 2265 2798 cam.
2296 2743 2496 2797 Idcirco
2522 2748 2578 2795 et
2606 2739 2799 2794 Paulus
2824 2752 2944 2790 cum
2975 2743 3197 2802 utraque
3223 2731 3418 2793 sciret,
3447 2725 3578 2798 quod
3604 2725 3684 2778 ad-

2127 2846 2271 2891 stare
2310 2833 2725 2889 ministrantium
2757 2831 2843 2890 sit,
2873 2828 3063 2883 sedere
3106 2833 3287 2880 autem
3338 2820 3681 2892 imperantium

2127 2934 2182 2980 et
2211 2923 2630 2996 praesidentium,
2657 2920 2780 2974 vide
2806 2917 3074 2988 quomodo
3119 2917 3233 2970 lucc
3276 2913 3571 2982 distinguat,
3612 2908 3685 2962 di-

2128 3031 2258 3072 cens
2281 3034 2294 3070 :
2318 3015 2522 3085 Angelis
2550 3012 2750 3082 quidem
2768 3011 2874 3064 suis
2895 3009 3076 3080 inquit,
3103 3007 3204 3074 Qui
3227 3005 3354 3077 facit
3376 3003 3684 3072 angelossuos

2129 3109 2356 3178 spiritus,
2381 3115 2426 3160 et
2453 3105 2707 3158 ministros
2735 3119 2852 3156 suos
2879 3101 3137 3171 flammam
3169 3097 3342 3168 ignis;
3365 3094 3496 3149 Filio
3513 3099 3683 3154 autem,

2134 3199 2364 3255 Thronus
2387 3207 2500 3251 titus
2529 3196 2666 3250 Deus
2689 3195 2742 3247 in
2769 3192 3006 3248 steculum
3032 3190 3203 3244 steculi
3235 3188 3425 3260 (Hebr.
3464 3187 3512 3241 I.
3538 3185 3586 3238 'l.
3614 3182 3684 3251 8),

2134 3307 2228 3360 per
2268 3291 2517 3344 thronum
2563 3287 2762 3357 regiam
2812 3291 3130 3354 potestatem
3179 3281 3484 3350 designans.
3532 3275 3687 3342 Itaque

2132 3399 2256 3438 cum
2282 3395 2460 3437 sermo
2492 3388 2673 3434 noster
2712 3376 2932 3432 omnino
2969 3372 3204 3444 probarit
3246 3371 3371 3426 Filii
3411 3361 3686 3432 dignitatem

2136 3491 2242 3529 non
2262 3473 2531 3538 servilem,
2555 3469 2648 3526 sed
2671 3468 2892 3524 herilem
2937 3481 3079 3532 esse,
3124 3463 3412 3518 adoremus
3449 3460 3604 3527 ipsum
3643 3461 3690 3506 ut

2137 3565 2422 3621 Dominum
2475 3571 2528 3617 ct
2558 3560 2700 3616 Patri
2731 3560 2934 3613 honore
2961 3555 3289 3622 comqualem
3322 3571 3335 3605 :
3366 3551 3442 3605 sic
3479 3548 3609 3606 enim
3645 3552 3690 3597 et

2139 3659 2254 3727 ipse
2283 3654 2537 3726 prmcepit
2565 3668 2684 3707 cum
2713 3651 2868 3716 dixit,
2899 3648 2967 3705 Ut
2993 3663 3164 3702 omnes
3207 3647 3452 3698 honorent
3499 3639 3541 3692 F
3542 3638 3688 3696 ilium,

2135 3752 2264 3804 sicut
2305 3750 2553 3802 honorant
2595 3745 2800 3800 Patrem
2840 3741 3017 3815 (Joan.
3059 3741 3113 3795 5.
3157 3739 3278 3810 25).
3329 3733 3692 3803 (Ioniungamus

2140 3845 2264 3896 item
2293 3839 2586 3895 sinceritati
2625 3837 2931 3907 dogmatum
2969 3831 3300 3903 diligentiam
3338 3829 3454 3882 vita:
3491 3833 3542 3879 et
3577 3833 3691 3890 ope-

2140 3950 2277 3998 rum,
2308 3943 2364 3986 ut
2393 3947 2462 3987 ne
2490 3929 2804 3985 dimidiatim
2836 3942 2954 3998 qua:
2979 3925 3046 3980 ad
3072 3932 3314 3979 nostram
3345 3920 3560 3975 salutem
3581 3926 3690 3982 spc-

2137 4033 2282 4079 ειτιιιι
2311 4031 2584 4077 οιιτυηῑυτ.

2222 4114 2426 4169 Versari
2443 4115 2494 4167 in
2533 4111 2730 4183 templis
2755 4110 2897 4164 debet
2925 4108 3126 4162 assidue
3152 4105 3483 4162 Christianus.
3508 4127 3574 4140 —
3591 4094 3692 4151 Iam

2142 4208 2262 4261 vine
2289 4206 2615 4275 diligentiam
2643 4211 2698 4256 et
2726 4202 3008 4270 puritatem
3037 4197 3170 4252 nihil
3192 4197 3270 4251 sic
3305 4193 3466 4251 efficit
3499 4198 3549 4245 et
3586 4199 3692 4240 cor-

2141 4301 2283 4371 rigit.
2316 4308 2372 4354 ut
2397 4297 2648 4368 frequens
2671 4294 2756 4350 hic
2776 4301 3090 4357 conventus,
3120 4299 3177 4346 et
3208 4290 3383 4344 alacre
3406 4284 3470 4339 ad
3497 4279 3692 4336 audien-

2141 4395 2267 4447 dum
2297 4391 2519 4447 verbum
2561 4388 2654 4444 Dei
2700 4386 2958 4442 studium.
3007 4383 3160 4452 Quod
3213 4381 3354 4436 enim
3396 4371 3592 4444 corpori
3625 4375 3695 4422 est

2142 4485 2314 4549 cibus,
2366 4483 2467 4538 hoc
2513 4482 2703 4536 animm
2744 4479 3044 4533 divinorum
3084 4475 3413 4544 eloquiorum
3455 4463 3691 4522 doctrina.

2146 4575 2268 4630 Non
2293 4575 2426 4629 enim
2452 4574 2505 4626 in
2531 4571 2642 4626 solo
2668 4587 2798 4641 pane
2815 4569 2930 4623 vivit
2957 4569 3123 4629 homo,
3145 4566 3235 4620 sed
3257 4574 3303 4618 et
3324 4563 3374 4616 in
3399 4558 3532 4615 omni
3549 4550 3692 4641 verba.

2141 4665 2276 4738 quod
2313 4665 2536 4736 procedit
2576 4662 2639 4716 de
2671 4640 2760 4715 ore
2795 4659 2892 4713 Dei
2923 4657 3098 4730 (Deut.
3135 4657 3188 4712 8.
3216 4657 3250 4710 5
3290 4650 3513 4720 ;Matth.
3549 4646 3597 4700 4.
3627 4640 3693 4708 4)·

2148 4759 2282 4814 Iliae
2309 4765 2364 4812 et
2389 4755 2556 4810 fames
2584 4753 2768 4809 induci
2802 4752 2960 4816 solet,
2995 4751 3037 4804 si
3071 4749 3194 4802 huic
3222 4759 3417 4800 mensa:
3443 4753 3541 4794 non
3566 4745 3697 4788 com—

2147 4847 2467 4903 municetur.
2511 4843 2646 4900 Audi
2685 4841 2864 4911 itaque
2891 4841 2992 4895 hac
3015 4839 3083 4893 de
3111 4853 3170 4892 re
3197 4835 3624 4891 interminantem.
3652 4827 3699 4874 et

2146 4940 2340 4997 famem
2367 4936 2504 4990 hanc
2537 4935 2590 4989 in
2625 4933 2816 4988 ordine
2845 4929 3226 5001 suppliciorum
3253 4935 3309 4981 et
3333 4931 3594 4994 pinnarum
3626 4914 3697 4966 in-

2151 5038 2462 5084 tentantem.
2487 5025 2630 5079 Dabo
2655 5025 2786 5080 enint
2822 5023 2914 5089 eis,
2963 5020 3152 5089 inquit,
3195 5033 3295 5072 non
3335 5018 3509 5084 famem
3549 5003 3696 5075 panis,

2147 5135 2306 5188 neque
2327 5120 2459 5172 sitim
2489 5133 2653 5187 aqute,
2699 5115 2787 5170 sed
2817 5119 3002 5186 famem
3029 5109 3268 5164 audiendi
3305 5114 3568 5160 sermonem
3602 5092 3698 5188 I90-

2149 5183 2474 5279 mini(Amos
2608 5183 2720 5276 II).
2777 5183 3054 5272 Quomodo
3096 5201 3254 5271 igitur
3295 5213 3394 5251 non
3440 5183 3698 5245 absurdum

2151 5321 2250 5376 pro
2275 5303 2536 5373 corporali
2567 5301 2703 5356 fame
2728 5296 3034 5368 repellenda
3066 5296 3238 5349 facere
3257 5299 3309 5346 et
3330 5293 3576 5342 attentare
3601 5287 3697 5376 οιῐξς

2153 5375 2260 5458 nia,
2293 5395 2485 5448 anima:
2506 5403 2683 5447 autem
2729 5391 2924 5446 famem
2963 5396 3153 5456 sponte
3191 5395 3439 5453 qua'rore,
3481 5375 3698 5442 quanms

2153 5486 2322 5542 muho
2351 5485 2562 5555 gravior
2589 5485 2678 5548 sit,
2709 5489 2908 5552 quanto
2939 5478 3140 5532 scilicet
3161 5474 3368 5545 gravius
3393 5477 3469 5523 est
3496 5473 3545 5518 et
3569 5459 3696 5555 dati?

2154 5580 2318 5634 num?
2345 5580 2452 5633 Oro
2477 5587 2531 5632 et
2560 5577 2821 5646 supplico,
2855 5589 2923 5628 ne
2963 5581 3070 5625 tam
3111 5569 3250 5624 male
3288 5563 3435 5621 nobis
3473 5548 3692 5646 consulat

2157 5685 2296 5733 mus,
2324 5669 2417 5724 sed
2450 5669 2759 5740 praeferatur
2788 5665 2875 5718 hic
2905 5671 3200 5717 conventus
3223 5645 3629 5724 occupationibus
3650 5641 3693 5688 ει

2157 5763 2297 5817 curis
2327 5764 2592 5816 ommbus.
2621 5757 2755 5825 Quid
2777 5757 2916 5812 enim
2937 5763 3138 5809 tantum
3170 5747 3354 5804 lucrari
3375 5752 3528 5813 potes,
3551 5741 3690 5801 ιιιιίω·
