3918 6382
227 330 323 387 799

214 450 392 506 αὑτοῦ
421 450 697 522 ἐγένετος
756 442 924 515 Οὗτος
968 451 1066 523 μὲν
1110 446 1205 505 οῦν
1256 451 1319 506 τὸ
1349 453 1597 518 ἀνενδεὲς
1629 454 1792 508 αὐτοῦ

209 534 572 608 παρέστησεν,
605 535 635 586 6
664 534 961 603 δὲἨσαῒας
990 535 1152 589 πάλιν
1179 537 1308 608 περὶ
1334 535 1430 589 τοῦ
1458 536 1795 607 Μονογενοῦς

208 615 298 670 τοῦ
328 615 465 669 Θεοῦ
502 614 847 685 λέγωνούτω
888 615 1006 681 πῶς
1044 633 1208 688 φησι·
1246 618 1355 672 Kal
1384 618 1791 688 θελήσουσιν,

207 701 257 769 εἰ
277 697 660 769 ἐγενήθησαν
677 700 1098 768 πυρίκαυστοι,
1124 700 1216 755 ὅτι
1241 701 1484 757 παιδίον
1499 703 1793 772 ἐγεννήθη

206 783 366 853 ἡμῖν,
393 783 528 850 υίὸς
546 784 644 838 καὶ
667 783 847 853 ἐδόθη
870 784 1034 854 ἡμῖν,
1068 785 1169 840 καί
1218 785 1487 841 καλεῖται
1510 786 1577 840 τὸ
1607 787 1796 857 ὄνομα

202 867 390 923 αὐτοῦ
441 866 714 938 μεγάλης
775 868 1026 937 ,βουλῆς
1079 869 1337 940 ἄγγελος
1358 911 1374 936 ,
1446 873 1794 941 θαυμαστὸς

202 952 574 1022 σύμϐουλος.
628 952 739 1005 Kal
785 954 835 1006 εἰ
883 952 1566 1031 θαυμαστὸςβύμϐουλος,
1618 955 1737 1019 πῶς
1765 958 1795 1010 6

205 1035 415 1100 Παῦλός
454 1052 617 1106 φησι·
663 1036 760 1102 Τίς
798 1038 910 1106 γὰρ
950 1037 1106 1105 ἔγνω
1135 1037 1289 1092 νοῦν
1314 1038 1543 1107 Κυρίου
1620 1039 1654 1107 ἢ
1703 1040 1795 1106 τίς

203 1120 553 1189 σύμϐουλος
607 1118 797 1173 αὐτοῦ
846 1118 1118 1189 ἐγένετο;
1145 1119 1269 1174 Ὅτι
1311 1122 1340 1175 6
1399 1121 1495 1190 μὲν
1534 1121 1742 1187 Παῦλος
1774 1162 1790 1187 ,

209 1201 388 1267 καθὼς
413 1201 589 1272 ἔφθην
620 1200 815 1267 εἰπὼν,
863 1201 925 1256 τὸ
961 1202 1211 1267 ἀνενδεές
1239 1203 1336 1257 τοῦ
1365 1203 1581 1276 Πατρὸς
1611 1222 1793 1278 παρα-

207 1285 399 1356 στῆσαι
442 1283 716 1355 βούλεται,
769 1286 798 1338 6
840 1284 898 1338 66
952 1287 1244 1358 προφήτης
1284 1286 1347 1339 τὸ
1385 1287 1650 1357 ὁμότιμον
1697 1288 1792 1343 τοῦ

202 1367 561 1437 Μονογενοῦς.
587 1366 686 1420 Διά
708 1366 866 1421 τοῦτο
886 1369 982 1423 zeal
999 1368 1234 1425 ἐνταῦθα
1250 1370 1351 1423 οὐκ
1371 1363 1515 1436 εἶπε,
1538 1371 1790 1443 Ποίησον,

202 1450 351 1516 ἀλλά,
387 1452 773 1521 Ποιήσωμεν·
794 1453 857 1507 τὸ
885 1452 1019 1525 γὰρ,
1048 1454 1344 1524 Ποίησον,
1388 1456 1656 1527 ἐπιταγῆς
1676 1458 1792 1512 ἐστι

204 1535 335 1606 πρὸς
371 1535 561 1589 δοῦλον
595 1536 910 1608 γινομένης,
950 1538 1047 1592 zeal
1075 1539 1235 1611 δῆλον
1282 1541 1551 1596 ἐντεῦθεν.
1603 1543 1782 1614 Προσ-

196 1618 325 1690 ,ῆλθέ
354 1634 488 1674 ποτε
510 1619 915 1692 ἑκατοντάρχης
943 1620 1020 1692 τῷ
1056 1622 1254 1694 Ἰησοῦ,
1285 1624 1379 1678 καί
1402 1641 1568 1695 φησι·
1590 1625 1787 1693 Κύριε,

198 1705 234 1757 ό
259 1701 399 1768 παῖς
408 1719 531 1771 μου
546 1702 842 1771 βέϐληται
861 1704 930 1757 ἐν
950 1702 1027 1772 τῇ
1052 1706 1212 1774 οἰκίᾳ
1238 1706 1644 1776 παραλυτικὸς
1675 1706 1791 1762 δει-

202 1784 314 1851 νῶς
337 1784 841 1855 βασανιζόμενος.
873 1786 939 1840 Τί
965 1781 1060 1842 οὖν
1079 1788 1390 1859 ὀΧριστόςς
1424 1789 1573 1860 Ἐγὼ
1596 1790 1793 1847 ἐλθὼν

202 1871 553 1938 θεραπεύσω
596 1871 804 1926 αὐτόν.
867 1872 926 1925 Ὀ
975 1868 1074 1943 μὲν
1121 1868 1217 1928 οὖν
1248 1874 1654 1947 ἑκατοντάρχης
1690 1876 1792 1930 οὐκ

202 1954 497 2027 ἐτόλμησεν
540 1953 772 2010 ἑλκύσαι
805 1954 896 2009 τὸν
946 1955 1130 2028 ἰατρὸν
1178 1958 1259 2021 εἰς
1295 1958 1397 2031 τὴν
1433 1958 1645 2025 οἰκίαν,
1674 1959 1704 2011 6
1735 1959 1793 2019 66

203 2037 451 2111 κηδεμὼν
485 2037 582 2093 καὶ
615 2036 1000 2110 φιλάνθρωπος
1039 2040 1483 2111 αὐτεπάγγελτος
1523 2041 1794 2113 ὑπέσχετο

206 2123 510 2192 βαδιεῖσθαι
564 2125 768 2189 ἐκεῖσε,
825 2125 911 2178 ἵνα
952 2124 1210 2197 ἀφορμὴν
1256 2124 1333 2197 δῷ
1375 2127 1472 2181 καὶ
1512 2127 1793 2199 πρόφασιν

200 2208 388 2279 ἐκείνῳ
423 2207 526 2279 τὴν
557 2208 761 2280 ἀρετὴν
792 2210 927 2280 ἡμῖν
953 2208 1216 2273 ἐπιδεῖξαι
1250 2208 1350 2281 τὴν
1382 2210 1600 2265 ἑαυτοῦ.
1620 2210 1794 2276 Εἰδὼς

204 2290 306 2360 γὰρ
333 2291 478 2363 άπερ
512 2291 740 2362 ἔμελλεν
781 2294 988 2356 ἐκεῖνος
1022 2294 1187 2363 ἐρεῖν,
1234 2293 1505 2364 ὑπέσχετο
1543 2311 1794 2368 παραγε-

205 2372 404 2435 νέσθαι,
459 2374 550 2427 ἵνα
584 2374 764 2446 μάθῃς
803 2374 902 2447 τὴν
928 2374 1218 2430 εὐλάϐειαν
1252 2374 1406 2449 [544]
1442 2376 1539 2431 τοῦ
1566 2377 1789 2449 ἀνδρός.

210 2450 272 2509 Τί
312 2456 420 2528 γάρ
464 2475 636 2530 φησιν
689 2460 719 2512 6
771 2458 1215 2531 ἐκατοντάρχης;
1271 2460 1486 2528 Κύριε,
1532 2462 1646 2515 οὐκ
1676 2460 1792 2531 είμί

205 2540 433 2606 ἱκανὸς,
464 2541 570 2596 ἵνα
589 2558 711 2610 μου
740 2541 861 2595 ὑπὸ
883 2541 1000 2610 τὴν
1029 2544 1257 2613 στέγην
1304 2542 1607 2612 εἰσέλθῃς.
1658 2545 1793 2598 Οὐδέ

205 2623 355 2693 ὴτῆς
390 2622 549 2676 νόσου
584 2625 680 2678 zeal
705 2624 808 2695 τῆς
853 2624 1170 2697 ἀρρωστίας
1216 2626 1433 2696 ἀνάγκη
1459 2627 1559 2697 τῆς
1588 2626 1794 2692 οἰκείας

206 2705 356 2759 αὐτὸν
386 2704 605 2760 ἔπεισεν
664 2707 1018 2762 ἐπιλαθέσθαι
1074 2708 1384 2773 εὐλαϐείας,
1439 2708 1576 2762 ἀλλά
1609 2710 1705 2763 zeal
1735 2712 1793 2763 ἐν

205 2793 265 2863 τῇ
311 2792 570 2863 συμφορᾷ
608 2791 709 2862 τὴν
743 2792 1019 2865 ὑπεροχὴν
1065 2794 1403 2863 ἑπεγίνωσκε
1450 2793 1546 2847 τοῦ
1578 2794 1788 2848 Δεσπό-

206 2892 314 2929 του.
341 2875 432 2928 Διό
456 2891 648 2946 φησιν,
680 2876 831 2929 Εἰπέ
857 2878 1043 2947 λόγῳ,
1082 2875 1184 2932 καί
1212 2876 1523 2944 ἰαθήσεται
1574 2881 1607 2932 ό
1650 2877 1794 2943 παῖς

209 2975 334 3024 μου.
365 2959 477 3023 Kal
501 2958 615 3029 γὰρ
651 2958 767 3029 ἐγὼ
793 2956 1107 3028 ἄνθρωπός
1141 2962 1261 3029 εἰμι
1296 2961 1456 3030 ἔχων
1485 2959 1588 3014 ὑπ’
1613 2961 1795 3030 ἐμαυ-

209 3041 308 3096 τὸν
356 3039 746 3113 στρατιώτας,
777 3042 879 3096 καί
932 3041 1089 3113 λέγω
1114 3044 1326 3108 τούτῳ,
1370 3044 1660 3110 Πορεύου,
1693 3042 1793 3099 καί

212 3127 533 3195 πορεύεται,
576 3125 675 3180 καί
707 3124 789 3191 τῷ
813 3124 1001 3191 ἄλλῳ,
1029 3126 1270 3195 Ἔρχου,
1297 3126 1395 3181 καί
1415 3126 1671 3194 ἔρχεται,
1695 3125 1796 3181 καί

210 3206 284 3273 τῷ
304 3208 505 3274 δούλῳ
526 3226 671 3279 μου,
696 3209 968 3277 Ποίησον
986 3208 1184 3271 τοῦτο,
1208 3207 1309 3263 καὶ
1335 3208 1510 3263 ποιεῖ.

202 3334 207 3342 .
282 3294 460 3364 Ὁρᾷς,
519 3292 604 3345 ὅτι
651 3292 732 3358 τὸ,
795 3291 1052 3363 Ποίησον,
1105 3291 1370 3345 δεσπότου
1421 3291 1558 3363 πρὸς
1586 3290 1794 3346 -δοῦλόν

212 3374 318 3429 ἐστι
345 3375 773 3445 διαλεγομένου;
810 3373 1024 3429 Οὐκοῦν
1065 3375 1148 3438 τὸ,
1182 3374 1560 3444 Ποιήσωμεν,
1604 3376 1793 3446 ὁμοτί·ο

215 3473 308 3528 μου
333 3460 499 3524 τινός.
537 3458 707 3514 Ὅταν
735 3455 828 3512 οὖν
857 3458 1125 3530 δεσπότης
1140 3458 1309 3531 δούλῳ
1341 3459 1496 3532 λέγῃ,
1523 3460 1795 3529 Ποίησον

213 3540 381 3609 λέγει·
439 3544 576 3597 ὅταν
638 3542 696 3595 δέ
772 3542 963 3615 Πατὴρ
1030 3542 1144 3614 Υἱῷ
1204 3542 1556 3614 διαλέγηται,
1619 3542 1795 3611 ﬂoui-

213 3640 420 3695 σωμεν.
444 3626 514 3681 Τί
547 3622 661 3688 οὖν,
701 3626 886 3696 φησὶν,
916 3628 964 3680 εἰ
997 3628 1026 3680 6
1058 3626 1157 3697 μὲν
1185 3626 1593 3698 ἑκατοντάρχης
1621 3626 1797 3692 οὕτως

215 3707 515 3775 ὑπώπτευε,
549 3710 610 3762 τὸ
642 3709 701 3764 66
744 3711 978 3781 πρᾶγμα
1018 3709 1117 3780 οὐχ
1159 3709 1334 3774 οὕτως
1378 3704 1528 3781 εἶχες
1574 3711 1649 3782 μὴ
1690 3709 1798 3782 γάρ

215 3789 502 3856 ἀπόστολός
549 3794 696 3846 ἐστιν
736 3794 765 3846 6
807 3791 1251 3865 ἑκατοντάρχηςς
1297 3792 1371 3865 μὴ
1402 3792 1513 3865 γὰρ
1548 3793 1800 3865 μαθητής

215 3871 369 3939 ἐστιν,
395 3875 484 3931 ἴνα
524 3875 690 3930 αὐτοῦ
734 3875 975 3945 δέξωμαι
1018 3876 1089 3928 τὰ
1146 3877 1402 3948 ρήματα;
1434 3877 1595 3941 Εἰκὸς
1633 3874 1797 3930 αὐτὸν

216 3955 492 4026 ἐσφάλθαι,
521 3958 677 4030 φησι.
702 3958 899 4023 Καλῶς
915 3973 931 3988 ·
959 3958 1013 4012 τί
1038 3953 1166 4025 οῦν;
1199 3958 1426 4030 Ἰδωμεν
1446 3954 1542 4014 οὐν
1560 3960 1623 4012 τὸ
1649 3958 1794 4029 ἑξῆς.

217 4033 354 4112 Ἀρα
394 4041 712 4114 διώρθωσεν
743 4042 905 4097 αὐτὸν
939 4044 974 4100 6
1006 4044 1281 4115 Χριστός;
1310 4040 1433 4115 ἆρα.
1467 4043 1799 4114 ἐπετίμησεν

215 4123 294 4201 ὡς⁸
311 4125 682 4197 σφαλλομένῳ·
699 4126 791 4181 καὶ
823 4126 1194 4199 διεφθαρμένα
1224 4129 1497 4197 εἰσάγοντι
1521 4128 1796 4199 δόγματα;

221 4203 321 4275 ἆρα
346 4205 466 4265 εἰπε
519 4209 657 4279 πρὸς
695 4210 892 4263 αὐτόν·
946 4211 1011 4262 Τί
1054 4210 1215 4265 τοῦτο
1255 4215 1452 4278 ποιεῖς,
1504 4211 1796 4283 ἀνθρωπε;

224 4290 434 4357 μείζονα
464 4294 593 4365 περὶ
636 4292 772 4364 ἐμοῦ
800 4292 958 4359 δόξαν
987 4294 1153 4365 ἔχεις,
1190 4294 1223 4365 ἢ
1263 4295 1540 4367 προσῆκε·
1580 4293 1803 4348 πλείονά

225 4391 308 4442 μοι
339 4375 540 4450 χαρίζῃ
572 4376 681 4430 τῶν
713 4377 1079 4450 ὀφειλομένων
1111 4379 1268 4450 ἐμοί·
1321 4379 1381 4445 ἐξ
1412 4378 1700 4441 αὐθεντίας
1734 4395 1803 4449 με

222 4458 448 4528 νομίζεις
475 4461 786 4514 ἐπιτάττειν
809 4461 911 4515 οὐκ
931 4459 1127 4533 ἔχοντα
1153 4461 1464 4516 αὐθεντίαν.
1506 4457 1656 4534 τΔρα
1678 4460 1803 4514 εἶπέ

221 4556 269 4595 τι
314 4543 588 4611 τοιοῦτον;
639 4544 937 4616 Οὐδαμῶς·
994 4545 1133 4600 ἀλλά
1164 4547 1260 4601 καὶ
1305 4545 1582 4618 ἐκύρωσεν
1635 4544 1802 4600 αὐτοῦ

222 4625 313 4696 τὴν
357 4627 605 4699 γνώμην,
657 4628 754 4681 zeal
807 4627 945 4699 πρὸς
997 4630 1126 4695 τούς
1172 4629 1606 4692 ἀκολουθοῦντας
1656 4626 1802 4695 εἶπε,

210 4708 413 4779 τἈμὴν
446 4710 604 4779 λέγω
634 4709 798 4780 ύμῖν,
835 4710 981 4766 οὐδὲ
1004 4712 1077 4767 ἐν
1103 4712 1186 4780 τῷ
1228 4712 1471 4783 Ἰσραὴλ
1496 4715 1807 4782 τοσαύτην

214 4793 423 4847 ala-ter
450 4789 654 4863 εὖρον.
702 4794 761 4848 Ὁ
792 4793 976 4850 τοίνυν
1003 4795 1224 4861 ἐπαινος
1270 4797 1365 4852 τοῦ
1395 4798 1668 4853 Δεσπότου
1707 4797 1807 4852 κύ-

217 4890 383 4945 ,ρωσις
412 4876 623 4947 γίνεται
652 4875 761 4930 τῶν
792 4878 1056 4949 ῥημάτων
1092 4879 1190 4934 τοῦ
1226 4881 1648 4953 ἑκατοντάρχου.
1691 4880 1808 4935 οὐκ

229 4955 304 5010 ἐτι
331 4959 439 5032 γὰρ
478 4960 577 5020 τοῦ
605 4961 1008 5033 ἑκατοντάρχου
1039 4964 1158 5018 ἐστὶ
1194 4964 1263 5018 τά
1297 4965 1516 5036 ῥήματα
1546 4964 1615 5018 τά
1652 4966 1805 5037 εἰρη-

233 5042 380 5111 μένα,
406 5045 520 5100 ἀλλ’
553 5044 830 5115 ἀπόφασίς
857 5048 975 5100 ἐστι
1000 5047 1294 5119 δεσποτική
1314 5065 1328 5080 ·
1358 5050 1486 5103 ὃταν
1512 5049 1621 5122 γάρ
1645 5050 1808 5114 αὐτὸς

229 5127 478 5201 ἐπαινέσῃ
503 5129 571 5184 τά
594 5128 877 5201 λεχθέντα,
907 5131 1005 5185 καὶ
1030 5131 1339 5205 ψηφίσηται
1369 5134 1554 5198 αὐτοῖς
1598 5133 1674 5198 ὡς
1710 5152 1810 5189 κα-

226 5206 686 5293 -λῶςηείρημένοις,
721 5211 798 5277 ὡς
832 5214 976 5293 θεῖον
1003 5215 1145 5270 αὐτά
1176 5216 1401 5289 δέχομαι
1434 5218 1702 5289 χρησμόν.
1735 5217 1811 5272 Τὸ

232 5292 333 5429 γὰρ
369 5295 532 5368 κῦρος
563 5294 772 5350 ἀνωθεν
802 5292 994 5351 ἐλαϐεν
1040 5300 1104 5352 ἐκ
1130 5300 1231 5373 τῆς
1268 5301 1366 5355 τοῦ
1398 5301 1637 5374 Χριστοῦ
1669 5303 1809 5357 ἀποο

234 5392 299 5429 κο
322 5395 455 5429 σεωε
486 5393 534 5429 ⁸-

234 5392 455 5448 κρισεως
486 5393 534 5437 ι.

299 5468 365 5530 γ’.
398 5464 561 5536 Ὁρᾷς
596 5462 714 5528 πῶς
742 5463 1032 5537 σύμφωνος
1058 5470 1092 5540 ἡ
1123 5469 1302 5542 Καινὴ
1327 5472 1396 5542 τῇ
1419 5469 1665 5543 Παλαιᾷς
1692 5471 1812 5536 πῶς

237 5542 463 5626 ἑκατέρα
482 5548 580 5620 τὴν
603 5547 892 5604 αὐθεντίαν
919 5551 1286 5608 ἐπιδείκνυται
1310 5555 1405 5609 τοῦ
1438 5542 1677 5626 Χριστοῦ
1699 5574 1713 5622 ;
1746 5555 1811 5608 Τί

226 5621 342 5707 οὖν,
371 5633 419 5685 εἰ
461 5635 633 5690 ἐποίει
681 5633 781 5705 μὲν
826 5634 916 5690 τὸν
958 5635 1268 5708 ἄνθρωπον,
1310 5637 1386 5702 ὡς
1437 5621 1710 5711 ὑπουργὸς
1754 5639 1812 5694 66

296 5790 488 5867 "riﬁavil.
508 5797 601 5867 τοῦ
625 5800 1064 5867 Κυρίου-κρίσεωςι
1089 5808 1252 5867 atque;
1287 5803 1353 5861 ila
1379 5802 1506 5865 legit
1540 5806 1792 5867 ingerpres

424 5865 475 5933 ιιι
493 5862 592 5911 duo
613 5854 729 5933 φασξ.
755 5854 1395 5933 106_Xp¢a166&a6xpiaéaz;,
1408 5854 1507 5914 lilio
1526 5861 1611 5914 τοῦ
1633 5854 1809 5933 Κῦρίου

243 5920 401 5976 “01?;
422 5932 543 5973 unus
574 5922 661 5973 τοῦ
687 5923 812 5973 Θεοῦ
834 5920 1007 5989 ἀποκρ.

1429 338 1706 396 CONTRA
1745 341 2128 403 ANOMOEOS.
2164 347 2204 401 Χ
2217 347 2260 403 1.

3391 343 3499 406 800

1895 456 2109 527 ἐποίεις
2170 459 2381 514 Οὐκοῦν
2429 458 2661 532 ἀκαίρου
2713 457 3065 531 φιλονεικίας.
3122 456 3308 514 Εἰπὼν
3359 460 3495 534 γὰρ,

1895 540 2252 611 Ποιήσωμεν
2278 542 2386 597 τὸν
2414 541 2755 611 ἄνθρωπον,
2794 543 2895 596 οὐκ
2923 542 3195 613 ἐπήγαγε,
3224 540 3366 596 κατά
3393 542 3495 615 τὴν

1895 623 2079 678 εἰκόνα
2109 625 2209 697 τὴν
2249 626 2348 698 σὴν
2387 625 2486 696 τὴν
2530 626 2759 689 ἐλάττω,
2805 625 2949 689 οὐδὲ,
2985 625 3127 679 κατὰ
3161 624 3261 695 τὴν
3310 626 3495 679 εἰκόνα

1893 705 1992 779 τὴν
2021 708 2161 780 ἐμὴν
2187 708 2287 781 τὴν
2337 710 2532 781 μείζω,
2566 710 2702 764 ἀλλά
2735 709 2823 775 τί;
2872 708 3014 763 Κατ’
3043 709 3250 763 εἰκόνα
3282 708 3495 777 ἡμετέ-

1886 808 2028 859 ραν,
2080 793 2181 848 καί
2230 795 2359 848 καθ’
2393 794 2705 864 ὁμοίωσιν,
2751 792 2830 864 τῷ
2870 791 3043 855 οὕτως
3072 793 3248 845 εἰπεῖν
3276 791 3496 853 δεικνὺς

1896 876 2108 948 Πατρὸς
2136 877 2230 931 zeal
2271 877 2405 931 Υίοῦ
2454 876 2583 949 μίαν
2622 873 2790 930 οὖσαν
2832 876 3048 930 εἰκόνα·
3080 876 3142 928 οὐ
3185 874 3298 946 γάρ
3340 871 3497 929 εἶπεν

1898 960 2133 1026 εἰκόνας,
2179 961 2294 1015 ἀλλ’
2319 963 2545 1016 Εἰκόνα
2583 961 2917 1032 ἡμετέραν·
2959 960 3032 1014 οὐ.
3057 958 3169 1031 γάρ
3209 956 3302 1011 δύο
3351 961 3495 1020 τινὲς

1895 1041 2196 1110 ἀνώμαλοι,
2227 1043 2364 1097 ἀλλά
2411 1043 2509 1114 μία
2540 1045 2635 1098 καὶ
2668 1042 2805 1113 αὕτη
2839 1043 2928 1114 ἴση
2975 1040 3110 1096 Υίοῦ
3155 1041 3251 1095 zeal
3279 1040 3495 1112 Πατρὸς

1895 1126 1930 1197 ἡ
1964 1125 2149 1179 εἰκών.
2184 1125 2285 1180 Διά
2307 1125 2471 1180 τοῦτο
2515 1126 2611 1180 zeal
2636 1127 2701 1179 ἐκ
2729 1124 2918 1190 δεξιῶν
2945 1124 3165 1195 λέγεται
3198 1122 3491 1195 καθῆσθαι,

1897 1209 1984 1262 ἵνα
2010 1209 2073 1263 τὸ
2116 1210 2378 1282 ὁμότιμον
2423 1211 2518 1265 zeal
2549 1210 2652 1281 τῆς
2682 1208 2930 1275 ἐξουσίας
2968 1209 3030 1262 τὸ
3073 1206 3493 1279 ἀπαράλλακτον

1899 1291 2117 1364 μάθῃς·
2170 1293 2443 1365 ὑπουργὸς
2487 1291 2598 1364 γὰρ
2642 1294 2704 1347 οὐ
2755 1290 3120 1362 συγκάθηται,
3171 1290 3308 1345 ἀλλά
3349 1308 3493 1362 παρ-

1895 1374 2116 1446 έστηκε.
2166 1377 2277 1430 Καὶ
2303 1377 2384 1431 ὅτι
2421 1376 2482 1431 16
2513 1376 2611 1447 μὲν
2656 1375 2933 1445 καθῆσθαι
2978 1374 3040 1427 τὸ
3087 1374 3350 1445 ὁμότιμον
3398 1366 3517 1427 καί

1895 1457 2316 1530 ἀπαράλλακτον
2340 1460 2438 1530 τῆς
2466 1458 2795 1530 δεσποτικῆς
2823 1460 2970 1512 ἐστιν
2996 1456 3264 1521 ἐξουσίας,
3291 1457 3354 1509 τὸ
3384 1456 3443 1510 δέ
3464 1456 3491 1495 b

1896 1541 2235 1612 παρεστάναι
2265 1540 2521 1612 δουλικῆς
2561 1542 2658 1596 zeal
2690 1540 3162 1611 ὑποτεταγμένης,
3188 1541 3419 1594 ἄκουσον
3440 1538 3493 1592 τί

1896 1642 2062 1696 φησιν
2102 1626 2131 1679 6
2159 1625 2362 1697 Δανιήλ
2383 1641 2397 1656 ·
2445 1624 2778 1693 Ἐθεώρουν
2813 1623 2926 1689 ἕως
2950 1619 3022 1679 οὗ
3056 1624 3258 1692 θρόνοι
3288 1623 3493 1691 ἐτέθη-

1896 1724 2037 1772 σαν,
2066 1707 2169 1761 καί
2198 1710 2232 1761 ό
2254 1706 2523 1774 Παλαιὸς
2551 1707 2672 1761 τῶν
2697 1705 2939 1776 ἡμερῶν
2968 1706 3246 1774 ἐκάθητο.
3275 1707 3493 1773 Μύριιιι

1889 1790 2180 1860 μυριάδες
2204 1791 2630 1861 ἐλειτούργουν
2655 1789 2841 1856 αὐτῷ,
2872 1789 2974 1843 καί
3001 1790 3189 1858 χίλιαι
3219 1788 3493 1857 χιλιάδες

1895 1874 2411 1943 παρειστήκεισαν
2439 1873 2621 1941 αὐτῷ.
2654 1875 2765 1929 Kal
2793 1874 2957 1929 πάλιν
3004 1875 3035 1927 6
3088 1874 3315 1936 Ἡσαΐας
3340 1889 3355 1904 ·
3400 1867 3494 1926 Εἷ-

1894 1958 2005 2012 δον
2052 1958 2159 2012 τὸν
2204 1959 2427 2027 Κύριον
2467 1956 2809 2028 καθήμενον
2858 1956 2959 2011 ἐπὶ
2990 1957 3208 2026 θρόνου
3242 1953 3491 2024 ὑψηλοῦ

1895 2041 1993 2096 καί
2027 2041 2388 2110 ἐπηρμένου,
2417 2041 2613 2096 καὶτὰ
2632 2040 2895 2110 σεραφίμ
2924 2040 3316 2108 είστήκεισαν
3334 2036 3489 2110 [545]

1894 2125 2098 2190 κύκλῳ
2120 2125 2331 2180 αὐτοῦ.
2362 2124 2474 2179 Kal
2497 2125 2527 2178 6
2553 2124 2795 2196 Μιχαίας
2823 2124 2902 2188 66,
2924 2119 3105 2178 Εἶδον
3131 2121 3241 2177 τὸν
3269 2121 3494 2190 Κύριον

1896 2206 2003 2261 τὸν
2030 2207 2182 2261 Θεὸν
2212 2206 2320 2262 τοῦ
2363 2205 2605 2276 Ἰσραὴλ
2632 2206 2976 2276 καθήμενον
3011 2206 3112 2261 ἐπὶ
3139 2206 3359 2274 θρόνου
3386 2206 3495 2258 αὐ-

1894 2288 2024 2361 τοῦ,
2048 2289 2147 2344 καί
2170 2289 2343 2345 πᾶσα
2374 2289 2412 2356 ή
2438 2290 2691 2359 στρατιὰ
2722 2290 2827 2344 τοῦ
2851 2289 3115 2358 οὐρανοῦ
3136 2286 3402 2355 εἱστήκει
3421 2287 3492 2340 ἐκ

1894 2370 2111 2439 δεξιῶν
2136 2372 2324 2428 αὑτοῦ
2352 2373 2452 2427 καί
2477 2373 2547 2438 ἐξ
2572 2373 2906 2442 ἀριστερῶν
2924 2372 3134 2427 αὐτοῦ.
3171 2373 3334 2444 Ὁρᾷς
3356 2388 3497 2425 παν-

1893 2456 2063 2526 ταχοῦ
2113 2455 2212 2518 τὰς
2246 2455 2346 2527 μὲν
2392 2455 2505 2510 ἄνω
2545 2455 2805 2527 δυνάμεις
2840 2453 3276 2527 παρεστηκυίας,
3327 2452 3492 2507 αὐτὸν

1894 2538 1952 2591 δὲ
1980 2538 2313 2611 καθήμενον.
2347 2539 2517 2592 Ὅταν
2558 2534 2653 2592 οὖν
2697 2539 2814 2611 ῐδῃς
2859 2539 2956 2592 zeal
3000 2541 3092 2591 τὸν
3137 2537 3264 2590 Υἱὸν
3293 2537 3393 2608 τὴν
3426 2537 3495 2590 ἐκ

1895 2622 2319 2695 δεξιῶνέχοντα
2351 2623 2647 2695 καθέδραν,
2701 2624 2776 2695 μὴ
2825 2622 2927 2693 τῆς
2975 2621 3354 2692 λειτουργικῆς
3398 2621 3496 2674 καὶ

1897 2707 2239 2779 ὐπουργικῆς
2290 2705 2459 2761 αὐτὸν
2511 2705 2652 2761 εἶναι
2701 2706 2933 2779 νομίσῃς
2980 2704 3158 2770 ἀξίας,
3208 2703 3347 2758 ἀλλά
3391 2703 3495 2787 τῆς

1895 2790 2225 2861 δεσποτικῆς
2262 2791 2356 2843 καὶ
2407 2789 2698 2845 αὐθεντίαν
2747 2788 3003 2860 ἐχούσης.
3056 2787 3158 2842 Διά
3202 2787 3362 2841 τοῦτο
3398 2787 3525 2841 zeal-

1895 2873 2110 2939 Παῦλος
2136 2873 2425 2946 ἀμφότερα
2457 2873 2635 2928 ταῦτα
2669 2871 2849 2937 εἰδὼς,
2884 2873 2966 2926 ὅτι
2999 2871 3060 2926 16
3092 2872 3191 2943 μὲν
3217 2871 3499 2942 παρεστά-

1897 2976 1987 3013 ναι
2018 2958 2480 3031 λειτουργούντων
2531 2957 2670 3020 ἐστὶ,
2703 2957 2766 3009 τὸ
2801 2957 2859 3010 66
2901 2956 3174 3026 καθῆσθαι
3225 2955 3336 3008 τῶν
3370 2957 3495 3007 ἑπι-

1899 3042 2206 3095 ταττόντων
2254 3041 2351 3094 καὶ
2397 3039 2869 3112 προσταττόντων,
2903 3040 3006 3112 ὃρα
3047 3038 3165 3111 πῶς
3200 3036 3493 3107 ἀμφότερα

1895 3124 2071 3179 ταῦτα
2091 3126 2296 3197 διαιρεῖ
2313 3126 2490 3194 λέγων
2511 3123 2653 3177 οὕτω
2672 3140 2685 3154 ·
2708 3122 2867 3193 Πρὸς
2880 3123 3000 3192 μὲν
3026 3122 3170 3187 τοὺς
3198 3119 3495 3191 ἀγγέλους

1896 3206 2085 3263 αὐτοῦ
2130 3223 2352 3279 φησιν·
2417 3207 2478 3261 Ὀ
2535 3206 2725 3261 ποιῶν
2770 3205 2915 3272 τοὺς
2960 3204 3256 3274 ἀγγέλους
3306 3201 3495 3257 αὐτοῦ

1897 3292 2231 3361 πνεύματα,
2289 3292 2389 3347 καί
2439 3292 2587 3358 τοὺς
2631 3287 3021 3360 λειτουργοὺς
3064 3286 3254 3342 αὐτοῦ
3303 3284 3496 3354 πυρός

1898 3374 2097 3446 φλόγα
2117 3392 2130 3406 ·
2154 3375 2307 3444 πρὸς
2327 3375 2395 3429 δὲ
2423 3376 2531 3429 τὸν
2571 3375 2710 3428 Υίόν
2727 3388 2741 3404 ·
2785 3373 2838 3425 '0
2860 3373 3074 3440 θρόνος
3106 3385 3244 3435 σου,
3276 3372 3308 3424 ό
3326 3367 3493 3435 Θεὸς,

1898 3460 1986 3524 εἰς
2027 3458 2138 3513 τὸν
2186 3458 2376 3514 αἰῶνα
2428 3458 2535 3513 τοῦ
2576 3457 2830 3523 αἰῶνος·
2868 3455 2962 3510 διὰ
3006 3454 3101 3507 τοῦ
3154 3452 3345 3524 θρόνου
3394 3451 3497 3523 τὴν

1902 3541 2187 3615 βασιλικὴν
2208 3544 2341 3614 ἡμῖν
2368 3540 2615 3607 ἐξουσίαν
2632 3540 2831 3612 δηλῶν.
2865 3540 3021 3594 Ἐπεὶ
3051 3534 3145 3593 οὖν
3164 3537 3254 3591 διὰ
3276 3535 3496 3590 πάντων

1898 3627 1927 3679 6
1971 3625 2129 3695 λόγος
2180 3627 2316 3697 ἡμῖν
2362 3626 2569 3679 τούτων
2620 3624 2904 3689 ἀπέδειξεν
2950 3621 3073 3693 οὐχὶ
3117 3617 3498 3690 λειτουργικῆς

1899 3710 2029 3765 ὄντα
2050 3709 2206 3774 ἀξίας
2225 3710 2316 3765 τὸν
2348 3710 2498 3772 Υἱὸν,
2523 3708 2660 3763 ἀλλὰ
2693 3709 2792 3780 τῆς
2822 3705 3173 3776 δεσποτικῆς.
3198 3704 3273 3767 ὡς
3293 3704 3499 3757 Δεσπό·

1899 3808 2020 3864 την,
2054 3792 2215 3846 αὐτὸν
2259 3791 2659 3865 προσκυνῶμεν
2712 3792 2809 3845 zeal
2855 3792 3117 3862 ὁμότιμον
3154 3787 3233 3858 τῷ
3282 3783 3493 3857 Πατρί·

1900 3874 2044 3928 οὕτω
2073 3877 2181 3945 γάρ
2211 3877 2307 3930 zeal
2336 3875 2500 3940 αὐτὸς
2534 3874 2825 3928 ἐκέλευσεν
2869 3871 3064 3938 εἰπὼν,
3098 3872 3233 3925 Ἵνα
3272 3870 3498 3935 πάντες

1901 3957 2115 4030 τιμῶσι
2147 3959 2257 4013 τὸν
2298 3961 2458 4024 Υἱὸν,
2484 3957 2678 4024 καθὼς
2708 3956 2922 4028 τιμῶσι
2960 3955 3068 4011 τόν
3098 3955 3332 4023 Πατέρα
3351 3972 3363 3985 ·
3401 3953 3498 4007 zeal

1903 4042 2004 4113 τὴν
2045 4042 2133 4096 διὰ
2170 4041 2272 4112 τῆς
2301 4041 2577 4106 πολιτείας
2611 4041 2708 4095 zeal
2736 4040 2845 4095 τῶν
2879 4039 3058 4112 ἔργων
3097 4036 3386 4113 ἀκρίϐειαν
3422 4037 3493 4106 τῇ

1902 4127 2010 4180 τῶν
2062 4114 2351 4195 δογμάτων
2401 4123 2658 4198 ὀρθότητι
2708 4123 3103 4192 συνάπτωμεν,
3158 4120 3247 4174 ἵνα
3310 4119 3386 4191 μὴ
3436 4118 3499 4183 ἑξ

1904 4211 2162 4284 ἡμισείας
2202 4211 2334 4281 ἡμῖν
2364 4209 2431 4262 τὰ
2456 4209 2555 4280 τῆς
2592 4206 2869 4279 σωτηρίας
3330 4216 3337 4223 ·

1977 4291 2264 4355 Πολιτείας
2285 4292 2342 4344 δέ
2368 4291 2659 4362 ἀκρίϐειαν
2688 4290 2783 4344 zeal
2815 4289 2932 4361 βίου
2964 4286 3318 4359 καθαρότητα
3344 4284 3498 4339 οὐδὲν

1903 4375 2047 4431 οὔτω
2070 4373 2297 4431 δύναται
2328 4374 2653 4446 κατορθοῦν,
2683 4374 2760 4438 ὼς
2787 4375 2820 4446 ἡ
2859 4370 3093 4444 συνεχὴς
3124 4369 3361 4426 ἐνταῦθα
3382 4369 3501 4423 διο.-

1905 4458 2067 4533 τριϐὴ
2115 4460 2210 4514 καὶ
2240 4461 2274 4530 ἡ
2313 4459 2452 4530 μετά
2486 4457 2801 4530 προθυμίας
2836 4455 3121 4528 ἀκρόασις.
3176 4455 3355 4526 Ὅπερ
3387 4452 3500 4525 γάρ

1905 4545 2054 4598 ἐστιν
2092 4545 2186 4596 ἐπὶ
2217 4543 2313 4597 τοῦ
2353 4540 2607 4614 σώματος
2643 4544 2677 4614 ἡ
2708 4542 2906 4615 τροφὴ,
2949 4539 3109 4595 τοῦτο
3136 4541 3229 4594 ἐπὶ
3265 4539 3364 4611 τῆς
3391 4538 3500 4609 ψυ-

1906 4626 2009 4699 Χῆς
2043 4629 2078 4699 ή
2134 4626 2244 4682 τῶν
2283 4626 2442 4680 θείων
2483 4624 2684 4694 λογίων
2718 4624 3065 4680 διδασκαλία.
3117 4626 3202 4679 Οὐ
3253 4624 3364 4694 γὰρ
3405 4621 3500 4676 ἐπ’

1908 4711 2066 4782 ἄρτῳ
2105 4711 2272 4783 μόνῳ
2322 4708 2564 4778 ζήσεται
2611 4708 2948 4777 ἄνθρωπος,
2982 4709 3170 4780 φησὶν,
3224 4707 3363 4762 ἀλλ’
3401 4705 3503 4760 ἐπὶ

1908 4795 2089 4851 παντί
2117 4795 2336 4865 ῥήματι
2371 4793 2828 4862 ἐκπορευομένῳ
2870 4792 2969 4847 διὰ
2988 4795 3297 4865 στόματος
3329 4789 3500 4844 Θεοῦ.

1907 4878 2009 4933 Διά
2040 4864 2202 4934 τοῦτο
2227 4879 2324 4933 καὶ
2347 4877 2505 4949 λιμὸν
2530 4873 2670 4931 οἶδεν
2693 4864 3021 4947 ἐργάζεσθᾶι
3046 4876 3108 4930 16
3145 4878 3220 4948 μὴ
3252 4875 3503 4948 μετέχειν

1908 4962 2163 5034 τοιαύτης
2206 4960 2510 5033 τραπέζης.
2550 4961 2816 5014 ’Ἄκουσον
2863 4958 2996 5029 γοῦν
3024 4958 3119 5013 τοῦ
3166 4958 3302 5013 Θεοῦ
3344 4956 3504 5013 τοῦτο

1910 5045 2283 5109 ἀπειλοῦντος,
2317 5045 2414 5099 καὶ
2460 5047 2518 5098 ἐν
2548 5042 2702 5109 τάξει
2748 5042 3028 5108 κολάσεως
3078 5043 3175 5097 zeal
3229 5040 3505 5114 τιμωρίας

1911 5129 2400 5200 ἐπανατεινομένου
2419 5142 2434 5157 ⁸
2479 5126 2659 5181 Δώσω
2689 5127 2802 5197 γὰρ
2829 5126 3057 5193 αὐτοῖς,
3089 5125 3276 5198 φησὶν,
3310 5127 3384 5179 οὐ
3415 5128 3507 5179 λι·-

1906 5212 2028 5285 μὸν
2057 5211 2263 5281 ἄρτου,
2297 5208 2441 5266 οὐδὲ
2481 5208 2674 5279 δίψαν
2701 5208 2945 5276 ὓδατος,
2976 5210 3142 5265 ἀλλὰ
3181 5209 3365 5279 λιμὸν
3396 5208 3507 5263 τοῦ

1911 5296 2173 5353 ἀκοῦσαι
2213 5296 2402 5364 λόγον
2432 5294 2677 5362 Κυρίου.
2722 5291 2847 5357 Πῶς
2876 5289 2969 5349 οὖν
3000 5294 3100 5347 οὐκ
3132 5293 3332 5348 ἀτοπον
3364 5292 3509 5360 ὑπὲρ

1917 5381 2017 5452 μὲν
2057 5378 2148 5433 τοῦ
2182 5378 2276 5431 τὸν
2299 5380 2615 5449 σωματικὸν
2644 5376 2802 5448 λιμὸν
2831 5375 3282 5448 ἀποκρούσασθαι
3330 5376 3510 5428 πάντα

1914 5465 2088 5518 ποιεῖν
2118 5462 2213 5516 zeal
2244 5460 2755 5532 πραγματεύεσθαι,
2790 5460 2883 5514 τὸν
2913 5460 2971 5513 66
3001 5460 3102 5531 τῆς
3142 5459 3322 5531 ψυχῆς
3354 5457 3509 5511 ἑκόν-

1912 5564 2013 5612 τας
2056 5542 2420 5608 ἐπισπᾶσθαι,
2471 5543 2651 5597 καίτοι
2698 5542 2880 5615 πολλῷ
2929 5541 3311 5614 χαλεπώτερον
3356 5541 3506 5604 ὅντα,

1912 5631 2024 5703 ὅσῳ
2064 5627 2326 5700 καὶπερὶ
2375 5627 2638 5698 μειζόνων
2686 5629 2722 5698 ἡ
2756 5625 2970 5700 ζημίας
3024 5627 3140 5697 Μὴ,
3190 5625 3382 5697 δέομαι
3413 5626 3511 5679 zeal

1915 5711 2199 5777 ἀντιϐολῶ,
2242 5711 2318 5783 μὴ
2355 5710 2544 5775 κακῶς
2580 5708 2724 5764 οὐτω
2765 5709 2896 5781 περὶ
2943 5710 3156 5765 ἐαυτῶν
3208 5707 3512 5782 βουλευσώ-

1920 5792 2084 5870 μεθα,
2122 5794 2256 5851 ἀλλά
2283 5794 2464 5866 πάσης
2490 5794 2748 5867 ἀσχολίας
2774 5794 2871 5850 zeal
2900 5794 3187 5873 φροντίδος
3214 5795 3248 5866 ἡ
3275 5792 3511 5852 ἐνταῦθα

1892 5968 1899 5972 .
1981 5928 2009 5971 δ
2034 5927 2135 5978 Alii
2165 5925 2417 5989 καθῆσθαι,
2439 5923 2722 5984 δεσποτικῆς
2746 5921 2978 5987 ἐξουσίας,
3011 5921 3067 5971 τὸ
3086 5921 3153 5973 δέ.
