3918 6356
461 338 559 398 801

450 453 809 524 προτιμάσθω
847 456 1119 529 διατριϐή.
1159 459 1225 512 Τί
1271 457 1381 529 γὰρ
1410 455 1665 510 τοσοῦτον
1707 455 2030 528 κερδαίνεις,

448 537 570 590 είπέ
615 555 729 609 μοι,
763 540 864 610 τῆς
895 543 1168 606 συνάξεως
1201 540 1734 612 ἀπολιμπανόμενος,
1783 541 1907 594 ὅσον
1938 538 2035 610 ζη-

451 623 597 690 μιοῖς
637 622 730 674 καὶ
779 625 976 676 σαυτὸν
1023 627 1115 679 καὶ
1162 625 1259 696 τὴν
1306 625 1483 678 οἰκίαν
1516 625 1734 689 πᾶσαν;
1770 623 1890 677 Κᾶν
1925 624 2035 695 γὰρ

450 704 720 777 θησαυρὸν
756 706 923 778 εὐρῃς
951 708 1241 779 ὀλόκληρον
1270 707 1494 779 χρυσίου
1522 707 1782 778 γέμοντα,
1829 709 1923 762 καὶ
1947 707 2035 761 διά

448 788 634 841 τοῦτον
658 789 1011 862 ἀπολειφθῖκ,
1046 785 1268 862 μείζονα
1301 789 1638 861 ἐζημιώθης,
1668 789 1766 844 καὶ
1791 790 2034 861 τοσούτῳ

451 870 697 939 μείζονα,
730 874 840 944 ὅσῳ
873 873 982 926 τῶν
1011 874 1284 946 αἰσθητῶν
1315 875 1382 928 τὰ
1428 873 1772 944 πνευματικὰ
1800 873 2030 944 ἀμείνω.

461 952 676 1008 Ἐκεῖνα
717 953 817 1025 μὲν
843 955 952 1027 γὰρ
987 956 1088 1009 κᾶν
1122 956 1294 1010 πολλά
1323 953 1380 1029 ᾗ,
1428 958 1533 1010 κᾶν
1578 957 1843 1011 πάντοθεν
1877 959 2035 1028 ἐπιρ-

451 1037 572 1106 ῥέῃ,
614 1037 730 1089 ἀλλ’
760 1037 819 1090 οὐ
863 1040 1233 1110 συναποδημεῖ
1262 1040 1398 1111 πρὸς
1438 1041 1538 1110 τὴν
1565 1041 1683 1093 ἐκεῖ
1710 1041 1878 1110 ζωὴν,
1913 1039 2034 1092 οὐδὲ

449 1118 886 1188 συμμεθίσταται
930 1123 1064 1190 ἡμῖν
1113 1123 1248 1194 πρὸς
1293 1122 1384 1176 τὸν
1425 1123 1674 1194 οὐρανὸν,
1710 1122 1832 1176 οὐδὲ
1873 1121 1966 1175 ἐπὶ
2005 1134 2032 1163 ιι

447 1199 540 1252 τοῦ
571 1201 816 1271 βήματος
845 1206 1176 1275 παρίσταται
1207 1207 1301 1260 τοῦ
1329 1206 1586 1277 φοϐεροῦ,
1615 1206 1751 1260 ἀλλά
1775 1205 2034 1270 πολλάκις

447 1281 542 1335 καὶ
579 1285 684 1355 πρὸ
717 1287 815 1356 τῆς
841 1289 1100 1359 τελευτῆς
1130 1291 1278 1360 ἡμᾶς
1307 1290 1680 1344 καταλιπόντα
1707 1289 1948 1360 οἴχεται·
1982 1291 2031 1342 εί

446 1365 502 1418 δὲ
537 1367 629 1420 καὶ
663 1369 1053 1440 παραμείνειεν
1095 1374 1255 1444 μέχρι
1290 1373 1501 1436 τέλους,
1536 1373 1651 1428 ἀλλ’
1681 1374 1784 1426 ὐπὸ
1819 1375 1918 1444 τῆς
1946 1391 2034 1427 τε-

447 1449 641 1519 λευτῆς
673 1449 1024 1506 διακόπτεται
1074 1455 1310 1518 πάντως.
1355 1455 1413 1508 Ὀ
1443 1455 1500 1508 δὲ
1528 1457 1900 1526 πνευματικὸς
1931 1455 2028 1526 θη-

450 1533 650 1603 σαυρὸς
686 1537 1047 1608 ἀναφαίρετόν
1081 1540 1195 1591 ἐστι
1229 1539 1433 1609 κτῆμα,
1485 1539 1579 1592 xal
1609 1540 1887 1610 πανταχοῦ
1937 1539 2033 1609 βα-

447 1613 682 1678 δίζουσιν
720 1617 851 1687 ήμῖν
898 1619 993 1672 xal
1031 1621 1401 1691 ἀποδημοῦσιν
1443 1622 1654 1676 ἕπεται.
1689 1623 1784 1675 καὶ
1832 1623 2032 1693 πολλὴν

448 1696 543 1749 ἐπὶ
586 1697 680 1749 τοῦ
729 1698 972 1770 βήματος
1035 1703 1245 1756 ἐκείνου
1293 1703 1507 1756 δίδωσιν
1554 1705 1689 1776 ἡμῖν
1737 1704 1832 1777 τῆν
1884 1709 2030 1778 παρ-

449 1779 666 1848 ῥησίαν.

523 1859 672 1934 [546]
709 1861 773 1915 δ.
816 1863 880 1915 Εί
915 1864 972 1917 δὲ
999 1865 1108 1918 ἀπὸ
1133 1865 1244 1919 τῶν
1282 1867 1460 1922 ἄλλων
1485 1868 1759 1934 συνάξεων
1781 1870 2032 1924 τοσοῦτον

446 1945 508 1996 τὸ
536 1945 748 2016 κέρδος,
777 1945 885 1998 ἀπὺ
917 1946 1026 2000 τῶν
1063 1947 1298 2001 ἐνταῦθα
1331 1950 1602 2016 συνάξεων
1627 1952 1845 2007 διπλοῦν
1875 1953 2033 2008 τοῦτο

447 2028 679 2094 γίνεται.
727 2027 802 2080 Οὐ
845 2030 954 2099 γὰρ
985 2030 1048 2100 δὴ
1097 2031 1256 2084 τοῦτο
1305 2033 1664 2106 καρπούμεθα
1720 2036 1900 2107 μόνον,
1947 2037 2033 2089 ὅτι

442 2111 546 2178 τὴν
589 2110 769 2181 ψυχὴν
831 2115 943 2174 τοῖς
996 2112 1161 2176 θείοις
1212 2114 1392 2182 λόγοις
1443 2116 1717 2188 ἀρδομεν,
1772 2119 1888 2171 ἀλλ’
1950 2121 2032 2174 ὅτι

448 2191 648 2264 πολλὴν
680 2194 776 2263 μὲν
804 2193 912 2246 τῶν
940 2195 1149 2266 ἐχθρῶν
1183 2199 1693 2271 κατασκεδάννυμεν
1717 2202 1814 2273 τὴν
1845 2203 2034 2274 αἰσχύ-

446 2292 565 2346 νην,
603 2275 803 2347 πολλὴν
849 2275 906 2329 δὲ
950 2281 1063 2340 τοῖς
1093 2278 1342 2349 ἀδελφοῖς
1391 2285 1505 2346 τοῖς
1551 2285 1842 2355 ἡμετέροις
1891 2305 2033 2360 παρ-

444 2358 644 2429 έχομεν
678 2360 776 2430 τὴν
816 2360 1179 2431 παράκλησιν.
1215 2363 1385 2418 Τοῦτο
1415 2364 1524 2436 γάρ
1552 2368 1650 2437 τῆς
1673 2358 2032 2439 παρατάξεως

441 2441 506 2494 τὸ
539 2442 726 2514 κέρδος
773 2443 909 2504 ἐστὶ,
941 2444 1001 2496 τὸ
1033 2446 1284 2500 σπεύδειν
1331 2448 1424 2502 ἐπὶ
1459 2449 1522 2503 τὸ
1561 2451 1757 2504 πονοῦν
1790 2453 1882 2506 τοῦ
1935 2471 2032 2507 πο-

442 2523 609 2593 λέμου
658 2524 844 2595 μέρος,
896 2527 960 2579 τὸ
1005 2526 1250 2582 κινδύνου
1299 2531 1490 2601 γέμον.
1535 2533 1738 2605 Διόπερ
1783 2535 2031 2599 ἅπαντας

441 2607 677 2660 ἐνταῦθα
705 2608 1017 2680 συντρέχειν
1047 2611 1147 2678 δεῖ,
1178 2615 1273 2667 καὶ
1295 2616 1422 2678 τοὺς
1453 2616 1746 2688 πολεμίους
1773 2619 2027 2684 ἐπιόντας

441 2689 866 2773 ἀποκρούεσθαι.
897 2693 972 2745 Οὐ
1005 2693 1232 2749 δύνασαι
1265 2701 1581 2753 κατατεῖναι
1605 2701 1762 2769 λόγον
1797 2703 2026 2773 μακρὸν,

438 2772 562 2826 οὐδὲ
582 2773 726 2844 ἔχεις
753 2774 1137 2846 διδασκαλίανς
1168 2783 1470 2853 παραγίνου
1508 2785 1690 2854 μόνον,
1712 2787 1807 2840 xal
1829 2787 1891 2840 τὸ
1915 2772 2029 2841 πᾶν

441 2857 797 2942 ἀπετέλεσας.
829 2859 934 2912 Τοῦ
963 2859 1072 2933 γὰρ
1108 2863 1362 2934 σώματος
1391 2869 1424 2938 ή
1450 2869 1716 2938 παρουσία
1745 2870 2029 2942 προσθήκη

440 2939 538 3011 τῆς
564 2941 800 3012 ποίμνης
827 2943 1056 3011 γίνεται,
1079 2947 1175 2998 καὶ
1207 2948 1407 3020 πολλὴν
1426 2953 1541 3014 τοῖς
1565 2939 1812 3021 ἀδελφοῖς
1839 2939 2028 3007 σουδίέ

438 3023 572 3110 δωσι
599 3026 698 3096 τὴν
723 3027 1053 3110 προθυμίαν,
1083 3031 1174 3084 καὶ
1205 3034 1318 3098 τοῖς
1347 3034 1559 3106 ἐχθροῖς
1595 3055 1687 3089 σου
1711 3039 2026 3110 περιϐάλλει

438 3106 538 3194 τὴν
585 3108 868 3194 αἰσχύνην.
911 3113 1009 3165 ’Λν
1046 3115 1145 3184 μὲν
1191 3117 1300 3188 γὰρ
1347 3118 1545 3182 ἐπιϐάς
1591 3137 1676 3184 τις
1717 3106 1825 3176 τῶν
1863 3123 2025 3194 ίερῶν

437 3189 644 3278 τούτων
689 3193 978 3278 προθύρων
1015 3198 1230 3268 ὀλίγους
1279 3200 1362 3273 ίδῃ
1394 3204 1520 3267 τοὺς
1553 3189 2021 3278 συνειλεγμένους,

439 3275 536 3330 καὶ
581 3277 751 3350 αὐτὴν
792 3279 892 3350 τὴν
921 3277 1089 3336 οὖσαν
1129 3285 1524 3342 κατασϐέννυσι
1556 3275 1888 3361 προθυμίαν,
1931 3294 2025 3346 xal

437 3361 617 3430 ναρκᾷ
665 3363 760 3414 καὶ
806 3363 1094 3442 ἀναδύεται
1140 3366 1236 3420 καὶ
1287 3367 1645 3442 ὀκνηρότερος
1676 3373 1886 3442 γίνεται
1929 3380 2025 3432 καὶ

437 3443 748 3530 ἀναχωρεῖ·
803 3441 904 3530 είθ’
956 3447 1099 3530 οὕτω
1148 3449 1288 3503 κατά
1350 3441 1562 3524 μικρὸν
1590 3441 1736 3510 ἅπαν
1785 3462 1918 3530 ήμίν
1964 3464 2024 3516 τὸ

439 3523 646 3610 πλῆθος
685 3528 1010 3600 χαυνότερόν
1043 3532 1160 3585 ἐστι
1198 3531 1225 3571 δ
1257 3536 1352 3588 καὶ
1397 3523 1788 3610 ῥαθυμότερον.
1807 3523 1937 3597 ..Ἂν
1967 3545 2024 3599 δέ

439 3607 526 3700 ίδῃ
575 3611 987 3700 συντρέχοντας,
1021 3607 1462 3700 σπουδάζοντας,
1511 3607 1847 3694 πανταχόθεν
1895 3630 2024 3700 συρ-

439 3691 692 3786 ῥέοντας,
733 3697 783 3786 ιή
843 3695 954 3750 τῶν
1011 3697 1188 3752 ἄλλων
1245 3703 1450 3786 σπουδὴ
1517 3706 1611 3759 καὶ
1669 3691 1747 3780 τῷ
1817 3691 2023 3786 σφόδρα

436 3775 633 3863 ἕωθρῶ
661 3778 756 3863 καί
803 3782 1120 3852 παρειμένῳ
1150 3784 1460 3855 προθυμίας
1500 3775 1764 3856 ὑπόθεσις
1788 3775 2018 3863 γίνετάι.

438 3856 502 3911 El
533 3858 644 3931 γὰρ
674 3859 821 3925 λίθος
861 3863 998 3933 πρὸς
1025 3863 1172 3918 λίθον
1205 3867 1524 3939 τριϐόμενος
1568 3856 1828 3939 πολλάκις
1867 3895 2022 3933 σπιν-

435 3940 613 4012 θῆρας
641 3944 954 4016 ἐκπηδῆσαι
994 3949 1396 4018 παρεσκεύασε,
1429 3952 1606 4008 καίτοι
1650 3957 1704 4009 τί
1747 3958 1891 4012 λίθου
1919 3963 2021 4032 ψυ-

435 4027 714 4116 χρότερον,
752 4028 805 4080 τί
851 4029 909 4082 δὲ
938 4029 1133 4116 *πυρὸς
1169 4031 1525 4105 θερμότερον;
1577 4037 1692 4091 ἀλλ’
1736 4041 1883 4111 ὅμως
1919 4027 2017 4116 τὴν

436 4106 597 4175 φύσιν
631 4109 883 4181 ἐνίκησεν
926 4113 959 4185 ή
1009 4113 1300 4186 συνέχεια’
1345 4119 1393 4171 εί
1439 4119 1496 4173 δὲ
1542 4120 1635 4174 ἐπὶ
1667 4106 1813 4176 λίθου
1859 4106 2018 4181 τοῦτο

434 4192 746 4278 συμϐαίνει,
779 4195 962 4267 πολλῷ
1000 4199 1202 4268 μᾶλλον
1231 4201 1328 4254 ἐπὶ
1359 4201 1548 4273 ψυχῶν
1587 4206 1848 4278 ἀλλήλαις
1892 4227 2018 4264 συν-

429 4274 893 4364 τριϐμομένωνᾲκαὶ
919 4278 1006 4364 τῷ
1044 4281 1176 4354 πυρὶ
1206 4282 1302 4336 τοῦ
1341 4285 1650 4356 πνεύματος
1693 4274 2014 4364 διαθερμαι-

429 4359 692 4444 νομέν-ων.
725 4362 841 4416 οὐκ
876 4363 1150 4433 ἠκούσατε
1188 4367 1272 4421 δτι
1303 4369 1397 4423 ἐπὶ
1435 4369 1545 4424 τῶν
1582 4359 1864 4444 προγόνων
1885 4359 2014 4435 *τῶν

427 4441 720 4527 ἡμετέρων
762 4445 935 4527 εἴκοσι
967 4447 1062 4500 καὶ
1090 4449 1284 4504 ἑκατὸν
1311 4447 1455 4523 ἦσαν
1485 4455 1536 4507 οί
1566 4441 1747 4510 πιστοὶ
1789 4459 2011 4527 πάντες,

431 4523 861 4614 μάλλονιδέιπρό
882 4528 1006 4614 ’τῶν
1037 4530 1209 4584 εἴκοσι
1246 4534 1340 4586 xal
1369 4535 1562 4590 ἑκατὸν
1591 4537 1798 4594 δώδεκα
1838 4523 2010 4614 μόνοι,

427 4606 526 4689 καὶ
552 4605 673 4660 οὐδὲ
701 4600 846 4663 οὗτοι
876 4610 1155 4682 διέμειναν
1184 4617 1442 4682 ἀπαντες,
1470 4619 1586 4673 ἀλλ’
1609 4615 1691 4684 εἷς
1733 4624 1795 4689 ἐξ
1829 4600 2010 4682 ἀύτῶν

426 4687 693 4774 ἀπώλετο
740 4691 961 4757 Ἰούδας,
1007 4697 1106 4750 καὶ
1149 4693 1292 4770 ἦσαν
1337 4700 1528 4756 ἕνδεκα
1568 4687 1802 4774 πάντεςς
1867 4711 2010 4764 Ἀλλ’

422 4772 578 4843 ὅμως
605 4773 712 4827 ἀπὸ
732 4775 842 4828 τῶν
867 4777 1060 4832 ἕνδεκα
1084 4781 1308 4835 ἐκείνων
1338 4784 1510 4838 είκοσι
1544 4789 1638 4842 καὶ
1662 4772 1856 4847 ἑκατὸν
1887 4794 2010 4863 ἐγέ-

419 4887 730 5013 Μέδλὲῗιξπῖ
751 4891 837 4942 τοῦ
859 4895 1086 4958 βήματος.
1113 4897 1378 4960 (Absentem
1411 4903 1800 4967 prwposilioncm
1819 4911 2008 4976 recepi-

487 5015 515 5054 b
545 5012 638 5063 Alii
666 5012 816 5064 ἔσται.
846 5017 1068 5068 Rectius.
1096 5020 1230 5072 EDIT.

1176 339 1234 391 ὃ.
1274 335 1562 392 ,ιυΑιςΝιδ
1599 336 2019 393 CHRYSOSTO

2126 333 2449 393 ARCHIEP.
2487 334 3040 392 CONSTANTENOP.

3613 323 3721 384 F02

2137 473 2306 519 νοντο,
2339 456 2435 510 xal
2459 454 2569 510 ἀπὸ
2589 454 2700 508 τῶν
2727 457 2900 508 εἴκοσι
2932 454 3024 508 καὶ
3049 451 3243 506 ἑκατὸν
3265 450 3572 522 τρισχίλιοι,
3603 446 3724 507 εἶτα

2135 539 2582 610 πεντακισχίλιοι,
2633 536 2756 592 εἶτα
2813 538 2913 608 τὴν
2967 535 3297 606 οἰκουμένην
3362 536 3582 589 ἃπασαν
3632 537 3724 588 ὲν-

2139 621 2384 690 έπλησαν
2437 621 2534 692 τῆς
2595 620 2690 674 τοῦ
2757 620 2893 674 Θεοῦ
2960 622 3237 689 γνώσεως.
3303 619 3377 672 Τδ
3435 618 3494 671 δέ
3543 617 3720 671 αἴτιον

2132 705 2385 758 οὐδέποτε
2431 704 2528 775 τὴν
2570 703 2990 774 ἐπισυναγωγὴν
3035 702 3245 756 ἐαυτῶν
3293 700 3720 771 κατελίμπανον,

2134 788 2247 842 ἀλλ’
2272 789 2359 841 ἀεὶ
2387 790 2503 859 μετ’
2527 788 2776 860 ἀλλήλων
2801 790 2826 818 °
2855 783 2996 858 ἦσαν
3027 789 3084 840 ἐν
3111 786 3190 856 τῷ
3217 784 3348 857 ἱερῷ
3370 781 3724 855 διημερεύονι

2133 888 2244 934 τες,
2292 872 2383 924 καὶ
2429 873 2616 942 εὐχαῖς
2668 873 2762 926 καὶ
2809 872 3149 941 ἀναγνώσεσι
3205 868 3594 940 προσέχοντεςο
3636 868 3724 923 διὰ

2132 954 2290 1006 τοῦτο
2321 953 2520 1024 πολλὴν
2544 953 2755 1024 ἐξῆψαν
2795 954 2892 1025 τὴν
2927 954 3129 1025 πυρὰν,
3165 954 3254 1008 διὰ
3285 952 3441 1007 τοῦτο
3465 952 3724 1006 οὐδέποτε

2131 1036 2479 1108 διερρύησαν,
2520 1037 2656 1091 ἀλλά
2695 1037 2797 1108 τὴν
2837 1038 3165 1110 οἰκουμένην
3214 1039 3432 1092 ἀπασαν
3473 1035 3724 1088 ἐπεσπά-

2135 1136 2314 1173 σαντο.
2347 1119 2583 1184 Τούτους
2611 1120 2668 1174 δὲ
2712 1121 2808 1173 καὶ
2845 1123 3006 1191 ἡμεῖς
3039 1119 3432 1192 μιμησώμεθα.
3463 1119 3592 1183 Πῶς
3615 1118 3724 1190 γὰρ

2132 1203 2233 1257 οὐκ
2276 1203 2498 1266 ἄτοπον,
2537 1203 2674 1276 μηδέ
2713 1204 2987 1275 τοσαύτην
3027 1203 3430 1257 ἐπιδείκνυσθαι
3471 1202 3601 1274 περὶ
3625 1203 3723 1272 τὴν

2146 1285 2472 1357 Ἐκκλησίαν
2505 1286 2711 1356 ταύτην
2744 1287 3022 1357 πρόνοιαν,
3053 1287 3186 1358 ὅσην
3224 1288 3277 1340 αἱ
3307 1288 3565 1353 γυναῖκες
3596 1283 3725 1354 περὶ

2131 1369 2230 1433 τάς
2255 1368 2502 1437 γείτονας
2529 1370 2628 1432 τὰς
2671 1370 2912 1436 ἐαυτῶν;
2947 1369 3061 1422 Kal
3107 1369 3217 1440 γὰρ
3257 1371 3462 1422 ἐκεῖναι
3505 1367 3724 1422 ἐπειδάν

2133 1450 2285 1505 ῐόωσί
2310 1469 2434 1506 τινα
2461 1453 2728 1523 παρθένον
2758 1452 3022 1524 πενιχράν
3044 1453 3138 1506 καὶ
3165 1452 3368 1522 ἔρημον
3387 1451 3725 1524 προστασίας

2134 1536 2353 1606 ἀπάσης
2377 1532 2566 1598 οὖσαν,
2591 1536 2659 1589 τά
2685 1538 2817 1608 παρ’
2851 1538 3062 1592 ἑαυτῶν
3091 1538 3264 1589 πᾶσαι
3294 1536 3642 1608 εἰσφέρουσιν
3668 1537 3723 1587 ὲν

2131 1618 2284 1684 τάξει
2332 1619 2442 1672 τῶν
2486 1620 2874 1690 προσηκόντων
2918 1620 3220 1690 γινόμεναι,
3267 1621 3362 1672 xal
3415 1619 3584 1672 πολὺν
3628 1618 3723 1670 ῐδοι

2131 1719 2218 1765 τις
2242 1701 2310 1755 ἂν
2340 1703 2459 1755 ἐκεῖ
2482 1702 2714 1772 θόρυϐόν
2750 1720 2811 1756 τε
2849 1705 2946 1757 καὶ
2975 1703 3131 1772 ὄχλον
3165 1703 3263 1772 τῆς
3293 1703 3564 1775 παρθένου
3590 1720 3724 1772 νυμ-

2132 1785 2436 1854 φευομένης
2452 1801 2464 1815 ·
2486 1785 2581 1836 xal
2599 1785 2656 1836 αἱ
2677 1785 2775 1856 μὲν
2803 1787 2909 1857 χρή
2919 1804 3065 1856 ματα
3090 1786 3350 1849 πολλάκις
3372 1787 3718 1857 εἰσήνεγκαν,

2131 1869 2189 1919 αί
2213 1867 2271 1920 δὲ
2292 1869 2391 1938 τὴν
2422 1869 2728 1939 παρουσίαν
2765 1870 2861 1923 τοῦ
2896 1869 3150 1940 σώματος
3168 1887 3181 1900 ·
3211 1871 3272 1922 οὐ
3315 1869 3509 1942 μικρὸν
3539 1869 3601 1923 δὲ
3628 1870 3721 1924 καὶ

2130 1949 2322 2004 τοῦτο·
2378 1951 2587 2019 γίνεται
2637 1953 2747 2023 γάρ
2805 1954 3228 2025 παρακάλυμμα
3279 1953 3379 2024 τῆς
3440 1951 3718 2016 εὐτελείας

2131 2031 2336 2086 τούτων
2383 2035 2416 2105 ή
2475 2035 2701 2106 σπουδὴ,
2745 2038 2842 2090 καὶ
2891 2035 2992 2106 τὴν
3039 2037 3231 2090 πενίαν
3274 2035 3722 2106 ἀποκρύπτουσιν

2130 2114 2276 2170 οὕτω
2321 2116 2412 2171 διὰ
2456 2118 2556 2188 τῆς
2584 2119 2763 2172 αὐτῶν
2813 2119 3144 2190 προθυμίας.
3192 2117 3363 2172 Τοῦτο
3408 2118 3471 2189 δὴ
3502 2119 3598 2171 καὶ
3619 2119 3722 2171 ἐπὶ

2131 2198 2334 2268 ταύτης
2373 2201 2638 2271 ποιήσατε
2681 2201 2782 2271 τῆς
2827 2202 3170 2272 Ἐκκλησίας.
3211 2202 3418 2264 Πάντες
3450 2201 3722 2272 πανταχό-

2131 2281 2224 2335 θεν
2255 2283 2642 2354 συντρέχωμεν
2685 2285 2780 2340 καὶ
2809 2285 3246 2356 συγκαλύψωμεν
3277 2285 3448 2355 αὐτῆς
3489 2284 3589 2356 τὴν
3620 2302 3718 2337 πε-

2131 2366 2270 2429 νίαν,
2305 2365 2506 2435 μᾶλλον
2529 2367 2587 2420 δέ
2622 2367 2878 2438 λύσωμεν
2903 2369 3073 2440 αὐτῆς
3099 2369 3198 2440 τὴν
3241 2368 3434 2421 πενίαν
3482 2367 3719 2438 συνεχῶς

2131 2449 2364 2504 ἐνταῦθα
2383 2452 2830 2522 παραγινόμενοι.
2850 2452 3096 2522 Κεφαλὴ
3114 2451 3225 2520 τῆς
3243 2452 3531 2521 γυναικός
3549 2451 3719 2505 ἐστιν

2131 2529 2285 2604 [547]
2321 2533 2354 2585 ό
2379 2531 2566 2600 ἀνήρ·
2593 2533 2786 2604 βοηθός
2817 2535 2967 2587 ἐστιν
3001 2537 3034 2606 ή
3068 2534 3206 2605 γυνὴ
3235 2533 3327 2588 τοῦ
3367 2532 3580 2603 ἀνδρός.
3633 2532 3716 2602 Μὴ

2129 2613 2309 2667 τοίνυν
2343 2615 2480 2685 μήτε
2514 2617 2546 2687 ή
2577 2616 2789 2687 κεφαλὴ
2831 2618 3000 2688 χωρὶς
3025 2616 3120 2672 τοῦ
3151 2617 3404 2686 σώματος
3443 2615 3718 2686 ἀνεχέσθω

2129 2695 2236 2749 τῶν
2278 2696 2448 2749 οὐδῶν
2490 2697 2796 2752 ἐπιϐαίνειν
2841 2700 2952 2752 τῶν
2999 2701 3171 2768 ἁγίων
3218 2699 3444 2763 τούτων,
3479 2700 3616 2769 μήτε
3658 2699 3719 2752 τὸ

2132 2779 2291 2850 σῶμα
2318 2781 2486 2852 χωρὶς
2517 2781 2616 2852 τῆς
2650 2782 2894 2854 κεφαλῆς
2932 2782 3228 2853 φαινέσθω,
3261 2783 3374 2837 ἀλλ’
3423 2781 3718 2851 ὁλόκληρος

2129 2861 2366 2916 ἐνταῦθα
2395 2863 2582 2918 είσίτω
2623 2865 2652 2918 ό
2682 2865 2988 2937 ἄνθρωπος,
3029 2867 3245 2938 ἔχοντες
3274 2865 3371 2920 xal
3415 2865 3484 2919 τά
3530 2865 3718 2919 παιδία

2134 2947 2252 3018 μεθ’
2279 2949 2509 3002 ἑαυτῶν.

2200 3031 2264 3084 Εί
2291 3031 2400 3101 γάρ
2430 3019 2646 3102 δένδρον
2674 3032 2904 3104 τερπνὸν
2937 3031 3066 3085 ίδεῖν
3096 3031 3204 3084 ἀπὸ
3224 3031 3326 3101 τῆς
3358 3029 3514 3102 ῥίζης
3542 3029 3715 3092 αὐτῆς

2128 3112 2388 3183 νεόφυτον
2430 3114 2552 3184 ἐχον
2598 3115 2916 3185 ἀνεστηκὺς,
2966 3113 3147 3185 πολλῷ
3193 3113 3394 3184 μᾶλλον
3427 3113 3714 3183 ἄνθρωπον

2126 3196 2357 3268 τερπνὸν
2391 3196 2540 3261 ίδεῖν,
2571 3200 2666 3252 καὶ
2697 3199 2884 3262 ἐλαίας
2917 3200 3134 3268 ἀπάσης
3175 3197 3558 3269 τερπνότερον,
3602 3196 3713 3250 ἀπὺ

2126 3281 2226 3352 τῆς
2263 3280 2423 3352 ῥίζης
2449 3282 2622 3353 αὐτῆς
2646 3283 2707 3336 τὸ
2747 3283 2960 3336 παιδίον
3001 3281 3192 3352 ῶσπερ
3223 3282 3476 3350 νεόφυτον
3520 3281 3714 3352 έχοντα

2126 3363 2354 3434 πλησίον
2384 3363 2589 3427 ἐστὼςο
2625 3365 2686 3418 οὐ
2715 3366 2950 3436 τερπνὸν
2979 3365 3038 3418 δὲ
3072 3366 3252 3436 μόνον,
3290 3365 3425 3419 ἀλλά
3465 3366 3560 3418 καὶ
3586 3366 3712 3418 ἐπι-

2126 3446 2336 3519 κερδές.
2373 3448 2483 3502 Καὶ
2517 3448 2648 3518 γὰρ,
2675 3447 2813 3520 ὅπερ
2833 3449 3004 3520 ἔφθην
3035 3449 3228 3510 εἰπὼν,
3251 3449 3452 3502 πλείων
3476 3448 3714 3502 ἐνταῦθα

2129 3525 2321 3598 μισθὸς
2361 3531 2474 3593 τοῖς
2506 3529 2922 3602 συλλεγομένοις
2941 3547 2955 3562 ·
3001 3533 3124 3585 ἐπεὶ
3166 3532 3260 3584 καὶ
3301 3531 3545 3601 γεωργὸν
3591 3530 3713 3584 τότε

2129 3611 2366 3681 μάλιστα
2403 3611 2775 3684 θαυμάζομεν,
2805 3615 2906 3684 οὐχ
2945 3616 3075 3667 ὃταν
3115 3614 3212 3685 τὴν
3248 3613 3507 3674 πολλάκις
3531 3629 3711 3684 γεωρ-

2125 3693 2387 3763 γηθεῖσαν
2427 3694 2531 3766 γῆν
2563 3696 2867 3771 θεραπεύῃ,
2914 3697 3028 3750 ἀλλ’
3060 3698 3188 3752 ὅταν
3215 3697 3284 3751 τά
3324 3698 3579 3768 ἄσπαρτα
3614 3697 3710 3751 καὶ

2123 3777 2360 3849 ἀνήροτα
2414 3778 2592 3850 χωρία
2642 3779 2820 3834 λαϐὼν
2836 3820 2853 3846 ,
2910 3781 3112 3853 πολλῆς
3164 3780 3372 3854 ἀξιώσῃ
3428 3780 3706 3854 προνοίας.

2124 3859 2280 3913 Οὕτω
2308 3860 2372 3931 δὴ
2404 3861 2499 3914 καὶ
2529 3861 2743 3926 Παῦλος
2774 3864 2968 3928 ἐποίει,
3005 3863 3452 3934 φιλοτιμούμενος
3477 3863 3710 3932 εὐαγγε-

2121 3939 2384 4008 λίζεσθαι,
2411 3943 2510 4013 οὐχ
2533 3943 2668 3997 ὅπου
2696 3945 2986 4018 ὠνομάσθη
3023 3947 3276 4018 Χριστὸς,
3299 3945 3416 4001 ἀλλ’
3444 3946 3579 3999 ὅπου
3606 3947 3709 4001 οὐκ

2119 4024 2451 4096 ὠνομάζετο.
2490 4027 2691 4082 Τοῦτον
2733 4030 2827 4084 καὶ
2854 4031 3016 4102 ἡμεῖς
3059 4030 3450 4102 μιμησώμεθα,
3497 4031 3592 4084 καὶ
3625 4033 3705 4096 είς

2121 4109 2378 4180 πρόσοδον
2400 4109 2503 4178 τῆς
2541 4112 2889 4184 Ἐκκλησίας,
2918 4115 3013 4168 καὶ
3038 4117 3118 4179 είς
3147 4115 3410 4186 ὠφέλειαν
3441 4115 3543 4185 τὴν
3564 4117 3706 4184 ἡμε-

2119 4191 2283 4262 τέραν
2303 4206 2317 4221 ⁸
2355 4192 2475 4246 καθ’
2506 4194 2746 4266 ἑκάστην
2772 4191 2865 4251 οῦν
2890 4197 3176 4270 τρέχωμεν
3201 4198 3434 4252 ἐνταῦθα
3462 4197 3700 4264 σύναξιν.

2121 4275 2242 4330 Κᾶν
2287 4277 2551 4349 ἐπιθυμία
2589 4279 2783 4353 φλέγῃ,
2816 4283 3153 4337 κατασϐέσαι
3181 4283 3381 4356 ῥᾳδίως
3408 4283 3577 4354 αὐτὴν
3608 4284 3700 4338 δυ·

2119 4361 2279 4431 νήσῃ,
2303 4359 2397 4413 τὸν
2429 4357 2578 4417 οἷκον
2601 4363 2790 4418 τοῦτον
2825 4366 2985 4437 μόνον
3015 4366 3168 4421 ίδὼνο
3200 4367 3304 4422 κᾶν
3329 4365 3545 4440 ὀργίζῃ,
3580 4367 3700 4438 μετ’

2117 4442 2366 4508 εὐκολίας
2394 4445 2667 4516 κοιμίσεις
2692 4447 2754 4501 τὸ
2779 4447 2968 4520 θηρίον
2985 4465 3004 4482 ο
3043 4452 3150 4504 κᾶν
3171 4451 3300 4506 ἀλλο
3323 4467 3375 4504 τι
3402 4451 3576 4515 πάθος
3603 4467 3700 4503 πο-

2117 4524 2330 4598 λιορκῇ,
2375 4528 2553 4582 πάντα
2591 4529 2798 4602 δυνήσῃ
2839 4532 3142 4588 καταλῦσαι
3167 4535 3260 4586 τὸν
3298 4533 3561 4605 χειμῶνα,
3605 4534 3698 4586 καὶ

2117 4608 2360 4688 γαλήνην
2385 4611 2747 4681 ἐργάσασθαι,
2775 4615 2872 4668 καὶ
2910 4617 3135 4688 είρήνην
3162 4617 3364 4688 πολλὴν
3406 4621 3472 4687 τῇ
3512 4616 3660 4687 ψυχῇ
3679 4631 3693 4644 ·

2110 4685 2180 4762 ἧς
2203 4691 2415 4759 γένοιτο
2437 4695 2645 4758 πάντας
2675 4697 2824 4767 ἡμᾶς
2847 4685 3162 4763 ἀπολαύειν,
3184 4685 3368 4772 χάριτι
3388 4685 3482 4752 καὶ
3505 4685 3697 4768 φιλαν-

2110 4772 2328 4846 θρωπία
2349 4775 2442 4828 τοῦ
2465 4777 2671 4848 Κυρίου
2697 4779 2855 4849 ήμῶν
2889 4782 3062 4852 Ἰησοῦ
3089 4782 3350 4854 Χριστοῦ,
3379 4782 3494 4854 μεθ’
3524 4778 3588 4836 οὗ
3615 4780 3692 4852 τῷ

2109 4859 2284 4940 Πααιτρ)⁵
2309 4859 2424 4930 ἅμα
2461 4860 2538 4932 τῷ
2579 4862 2720 4933 άγίῳ
2752 4863 3030 4936 Πνεύματι
3067 4866 3101 4940 ή
3139 4867 3286 4934 δόξα,
3322 4868 3416 4922 νῦν
3447 4868 3542 4922 καὶ
3577 4868 3688 4936 ἀεὶ,

2109 4939 2202 4993 καὶ
2225 4941 2306 5005 είς
2335 4943 2464 5006 τοὺς
2488 4944 2693 5008 αἰῶνας
2718 4945 2824 5000 τῶν
2851 4946 3084 5006 αἰώνων.
3130 4950 3321 5023 Ἀμήν.

2169 5042 2192 5071 °
2219 5039 2319 5092 Alii
2339 5045 2454 5108 πρὸς
2475 5046 2725 5104 ἀλλήλους.

987 5127 3683 5175 _._________._____________________________

421 5176 529 5240 Εἰς
573 5179 680 5230 τὸν
728 5182 1143 5259 παραλυτικρν
1157 5195 1214 5259 ι,
1237 5185 1347 5259 zdr
1395 5188 1468 5242 τὰ
1508 5191 1832 5259 τριάκοντα
1869 5197 2021 5250 ὀκτὼ

1044 5253 1137 5308 ὅτι
1161 5255 1363 5326 Πατήρ
1384 5277 1506 5328 μου
1536 5253 1648 5328 ἕως
1673 5263 1805 5333 ἄρτι
1831 5266 2066 5337 ἐργάζετ

916 5435 1109 5500 Λόγος
1139 5432 1495 5503 δωδέκατος.

493 5512 563 5563 α’.
584 5510 889 5580 Εὐλογητὸς
914 5517 944 5568 ὀ
969 5515 1130 5579 Θεόςο
1156 5517 1276 5571 καθ’
1303 5520 1542 5591 ἑκάστην
1577 5523 1797 5590 σύναξιν
1827 5529 1996 5595 αὐξα-

417 5596 649 5684 νομένην
685 5599 797 5684 ὁρῶ
837 5601 937 5671 τὴν
967 5602 1226 5673 ἄρουραν,
1251 5608 1503 5678 κομῶντα
1527 5610 1595 5663 τὰ
1625 5613 1770 5684 λήῐα,
1801 5614 2007 5683 πεπλη-

419 5678 672 5749 ρωμένην
701 5681 796 5753 τὴν
831 5684 1032 5752 ἅλωνα,
1075 5685 1411 5756 πληθύνοντα
1439 5690 1505 5744 τὰ
1534 5678 1841 5764 δράγματα.
1870 5678 1998 5752 Καί-

650 5821 835 5895 ιὶρείυξ
865 5826 1016 5895 2έὲίὴ
1037 5828 1086 5875 in
1115 5826 1369 5895 liluloEE;
1385 5832 1465 5879 τὸν
1499 5835 1782 5895 παράλυτον.
1821 5854 1838 5885 ι
1876 5840 1994 5889 Haec

416 5876 612 5950 ςιοιηῃιᾳ
629 5918 640 5936 ,
656 5876 865 5950 151?”;th
881 5876 1034 5950 ςαιιῖί.
1049 5924 1061 5944 ,
1103 5876 1837 5950 nonumlﬁvvhibclméaaﬁﬂlllia

417 5938 632 5993 hominis
653 5943 715 5992 55
735 5938 786 5992 él
811 5946 870 5994 56
900 5950 946 5995 in
972 5938 1227 6000 Jodnnom.
1265 5966 1282 5998 ι

2092 5201 2198 5272 ἔτη
2230 5203 2454 5286 ἔχοντα
2607 5209 2686 5279 τῇ
2755 5211 3046 5283 ἀσθενείᾳ
3076 5217 3285 5282 αὐτοῦ,
3337 5219 3436 5272 καὶ
3479 5221 3570 5286 εὶς
3620 5220 3688 5274 τὸ

2069 5287 2150 5336 αι,
2185 5275 2348 5346 κάγὼ
2383 5275 2690 5350 ἐργάζομαι
2704 5327 2717 5336 .

2105 5471 2188 5507 τοι
2235 5471 2299 5523 γε
2344 5455 2406 5509 οὐ
2447 5457 2644 5523 πολλάς
2693 5461 2908 5533 ἡμέρας
2935 5461 3151 5532 ἔχομεν,
3183 5462 3242 5528 ἐξ
3271 5456 3331 5516 οὐ
3357 5463 3448 5516 τὸν
3487 5464 3685 5536 σπόρον

2103 5537 2293 5591 τοῦτον
2316 5541 2712 5612 κατεϐάλομεν,
2738 5546 2829 5599 καὶ
2859 5545 2969 5599 ίδοὺ
2996 5545 3253 5610 πλούσιος
3269 5547 3297 5586 ιι
3326 5549 3458 5618 ἡμῖν
3485 5549 3685 5614 εὐθέως

2102 5621 2132 5673 ὀ
2166 5621 2366 5691 στάχυς
2409 5624 2509 5693 τῆς
2557 5625 2802 5696 ὑπακοῆς
2830 5627 3352 5698 ἐϐλάστησεν.”Οθεν
3385 5632 3565 5701 δῆλον,
3602 5634 3682 5686 ὅτι

2103 5705 2202 5758 οὐκ
2253 5707 2566 5780 ἀνθρωπίνη
2616 5710 2864 5780 δύναμις,
2921 5711 3057 5764 ἀλλά
3115 5712 3234 5767 θεία
3280 5714 3438 5784 χάρις
3481 5716 3682 5787 ταύτην

2103 5791 2338 5859 γεωργεῖ
2383 5791 2479 5862 τὴν
2519 5793 2865 5864 Ἐκκλησίαν.
2902 5797 3012 5850 Kal
3057 5795 3167 5868 γὰρ
3204 5799 3486 5870 τοιαύτηή
3523 5800 3673 5870 φύσις

2158 5966 2187 6006 δ
2215 5965 2338 6030 Reg.
2361 5967 2465 6017 ἰδοὺ
2488 5969 2744 6036 πλουσίως,
2769 5972 2941 6025 Morel.
2972 5978 3024 6024 et
3051 5974 3202 6025 Savil.
3240 5974 3485 6034 πλούσιος.
