3918 6368
205 376 290 431 ωε
570 396 581 407 σ
944 368 1037 425 nu
1075 366 1340 427 CllfllSTl
1382 364 1794 443 mmmam,
1830 371 2105 430 coxrua
2139 370 2515 430 mosmos.
2554 374 2670 431 xu.

204 501 303 541 tum
325 484 503 541 damni
528 483 654 539 facis
672 488 727 539 et
752 483 845 539 tibi
873 483 994 554 ipsi,
1024 492 1079 539 et
1106 484 1200 537 toti
1221 483 1424 549 domui,
1455 483 1498 538 si
1525 495 1757 539 conven-

204 588 302 632 tum
324 584 378 631 et
414 575 655 647 synaxim
699 574 995 644 relinquis?
1026 574 1277 640 Quamvis
1311 575 1452 628 enim
1493 573 1756 644 integrum

203 668 492 722 thesaurum
523 676 655 719 auro
679 665 931 721 refertum
962 664 1221 729 invenias,
1261 673 1318 720 et
1355 668 1573 735 propter
1611 666 1760 719 illum

200 760 332 814 absis
360 770 372 811 ξ
397 759 565 826 majus
591 766 766 812 tamen
808 757 1187 812 detrimentum
1230 770 1391 827 quam
1433 757 1635 813 lucrum
1680 757 1759 810 fa-

200 850 321 913 cies,
355 860 409 903 et
439 857 583 903 tanto
621 849 811 917 majus,
856 856 1056 919 quanto
1091 847 1430 904 sensibilibus
1470 849 1761 920 spiritualia

196 947 311 993 sunt
335 939 569 994 meliora.
590 938 723 992 Nam
760 939 885 994 licet
904 939 991 994 illa
1018 939 1183 995 multa
1207 940 1315 993 sint
1340 947 1394 994 et
1414 937 1762 1009 undequaque

199 1028 424 1093 afﬂuant,
449 1044 550 1082 non
577 1038 754 1083 tamen
782 1029 909 1083 hinc
928 1038 1105 1085 tecum
1128 1028 1556 1100 commigrabqu
1588 1029 1655 1084 ad
1679 1029 1760 1083 vi-

198 1128 297 1175 tam
325 1120 570 1186 futuram,
605 1137 778 1192 neque
812 1122 973 1177 simul
1017 1121 1292 1178 nobiscum
1318 1121 1373 1176 in
1399 1121 1560 1176 caelos
1586 1128 1760 1175 trans-

146 1245 155 1255 .
198 1210 444 1279 ferantur,
473 1228 644 1284 neque
681 1215 968 1271 adstabant
1008 1215 1149 1286 apud
1194 1212 1430 1271 terribile
1471 1215 1698 1271 tribunal
1744 1230 1759 1268 :

200 1305 299 1357 imo
330 1319 473 1374 saepe
514 1317 569 1360 et
605 1317 728 1362 ante
763 1317 993 1364 mortem
1036 1308 1344 1364 dilabuntur
1381 1327 1394 1362 :
1434 1309 1575 1379 quod
1615 1309 1658 1363 si
1695 1308 1762 1363 ad

199 1393 347 1449 linem
379 1410 545 1465 usque
567 1401 883 1462 manserint,
910 1400 1215 1454 necessario
1240 1406 1418 1455 tamen
1460 1398 1562 1455 sub
1590 1400 1761 1468 ipsum

201 1488 347 1545 linem
374 1489 647 1546 tolluntur.
670 1492 971 1563 Spiritnalis
999 1501 1179 1548 autem
1197 1493 1477 1549 thesaurus
1495 1494 1764 1563 possessio

199 1587 294 1644 est,
318 1595 436 1649 qua:
463 1576 659 1637 auferri
681 1583 885 1653 nequit,
908 1592 960 1639 et
978 1582 1176 1655 ubique
1218 1596 1401 1639 comes
1438 1592 1540 1649 est,
1583 1585 1763 1654 sequi-

201 1679 378 1742 turque
400 1682 626 1744 peregre
646 1682 856 1742 euntes,
883 1676 1109 1731 multum
1138 1673 1344 1751 fiducia:
1374 1674 1513 1746 apud
1536 1675 1763 1731 tribunal

198 1759 381 1817 Christi
407 1764 562 1819 nobis
585 1756 845 1822 tribuens.
1094 1775 1106 1784 ‘

262 1852 310 1907 4.
342 1851 546 1924 Duplex
577 1859 769 1926 fructus
796 1871 861 1911 ea:
881 1857 1040 1912 sacris
1071 1857 1408 1923 conventibus,
1448 1867 1497 1912 et
1521 1859 1762 1915 collectis.

199 1972 264 1984 —-
284 1943 434 2012 Quod
470 1946 517 2001 si
542 1962 607 2003 ex
644 1948 764 2004 aliis
799 1951 1148 2005 conventibus
1170 1958 1377 2005 tantum
1409 1951 1539 2006 lucri
1573 1966 1764 2006 conse-

198 2035 419 2105 quimur,
449 2046 595 2094 certe
630 2040 700 2094 ab
740 2040 805 2095 iis
842 2041 931 2110 qui
974 2040 1061 2097 hic
1086 2042 1427 2097 celebrantur
1451 2042 1647 2112 duplex
1688 2044 1768 2097 lu-

200 2138 338 2180 crum
357 2132 670 2198 exspectare
693 2130 837 2186 licet.
861 2130 976 2186 Non
1005 2130 1147 2187 enim
1174 2129 1313 2187 hunc
1340 2133 1566 2189 fructum
1594 2134 1765 2189 solum

200 2222 445 2295 capimus,
468 2223 615 2293 quod
645 2224 877 2279 animam
912 2225 1107 2280 divinis
1134 2225 1360 2296 eloquiis
1388 2225 1641 2297 rigemus,
1673 2228 1765 2282 sed

202 2322 252 2366 ct
275 2314 412 2383 quod
447 2315 632 2370 hostes
657 2317 857 2386 ingenti
890 2319 1093 2386 pudore
1129 2316 1441 2382 afficiamus,
1472 2317 1769 2389 fratresque

203 2414 403 2461 nostros
442 2406 611 2461 multa
649 2409 1015 2464 consolatione
1051 2409 1371 2478 repleamus.
1402 2409 1514 2465 Hoc
1547 2410 1687 2464 enim
1716 2412 1767 2465 in

204 2496 323 2550 aciei
363 2496 567 2552 lucrum
598 2499 760 2565 cedit,
795 2500 840 2554 si
882 2499 947 2555 ad
989 2509 1192 2569 partem
1231 2500 1400 2572 prmlii
1437 2501 1686 2557 afﬂictam
1717 2513 1771 2556 et

205 2588 576 2651 periclitantem
608 2602 971 2660 properemus.
996 2590 1281 2661 Propterea
1302 2607 1488 2648 omnes
1513 2594 1616 2649 huc
1644 2610 1772 2649 con-

207 2675 356 2734 lluere
380 2681 687 2749 oportebat,
708 2691 762 2736 et
787 2681 972 2738 hostes
997 2684 1084 2753 qui
1115 2699 1215 2741 nos
1240 2684 1572 2752 adoriuntur,
1601 2689 1771 2755 repel-

207 2770 324 2827 lere.
370 2771 520 2838 Esto,
571 2787 805 2843 nequeas
850 2774 1065 2844 longum
1109 2791 1410 2831 sermonem
1453 2776 1769 2846 producere,

208 2876 295 2915 nec
332 2861 529 2917 habeas
565 2862 787 2917 docendi
825 2864 1048 2934 gratiam
1083 2866 1263 2921 :adsis
1287 2866 1481 2933 solum,
1510 2875 1565 2922 et
1604 2876 1772 2923 totum

209 2952 477 3017 perfecisti.
516 2952 650 3007 Nam
691 2955 931 3023 corporis
969 2956 1253 3024 praesentia
1293 2971 1569 3012 numerum
1599 2958 1775 3027 gregis

207 3041 436 3112 adauget.
474 3056 544 3098 ac
582 3045 797 3099 multam
842 3044 1090 3100 fratribus
1126 3046 1228 3100 tuis
1266 3046 1419 3103 affert
1453 3048 1775 3102 consolatio-

208 3149 340 3201 nem,
362 3146 417 3192 et
444 3135 690 3191 hostibus
715 3136 995 3206 pudorem.
1025 3138 1235 3193 Etenim
1260 3140 1307 3194 si
1334 3139 1451 3209 quis
1479 3140 1594 3194 haec
1620 3154 1772 3194 sacra

210 3223 464 3294 ingressus
491 3226 778 3294 vestibula,
809 3241 1007 3295 paucos
1036 3228 1231 3294 videat,
1261 3229 1590 3284 alacritatem
1624 3243 1773 3284 suam

210 3316 432 3383 remittit,
483 3319 761 3386 torpescit,
807 3318 1082 3390 factusque
1124 3320 1339 3390 segnior
1381 3320 1508 3376 hinc
1546 3320 1772 3385 recedit,

209 3406 378 3477 sicque
403 3408 657 3479 paulatim
683 3410 857 3465 omnis
885 3411 1165 3466 multitudo
1202 3411 1441 3482 ignavior
1468 3422 1525 3466 et
1548 3412 1779 3467 dissolu-

212 3498 306 3552 tior
336 3501 535 3555 evadit.
558 3501 656 3556 Sin
696 3501 885 3557 viderit
919 3510 1239 3558 concurrere
1278 3504 1631 3574 undequaque
1666 3520 1779 3558 ma-

209 3600 406 3657 gnoque
445 3589 649 3656 studio,
691 3591 852 3644 etiam
893 3590 940 3645 si
977 3590 1132 3646 valde
1168 3592 1390 3661 ignavus
1429 3592 1519 3659 sit,
1554 3592 1781 3647 alacrior

214 3678 455 3735 redditur.
493 3680 627 3735 Nam
666 3681 711 3735 si
752 3681 886 3754 lapis
926 3696 1070 3751 saepe
1110 3683 1178 3737 ad
1218 3683 1446 3754 lapidem
1485 3698 1780 3740 concussus

213 3771 459 3828 scintillas
493 3772 718 3828 exsilire
742 3771 883 3839 facit,
919 3774 1129 3830 tametsi
1169 3774 1301 3831 nihil
1338 3775 1407 3830 sit
1443 3773 1682 3847 frigidius
1708 3776 1782 3830 la-

213 3864 344 3933 pide,
370 3869 610 3940 nihilque
639 3871 761 3941 igne
786 3870 1024 3937 calidius,
1055 3879 1286 3926 attamen
1316 3872 1619 3938 concussio,
1641 3871 1783 3927 victa

216 3966 413 4024 natura,
441 3961 620 4031 ignem
648 3960 813 4016 elicit.
838 3961 991 4030 Quod
1021 3963 1064 4016 si
1097 3962 1147 4016 id
1190 3961 1243 4016 in
1283 3962 1474 4032 lapillis
1502 3960 1781 4031 contingit,

218 4050 373 4106 multo
392 4052 566 4123 nugis
586 4051 726 4108 idem
752 4052 811 4108 lit
831 4061 888 4109 et
915 4054 967 4108 in
992 4053 1270 4108 animabus
1293 4067 1413 4123 qua;
1440 4061 1625 4107 mutuo
1648 4059 1787 4106 atte-

216 4148 403 4194 runtur
429 4150 485 4196 et
532 4142 658 4213 igne
681 4141 920 4213 Spiritus
945 4147 1356 4203 concalescunt.
1387 4147 1505 4203 Non
1545 4148 1783 4209 audistis

213 4229 343 4297 apud
373 4231 617 4301 majores
632 4240 853 4289 nostros
872 4243 1085 4291 tantum
1098 4246 1320 4292 centum
1333 4247 1386 4294 et
1399 4240 1586 4311 viginti
1608 4240 1782 4300 fuisse

213 4326 375 4376 totum
403 4323 646 4378 ﬁdelium
665 4338 951 4381 numerum
980 4327 1118 4399 (Act.
1144 4328 1340 4394 1.15):
1364 4331 1474 4386 imo
1509 4340 1636 4388 ante
1654 4331 1780 4389 illos

217 4423 422 4471 centum
449 4424 507 4471 et
542 4414 749 4486 Viginti,
779 4415 1064 4473 duodecim
1098 4424 1304 4472 tantum
1329 4424 1503 4483 erant,
1529 4425 1585 4472 et
1616 4431 1791 4488 neque

219 4502 268 4558 hi
306 4516 616 4563 manserunt
654 4520 862 4574 omnes,
890 4507 986 4564 sed
1014 4522 1151 4563 unus
1188 4521 1257 4562 ex
1286 4505 1365 4563 eis
1401 4505 1565 4561 Iudas
1593 4505 1791 4576 periit?

221 4594 281 4650 Et
315 4608 468 4654 erant
506 4587 754 4655 undecim
783 4606 991 4665 omnes,
1033 4609 1266 4655 attamen
1304 4613 1372 4654 ex
1406 4598 1656 4655 undecim
1685 4597 1793 4655 illis

219 4686 333 4744 tacti
353 4698 478 4745 sunt
496 4699 711 4746 centum
738 4700 795 4748 et
818 4691 1002 4762 viginti
1023 4709 1039 4758 ;
1059 4706 1128 4748 ex
1153 4699 1367 4747 centum
1396 4700 1452 4748 ct
1472 4691 1659 4761 viginti
1690 4692 1792 4748 tria

3337 372 3438 437 802

1860 485 2048 553 millia,
2077 486 2271 542 deinde
2311 489 2543 560 quinque
2566 489 2756 554 millia,
2800 484 3033 562 denique
3061 500 3227 547 totum
3257 492 3442 549 urbem

1868 582 2129 633 terrarum
2174 579 2527 649 impleverunt
2552 582 2857 652 cognitione
2887 583 3001 638 Dei.
3042 583 3173 653 Ejus
3206 596 3334 641 vero
3367 587 3444 642 rei

1866 680 2024 723 causa
2054 668 2169 724 hare
2192 678 2293 725 est.
2322 670 2615 741 Numquam
2642 681 2959 728 conventum
2987 672 3324 743 deserebaut,
3349 676 3446 731 sed

1866 757 2025 812 simul
2062 758 2113 813 in
2156 760 2354 830 templo
2392 761 2861 828 conversabantnr,
2899 764 3146 833 precibus
3177 772 3233 820 et
3259 765 3446 821 lectio-

1865 848 2023 903 nibus
2052 849 2238 905 intenti
2272 866 2285 903 :
2320 861 2596 921 propterea
2625 864 2872 922 magnum
2901 854 3205 910 incendium
3234 856 3445 910 excita-

1867 946 2019 1004 mnt,
2071 948 2352 1009 propterea
2402 950 2689 1011 numquam
2730 940 3098 1012 dil'ﬂuxerunt,
3140 945 3233 1001 sed
3274 956 3445 1001 totum

1867 1038 2198 1087 attraxerant
2242 1034 2448 1088 orbem.
2492 1034 2604 1089 Hos
2646 1046 2700 1089 et
2748 1049 2849 1090 nos
2897 1044 3107 1106 quoque
3152 1037 3443 1092 imitemur.

1867 1121 2147 1190 Quomodo
2186 1123 2327 1177 enim
2367 1136 2471 1177 non
2517 1124 2827 1192 absurdum,
2867 1136 2974 1180 non
3022 1133 3219 1181 tantam
3262 1141 3445 1182 curam

1870 1214 2124 1270 Ecclesiae
2152 1216 2358 1283 haberi,
2382 1225 2634 1286 quantam
2666 1218 2852 1273 vicinis
2883 1220 2993 1274 suis
3023 1220 3271 1275 mulieres
3296 1219 3444 1275 exhi-

1871 1305 2033 1361 bent?
2062 1307 2166 1361 illae
2187 1322 2307 1362 eum
2337 1309 2567 1364 viderint
2593 1309 2849 1377 virginem
2876 1310 3104 1380 aliquam
3132 1322 3442 1380 pauperem,

1867 1406 1923 1451 et
1949 1398 2094 1453 omni
2134 1398 2438 1454 destitt'nam
2478 1399 2750 1469 praesidio,
2779 1399 3018 1456 officiose
3056 1414 3154 1455 sua
3195 1402 3444 1466 afferunt,

1868 1489 2285 1559 propinquorum
2328 1493 2473 1548 vices
2508 1492 2789 1561 obeuntes,
2834 1500 2888 1548 et
2929 1504 3174 1564 magnam
3217 1494 3336 1564 quis
3374 1495 3445 1549 ibi

1866 1583 2012 1639 videt
2053 1584 2423 1653 frequentiam,
2461 1585 2586 1639 dum
2630 1584 2778 1655 virgo
2814 1585 3172 1654 deSponsatur
3199 1602 3214 1641 :
3246 1595 3300 1641 et
3331 1586 3448 1641 alia:

1868 1674 2082 1744 quidem
2126 1672 2356 1730 oﬂ’erunt
2395 1675 2677 1744 pecunias,
2722 1675 2840 1729 alia:
2890 1682 3116 1744 corpore
3158 1686 3448 1745 prementes

1869 1772 2011 1829 sunt,
2038 1764 2178 1835 quod
2202 1766 2360 1819 etiam
2380 1767 2553 1835 ipsum
2576 1782 2680 1820 non
2700 1780 2888 1835 parum
2905 1775 2988 1819 est
3010 1781 3025 1820 :
3048 1778 3230 1820 earum
3254 1766 3448 1836 quippe

1869 1854 2102 1910 studium
2130 1855 2399 1910 tenuitatis
2427 1855 2593 1925 ipsius
2613 1856 2857 1911 velamen
2884 1862 2988 1922 est,
3016 1870 3306 1926 earumque
3332 1857 3447 1911 ala-

1869 1946 2059 2002 critate
2084 1956 2367 2016 paupertas
2394 1946 2679 2017 obtegitur.
2707 1947 2821 2003 Hoc
2844 1954 2899 2003 et
2924 1961 3021 2002 vos
3048 1949 3100 2002 in
3130 1948 3230 2002 hac
3258 1947 3447 2003 Eccle-

1870 2039 1948 2095 sia
1974 2039 2129 2094 facile
2156 2056 2171 2092 :
2199 2052 2580 2093 concurramus
2600 2050 2787 2093 omnes
2808 2038 3061 2108 undique,
3092 2047 3148 2094 et
3175 2039 3291 2108 ejus
3315 2052 3447 2093 con-

1871 2139 2110 2202 tegamus
2148 2131 2401 2200 in0piam,
2443 2130 2551 2185 imo
2597 2131 2865 2186 solvamus
2902 2131 3018 2200 ejus
3058 2139 3447 2201 paupertatem,

1873 2223 1960 2278 hic
2009 2222 2312 2293 frequenter
2361 2222 2733 2277 adventantes.
2782 2220 2948 2292 Caput
2989 2220 3215 2274 mulieris
3264 2223 3341 2274 uir
3375 2230 3451 2274 est

1874 2314 2089 2387 (Epiros.
2118 2295 2171 2370 ἐ.
2199 2314 2316 2386 es),
2346 2313 2538 2369 mulier
2565 2313 2665 2368 viri
2707 2312 2960 2383 adjutrix.
2990 2312 3068 2368 Ne
3106 2312 3268 2383 igitur
3289 2323 3453 2382 caput

1872 2406 2072 2476 absque
2097 2420 2322 2475 corpore
2346 2405 2483 2459 viam
2511 2405 2577 2459 ad
2609 2403 2727 2460 hare
2761 2412 2943 2459 sancta
2984 2400 3169 2459 limina
3208 2404 3449 2474 arripiat,

1874 2511 2047 2566 neque
2073 2508 2266 2566 corpus
2295 2495 2496 2564 absque
2534 2495 2737 2564 capite,
2768 2494 2862 2549 sed
2893 2494 3103 2564 integer
3139 2492 3244 2549 huc
3271 2494 3449 2564 ingre-

1875 2586 2051 2641 diatur
2076 2587 2237 2640 homo
2261 2585 2439 2656 pueris
2464 2585 2861 2640 cbmitantibus.

1948 2677 2074 2731 Filii
2087 2678 2155 2732 ad
2171 2678 2410 2747 templum
2425 2675 2739 2731 ducendi.—
2749 2674 2879 2730 Nam
2896 2675 2941 2731 si
2960 2673 3251 2744 jucundum
3274 2683 3358 2729 est
3383 2673 3456 2727 vi-

1874 2769 2005 2825 dere
2030 2770 2275 2824 arborem
2301 2782 2421 2823 cum
2458 2781 2594 2823 nova
2622 2766 2801 2837 planta
2834 2770 2866 2821 e
2901 2762 3080 2821 radice
3117 2765 3235 2835 ejus
3261 2779 3453 2820 exsur-

1875 2870 2036 2932 gente
2063 2878 2076 2913 :
2107 2860 2278 2915 multo
2304 2859 2472 2929 magis
2504 2858 2796 2929 jucundum
2826 2866 2911 2913 est
2937 2848 3119 2911 videre
3146 2855 3416 2911 hominem
3435 2895 3454 2920 ,

1876 2955 2023 3010 omni
2060 2956 2179 3010 olea
2217 2944 2584 3013 amoeniorem,
2615 2964 2645 3004 a
2684 2949 2864 3005 radice
2906 2962 3002 3003 sua
3051 2947 3216 3002 lilium
3252 2946 3453 3002 habere

1876 3046 2197 3109 adstantem,
2237 3045 2389 3115 quasi
2435 3056 2626 3097 novam
2675 3042 2906 3110 plantam
2954 3057 2970 3094 :
3015 3048 3119 3093 non
3161 3038 3456 3108 jucundum

1877 3146 2054 3193 autem
2080 3137 2270 3201 solum,
2298 3135 2391 3190 sed
2416 3143 2471 3189 et
2489 3134 2641 3187 utile.
2669 3132 2906 3198 Etenim,
2933 3140 2992 3185 ut
3015 3139 3142 3184 ante
3167 3129 3298 3196 dixi,
3325 3142 3456 3184 con-

1878 3226 2113 3299 gregalis
2141 3226 2311 3296 majus
2352 3225 2558 3279 lucrum
2596 3224 2720 3279 erit.
2760 3222 3046 3277 Enimvero
3080 3230 3135 3275 et
3169 3219 3457 3290 agricolam

1881 3328 2005 3374 tunc
2033 3319 2271 3372 maxime
2298 3314 2645 3380 admiramur,
2664 3327 2771 3368 non
2797 3325 2918 3367 cum
2942 3322 3129 3382 agrum
3147 3310 3280 3365 colit
3302 3318 3461 3365 antea

1882 3410 2019 3465 bene
2043 3408 2266 3474 cultum,
2294 3406 2388 3463 sed
2427 3418 2549 3461 cum
2590 3405 2705 3459 loca
2733 3416 2839 3459 non
2880 3402 3140 3458 seminata
3176 3409 3230 3458 et
3256 3401 3461 3456 inarata

1883 3514 2090 3556 summa
2126 3513 2252 3554 cura
2280 3497 2492 3553 excolit.
2533 3495 2623 3551 Sic
2661 3501 2716 3550 et
2753 3494 2946 3549 Paulus
2981 3492 3225 3559 faciebat,
3256 3492 3462 3561 majore

1883 3590 2060 3648 studio
2082 3589 2473 3659 evangeliaans,
2500 3587 2587 3643 ubi
2613 3584 2854 3641 ChriStus
2882 3582 3115 3639 nondum
3138 3592 3252 3639 erat
3287 3580 3462 3637 nomi-

1886 3692 2061 3737 natus.
2083 3680 2234 3735 illum
2261 3688 2314 3733 et
2334 3692 2435 3733 nos
2461 3677 2529 3731 ad
2566 3678 2951 3731 incrementum
2980 3674 3231 3729 Ecclesiae
3258 3670 3456 3728 utilita-

1889 3783 2101 3844 temque
2133 3783 2370 3826 nostram
2398 3770 2689 3836 imitemur,
2714 3760 2952 3839 quotidie
2980 3765 3047 3821 ad
3078 3765 3215 3821 hanc
3234 3778 3462 3835 congre-

1886 3866 2151 3937 gationem
2179 3863 2527 3919 conﬂuentes.
2554 3860 2686 3916 Nam
2720 3860 2765 3914 si
2790 3858 3216 3928 concupiscentia
3248 3856 3463 3927 flagres,

1889 3966 2092 4014 tantum
2116 3956 2218 4012 hac
2235 3956 2345 4010 visa
2370 3954 2550 4020 domo,
2572 3952 2770 4022 poteris
2787 3964 2907 4006 eam
2927 3949 3080 4005 facile
3099 3947 3428 4019 restinguere
3448 3964 3467 4002 :

1888 4059 1945 4108 et
1968 4050 2017 4107 si
2044 4050 2308 4115 irascaris,
2338 4048 2482 4103 illam
2512 4045 2666 4101 facile
2692 4044 2861 4099 feram
2889 4041 3135 4098 domabis
3166 4058 3180 4095 :
3209 4048 3265 4095 et
3288 4041 3332 4095 si
3361 4039 3467 4093 alia

1890 4143 2136 4213 quapiam
2154 4140 2439 4195 affectione
2465 4137 2759 4208 impeteris,
2783 4141 3151 4205 tempestatem
3176 4142 3294 4188 eam
3316 4131 3472 4187 facile

1891 4233 2125 4299 sudabis,
2154 4232 2450 4301 reddesque
2474 4236 2739 4301 paccm‘et
2755 4225 3095 4282 serenitatem
3124 4224 3315 4279 anima:
3344 4231 3470 4281 une.

1891 4322 2007 4391 Qua
2048 4334 2147 4379 nos
2184 4332 2370 4378 omnes
2407 4321 2511 4375 frui
2545 4318 2815 4388 contingat
2852 4316 3017 4387 gratia
3058 4322 3115 4369 et
3151 4314 3475 4383 benignitate

1893 4412 2103 4471 Domini
2140 4413 2309 4468 nostri
2344 4411 2471 4467 Jesu
2509 4409 2729 4475 Christi,
2763 4408 2979 4478 quicum
3015 4404 3159 4461 Patri
3194 4412 3251 4459 et
3287 4411 3475 4459 sancto

1892 4504 2115 4577 Spiritui
2143 4505 2211 4559 sit
2232 4503 2400 4574 gtoria
2427 4514 2566 4557 nunc
2592 4508 2647 4556 et
2674 4509 2909 4569 semper,
2929 4504 2985 4552 et
3002 4496 3060 4551 in
3086 4494 3282 4551 menta
3306 4507 3477 4549 stuen-

1897 4599 2091 4655 lorum.
2118 4597 2311 4653 Amen.

1529 4792 3479 4843 Ν

224 4916 283 4963 tu
322 4918 790 4979 ranumcuu,
836 4924 945 4978 QUI
989 4924 1188 4968 annos
1231 4923 1533 4968 TRIGINTA
1575 4921 1736 4966 oc'ro
1786 4909 2207 4963 DECUBUERAT
2248 4905 2313 4949 tu
2356 4890 3088 4979 turnum‘ra‘rnusvalnr
3130 4890 3192 4934 IN
3237 4888 3470 4939 ιιιυιι,

593 5027 611 5060 ι
644 5018 847 5070 PATER
894 5023 1062 5071 MEUS
1090 5024 1292 5078 USQUE
1335 5023 1511 5069 MODO
1551 5022 1771 5067 OPERA'.

1877 5024 1909 5071 ι,
1954 5013 2035 5056 ΕΤ
2078 5007 2198 5053 suo
2230 5001 2479 5049 orunon
2522 4980 2751 5062 (Joan.
2782 4975 2841 5036 5.
2890 4973 3015 5053 17).
3044 4999 3063 5031 ο

692 5313 887 5376 (contra
907 5319 1173 5362 Anomoeos.
1192 5315 1267 5359 xu
1299 5309 1363 5372 ι.)

1905 5319 2031 5362 ecce
2056 5316 2188 5359 vero
2211 5296 2602 5371 quamprimum
2628 5292 2777 5349 dives
2802 5287 2960 5344 nobis
2987 5281 3311 5376 obedientia:
3339 5282 3486 5350 spica

291 5395 345 5450 i.
372 5374 868 5453 Benedictus‘Deus
898 5412 913 5450 :
941 5394 1149 5466 singulo
1177 5406 1389 5464 quoque
1427 5397 1690 5446 conventu
1717 5388 1801 5443 vi-
1906 5392 2240 5468 germinavit.
2282 5389 2363 5444 Ex
2400 5401 2508 5458 quo
2550 5382 2885 5455 perspicuum
2927 5387 3011 5433 est
3053 5389 3158 5432 non
3187 5374 3484 5468 humanam

225 5481 325 5540 deo
360 5501 548 5543 arvum
587 5500 836 5543 crescere
853 5526 871 5555 ,
899 5463 1057 5558 agros
1091 5463 1333 5540 comatos
1372 5480 1589 5544 ﬂorere,
1621 5494 1771 5535 areau

1904 5463 2029 5544 esse
2057 5482 2370 5556 potentiam,
2392 5478 2487 5535 sed
2516 5476 2738 5549 gratiam
2758 5472 3015 5537 divinam,
3039 5482 3160 5540 quas
3184 5466 3323 5521 hanc
3344 5463 3489 5566 colat

224 5572 454 5646 impleri,
495 5578 832 5649 multiplicari
868 5576 1204 5647 manipulos;
1245 5573 1456 5630 tametsi
1501 5588 1606 5628 non
1650 5570 1801 5626 multi
1908 5576 2218 5636 Ecclesium.
2269 5573 2402 5629 Nam
2445 5579 2502 5627 et
2558 5563 2861 5637 huiusmodi
2907 5569 2994 5618 est
3035 5567 3225 5615 natura
3273 5563 3490 5649 somnus

228 5664 338 5722 dies
357 5648 746 5739 praeterierunt,
770 5678 1052 5741 postquam
1080 5677 1372 5728 sementem
1395 5666 1530 5721 hanc
1549 5664 1771 5735 jecimus

1907 5667 2218 5742 spiritualis.
2247 5665 2362 5722 Non
2391 5669 2666 5734 exspectat
2686 5668 2921 5737 tempus,
2954 5668 3062 5709 non
3098 5648 3491 5708 multitudinem

289 5775 309 5806 ⁸
339 5772 511 5828 collata
531 5791 641 5829 ctua
660 5785 743 5830 Its.
760 5778 910 5841 Regio
930 5775 1072 5826 atat.
1910 5763 2140 5827 dierum,
2187 5776 2293 5815 non
2335 5757 2590 5814 circuitus
2638 5750 2923 5816 mensium,
2983 5761 3097 5804 non
3128 5748 3495 5816 tempsaates,
