3918 6360
415 348 523 405 803

414 475 522 514 non
551 471 724 513 atinas
755 475 770 512 :
797 455 892 511 sed
921 455 1047 510 licet
1071 453 1229 508 unico
1254 452 1342 507 die
1363 452 1646 520 iacientem
1674 461 1857 502 semen
1887 444 2001 515 ple-

416 568 542 606 nam
571 559 626 605 et
663 549 958 604 confertam
997 545 1145 602 brevi
1175 544 1276 599 hoc
1305 544 1476 613 spatio
1515 554 1744 594 messem
1772 547 2000 592 metere.

417 641 626 696 Etenim
657 638 748 708 qui
778 637 918 692 hanc
956 635 1136 690 sensui
1164 633 1457 703 subjectam
1498 640 1700 685 terram
1732 626 2001 690 scindunt.

416 731 482 785 iis
507 739 564 785 et
596 730 884 799 plurimum
932 725 1126 780 laboris
1165 723 1469 778 necessario
1496 719 1858 776 adhibendum
1899 725 2000 780 est,

416 833 472 879 et
517 823 608 878 diu
656 820 1105 891 exspectandum.
1149 817 1282 872 Nam
1324 824 1380 870 et
1416 815 1580 869 boves
1621 821 1862 868 aratores
1905 809 2006 865 sub

417 917 602 986 jugum
651 915 866 968 mittere
909 918 1192 982 coguntur,
1229 917 1284 964 et
1323 906 1642 980 profundum
1684 903 1888 960 sulcum
1929 900 2007 955 fo-

419 1006 568 1069 dere,
600 1013 655 1059 et
691 1003 898 1058 semina
925 1002 1141 1071 copiose
1164 999 1364 1070 jacere,
1399 1007 1454 1053 et
1481 995 1819 1066 superficiem
1852 1002 2008 1048 terra:

418 1095 781 1164 complanare,
807 1103 862 1148 et
881 1093 1060 1147 omnia
1089 1104 1439 1162 quascumque
1459 1088 1604 1157 jacta
1632 1086 1849 1151 fuerint,
1881 1099 2011 1138 con-

422 1199 621 1258 tegere,
644 1195 694 1242 et
717 1194 1030 1255 exSpectare
1056 1192 1386 1254 opportunos
1408 1180 1701 1251 pluviarum
1723 1177 2006 1241 adventus,

421 1281 708 1350 multisque
741 1278 862 1333 aliis
901 1279 952 1332 in
992 1277 1154 1332 rebus
1199 1275 1437 1330 laborem
1480 1287 1545 1328 ac
1583 1271 1816 1328 studium
1862 1269 2010 1323 insu-

423 1387 590 1436 mere,
623 1379 677 1426 et
716 1370 940 1424 multam
985 1367 1239 1437 temporis
1267 1373 1579 1435 eXSpectare
1606 1377 1669 1417 ac
1699 1370 1825 1415 tunc
1855 1359 2010 1414 deni-

423 1477 530 1532 que
574 1464 732 1515 linem
772 1475 926 1515 suum
970 1457 1246 1527 consequi.
1287 1456 1385 1510 llic
1420 1465 1598 1509 autem
1637 1461 1694 1508 et
1731 1460 1918 1506 testate
1958 1459 2014 1505 et

427 1551 605 1606 hieme
649 1559 707 1605 et
742 1564 923 1604 serere
950 1556 1006 1602 et
1029 1556 1231 1602 metere
1265 1546 1412 1611 licet,
1450 1554 1505 1600 et
1531 1542 1721 1599 eodem
1760 1556 1902 1609 srepe
1928 1539 2014 1594 die

426 1651 710 1711 utrumque
748 1639 1000 1709 contigit,
1034 1636 1368 1708 potissimum
1414 1634 1504 1688 ubi
1537 1631 1745 1704 pinguis
1786 1641 1840 1686 et
1882 1630 2015 1684 uber

428 1732 585 1788 fuerit
615 1732 792 1786 anima
827 1745 948 1801 quae
987 1729 1203 1784 colitur.
1235 1725 1388 1794 Quod
1429 1739 1559 1779 sane
1588 1723 1642 1778 in
1677 1722 1827 1777 vobis
1853 1722 2012 1776 etiam

427 1826 550 1880 licet
578 1837 801 1879 cernere
828 1839 842 1874 ε
871 1819 1218 1891 quamobrem
1247 1827 1304 1872 et
1331 1831 1430 1871 nos
1453 1815 1682 1870 alacrius
1707 1813 1774 1868 ad
1805 1829 1900 1866 vos
1925 1829 2013 1868 ac-

425 1915 712 1970 currimus.
762 1911 894 1966 Nam
938 1920 992 1965 et
1031 1908 1264 1979 agricola
1311 1907 1451 1960 illam
1495 1905 1778 1974 diligenter
1818 1912 2012 1957 terram

426 2007 578 2072 colit,
611 2021 678 2060 ex
705 2019 809 2074 qua
846 2017 990 2073 saepe
1018 2015 1199 2056 aream
1229 1997 1494 2068 implevit.
1523 1996 1749 2065 Quando
1776 1996 1934 2067 igitur
1963 2003 2017 2048 et

426 2113 524 2152 vos
549 2111 720 2169 pauco
747 2109 814 2150 ex
839 2093 1026 2149 labore
1052 2107 1302 2163 magnum
1329 2091 1482 2146 nobis
1506 2089 1754 2161 prtebetis
1783 2103 2014 2160 proven-

429 2198 563 2252 tum,
593 2200 780 2256 magna
809 2199 932 2240 cum
957 2183 1253 2238 attentione
1275 2179 1344 2236 ad
1371 2179 1508 2234 bane
1533 2179 1841 2234 accedimus
1865 2179 2014 2248 agri-

429 2279 718 2344 culturam,
748 2285 802 2330 et
831 2291 1040 2340 eorum,
1069 2289 1187 2345 quae
1220 2281 1380 2328 antea
1419 2272 1560 2326 dicta
1590 2279 1734 2337 sunt,
1766 2270 2016 2340 reliquias

431 2374 583 2428 vobis
605 2371 936 2427 distributuri
967 2369 1228 2424 venimus.
1260 2368 1413 2422 Tunc
1439 2367 1597 2438 igitur
1615 2383 1681 2426 ex
1701 2366 1896 2422 Vetere
1917 2366 2018 2420 Te-

431 2471 699 2517 stamento
727 2461 1140 2532 disputationem
1171 2460 1314 2514 illam
1346 2459 1632 2522 texuimus,
1661 2472 1781 2528 quae
1809 2457 1876 2513 de
1898 2457 2016 2528 glo-

433 2558 510 2611 ria
541 2554 799 2626 unigeniti
827 2554 949 2610 Filii
978 2553 1070 2608 Dei
1098 2551 1413 2618 habebatur,
1445 2567 1588 2606 nunc
1611 2566 1678 2606 ex
1701 2549 1889 2605 eodem
1917 2550 2018 2604 hoc

435 2648 608 2716 ipsum
639 2647 894 2701 faciemus
925 2661 939 2699 :
970 2653 1096 2698 tunc
1125 2642 1252 2698 illud
1283 2642 1665 2705 atl'erebamus,
1697 2639 1838 2711 quod
1869 2639 2016 2694 dice-

437 2740 526 2792 bat
552 2736 796 2792 Christus
822 2753 835 2790 :
868 2734 929 2790 Si
955 2735 1224 2788 crederetis
1255 2733 1444 2804 Moysi,
1476 2733 1740 2787 crederetis
1770 2733 1940 2801 utique
1972 2741 2021 2786 et

435 2829 559 2882 mihi
586 2826 763 2899 (Joan.
786 2826 840 2881 5.
873 2826 987 2894 46);
1018 2839 1158 2879 nunc
1188 2831 1367 2879 autem
1395 2823 1624 2878 dicimus
1654 2822 1756 2878 hoc
1783 2837 1813 2876 a
1841 2822 2021 2894 Moyse

435 2921 638 2975 dictum
686 2932 810 2974 esse
859 2935 872 2971 :
925 2916 1235 2988 Prop/uetant
1279 2917 1414 2971 vobis
1458 2916 1716 2970 suscitabit
1772 2914 2021 2969 Dominus

440 3011 580 3066 Deus
624 3027 688 3066 ea:
733 3010 974 3081 fratribus
1013 3009 1208 3070 vestris,
1253 3011 1382 3062 sicut
1420 3023 1499 3061 me
1544 3022 1562 3060 :
1599 3007 1766 3077 ipsum
1806 3007 2022 3060 audietis

443 3102 620 3175 (Deut.
653 3101 740 3156 l8.
779 3101 882 3165 15;
912 3102 1026 3154 Act.
1065 3100 1120 3155 5.
1159 3099 1276 3170 9.2).
1320 3098 1530 3153 Etenim
1572 3097 2022 3169 quemadmodum

434 3196 679 3250 Christus
706 3193 771 3248 ad
798 3193 1033 3264 Moysem
1063 3206 1157 3248 eos
1187 3191 1530 3257 transmittit,
1565 3201 1622 3245 ut
1651 3207 1748 3260 per
1775 3191 1923 3244 illum
1956 3189 2020 3243 ad

443 3302 508 3343 se
529 3287 754 3350 alliciat;
787 3285 857 3339 ita
888 3285 1096 3354 Moyses
1127 3284 1382 3353 magistro
1411 3282 1701 3351 discipulos
1729 3282 1907 3347 tradit,
1938 3281 2024 3350 jn-

441 3380 592 3443 liens,
626 3387 685 3432 ut
712 3377 762 3432 ei
789 3391 1164 3446 usquequaque
1196 3384 1434 3443 pareant.
1469 3375 1756 3429 Pareamus
1787 3375 1946 3444 igitur
1969 3382 2024 3428 et

438 3469 796 3523 assentiamur
819 3480 940 3520 cum
963 3466 1172 3520 caeteris
1192 3465 1351 3519 rebus
1369 3463 1636 3528 omnibus,
1663 3478 2025 3534 quascumque

442 3567 534 3612 aut
563 3555 709 3624 facit,
737 3565 828 3610 aut
851 3555 1017 3622 dicit,
1049 3565 1161 3610 tum
1189 3570 1316 3610 vero
1341 3555 1491 3623 signo
1516 3552 1667 3621 huic,
1699 3554 1840 3624 quod
1865 3554 2026 3609 hodie

443 3649 597 3706 vobis
635 3649 912 3704 recitatum
946 3657 1050 3703 est.
1097 3646 1373 3714 Quodnam
1415 3661 1542 3701 vero
1578 3647 1680 3702 hoc
1715 3646 1832 3702 est?
1861 3645 2022 3712 Erat,

445 3740 632 3810 inquit,
665 3739 773 3792 dies
815 3739 972 3808 festus
997 3737 1297 3791 Judteorum
1328 3752 1346 3790 :
1372 3745 1418 3790 et
1444 3736 1666 3790 ascendit
1694 3736 1844 3790 Jesus
1870 3735 2024 3790 Jero-

440 3832 689 3900 solymam
710 3845 728 3884 :
747 3837 821 3883 est
848 3837 1018 3882 autem
1041 3828 1371 3898 Jerosolymis
1395 3827 1650 3898 probatica
1679 3829 1889 3897 piscina,
1913 3845 2028 3900 qua:

441 3920 824 3992 cognominatur
853 3918 1102 3973 Hebraice
1127 3917 1401 3987 Bethesda,
1432 3921 1647 3990 quinque
1675 3921 1896 3990 porticus
1928 3922 2026 3976 ha-

441 4014 564 4067 bens
584 4011 798 4082 (Joenu.
823 4009 1013 4080 5.1-2).
1038 4010 1093 4065 ln
1115 4025 1275 4080 quam
1296 4019 1478 4065 narrat
1496 4025 1673 4066 sermo
1693 4011 2027 4082 evangelieus

445 4106 700 4162 advenire
739 4104 952 4159 solitum
993 4113 1134 4158 stato
1179 4111 1421 4173 tempore
1461 4104 1727 4174 angelum,
1770 4113 1931 4174 atque
1971 4106 2024 4160 in

443 4213 564 4253 eam
591 4195 919 4252 descendere
947 4213 960 4250 :
993 4197 1044 4251 id
1074 4211 1202 4251 vero
1231 4195 1451 4265 intelligi
1477 4212 1543 4251 ex
1567 4197 1803 4252 motione
1828 4212 1982 4267 aqua:
2009 4215 2023 4252 :

441 4290 622 4360 itaque
649 4290 817 4356 illum,
845 4289 936 4360 qui
959 4289 1160 4359 primus
1180 4288 1545 4344 descendisset
1567 4299 1689 4360 post
1707 4305 1860 4359 aqua:
1879 4305 2028 4346 com-

443 4382 760 4448 motionem,
810 4396 998 4436 sanum
1029 4381 1177 4446 fieri,
1208 4396 1543 4451 quocumque
1582 4381 1796 4438 tandem
1835 4382 2026 4437 morbo

441 4472 729 4528 laboraret.
765 4471 823 4526 In
865 4472 947 4527 his
987 4472 1148 4543 igitur
1179 4472 1391 4540 jaeebat
1429 4472 1718 4542 porticibus
1743 4474 2026 4529 multitudo

442 4563 797 4627 infirmorum,
825 4578 1110 4629 caecorum,
1143 4563 1472 4630 claudorum,
1506 4563 1797 4633 aridorum,
1821 4565 1913 4635 qui
1932 4580 2028 4622 ex-

441 4653 752 4723 Spcctabant
773 4667 925 4723 aqua:
954 4662 1176 4707 motum.

515 4742 618 4797 Cur
654 4742 884 4799 Christus
921 4743 1096 4798 diebus
1133 4743 1274 4813 festis
1311 4761 1366 4799 se
1400 4744 1680 4801 ostenderet
1706 4744 1923 4802 Judazis.
1954 4777 2026 4790 -

444 4835 626 4907 Ecqua
653 4845 832 4891 autem
861 4849 1020 4890 causa
1041 4844 1144 4902 est,
1171 4835 1515 4906 quamobrem
1542 4835 1755 4892 assidue
1778 4837 2025 4893 Christus

437 4927 637 4998 deligat
676 4926 1087 4998 Jerosolymam,
1128 4936 1184 4984 et
1224 4928 1279 4982 in
1322 4928 1448 4998 ipsis
1491 4929 1678 4985 diebus
1723 4930 1868 4984 festis
1906 4945 2026 4986 sese

439 5018 686 5074 ostendat
717 5017 948 5074 Judmis?
974 5018 1234 5085 Quoniam
1267 5029 1393 5074 tunc
1429 5020 1713 5076 multitudo
1741 5022 2025 5077 convenie-

439 5109 549 5174 bat,
583 5109 862 5179 locumque
891 5109 1038 5164 illum
1065 5123 1128 5163 ac
1157 5118 1365 5179 tempus
1391 5109 1734 5177 observabat,
1768 5120 1826 5167 ut
1853 5113 2024 5167 susci-

439 5211 590 5270 peret
615 5201 873 5257 infirmos.
895 5201 1009 5257 Non
1030 5202 1174 5257 enim
1202 5203 1258 5268 ii,
1281 5203 1368 5273 qui
1390 5201 1722 5268 laborabant,
1747 5211 2024 5274 tantopere

437 5291 723 5361 cupiebant
742 5292 958 5347 liberari
984 5307 1016 5348 a
1042 5293 1263 5358 morbis,
1291 5302 1620 5364 quantopere
1646 5293 1894 5348 studebat
1913 5310 2023 5350 me-

437 5381 589 5436 dicus
614 5395 708 5435 eos
729 5382 796 5437 ab
816 5382 1172 5438 invaletudine
1192 5383 1442 5439 liberare.
1465 5383 1583 5450 Quo
1604 5383 1764 5454 igitur
1783 5392 2024 5454 tempore

439 5471 690 5541 frequens
717 5482 832 5528 erat
860 5473 1094 5543 ipsorum
1121 5486 1432 5539 conventus,
1455 5484 1512 5529 et
1535 5473 1835 5530 confertum
1866 5477 2022 5530 thea-

442 5571 603 5624 trum,
631 5572 757 5618 tunc
793 5564 847 5618 in
876 5563 1108 5618 medium
1142 5565 1361 5620 veniens
1396 5580 1480 5631 ea,
1517 5579 1637 5636 qua:
1680 5564 1748 5629 ad
1786 5567 2020 5635 ipsorum

439 5650 664 5705 salutem
685 5651 942 5720 facerent,
970 5651 1296 5723 proferebat.
1319 5653 1539 5711 Iacebat
1563 5654 1721 5725 igitur
1739 5656 2022 5712 multitudo

441 5738 780 5800 infirmorum
812 5748 1234 5816 exspectantium
1275 5763 1426 5819 aqua:
1456 5759 1657 5805 motum
1689 5767 1701 5804 :
1730 5759 1785 5806 et
1816 5751 1859 5805 is
1898 5742 2018 5821 qui-

1128 337 1182 395 S.
1225 335 1502 394 JOANNIS
1538 327 2016 389 CIIRYSOSTOMI
2058 321 2372 384 ARClllEP.
2414 321 2946 383 CONSTANTINOP.

3600 321 3701 379 8οΞ

2109 441 2256 506 dem,
2292 440 2384 511 qui
2413 439 2615 510 primus
2639 439 2996 496 descendebat
3025 446 3148 508 post
3170 451 3323 505 aqua:
3349 446 3578 503 motum,
3616 453 3704 493 sa-

2112 534 2370 597 nabatur;
2402 531 2492 600 qui
2519 540 2695 586 autem
2729 530 3014 596 secundus,
3047 544 3154 584 non
3184 530 3310 585 item
3345 529 3484 585 :sed
3509 546 3705 586 consu-

2112 620 2358 676 mebatur
2409 619 2877 685 medicamentum,
2921 629 3104 690 atque,
3158 635 3392 690 expensa
3433 620 3701 676 medicina

2110 712 2316 781 gratiae,
2345 711 2398 765 in
2427 719 2696 781 posterum
2720 711 2992 765 restabant
3015 710 3154 765 sola:
3181 725 3242 764 ac
3269 710 3500 764 deserta:
3523 725 3707 779 aquae;
3735 766 3746 797 .

2113 801 2338 872 perinde
2361 811 2525 872 atque
2551 801 2855 856 invaletudo
2877 801 3039 867 illius,
3075 801 3165 871 qui
3201 801 3399 869 primus
3415 799 3748 857 descende“,

2112 903 2216 956 rat,
2245 900 2409 948 totam
2437 893 2586 946 illam
2617 891 2920 947 facultatem
2950 891 3323 960 expressisset,
3349 901 3401 946 et
3428 890 3713 945 exhausis—

2112 990 2192 1038 set
2211 999 2224 1046 ;
2243 991 2297 1038 et
2306 982 2429 1052 jure
2439 981 2649 1053 quidem
2663 982 2894 1052 optimo:
2913 981 3122 1036 servilis
3137 981 3278 1036 enim
3291 993 3406 1036 erat
3419 981 3502 1035 illa
3519 979 3712 1051 gratia.

2186 1072 2436 1144 Baptismi
2464 1074 2632 1144 gratia
2669 1090 2820 1143 quant
2852 1073 3078 1143 copiosa.
3104 1103 3178 1114 —
3201 1073 3318 1141 Quo
3357 1083 3537 1128 autem
3571 1084 3709 1128 tem-

2116 1179 2246 1234 pore
2277 1165 2534 1220 Dominus
2564 1164 2800 1230 advenit,
2834 1180 2940 1218 non
2965 1164 3152 1220 eadem
3185 1164 3322 1218 ratio
3352 1173 3564 1220 servata
3592 1174 3671 1220 est
3691 1180 3732 1228 ;.

2119 1269 2220 1310 nec
2265 1255 2353 1325 qui
2399 1255 2602 1325 primus
2645 1253 3006 1310 descendebat
3043 1255 3095 1308 in
3143 1255 3402 1324 piscinam
3447 1269 3711 1324 aquarum

2117 1345 2386 1416 baptismi,
2417 1346 2564 1401 solus
2593 1347 2902 1414 sanabatur,
2934 1345 3028 1401 sed
3067 1356 3124 1401 et
3153 1345 3390 1416 primus,
3418 1354 3475 1400 et
3511 1359 3710 1400 secun-

2117 1437 2240 1504 dus,
2264 1447 2318 1493 et
2345 1439 2550 1504 tertius,
2575 1447 2632 1494 et
2657 1448 2902 1509 quartus,
2930 1448 2986 1494 et
3015 1438 3278 1506 decimus,
3303 1447 3361 1493 et
3384 1437 3707 1508 vigesimus;

2118 1545 2181 1584 ac
2206 1529 2465 1585 si'decem
2497 1531 2658 1585 millia
2687 1530 2893 1586 dixeris
2921 1539 2974 1585 et
3003 1529 3086 1585 bis
3117 1539 3264 1586 terve
3302 1529 3547 1595 totidem,
3575 1545 3639 1584 ac
3663 1531 3711 1585 si

2119 1620 2356 1676 infinitos
2396 1621 2768 1685 multitudine,
2799 1635 2863 1676 ac
2901 1620 2947 1675 si
2987 1628 3156 1675 totum
3197 1621 3382 1676 orbem
3418 1620 3618 1690 jeceris
3659 1622 3712 1675 in

2120 1712 2376 1782 piscinam
2413 1727 2692 1784 aquarum,
2724 1727 2792 1768 ne
2832 1712 3050 1767 minima
3079 1711 3293 1782 quidem
3325 1727 3392 1768 ex
3421 1723 3574 1781 parte
3612 1714 3715 1767 mi-

2121 1804 2300 1858 nuitur
2323 1806 2515 1876 gratia,
2548 1805 2642 1860 sed
2670 1804 2858 1860 eadem
2887 1815 3069 1860 manet
3094 1819 3282 1860 omnes
3310 1804 3430 1860 illos
3457 1822 3709 1876 purgans.

2121 1896 2351 1951 Tantum
2391 1897 2620 1953 interest
2658 1897 2799 1952 inter
2825 1897 3074 1952 servilem
3106 1904 3444 1967 potestatem,
3475 1906 3532 1952 et
3566 1897 3711 1952 heri-

2123 1987 2227 2042 lem
2253 1989 2647 2044 auctoritatem.
2677 1987 2769 2044 llle
2797 2003 2963 2044 unum
2987 1988 3230 2056 sanabat,
3261 1988 3353 2044 hic
3375 1989 3562 2044 orbem
3590 1991 3712 2045 uni-

2120 2093 2332 2133 versum
2364 2097 2378 2134 :
2413 2079 2504 2135 ille
2533 2079 2742 2150 singulo
2765 2095 2978 2151 quoque
3006 2095 3147 2136 anno
3176 2095 3359 2147 unum,
3389 2079 3479 2136 bic
3498 2082 3712 2152 singulo

2120 2185 2333 2240 quoque
2352 2170 2459 2236 die,
2483 2171 2527 2226 si
2544 2171 2728 2228 decem
2750 2171 2915 2228 millia
2934 2173 3066 2228 velis
3082 2173 3319 2243 injicere,
3340 2188 3532 2230 omnes
3550 2190 3710 2232 sanos

2121 2263 2324 2331 reddit;
2355 2265 2445 2320 ille
2471 2265 2804 2322 descendens
2822 2279 2877 2322 et
2900 2267 3228 2323 conturbans
3251 2283 3468 2338 aquam,
3494 2268 3583 2324 hic
3606 2285 3710 2325 non

2121 2357 2280 2423 item;
2302 2357 2396 2413 sed
2425 2359 2554 2414 satis
2573 2369 2654 2414 est
2681 2359 2878 2414 nudum
2909 2359 3191 2414 dumtaxat
3216 2359 3382 2430 ipsius
3401 2375 3600 2416 nomen
3628 2363 3710 2416 in-

2125 2464 2317 2505 vocare
2353 2466 2515 2521 super
2550 2467 2736 2522 aquas,
2776 2452 3011 2523 ipsisque
3045 2452 3346 2508 universam
3375 2453 3713 2508 committere

2122 2541 2344 2598 sanandi
2373 2544 2658 2599 rationem.
2688 2543 2756 2600 Et
2782 2544 2872 2599 ille
2897 2541 3114 2614 quidem
3135 2558 3420 2614 corporum
3446 2543 3589 2600 vitiis
3611 2560 3714 2600 me-

2123 2634 2347 2690 debatur
2405 2652 2418 2690 :
2471 2636 2556 2691 hic
2603 2645 2781 2692 autem
2830 2636 3022 2691 animae
3074 2637 3414 2690 vitiositatem
3470 2635 3710 2707 corrigit.

2125 2725 2306 2793 Vides,
2331 2742 2488 2796 quam
2518 2727 2866 2798 undequaque
2894 2743 3164 2799 magnum,
3191 2737 3349 2798 atque
3370 2726 3508 2783 adeo
3534 2727 3710 2783 inlini-

2126 2827 2235 2873 tum
2269 2819 2600 2874 intervallum
2631 2819 2882 2890 apparet?

2195 2910 2250 2963 2.
2291 2909 2510 2966 iacebat
2540 2911 2698 2981 igitur
2735 2910 3014 2966 multitudo
3041 2910 3368 2966 infirmorum
3391 2919 3709 2980 chpeetan-

2126 3005 2257 3059 tium
2283 3020 2432 3076 aqua:
2460 3013 2682 3060 motum.
2707 3007 2838 3062 Erat
2854 3007 2995 3062 enim
3016 3009 3163 3063 locus
3187 3007 3273 3064 ille
3294 3009 3482 3063 medici
3504 3010 3713 3064 ofﬁcina

2126 3096 2371 3167 quaedam
2418 3098 2731 3168 spiritualis.
2775 3099 3235 3166 Quemadmodum
3285 3103 3442 3172 igitur
3471 3103 3524 3157 in
3567 3103 3714 3174 ejus-

2129 3189 2270 3245 uu:di
2302 3189 2421 3246 loco
2446 3191 2639 3246 multos
2667 3192 2791 3247 licet
2812 3206 3033 3247 cernere
3075 3193 3244 3248 oculis
3283 3202 3467 3263 captos
3489 3233 3505 3258 ,
3553 3209 3713 3249 crure

2129 3281 2420 3347 intutilatos,
2441 3293 2534 3336 aut
2551 3282 2654 3337 alia
2675 3282 2916 3352 corporis
2936 3293 3084 3352 parte
3107 3283 3245 3339 male
3262 3283 3501 3347 alfectos,
3524 3299 3716 3340 omnes

2130 3373 2345 3442 publice
2389 3374 2758 3440 considentes,
2802 3385 2960 3444 atque
2996 3384 3366 3446 exspectantes
3409 3376 3712 3441 medicum;

2131 3467 2200 3519 ita
2238 3465 2398 3520 etiam
2427 3466 2514 3522 hic
2559 3466 2752 3522 licebat
2781 3469 3019 3538 aspicere
3048 3469 3442 3525 multitudinem
3484 3485 3673 3524 eorum
3697 3511 3712 3535 ,

2129 3559 2216 3628 qui
2257 3569 2638 3615 convenerant.
2689 3559 2745 3615 ln
2785 3561 2868 3615 his
2898 3561 3029 3632 ipsis
3073 3561 3367 3632 porticibus
3408 3571 3516 3616 erat
3564 3563 3715 3616 homo

2129 3651 2335 3718 quidam
2363 3652 2570 3722 triginta
2598 3660 2644 3706 et
2671 3662 2782 3706 octo
2810 3669 2972 3706 annos
2996 3654 3183 3706 habens
3209 3652 3259 3706 in
3283 3651 3576 3721 inﬁrmitate
3599 3668 3714 3706 sua.

2134 3739 2182 3793 Η
2191 3757 2286 3795 unc
2325 3759 2437 3795 cum
2493 3743 2694 3797 vidisset
2743 3742 2894 3798 Iesus
2929 3745 3182 3814 jacentem
3203 3785 3218 3810 ,
3274 3755 3321 3798 et
3367 3744 3714 3814 cognovisset,

2130 3833 2248 3901 quia
2265 3833 2378 3902 jam
2404 3834 2616 3887 multum
2646 3843 2839 3902 tempus
2882 3833 3099 3897 haberet,
3141 3834 3270 3889 dixit
3293 3834 3379 3888 ei:
3429 3833 3514 3888 Vis
3560 3851 3717 3889 sanus

2131 3922 2245 3988 ﬁeri
2259 3923 2284 3976 .9
2300 3921 2579 3990 Respondit
2599 3923 2644 3977 ei
2666 3924 2937 3995 languidas
2950 3940 3009 3977 ac
3028 3924 3178 3991 dixit,
3204 3922 3461 3994 Profecto,
3480 3922 3717 3978 Domine:

2128 4014 2219 4068 sed
2245 4015 2496 4070 hominem
2529 4033 2630 4070 non
2658 4016 2816 4071 habeo
2834 4057 2850 4080 ,
2895 4027 2948 4070 ut
2969 4033 3084 4071 cum
3125 4016 3322 4071 turbata
3350 4016 3501 4085 fuerit
3539 4032 3676 4085 aqua
3697 4057 3716 4082 ,

2132 4107 2296 4158 mittat
2323 4121 2402 4160 me
2429 4107 2482 4160 in
2513 4107 2783 4175 piscinam.
2811 4106 2946 4160 Dum
2967 4107 3110 4161 venio
3136 4107 3268 4161 enim
3295 4122 3387 4178 ego
3404 4147 3422 4173 ,
3444 4107 3580 4160 alius
3603 4117 3719 4160 ante

2131 4210 2210 4247 me
2245 4195 2501 4249 descendit
2545 4195 2740 4266 (Joan.
2784 4197 2838 4252 5.
2881 4197 2936 4252 5.
2978 4196 3062 4266 7).
3110 4197 3220 4251 Cur
3263 4205 3488 4251 caeteros
3528 4209 3719 4250 omnes

2133 4287 2444 4353 prmteriens
2467 4287 2624 4342 Jesus
2652 4287 2718 4342 ad
2748 4287 2892 4358 hunc
2918 4287 3108 4342 venit?
3141 4287 3212 4343 Ut
3235 4297 3290 4342 et
3330 4286 3625 4356 potentiam
3665 4296 3720 4341 et

2132 4375 2515 4434 humanitatem
2537 4379 2877 4434 ostenderet:
2903 4380 3190 4449 potentiam
3212 4377 3447 4449 quidem,
3464 4378 3718 4448 quoniam

2133 4471 2350 4525 morbus
2374 4472 2483 4541 jam
2526 4473 2692 4526 factus
2717 4481 2835 4526 erat
2859 4472 3166 4527 insanabilis
3194 4512 3211 4537 ,
3240 4480 3295 4527 et
3323 4470 3489 4541 ipsius
3518 4472 3718 4526 invale-

2133 4561 2258 4616 tudo
2295 4577 2360 4616 eo
2393 4562 2602 4617 redacta
2633 4573 2776 4629 erat,
2809 4571 2867 4618 ut
2890 4571 3035 4618 esset
3059 4564 3110 4617 in
3138 4563 3298 4618 rebd’s
3322 4561 3619 4632 deploratis
3657 4576 3720 4616 ac

2131 4651 2454 4721 desperatis;
2481 4653 2858 4708 humanitatem
2883 4669 3033 4720 vero,
3057 4653 3198 4723 quod
3227 4653 3314 4723 qui
3346 4638 3614 4723 praecipue
3637 4652 3721 4706 di-

2099 4759 2104 4764 ·
2131 4758 2267 4813 gnus
2295 4753 2409 4798 erat
2432 4744 2796 4799 misericordia
2825 4754 2878 4800 et
2899 4742 3271 4810 beneficentia,
3301 4743 3443 4797 hunc
3467 4758 3579 4813 piae
3607 4757 3716 4797 cm-

2133 4835 2264 4889 teris
2290 4837 2526 4905 respexit
2558 4837 2820 4906 propitius
2845 4851 2910 4890 ac
2943 4836 3202 4906 benignus
3231 4835 3505 4890 Dominus.
3535 4834 3720 4904 Neque

2130 4941 2259 4983 vero
2280 4927 2452 4983 locum
2475 4927 2665 4983 leviter
2690 4937 3084 4998 przetereamus,
3116 4941 3288 4997 neque
3312 4941 3590 4982 numerum
3622 4927 3722 4981 tri-

2131 5021 2275 5090 ginta
2312 5030 2366 5078 et
2406 5030 2529 5077 octo
2551 5036 2844 5086 annorum,
2873 5035 3008 5092 quos
3036 5019 3230 5091 agebat
3263 5019 3315 5073 in
3365 5018 3721 5074 invaletudine

2135 5129 2251 5170 sua.
2281 5115 2516 5170 Audiant
2539 5130 2749 5180 omnes,
2779 5115 3100 5184 quicumque
3127 5127 3248 5168 eum
3276 5119 3586 5181 paupertate
3613 5126 3722 5179 pen

2134 5216 2293 5275 petuo
2336 5205 2749 5270 conflictantur,
2800 5204 3122 5274 quicumque
3163 5203 3217 5256 in
3255 5201 3456 5256 morbis
3496 5199 3718 5264 vivunt,

2131 5299 2450 5369 quicumque
2488 5297 2886 5354 difficultatibus
2921 5301 3234 5364 premuntur
3260 5292 3589 5361 negotiorum
3617 5304 3720 5345 s1:-

2131 5389 2410 5452 rnlarium,
2453 5389 2775 5460 quicumque
2800 5395 3168 5456 tempestatem
3197 5398 3262 5439 ac
3300 5381 3589 5453 procellam
3617 5395 3722 5432 non

2131 5488 2556 5550 exspectaturum
2584 5479 2850 5536 malorum
2875 5477 3260 5532 sustinuerunt.
3284 5472 3614 5543 Para'yticus
3638 5471 3723 5525 hic

2131 5579 2212 5623 est
2242 5570 2542 5640 propositus
2569 5584 2667 5624 ceu
2691 5568 2989 5624 communis
3021 5566 3204 5634 portus
3232 5564 3585 5618 humanarum
3617 5575 3712 5614 ca-

2134 5660 2450 5715 lamittllttm.
2488 5659 2656 5716 Nemo
2682 5659 2824 5715 enim
2854 5659 2991 5714 adeo
3019 5658 3206 5712 vecors
3247 5663 3366 5720 est,
3406 5667 3566 5708 nemo
3588 5649 3722 5704 adeo

2134 5753 2294 5806 miser
2319 5792 2333 5820 ,
2357 5761 2410 5807 et
2439 5751 2777 5809 calamitosus
2801 5794 2816 5821 ,
2843 5751 2970 5822 quin
3002 5790 3018 5819 ,
3049 5749 3093 5803 si
3123 5748 3262 5803 hunc
3285 5753 3512 5817 speclel.
3542 5739 3717 5797 Omni“
