3918 6380
206 350 299 409 863

201 467 288 524 τοῦ
327 464 524 533 σπόρου
558 460 652 517 τοῦ
678 459 1048 532 πνευματικοῦ
1071 475 1085 490 ·
1112 461 1213 514 οὐκ
1239 461 1500 531 ἀναμένει
1545 460 1755 533 χρόνον,

201 553 253 606 οὐ
279 546 551 619 περιμένει
577 544 779 615 πλῆθος
809 542 1051 615 ήμερῶν,
1069 543 1170 596 οὐκ
1185 543 1462 614 ἐκδέχεται
1480 543 1760 615 περιόδους

205 632 391 703 μηνῶν,
424 629 543 682 οὐδὲ
588 627 741 700 ὥρας
773 628 870 682 καὶ
902 627 1129 698 καιροὺς
1172 628 1269 680 καὶ
1307 628 1615 691 ἐνιαυτούςυ
1641 626 1759 680 ἀλλ’

200 715 331 769 ἔστιν
351 716 407 768 ἐν
427 712 610 783 ἡμέρᾳ
637 713 735 783 μιᾷ
768 709 1142 765 καταϐαλόντα
1161 710 1228 763 τὰ
1256 709 1549 781 σπέρματα
1577 708 1761 780 μεστῷ

200 797 282 852 καὶ
317 794 727 868 πεπληρωμένῳ
771 794 849 865 τῷ
899 792 1144 864 βραχίονι
1189 792 1380 847 τοῦτον
1424 794 1637 864 ἀμῆσαι
1671 792 1761 846 τὸν

198 880 410 952 ἀμητόν.
430 880 493 933 Oi
526 878 624 949 μὲν
653 879 764 949 γὰρ
792 876 891 949 τὴν
913 877 1182 949 αἰσθητὴν
1209 875 1415 947 ταύτην
1441 877 1604 930 ἀνατέ
1614 893 1763 947 μνον-

194 981 272 1027 τες
312 962 436 1032 γῆν,
466 961 665 1032 πολλῆς
693 962 905 1015 δέονται
947 961 1049 1030 τῆς
1088 960 1495 1032 πραγματείας,
1523 960 1618 1016 καὶ
1666 977 1764 1031 μα-

195 1048 321 1117 κρᾶς
344 1047 443 1117 τῆς
471 1043 760 1117 ἀναϐολῆς.
792 1043 905 1099 Καὶ
932 1043 1041 1116 γὰρ
1070 1043 1164 1098 καὶ
1195 1042 1321 1111 βοῦς
1347 1044 1624 1115 ἀροτῆρας
1656 1042 1764 1095 ὑπὸ

194 1130 282 1200 τὴν
304 1127 536 1201 ζεύγλην
552 1128 708 1198 ἄγειν
732 1127 1155 1197 ἀναγκάζονται,
1187 1128 1283 1180 καὶ
1310 1126 1532 1197 βαθεῖαν
1553 1126 1767 1182 αὔλακα

193 1213 419 1283 τέμνειν,
456 1213 552 1267 καί⁹
583 1211 780 1283 δαψιλῆ
816 1212 888 1265 τὰ
931 1210 1222 1282 σπέρματα
1253 1210 1640 1279 καταϐάλλειν,
1670 1210 1765 1265 καὶ

193 1297 282 1366 τὴν
301 1296 618 1365 ἐπιφάνειαν
646 1293 966 1365 ἐξομαλίσαι
986 1294 1087 1364 τῆς
1106 1293 1233 1364 γῆς,
1265 1294 1360 1347 καὶ
1392 1294 1460 1347 τὰ
1488 1293 1766 1366 καταϐληοο

194 1378 344 1432 θέντα
364 1379 544 1434 πάντα
578 1378 943 1451 περιστεῖλαι,
969 1377 1064 1430 καὶ
1092 1377 1382 1447 ἀναμεῖναι
1411 1376 1767 1448 συμμέτρους

194 1459 399 1531 δμϐρων
437 1462 628 1533 φορὰς,
681 1461 777 1515 καὶ
820 1459 991 1513 πολλὰ
1043 1459 1208 1530 ἓτερα
1256 1459 1638 1530 φιλοπονῆσαι,
1670 1459 1767 1513 καὶ

195 1545 348 1600 πολὺν
373 1545 694 1616 ἐκδέχεσθαι
721 1544 934 1617 χρόνον,
957 1544 1051 1597 καὶ
1083 1543 1207 1597 τότε
1232 1542 1329 1597 τοῦ
1354 1542 1544 1606 τέλους
1572 1544 1766 1595 ἐπιτυ-

194 1630 311 1695 χεῖν.
331 1628 594 1682 Ἐνταῦθα
645 1630 702 1682 δὲ
743 1628 839 1682 καὶ
873 1630 933 1681 ἐν
964 1627 1116 1699 θέρει
1152 1628 1249 1682 καὶ
1295 1628 1353 1681 ἐν
1402 1626 1632 1698 χειμῶνι
1672 1626 1769 1680 καὶ

197 1713 424 1784 σπείρειν
454 1713 608 1785 [548]
642 1713 736 1767 καὶ
759 1713 1002 1785 ἀμᾶσθαι
1034 1712 1135 1778 ένι,
1167 1714 1262 1765 καὶ
1284 1713 1342 1765 ἐν
1367 1712 1507 1783 αὐτῇ
1536 1714 1604 1782 τῇ
1628 1711 1767 1781 ήμέε

195 1813 256 1867 pa
280 1795 536 1860 πολλάκις
568 1797 854 1869 ἀμφότερα
880 1797 1093 1865 γέγονε,
1120 1796 1215 1849 καὶ
1251 1795 1486 1867 μάλιστα
1522 1796 1650 1848 ὅταν
1688 1793 1764 1847 λι-

195 1880 336 1951 παρά
379 1882 475 1934 καὶ
504 1881 645 1934 πίων
676 1880 816 1953 τύχῃ
846 1876 982 1934 οῦσα
1024 1881 1058 1951 ή
1098 1879 1492 1949 γεωργουμένη
1519 1878 1666 1949 ψυχή
1692 1892 1706 1906 ·
1738 1875 1770 1929 6

191 1962 249 2034 δή
273 1964 363 2017 καὶ
382 1963 469 2032 ἐφ’
487 1963 644 2034 ὑμῶν
669 1964 820 2017 ἐστιν
850 1963 979 2017 ἰδεῖν
997 1977 1012 1992 °
1042 1963 1124 2016 διὸ
1151 1964 1248 2016 καὶ
1277 1964 1440 2033 ἡμεῖς
1464 1961 1602 2033 πρὸς
1624 1960 1769 2031 ὑμᾶς

194 2046 588 2119 προθυμότερον
623 2048 925 2120 τρέχομενο
959 2047 1084 2101 ἐπεὶ
1120 2047 1215 2100 καὶ
1258 2046 1504 2118 γεωργὸς
1550 2044 1773 2115 ἐκείνην

193 2129 467 2199 ἐργάζεται
494 2131 595 2203 τὴν
619 2130 858 2204 ἄρουραν
889 2131 1215 2201 ἐπιτήδειον,
1250 2130 1343 2198 ἀφ’
1363 2123 1433 2201 ἧς
1456 2127 1556 2200 τὴν
1585 2127 1770 2183 ἅλωνα

191 2212 434 2279 meum;
486 2216 800 2286 ἐνέπλησεν.
818 2215 971 2269 Ἐπεὶ
1021 2210 1115 2269 οὖν
1160 2210 1256 2269 καὶ
1302 2216 1460 2286 ὑμεῖς
1493 2213 1553 2280 ἐξ
1586 2213 1767 2283 ὀλίγου

191 2296 340 2352 πόνου
370 2298 576 2371 πολλὴν
602 2300 737 2371 ἡμῖν
759 2299 1027 2371 παρέχετε
1048 2296 1148 2372 τὴν
1176 2298 1456 2369 πρόσοδον,
1482 2296 1621 2367 μετά
1642 2297 1771 2351 πολ-

192 2378 398 2453 λῆςτῆς
429 2383 711 2455 προσοχῆς
750 2382 852 2454 τῆς
893 2383 1169 2454 γεωργίας
1212 2380 1496 2453 ἁπτόμεθα
1538 2380 1767 2453 ταύτης,

191 2466 274 2517 καὶ
299 2465 403 2519 τῶν
441 2466 714 2538 πρότερον
748 2467 1054 2538 εἰρημένων
1088 2465 1157 2519 τὰ
1194 2464 1421 2535 λείψανα
1445 2465 1575 2535 ὑμῖν
1606 2464 1770 2536 κομί-

193 2562 361 2612 σοντες
382 2549 637 2620 ἥκομεν.
673 2549 805 2602 Τότε
857 2549 958 2620 μὲν
988 2542 1080 2601 οῦν
1126 2548 1234 2601 ἀπὸ
1278 2549 1379 2618 τῆς
1407 2547 1651 2609 Παλαιᾶς
1680 2546 1770 2600 τὸν

191 2627 331 2698 λόγον
376 2632 669 2702 ὑφήναμεν
698 2631 791 2685 τὸν
826 2631 956 2704 περὶ
984 2632 1085 2701 τῆς
1122 2630 1282 2703 δόξης
1320 2629 1415 2682 τοῦ
1448 2629 1770 2701 μονογενοῦς

192 2711 309 2767 Υίοῦ
331 2715 426 2768 τοῦ
450 2715 595 2769 Θεοῦ
614 2733 628 2748 ο
653 2716 772 2769 νυνὶ
791 2716 848 2769 δὲ
876 2716 971 2770 ἀπ’
999 2715 1168 2785 αὐτῆς
1191 2713 1253 2766 16
1275 2713 1408 2767 αὐτὸ
1432 2712 1594 2767 τοῦτο
1618 2713 1773 2782 ποιή-

193 2813 368 2868 σομενο
412 2800 539 2852 τότε
565 2794 659 2853 οῦν
685 2798 967 2871 ἐλέγομεν,
1003 2798 1085 2852 ὅτι
1116 2800 1146 2852 6
1170 2796 1404 2869 Χριστὸς
1439 2796 1657 2865 ἐλεγεψ
1702 2797 1776 2850 El

190 2880 529 2938 ἐπιστεύετε
555 2882 803 2952 Μωῦσῇ,
843 2883 1190 2938 ἐπιστεύετε
1231 2881 1310 2937 ἂν
1343 2882 1475 2952 ἐμοί
1489 2900 1504 2915 ο
1551 2881 1670 2936 νυνὶ
1717 2880 1774 2935 δὲ

192 2963 426 3038 λέγομεν,
477 2968 560 3022 ὅτι
601 2961 725 3021 εἷπε
770 2966 1046 3037 Μωῦσῆς·
1090 2965 1415 3035 Προφήτην
1454 2965 1599 3035 ὑμῖν
1630 2966 1776 3020 ἀνα-

191 3050 392 3117 στήσει
422 3052 650 3121 Κύριος
680 3054 714 3106 ό
745 3050 892 3118 Θεὸς
921 3051 990 3104 ἐκ
1022 3048 1143 3105 τῶν
1166 3048 1449 3119 ἀδελφῶν
1480 3048 1653 3118 ὑμῶν
1693 3050 1777 3116 ὡς

192 3134 314 3203 ἐμέ·
347 3136 543 3191 αὐτοῦ
578 3134 1160 3204 ἁκούσεσθε.“Ωσπερ
1183 3132 1292 3204 γὰρ
1318 3135 1346 3186 ὁ
1378 3132 1612 3204 Χριστὸς
1639 3132 1776 3204 πρὸς

192 3218 271 3273 τὸν
298 3219 546 3274 Μωῦσέα
578 3218 962 3290 παραπέμπει,
998 3218 1086 3272 ἵνα
1119 3217 1186 3271 δι’
1208 3218 1419 3271 ἐκείνου
1463 3217 1601 3290 πρὸς
1652 3218 1778 3271 ἐαυ-

190 3302 272 3355 τὸν
303 3302 703 3375 ἐπισπάσηται,
729 3300 903 3366 οὕτως
923 3303 953 3355 6
977 3301 1221 3372 Μωῦσῆς
1240 3300 1318 3372 τῷ
1346 3300 1649 3372 διδασκάλῳ
1672 3317 1779 3357 πα-

195 3386 430 3456 ραδίδωσι
487 3389 612 3451 τοὺς
644 3386 914 3458 μαθητὰς,
943 3384 1181 3440 κελεύων
1223 3382 1372 3455 αὑτῷ
1406 3385 1548 3439 κατὰ
1597 3383 1777 3438 πάντα

192 3472 491 3526 πείθεσθαι.
518 3470 845 3542 Πειθώμεθα
884 3470 1064 3523 τοίνυν
1111 3463 1194 3532 οἷς
1236 3468 1302 3523 ἀν
1341 3471 1469 3540 ποιῇ
1499 3468 1595 3522 καὶ
1620 3468 1774 3540 λέγῃ,

193 3557 292 3618 τοῖς
318 3574 376 3610 τε
398 3554 590 3620 ἄλλοις
618 3554 812 3618 ἆπασι,
835 3554 930 3607 καὶ
951 3552 1127 3624 τούτῳ
1157 3551 1235 3623 τῷ
1263 3552 1504 3623 σήμερον
1533 3554 1779 3622 ἀναγνω-

193 3636 357 3691 σθέντι
389 3640 531 3712 ἡμῖν
561 3637 794 3710 σημείῳ.
834 3637 900 3691 Τί
939 3636 998 3690 δὲ
1030 3634 1190 3689 τοῦτό
1218 3637 1402 3700 ἐστιν;
1430 3631 1562 3700 τΗν,
1592 3636 1776 3709 φησὶν,

193 3720 354 3791 ἑορτὴ
387 3720 519 3776 τῶν
553 3721 868 3788 Ἰουδαίων,
904 3722 1003 3775 καί
1032 3720 1216 3788 ἀνέϐη
1244 3721 1477 3789 Ἰησοῦς
1504 3723 1593 3787 εἰς
1621 3721 1781 3790 Ἱερο-

191 3806 442 3877 σόλυμαζ
457 3806 629 3860 Ἔστι
652 3804 723 3858 δὲ
748 3805 820 3858 ἐν
842 3803 969 3870 τοῖς
998 3803 1432 3872 Ἰεροσολύμοις
1453 3803 1777 3872 προϐατικὴ

192 3890 577 3959 κολυμϐήθρα
599 3928 616 3954 ,
662 3889 702 3957 η
753 3886 1049 3958 λεγομένη
1106 3886 1403 3955 Ἐϐραϊστί
1460 3886 1739 3957 Βηθεσδᾶ
1760 3927 1775 3953 ,

192 3970 362 4027 πέντε
408 3973 604 4039 στοὰς
636 3972 902 4042 ἕχοὺσα*
937 3972 1016 4045 εἰς
1052 3970 1118 4041 ἥν
1150 3970 1308 4040 λόγος
1337 3969 1450 4042 ἔχει
1477 3972 1780 4043 παραγινό-

194 4070 346 4121 μενον
391 4054 630 4126 ἄγγελον
675 4054 818 4109 κατά
849 4052 1043 4125 καιρὸν
1076 4053 1464 4119 καταδύεσθαι,
1498 4056 1592 4109 καὶ
1623 4054 1781 4108 τοῦτο

192 4138 556 4204 γινώσκεσθαι
601 4138 689 4193 διὰ
732 4137 831 4209 τὴν
871 4135 967 4191 τοῦ
1015 4136 1206 4201 ὓδατος
1245 4137 1494 4208 κίνησινο
1546 4138 1639 4192 τὸν
1688 4133 1781 4191 οῦν

192 4223 399 4293 πρῶτον
428 4222 683 4293 ἐμϐάντα
715 4221 856 4292 μετά
879 4221 971 4274 τὸν
1000 4218 1165 4290 ἐντῷ
1194 4218 1347 4274 ὕδατι
1382 4219 1629 4274 κλύδωνα
1647 4221 1781 4292 ὑγιῆ

192 4304 456 4371 γίνεσθαι,
488 4305 770 4376 ὁτιδήποτε
818 4302 1157 4377 ἀρρώστημα
1198 4303 1514 4375 ἔχοντα.Ἑν
1555 4304 1783 4370 ταύταις

192 4383 279 4440 οὖν
306 4390 598 4442 κατέκειτο
641 4391 761 4451 ταῖς
798 4389 979 4451 στοαῖς
1013 4386 1215 4458 πλῆθος
1259 4384 1651 4452 ἀσθενούντων,
1689 4405 1783 4441 τυ-

194 4470 356 4539 φλῶν,
386 4460 601 4544 χωλῶν,
628 4469 828 4543 ξηρῶν,
855 4469 1229 4542 ἐκδεχομένων
1249 4469 1347 4541 τὴν
1367 4470 1460 4523 τοῦ
1484 4470 1673 4536 ὕδατος
1698 4472 1781 4525 κί-

194 4570 363 4624 νησιν.

257 4804 419 4868 Τίνος
465 4800 558 4859 οῦν
606 4806 793 4857 ἕνεκεν
836 4803 905 4857 τὰ
941 4801 1293 4875 Ἰεροσόλυμα
1323 4802 1562 4874 συνεχῶς
1586 4804 1616 4857 6
1644 4804 1783 4875 Χρι-

198 4887 317 4951 στὸς
336 4887 771 4959 καταλαμϐάνει,
808 4887 901 4939 καὶ
927 4888 984 4940 ἐν
1012 4887 1133 4951 ταῖς
1175 4886 1392 4959 ἑορταῖς
1427 4887 1783 4959 ἐπιχωριάζει

194 4973 303 5034 τοῖς
348 4972 658 5037 Ἰουδαίοις;
701 4970 919 5040 Ἐπειδὴ
950 4969 1072 5024 τότε
1114 4968 1174 5022 τὸ
1215 4969 1419 5039 πλῆθος
1447 4970 1781 5040 συνελέγετο,

197 5055 286 5107 καὶ
305 5056 403 5109 τὸν
426 5056 590 5109 τόπον
623 5056 830 5109 ἐκεῖνον
858 5053 952 5106 καὶ
977 5051 1067 5106 16v
1096 5051 1284 5123 καιρὸν
1308 5054 1628 5125 παρετήρει,
1643 5053 1783 5107 ὥστε

196 5136 550 5192 ἐπιλαϐέσθαι
591 5138 701 5191 τῶν
750 5135 1140 5191 ἀσθενούντων.
1174 5135 1247 5188 Ού
1279 5137 1389 5207 γὰρ
1423 5136 1693 5208 τοσαύτην
1735 5139 1784 5191 οἱ

197 5221 500 5293 κάμνοντες
527 5218 670 5293 εἶχον
696 5220 989 5291 ἐπιθυμίαν
1013 5218 1394 5290 ἀπαλλαγῆναι
1420 5220 1528 5275 τῶν
1550 5238 1680 5293 νοση
1690 5224 1786 5289 μά-

197 5321 323 5370 των,
352 5305 488 5378 ὅσην
533 5307 561 5359 6
614 5304 797 5377 ἰατρὸς
846 5294 1164 5374 ἐπεποίητο⁸
1193 5303 1431 5374 σπουδὴν
1478 5304 1784 5371 ἀπαλλάξαι

197 5388 397 5451 αὐτοὺς
424 5388 525 5459 τῆς
558 5386 1025 5459 ἀῤῥωστίας.”οτε
1071 5384 1253 5438 τοίνυν
1298 5386 1516 5458 πλήρης
1543 5390 1571 5442 6
1594 5389 1783 5443 σύλλο-

198 5487 291 5536 γος
314 5471 496 5526 αὐτῶν
520 5468 607 5546 ἧν,
641 5474 735 5526 καὶ
767 5473 879 5543 ἀπη
889 5470 1173 5543 ρτισμένον
1197 5470 1258 5524 16
1281 5470 1527 5542 θέατρον,
1552 5474 1671 5527 τότε
1705 5477 1785 5541 εἰς

202 5555 367 5620 μέσον
395 5555 684 5627 ἐρχόμενος
727 5554 798 5608 τὰ
843 5555 978 5627 πρὸς
1008 5554 1104 5626 τὴν
1131 5554 1403 5625 σωτηρίαν
1434 5558 1532 5621 τῆς
1558 5557 1783 5612 ἐκείνων

197 5636 376 5707 ψυχῆς
420 5639 780 5695 ἐπεδείκνυτο.
815 5638 1116 5692 Κατέκειτο
1162 5638 1342 5692 τοίνυν
1378 5638 1582 5710 πλῆθος
1620 5641 1783 5695 ἀσθε-

201 5719 433 5775 νούντων
468 5723 835 5795 ἐκδεχομένων
876 5722 973 5794 τὴν
1012 5719 1105 5775 τοῦ
1145 5721 1334 5786 ὓδατος
1368 5723 1601 5795 κίνησιν,
1636 5725 1729 5778 καὶ
1757 5727 1784 5778 6

202 5802 301 5869 μὲν
353 5807 571 5875 πρῶτος
624 5805 968 5860 καταϐαίνων
1003 5804 1363 5878 ἐθεραπεύετο
1394 5808 1530 5878 μετὰ
1560 5808 1658 5879 τὴν
1687 5806 1781 5861 τοῦ

518 5923 789 5982 Ρηιιοι.
836 5923 950 5982 Gn.
1002 5921 1282 5984 XLVIII.

920 346 1008 402 DE
1044 345 1321 404 CHRISTI
1362 347 1779 417 DIVINITATE,
1820 348 2096 404 CONTRA
2137 345 2523 405 ANOMGEOS.
2563 346 2679 403 XII.

3340 342 3449 398 806

1866 458 2057 525 ὕδατος
2086 460 2321 532 κίνησιν,
2355 461 2383 512 6
2408 461 2466 513 δὲ
2495 457 2746 526 δεύτερος
2779 456 2878 510 οὐκ
2906 454 2986 508 ἔτι
3005 472 3018 486 ·
3057 454 3169 508 ἀλλ’
3189 456 3451 528 ἀνηλοῦτο

1860 541 1923 595 16
1950 543 2261 614 φάρμακον,
2296 542 2600 596 ἐδαπανᾶτο
2631 544 2664 613 ἡ
2705 540 2916 613 ἰατρεία
2947 539 3050 610 τῆς
3077 539 3317 611 χάριτος,
3342 538 3449 593 λοι-

1864 625 1964 679 πὸν
1996 626 2179 699 ἔρημα
2216 627 2284 680 τά
2316 627 2485 680 ὕδατα
2517 625 2698 697 ἔμενε,
2726 626 2837 697 τῆς
2860 624 2953 679 τοῦ
2980 623 3198 696 πρώτου
3217 636 3244 665 ι
3279 643 3451 679 κατα-

1865 709 2141 775 ϐαίνοντος
2170 712 2486 784 ἀρρωστίας
2517 710 2666 765 ἅπαν
2700 709 3126 781 ἀναμαξαμένης
3151 709 3301 763 αὑτό.
3342 709 3453 763 Καὶ

1869 795 2015 862 μάλα
2046 795 2305 859 εἰκότως²
2335 794 2557 867 δουλικὴ
2587 796 2696 866 γάρ
2720 790 2789 865 ἦν
2817 797 2849 865 ή
2880 793 3059 865 χάρις.
3431 821 3440 830 ·

1949 1026 2088 1081 Ἀλλ’
2117 1028 2235 1097 οὐχ,
2272 1028 2361 1081 ὅτε
2390 1029 2418 1081 6
2444 1029 2721 1099 Δεσπότης
2760 1028 3113 1099 παρεγένετο,
3143 1028 3317 1092 οὕτως
3341 1027 3457 1095 ἐγί-

1863 1127 2005 1176 νετο,
2041 1109 2163 1163 οὐδὲ
2207 1113 2237 1164 6
2281 1111 2497 1182 πρῶτος
2547 1112 2894 1167 καταϐαίνων
2934 1114 3015 1176 εἰς
3041 1114 3141 1185 τὴν
3183 1112 3458 1183 κολυμϐή-

1866 1196 2002 1267 θραν
2032 1195 2143 1248 τῶν
2170 1194 2379 1250 ὑδάτων
2411 1195 2505 1249 τοῦ
2534 1196 2909 1267 βαπτίσματος
2958 1196 3320 1267 ἐθεραπεύετο
3357 1196 3456 1266 μό-

1865 1296 1976 1343 νος,
2009 1277 2146 1332 ἀλλά
2173 1280 2267 1332 καὶ
2293 1280 2321 1333 6
2352 1280 2584 1350 πρῶτος,
2628 1278 2782 1351 [549]
2811 1280 2906 1333 καὶ
2933 1283 2961 1334 6
2989 1281 3262 1353 δεύτερος,
3293 1279 3387 1334 καὶ
3427 1280 3456 1332 6

1865 1362 2069 1436 τρίτος,
2101 1363 2197 1418 καὶ
2236 1364 2266 1417 6
2297 1362 2580 1434 τέταρτος,
2616 1363 2712 1417 καὶ
2757 1365 2786 1417 6
2831 1362 3078 1428 δέκατος,
3122 1364 3218 1418 καὶ
3252 1365 3283 1418 6
3311 1364 3456 1417 εἰκο-

1869 1447 1993 1510 στός
2012 1463 2026 1478 ο
2056 1446 2162 1500 κάν
2186 1445 2416 1518 μυρίους
2435 1448 2616 1517 εῖτίῃς,
2634 1447 2736 1501 κᾶν
2756 1446 2837 1511 δὶς
2856 1446 3163 1513 τοσούτους,
3189 1445 3293 1501 κᾶν
3312 1446 3454 1517 τρὶς.

1868 1529 1972 1583 κᾶν
1998 1529 2284 1600 ἀπείρους
2325 1527 2405 1600 τῷ
2436 1529 2651 1600 πλήθει,
2688 1528 2793 1583 κᾶν
2823 1528 2922 1600 τὴν
2951 1529 3278 1599 οἰκουμένην
3316 1528 3463 1582 ἀπα-ι

1869 1627 1968 1665 σαν
1996 1611 2242 1685 ἐμϐάλῃς
2284 1613 2365 1676 εἰς
2388 1612 2488 1684 τὴν
2520 1611 2911 1684 κολυμϐήθραν
2936 1612 3045 1665 τῶν
3080 1612 3308 1676 ὑδάτων,
3339 1609 3463 1665 οὐδὲ

1868 1695 2010 1748 κατά
2045 1695 2241 1767 μικρὸν
2284 1694 2605 1750 ἐλαττοῦται
2632 1697 2666 1767 ή
2696 1697 2876 1767 χάρις,
2908 1695 3022 1749 ἀλλ’
3049 1697 3083 1767 ἡ
3113 1696 3253 1768 αὑτὴ
3285 1694 3457 1766 μένει,

1869 1780 2077 1842 πάντας
2103 1779 2348 1844 ἐκείνους
2385 1779 2746 1851 καθαίρουσα.
2776 1779 3042 1833 Τοσοῦτον
3070 1780 3132 1833 τὸ
3154 1779 3315 1851 μέσον
3334 1778 3459 1832 6on—

1867 1861 2026 1933 λικῆς
2065 1862 2369 1934 δυνάμεως,
2410 1865 2505 1917 καὶ
2537 1864 2862 1934 δεσποτικῆς
2894 1863 3202 1928 αύθεντίας.
3220 1864 3461 1926 Ἐκεῖνος

1868 1945 1966 2001 ἐνα
1990 1946 2380 2019 ἐθεράπευσεν,
2395 1942 2551 2023 οὗτος
2577 1947 2677 2019 τὴν
2698 1947 3024 2019 οἰκουμένην
3050 1949 3289 2003 ἅπασαν·
3312 1948 3459 2001 ἐκεῖ·

1870 2048 1959 2095 νος
1992 2030 2079 2085 διὰ
2123 2030 2216 2085 τοῦ
2265 2030 2514 2086 ἐνιαυτοῦ
2555 2032 2671 2097 Eva,
2702 2027 2857 2094 οὗτος
2906 2031 3029 2084 καθ’
3049 2032 3287 2103 ἑκάστην
3323 2029 3463 2102 ἡμέσ

1875 2132 1995 2187 ραν,
2029 2116 2078 2168 εἰ
2115 2114 2294 2185 βούλει
2330 2115 2556 2189 μυρίους
2587 2114 2867 2187 ἐμϐαλεῖν,
2899 2114 3149 2181 ἅπαντας
3193 2113 3463 2183 ὑγιαίνον-

1869 2216 1970 2263 τας
2020 2199 2379 2254 ἀποδίδωσινο
2413 2202 2624 2264 ἐκεῖνος
2654 2198 2994 2270 καταϐαίνων
3030 2198 3124 2252 καὶ
3171 2198 3463 2270 ταράσσων

1869 2283 1931 2336 16
1974 2281 2137 2354 ὕδωρ,
2168 2277 2323 2347 οὗτος
2366 2284 2467 2353 οὐχ
2497 2281 2690 2346 οὕτως,
2723 2268 2837 2335 ἀλλ’
2867 2282 3031 2353 ἀρκεῖ
3080 2268 3259 2352 ψιλὴν
3294 2276 3461 2335 αὑτοῦ

1871 2364 2095 2419 καλέσαι
2125 2366 2227 2436 τὴν
2254 2366 2624 2438 προσηγορίαν
2662 2366 2756 2418 ἐπὶ
2786 2364 2895 2418 τῶν
2920 2365 3129 2418 ὑδάτων
3159 2363 3342 2435 μόνον,
3366 2362 3462 2415 καὶ

1872 2451 2052 2502 πᾶσαν
2097 2450 2283 2513 αὐτοῖς
2313 2449 2673 2504 ἐναποθέσθαι
2707 2448 3002 2520 θεραπείας
3029 2447 3308 2502 ὑπόθεσιν.
3340 2447 3460 2501 Κά-

1872 2534 2048 2596 κεῖνος
2100 2532 2203 2602 μὲν
2256 2533 2524 2603 σωμάτων
2575 2533 2828 2603 πήρωσιν
2857 2533 2993 2596 ἰᾶτο,
3016 2525 3171 2595 οὗτος
3196 2530 3254 2584 δὲ
3278 2529 3469 2599 ψυχῆς·

1872 2616 2070 2671 κακίαν
2095 2614 2402 2688 διορθοῦται
2420 2616 2472 2672 δ.
2490 2617 2651 2689 Ὁρᾷς
2695 2614 2813 2679 πῶς
2856 2615 2946 2669 διὰ
2994 2615 3213 2669 πάντων
3239 2612 3375 2667 πολὺ
3404 2612 3469 2666 16

1875 2700 2043 2769 μέσον
2070 2701 2166 2755 καὶ
2194 2700 2421 2779 ἄπειρον
2451 2700 2702 2771 φαίνεται
2732 2716 2745 2765 ;

1946 2913 2010 2985 β’.
2043 2911 2343 2966 Κατέκειτο
2369 2911 2546 2965 τοίνυν
2577 2909 2783 2981 πλῆθος
2809 2908 3181 2964 ἀσθενούντων
3199 2908 3468 2978 ἀναμένον

1873 2998 1974 3069 τὴν
2001 2997 2095 3049 τοῦ
2131 2995 2323 3058 ὕδατος
2353 2994 2594 3065 κίνησιν’
2627 2994 2723 3047 καὶ
2757 2994 2866 3063 γὰρ
2894 2994 3128 3067 ἰατρεῖον
3153 2986 3221 3063 ἦν
3252 2993 3281 3045 6
3303 2991 3466 3054 τόπος

1877 3078 2265 3149 πνευματικόν.
2289 3077 2559 3150 Καθάπερ
2589 3072 2682 3131 οῦν
2708 3078 2767 3130 ἐν
2796 3076 3018 3148 ἰατρείῳ
3050 3073 3285 3138 πολλοὺς
3317 3073 3467 3127 ἐστιν

1878 3165 2006 3217 ἰδεῖν
2028 3162 2121 3215 τὸν
2144 3158 2421 3230 ὀφθαλμὸν
2450 3157 2917 3230 ἐκκεκομμένους,
2949 3156 3385 3229 πεπηρωμένους
3406 3154 3468 3207 τὸ

1878 3247 2090 3310 σκέλος,
2120 3244 2248 3299 ἀλλο
2278 3244 2437 3316 μέλος
2465 3242 2905 3316 ἀρρωστοῦντας.
2930 3235 3050 3295 εἶτα
3075 3241 3229 3311 κοινῇ
3260 3239 3470 3302 πάντας

1879 3329 2353 3402 συγκαθημένους,
2375 3327 2491 3402 ,καὶ
2526 3328 2617 3381 τὸν
2663 3327 2853 3397 ἰατρὸν
2883 3325 3285 3398 ἀναμένοντας*
3326 3322 3470 3377 οὕτω

1877 3416 1941 3487 δὴ
1959 3398 2065 3468 καὶ
2089 3398 2147 3465 ἐν
2174 3398 2477 3484 ἐκείνῳ’τῷ
2505 3409 2689 3482 χωρίῳ
2715 3408 2777 3462 16
2810 3403 3013 3480 πλῆθος
3038 3406 3147 3462 τῶν
3168 3406 3468 3487 συνεληλυ-

1880 3486 2051 3553 θότων
2078 3492 2146 3568 ἦν
2183 3496 2331 3550 ἰδεῖν.
2350 3496 2455 3549 Ἑν
2484 3494 2728 3559 ταύταις
2757 3492 2887 3558 ταῖς
2914 3491 3116 3558 στοαῖς
3148 3486 3229 3563 ἦν
3255 3508 3345 3556 τις
3367 3489 3471 3543 ἄν·

1880 3585 2114 3651 θρωπος
2151 3578 2470 3648 τριάκοντα
2497 3576 2598 3631 καί
2620 3574 2773 3630 ὀκτὼ
2797 3575 2901 3643 ἐτη
2924 3575 3083 3645 ἔχων⁵
3099 3575 3168 3628 ἐν
3196 3573 3271 3643 τῇ
3293 3574 3472 3628 d003-

1879 3666 2011 3733 νείᾳ
2043 3662 2250 3718 αὐτοῦ.
2281 3661 2504 3716 Τοῦτον
2532 3659 2674 3714 ἰδὼν
2694 3662 2727 3714 ό
2756 3657 2988 3727 Ἰησοῦς
3017 3659 3469 3729 κατακείμενον,

1881 3749 1979 3802 καί
2009 3747 2195 3818 γνοὺς
2233 3745 2323 3799 ὅτι
2350 3744 2469 3813 ἤδη
2503 3742 2704 3797 πολὺν
2740 3743 2966 3812 χρόνον
2996 3742 3143 3811 ἔχει,
3170 3740 3333 3812 λέγει
3362 3742 3470 3795 αὐ-

1881 3828 1963 3896 τῷ
1984 3846 1998 3861 ·
2038 3829 2247 3895 Θέλεις
2283 3826 2463 3897 ὑγιὴς
2512 3824 2830 3897 γενέσθαι;
2879 3824 3185 3893 Ἀπεκρίθη
3231 3820 3392 3889 αὐτῷ
3440 3825 3474 3878 ό

1882 3912 2151 3981 ἀσθενὴς
2176 3912 2277 3966 καί
2303 3906 2454 3976 εἷπε,
2480 3908 2615 3974 Ναί,
2654 3909 2834 3977 Κύριε
2854 3922 2866 3935 ·
2895 3906 3211 3975 ἄνθρωπον
3248 3905 3317 3960 δὲ
3360 3907 3472 3963 οὐκ

1882 3996 2020 4066 ἔχω,
2058 3996 2159 4058 ἵν’,
2185 3994 2334 4047 ὅταν
2358 3990 2632 4062 ταραχθῇ
2657 3991 2726 4044 τὸ
2753 3990 2931 4059 ὕδωρ,
2953 3988 3124 4057 ,βάλῃ
3155 4006 3228 4055 με
3250 3991 3338 4055 είς
3358 3986 3474 4057 τὴν

1882 4077 2335 4148 κολυμϐήθραν-ο
2379 4075 2449 4130 ἐν
2488 4068 2536 4140 ᾧ
2574 4073 2643 4128 δὲ
2686 4072 2801 4144 ἐγὼ
2836 4073 3101 4143 ἔρχομαι,
3128 4072 3321 4138 ἄλλος
3359 4071 3473 4140 πρὸ

1882 4160 2028 4230 ἐμοῦ
2071 4160 2431 4214 καταϐαίνει.
2468 4158 2627 4221 Τίνος
2656 4156 2842 4210 ἕνεκεν
2871 4156 2999 4219 τοὺς
3033 4154 3225 4219 ἄλλους
3262 4155 3477 4218 πάντας

1885 4240 2261 4315 παραδραμὼν
2289 4243 2318 4294 6
2357 4240 2587 4312 Ἰησοῦς,
2624 4240 2762 4312 πρὸς
2788 4238 2974 4293 τοῦτον
2999 4233 3196 4309 ἧλθεν;
3229 4237 3349 4290 Ἵνα
3378 4237 3476 4290 καὶ

1882 4326 1980 4395 τὴν
2007 4324 2258 4396 δύναμιν,
2294 4324 2386 4377 καὶ
2412 4323 2511 4395 τὴν
2551 4322 2966 4395 φιλανθρωπίαν
3004 4322 3337 4390 ἐνδείξηταιο
3375 4318 3476 4389 τὴν

1883 4408 2110 4480 δύναμιν
2139 4409 2260 4478 μὲν,
2285 4408 2366 4461 ὅτι
2405 4407 2467 4461 16
2494 4407 2711 4479 νόσημα
2744 4405 2931 4460 λοιπὸν
2964 4404 3182 4459 ἀνίατον
3207 4404 3470 4474 ἐγεγόνει,

1884 4493 1978 4546 καὶ
2004 4493 2105 4556 είς
2149 4489 2460 4562 ἀμηχανίαν
2509 4490 2884 4562 περιειστήκει
2915 4488 2983 4542 τὰ
3015 4489 3115 4559 τῆς
3164 4487 3476 4561 ἀρρωστίας

1884 4576 2033 4648 αὐτῷ
2056 4592 2070 4604 ·
2113 4577 2212 4646 τὴν
2242 4576 2299 4629 δὲ
2329 4573 2764 4647 φιλανθρωπίαν,
2807 4575 2889 4628 δτι
2930 4574 3024 4628 τὸν
3058 4572 3294 4645 μάλιστα
3327 4571 3477 4637 ἀξιον

1883 4662 2013 4715 ὅντα
2059 4658 2241 4722 ἐλέους
2291 4658 2386 4712 καὶ
2437 4656 2779 4729 εὐεργεσίας,
2808 4656 2999 4711 τοῦτον
3032 4657 3138 4728 πρὸ
3165 4655 3276 4710 τῶν
3300 4654 3477 4709 ἄλλων

1884 4741 2026 4798 εῖδεν
2054 4744 2082 4796 6
2109 4739 2366 4813 κηδεμὼν
2395 4741 2489 4794 καὶ
2519 4738 2922 4813 φιλάνθρωπος.
2953 4742 3045 4812 Μὴ
3089 4739 3153 4813 δὴ
3193 4738 3477 4811 παραδρά-

1889 4843 2078 4898 μωμεν
2109 4825 2295 4888 ἁπλῶς
2318 4824 2378 4878 16
2403 4824 2622 4896 χωρίον,
2654 4824 2788 4896 μηδὲ
2814 4824 2908 4878 16v
2936 4822 3168 4895 ἀριθμὸν
3191 4820 3301 4877 τῶν
3320 4820 3477 4894 τριά-

1886 4926 2051 4964 κοντα
2072 4910 2168 4963 καὶ
2193 4906 2339 4962 ὀκτὼ
2369 4906 2525 4973 ἐτῶν,
2562 4902 2638 4961 ὧν
2665 4903 2811 4979 εἶχεν
2834 4908 2891 4960 ἐν
2915 4909 2981 4977 τῇ
3006 4904 3262 4976 ἀσθενείᾳ
3286 4902 3472 4958 αὑτοῦ.

1898 4993 2272 5047 Ἀκουέτωσαν
2300 4992 2560 5056 ἅπαντες,
2590 4992 2703 5045 ὅσοι
2724 4990 2885 5063 πενίᾳ
2907 4989 3195 5044 παλαίουσι
3215 4988 3473 5058 διηνεκεῖ,

1885 5078 2000 5131 ὅσοι
2027 5076 2123 5130 καὶ
2146 5076 2428 5148 ἀρρωστίᾳ
2459 5073 2715 5141 συζῶσιν,
2743 5075 2857 5128 ὅσοι
2888 5072 3238 5146 περιστάσεις
3269 5071 3475 5141 ὑπομέ-

1886 5177 2036 5214 νουσι
2064 5159 2407 5231 πραγμάτων
2442 5158 2732 5230 βιωτικῶν,
2768 5159 2882 5213 ὅσοι
2927 5156 3173 5230 χειμῶνα
3207 5154 3302 5210 καὶ
3350 5153 3476 5208 κλυιέ

1886 5244 2074 5298 δώνιον
2100 5243 2208 5297 τῶν
2227 5243 2506 5315 ἀδοκήτων
2532 5244 2848 5314 ὑπέστησαν
2869 5242 3077 5296 κακῶν.
3104 5241 3297 5304 Κοινὺς
3321 5232 3476 5301 οὗτος

1886 5335 1914 5386 6
1945 5330 2313 5405 παραλυτικὸς
2341 5331 2517 5384 κεῖται
2542 5328 2707 5401 λιμὴν
2734 5327 2844 5381 τῶν
2873 5326 3232 5399 ἀνθρωπίνων
3266 5341 3475 5395 συμφο-

1892 5416 2019 5486 ρῶν.
2055 5414 2247 5477 Οὐδεὶς
2278 5414 2387 5486 γάρ
2417 5412 2593 5476 οῦτως
2622 5411 2847 5482 ἠλίθιος,
2885 5410 3061 5473 οὐδεὶς
3084 5408 3260 5473 οὕτως
3293 5407 3477 5471 ἄθλιος

1887 5500 1981 5553 καὶ
2013 5499 2377 5570 ταλαίπωρος,
2396 5498 2472 5562 ὼς
2500 5499 2636 5569 πρὸς
2655 5495 2844 5573 τοῦτον
2873 5495 3184 5567 ἀφορῶντα,
3209 5494 3283 5566 μὴ
3299 5492 3478 5549 πάντα

1951 5755 1975 5784 ⁸
2000 5755 2124 5816 Reg.
2148 5752 2232 5801 τοῦ
2253 5755 2468 5817 πρῴτως.

1950 5817 1977 5856 b
2004 5813 2138 5866 Edi'ti
2155 5813 2436 5879 διορθοῦται,
2472 5816 2594 5878 Reg.
2618 5813 2891 5879 διωρθοῦτο.

3068 5914 3142 5971 18
