3918 6360
465 293 574 346 805

446 410 513 465 τὰ
547 410 867 480 ἐπαγόμενα
905 411 1093 484 φέρειν
1136 414 1399 482 γενναίως
1425 416 1521 469 καί.
1551 417 1689 487 μετά
1723 417 2033 490 προθυμίας

446 494 679 563 ἀπάσης.
705 491 768 546 Εἰ
795 492 903 563 γὰρ
965 495 1168 575 είκοσιν
1208 497 1301 567 ἐτη
1335 493 1423 569 ἦν,
1452 500 1501 552 εἰ
1530 500 1636 571 γὰρ
1664 498 1819 566 δέκα,
1851 502 1899 555 εἰ
1928 502 2037 575 γὰρ

446 576 609 629 πέντε
640 576 824 646 μόνον,
854 579 956 632 οὐκ
995 574 1065 651 ἦν
1101 580 1261 634 ἰκανὰ
1285 582 1538 637 διαλῦσαι
1570 584 1738 638 αὐτοῦ
1763 586 1855 639 τὸν
1882 574 2038 642 τόνον

447 658 547 729 τῆς
571 658 789 730 ψυχῆς;
826 660 884 715 '0
911 662 970 716 δὲ
995 664 1290 735 τριάκοντα
1325 667 1420 720 καὶ
1445 666 1589 720 ὀκτὼ
1616 668 1710 741 ἐτη
1738 671 1910 740 μένει,
1942 672 2039 725 καὶ

444 744 546 796 οὐκ
592 742 907 811 ἀφίσταται,
942 747 1036 799 καὶ
1069 747 1270 818 πολλὴν
1303 750 1674 806 ἐπιδείκνυται
1700 753 1800 824 τὴν
1830 754 2037 825 ὑπομο-

446 829 565 899 νήν.
599 828 751 899 Τάχα
777 830 907 901 ὑμῖν
938 831 1253 903 θαυμαστὸν
1281 830 1422 889 εἰναι
1455 836 1605 891 δοκεῖ
1628 837 1725 891 τοῦ
1753 839 1945 911 χρόνου
1975 840 2037 894 τὸ

447 916 646 986 μῆκος,
685 915 801 970 ἀλλ’
831 916 927 970 ἐὰν
955 916 1229 990 ἀκούσητε
1254 920 1435 976 αὐτῶν
1460 921 1571 977 τῶν
1601 924 1883 996 ῥημάτων,
1911 925 2035 980 τότε

446 1000 683 1068 μάλιστα
710 1000 921 1054 εἰσεσθε
950 999 1101 1073 [550]
1132 1003 1298 1057 αὐτοῦ
1324 1004 1425 1076 τὴν
1454 1007 1773 1077 φιλοσοφίαν
1803 1008 1900 1063 καὶ
1932 1008 2033 1081 τὴν

444 1085 721 1157 ὑπομονὴν
754 1086 994 1141 ἃπασαν.

521 1323 754 1395 Ἐπέστη
785 1325 814 1378 6
854 1322 1083 1397 Ἰησοῦς,
1108 1327 1205 1381 καὶ
1230 1326 1379 1397 λέγει
1412 1327 1599 1400 αὐτῷ·
1630 1327 1836 1396 Θέλεις
1855 1330 2034 1401 ὑγιὴς

434 1408 755 1478 τενέσθαι;
792 1411 904 1464 Καὶ
942 1412 1027 1472 τίς
1060 1411 1129 1466 ἂν
1156 1411 1313 1466 τοῦτο
1336 1414 1627 1484 ἠγνόησεν,
1654 1414 1740 1468 ὅτι
1781 1414 2032 1469 ἐϐούλετο

439 1493 692 1561 γενέσθαι
714 1495 903 1566 ὑγιής;
929 1491 1198 1559 Τίνοςιοῦν
1222 1496 1408 1550 ἕνεκεν
1431 1499 1613 1570 ἐρωτᾷ
1629 1514 1643 1562 ;
1661 1497 1778 1555 Οὐκ
1794 1498 2028 1569 ἀγνοῶνο

437 1577 466 1627 6
493 1578 603 1647 γὰρ
623 1577 693 1631 τά
712 1579 1002 1651 ἀπόρρητα
1022 1579 1122 1649 τῆς
1148 1580 1387 1645 διανοίας
1414 1580 1592 1644 εἰδὼς,
1624 1581 1806 1653 πολλῷ
1829 1584 2032 1654 μᾶλλον

433 1661 504 1712 τά
529 1660 666 1730 δῆλα
696 1663 791 1715 καὶ
813 1662 959 1733 σαφῆ
984 1664 1149 1717 πᾶσιν
1172 1664 1461 1733 ἠπίστατο.
1489 1665 1643 1730 Τίνος
1674 1666 1862 1721 ἐνεκεν
1885 1668 2031 1741 ἠρώ-

432 1760 540 1802 τας
578 1745 787 1818 ’Ὥσπερ
819 1746 943 1799 τότε
973 1746 1052 1817 τῷ
1086 1748 1459 1821 ἑκατοντάρχῃ
1490 1749 1691 1820 φησίν·
1739 1751 1882 1821 Ἐγὼ
1916 1752 2030 1807 ἐλ-

434 1827 556 1882 θὼν
587 1830 934 1897 θεραπεύσω
964 1832 1174 1896 αὐτὸν,
1224 1833 1327 1888 οὐκ
1364 1834 1575 1902 ἀγνοῶν
1616 1834 1762 1907 άπερ
1793 1836 2028 1908 ήμελλεν

432 1913 600 1983 ἐρεῖν,
630 1913 768 1967 ἀλλά
793 1914 1058 1986 προειδὼς
1085 1916 1181 1970 καὶ
1213 1917 1422 1989 σφόδρα
1446 1917 1694 1993 ἀκριϐῶς
1728 1921 2030 1993 ἐπιστάμε-

432 2013 542 2062 νος,
577 1996 674 2050 καὶ
702 1996 1026 2069 βουλόμενος
1053 2000 1231 2071 ἀρχὴν
1269 1988 1420 2071 αὐτῷ
1459 1988 1785 2057 δοῦναι’σιαὶ
1812 1988 2027 2076 πρόφα-

434 2097 539 2145 σιν,
574 2080 717 2134 ὥστε
747 2081 848 2153 τὴν
898 2083 958 2134 ἐν
1004 2086 1132 2155 σκιᾷ
1179 2084 1485 2156 ἐκκαλύψαι
1515 2087 1684 2142 πᾶσιν
1714 2087 2021 2154 εὐλάϐειαν,

428 2165 527 2217 καὶ
556 2166 731 2217 εἰπεῖν
752 2179 766 2193 '
799 2164 920 2234 Μὴ,
953 2166 1163 2233 Κύριεο
1187 2169 1260 2222 οὐ
1279 2167 1390 2239 γάρ
1413 2171 1531 2239 ειμι
1571 2169 1881 2237 ἆξιος,ῖνα
1902 2190 2025 2242 μου

428 2247 550 2300 ὑπὸ
578 2246 695 2316 τὴν
722 2248 953 2317 στέγην
975 2250 1280 2319 εἰσέλθῃς·
1311 2249 1454 2306 οὕτω
1480 2252 1575 2306 καὶ
1596 2255 1689 2307 ἐπὶ
1715 2254 1808 2308 τοῦ
1840 2272 2024 2328 παρα-

436 2331 733 2402 λελυμένου
771 2345 797 2374 α
832 2332 1046 2398 τούτου,
1085 2333 1246 2398 εἰδὼς
1274 2333 1419 2407 άπερ
1439 2336 1673 2409 ἤμελλεν
1700 2340 1867 2409 ἐρεῖν,
1892 2340 2023 2411 ἐρω-

426 2416 498 2487 τᾷ
547 2417 597 2468 εἰ
659 2416 901 2486 βούλοιτο
959 2416 1406 2489 θεραπευθῆναι,
1449 2420 1550 2474 οὐκ
1600 2422 1790 2495 ἐπειδὴ
1837 2425 2022 2495 ἠγνόει

425 2498 603 2566 τοῦτο,
650 2500 764 2554 ἀλλ’
805 2501 894 2554 ἵνα
935 2501 1196 2575 παράσχῃ
1242 2502 1392 2574 αὐτῷ
1436 2521 1560 2558 τινα
1605 2506 1879 2578 πρόφασιν
1925 2510 2024 2565 καὶ

425 2584 683 2656 ἀφορμὴν
727 2584 1148 2656 ἐκτραγῳδῆσαι
1191 2585 1292 2657 τὴν
1332 2587 1541 2642 οἰκείαν
1589 2593 1896 2663 συμφορὰν,
1926 2594 2021 2647 καὶ

424 2669 679 2738 γενέσθαι
705 2668 1026 2722 διδάσκαλον
1062 2670 1359 2741 ὑπομονῆς.
1401 2673 1463 2726 Εἰ
1500 2672 1612 2747 γὰρ
1639 2679 1765 2747 σιγῇ
1794 2677 1887 2732 τὸν
1920 2678 2019 2732 άν-

425 2754 644 2825 θρωπον
677 2751 1070 2825 ἐθεράπευσεν,
1108 2753 1496 2826 ἐζημιώθημεν
1525 2757 1592 2811 ἂν
1618 2757 1780 2831 ἡμεῖς
1812 2760 2018 2833 ζημίαν

422 2838 523 2909 τὴν
553 2837 811 2909 ἐσχάτην,
848 2837 923 2909 μὴ
951 2836 1215 2908 μαθόντες
1241 2839 1405 2893 αὑτοῦ
1434 2841 1535 2912 τῆς
1554 2842 1735 2915 ψυχῆς
1753 2844 1852 2917 τὴν
1879 2864 2017 2919 καρο

420 2920 630 2993 τερίαν.
650 2921 707 2974 'U
739 2920 798 2974 δέ
830 2921 1068 2992 Χριστὸς
1100 2921 1161 2974 οὐ
1200 2921 1269 2976 τά
1303 2924 1548 2994 παρόντα
1577 2926 1883 2999 διορθοῦται
1920 2931 2016 3002 μό-

278 3034 283 3041 ~
392 3023 534 3069 ’νον,
569 3004 707 3060 ἀλλά
751 3006 847 3059 καὶ
893 3005 962 3060 τὰ
1013 3004 1275 3078 μέλλοντα
1302 3007 1502 3080 πολλῆς
1529 3010 1673 3078 ἀξιοῖ
1698 3013 1798 3086 τῆς
1822 3015 2017 3086 ἐπιμε-

419 3090 593 3155 λείας.
623 3088 954 3144 Διδάσκαλον
985 3089 1167 3145 τοίνυν
1206 3090 1338 3145 ὄντα
1377 3092 1543 3147 αὑτὸν
1576 3098 1875 3169 καρτερίας
1921 3101 2017 3153 καὶ

419 3174 702 3246 ὑπομονῆς
735 3172 941 3227 ἅπασιν
983 3171 1283 3245 ἐξεκάλυψε
1311 3179 1426 3241 τοῖς
1456 3178 1554 3249 τὴν
1585 3178 1911 3254 οἰκουμένην
1939 3184 2018 3235 οἱ-

417 3260 597 3324 κοῦσι,
643 3256 731 3311 διὰ
761 3257 862 3328 τῆς
899 3258 1222 3328 ἐρωτήσεως
1268 3260 1350 3323 εἰς
1390 3260 1636 3333 ἀνάγκην
1670 3263 1832 3317 αὑτὸν
1880 3265 2016 3318 ἀπο-

417 3343 655 3416 κρίσεως
689 3339 942 3412 ἐμϐαλών
966 3358 980 3373 ο
1019 3341 1224 3409 Θέλεις
1249 3343 1426 3411 ὑγιὴς
1453 3343 1767 3414 γενέσθαι;
1809 3347 1874 3400 Τί
1920 3345 2015 3402 οὖν

416 3427 627 3489 ἐκεῖνος
645 3441 661 3492 ;
686 3425 801 3478 Οὐκ
824 3423 1199 3497 ἐδυσχέρανεν,
1218 3425 1319 3479 οὐκ
1341 3427 1744 3499 ἠγανάκτησεν,
1768 3430 1869 3484 οὐκ
1890 3429 2013 3486 εἰπε

415 3510 555 3583 πρὸς
583 3509 674 3563 τὸν
703 3508 1057 3580 ἐρωτήσαντα
1078 3526 1090 3539 ·
1135 3509 1299 3580 Ὁρᾷς
1334 3526 1403 3581 με
1431 3510 1894 3584 παραλελυμένον,
1920 3517 2013 3571 τὸν

413 3593 609 3665 χρόνον
655 3590 830 3662 ἔγνως
875 3592 967 3646 τὸν
1004 3592 1216 3665 μακρὸν
1245 3593 1346 3664 τῆς
1374 3594 1514 3666 ἐμῆς
1551 3596 1884 3669 ἀρρωστίας,
1915 3601 2012 3655 καὶ

414 3676 628 3748 ἐρωτᾷς
677 3676 727 3728 εί
763 3673 1024 3746 βούλομαι
1064 3675 1326 3744 γενέσθαι
1353 3677 1548 3748 ὑγιής;
1577 3683 1699 3744 ταῖς
1728 3682 1892 3753 ἐμαῖς
1922 3680 2011 3756 ἦλ.

415 3762 510 3824 Θες
546 3758 871 3827 ἐπιγελάσαι
902 3761 1231 3829 συμφοραῖς,
1263 3759 1359 3814 καὶ
1387 3760 1645 3834 ἀλλότρια
1674 3766 2009 3837 κωμῳδῆσαι

412 3844 592 3909 κακά;
628 3842 772 3895 Ἵστε
799 3841 911 3914 γὰρ
941 3841 1016 3906 ὡς
1052 3842 1378 3915 μικρόψυχοι
1397 3844 1425 3884 ι’
1466 3847 1515 3899 οἱ
1546 3846 1818 3917 ἄρρωστοι
1847 3851 2005 3919 εἰσιν,

412 3927 464 3980 εἰ
489 3926 585 3981 καὶ
613 3920 862 3979 ἐνιαυτὸν
893 3926 1052 3997 μόνον
1081 3927 1175 3979 ἐπὶ
1206 3926 1394 3999 κλίνης
1422 3929 1800 3986 κατακλιθεῖεν
1824 3951 1838 3965 ·
1871 3934 2005 3989 ὅπου

410 4012 469 4065 δὲ
490 4010 788 4084 τριάκοντα
816 4009 912 4064 καὶ
940 4008 1084 4064 ὀκτὼ
1113 4010 1207 4082 ἐτη
1230 4011 1293 4065 τὸ
1322 4013 1535 4085 νόσημα
1564 4016 1869 4088 παρετάθη,
1888 4019 2007 4085 πῶς

408 4095 513 4149 οὐκ
539 4094 687 4155 εἰκὸς
714 4094 931 4170 ἃπασαν
952 4094 1265 4167 ἀνηλῶσθαι
1283 4095 1599 4168 φιλοσοφίαν
1625 4100 1684 4153 ἐν
1711 4102 1908 4175 μακρῷ
1928 4104 2006 4175 τῷ

409 4179 587 4252 χρόνῳ
608 4178 1044 4250 δαπανηθεῖσαν,;
1088 4178 1229 4232 Ἀλλ’
1259 4180 1409 4251 ὅμως
1437 4181 1590 4236 οὐδὲν
1613 4184 1856 4240 τοιοῦτον
1880 4187 2006 4241 οὔτε

407 4259 583 4327 εἶπεν,
609 4261 734 4316 οὕτε
764 4262 1046 4332 ἐνενόησεν
1088 4264 1315 4331 ἐκεῖνος,
1347 4264 1487 4319 ἀλλά
1518 4269 1658 4339 μετὰ
1684 4270 1883 4343 πολλῆς
1904 4272 2004 4342 τῆς

407 4347 711 4408 ἐπιεικείας
759 4349 996 4399 ποιεῖται
1044 4345 1144 4418 τὴν
1186 4346 1503 4420 ἀπόκρισιν,
1534 4350 1629 4404 καί
1663 4369 1835 4424 φησι·
1862 4355 2001 4420 Ναὶ,

405 4431 584 4498 Κύριε
609 4445 625 4461 ⁸
654 4429 792 4484 ἀλλ’
823 4428 914 4482 ὅτι
945 4428 1261 4496 ἄνθρωπον
1294 4433 1406 4486 οὐκ
1434 4433 1574 4503 ἔχω,
1607 4435 1708 4501 ἵν’,
1733 4437 1881 4492 ὅταν
1901 4455 2002 4493 τα-

398 4511 600 4581 ρακθῆ
647 4512 715 4566 τὸ
746 4510 1113 4581 ὕδωρ,βάλῃ
1142 4528 1221 4582 με
1267 4516 1354 4581 εἰς
1397 4515 1516 4585 τὴν
1552 4519 1997 4590 κολυμϐήθραν⁸

411 4596 555 4667 Ὅρα
608 4596 751 4649 πόσα
805 4594 1065 4667 συνῆλθεν
1102 4594 1238 4666 ὁμοῦ
1277 4598 1373 4651 καὶ
1408 4598 1501 4655 τὸν
1541 4601 1828 4672 ἄνθρωπον
1870 4607 2000 4659 ἐπο-

404 4678 643 4751 λιόρκει·
697 4680 892 4747 νόσος,
932 4680 1027 4760 καὶ
1078 4680 1272 4746 πενία,
1327 4681 1418 4735 καὶ
1468 4683 1675 4755 ἐρημία
1714 4686 1822 4741 τῶν
1862 4706 1999 4760 προ-

406 4762 777 4834 στησομένων.
834 4765 937 4818 Ἐν
969 4755 1018 4830 ᾧ
1060 4762 1129 4817 δὲ
1330 4763 1599 4836 ἔρχομαι,
1652 4767 1846 4839 ἄλλος
1882 4755 1998 4843 πρὸ

401 4848 551 4918 ἐμοῦ
603 4846 966 4904 καταϐαίνει.
1016 4836 1205 4901 Τοῦτό
1232 4849 1451 4905 πάντων
1488 4836 1870 4925 ἐλεεινότερον,
1902 4836 1998 4913 καὶ

400 4931 548 4986 λίθον
581 4932 713 4986 αὐτὸ
737 4932 923 4987 ἰκανὸν
938 4931 1274 5003 ἐπικάμψαι.
1309 4933 1419 4987 Καὶ
1450 4933 1560 5006 γάρ
1583 4938 1717 5008 ὁρᾷν
1743 4955 1834 5009 μοι
1854 4940 1998 4996 δοκῶ

401 5017 493 5070 τὸν
526 5016 815 5091 ἄνθρωπον
845 5018 1098 5090 ἐρποντα
1138 5018 1263 5073 καθ’
1307 5017 1537 5074 ἕκαστον
1587 5023 1851 5091 ἐνιαυτὸν,
1901 5028 1996 5080 καὶ

399 5102 539 5172 πρὸς
578 5102 711 5156 αὐτὸ
754 5103 816 5156 τὸ
865 5102 1043 5180 στόμα<
1085 5102 1185 5173 τῆς
1222 5102 1610 5178 κολυμϐήθρας
1650 5107 1992 5180 γιγνόμενον,

400 5185 495 5239 καὶ
524 5188 581 5239 ἐν
611 5185 761 5258 αὐτῷ
812 5187 891 5258 τῷ
938 5186 1081 5241 τέλει
1118 5186 1217 5258 τῆς
1260 5189 1509 5261 χρηστῆς
1578 5191 1996 5267 ἐκκρεμάμενον

397 5267 615 5333 ἐλπίδος
661 5268 785 5324 καθ’
824 5269 1055 5324 ἕκαστον
1109 5270 1389 5326 ἐνιαυτόν·
1433 5275 1535 5329 καὶ
1573 5275 1636 5329 τὸ
1675 5277 1741 5349 δὴ
1783 5278 1992 5348 μεῖζον,

1164 298 1219 354 S.
1261 297 1549 371 JUANNIS
1587 301 2076 360 CHRYSOSTOMI
2115 305 2437 364 ARCHIEP.
2464 306 3025 368 CONSTANTINOP.

3623 321 3733 381 808

2141 425 2225 479 ὅτι
2262 426 2434 481 ταῦτα
2479 426 2769 497 ὑπέμεινεν
2796 428 2899 482 οὐκ
2938 429 3030 481 ἐπὶ
3059 427 3153 482 δύο
3176 429 3271 484 καὶ
3296 431 3447 503 τρισί
3480 436 3579 490 καὶ
3601 437 3732 499 δέκα

2138 509 2336 596 ἐτεσιν,
2372 511 2488 564 ἀλλ’
2512 512 2612 596 ἐπὶ
2661 510 2806 565 όκτὼ
2852 514 2948 566 καὶ
2989 514 3307 584 τριάκοντα.
3352 516 3464 571 Καὶ
3498 520 3601 592 τὴν
3635 526 3734 596 μὲν

2138 593 2371 665 σπουδὴν
2404 594 2749 648 ἐπεδείκνυτο
2778 597 2978 662 πᾶσαν,
2994 597 3090 650 τοῦ
3120 597 3181 650 δὲ
3199 599 3414 671 καρποῦ
3444 593 3729 670 ἐξέπιπτε·

2134 678 2228 733 καὶ
2265 681 2294 732 6
2318 679 2416 750 μὲν
2454 672 2652 750 δρόμος
2708 680 2938 748 ἐγίνετο,
2989 680 3183 734 τούτου
3223 682 3281 736 δέ
3316 684 3414 738 τοῦ
3444 685 3735 759 δρόμουτὸ

2136 761 2388 833 βραϐεῖον
2419 764 2626 833 ἐτέρου,
2654 762 2749 816 ἐπὶ
2780 766 2894 826 τοῖς
2934 764 3150 828 πολλοῖς
3178 767 3408 833 ἐκείνοις
3429 769 3577 825 ἔτεσι
3595 788 3611 803 ⁸
3640 776 3734 828 καὶ

2131 846 2193 899 τὸ
2221 846 2285 919 δὴ
2317 845 2720 919 χαλεπώτερον,
2756 847 2839 900 ὅτι
2865 848 2958 900 καὶ
2992 846 3186 913 ἀλλους
3216 851 3732 927 ἀπαλλαττομένους

2133 928 2298 1004 ἐώρα.
2332 931 2475 985 Ἰστε
2501 931 2611 1002 γὰρ
2661 931 2726 1002 δὴ
2773 929 2954 995 τοῦτο,
3012 933 3098 985 ὅτι
3129 933 3239 987 τῶν
3278 937 3496 992 οίκείων
3540 942 3731 995 κακῶν

2132 1014 2529 1087 ἀκριϐεστέραν
2548 1013 2801 1085 αἰσθησιν
2815 1013 3187 1086 λαμϐάνομεν,
3216 1017 3345 1072 ὅταν
3367 1020 3590 1093 ἐτέρους
3615 1027 3729 1088 τοῖς

2129 1098 2315 1162 αὐτοῖς
2347 1098 2747 1170 περιπεσόντας
2769 1096 2921 1170 [55ἰ]
2956 1098 3150 1162 δεινοῖς
3182 1100 3276 1154 καὶ
3308 1101 3730 1176 ἀπαλλαγέντας

2131 1178 2349 1250 ἴδωμεν.
2384 1180 2484 1233 Διά
2518 1180 2680 1234 τοῦτο
2707 1182 2804 1234 καὶ
2835 1183 2866 1234 6
2899 1181 3092 1252 πίνης,
3114 1183 3243 1237 ὅταν
3274 1184 3357 1256 ἴδῃ
3392 1187 3728 1245 πλουτοῦντα

2128 1262 2335 1334 ἕτερον,
2364 1264 2488 1317 τότε
2515 1263 2715 1332 μᾶλλον
2754 1264 2856 1334 τῆς
2893 1265 3100 1329 οἰκείας
3142 1266 3461 1324 αἰσθάνεται
3494 1273 3687 1338 πενίας
3708 1290 3724 1305 ’

2128 1348 2224 1401 καὶ
2256 1351 2285 1401 6
2312 1348 2482 1402 νοσῶν
2507 1347 2690 1403 πλεῖον
2720 1349 2996 1416 ὀδυνᾶται,
3027 1351 3155 1405 ὅταν
3180 1352 3409 1419 πολλοὺς
3429 1355 3539 1409 τῶν
3578 1375 3724 1429 καμ-

2128 1431 2328 1485 νόντων
2365 1431 2448 1504 ἴδῃ
2496 1432 2597 1503 τὴν
2645 1431 2959 1504 ἀρρωστίαν
3010 1432 3405 1506 ἀποθεμένους,
3451 1439 3620 1493 αὐτὸν
3669 1441 3727 1496 δέ

2127 1515 2385 1586 οὐδεμίαν
2417 1517 2611 1587 ἔχοντα
2635 1515 2880 1588 χρηστὴν
2909 1516 3119 1572 ἐλπίδα.
3156 1520 3244 1575 Ἐν
3260 1521 3370 1593 γὰρ
3384 1525 3506 1587 ταῖς
3521 1524 3724 1596 ἐτέρων

2127 1601 2457 1672 εὐπραγίαις
2490 1602 2586 1664 τὰς
2615 1601 2827 1664 οἰκείας
2860 1601 3197 1675 σαφέστερον
3231 1605 3557 1678 καθορῶμεν
3585 1625 3723 1679 συμ-

2126 1685 2302 1756 φοράς
2325 1704 2338 1715 ·
2361 1683 2390 1737 ὃ
2425 1684 2489 1756 δὴ
2525 1684 2622 1738 καὶ
2649 1683 2827 1753 τούτῳ
2866 1683 2989 1737 τότε
3020 1684 3356 1741 συνέϐαινεν.
3405 1688 3546 1745 Ἀλλ’
3572 1691 3724 1760 ὅμως

2125 1769 2223 1822 καὶ
2251 1768 2521 1837 νοσήματι
2545 1767 2641 1820 καὶ¹
2667 1767 2829 1839 πενίᾳ
2848 1768 2945 1821 καὶ
2970 1768 3179 1840 ἐρημίᾳ
3210 1769 3304 1823 ἐπὶ
3324 1772 3583 1837 τοσοῦτον
3605 1774 3723 1845 χρό-

2123 1868 2214 1907 νον
2241 1850 2510 1917 παλαίων,
2535 1852 2631 1905 καὶ
2657 1850 2877 1922 ἐτέρους
2904 1851 3046 1914 ὁρῶν
3076 1852 3609 1925 ἀπαλλαττομένους,
3629 1858 3723 1911 καὶ

2123 1934 2287 1990 αὐτὸν
2332 1936 2761 2007 ἐπιχειρήσαντα
2794 1933 3017 2004 μὲνάεὶ,
3057 1934 3311 2006 ἰσχύοντα
3352 1939 3411 1992 δὲ
3438 1939 3721 2005 οὐδέποτε,

2122 2019 2217 2072 καὶ
2244 2019 2367 2072 οὐδὲ
2399 2018 2538 2089 μετά
2562 2016 2738 2073 ταῦτα
2774 2017 2936 2072 πάλιν
2973 2018 3204 2083 ἐλπίζων
3232 2020 3722 2095 ἀπαλλαγήσεσθαι

2120 2100 2214 2155 τοῦ
2246 2101 2443 2167 δεινοῦ,
2476 2101 2598 2155 οὐδέ
2629 2101 2803 2166 οὕτως
2848 2102 3135 2172 ἀφίστατο,
3165 2104 3305 2158 ἀλλὰ
3325 2107 3447 2158 κατ’
3472 2106 3721 2163 ἐνιαυτὸν

2121 2182 2363 2255 ἔτρεχεν.
2405 2184 2596 2256 Ἡμεῖς
2611 2184 2669 2239 δὲ
2690 2185 2787 2240 ἐὰν
2810 2184 2960 2251 ἀπαξ
2987 2187 3126 2258 πρὸς
3149 2187 3242 2241 τὸν
3265 2189 3399 2243 θεὸν
3430 2189 3721 2262 εύξὼμεθα

2121 2270 2249 2341 περί
2281 2268 2483 2335 ὁτιοῦν,
2512 2270 2606 2324 καὶ
2660 2269 2735 2340 μὴ
2770 2268 3046 2340 λάϐωμεν,
3076 2270 3283 2336 εὐθέως
3327 2273 3590 2346 ἀλύομεν,
3624 2276 3718 2331 καὶ

2120 2355 2200 2417 εἰς
2239 2353 2472 2423 ἀκηδίαν
2515 2352 2754 2425 ἐσχάτην
2803 2354 3282 2425 ἐμπίπτομενσὼς
3318 2356 3417 2429 τῆς
3443 2359 3717 2431 αἰτήσεως

2119 2436 2491 2509 ἀφιστάμεθα,
2520 2437 2788 2509 ἐκλύομεν
2815 2437 2914 2509 τὴν
2952 2437 3209 2510 σπονδήν.

2186 2701 2332 2779 *Δρα
2372 2707 2491 2762 ἐστι
2528 2710 2655 2762 κατ’
2688 2707 2845 2773 ἀξίαν
2879 2709 2912 2779 ἢ
2948 2707 3046 2763 τὸν
3081 2707 3444 2781 παραλυτικὸν
3492 2709 3713 2764 ἐπαίνε-

2117 2811 2228 2853 σαι.
2262 2795 2294 2866 ἢ
2336 2793 2435 2865 τὴν
2474 2792 2754 2866 ἡμετέραν
2795 2796 3021 2847 κακίσαι
3064 2794 3366 2867 ῥᾳθυμίαν;
3408 2792 3580 2857 Ποίας
3606 2793 3716 2865 γάρ

2113 2876 2181 2932 ἂν
2229 2878 2421 2948 εἴημεν
2476 2877 2773 2945 ἀπολογίας
2825 2878 3002 2942 ἄξιοι,
3051 2877 3213 2940 ποίας
3255 2877 3313 2931 δέ
3360 2877 3711 2948 συγγνώμης,

2113 2962 2240 3015 ὅταν
2259 3002 2274 3026 ,
2322 2961 2535 3015 ἐκείνου
2587 2961 2883 3033 τριάκοντα
2925 2962 3021 3015 καὶ
3073 2960 3218 3014 ὀκτὼ
3269 2961 3714 3033 καρτερήσαντος

2117 3046 2235 3119 ἐτη,
2264 3047 2429 3117 ἡμεῖς
2462 3043 2607 3099 οὕτω
2629 3045 2839 3117 ταχέως
2864 3045 3298 3116 άναπίπτωμεν;

2181 3313 2249 3377 γ’.
2288 3306 2354 3361 Τί
2382 3302 2476 3361 οὖν
2518 3306 2547 3360 6
2575 3305 2848 3377 Χριστός;
2883 3305 3015 3360 Ὅτε
3043 3306 3263 3372 ἔδειξεν,
3298 3309 3382 3362 ὅτι
3410 3306 3712 3379 θεραπείας

2109 3389 2260 3455 ἄξιός
2310 3392 2448 3448 ἐστι.
2483 3390 2577 3443 καὶ
2616 3388 2842 3452 δικαίως
2888 3390 2997 3463 πρὸ
3028 3389 3140 3443 τῶν
3183 3390 3358 3445 ἄλλων
3410 3392 3498 3444 ἐπ’
3546 3392 3711 3446 αὑτὸν

2107 3468 2260 3544 ἦλθε,
2283 3474 2376 3526 καὶ
2389 3472 2538 3541 λέγει
2564 3471 2713 3543 αύτῷ
2730 3488 2744 3502 ο
2775 3472 3051 3543 Ἔγειραι,
3075 3466 3356 3542 (iper-161'
3375 3474 3712 3543 κράϐϐατόγ

2108 3571 2249 3619 σου,
2283 3557 2382 3610 καὶ
2405 3554 2731 3625 περιπάτει.
2762 3556 2928 3627 Ὁρᾷς
2962 3556 3081 3620 πῶς
3104 3557 3257 3611 οὐδὲν
3288 3557 3397 3611 ἀπὸ
3416 3557 3526 3611 τῶν
3553 3558 3710 3630 τριά-

2108 3657 2274 3694 κοντα
2305 3641 2400 3694 καὶ
2432 3637 2578 3693 ὀκτὼ
2607 3638 2746 3691 ἐτῶν
2790 3639 3145 3711 παρεϐλάϐη,
3177 3641 3365 3713 ἐπειδὴ
3417 3640 3537 3711 μεθ’
3574 3642 3707 3694 ὐπο-

2110 3725 2279 3796 μονῆς
2303 3724 2503 3795 ἤνεγκε
2541 3722 2601 3776 τὸ
2637 3723 2887 3795 συμϐάν;
2915 3724 2986 3777 Ἢ
3009 3742 3068 3778 τε
3096 3726 3206 3798 γάρ
3230 3725 3374 3798 ψυχὴ
3403 3724 3707 3794 φιλοσοφωο

2106 3809 2240 3878 τέρα
2265 3808 2414 3880 αὑτῷ
2439 3810 2497 3863 ἐν
2529 3807 2606 3878 τῷ
2639 3807 2836 3879 μακρῷ
2863 3807 3039 3879 τούτῳ
3063 3811 3257 3878 γέγονε
3291 3809 3487 3880 χρόνῳ,
3512 3806 3706 3880 ῶσπερ

2105 3892 2164 3944 ἐν
2214 3890 2566 3963 χωνευτηρίῳ
2598 3892 2665 3962 τῇ
2721 3893 2978 3963 συμφορᾷ
3024 3891 3449 3963 δοκιμαζομένη,
3498 3892 3603 3963 τήν
3644 3908 3704 3945 τε

2110 3973 2350 4047 ἰατρείαν
2411 3973 2549 4046 μετά
2600 3973 2849 4039 πλείονος
2879 3973 3237 4045 ἀπελάμϐανε
3274 3973 3450 4045 δόξης.
3486 3974 3564 4027 Οὐ
3593 3972 3705 4045 γάρ

2104 4057 2354 4127 ἄγγελος,
2384 4054 2498 4111 ἀλλ’
2524 4058 2686 4121 αὐτὸς
2705 4061 2732 4111 6
2755 4058 2865 4111 τῶν
2896 4058 3147 4128 ἀγγέλων
3177 4056 3507 4129 ἐθεράπευεν
3535 4057 3703 4109 αὐτὸν

2104 4142 2400 4212 Δεσπότης.
2444 4140 2602 4205 Τίνος
2630 4140 2687 4194 δὲ
2717 4141 2904 4196 ἐνεκεν
2932 4141 3027 4195 καὶ
3054 4141 3153 4213 τὴν
3182 4140 3369 4211 κλίνην
3403 4139 3552 4210 αὐτῷ
3577 4139 3703 4194 ἐκέ-

2102 4225 2261 4279 λευσε
2308 4226 2536 4291 λαϐεἰν;
2575 4226 2727 4291 Ἐνδς
2773 4226 2871 4297 μὲν
2913 4226 3149 4299 μάλιστα
3195 4225 3289 4278 καὶ
3335 4223 3578 4295 πρώτου,
3613 4225 3699 4278 ἵνα

2104 4308 2390 4384 ἀπαλλάξῃ
2404 4311 2591 4363 λοιπὸν
2615 4313 2744 4373 τοὺς
2779 4310 3065 4372 Ἰουδαίους
3088 4308 3191 4379 τῆς
3215 4307 3310 4362 τοῦ
3335 4308 3502 4379 νόμου
3519 4324 3700 4379 παρα-

2101 4411 2167 4466 τη
2178 4395 2408 4465 ρήσεως.
2441 4392 2548 4447 Τοῦ
2570 4393 2680 4465 γὰρ
2709 4393 2861 4465 ήλίου
2881 4392 3181 4460 φαίνοντος,
3205 4390 3389 4445 οὐκέτι
3413 4390 3494 4462 τῷ
3517 4390 3698 4464 λύχνῳ

2100 4476 2489 4548 προσεδρεύειν
2519 4475 2660 4529 ἔδει*
2699 4477 2799 4548 τῆς
2844 4475 3101 4547 ἀληθείας
3145 4474 3474 4546 δειχθείσης,
3513 4475 3696 4529 οὐκέτι

2098 4560 2191 4613 τὸν
2239 4562 2411 4614 τύπον
2449 4560 2730 4632 περιέχειν
2780 4562 2970 4632 ἐχρῆν.
3013 4560 3111 4613 Διά
3157 4558 3338 4623 τοῦτο,
3371 4560 3425 4611 εἰ
3465 4576 3598 4612 ποτε
3635 4559 3698 4613 τὸ

2103 4642 2372 4697 σάϐϐατον
2403 4644 2548 4710 ἔλυε,
2583 4645 2839 4714 μέγιστον
2876 4645 2934 4697 ἐν
2956 4642 3106 4713 αὐτῷ
3139 4644 3361 4714 σημεῖον
3385 4641 3693 4714 εἰργάζετο,

2100 4727 2187 4781 ἴνα
2220 4729 2251 4799 ή
2283 4725 2374 4782 τοῦ
2407 4726 2683 4796 θαύματος
2715 4727 2988 4799 ὑπερϐολὴ
3026 4728 3151 4789 τοὺς
3182 4726 3426 4798 ὁρῶντας
3455 4726 3692 4800 ἐκπλήτ-

2099 4828 2291 4873 τουσα,
2332 4811 2430 4883 τὴν
2472 4811 2574 4882 τῆς
2621 4812 2819 4883 ἀργίας
2865 4812 3250 4884 παρατήρησιν
3308 4808 3450 4863 κατὰ
3495 4812 3693 4882 μικρὸν

2101 4897 2448 4969 ύποσύρουσα
2491 4897 2665 4970 ἐξέλῃ.
2703 4898 2965 4975 Δεύτερον
2996 4896 3073 4961 δέ,
3115 4896 3201 4948 ἵνα
3249 4894 3576 4969 ἐπιστομίσῃ
3597 4897 3693 4949 αὐ-

2096 4979 2207 5033 τῶν
2248 4981 2318 5034 τὰ
2357 4982 2689 5052 ἀναίσχυντα
2717 4983 2981 5053 στόματα.
3029 4978 3249 5050 Ἐπειδὴ
3287 4978 3396 5049 γὰρ
3430 4981 3559 5050 περὶ
3592 4978 3688 5049 τὴν

2097 5063 2276 5135 κρίσιν
2308 5065 2416 5119 τῶν
2451 5064 2747 5136 θαυμάτων
2771 5062 3167 5134 ἐκακούργουν;
3202 5062 3298 5115 καὶ
3324 5063 3389 5132 τῇ
3418 5060 3545 5133 δόξῃ
3581 5062 3687 5115 τῶν

2095 5147 2433 5218 γιγνομένων
2473 5148 2803 5220 ἐπηρεάζειν
2856 5147 3195 5218 ἐπεχείρουν,
3244 5143 3435 5215 ὥσπερ
3471 5161 3526 5198 τι
3557 5145 3687 5216 τρόο

2095 5249 2255 5287 παιον
2280 5233 2372 5286 καὶ
2408 5232 2630 5307 ἔλεγχον
2669 5229 3157 5303 ἀναμφισϐήτητον
3188 5228 3289 5299 τῆς
3320 5228 3557 5297 ὑγιείας,
3590 5229 3687 5300 τὴν

2096 5319 2268 5392 φοράν
2321 5318 2421 5389 τῆς
2460 5318 2650 5387 κλίνης
2702 5317 2954 5371 ἐκέλευεν
3001 5313 3426 5379 ἐπιδείκνυσθαι,
3467 5314 3558 5369 ἵνα
3589 5316 3684 5387 μὴ,

2092 5403 2231 5475 ὅπερ
2267 5403 2361 5455 ἐπί
2383 5401 2475 5455 τοῦ
2501 5400 2702 5471 τυφλοῦ
2726 5400 2932 5469 ἔλεγον,
2961 5399 3118 5453 τοῦτο
3140 5400 3236 5453 καὶ
3257 5398 3352 5452 ἐπὶ
3377 5399 3570 5453 τούτου
3599 5398 3687 5452 λέ-

1998 5541 2004 5546 _
2093 5502 2253 5553 γωσι.
2275 5487 2340 5538 Τί
2368 5487 2425 5540 δέ
2462 5485 2648 5554 ἔλεγον
2697 5488 2792 5538 ἐπὶ
2830 5485 3078 5551 ἐκείνους
3116 5479 3307 5550 Οὗτός
3325 5482 3520 5550 ἐστιν,
3572 5486 3682 5540 οὐκ

453 5549 483 5616 ξ
654 5549 741 5616 τοῦ
764 5552 1052 5616 παραλύτον.

453 5608 485 5649 b
510 5608 814 5681 ξίἰᾷρρψυχοι
836 5608 924 5681 'hi_c
954 5612 1212 5681 significat,
1240 5627 1337 5681 σοι]
1371 5616 1544 5681 pusilli
1575 5618 1756 5681 animo,
1798 5628 1856 5672 ut
1875 5637 1990 5675 ver-

397 5672 804 5747 ἰξγιιίᾙοὶξίἶὶιίὲλ
816 5672 1417 5747 scd‘nwi'qsiuawrbidh
1443 5672 1754 5747 μικροψυχία,
1776 5672 1988 5737 111181·έά-

395 5738 479 5793 ειο,
501 5732 742 5784 simultas.
769 5737 872 5795 Qua
895 5738 956 5786 de
979 5750 1034 5786 re
1057 5732 1606 5793 iu'Onomaélico'inI'ra:

2092 5569 2266 5624 ἔστιν
2288 5566 2487 5637 οὗτος,
2502 5571 2686 5636 αὐτός
2712 5569 3028 5624 ἐστιν.Ἴνα
3056 5568 3134 5640 μὴ
3152 5561 3248 5621 οὖν
3274 5568 3370 5620 καὶ
3389 5565 3682 5621 ἐπἰτούτου

2091 5654 2291 5725 λέγωσι
2347 5655 2417 5708 τὰ
2473 5653 2718 5717 τοιαῦτα,
2767 5652 2982 5725 ήκλίνη
3015 5652 3321 5723 κατήγορος
3359 5650 3543 5704 αὐτῶν
3584 5651 3684 5722 τῆς

2096 5738 2479 5810 ἀναισχυντίας
2530 5737 2760 5809 γίνεται,
2795 5738 2878 5807 ἐφ’
2919 5736 3045 5807 ὕψει
3091 5734 3388 5809 φερομένη.
3432 5735 3590 5791 Ἐστι
3625 5752 3680 5789 τι
