3918 6374
211 388 316 453 805'

211 526 329 586 qme
356 513 599 570 incidant
627 526 883 584 generose
911 521 964 567 et
991 491 1179 581 magna
1205 526 1324 565 cum
1350 510 1624 566 alacritate
1650 510 1790 565 ferre

207 614 384 674 queat.
435 602 572 659 Nam
619 602 831 658 tametsi
874 601 1057 673 viginti
1102 600 1228 655 anni
1276 598 1537 666 fuissent,
1585 599 1795 654 tametsi

207 696 391 750 decem
410 734 425 759 ,
453 693 790 749 tametsisoli
816 693 1080 764 quinque,
1107 705 1285 746 nonne
1313 690 1443 746 satis
1487 699 1677 757 erant,
1704 688 1797 759 qui

210 787 515 857 frangerent
551 785 903 842 constantiam
923 828 939 853 ,
969 790 1025 841 e't
1064 785 1369 839 firmitatem
1395 783 1558 839 animi
1585 780 1796 852 ipsius?

209 878 305 934 llic
334 893 464 934 vero
487 879 698 950 triginta
720 885 775 934 et
801 887 923 934 octo
942 892 1112 933 annos
1131 885 1332 946 manet,
1358 892 1530 946 neque
1551 875 1795 944 discedit,

206 969 301 1028 sed
333 978 578 1041 magnam
602 985 713 1040 pne
739 983 798 1026 se
825 970 927 1026 fert
951 969 1283 1039 patientiam.
1314 968 1660 1023 Admirabilis
1687 966 1803 1022 for-

205 1072 349 1118 tasse
371 1064 522 1120 vobis
539 1062 749 1119 videtur
768 1060 1025 1132 tempOris
1047 1062 1338 1133 longitudo,
1360 1060 1455 1118 sed
1482 1063 1526 1116 si
1549 1059 1614 1116 ad
1634 1060 1798 1117 verba

208 1156 322 1226 ipsa
364 1154 732 1223 attenderitis,
768 1166 893 1211 tunc
919 1154 1152 1210 maxime
1192 1153 1584 1224 philosophiam
1632 1152 1797 1223 ipsius

206 1245 608 1318 perfectamque
635 1249 943 1319 patientiam
973 1248 1326 1319 cognoscetis.

277 1339 384 1394 Cur
406 1339 676 1409 interroget
702 1355 895 1411 wgrum
916 1338 1167 1394 Christus.
1188 1366 1261 1377 ——
1278 1336 1501 1393 Accedit
1525 1334 1793 1402 Christus,

204 1440 260 1486 et
279 1428 408 1485 dicit
432 1430 509 1485 ei:
547 1429 637 1485 Vis
660 1444 814 1485 sanus
843 1426 989 1500 ﬁeri?
1013 1428 1206 1499 Ecquis
1231 1427 1332 1483 hoc
1358 1427 1672 1498 ignorasset,
1705 1441 1799 1480 vo-

205 1520 373 1577 luisse
405 1521 579 1591 ipsum
606 1534 796 1575 sanum
824 1520 978 1576 fieri?
1005 1519 1142 1589 Quid
1170 1520 1328 1590 igitur
1353 1532 1527 1572 causa:
1555 1516 1673 1583 fuit,
1703 1530 1800 1570 cur

211 1612 609 1682 interrogaret?
629 1613 839 1668 Etenim
864 1612 954 1682 qui
982 1625 1174 1666 arcana
1203 1609 1582 1681 cogitationum
1608 1607 1792 1673 novit,

205 1701 381 1757 multo
407 1702 575 1773 magis
601 1717 685 1767 ea,
713 1717 834 1773 qua:
859 1702 1107 1761 omnibus
1134 1699 1415 1771 perspicua
1441 1707 1495 1756 et
1517 1696 1797 1753 manifesta

206 1803 354 1860 sunt,
381 1794 756 1865 cognoscebat.
775 1794 883 1851 Cur
908 1794 1067 1866 igitur
1092 1791 1420 1864 interrogat?
1441 1789 1797 1859 Quemadmo-

210 1885 341 1939 dum
371 1885 506 1941 alias
529 1886 826 1941 centurioni
856 1886 1027 1956 inquit
1054 1899 1068 1937 :
1104 1883 1216 1955 Ego
1257 1883 1455 1938 veniam
1477 1925 1493 1951 ,
1540 1892 1587 1937 et
1611 1880 1798 1936 curabo

206 1990 322 2029 eum
356 1974 570 2047 (Matth.
602 1977 657 2031 8.
683 1974 793 2047 7),
843 1992 950 2031 non
996 1976 1249 2046 ignorans
1288 1991 1408 2047 quae
1440 1975 1529 2030 ille
1557 1974 1798 2029 dicturus

206 2076 326 2124 erat
343 2111 358 2135 ,
387 2071 482 2125 sed
518 2070 816 2139 prmvidens
839 2078 893 2126 et
919 2071 1158 2140 apprime
1185 2069 1381 2136 sciens,
1414 2067 1577 2139 idque
1599 2081 1796 2139 agens,

205 2171 268 2214 ut
318 2161 368 2216 ei
396 2161 729 2217 occasionem
755 2202 771 2228 ,
821 2170 983 2232 atque
1027 2174 1212 2216 ansam
1256 2159 1406 2215 daret
1428 2159 1699 2230 religionis
1736 2173 1801 2213 ac

206 2244 423 2321 pietatis
450 2267 581 2320 suae,
613 2268 731 2323 qua:
762 2253 813 2308 in
842 2252 1032 2308 umbra
1057 2252 1289 2319 latebat,
1318 2251 1565 2307 omnibus
1594 2249 1799 2321 patefa-

208 2343 434 2410 ciendae,
464 2359 528 2399 ac
552 2344 763 2400 dicendi
806 2363 820 2399 :
853 2344 1211 2415 Nequaquam,
1236 2341 1452 2399 Domine
1474 2358 1495 2399 :
1540 2359 1641 2397 non
1669 2343 1803 2397 enim

206 2446 323 2484 sum
351 2431 533 2503 dignus
549 2445 603 2487 ut
618 2435 780 2511 intres
794 2432 885 2487 sub
899 2441 1089 2489 tectum
1104 2449 1280 2489 meum
1292 2429 1510 2503 (Matth.
1526 2432 1579 2487 8.
1594 2430 1674 2503 8.)
1692 2449 1707 2486 :
1730 2432 1802 2488 ita

208 2519 264 2573 in
293 2519 395 2574 hoc
422 2521 735 2593 paralytico,
766 2538 889 2577 cum
920 2524 1084 2580 sciret
1107 2524 1235 2594 quid
1264 2524 1350 2580 ille
1375 2524 1612 2580 dicturus
1635 2531 1802 2592 esset,

209 2610 529 2681 interrogat,
560 2628 688 2667 num
721 2612 848 2669 velit
876 2628 1038 2671 sanus
1064 2615 1202 2681 fieri,
1229 2631 1335 2672 non
1363 2615 1503 2686 quod
1526 2614 1631 2669 hoc
1654 2614 1807 2685 igno-

208 2713 376 2770 raret,
401 2704 494 2758 sed
522 2712 578 2758 ut
603 2705 649 2759 ei
677 2707 942 2775 praeberet
967 2720 1154 2763 ansam
1176 2707 1458 2778 quamdam
1486 2714 1541 2762 et
1566 2705 1809 2762 occasio-

210 2792 361 2859 nem,
390 2808 497 2865 quo
523 2795 612 2850 ille
639 2796 890 2867 tragicam
918 2797 1273 2853 calamitatem
1300 2813 1450 2852 suam
1498 2804 1805 2867 promeret,

212 2898 277 2939 ac
320 2885 473 2941 fieret
496 2886 686 2943 doctor
729 2887 1018 2958 patientite.
1049 2888 1183 2944 Nam
1231 2888 1278 2944 si
1338 2888 1610 2944 hominem
1657 2888 1807 2943 illum

210 2977 427 3032 silentio
450 2986 712 3045 curasset,
740 2993 950 3035 summo
979 2996 1078 3036 nos
1104 2980 1300 3035 damno
1325 2980 1499 3036 affecti
1525 2995 1766 3037 essemus
1790 2996 1804 3034 :

211 3071 410 3141 quippe
441 3086 563 3126 cum
592 3071 731 3128 illius
757 3072 951 3128 animae
982 3073 1319 3129 tolerantiam
1362 3073 1502 3129 haud
1533 3073 1809 3128 didicisse-

178 3172 354 3219 ,mus.
381 3162 625 3218 Christus
641 3173 817 3221 autem
842 3180 948 3220 non
969 3165 1142 3221 solum
1167 3165 1451 3236 praesentia
1471 3174 1615 3220 recte
1632 3172 1807 3231 curat,

212 3253 310 3308 sed
338 3253 498 3308 etiam
529 3253 722 3310 futuris
751 3271 998 3326 magnam
1029 3265 1250 3327 praestat
1277 3256 1627 3327 diligentiam.
1654 3255 1809 3310 Hunc

212 3342 375 3414 igitur
398 3384 413 3409 ,
442 3344 532 3413 qui
564 3345 815 3415 magister
840 3355 955 3401 erat
980 3347 1275 3402 tolerantim
1303 3361 1366 3402 ac
1395 3347 1663 3418 patientia
1691 3361 1810 3402 om-

213 3434 371 3488 nibus
398 3435 486 3504 qui
514 3434 699 3491 orbem
740 3437 1035 3493 incolerent
1059 3437 1337 3509 patefecit,
1370 3454 1467 3509 per
1506 3437 1809 3508 lmjusmodi

214 3526 693 3597 interrogationem
725 3529 897 3600 ipsum
943 3531 1010 3585 ad
1038 3533 1408 3588 necessitatem
1452 3532 1807 3603 respondendi

218 3618 443 3688 adigens
464 3660 480 3686 ,
519 3618 607 3674 Vis
632 3638 785 3676 sanus
814 3622 969 3692 ﬁeri?
996 3623 1133 3690 Quid
1169 3625 1329 3695 igitur
1355 3625 1482 3681 ille?
1509 3625 1627 3680 Non
1665 3641 1809 3697 aegre

217 3709 357 3775 tulit,
390 3725 493 3765 non
522 3711 825 3783 indignatus
849 3723 950 3781 est,
983 3732 1088 3771 non
1112 3716 1247 3772 dixit
1269 3718 1334 3772 ad
1354 3734 1497 3785 eum,
1525 3718 1614 3789 qui
1646 3719 1811 3775 inter-

215 3811 519 3871 rogaverat,
548 3803 699 3858 vides
720 3820 804 3860 me
826 3807 1057 3878 paralysi
1082 3809 1375 3863 resolutum
1399 3828 1412 3863 :
1432 3810 1571 3865 nosti
1594 3808 1810 3881 longum
1826 3807 1871 3847 ν

216 3902 428 3961 tempus
467 3894 844 3951 invaletudinis
873 3913 1028 3967 mete,
1056 3907 1110 3954 et
1138 3901 1433 3973 interrogas
1451 3942 1467 3969 ,
1498 3920 1623 3958 num
1651 3902 1808 3959 velim

219 3999 387 4040 sanus
417 3986 573 4041 ﬁeri?
599 3987 799 4043 Venisti
817 3999 922 4055 ,‘ut
947 3998 1107 4046 meas'
1139 3993 1393 4049 irrideres
1434 3994 1764 4051 calamitates
1789 4038 1805 4063 ,

216 4082 377 4145 atque
397 4076 585 4132 aEicnis
605 4080 759 4133 malis
785 4079 1060 4136 illudcres?
1074 4081 1189 4137 Non
1220 4084 1362 4138 enim
1385 4100 1478 4139 vos
1498 4085 1627 4157 fugit
1645 4102 1806 4156 quam

215 4168 415 4219 morosi
459 4167 566 4221 sint
594 4169 681 4238 qui
708 4178 1004 4239 :egrotant,
1050 4173 1259 4227 etiamsi
1306 4190 1467 4228 unum
1512 4190 1710 4231 annum
1752 4177 1807 4231 in

216 4254 360 4310 lecto
381 4255 751 4313 decubuerint.
768 4259 901 4316 Cum
928 4277 1058 4317 vero
1078 4262 1145 4317 ad
1173 4264 1387 4333 triginta
1413 4274 1467 4320 et
1488 4275 1609 4321 octo
1635 4282 1806 4323 annos

214 4345 436 4399 morbus
472 4349 841 4417 pervenisset,
901 4353 1169 4421 quomodo
1212 4370 1317 4408 non
1359 4363 1473 4409 erat
1514 4356 1806 4413 verisimile

212 4446 586 4506 consumptam
606 4453 726 4494 esse
750 4439 1142 4513 philosophiam
1168 4443 1222 4498 in
1246 4455 1350 4498 tam
1379 4445 1538 4515 longo
1564 4454 1805 4516 tempore

213 4527 550 4594 expensam?
578 4528 951 4587 Verumtamen
976 4534 1063 4590 ille
1088 4535 1223 4591 nihil
1248 4537 1508 4606 ejusmodi
1536 4539 1688 4607 dixit,
1722 4540 1804 4596 vel

213 4616 504 4685 cogitavit:
546 4619 641 4673 sed
668 4636 857 4691 magna
885 4637 1006 4678 cum
1043 4626 1300 4681 modestia
1327 4643 1640 4699 responsum
1682 4630 1802 4699 dat,

215 4717 275 4760 ct
305 4707 502 4776 inquit:
531 4709 791 4784 Profecto,
822 4712 1063 4780 Domine,
1094 4717 1184 4771 sed
1211 4717 1463 4774 hominem
1489 4738 1589 4776 non
1613 4724 1798 4791 habeo,

216 4806 274 4850 ut
301 4838 316 4862 ,
364 4814 478 4853 cum
506 4803 706 4855 turbata
735 4804 888 4873 fuerit
928 4821 1060 4877 aqua
1082 4847 1098 4874 ,
1139 4808 1301 4863 mittat
1341 4824 1420 4867 me
1462 4813 1517 4868 in
1561 4814 1806 4884 piscinam

216 4884 419 4958 (Joan.
451 4891 504 4944 5.
541 4891 633 4961 7).
668 4892 798 4949 Vide
835 4904 965 4965 quot
1001 4905 1056 4951 et
1097 4909 1296 4967 quanta
1324 4901 1483 4957 simul
1517 4919 1805 4963 concurre-

218 4978 351 5034 bant
374 4988 532 5050 atque
554 4983 820 5063 hominem
843 4988 1235 5058 oppugnabant,
1263 4993 1500 5062 morbus,
1524 5007 1805 5067 paupertas

214 5080 275 5125 et
299 5072 530 5129 solitudo
549 5117 564 5142 ,
597 5091 718 5132 cum
742 5093 901 5134 nemo
929 5083 1222 5149 assisteret,
1252 5086 1473 5157 ejusque
1502 5104 1682 5146 curam
1712 5109 1805 5164 ge-

217 5175 385 5221 reret.
428 5167 563 5222 Dum
584 5171 726 5225 venio
749 5173 883 5227 enim
929 5188 1020 5246 ego
1043 5216 1059 5242 ,
1101 5175 1235 5232 alius
1273 5189 1391 5234 ante
1428 5198 1508 5235 me
1550 5184 1804 5240 descendit

214 5257 235 5325 (
259 5254 398 5309 Ibid.
421 5255 466 5328 ).
496 5258 550 5313 id
574 5275 701 5317 vero
727 5263 934 5318 caneris
959 5266 1207 5321 omnibus
1232 5267 1609 5339 miserabilius,
1634 5277 1804 5344 quod-

212 5361 321 5416 que
346 5348 428 5403 vel
454 5349 680 5421 lapidem
705 5353 879 5422 ipsum
911 5355 1076 5424 possit
1102 5357 1393 5416 inﬂectere.
1439 5361 1634 5420 Videre
1661 5368 1802 5423 enim

214 5440 349 5495 mihi
379 5441 564 5541 videor
588 5443 859 5501 hominem
887 5448 1095 5519 singulo
1121 5466 1334 5523 quoque
1348 5468 1505 5541 Ianno
1526 5469 1800 5526 repentem

215 5540 270 5583 ct
297 5531 637 5589 accedentem
663 5536 729 5590 ad
759 5552 820 5592 os
849 5540 1085 5608 piscinae,
1115 5552 1165 5597 et
1186 5531 1396 5615 singuio
1424 5561 1638 5618 quoque
1661 5563 1802 5605 anno

213 5626 536 5694 pendentem
570 5628 620 5683 in
647 5630 876 5699 ipsumet
901 5633 1047 5689 aditu
1073 5635 1227 5691 bona:
1252 5638 1384 5708 spei.
1411 5638 1595 5712 Neque
1632 5657 1758 5699 vero
1781 5684 1798 5709 ,

217 5717 359 5784 quod
379 5719 591 5788 gravius
611 5729 711 5786 est,
739 5721 855 5779 haec
881 5723 1014 5782 duos
1036 5736 1128 5781 aut
1148 5737 1278 5798 tres,
1306 5739 1396 5786 aut
1421 5730 1606 5787 decem
1631 5748 1800 5791 annos

224 5810 437 5903 pertulit
462 5852 477 5877 ,
526 5811 621 5866 sed
652 5828 817 5884 usque
862 5816 931 5872 ad
956 5818 1167 5891 triginta
1205 5831 1259 5879 et
1299 5833 1437 5881 octo.
1470 5825 1537 5882 Et
1578 5842 1793 5887 omnem

980 391 1081 477 DE‘
1107 389 1376 451 CHRISTI
1418 384 1829 461 DiVlNlTATE,
1869 386 2141 449 CONTRA
2183 390 2559 450 ANOMUEOS.
2604 391 2716 448 XII.

3403 384 3508 438 803

1906 509 2121 579 quidem
2143 509 2425 565 adhibebat
2440 510 2791 582 diligentiam,
2817 511 2989 567 fructu
3005 521 3181 568 autem
3192 509 3510 566 excedebat:

1905 608 1960 655 et
2001 616 2190 656 cursus
2220 601 2434 672 quidem
2475 602 2833 673 peragebatur
2856 645 2871 670 ,
2899 602 3056 673 hujus
3095 613 3272 660 autem
3312 621 3504 662 cursus

1906 694 2181 764 prmmium
2210 694 2276 749 ad
2307 695 2467 750 alium
2496 697 2875 766 perveniebat,
2905 697 2959 753 in
2990 699 3174 754 multis
3195 739 3212 767 ,
3241 699 3458 769 inquam
3485 737 3502 759 .

1914 784 2018 839 illis
2045 785 2221 839 annis.
2247 785 2506 856 Quodque
2526 788 2741 857 gravius
2768 797 2884 844 erat
2903 829 2917 853 ,
2947 789 3083 844 alios
3107 789 3306 845 liberos
3351 789 3502 844 abire

1902 875 2136 931 videbat.
2163 875 2344 931 Nostis
2367 878 2512 933 enim
2538 878 2611 933 ita
2640 878 2756 934 fieri
2782 879 2977 944 solere,
3011 887 3069 934 ut
3094 888 3219 935 tunc
3239 881 3494 937 malorum

1903 975 2210 1021 nostrorum
2250 970 2568 1024 acerrimum
2598 985 2815 1025 sensum
2857 971 3131 1040 capiamus
3154 1013 3171 1039 ,
3205 987 3327 1028 cum
3367 972 3500 1029 alios

1901 1058 2092 1114 iisdem
2124 1059 2277 1115 malis
2305 1061 2524 1117 ali‘ectos
2553 1062 2802 1119 liberatos
2836 1064 2982 1119 abire
3010 1064 3324 1121 viderimus.
3358 1064 3495 1120 Pro-

1900 1158 2086 1221 pterea
2110 1158 2164 1206 et
2188 1166 2411 1222 pauper,
2440 1166 2560 1208 cum
2582 1153 2809 1209 alterum
2837 1154 2981 1210 videt
3004 1154 3203 1211 divitiis
3222 1155 3499 1211 abundan-

1901 1253 2008 1298 tem
2029 1284 2042 1308 ,
2073 1251 2199 1299 tunc
2226 1244 2394 1315 magis
2421 1259 2574 1299 suam
2613 1245 2777 1300 sentit
2808 1254 3172 1317 paupertatem
3198 1263 3211 1300 :
3245 1253 3299 1301 et
3327 1261 3498 1318 aegro-

1900 1343 2020 1390 tans
2047 1344 2173 1389 tunc
2200 1336 2369 1406 magis
2398 1336 2735 1392 excruciatur
2758 1378 2774 1404 ,
2815 1352 2933 1392 cum
2960 1337 3158 1393 multos
3184 1337 3331 1393 videt
3355 1378 3371 1405 ,
3410 1339 3498 1408 qui

1900 1426 2091 1482 morbo
2131 1426 2443 1496 laborarint,
2478 1443 2600 1485 eum
2640 1428 2752 1500 jam
2794 1428 3126 1500 deposuisse,
3192 1428 3292 1485 sibi
3321 1439 3497 1485 autem

1900 1516 2035 1572 nihil
2063 1517 2220 1574 bona:
2249 1521 2363 1589 spei
2394 1532 2698 1589 superesse.
2729 1521 2787 1576 in
2817 1522 3047 1578 aliorum
3075 1521 3218 1578 enim
3245 1522 3501 1579 secundis

1898 1611 2059 1667 rebus
2078 1619 2291 1667 nostras
2316 1611 2649 1669 manifestius
2673 1615 2944 1669 intuemur
2966 1614 3332 1670 calamitates:
3356 1614 3499 1685 quod

1898 1701 2111 1767 quidem
2134 1703 2209 1757 illi
2241 1713 2366 1758 tunc
2388 1704 2686 1760 eveniebat.
2705 1704 3085 1762 Verumtamen
3111 1721 3232 1762 cum
3267 1706 3457 1762 morbo
3479 1749 3495 1775 ,

1898 1806 2017 1846 cum
2031 1801 2362 1863 paupertate,
2382 1809 2501 1849 cum
2514 1794 3012 1851 solitudinetamdiu
3024 1794 3352 1866 depugnans,
3367 1786 3500 1852 alios

1901 1884 2092 1940 videns
2120 1884 2333 1941 liberari
2360 1926 2375 1953 ,
2409 1895 2463 1942 et
2505 1888 2740 1959 seipsum
2772 1889 2987 1959 quidem
3015 1904 3230 1960 semper
3257 1888 3495 1961 aggredi.

1901 1990 2189 2047 numquam
2219 1986 2394 2034 autem
2425 1988 2730 2050 compotem
2757 1980 2873 2036 fieri
2890 2022 2905 2049 ,
2936 1995 3110 2052 neque
3135 1980 3359 2051 posthac
3381 1996 3500 2034 rur-

1901 2082 1994 2123 sus
2021 2083 2246 2138 sperans
2274 2086 2305 2126 a
2334 2069 2641 2125 calamitate
2663 2070 2899 2139 liberari,
2931 2086 3038 2127 non
3066 2069 3187 2126 ideo
3212 2079 3388 2126 tamen
3413 2069 3495 2125 di-

1901 2159 2092 2214 scessit
2119 2175 2182 2215 ac
2210 2159 2437 2227 destitit,
2469 2160 2562 2217 sed
2593 2162 2803 2232 singulo
2830 2177 3044 2234 quoque
3068 2177 3210 2218 anno
3229 2161 3496 2217 currebat.

1901 2249 2012 2306 Nos
2037 2260 2214 2305 autem
2242 2293 2257 2317 ,
2291 2251 2336 2305 si
2366 2251 2489 2321 quid
2517 2251 2687 2308 semel
2716 2267 2746 2306 a
2777 2252 2886 2308 Deo
2926 2253 3126 2323 precati
3172 2268 3278 2306 non
3308 2251 3503 2321 accipi-

1902 2356 2053 2408 mus,
2100 2340 2388 2398 confestim
2427 2342 2705 2409 dolemus,
2737 2352 2791 2398 et
2820 2343 2872 2397 in
2916 2352 3212 2399 extremam
3238 2342 3499 2398 desidiam

1904 2430 2188 2487 incidimus
2208 2442 2235 2487 τ*
2254 2433 2600 2502 quamobrem
2627 2434 2988 2504 precationem
3029 2434 3353 2502 omittimus,
3381 2443 3502 2489 stu-

1904 2523 2050 2579 dium
2078 2524 2416 2581 remittimus.

1979 2616 2327 2672 Constantiam
2355 2617 2531 2672 laudat
2551 2618 2842 2691 paralytici.
2862 2649 2936 2660 —
2953 2619 3317 2675 Possumusne
3342 2617 3502 2689 igitur

1904 2711 2039 2768 satis
2066 2726 2161 2781 pro
2192 2712 2382 2767 merito
2402 2710 2486 2767 vel
2511 2713 2855 2784 paralyticum
2884 2711 3123 2778 laudare,
3147 2711 3234 2767 vel
3258 2719 3497 2766 nostram

1912 2801 2277 2858 condemnare
2323 2803 2740 2874 negligentiam?
2788 2802 3002 2859 Etenim
3050 2817 3281 2874 quanam
3333 2802 3500 2857 simus

1913 2898 2265 2951 excusatione
2287 2895 2430 2967 digni
2465 2937 2481 2963 ,
2513 2911 2616 2966 qua
2645 2897 2799 2951 venia
2830 2938 2845 2962 ,
2890 2911 3011 2952 cum
3033 2938 3048 2963 ,
3076 2895 3169 2952 illo
3210 2895 3422 2967 triginta
3447 2905 3503 2951 et

1910 2999 2033 3045 octo
2054 3004 2225 3044 annos
2250 2989 2574 3059 perdurante
2593 3028 2610 3055 ,
2642 3004 2740 3045 nos
2762 2998 2866 3044 tam
2894 2988 3000 3043 cito
3030 3004 3059 3042 a
3091 2989 3365 3059 proposito
3416 3002 3500 3043 re-

1911 3079 2191 3138 siliamus?

1983 3174 2038 3228 5.
2067 3172 2203 3240 Quid
2230 3173 2391 3243 igitur
2415 3171 2701 3227 Christus?
2736 3170 2834 3227 Ubi
2858 3170 3101 3227 ostendit
3141 3170 3357 3240 dignum
3380 3184 3501 3225 esse

1912 3265 2082 3330 illum,
2108 3264 2199 3335 qui
2225 3274 2458 3329 curetur,
2483 3263 2604 3334 jure
2631 3263 2698 3319 ad
2730 3262 2875 3318 illum
2907 3278 3017 3334 pra:
3044 3262 3163 3317 aliis
3190 3262 3373 3326 venit,
3399 3262 3500 3316 ait-

1910 3370 2016 3424 que
2036 3356 2104 3422 ei,
2131 3356 2319 3427 Surge,
2348 3356 2465 3410 tolle
2492 3355 2759 3426 grabatum
2787 3364 2950 3423 tuum,
2983 3363 3029 3409 et
3066 3352 3273 3409 ambula
3316 3352 3497 3425 (Joan.

1910 3451 1963 3505 5.
1992 3449 2069 3519 8).
2106 3447 2268 3503 Vides
2297 3463 2457 3519 quam
2481 3448 2530 3503 ei
2562 3447 2765 3503 nullum
2789 3445 3001 3518 triginta
3028 3453 3084 3502 et
3098 3455 3222 3501 octo
3246 3446 3371 3500 anni
3398 3445 3495 3501 de-

1913 3543 2222 3598 trimentum
2262 3540 2573 3608 attulerint,
2621 3538 2870 3612 quoniam
2901 3554 3083 3596 casum
3112 3554 3265 3595 suum
3293 3540 3499 3610 patien-

1912 3646 1995 3692 ter
2023 3635 2255 3692 tulerat?
2275 3636 2464 3691 Anima
2489 3636 2630 3690 enim
2669 3634 2904 3704 ipsiusin
2937 3642 3043 3687 tam
3073 3633 3234 3704 longo
3261 3641 3500 3703 tempore

1910 3726 2143 3798 majores
2166 3727 2216 3780 in
2241 3724 2576 3796 philosophia
2601 3738 2915 3795 progressus
2927 3723 3069 3790 fecit,
3091 3723 3141 3777 in
3169 3722 3494 3789 calamitate,

1912 3827 2181 3889 tamquam
2211 3816 2263 3873 in
2288 3815 2600 3873 conﬂatoria
2628 3813 2874 3879 fornace,
2914 3814 3135 3884 probata
3166 3830 3179 3867 :
3210 3821 3265 3867 et
3296 3812 3500 3882 majore

1911 3927 2031 3966 cum
2054 3910 2220 3981 gloria
2250 3907 2579 3965 curationem
2597 3906 2907 3978 reportavit.
2941 3903 3055 3960 Non
3083 3906 3225 3961 enim
3254 3903 3496 3975 angelus,

1908 4000 2003 4057 sed
2032 4005 2256 4072 ipsemet
2282 4000 2591 4072 angelorum
2630 4000 2883 4055 Dominus
2917 3995 3066 4052 illum
3113 3996 3340 4052 sanavit.
3393 3995 3500 4050 Cur

1908 4103 2083 4147 autem
2115 4101 2392 4163 prmterea,
2411 4100 2469 4146 ut
2491 4108 2644 4147 suum
2672 4088 2772 4145 sibi
2799 4090 2992 4145 lectum
3021 4088 3252 4153 tolleret,
3272 4086 3501 4158 impera-

1910 4171 2022 4239 vit?
2048 4182 2217 4241 Unam
2247 4183 2462 4255 quidem
2497 4185 2762 4253 prcecipue
2790 4197 2852 4237 ac
2883 4181 3106 4251 primam
3133 4179 3202 4234 ob
3231 4192 3444 4233 causam
3476 4217 3495 4244 ,

1908 4286 1968 4332 ut
1993 4278 2046 4331 in
2077 4284 2347 4347 posterum
2377 4275 2629 4331 liberaret
2648 4274 2861 4331 Iudaeos
2886 4289 2916 4328 a
2942 4270 3074 4343 legis
3099 4270 3494 4326 observatione.

1908 4368 2033 4445 Sole
2062 4366 2202 4422 enim
2235 4367 2289 4421 in
2315 4374 2656 4435 conSpectum
2682 4381 2741 4422 se
2767 4366 2924 4421 dante
2943 4406 2960 4430 ,
2991 4379 3095 4419 non
3131 4372 3246 4419 erat
3275 4362 3500 4417 ulterius

1908 4458 2143 4514 lucerna:
2168 4456 2548 4513 adhaerendum
2570 4475 2584 4513 :
2608 4467 2661 4513 et
2678 4457 2933 4528 patefacta
2963 4457 3188 4513 veritate
3207 4498 3223 4523 ,
3252 4471 3361 4512 non
3384 4455 3497 4526 jam

1906 4560 2026 4605 erat
2055 4549 2425 4620 amplectenda
2452 4549 2638 4619 ﬁgura.
2665 4551 2788 4606 Ideo
2809 4546 2851 4604 si
2878 4549 3092 4620 quando
3114 4549 3357 4606 solvebat
3378 4548 3513 4604 sab-

1910 4640 2114 4706 batum,
2149 4641 2437 4695 maximum
2469 4638 2519 4695 in
2551 4656 2616 4695 eo
2656 4641 2741 4697 die
2767 4639 2977 4711 signum
3006 4640 3237 4697 edebat:
3283 4649 3342 4695 ut
3382 4640 3493 4711 ipsa

1908 4734 2176 4790 excellens
2192 4730 2434 4788 miraculi
2452 4733 2756 4804 magnitudo
2776 4734 3016 4789 videntes
3044 4732 3492 4803 obstupefaciens,

1908 4826 2164 4898 paulatim
2190 4825 2334 4880 illam
2365 4826 2459 4880 otii
2490 4867 2504 4892 ,
2533 4835 2586 4881 et
2613 4826 2928 4881 cessationis
2956 4824 3386 4881 observationem
3412 4823 3490 4878 la-

1907 4914 2180 4972 befactans
2222 4916 2489 4972 auferret:
2533 4915 2726 4972 deinde
2772 4932 2903 4972 vero
2946 4925 3005 4971 ut
3055 4916 3360 4972 obstrueret
3403 4930 3495 4970 ora

1908 5006 2121 5063 illorum
2160 5006 2506 5077 impudentia.
2538 5004 2671 5064 Nam
2711 5009 2962 5080 quoniam
2991 5009 3043 5063 in
3069 5008 3370 5079 iudicandis
3396 5008 3497 5062 mi—

1907 5100 2103 5156 raculis
2128 5100 2393 5156 malitiose
2419 5102 2665 5172 agebant,
2694 5111 2749 5157 et
2773 5103 3000 5173 gloriam
3027 5117 3226 5167 rerum,
3259 5116 3379 5172 qua:
3403 5115 3494 5171 ge-

1907 5193 2464 5260 rebantur,calumniis
2479 5195 2765 5250 obscurare
2782 5193 3340 5263 conabantur,idcirco
3360 5201 3497 5248 tam-

1904 5297 2063 5353 quam
2088 5293 2343 5354 tropaeum
2364 5283 2631 5355 quoddam
2645 5293 3078 5355 etargumcntum
3089 5283 3330 5341 sanitatis
3348 5283 3495 5341 indu-

1902 5373 2120 5430 bitabile
2132 5375 2274 5430 illam
2287 5376 2406 5432 lecti
2423 5376 2769 5447 gestationem
2783 5392 2893 5449 pra:
2906 5392 2965 5436 se
2977 5378 3114 5433 ferre
3126 5377 3297 5450 ipsum
3311 5376 3492 5447 jussit,

1905 5481 1970 5521 ne
2002 5466 2051 5520 id
2069 5467 2207 5537 quod
2233 5467 2300 5523 de
2325 5483 2469 5524 catco
2494 5468 2760 5536 dicebant,
2790 5468 2856 5525 de
2884 5469 2987 5525 hoc
3006 5484 3216 5540 quoque
3231 5469 3490 5526 dicerent.

1903 5546 2040 5623 Quid
2061 5566 2238 5615 autem
2263 5558 2332 5614 de
2356 5559 2446 5615 illo
2474 5560 2764 5616 dicebant?
2793 5559 2893 5615 Hic
2914 5571 3006 5626 est,
3025 5577 3126 5616 non
3152 5571 3224 5615 est
3248 5560 3356 5628 hic,
3381 5561 3493 5628 ipse

1901 5657 1975 5702 est
2001 5644 2112 5721 (Id.
2161 5647 2215 5705 9.
2260 5649 2316 5704 8.
2340 5650 2416 5719 9).
2445 5651 2588 5722 Ergo
2615 5667 2680 5707 ne
2723 5652 2846 5708 talia
2871 5652 3085 5724 quidam
3114 5651 3182 5707 de
3205 5651 3305 5706 hoc
3326 5660 3486 5707 etiam

1902 5739 2143 5796 dicerent
2171 5783 2186 5810 ,
2225 5741 2395 5797 lectus
2441 5743 2548 5799 alte
2583 5742 2825 5801 sublatus
2854 5755 3133 5803 accusator
3176 5744 3235 5800 fit
3272 5745 3485 5802 illorum

1901 5833 2266 5906 impudentiae.
2323 5835 2469 5893 Licet
2502 5848 2763 5907 praeterea
2796 5841 3006 5896 tertiam
3033 5839 3315 5911 quamdam
3357 5856 3477 5896 cau-
