3918 6360
501 334 603 390 807

504 465 618 504 sam
646 450 835 506 afferre
856 492 872 519 ,
902 450 1066 505 nihilo
1090 450 1152 505 iis
1176 464 1294 519 qute
1319 449 1459 503 dicta
1488 456 1613 502 sunt
1642 446 1915 501 leviorem.
1948 445 2077 499 Nam

509 543 845 613 utintelligas
861 559 966 598 non
987 552 1153 598 artem
1177 542 1483 605 humanam,
1512 540 1604 595 sed
1629 538 1866 594 divinam
1890 547 2078 609 poten-

506 636 628 691 tiam
658 635 823 692 fuisse
849 677 867 704 ,
898 652 1016 707 quas
1062 645 1229 690 totum
1278 635 1405 690 illud
1434 631 1760 703 prmstiterit,
1785 646 1938 687 suum
1968 630 2068 700 ipsi

503 727 697 783 lectum
723 726 1038 798 gestandum
1067 725 1312 798 iniunxit,
1341 740 1483 781 verte
1511 732 1669 794 atque
1696 723 1915 794 integrae
1944 720 2076 777 sani-

424 854 427 861 η
503 818 625 873 tatis
645 819 932 874 maximam
960 827 1014 874 et
1043 817 1375 887 perSpicuam
1400 814 1908 872 demonstrationem
1935 829 2076 884 pne-

503 908 661 964 bens:
690 917 746 964 ut
772 924 838 963 nc
853 909 972 979 quis
1000 908 1431 978 blasphemorum
1462 908 1672 963 illorum
1693 908 1896 964 diceret
1924 923 2075 979 para-

500 996 718 1070 lyticum
747 999 994 1055 simulate
1027 1010 1081 1056 ct
1119 1000 1335 1056 Christo
1375 1000 1761 1072 gratiﬁcantem
1806 1001 2076 1057 efﬁnxisse

502 1089 674 1142 tenuis
699 1089 971 1160 cujusdam
1000 1089 1373 1146 ambulationis
1394 1092 1645 1161 speciem.

569 1176 673 1231 Cur
694 1195 821 1233 onus
835 1178 966 1234 illud
980 1181 1113 1250 ferre
1120 1183 1329 1253 jusserit
1359 1182 2072 1253 paralyticum.—Pr0pterea

495 1280 631 1321 onus
654 1268 725 1339 illi
755 1269 866 1323 suis
889 1268 1164 1325 ferendum
1201 1270 1436 1327 humeris
1465 1273 1716 1343 injunxit.
1752 1272 1864 1327 Non
1890 1274 2029 1327 enim
2054 1314 2071 1340 ,

496 1356 597 1410 nisi
627 1356 762 1412 bene
786 1358 863 1413 illi
888 1358 1127 1415 membra
1171 1362 1500 1417 consolidata
1529 1372 1736 1431 essent,
1787 1373 1841 1417 et
1867 1362 2076 1417 articuli

494 1449 663 1518 probe
684 1449 774 1504 fixi
793 1492 810 1518 ,
843 1459 1041 1507 tantam
1075 1454 1268 1508 molem
1293 1465 1505 1524 portare
1529 1452 1766 1511 humeris
1797 1456 2072 1525 potuisset.

495 1540 577 1594 Ad
607 1540 718 1596 hare
745 1544 923 1598 omnia
945 1544 1074 1600 illud
1097 1560 1308 1617 quoque
1323 1548 1559 1604 accedit:
1581 1549 1893 1605 ostendebat
1909 1549 2072 1616 enim,

496 1630 652 1685 simul
679 1648 742 1688 ac
767 1632 1186 1706 Christusjussit
1210 1680 1226 1705 ,
1258 1638 1435 1693 omnia
1473 1639 1587 1695 ﬁeri
1617 1682 1631 1709 ,
1690 1651 1745 1696 ct
1779 1642 2072 1697 discessum

495 1722 703 1791 morbi,
743 1733 797 1778 et
822 1725 1049 1782 reditum
1078 1729 1342 1786 sanitatis.
1372 1731 1585 1787 Etenim
1628 1733 1822 1789 medici
1859 1734 2074 1805 quidem

491 1814 705 1868 tametsi
733 1817 936 1872 morbis
981 1819 1230 1888 liberent,
1283 1839 1390 1878 non
1440 1834 1619 1881 tamen
1647 1826 1823 1883 subito
1847 1837 2074 1898 tegrotos

492 1901 749 1958 reducere
761 1905 826 1959 ad
850 1909 1129 1965 sanitatem
1161 1913 1336 1969 valent
1369 1931 1383 1967 :
1413 1916 1506 1971 sed
1534 1916 1692 1988 longo
1721 1919 1923 1989 pariter
1941 1927 2075 1976 tem-

493 2007 626 2063 pore
649 2005 807 2066 egent
828 1998 893 2052 ad
917 1999 1389 2069 instaurationem;
1419 2016 1473 2060 ut
1489 2007 1725 2078 reliquite
1748 2009 1921 2065 morbi
1947 2026 2076 2079 pau-

498 2083 642 2136 latim
662 2101 693 2139 c
719 2102 942 2156 corpore
957 2092 1308 2163 expellantur,
1331 2105 1491 2167 atque
1512 2099 1810 2168 ejiciautur.
1829 2100 2075 2158 Christus

494 2183 669 2229 autem
698 2192 803 2232 non
833 2179 941 2233 ita:
980 2183 1074 2237 sed
1112 2185 1298 2239 eodem
1339 2190 1595 2258 temporis
1643 2202 1917 2248 momento
1946 2201 2001 2247 et
2041 2208 2071 2247 a

492 2265 683 2319 inorbo
707 2267 948 2325 liberavit
972 2313 987 2337 ,
1015 2281 1069 2327 ct
1096 2276 1376 2331 sanitatem
1408 2280 1655 2349 restituit,
1688 2290 1745 2339 et
1765 2284 1966 2341 nullum
1993 2287 2075 2342 in~

496 2361 812 2416 termedium
866 2364 1170 2422 intercessit
1213 2379 1422 2441 tempus
1454 2391 1469 2428 :
1499 2374 1593 2431 sed
1622 2377 1781 2432 simul
1822 2387 1982 2451 atque
2008 2396 2074 2437 ex

492 2460 671 2504 saneta
699 2451 782 2505 illa
815 2453 990 2525 lingua
1022 2458 1217 2527 prodiit
1243 2476 1390 2517 sacra
1418 2479 1540 2533 vox,
1564 2476 1618 2522 et
1645 2468 1861 2526 morbus
1891 2487 1921 2526 e
1949 2486 2072 2527 cor-

486 2554 621 2607 pore
637 2541 855 2615 aufugit,
879 2550 1166 2604 etverbnm
1189 2555 1357 2608 evasit
1381 2569 1535 2625 opus,
1555 2567 1608 2613 et
1639 2567 1744 2614 tota
1767 2560 2074 2619 invaletudo

494 2629 724 2701 undique
748 2637 1002 2715 profugit.
1028 2640 1092 2694 Et
1120 2644 1564 2712 quemadmodum
1597 2651 1789 2706 ancilla
1810 2656 2070 2725 quaepiam

489 2720 811 2779 seditionem
840 2742 1081 2797 movens,
1108 2747 1228 2786 cum
1258 2736 1486 2803 primum
1513 2737 1785 2795 dominum
1814 2759 1969 2798 suum
1990 2747 2070 2801 vi-

486 2810 669 2879 derit,
701 2818 1004 2888 comprimit
1029 2837 1088 2876 se
1110 2862 1127 2889 ,
1156 2824 1397 2897 reditque
1423 2825 1491 2884 ad
1518 2834 1923 2891 convenientem
1954 2854 2072 2901 mo-

486 2899 749 2971 destiam;
788 2907 859 2960 ita
900 2911 1059 2966 etiam
1108 2923 1292 2970 natura
1334 2920 1572 2988 corporis
1604 2962 1619 2987 ,
1649 2924 1870 2993 perinde
1917 2935 2076 2998 atque

487 2991 679 3047 ancilla
707 2996 946 3064 quaedam
974 3010 1098 3058 tunc
1117 3005 1430 3063 seditionem
1469 2991 1711 3081 movens,
1738 3024 1792 3070 et
1822 3016 2075 3075 inducens

484 3084 800 3156 paralysim,
819 3098 1097 3160 postquam
1116 3095 1385 3153 dominum
1409 3116 1561 3157 suum
1580 3105 1645 3158 ad
1663 3121 1722 3160 se
1736 3109 2073 3166 accedentem

487 3174 638 3242 vidit,
661 3177 728 3232 ad
750 3193 903 3234 suum
929 3183 1085 3239 rediit
1109 3186 1371 3256 ordinem,
1403 3206 1665 3264 suumque
1685 3197 1899 3253 modum
1924 3215 2074 3255 rece-

489 3266 586 3334 pit.
636 3268 810 3339 Atque
865 3270 978 3328 hate
1021 3277 1199 3332 omnia
1229 3294 1328 3334 vox
1359 3280 1470 3351 ipsa
1497 3284 1757 3353 praestitit.
1791 3286 1907 3344 Non
1933 3292 2074 3345 enim

489 3358 628 3412 nuda
653 3370 805 3415 erant
823 3364 1004 3431 verba,
1024 3367 1121 3423 sed
1145 3369 1305 3426 verba
1336 3372 1424 3428 Dei
1453 3414 1470 3441 ,
1519 3376 1586 3430 de
1612 3378 1801 3446 quibus
1821 3381 2075 3451 scriptum

489 3460 572 3503 est
595 3467 608 3503 :
630 3449 1028 3528 Potentiaopera
1042 3475 1327 3517 sermonum
1346 3465 1455 3534 ejus
1475 3465 1615 3537 (Joel
1653 3469 1705 3522 2.
1737 3469 1848 3540 Η).
1869 3449 2074 3529 Etenim

487 3541 532 3596 si
563 3542 875 3615 hominem,
914 3564 1033 3603 cum
1061 3558 1165 3607 nan
1194 3564 1367 3621 esset,
1399 3555 1673 3627 fecerunt,
1706 3562 1874 3618 multo
1908 3567 2077 3637 magis

488 3643 700 3702 putrem
728 3648 780 3691 et
809 3640 1038 3712 paralysi
1062 3643 1390 3702 laborantem
1418 3650 1716 3706 restituent.

562 3723 753 3782 Contra
780 3729 1048 3786 Anomaeos
1070 3733 1314 3804 loquitur.
1343 3767 1418 3778 —
1449 3738 1562 3796 Hoc
1588 3740 1705 3797 loco
1730 3743 1958 3802 libenter
1985 3747 2067 3803 in-

484 3818 869 3886 terrogaverim
895 3835 1029 3889 eos,
1077 3825 1167 3894 qui
1193 3827 1402 3882 curiose
1441 3840 1722 3888 versantur
1744 3834 1797 3890 in
1826 3851 2073 3906 perscru-

490 3904 650 3958 tanda
667 3912 901 3965 essentia
939 3912 1028 3967 Dei
1051 3955 1063 3978 ,
1086 3917 1354 3984 quomodo
1376 3920 1655 3977 coiverunt
1678 3904 1917 3981 membra
1944 3928 2073 3985 illa?

488 3997 757 4065 quomodo
771 4000 991 4057 solidata
1006 4015 1129 4060 sunt
1144 4009 1291 4062 ossa?
1310 4012 1578 4079 quomodo
1594 4021 2071 4085 temperamentum

490 4086 621 4143 illud
647 4093 847 4147 ventris
863 4095 1151 4152 resolutum
1176 4102 1483 4158 convaluit?
1504 4119 1611 4175 quo
1636 4117 1791 4177 pacto
1815 4112 1967 4166 nervi
1985 4126 2074 4168 re-

491 4181 640 4238 missi
668 4196 853 4241 rursus
876 4192 1112 4247 contenti
1135 4195 1488 4266 exstiterunt,
1533 4207 1589 4254 et
1614 4200 1816 4271 dejecta
1849 4203 2074 4260 facultas

485 4272 825 4344 ensurrexit,
869 4290 926 4334 et
964 4292 1145 4338 erecta
1189 4287 1309 4341 est?
1359 4289 1429 4342 At
1471 4305 1574 4345 non
1602 4302 1826 4361 possunt
1852 4297 2069 4351 modum

489 4364 632 4421 hunc
667 4366 864 4424 dicere.
910 4371 1050 4442 Ergo
1089 4374 1357 4434 admirare
1391 4388 1591 4436 tantum
1624 4382 1676 4437 id
1698 4386 1838 4453 quod
1862 4397 2070 4457 gestum

486 4465 602 4513 est:
646 4460 864 4517 modum
891 4474 1069 4522 autem
1106 4470 1314 4526 curiose
1355 4487 1424 4526 ne
1459 4474 1765 4546 investiges.
1809 4477 2070 4547 Quoniam

488 4548 649 4618 igitur
673 4554 991 4626 paralyticus
1023 4600 1038 4624 ,
1069 4560 1208 4629 quod
1232 4560 1413 4630 jussus
1443 4572 1527 4618 est
1556 4606 1572 4632 ,
1616 4565 1740 4621 fecit
1762 4609 1777 4633 ,
1806 4579 1860 4623 et
1877 4569 2070 4626 lectum

488 4643 751 4711 sumpsit,
777 4645 1018 4704 videntes
1043 4649 1188 4705 illum
1219 4651 1387 4709 Judrci
1415 4655 1625 4710 dicunt:
1654 4656 1933 4713 Sabbatum
1967 4670 2073 4715 est:

487 4747 590 4786 non
623 4732 737 4788 licet
769 4736 857 4790 tibi
878 4737 1052 4794 tollere
1074 4742 1340 4812 grabatum
1365 4745 1418 4799 in
1442 4746 1646 4800 sabbato
1671 4746 1848 4818 (Joan.
1875 4751 1926 4807 5.
1958 4750 2067 4826 10).

486 4822 619 4878 Cum
641 4827 865 4886 adorare
890 4847 987 4902 par
1012 4845 1155 4890 esset
1192 4852 1312 4891 cum
1334 4880 1349 4905 ,
1378 4840 1469 4909 qui
1507 4838 1609 4896 hoc
1635 4841 1918 4912 effecerat,
1947 4861 2066 4901 cum
2092 4824 2115 4841 l

487 4913 739 4974 admirari
770 4920 966 4978 factum
988 4963 1004 4988 ,
1032 4925 1106 4980 illi
1131 4941 1259 4983 vero
1280 4928 1347 4982 de
1366 4930 1585 4985 sabbato
1608 4931 1910 5002 disserunt,
1945 4953 2071 4994 vere

486 5009 794 5067 excolentes
820 5014 1071 5083 culicem,
1102 5020 1364 5073 camelum
1394 5030 1571 5078 autem
1596 5024 1898 5095 glutientes.
1927 5030 2060 5097 Quid

487 5098 649 5168 igitur
700 5103 830 5157 ille?
865 5105 965 5172 Qui
995 5120 1073 5160 me
1106 5124 1284 5163 sanum
1316 5114 1432 5182 fecit
1453 5153 1469 5179 ,
1499 5114 1587 5169 ille
1611 5117 1737 5171 mihi
1756 5117 1886 5172 dixit
1908 5161 1923 5186 ,
1953 5116 2073 5176 tolle

488 5191 752 5259 grabatum
764 5206 923 5262 tuum,
943 5206 992 5251 et
1010 5199 1211 5254 ambula
1230 5199 1333 5272 (Ib.
1354 5218 1398 5257 υ.
1422 5205 1534 5276 il).
1555 5205 1716 5263 Vides
1736 5219 1946 5279 gratum
1972 5210 2070 5264 ho-

486 5284 646 5342 minis
672 5290 910 5345 anlmum
931 5290 956 5346 ?
977 5290 1274 5350 Conﬁtetur
1300 5297 1565 5353 medicum
1585 5339 1602 5365 ,
1633 5305 1689 5355 et
1711 5299 1926 5371 dignum
1950 5316 2070 5357 esse

486 5377 839 5449 legislatorem
864 5425 878 5449 ,
908 5386 989 5440 cui
1016 5388 1337 5458 praecipienti
1354 5389 1485 5446 ﬁdes
1499 5389 1774 5447 habeatur.
1792 5392 1865 5448 Et
1885 5409 2070 5464 quem-

485 5474 771 5530 admodum
798 5478 916 5534 iilos
936 5494 1108 5536 caecus
1133 5494 1445 5553 argumento
1470 5484 1755 5550 conclusit,
1788 5485 1857 5540 ita
1880 5495 1935 5541 et
1957 5486 2062 5542 hic.

487 5568 766 5633 Quomodo
791 5583 967 5629 autem
990 5575 1083 5631 ille
1109 5576 1413 5632 conclusit?
1448 5574 1707 5633 Dicebant
1732 5578 1781 5633 ei
1810 5619 1824 5643 ,
1851 5574 1972 5633 Non
1995 5588 2065 5633 est

486 5661 569 5714 hic
622 5664 771 5720 homo
849 5681 883 5719 a
951 5665 1062 5721 Deo
1103 5683 1123 5721 :
1187 5669 1307 5739 quia
1366 5668 1625 5724 sabbatum
1689 5686 1788 5724 non
1854 5670 2066 5725 custodit

492 5748 601 5822 (Id.
646 5752 704 5807 .9.
737 5754 845 5827 i6).
866 5758 1001 5826 Quid
1056 5758 1215 5830 igitur
1247 5759 1376 5815 ille?
1412 5760 1615 5815 Scimus
1639 5801 1654 5828 ,
1699 5760 1901 5832 inquit,
1928 5763 2060 5831 quod

1201 334 1261 389 S.
1303 332 1582 388 JOANNIS
1619 327 2089 385 (lllllYSOSTOMI
2131 329 2446 391 AllClllEP.
2490 336 3022 396 CONSTANTINOP.

3657 348 3752 403 8t28

2184 461 2465 515 peccatores
2485 451 2619 506 Deus
2642 471 2740 508 non
2753 456 2894 509 audit
2914 474 2932 510 .·
2945 458 3025 511 hic
3039 467 3203 512 autem
3216 466 3413 531 aperuit
3432 482 3564 521 meos
3584 471 3746 528 oculos

2188 536 2400 606 (Joann.
2420 540 2474 595 9.
2495 557 2540 596 υ.
2562 543 2767 616 50.31).
2800 545 2951 611 Quod
2978 557 3155 605 autem
3185 551 3357 619 affert,
3379 556 3486 612 tale
3509 559 3744 627 quiddam

2178 637 2279 683 est.
2308 630 2365 687 Si
2387 640 2743 705 transgressus
2759 648 2901 693 esset
2929 639 3122 711 legem,
3142 657 3444 712 peccasset:
3472 650 3517 705 si
3540 667 3742 725 peccas-

2178 730 2260 776 set
2292 761 2307 788 ,
2352 738 2457 778 non
2491 734 2691 783 tantum
2719 731 2981 799 potuisset
3007 750 3020 787 :
3061 734 3151 790 ubi
3175 738 3317 793 enim
3339 750 3610 809 peccatum
3638 785 3652 810 ,
3677 745 3741 801 ibi

2180 825 2285 865 non
2308 822 2391 868 est
2418 813 2564 871 locus
2579 817 3007 877 demonstrandae
3031 827 3301 894 potentiae.
3319 828 3388 883 At
3416 832 3614 909 potuit:
3644 850 3739 890 non

2178 914 2305 971 ergo
2343 906 2577 973 peccavit
2614 903 2972 979 transgressus
3015 914 3208 986 legem.
3263 917 3470 976 Eodem
3517 903 3740 983 modoet

2179 993 2264 1048 hic
2309 1008 2723 1067 argumentatur.
2765 1004 2894 1059 Nam
2924 1021 3043 1061 cum
3076 1009 3285 1079 inquit,
3330 1011 3435 1079 Qui
3475 1030 3739 1072 mesanum

2177 1083 2294 1153 fecit
2322 1126 2335 1149 ,
2368 1085 2468 1141 hoc
2492 1089 2834 1159 signiﬁcavit,
2870 1095 3010 1152 hunc
3037 1113 3189 1167 esse,
3220 1103 3310 1172 qui
3344 1107 3628 1172 potentiam
3655 1108 3739 1164 de-

2178 1179 2511 1243 monstravit,
2545 1181 2848 1255 idcircoque
2873 1188 3088 1246 minime
3112 1191 3327 1264 dignum
3356 1211 3478 1252 esse
3499 1239 3515 1263 ,
3540 1201 3625 1270 qui
3646 1202 3736 1257 eri-

2178 1265 2322 1320 mine
2345 1268 2552 1325 violatae
2569 1272 2699 1342 legis
2725 1286 3044 1333 arcessatur.
3070 1280 3206 1350 Quid
3238 1283 3398 1355 igitur
3427 1287 3522 1342 hi?
3556 1265 3649 1344 IJbi
3670 1300 3734 1345 est

2178 1354 2264 1408 ille
2283 1356 2454 1420 homo,
2469 1360 2560 1429 qui
2579 1360 2712 1416 diait
2725 1366 2838 1432 tibi,
2858 1367 2998 1424 Tolle
3017 1354 3282 1443 grabatum
3310 1386 3473 1446 tuum,
3490 1392 3538 1434 et
3551 1382 3734 1436 ambula

2183 1444 2292 1514 (Id.
2347 1449 2400 1503 5.
2454 1453 2565 1521 12).
2597 1455 2729 1513 Vide
2764 1463 3048 1518 amentiam
3092 1475 3253 1537 atque
3293 1444 3603 1540 stuporem:
3630 1475 3735 1531 vide

2176 1540 2408 1595 animum
2434 1552 2720 1603 tumentem
2750 1555 3071 1623 arrogantia.

2248 1630 2542 1689 [avidorum
2586 1642 2805 1695 conditio
2848 1645 3031 1716 qualis.
3089 1677 3161 1690 -—
3207 1650 3558 1711 Invidentium
3607 1658 3731 1716 enim

2174 1722 2315 1776 oculi
2344 1723 2475 1780 nihil
2518 1742 2703 1784 sanum
2736 1732 2937 1799 vident,
2989 1738 3083 1792 sed
3119 1739 3244 1795 illud
3278 1751 3479 1799 tantum
3510 1748 3639 1804 unde
3661 1766 3733 1806 ca-

2176 1828 2303 1882 pere
2325 1831 2507 1872 ansam
2530 1832 2783 1888 possunt:
2809 1826 2989 1882 itidem
3018 1839 3072 1884 et
3093 1830 3165 1885 hi.
3197 1831 3329 1889 Cum
3357 1836 3468 1902 ille,
3495 1840 3579 1908 qui
3599 1855 3731 1894 cura-

2178 1913 2263 1959 tus
2289 1917 2421 1975 erat,
2448 1922 2729 1984 utrumque
2782 1917 2954 1974 fassus
2978 1931 3120 1977 esset
3145 1964 3160 1987 ,
3206 1933 3261 1980 et
3287 1936 3525 1983 curatum
3551 1946 3607 1986 se
3628 1947 3731 1989 esse

2178 2006 2235 2050 et
2269 1995 2477 2067 jussum
2501 2002 2687 2059 tollere
2734 2009 3007 2077 grabatum
3036 2050 3054 2079 ,
3105 2014 3234 2068 illud
3286 2017 3500 2084 quidem
3541 2020 3730 2076 silentio

2173 2091 2546 2156 przeterierunt
2574 2135 2589 2159 ,
2638 2094 2738 2151 hoc
2784 2109 2960 2154 autem
3000 2107 3378 2173 protulerunt:
3426 2112 3729 2169 occultarunt

2174 2180 2387 2248 quidem
2419 2183 2731 2241 miraculum
2757 2228 2771 2252 ,
2827 2192 3162 2258 prmtendunt
3209 2207 3389 2253 autem
3412 2199 3607 2255 sabbati
3631 2202 3727 2256 dis-

2174 2271 2512 2330 solutionem.
2549 2276 2664 2333 Non
2691 2281 2834 2336 enim
2856 2281 3123 2352 dixerunt,
3156 2287 3244 2342 ubi
3273 2291 3463 2360 estqui
3492 2300 3541 2348 te
3563 2306 3725 2347 sanum

2176 2360 2333 2418 fecit?
2359 2365 2465 2421 Sed
2510 2366 2610 2423 hoc
2645 2372 2927 2428 reticentes
2975 2374 3260 2452 digerunt:
3309 2380 3405 2434 Ubi
3426 2392 3493 2437 est
3517 2383 3595 2452 qui
3616 2384 3726 2436 dixit

2175 2453 2265 2508 tibi
2287 2496 2301 2520 ,
2321 2454 2463 2511 Tolle
2474 2457 2752 2528 grabatum
2766 2471 2925 2526 tuum,
2955 2474 3000 2518 et
3023 2446 3228 2520 ambula
3252 2468 3282 2522 ?
3310 2468 3368 2524 Is
3387 2446 3548 2525 autem
3567 2475 3727 2526 nescie-

2176 2545 2277 2599 bat.
2300 2547 2452 2602 Jesus
2498 2550 2632 2603 enim
2673 2552 2941 2608 declinauit
2976 2572 3009 2610 a
3045 2557 3191 2612 turba
3234 2563 3506 2616 constituta
3547 2564 3596 2616 in
3631 2564 3725 2617 loco

2176 2637 2279 2711 (Ib.
2310 2655 2357 2693 υ.
2388 2638 2500 2712 i3).
2524 2640 2580 2696 Id
2612 2658 2739 2699 vero
2767 2647 2996 2703 maxima
3037 2658 3120 2705 est
3150 2652 3385 2708 hominis
3413 2654 3547 2710 illius
3568 2654 3726 2711 defen-

2175 2732 2274 2795 sio,
2305 2732 2357 2786 id
2370 2729 2567 2788 Christi
2594 2736 2939 2805 providentiae
2966 2739 3355 2800 demonstratio
3385 2764 3400 2801 :
3431 2757 3488 2802 ut
3511 2763 3620 2803 cum
3638 2763 3725 2802 au-

2173 2820 2336 2876 dieris
2361 2824 2705 2895 paralyticum
2726 2824 2868 2884 hunc
2893 2845 2997 2884 non
3021 2831 3210 2888 eodem
3231 2836 3393 2892 modo
3411 2852 3472 2892 ac
3489 2836 3723 2893 centurio-

2177 2928 2297 2968 nem
2316 2916 2615 2986 suscepisse
2631 2909 2998 2977 advenientem
3020 2924 3325 2995 Dominum,
3346 2945 3513 3001 neque
3528 2929 3719 2997 dixisse,

2182 3003 2278 3059 Dic
2303 3006 2447 3061 verba
2472 3049 2489 3071 ,
2515 3018 2563 3062 et
2590 3011 2853 3066 sanabitur
2877 3030 3002 3083 puer
3021 3032 3158 3071 meus
3188 3019 3207 3089 (
3233 3018 3421 3076 Matth.
3448 3022 3497 3078 8.
3523 3021 3614 3091 8),
3631 3037 3720 3077 non

2175 3097 2344 3167 ipsum
2370 3098 2696 3157 inﬁdelitatis
2749 3105 2966 3161 nomine
3019 3107 3384 3178 condemnes,
3420 3113 3719 3183 quandoqui-

2175 3189 2298 3246 dem
2326 3191 2477 3249 illum
2499 3210 2606 3250 non
2637 3198 3023 3267 cognoscebat:
3052 3216 3155 3256 non
3185 3204 3330 3259 enim
3358 3206 3572 3270 sciebat,
3597 3206 3720 3276 quis-

2178 3297 2302 3337 nam
2353 3284 2445 3341 ille
2487 3295 2651 3342 esset.
2676 3287 2746 3343 Et
2781 3291 3050 3360 quomodo
3094 3307 3219 3349 eum
3263 3311 3417 3367 quem
3465 3310 3717 3366 numquam

2175 3372 2401 3442 viderat,
2431 3377 2709 3433 novisset?
2737 3377 3024 3450 Propterea
3058 3383 3271 3441 dicebat
3298 3404 3315 3442 :
3359 3386 3615 3441 Hominem
3634 3402 3718 3439 non

2177 3463 2353 3544 habeo,
2375 3467 2460 3536 qui
2488 3467 2650 3521 mittat
2674 3484 2753 3521 me
2778 3470 2829 3523 in
2845 3470 3089 3540 piscinam
3109 3472 3325 3546 (Joanu.
3354 3478 3409 3533 5.
3435 3477 3507 3550 7).
3528 3476 3661 3544 Quod
3677 3475 3719 3530 si

2176 3538 2297 3611 eum
2320 3558 2574 3623 novisset,
2608 3559 2847 3629 profecto
2880 3563 3099 3634 piscina:
3124 3582 3188 3622 ac
3214 3568 3569 3627 descensionis
3596 3570 3718 3625 illius

2176 3648 2496 3702 mentionem
2516 3665 2621 3703 non
2645 3652 2877 3720 fecisset,
2896 3655 2989 3708 sed
3015 3671 3081 3712 eo
3105 3658 3268 3716 modo
3291 3661 3460 3716 curari
3479 3659 3714 3731 postulas-

2158 3749 2277 3817 set,
2296 3757 2403 3812 quo
2428 3750 2483 3798 et
2508 3751 2724 3800 curatus
2764 3754 2867 3800 est.
2918 3746 3023 3803 Sed
3072 3753 3295 3820 putabat
3337 3769 3493 3808 unum
3536 3766 3643 3808 esse
3685 3766 3714 3807 ο

2175 3832 2357 3889 multis
2384 3875 2402 3902 ,
2446 3849 2510 3890 ac
2537 3834 2738 3890 nudum
2769 3836 3074 3894 hominem:
3120 3850 3282 3912 atque
3319 3844 3509 3900 idcirco
3535 3843 3713 3898 usitata!

2175 3926 2417 3981 meminit
2440 3927 2750 3983 curationis.
2793 3927 2997 3986 Rursus
3025 3940 3203 3987 autem
3239 3933 3431 3989 Christi
3464 3932 3712 4004 providen-

2176 4015 2262 4070 tire
2286 4015 2403 4071 haec
2425 4015 2811 4073 demonstratio
2832 4030 2952 4088 est,
3006 4021 3148 4092 quod
3182 4034 3427 4081 curatum
3449 4021 3709 4094 reliquerit.

2174 4121 2347 4177 neque
2382 4106 2431 4162 ei
2468 4121 2585 4162 sese
2613 4108 2942 4178 patefecerit.
2996 4113 3207 4170 Etenim
3247 4131 3317 4172 ne
3360 4117 3712 4186 suspicarentur

2172 4196 2362 4264 Judaei,
2385 4197 2715 4254 subdititium
2745 4215 2867 4257 esse
2902 4202 3042 4258 hunc
3068 4212 3281 4275 testem,
3313 4214 3467 4277 atque
3489 4205 3594 4260 haec
3612 4201 3711 4258 ideo

2172 4292 2352 4347 dicere
2379 4333 2395 4360 ,
2422 4291 2562 4360 quod
2590 4293 2869 4361 praesentis
2899 4294 3097 4350 Christi
3124 4298 3373 4353 suasione
3397 4302 3673 4353 moveretur
3689 4330 3703 4355 ν

2174 4385 2318 4440 illius
2346 4385 2644 4455 ignorantia
2670 4394 2725 4441 et
2762 4385 3001 4441 absentia
3044 4386 3243 4444 Christi
3290 4389 3413 4444 huic
3459 4382 3707 4458 suspicioni

2174 4480 2348 4535 locum
2377 4495 2484 4535 non
2509 4480 2727 4535 dabant.
2755 4478 2930 4551 lnquit
2963 4482 3105 4537 enim
3134 4482 3501 4555 Evangelista:
3528 4478 3707 4534 Nescie-

2172 4572 2256 4626 bat
2281 4572 2392 4640 quis
2417 4581 2542 4626 esset
2571 4570 2675 4646 (Ib.
2701 4588 2749 4626 u.
2782 4572 2894 4669 1-5).
3342 4661 3355 4669 .
3633 4656 3644 4669 .

2243 4659 2298 4713 4.
2331 4657 2535 4714 Idcirco
2555 4674 2698 4726 eum,
2725 4659 2817 4729 qui
2847 4668 3062 4716 curatus
3082 4669 3198 4717 erat
3225 4704 3243 4727 ,
3279 4661 3447 4717 solum
3474 4701 3492 4729 ,
3519 4674 3576 4713 ac
3607 4657 3705 4711 sine

2172 4749 2321 4803 socio
2347 4749 2526 4817 mittit,
2556 4757 2613 4804 ut
2652 4748 3100 4819 quemadmodum
3147 4762 3400 4822 cuperent
3432 4792 3446 4817 ,
3497 4757 3701 4803 seorsum

2172 4839 2486 4895 adhibentes
2513 4882 2527 4906 ,
2571 4841 2943 4897 examinarent
2982 4842 3124 4913 quod
3150 4842 3344 4898 factum
3366 4849 3476 4897 erat
3500 4882 3513 4903 ,
3534 4847 3699 4892 etcum

2172 4939 2371 4991 certam
2403 4931 2479 4985 rei
2508 4931 3019 4988 demonstrationem
3044 4935 3372 5004 accepissent
3406 4972 3420 4996 ,
3449 4930 3510 4984 ab
3533 4929 3701 5024 imper:

2172 5031 2302 5076 tune
2326 5020 2506 5077 furore
2532 5031 2824 5077 cessarent.
2871 5022 3158 5094 Propterea
3201 5024 3313 5093 ipse
3359 5021 3557 5092 quidem
3591 5011 3699 5071 nihil

2170 5112 2405 5184 laquitur
2426 5153 2444 5179 ,
2474 5124 2595 5168 eam
2622 5127 2752 5169 vero
2780 5129 2899 5184 qua:
2935 5129 3031 5185 per
3058 5130 3148 5171 res
3173 5115 3314 5188 ipsas
3334 5112 3699 5168 ﬁtdemonstra-

2172 5208 2369 5261 tionem
2394 5206 2474 5261 eis
2507 5207 2747 5277 praebet:
2797 5223 3010 5279 quoquo
3048 5224 3233 5265 versus
3258 5200 3696 5295 manifestissima!!!

2170 5299 2423 5354 emittens
2440 5312 2649 5365 vocem,
2675 5306 2731 5353 et
2759 5298 2881 5353 tuba
2905 5299 3146 5368 qualibet
3167 5297 3460 5353 clariorem.
3484 5292 3694 5389 Ita

2172 5390 2298 5446 nulli
2323 5390 2432 5460 jam
2460 5389 2750 5461 suspicioni
2771 5391 2872 5446 erit
2897 5389 3183 5446 obnoxium
3205 5388 3544 5444 tesﬁmontum
3566 5371 3691 5436 illud.

2174 5483 2274 5551 Qui
2292 5500 2372 5538 me
2396 5499 2575 5539 sanum
2596 5482 2730 5552 fecit,
2754 5484 2841 5537 ille
2863 5482 2987 5535 mihi
3005 5483 3159 5549 dixit,
3178 5482 3316 5537 Tolle
3327 5473 3695 5568 grabatumtuttm

2168 5585 2217 5628 et
2265 5573 2468 5628 ambula
2506 5571 2630 5646 (Id.
2663 5589 2713 5628 υ.
2744 5573 2801 5629 ﬂ
2822 5572 2864 5644 ).
2916 5571 3236 5643 Paralyticus
3276 5568 3333 5622 ﬁt
3366 5557 3651 5646 evangelista
3675 5587 3690 5614 ο

2172 5667 2421 5737 magister
2443 5641 2755 5730 inﬁdelium,
2780 5641 3017 5718 medicus
3044 5641 3098 5718 et
3123 5673 3292 5733 prteco
3315 5656 3377 5712 ad
3407 5653 3592 5707 illorum
3608 5641 3689 5737 de:

2174 5728 2335 5817 decus
2357 5768 2410 5815 ct
2455 5728 2951 5816 condemnationem
2975 5795 2993 5824 ,
3025 5753 3258 5812 medicus
3285 5764 3387 5807 non
3420 5756 3535 5801 voce
3559 5779 3572 5803 ν
3602 5728 3682 5787 είδίλ
