3918 6386
209 431 311 487 807

211 553 309 607 καὶ
333 548 519 621 τρίτον
561 545 755 607 εἰπεῖν,
800 541 907 594 τῶν
941 539 1245 611 εἰρημένων
1275 538 1376 591 οὐκ
1410 538 1651 591 ἔλαττον.
1683 534 1801 587 ’Ἰνα

212 647 320 717 γάρ
371 641 578 714 μάθῃς,
625 639 710 692 ὅτι
771 637 873 691 οὐκ
913 634 1230 706 ἀνθρωπίνη
1277 632 1464 703 τέχνη,
1501 628 1636 684 ἀλλά
1683 627 1804 682 θεία

211 738 441 807 δύναμις
467 735 533 787 τὸ
587 734 696 787 πᾶν
746 729 1062 802 εἰργάσατο,
1114 726 1403 782 ἐκέλευσεν
1436 722 1586 794 αὐτῷ
1615 721 1804 791 φέρειν

214 830 310 903 τὴν
342 828 557 898 κλίνην,
588 826 691 898 τῆς
710 823 947 895 ἀληθοῦς
981 823 1078 877 καὶ
1113 817 1441 892 εἰλικρινοῦς
1467 816 1678 886 ὑγιείας
1710 829 1807 881 με·

215 926 411 995 γίστην
440 921 593 997 [εϐἳ]
619 920 874 992 παρέχων
900 915 1174 980 ἀπόδειξιν
1188 913 1285 968 καὶ
1312 911 1484 982 σαφῆ,
1515 910 1603 964 ἵνα
1631 921 1707 981 μτ,
1726 923 1808 962 τις

213 1018 323 1072 τῶν
358 1016 696 1088 βλασφήμων
732 1009 961 1066 ἐκείνων
987 1008 1143 1079 λέγῃ,
1174 1008 1256 1060 ὅτι
1283 1002 1809 1074 συνυποκρινόμενος

216 1110 248 1166 6
271 1108 643 1181 παραλυτικὸς
667 1107 763 1161 καὶ
789 1104 869 1177 τῷ
904 1101 1127 1175 Χριστῷ
1157 1097 1541 1172 χαριζόμενος,
1574 1099 1704 1166 ἐσνη
1715 1110 1809 1165 μα-

217 1202 403 1258 τίσατο
432 1200 639 1272 βάδισιν
660 1198 847 1269 ψιλήν.
1128 1198 1133 1203 ’

288 1348 390 1402 Διά
423 1346 584 1400 τοῦτο
636 1344 732 1398 καὶ⁸
776 1340 995 1413 φορτίον
1029 1338 1122 1391 ἐπὶ
1170 1335 1278 1390 τῶν
1310 1333 1475 1404 ὤμων
1507 1324 1669 1383 αὐτοῦ
1721 1343 1814 1379 κε-

221 1440 365 1496 λεύει
418 1440 628 1510 φέρειν.
685 1437 749 1489 Εἰ
781 1435 890 1505 γὰρ
926 1432 1001 1505 μὴ
1030 1426 1099 1503 ἦν
1137 1427 1425 1499 πεπηγότα
1452 1422 1598 1493 αὐτῷ
1631 1418 1813 1482 καλῶς

220 1536 286 1590 τὰ
317 1533 480 1606 μέλη,
528 1530 625 1585 καὶ
679 1527 747 1582 τά
789 1525 971 1598 ἄρθρα
1010 1521 1292 1593 σφιγέντα,
1330 1518 1431 1571 οὐκ
1477 1515 1543 1569 ἂν
1571 1509 1815 1583 ⁴ηδυνήθη

224 1605 495 1697 βαστάσαι
541 1619 799 1676 τοσοῦτον
835 1617 998 1685 ὄγκον
1029 1614 1122 1668 ἐπὶ
1153 1612 1264 1666 τῶν
1301 1608 1488 1682 ὤμων.
1532 1608 1643 1660 Καὶ⁴
1677 1605 1816 1677 πρὸς

222 1719 433 1782 τούτοις
463 1717 520 1771 δέ
550 1708 1266 1771 ἀπασικάκεϊνοέδείκνυτο,
1299 1705 1380 1758 ὅτι
1414 1702 1503 1773 ὐφ’
1530 1701 1589 1756 ἓν
1603 1702 1818 1755 ἅπαντα

222 1814 455 1885 γίνεται,
510 1809 642 1863 ὅταν
697 1807 726 1859 ὁ
757 1801 994 1875 Χριστὸς
1046 1798 1378 1871 προστάττῃ,
1403 1796 1498 1849 καὶ
1527 1792 1817 1863 ἀπαλλαγὴ

223 1910 406 1971 νόσου,
448 1907 545 1959 καὶ
585 1898 798 1971 ὑγιείας
830 1894 1108 1958 ἐπάνοδος,
1150 1893 1214 1947 Οἰ
1247 1891 1344 1964 μὲν
1371 1891 1481 1961 γὰρ
1513 1885 1687 1959 ἰατροὶ
1715 1885 1821 1940 κᾶν

223 2000 578 2066 ἀπαλλάξωσι
627 1992 975 2066 νοσημάτων,
1015 1987 1130 2042 ἀλλ’
1177 1985 1267 2055 ὑφ’
1321 1983 1379 2037 ἐν
1426 1983 1563 2055 πρὸς
1609 1980 1822 2051 ὑγίειαν

223 2094 597 2167 ἐπαναγαγεῖν
638 2088 730 2145 τὸν
778 2080 1166 2159 ἀρρωστοῦντα
1213 2079 1314 2132 οὐκ
1367 2075 1661 2147 ἰσχύουσιν,
1705 2071 1824 2131 ἀλλ’

225 2194 414 2267 ἑτέρου
436 2190 649 2245 δέονται
707 2176 923 2254 μακροῦ
964 2175 1182 2249 χρόνου,
1216 2171 1310 2226 τοῦ
1344 2171 1445 2241 τῆς
1478 2167 1822 2239 ἀναλήψεως,

225 2260 367 2346 ὥστε
384 2284 457 2338 τά
470 2279 703 2350 λείψανα
728 2275 830 2346 τῆς
858 2270 1170 2345 ἀρρωστίας
1212 2265 1356 2321 κατά
1395 2260 1590 2335 μικρὸν
1624 2262 1827 2327 ἀποξύ..

227 2400 318 2436 σαι
344 2377 441 2433 τοῦ
470 2373 724 2438 σώματος
777 2366 873 2420 καὶ
931 2361 1206 2418 ἐκϐαλεῖν.
1250 2358 1310 2411 '0
1349 2356 1406 2410 δὲ
1451 2354 1687 2427 Χριστὸς
1726 2355 1828 2424 οὐχ

226 2473 425 2537 οὕτως,
461 2466 575 2523 ἀλλ’
604 2466 663 2518 ἐν
691 2462 789 2533 μιᾷ
822 2454 1020 2529 καιροῦ
1064 2453 1203 2525 ῥοπῇ
1250 2450 1349 2505 καὶ
1387 2449 1488 2521 τῆς
1517 2446 1829 2519 ἀρρωστίας

229 2559 533 2636 ἀπήλλαξε,
562 2557 658 2612 καὶ
689 2553 789 2625 τὴν
820 2550 1033 2620 ὑγίειαν
1068 2546 1405 2615 ἐπανήγαγε,
1436 2540 1533 2594 καὶ
1558 2539 1721 2609 μέσος
1747 2538 1833 2591 οὐ-

230 2629 342 2722 sai;
372 2654 594 2725 ἐγένετο
623 2647 838 2722 χρόνος,
866 2642 979 2697 ἀλλ’
1009 2641 1127 2712 ἅμα
1149 2638 1249 2707 τῆς
1278 2636 1439 2705 ἁγίας
1467 2631 1716 2703 γλώττης
1753 2629 1832 2696 εξ.

233 2750 509 2823 επήδησεν
533 2746 570 2818 ἡ
596 2740 720 2814 ἱερά
747 2737 934 2808 ἐκείνη
964 2733 1137 2805 φωνὴ,
1168 2730 1264 2784 κα)⁸
1288 2729 1350 2782 τὸ
1378 2726 1594 2798 νόσημα
1618 2724 1712 2778 τοῦ
1731 2724 1837 2777 σώ-

238 2818 410 2917 ματος
433 2837 787 2913 ἐδραπέτευε,
822 2832 917 2887 καὶ
952 2833 980 2884 6
1018 2828 1176 2897 λόγος
1208 2826 1368 2896 ἔργον
1402 2821 1639 2891 ἐγένετο,
1671 2818 1768 2873 καὶ
1800 2819 1835 2889 ἠ

235 2913 520 3009 ἀρρωστία
548 2933 699 2985 πᾶσα
724 2924 993 2982 πάντοθεν
1029 2918 1414 2993 ἐθεραπεύετο.
1448 2914 1558 2969 Καὶ
1585 2913 1838 2984 καθάπερ

237 3005 545 3101 θεράπαινά
574 3040 658 3086 τις
692 3016 1064 3081 στασιάζουσα
1084 3054 1099 3077 ,
1150 3008 1371 3065 ἐπειδὰν
1407 3007 1492 3079 ἴδῃ
1525 3005 1617 3059 τὸν
1638 3006 1839 3075 ἑαυτῆς

237 3120 529 3193 δεσπότην,
566 3114 937 3176 συστέλλεται,
970 3110 1065 3163 καὶ
1096 3106 1231 3180 πρὸς
1270 3106 1522 3172 εὐταξίαν
1547 3103 1645 3174 τὴν
1679 3117 1843 3172 προσ-

239 3216 481 3289 ήκουσαν
509 3207 872 3280 ἐπανέρχεται
890 3222 904 3236 °
929 3201 1072 3256 οὕτω
1094 3200 1189 3255 καὶ
1218 3201 1251 3272 ή
1274 3199 1437 3269 φύσις
1462 3196 1556 3250 τοῦ
1588 3194 1843 3265 σώματος

240 3288 499 3382 καθάπερ
554 3303 861 3379 θεράπαινά
906 3319 991 3365 τις
1042 3300 1165 3353 τότε
1216 3295 1577 3360 στασιάσασα,
1619 3291 1714 3345 καὶ
1745 3288 1844 3360 τὴν

243 3380 480 3479 πάρεσιν
532 3396 914 3474 ἐργασαμένη,
966 3392 1155 3464 ἐπειδὴ
1187 3391 1278 3445 τὸν
1315 3387 1594 3457 Δεσπότην
1620 3380 1728 3438 εἶδε
1752 3382 1845 3436 τὸν

244 3476 449 3568 ἑαυτῆς
486 3493 962 3567 παραγενόμενον,
1014 3487 1151 3561 πρὸς
1174 3483 1275 3557 τὴν
1313 3481 1523 3537 οἰκείαν
1544 3476 1846 3550 ἐπανῆλθεν

243 3588 524 3656 εὐταξίαν,
560 3586 656 3640 καὶ
694 3582 787 3638 τὸν
837 3580 1118 3653 πρέποντα
1169 3577 1375 3648 κόσμον
1428 3571 1682 3627 ἀνέλαϐε.
1737 3570 1850 3623 Καὶ

243 3681 424 3739 ταῦτα
453 3679 637 3734 πάντα
668 3677 704 3749 ή
752 3673 907 3746 φωνὴ
936 3671 1234 3744 εἰργάσατο
1253 3683 1268 3701 ⁸
1307 3667 1367 3722 οὐ
1401 3665 1512 3738 γὰρ
1529 3660 1597 3737 ἦν
1620 3662 1754 3733 ψιλά
1780 3659 1852 3714 τά

250 3780 495 3852 ῥήματα,
552 3772 690 3830 ἀλλὰ
741 3774 963 3845 ῥήματα
1014 3765 1174 3831 Θεοῦ,
1226 3764 1356 3835 περὶ
1394 3756 1470 3818 ὧν
1521 3777 1708 3833 φησιν,
1769 3759 1852 3812 ὅτι

262 3870 503 3940 ’ἰσχυρὰ
531 3869 677 3939 ἔργα
729 3866 928 3933 λόγων
968 3862 1177 3916 αὐτοῦ.
1216 3860 1281 3913 Εἰ
1316 3857 1425 3930 γάρ
1464 3857 1568 3911 οὐκ
1593 3854 1723 3909 ὄντα
1760 3853 1853 3907 άν-

250 3965 474 4034 θρωπον
495 3960 739 4031 ἐποίησε,
768 3954 947 4025 πολλῷ
972 3953 1172 4024 μᾶλλον
1186 3950 1536 4022 σαθρωθέντα
1564 3950 1657 4003 καὶ
1675 3946 1857 4003 διαλυ-

252 4056 421 4112 θέντα
462 4054 621 4110 πάλιν
654 4049 1073 4123 ἐπανώρθωσεν.

338 4199 601 4255 Ἐνταῦθα
614 4197 786 4271 ἡδέως
802 4196 869 4250 ἂν
883 4193 1113 4266 ἐροίμην
1127 4191 1255 4254 τοὺς
1270 4187 1858 4260 πολυπραγμονοῦντας

248 4295 354 4353 τοῦ
392 4295 526 4350 Θεοῦ
552 4295 653 4368 τὴν
683 4289 895 4355 οὐσίαν,
941 4287 1060 4353 πῶς
1099 4284 1328 4357 συνῆλθε
1364 4284 1434 4338 τά
1471 4283 1608 4355 μέλη
1639 4284 1855 4348 ἐκεῖνα;

250 4390 382 4454 πῶς
411 4388 703 4458 ἐσφίγγετο
747 4384 817 4438 τὰ
846 4382 1016 4449 ὀστᾶ;
1064 4379 1181 4443 πῶς
1208 4380 1237 4433 6
1265 4377 1420 4440 τόνος
1444 4377 1547 4446 τῆς
1575 4374 1812 4446 γαστρὸς
1832 4376 1861 4429 6

252 4481 643 4553 διαλελυμένος
682 4475 1024 4551 ἐρῤὡννυτο;
1067 4473 1182 4537 πῶς
1209 4471 1282 4525 τὰ
1314 4468 1660 4540 χαλασθέντα
1691 4466 1861 4538 νεῦρα

254 4575 430 4630 πάλιν
458 4573 744 4635 ἐτείνοντο,
758 4569 854 4622 καὶ
875 4568 909 4638 ή
932 4565 1336 4636 καταϐληθείσα
1357 4563 1587 4633 δύναμις
1607 4560 1865 4614 ἀνίστατο

256 4669 359 4725 καὶ
392 4664 742 4739 ἀνωρθοῦτο;
787 4660 929 4716 Ἀλλ’
960 4660 1061 4713 οὐκ
1110 4659 1176 4711 ἂν
1215 4658 1388 4727 ἔχοιεν
1416 4656 1479 4710 τὸ
1513 4656 1632 4719 πῶς
1664 4655 1862 4709 εἰπεῖν.

258 4759 478 4819 Οὐκοῦν
507 4755 758 4829 θαύμαζε
806 4754 870 4808 τὸ
916 4752 1284 4824 γεγενημένον
1306 4750 1486 4822 μόνον,
1522 4748 1598 4819 μὴ
1645 4764 1867 4819 περιερ-

257 4850 438 4925 γάζου
463 4850 556 4904 τὸν
580 4849 806 4921 τρόπον.
851 4830 1071 4915 ’Ἐπειδὴ
1118 4843 1299 4897 τοίνυν
1346 4841 1569 4912 ἐποίησε
1598 4841 1662 4894 τὸ
1699 4858 1867 4912 προσ-

260 4943 489 5016 ταχθὲν,
518 4943 613 4997 καὶ
635 4941 736 5014 τὴν
765 4939 956 5011 κλίνην
983 4937 1200 5002 ἐλαϐεν,
1227 4938 1426 5001 ἰδόντες
1452 4935 1616 4991 αὐτὸν
1638 4935 1689 4990 οί
1735 4936 1869 4989 ’ἰου-

259 5040 429 5106 δαῖοι,
444 5037 663 5107 λέγουσι
686 5052 700 5067 υ
733 5033 1038 5089 Σάϐϐατόν
1070 5031 1224 5094 ἐστι,
1258 5030 1360 5084 καί
1392 5031 1504 5085 οὐκ
1526 5029 1732 5095 ἔξεστί
1769 5042 1872 5082 σοι

263 5132 409 5208 ἆραι
424 5135 533 5190 τὸν
560 5131 896 5202 κράϐϐατον
914 5130 986 5184 ἐν
1009 5128 1306 5195 σαϐϐάτῳ.
1329 5128 1458 5182 Δέον
1488 5127 1871 5200 προσκυνῆσαι

264 5236 366 5291 τὸν
392 5232 786 5306 ἐργασάμενον,
813 5229 933 5283 δέον
962 5226 1242 5299 θαυμάσαι
1270 5228 1331 5280 τὸ
1348 5224 1799 5299 γεγενημένον,οἰ
1816 5224 1874 5278 δέ

268 5329 407 5399 περὶ
441 5325 711 5381 σαϐϐάτου
756 5322 1115 5391 διαλέγονται,
1161 5319 1378 5390 ἀληθῶς
1420 5320 1470 5373 οἰ
1516 5318 1607 5373 τὸν
1634 5317 1876 5373 κώνωπα

270 5417 624 5485 διυλίζοντες,
673 5417 771 5470 καὶ
800 5416 901 5487 τὴν
937 5413 1185 5486 κάμηλον
1229 5411 1646 5476 καταπίνοντες.
1681 5411 1749 5465 Τί
1781 5406 1875 5465 οῦν

272 5513 522 5579 ἐκεῖνοςς
570 5511 624 5564 '0
658 5508 924 5577 ποιήσας
966 5524 1044 5576 με
1075 5505 1238 5576 ὑγιῆ,
1269 5505 1501 5573 ἐκεῖνός
1538 5524 1641 5575 μοι
1680 5502 1872 5569 εἶπεν,

273 5601 467 5677 *Αρον
508 5605 618 5660 τὸν
645 5602 981 5672 κράϐϐατόν
1007 5614 1144 5669 σου,
1193 5600 1293 5655 καί
1340 5600 1665 5670 περιπάτει.
1713 5601 1876 5677 Ὁρᾷς

279 5697 705 5771 εὐγνωμοσύνην
765 5693 1092 5767 ἀνθρώπους
1138 5695 1393 5766 ὁμολογεῖ
1423 5693 1514 5749 τὸν
1551 5695 1754 5767 ἰατρὸν,
1784 5697 1878 5751 καὶ

283 5791 593 5858 ἀξιόπιστόν
620 5808 786 5863 φησιν
829 5786 968 5847 εἶναι
1011 5788 1106 5843 τοῦ
1145 5790 1567 5861 προστάγματος
1594 5789 1686 5845 τὸν
1711 5807 1877 5862 νομο-

288 5881 474 5953 θέτην·
526 5886 621 5939 καὶ
672 5883 863 5956 ὥσπερ
915 5882 1114 5946 αὐτοὺς
1152 5883 1181 5936 6
1211 5881 1412 5952 τυφλὸς
1470 5882 1872 5953 συνελογίσατο,

882 438 909 481 .’
948 422 1033 479 DE
1072 421 1349 476 CHRISTI
1392 417 1812 483 DIVINITATE,
1852 415 2127 472 CONTRA
2167 414 2552 473 ANOMOEOS.
2594 412 2747 471 Χῑῐξ

1909 532 2051 587 οὕτω
2078 534 2171 587 καὶ
2190 529 2360 597 οὗτος.
2391 532 2515 598 Πῶς
2545 533 2602 586 δὲ
2640 531 2844 594 ἐκεῖνος
2881 530 3292 598 συνελογίσατο;
3336 532 3491 584 Ἕλεσ

1908 635 2002 686 γον
2023 618 2192 689 αὐτῷ,
2215 619 2297 673 ὅτι
2338 616 2524 683 Οὗτος
2554 620 2587 671 d
2614 615 2927 683 ἄνθρωπος
2948 616 3061 669 οὐκ
3100 614 3271 669 ἐστιν
3289 614 3359 667 ἐκ
3388 614 3494 669 τοῦ

1911 698 2081 766 Θεοῦ,
2107 699 2198 753 ὅτι
2245 697 2314 752 τὸ
2357 698 2660 751 σάϐϐατον
2689 698 2762 750 οὐ
2802 694 2983 764 τηρεῖ.
3034 694 3098 748 Τί
3128 689 3219 748 οὖν
3252 696 3495 759 ἐκεῖνοςς

1912 781 2188 852 Οἴδαμεν,
2207 781 2392 853 φησὶν,
2416 781 2502 834 ὅτι
2518 777 2879 851 ἁμαρτωλῶν
2898 781 2931 832 ὁ
2961 779 3102 844 Θεὸς
3125 779 3235 831 οὐκ
3272 776 3494 831 ἀκούειο

1909 861 2090 932 οὗτος
2119 865 2189 919 δὲ
2225 864 2433 934 ἤνοιξέ
2446 882 2563 934 μου
2593 863 2737 930 τοὺς
2760 862 3127 931 ὀφθαλμούς.
3168 862 3233 913 Ὃ
3266 861 3323 914 δὲ
3352 860 3497 931 λέγει
3538 914 3549 917 -

1908 948 2148 1003 τοιοῦτόν
2182 950 2329 1002 ἐστιν
2350 966 2362 979 ·
2390 949 2450 1002 Εἰ
2470 946 2683 1019 παρέϐη
2717 946 2810 999 τὸν
2836 946 3027 1016 νόμον,
3058 946 3307 1017 ἥμαρτεν
3326 962 3339 974 ·
3365 947 3414 998 εἰ
3442 945 3497 998 δὲ

1916 1049 2180 1104 ημαρτεν,
2210 1034 2310 1086 οὐκ
2328 1033 2393 1087 ἂν
2412 1030 2666 1086 τοσοῦτον
2684 1029 2904 1100 ἴσχυσεν
2923 1045 2936 1058 ’
2956 1027 3085 1081 ἔνθα
3101 1027 3208 1098 γὰρ
3230 1026 3498 1099 ἁμαρτία,

1912 1115 2172 1181 ἐπίδειξις
2190 1115 2472 1186 δυνάμεως
2508 1115 2608 1168 οὐκ
2640 1113 2786 1167 ἔστιν
2806 1128 2820 1141 °
2849 1112 2985 1166 ἀλλά
3014 1113 3110 1184 μὲν
3135 1112 3371 1182 ἴσχυσεν,
3398 1111 3502 1186 οὐκ

1915 1199 2066 1273 [555]
2080 1200 2189 1271 ἄρα
2210 1185 2424 1272 ἥμαρτε
2446 1198 2703 1269 παραϐάς
2722 1197 2813 1250 τὸν
2836 1197 3021 1266 νόμον.
3047 1194 3203 1247 Οῦτω
3219 1195 3314 1248 καὶ
3348 1185 3503 1256 οὗτος

1916 1281 2306 1353 συλλογίζεται.
2340 1284 2415 1335 T6
2465 1281 2574 1353 γὰρ
2632 1283 2828 1345 εἰπεῖν,
2857 1281 2921 1332 '0
2965 1278 3228 1347 ποιήσεις
3245 1294 3322 1345 με
3339 1276 3499 1346 ὺτι-ῆ.

1913 1376 2073 1430 τοῦτο
2125 1377 2367 1447 ᾐνίξατο,
2423 1377 2504 1429 ὅτι
2550 1377 2598 1429 εἰ
2644 1369 2796 1438 οὗτός
2827 1374 2974 1425 ἔστιν
3025 1373 3054 1424 6
3100 1370 3505 1440 ἐπιδειξάμενος

1914 1462 2163 1533 δύναμιν,
2207 1461 2285 1524 ὡς
2341 1461 2441 1515 οὐκ
2468 1460 2534 1515 ἂν
2569 1459 2656 1528 εἰη
2694 1458 2905 1519 δίκαιος
2934 1454 3277 1527 παρανομίας
3310 1452 3507 1522 ἐγκλή-

1920 1562 2084 1617 μασιν
2122 1544 2422 1609 ὐπεύθυνος
2454 1541 2720 1612 γίνεσθαι.
2754 1539 2819 1594 Τί
2849 1536 2943 1593 οὖν
2969 1534 3151 1607 οὗτος
3191 1537 3315 1591 Ποῦ
3339 1537 3508 1591 ἔστιν

1917 1633 1951 1685 ὁ
1977 1630 2331 1697 ἅνθρωποςὸ
2349 1626 2534 1683 εἰπών
2548 1641 2670 1687 σοι.
2683 1621 2866 1694 Ἆρον
2888 1624 2995 1678 τὸν
3014 1622 3347 1694 κράϐϐατόν
3371 1637 3509 1675 σου,

1920 1715 2018 1768 καί
2042 1711 2379 1782 περιπάτει;
2409 1713 2555 1785 Ὅρα
2580 1710 2679 1781 τὴν
2708 1708 3105 1780 ἀγνωμοσύνην
3125 1706 3221 1761 καὶ
3241 1705 3339 1778 τὴν
3369 1706 3506 1761 ἀναι-

1921 1798 2172 1870 σθησίαν,
2199 1798 2301 1869 ὅρα
2324 1796 2501 1868 ψυχὴν
2526 1791 2846 1859 ἀλαζονείας
2871 1792 3171 1865 γέμουσαν.

1996 1943 2059 1996 Οἰ
2082 1941 2190 2013 γάρ
2219 1941 2327 1994 τῶν
2374 1939 2715 2022 φθονούντων
2758 1936 3027 2022 ὀφθαλμοὶ
3050 1934 3203 2005 ὑγιὲς
3229 1934 3329 2005 μὲν
3363 1932 3515 1986 οὐδὲν

1926 2026 2238 2098 βλέπουσιν,
2286 2024 2411 2079 ὅθεν
2456 2024 2515 2077 δὲ
2567 2015 2688 2076 ἔστι
2716 2021 2886 2093 λαϐὴν
2920 2020 3104 2090 εὐρεῖν
3139 2018 3321 2098 μόνον.
3357 2015 3517 2069 Οὕτω

1924 2096 2021 2164 καὶ
2042 2101 2213 2174 οὗτοι,
2250 2108 2345 2162 τοῦ
2368 2106 2803 2181 θεραπυθέντος
2832 2103 3119 2174 ἀμφότερα
3148 2096 3515 2181 ὁμολογήσαν-

1925 2211 2039 2259 τος,
2075 2194 2171 2249 καὶ
2201 2194 2284 2247 ὅτι
2312 2179 2673 2264 ἐθεράπευσε,
2705 2188 2802 2242 καὶ
2835 2188 2917 2242 ὅτι
2942 2186 3230 2239 ἐκέλευσεν
3260 2179 3395 2255 ἆραι
3417 2181 3519 2253 τὴν

1928 2279 2140 2348 κλίνην,
2180 2276 2243 2331 τὸ
2285 2278 2382 2348 μὲν
2412 2273 2762 2346 ἀπέκρυψαν,
2792 2273 2854 2325 τὸ
2889 2270 2947 2325 δὲ
2980 2265 3165 2325 εἷπον·
3195 2268 3522 2340 ἀπέκρυψαν

1933 2362 2033 2434 μὲν
2072 2362 2135 2415 τὸ
2179 2360 2389 2431 θαῦμα,
2418 2358 2820 2431 προϐάλλονται
2861 2355 2919 2409 δὲ
2959 2355 3060 2427 τὴν
3104 2353 3199 2408 τοῦ
3250 2354 3522 2407 σαϐϐάτου

1930 2446 2259 2516 παράλυσιν.
2312 2445 2386 2498 οὐ
2441 2442 2550 2514 γὰρ
2589 2437 2743 2495 εἷπον
2767 2453 2781 2467 ⁸
2828 2437 2942 2492 Ποῦ
2966 2437 3115 2492 ἔστιν
3140 2440 3168 2493 ό
3194 2439 3429 2508 ποιήσας
3464 2453 3522 2487 σε

1933 2531 2061 2600 ὑγιῆ
2087 2547 2100 2594 ;
2132 2528 2267 2582 ἀλλὰ
2326 2528 2651 2598 σιγήσαντες
2700 2525 2899 2588 ἐκεῖνο,
2940 2517 3116 2587 εἷπον,
3144 2519 3267 2574 Ποῦ
3291 2520 3463 2574 ἐστιν
3493 2520 3525 2571 ό

1932 2613 2116 2669 εἰπών
2140 2628 2263 2676 σοι,
2288 2607 2477 2680 *Αρον
2512 2610 2621 2663 τὸν
2642 2606 2975 2677 κράϐϐατόν
2998 2620 3136 2670 σου,
3160 2602 3261 2657 καὶ.
3293 2602 3487 2670 ὕπαγε
3509 2618 3525 2664 ;

1938 2695 2129 2765 Οὗτος
2175 2696 2244 2751 δὲ
2287 2700 2401 2751 οὐκ
2448 2694 2620 2765 ᾔδει·
2671 2696 2703 2747 ὀ
2754 2692 2864 2762 γὰρ
2898 2689 3139 2758 Ἰησοῦς
3180 2686 3524 2751 ἐξένευσεν,

1937 2782 2127 2851 ὄχλου
2151 2783 2327 2847 ὄντος
2359 2780 2429 2833 ἐν
2452 2776 2534 2843 τῷ
2561 2778 2743 2841 τόπῳ.
2802 2773 2974 2827 Τοῦτο
3012 2771 3279 2841 ἀπολογία
3312 2768 3408 2825 τοῦ
3436 2769 3529 2824 ἀνο

1939 2867 2158 2938 θρώπου
2186 2866 2441 2937 μεγίστη,
2465 2863 2625 2916 τοῦτο
2655 2862 2756 2932 τῆς
2788 2858 2884 2912 τοῦ
2916 2856 3155 2929 Χριστοῦ
3204 2852 3530 2925 κηδεμονίας

1939 2951 2215 3014 ἀπόδειξις
2235 2965 2249 2979 ⁶
2285 2950 2372 3015 ἵν’,
2395 2950 2525 3000 ὅταν
2565 2945 2828 3016 ἀκούσῃς,
2851 2943 2933 2994 ὃτι
2963 2937 3407 3011 παραγενόμενον
3433 2935 3533 2990 αὐ-

1939 3036 2032 3089 τὸν
2046 3036 2145 3103 οὐχ
2164 3034 2364 3103 ὁμοίιος
2390 3030 2682 3094 ὑπεδέξατο
2696 3028 2774 3096 τῷ
2797 3024 3198 3094 ἑκατοντάρχῃ,
3214 3020 3334 3074 οὐδὲ
3356 3015 3530 3079 εἶπεν,

1943 3121 2025 3174 ὅτι
2046 3101 2410 3184 Εἰπὲ-λόγον
2442 3126 2493 3176 ι,
2528 3113 2628 3165 καὶ
2659 3109 2967 3175 ἰαθήσεται
3021 3109 3052 3160 ό
3099 3105 3240 3174 παῖς
3282 3120 3423 3173 μου,
3457 3101 3533 3173 μὴ

1945 3202 2331 3272 κατηγορήσῃς
2361 3196 2526 3251 αὐτοῦ
2560 3195 2842 3256 ἀπιστίαν,
2871 3193 3029 3261 εἴπερ
3059 3187 3160 3240 οὐκ
3187 3186 3304 3257 ᾔδει
3331 3185 3496 3239 αὐτόν
3520 3202 3529 3212 ·

1945 3268 2358 3355 οὐδὲ-γὰρ’ᾔ-δει
2388 3283 2534 3344 ὅστις
2568 3278 2698 3332 ποτὲ
2722 3273 2811 3348 ἦν.
2845 3274 2969 3337 Πῶς
3000 3273 3109 3343 γὰρ
3143 3269 3305 3324 αὐτὸν
3336 3268 3534 3322 οὔποτε

1947 3369 2162 3443 πρῶτον
2194 3368 2316 3422 ἰδὼν
2356 3366 2660 3438 ὴπίστατο;
2693 3361 2793 3417 Διὰ
2820 3360 2978 3413 τοῦτο
3015 3356 3221 3426 ἔλεγεν,
3261 3356 3383 3409 Οὐκ
3417 3352 3538 3422 ἔχω

1947 3435 2285 3527 ἄνθρωπον,
2334 3435 2436 3506 ἵνα
2480 3448 2650 3517 ,βάλῃ
2692 3463 2769 3518 με
2798 3448 2886 3511 εὶς
2917 3442 3033 3527 τὴν,
3074 3435 3534 3527 κολυμϐήθραν·

1947 3520 2127 3606 ὡς,ἐί
2166 3539 2285 3611 ᾔδει
2331 3535 2519 3598 αὐτὸν,
2556 3535 2657 3587 οὐκ
2709 3533 2773 3586 ἂν
2829 3524 3218 3611 κολυμϐήθρας
3252 3520 3538 3611 ἐμνήσθη,

1949 3604 2074 3681 οὐδὲ
2122 3604 2222 3694 τῆς
2280 3623 2396 3675 ἐκεῖ
2449 3617 2831 3679 καταϐάσεως,
2887 3610 3001 3666 ἀλλ’
3042 3609 3215 3694 οὐτως
3247 3607 3313 3694 ἀν
3341 3604 3541 3694 ἠξίωσε

1952 3686 2379 3782 θεραπευθῆναι,
2406 3705 2482 3767 ὡς
2503 3704 2597 3782 καὶ
2620 3696 2986 3782 ἐθεραπεύθη.
3010 3690 3422 3782 Ἀλλίένόμισεν
3446 3686 3545 3782 ενοι

1953 3770 2063 3848 τᾶἶν
2094 3770 2306 3845 πολλῶν
2332 3788 2494 3844 αὐτὸν
2517 3781 2680 3847 εἶναι,
2699 3770 2796 3837 καί¹
2822 3780 3110 3851 ἄνθρωπον
3138 3774 3314 3845 ψιλὸν,
3338 3772 3432 3825 καὶ
3457 3770 3546 3822 διὰ

1953 3877 2115 3931 τοῦτο
2138 3876 2239 3947 τῆς
2288 3871 2561 3945 προτέρας
2592 3867 2837 3940 ἐμνήσθη
2879 3860 3198 3947 θεραπείας.
3247 3853 3546 3947 Ἀπόδειξις

1955 3962 2012 4015 δέ
2044 3962 2147 4031 τῆς
2183 3958 2280 4013 τοῦ
2333 3940 2572 4028 Χριστοῦ
2626 3949 2974 4022 κηδεμονίας,
3025 3944 3189 3999 πάλιν
3227 3940 3548 3996 καταλιπεῖν

1957 4048 2049 4100 τὸν
2079 4024 2320 4108 ἰαθέντα,
2352 4024 2449 4093 καὶ
2470 4039 2545 4110 μὴ
2569 4035 2912 4104 καταστῆσαι
2943 4030 3138 4101 ἐκείνῳ
3154 4026 3311 4099 δῆλον
3330 4024 3545 4110 ἑαυτόν,

1960 4131 2081 4185 Ἵνα
2113 4129 2220 4197 γὰρ
2249 4125 2324 4197 μὴ
2378 4108 2801 4177 ὑποπτεύσωσιν
2832 4119 2882 4171 οἱ
2939 4114 3208 4173 Ἰουδαῖοι,
3229 4113 3314 4197 δτι
3345 4108 3546 4162 ὑποϐο-

1959 4192 2176 4284 λιμαῖος
2192 4192 2273 4280 ἦν
2296 4192 2451 4271 οὗτος
2478 4208 2506 4259 ὁ
2536 4206 2764 4276 μάρτυς,
2781 4202 2877 4255 καὶ
2899 4197 2994 4252 τοῦ
3018 4193 3256 4268 Χριστοῦ
3286 4192 3550 4263 παρόντος

1962 4273 2057 4352 καὶ
2101 4273 2382 4355 πείθοντος
2416 4273 2580 4344 αὐτδν
2619 4273 2780 4341 τοῦτο
2810 4285 3017 4353 ἔλεγεν,
3052 4282 3246 4351 ἄγνοια
3268 4277 3362 4330 καὶ
3392 4276 3454 4328 τὸ
3477 4273 3554 4346 μὴ

1963 4382 2216 4453 παρεῖναι
2256 4375 2462 4445 ταύτην
2505 4370 2698 4443 ἀνῄρει
2742 4369 2850 4453 τὴν
2898 4364 3166 4436 ὑποψίαν·
3224 4357 3349 4415 εἰπε
3389 4358 3499 4430 γὰρ
3525 4360 3556 4412 ὁ

1966 4448 2381 4534 εὐαγγελιστὴς,
2407 4460 2491 4511 ὅτι
2518 4459 2642 4509 Οὐκ
2684 4451 2816 4524 ᾔδει
2845 4450 3033 4506 αὐτὸν
3059 4451 3149 4515 τίς
3180 4448 3330 4501 ἐστι.

2036 4607 2102 4661 δ’.
2120 4605 2219 4660 Διὰ
2232 4604 2391 4657 τοῦτο
2412 4601 2571 4673 μόνον
2588 4599 2684 4653 καὶ
2705 4595 2826 4652 καθ’
2850 4595 3040 4650 ἑαυτὸν
3058 4593 3267 4663 πέμπει
3295 4591 3383 4645 τὸν
3402 4590 3553 4642 τεθε-

1972 4706 2145 4764 ραπευ
2156 4689 2339 4760 μένον,
2360 4685 2450 4738 ἴνα
2477 4683 2552 4748 ὡς
2587 4682 2906 4753 βούλωνται,
2938 4676 3250 4749 καταμόνας
3277 4674 3554 4738 λαϐόντες,

1970 4757 2305 4849 θασανίσωσι
2338 4771 2399 4825 τὸ
2417 4765 2808 4840 γεγενημένον,
2836 4765 2933 4818 καὶ
2964 4762 3221 4849 λαϐόντες
3247 4760 3435 4832 ἱκανὴν
3462 4757 3558 4812 τοῦ

1969 4842 2295 4934 πράγματος
2308 4853 2602 4920 ἀπόδειξιν,
2621 4849 2939 4904 παύσωνται
2960 4848 3058 4918 τῆς
3081 4846 3312 4914 ἀκαίρου
3338 4842 3556 4913 μανίας.

1970 4926 2070 4999 Δίά
2097 4926 2255 4997 τοῦτο
2280 4939 2442 5002 αὐτὸς
2467 4937 2567 5008 μὲν
2585 4935 2738 4988 οὐδὲν
2770 4933 3089 5003 φθέγγεται,
3121 4929 3219 5000 τὴν
3252 4929 3309 4981 δὲ
3335 4926 3423 4979 διὰ
3452 4926 3561 4978 τῶν

1971 5028 2317 5102 πραγμάτων
2334 5025 2517 5086 αὐτοῖς
2528 5020 2807 5085 ἀπόδειξιν
2824 5020 3143 5090 παρέχεται,
3159 5010 3431 5083 πανταχοῦ
3450 5029 3535 5080 φω
3548 5041 3563 5049 -

1970 5095 2070 5187 νην
2100 5095 2446 5181 σαφεστάτην
2482 5107 2663 5176 ἀφεὶς,
2693 5104 2790 5159 καὶ
2836 5102 3135 5187 σάλπιγγος
3179 5095 3571 5187 λαμπροτέραν

1974 5177 2215 5269 ἀπάσης.
2243 5177 2526 5261 Οῦτω-γὰρ
2539 5191 2633 5245 καὶ
2660 5188 2974 5251 ἀνύποπτος
2999 5177 3281 5269 λοιπὸνῗῆν
3308 5182 3337 5251 ἡ
3366 5196 3565 5269 μαρτυ-

1978 5260 2162 5359 ρία,’ό
2190 5260 2454 5346 ποιήσας
2480 5260 2559 5347 με
2584 5272 2747 5359 ὑγιῆ,
2782 5272 3014 5337 ἐκεῖνός
3030 5286 3131 5340 μοι
3162 5268 3351 5329 εἶπεν,
3380 5260 3565 5334 Ἀρσι-

1973 5350 2081 5424 τὸν
2094 5363 2424 5437 κράϐϐατόν
2433 5376 2573 5427 σου,
2585 5357 2684 5413 καί
2699 5357 2912 5427 ὕπαγε,
2931 5356 2990 5408 Ὀ
3013 5350 3382 5425 παραλυτικὸς
3400 5350 3566 5410 εὐαγ-

1974 5463 2229 5536 γελιστὴς
2243 5462 2475 5532 γίνεται,
2494 5454 2811 5519 διδάσκαλος
2839 5453 2947 5507 τῶν
2968 5452 3235 5516 ἀπίστων,
3265 5446 3448 5518 ἰατρὸς
3472 5446 3567 5499 καὶ⁵

1978 5529 2157 5622 κήρυξ
2187 5529 2269 5611 εἰς
2301 5545 2526 5601 ἐκείνων
2552 5540 2819 5613 αἰσχύνην
2849 5539 2944 5593 καὶ
2977 5534 3327 5606 κατάκριμα”
3359 5529 3567 5603 ἰατρὸς,

1976 5615 2098 5707 οὐχὶ
2123 5632 2213 5688 διά
2245 5631 2452 5703 φωνῆς,
2484 5627 2621 5683 ἀλλὰ
2643 5625 2710 5681 δι’
2727 5625 2926 5697 ἔργων,
2947 5620 3068 5707 οὐχ).
3084 5619 3173 5707 διὰ
3196 5618 3394 5688 λόγων,
3429 5615 3569 5668 ἀλλά

1977 5702 2076 5776 διά.
2104 5719 2211 5773 τῶν
2246 5702 2591 5790 πραγμάτων
2624 5709 2825 5765 αὐτῶν.
2865 5705 3019 5776 Σαφῆ
3058 5702 3168 5776 γὰρ
3201 5703 3291 5756 καὶ
3327 5704 3566 5771 ἀναμφιο

2045 5886 2061 5909 ⁸
2087 5887 2169 5937 Sic
2191 5884 2329 5935 editi.
2366 5881 2492 5943 Reg.
2522 5884 2575 5930 et
2608 5876 2755 5929 Savil.
2787 5875 2838 5924 in
2863 5887 3015 5936 marg.
3052 5870 3197 5933 λόγῳ.
