3918 6360
436 380 541 436 809

434 493 703 567 σϐήτητον
738 494 1037 572 ἐπεφέρετο
1065 499 1163 573 τὴν
1197 504 1495 574 ἀπόδειξιν,
1526 507 1620 560 καὶ
1648 509 1784 581 ὅπερ
1811 508 2018 576 ἐλεγεν,

432 586 675 642 ἐδείκνυε
717 589 808 644 διὰ
844 591 938 645 τοῦ
980 593 1248 666 σώματος.
1299 599 1463 655 Μετὰ
1511 601 1700 656 ταῦτα
1752 602 2021 670 εὑρίσκει

428 681 668 736 αὐτὸνό
685 680 838 756 [554]
869 685 1129 754 Ἰησοῦς,
1153 690 1250 742 καί
1273 692 1435 762 λέγει
1455 693 1645 760 αὐτῷ’
1678 694 1820 762 Ἴδε,
1845 694 2022 764 ὑγιὴς

427 772 702 842 γέγονας,
736 777 949 845 μηκέτι
988 780 1311 850 ἁμάρτανε,
1353 785 1454 839 ἵνα
1477 786 1564 856 μὴ
1593 787 1799 857 χεῖρόν
1836 788 1896 841 τί
1921 803 2022 842 σοι

429 863 692 932 γένηται.
717 863 871 932 Εἶδες
901 870 1088 941 ίατροῦ
1119 874 1312 942 σοφίαν
1333 892 1348 941 ;
1373 871 1513 942 εἶδες
1542 878 2021 950 κηδεμονίαν;οὒκ

427 955 704 1028 ἀπήλλαξε
751 959 847 1013 τοῦ
891 963 1158 1034 παρόντος
1197 969 1504 1040 νοσήματος
1533 971 1714 1041 μόνον,
1762 970 1901 1024 ἀλλά
1924 972 2020 1026 καὶ

427 1050 566 1120 πρὸς
612 1052 673 1106 τὸ
712 1053 905 1124 μέλλον
956 1057 1348 1128 ἀσφαλίξεται·
1391 1064 1486 1117 καὶ
1535 1064 1683 1136 μάλα
1721 1065 2013 1135 εὐκαίρως.

427 1141 556 1196 Ὅτε
581 1143 680 1214 μὲν
699 1145 810 1217 γὰρ
827 1142 896 1219 ὴν
925 1149 1018 1203 ἐπὶ
1037 1152 1136 1222 τῆς
1160 1151 1370 1225 κλίνης,
1393 1155 1547 1210 ούδέν
1572 1155 1812 1212 τοιοῦτον
1838 1154 2014 1222 εἶπεν,

424 1231 524 1287 οὐκ
551 1234 856 1308 ἀνέμνησεν
882 1241 1044 1295 αὐτὸν
1077 1243 1524 1317 ἁμαρτημάτων·
1554 1248 1884 1317 δυσάρεστος
1908 1247 2015 1320 γάρ

425 1338 544 1389 πως
589 1327 686 1380 καὶ
729 1329 1078 1404 ταλαίπωρός
1131 1337 1281 1388 ἐστιν
1332 1339 1366 1407 ὴ
1422 1338 1530 1392 τῶν
1589 1339 2015 1410 ἀρρωστούντων

431 1419 576 1494 ψυχή
597 1439 611 1452 °
645 1425 736 1476 ὅτε
762 1425 820 1478 δὲ
847 1428 1097 1499 ἀπήλασε
1121 1432 1222 1502 τὴν
1257 1434 1591 1506 ἀρρωστίαν,
1625 1435 1714 1488 ὅτε
1748 1435 1888 1506 πρὸς
1917 1434 2016 1506 τὴν

425 1511 639 1581 ὑγίειαν
676 1515 1045 1589 ἐπανήγαγεν,
1097 1522 1188 1576 ὅτε
1239 1524 1343 1594 τῆς
1393 1526 1674 1598 δυνάμεως
1710 1527 1875 1580 αὐτοῦ
1921 1528 2014 1584 καὶ

423 1605 522 1675 τῆς
553 1606 882 1678 κηδεμονίας
908 1610 1057 1683 ἔργῳ
1081 1614 1181 1684 τὴν
1219 1615 1496 1682 ἀπόδειξιν
1524 1618 1858 1690 παρέσχετο,
1890 1619 2013 1672 τότε

423 1694 678 1770 εὔκαιρον
700 1703 934 1756 ποιεῖται
957 1704 1055 1774 τὴν
1084 1707 1396 1780 συμϐουλὴν
1421 1710 1516 1764 καὶ
1543 1710 1642 1783 τὴν
1663 1711 2008 1784 παραίνεσιν,

421 1785 735 1856 ἀξιόπιστος
754 1793 822 1846 δι’
854 1795 1036 1850 αὐτῶν
1075 1797 1262 1853 λοιπὸν
1308 1800 1418 1854 τῶν
1443 1801 1622 1874 ἔργων
1663 1805 2006 1875 φαινόμενος.

422 1879 489 1934 Τί
517 1876 612 1936 οῦν
648 1884 855 1950 ἐκεῖνος
896 1887 1148 1944 ἀπελθὼν
1193 1893 1495 1965 κατάδηλον
1539 1895 1798 1967 ἐποίησεν
1847 1897 2010 1952 αὑτὸν

420 1975 532 2036 τοῖς
569 1972 872 2045 Ἰουδαίοιςς
908 1981 1217 2047 Κοινωνοὺς
1243 1985 1441 2051 αὐτοὺς
1472 1986 1796 2060 βουλόμενος
1822 1988 2010 2043 λαϐεῖν

417 2064 520 2135 τῆς
564 2066 797 2139 ἀληθοῦς
847 2071 1220 2140 διδασκαλίας.
1278 2077 1418 2132 Ἀλλ’
1473 2081 1669 2134 ἐκεῖνοι
1714 2081 1804 2135 διὰ
1849 2081 2011 2136 τοῦτο

417 2155 642 2227 ἐμίσουν
667 2161 849 2229 αὑτὸν,
873 2167 1030 2238 φησὶ,
1049 2169 1140 2222 καὶ
1158 2169 1404 2227 ἐδίωκον.
1441 2173 1705 2229 Ἐνταῦθά
1726 2191 1818 2246 μοι
1843 2191 2011 2246 προσ-

418 2252 604 2320 ἐχετεο
634 2254 872 2312 ἐνταῦθα
913 2262 1023 2332 γὰρ
1072 2264 1101 2316 6
1149 2265 1260 2329 πᾶς
1301 2266 1451 2320 ἐστιν
1488 2265 1660 2336 ἀγών.
1701 2268 1803 2322 Διὰ
1831 2267 2009 2323 τοῦτο

416 2340 668 2401 ἐδίωκον
719 2351 936 2418 αὑτὸν,
984 2353 1074 2408 ὅτι
1121 2357 1310 2411 ταῦτα
1355 2359 1546 2413 ἐποίει
1593 2360 1664 2414 ἐν
1709 2359 2006 2427 σαϐϐάτῳ.

422 2435 652 2510 Ἴδωμεν
674 2436 770 2498 οὖν
808 2445 929 2510 πῶς
962 2447 1344 2519 ἀπολογεῖται·
1379 2454 1408 2506 ό
1442 2452 1552 2524 γὰρ
1576 2454 1677 2525 τῆς
1705 2453 2008 2524 ἀπολογίας

416 2527 619 2598 τρόπος
638 2532 912 2591 δείκνυσιν
935 2541 1090 2612 ἡμῖν,
1118 2543 1229 2596 εἴτε
1253 2544 1364 2598 τῶν
1391 2545 1870 2618 ὑποτεταγμένων,
1895 2549 2006 2602 είτε

415 2620 523 2675 τῶν
560 2623 864 2700 ἐλευθέρων
904 2633 1074 2702 ἐστὶν,
1126 2635 1236 2690 εἴτε
1270 2637 1380 2693 τῶν
1409 2640 1864 2712 διακονουμένων,
1894 2643 2005 2697 εἴτε

414 2712 526 2805 τῷν
553 2715 975 2781 ἐπιταττόντων.
1021 2728 1344 2800 Παρανομία
1381 2733 1615 2805 μεγίστη
1653 2735 1828 2788 ἐδόκει
1868 2733 2008 2790 εἶναι

413 2803 903 2902 ’τὸ-γεγενημένον·
932 2820 1028 2872 καὶ
1062 2822 1172 2895 γὰρ
1199 2823 1332 2889 ξύλα
1373 2803 1505 2880 ποτέ
1537 2803 1622 2892 τις
1649 2831 1708 2883 ἐν
1751 2829 2007 2902 σαϐϐάτῳ

416 2899 676 2970 συλλέξας
707 2907 965 2984 ἐλιθάσθη
1012 2914 1104 2970 διὰ
1136 2916 1311 2986 τοῦτο,
1347 2919 1431 2973 ὅτι
1467 2921 1831 2995 βαστάγματα
1878 2899 2007 2994 ἐφεζ

419 3008 512 3088 ρεν
555 2997 614 3050 ἐν
646 2999 924 3075 σαϐϐάτῳ.
975 3006 1146 3062 Τοῦτο
1179 3009 1241 3064 τὸ
1291 3012 1435 3082 μέγα
1467 3016 1776 3088 ἁμάρτημα
1811 3020 2005 3072 ἐνεκα-

413 3083 558 3183 λεῖτο
655 3093 912 3165 Χριστὸς,
943 3098 1025 3153 ὅτι
1052 3100 1210 3156 ἐλυσε
1239 3105 1300 3158 τὸ
1341 3083 1632 3164 σάϐϐατον.
1664 3083 1888 3183 ’ίΙἾδωμεν
1911 3108 2007 3170 οὖν

413 3177 466 3232 εί
495 3182 762 3257 πρότερον
803 3193 1137 3267 συγγνώμην
1178 3199 1322 3251 αἰτεῖ
1359 3199 1438 3264 ὡς
1471 3200 1658 3267 δοῦλος
1691 3177 2008 3260 καὶ-ὑποτε-

413 3275 708 3346 ταγμένος,
751 3281 784 3352 ἢ
813 3281 890 3347 ὡς
918 3285 1338 3362 ἐξουσίαν.ἒχων
1370 3293 1466 3346 καὶ
1492 3295 1780 3350 αὐθεντίαν
1804 3297 2008 3352 ἐπιδεί-

415 3379 630 3460 κνυται,
655 3369 732 3435 ὡς
761 3375 1061 3448 Δεσπότης,
1091 3380 1189 3433 καὶ
1220 3383 1569 3456 ἐπικείμενος
1590 3387 1669 3457 τῷ
1697 3388 1869 3460 νόμῳ,
1913 3390 2008 3444 καὶ

329 3465 332 3468 “
414 3455 516 3522 τὰς
540 3460 781 3550 ἐντολὰς
821 3467 985 3532 αὐτὸς
1013 3469 1284 3538 δεδωκώς.
1327 3455 1454 3539 Πῶς
1497 3473 1592 3532 οὖν
1624 3455 2004 3550 ἀπολογεῖταις

414 3549 602 3644 φησίνξ
658 3552 714 3606 ’0
759 3556 966 3644 Πατήρ
1008 3578 1129 3631 μου
1157 3562 1269 3631 ἕως
1301 3565 1432 3636 ἄρτι
1477 3549 1815 3640 ἐργάζεται,
1841 3549 2006 3644 κάγὼ

411 3640 741 3714 ἐργάζομαι.
772 3642 930 3715 Εἶδες
965 3654 1286 3726 αύθεντίαν;
1334 3660 1529 3716 Καίτοι
1571 3667 1619 3719 εί
1653 3640 2008 3722 καταδεέστε-

416 3747 510 3830 ρος
526 3736 896 3830 Δκαὶέλάττων
913 3738 982 3814 ἦν
1003 3745 1096 3800 τοῦ
1121 3749 1356 3822 Πατρὺς,
1379 3752 1480 3807 οὐκ
1501 3754 1698 3810 ἔστιτὸ
1716 3760 2006 3830 εἰρημένον

413 3824 703 3923 ἀπολογία,
728 3831 846 3923 ἀλλ’
873 3833 1127 3909 ἔγκλημα
1171 3840 1358 3910 μεῖζον
1384 3847 1479 3900 καὶ
1507 3824 2004 3923 κατηγορία-χαλε-

416 3918 692 4017 πωτέραᾷ
719 3921 893 3980 Ὀταν
941 3927 1051 4017 γάρ
1080 3934 1206 4003 ποιῇ
1255 3950 1361 4000 τις,
1409 3936 1438 3990 ὃ
1474 3937 1551 4009 τῷ
1597 3918 1805 4010 μείζονι
1842 3918 2004 4017 μόνῳ

413 4013 601 4106 ποιεῖν
633 4013 866 4085 ἔξεστιν,
910 4015 1029 4074 εἶτα
1068 4022 1233 4089 ἀλοὺς
1265 4027 1575 4096 ἐγκαλεῖται
1606 4035 1699 4088 καὶ
1727 4013 1896 4106 λέγει,
1923 4013 2004 4092 ὅτι

425 4102 648 4204 Ἐπειδὴ
685 4109 715 4160 6
740 4110 954 4204 μείζων
987 4115 1232 4194 ἐποίησε,
1258 4119 1346 4175 διὰ
1372 4123 1530 4179 τοῦτο
1561 4127 1718 4198 κάγὼ
1745 4102 1999 4204 ἐποίησα,

411 4197 473 4300 ού
506 4198 670 4300 μόνον
698 4202 798 4300 ούκ
821 4204 1049 4262 ἀπολύει
1079 4209 1189 4266 τῶν
1217 4212 1580 4287 ἐγκλημάτων
1609 4197 1798 4278 ἐαυτὸν
1826 4197 2003 4300 τούτῳ

411 4294 514 4366 τῆς
532 4294 830 4366 ἀπολογίας
850 4300 928 4372 τῷ
949 4302 1160 4376 τρόπῳ,
1189 4307 1325 4361 ἀλλά
1346 4312 1440 4362 καὶ
1468 4311 1715 4382 μείζονος
1740 4294 2002 4388 μέμψεως

413 4390 508 4442 καὶ¹
531 4395 867 4490 κατηγορίας
888 4398 1187 4458 ὑπεύθυνον
1209 4406 1402 4461 ἑαυτὸν
1427 4408 1769 4483 καθίστησιν.
1810 4416 2002 4490 Ὑπερ-

415 4483 649 4580 ηφαν-ίας
692 4487 802 4580 γάρ
844 4491 940 4543 καὶ
981 4493 1302 4562 ἀλαζονείας
1344 4500 1484 4568 ἐστὶ,
1536 4504 1598 4558 τὸ
1621 4510 1739 4572 τοῖς
1784 4483 2001 4580 μείζοσι

411 4572 514 4643 τῆς
543 4573 697 4640 ἀξίας
727 4579 1026 4652 ἐπιχειρεῖν
1052 4588 1362 4660 πράγμασι.

483 4691 595 4788 καὶ
700 4694 935 4788 Χριστὸς
977 4699 1158 4755 τοίνυν
1206 4707 1256 4758 εί
1305 4710 1730 4786 καταδεέστερος
1776 4712 1865 4788 ἦν,
1901 4720 2003 4774 οὐκ

413 4775 484 4880 ῆν
525 4783 794 4880 ἀπολογία
837 4789 898 4842 τὸ
935 4789 1251 4880 λεγόμενον,
1299 4799 1416 4854 ἀλλ’
1466 4775 1722 4876 ἔγκλημα
1780 4775 1997 4880 μείζον’

413 4876 602 4976 ἐπειδὴ
627 4877 683 4976 δέ
711 4879 824 4976 ἴσος
851 4882 999 4976 αὐτῷ
1019 4879 1110 4955 ἦν,
1137 4885 1225 4942 διὰ
1248 4889 1406 4945 τοῦτο
1428 4896 1528 4949 οὐκ
1551 4897 1698 4952 ἐστιν
1721 4876 1998 4976 ἔγκλημα.

415 4972 525 5026 Καὶ
564 4973 613 5070 εί
658 4971 934 5070 βούλεσθε,
983 4981 1077 5033 ἐπὶ
1114 4983 1514 5056 ὑποδείγματος
1540 4990 1567 5043 ὃ
1597 4991 1739 5062 λέγω
1789 4971 2001 5070 ποιησω

413 5066 668 5164 φανερόν.
704 5068 793 5140 Τῷ
825 5070 1036 5141 βασιλεῖ
1073 5078 1263 5152 φέρειν
1297 5081 1612 5156 ἁλουργίδα,
1639 5090 1735 5142 καὶ
1761 5066 1999 5164 διάδημα

412 5159 556 5230 ἔχειν
589 5161 682 5214 ἐπὶ
701 5164 798 5233 τῆς
823 5166 1066 5238 κεφαλῆς
1099 5170 1247 5241 μόνῳ
1267 5171 1496 5239 ἔξεστιν,
1531 5173 1701 5251 ἑτέρῳ
1725 5181 1781 5234 δὲ
1801 5159 1995 5242 οὐδενί.

425 5252 550 5309 Ἐἀν
574 5254 754 5310 τοίνυν
778 5261 920 5329 φανῇ
942 5276 1026 5324 τις
1053 5261 1163 5316 τῶν
1189 5264 1400 5322 πολλῶν
1421 5269 1580 5322 τοῦτο
1606 5272 1668 5324 τὸ
1695 5275 1878 5345 σχῆμα
1905 5295 2000 5330 πε-

417 5346 746 5444 ρικείμενος,
777 5346 895 5404 εἶτα
918 5352 1013 5406 καὶ
1042 5355 1121 5418 είς
1148 5355 1494 5430 δικαστήριον
1519 5364 1810 5436 ἑλκόμενος
1841 5369 1995 5444 λέγῃ,

410 5444 492 5495 ὅτι
538 5440 755 5514 Ἐπειδὴ
779 5445 808 5496 6
846 5445 1100 5514 βασιλεὺς
1145 5449 1303 5504 τοῦτο
1335 5452 1396 5505 τὸ
1439 5456 1626 5526 σχῆμα
1667 5440 1996 5530 περίκειται,

416 5533 503 5588 διὰ
551 5533 708 5588 τοῦτο
751 5536 906 5606 κάγὼ
947 5539 1291 5611 περίκειμαι,
1345 5547 1405 5598 ού
1438 5548 1598 5616 μόνον
1636 5552 1737 5607 οὐκ
1775 5554 1999 5627 ἀφίησιν

414 5626 601 5680 ἐαυτὸν
629 5629 727 5698 τῆς
763 5634 1116 5704 κατηγορίας,
1153 5635 1288 5690 ἀλλά
1318 5639 1412 5692 καὶ
1449 5641 1694 5710 μείζονος
1725 5626 1999 5716 κολάσεως

414 5718 508 5769 καὶ
552 5721 823 5790 τιμωρίας
868 5725 1191 5798 καθίστησιν
1231 5727 1542 5788 ὑπεύθυνον
1566 5737 1644 5808 τῷ
1683 5742 1868 5815 τρόπῳ
1901 5746 2000 5815 τῆς

601 5813 914 5884 ἀπολογίας.
969 5819 1140 5874 Πάλιν
1179 5823 1239 5876 τὸ
1276 5827 1397 5891 τοὺς
1437 5809 1745 5902 αἰσχίστους
1781 5809 1995 5908 ἀφεῖναι

1150 387 1206 443 S.
1250 386 1538 444 JOANNIS
1576 386 2073 445 CHRYSOSTOMI
2123 391 2446 452 ARCHIEP.
2489 396 3038 456 CONSTANTINOP.

3615 402 3715 461 ΜΟ

2123 511 2398 577 κολάσεως
2441 514 2537 568 καὶ
2571 516 2860 588 τιμωρίας,
2907 509 3021 568 οἷον
3066 514 3450 587 ἀνδροφόνους,
3485 515 3720 591 λῃστὰς,

2122 607 2542 680 τυμϐωρύχους,
2570 610 2666 662 καὶ
2687 610 2812 674 τοὺς
2841 610 3007 680 ἕτερα
3034 609 3261 663 τοιαῦτα
3289 609 3720 683 τετολμηκότας,

2125 697 2414 770 βασιλικῆς
2449 703 2567 754 ἐστι
2594 701 2905 773 φιλοτιμίας
2931 701 3121 774 μόνης.
3158 701 3277 756 Κᾶν
3305 701 3488 756 τοίνυν
3513 721 3601 768 τις
3633 706 3718 760 δι-

2123 793 2350 864 καστὴς,
2369 794 2460 847 τὸν
2477 794 2944 848 καταδικασθέντα
2969 796 3140 866 χωρὶς
3172 795 3460 866 βασιλικῆς
3486 796 3720 869 γνώμης

2121 888 2301 958 ἀφεὶς,
2333 891 2654 963 ἐγκαλῆται,
2695 893 2790 946 καὶ
2839 892 3108 960 λέγεικαὶ
3139 893 3322 959 αὐτὸς,
3365 894 3448 948 ὅτι
3495 894 3717 966 Ἐπειδὴ

2119 981 2214 1034 καὶ
2251 981 2512 1051 βασιλεὺς
2557 983 2776 1056 ἀφίησι,
2826 983 2985 1054 κάγὼ
3018 985 3247 1058 ἀφίημι,
3293 987 3355 1039 ού
3409 987 3575 1058 μόνον
3615 987 3715 1040 οὐκ

2117 1071 2522 1130 ἀπαλλάττεται
2561 1077 2737 1148 τούτῳ
2781 1077 2860 1150 τῷ
2903 1080 3110 1150 τρόπῳ,
3158 1078 3297 1134 ἀλλά
3339 1080 3437 1132 καὶ
3485 1077 3712 1148 μείζονα

2119 1163 2343 1230 ἐξάπτει
2376 1169 2499 1222 καθ’
2549 1171 2743 1225 ἐαυτοῦ
2777 1172 2879 1240 τὴν
2911 1173 3116 1243 ὀργήν·
3153 1173 3250 1227 καὶ
3285 1172 3432 1244 μάλα
3458 1173 3706 1236 εἰκότως.

2117 1261 2255 1315 Ούδέ
2282 1263 2389 1335 γὰρ
2417 1263 2626 1320 δίκαιον
2669 1269 2728 1320 ἐν
2764 1270 2886 1332 ταῖς
2917 1268 3275 1341 παροινίαιςα
3309 1270 3403 1322 ἐπὶ
3450 1268 3552 1338 τὴν
3601 1267 3712 1320 τῶν

2120 1360 2386 1431 μειζόνων
2425 1363 2713 1419 αὐθεντίαν
2769 1366 3165 1431 ἀναϐαίνοντας
3210 1368 3339 1432 τοὺς
3386 1367 3711 1420 ὑποδεεστέο

2121 1467 2266 1522 ρους,
2319 1455 2526 1510 ἐκεῖθεν
2585 1458 2799 1521 ἑαυτοῖς
2851 1459 3177 1530 πορίζεσθαι
3225 1459 3326 1532 τὴν
3383 1457 3706 1526 ἀπολογίαν,

2115 1541 2304 1616 ἐπειδὴ
2346 1545 2503 1599 τοῦτο
2546 1546 2705 1620 ὕϐρις
2759 1549 2964 1620 μείζων
3011 1551 3158 1604 ἐστὶν
3188 1552 3267 1615 είς
3305 1551 3434 1615 τοὺς
3464 1548 3707 1620 ἐγχειρί-

2116 1647 2318 1700 σαντας
2357 1638 2542 1703 αὐτοῖς
2578 1640 2676 1711 τὴν
2711 1641 2907 1712 ἀρχήν.
2942 1641 3042 1696 Διά
3069 1643 3228 1696 τοῦτο
3252 1643 3318 1697 ἂν
3357 1643 3456 1714 μὲν
3484 1642 3708 1695 ὑποδεέ-

2116 1743 2305 1800 στερος
2393 1748 2500 1794 τις,
2531 1733 2789 1786 οὐδέποτε
2817 1734 3008 1790 τοῦτον
3034 1737 3435 1807 ἀπολογήσεται
3464 1734 3558 1788 τὸν
3580 1734 3708 1806 τρό-

2113 1839 2247 1875 πον·
2283 1823 2378 1877 ἐάν
2421 1825 2479 1878 δέ
2511 1825 2766 1895 βασιλεὺς
2789 1829 2885 1882 καὶ
2918 1830 3020 1900 τῆς
3056 1830 3228 1901 αὐτῆς
3255 1828 3330 1885 ὢν
3352 1829 3533 1897 ἀξίας,
3567 1827 3708 1899 μετά

2112 1917 2428 1990 παρρησίας
2447 1917 2607 1974 τοῦτο
2636 1922 2772 1993 ἐρεῖ.
2803 1922 2893 1986 Ὠς
2912 1924 3074 1994 γάρὴ
3098 1923 3196 1994 τῆς
3223 1923 3400 1996 ἀρχῆς
3423 1922 3523 1993 μία
3539 1922 3707 1993 ὑπερ·

2110 2009 2245 2082 οχὴ,
2285 2009 2429 2064 οὕτω
2476 2011 2571 2065 καὶ
2623 2013 2658 2084 ἡ
2693 2013 2912 2078 ἐξουσία
2948 2014 3048 2085 μία
3086 2014 3296 2083 γένοιτο
3338 2013 3406 2068 ἂν
3452 2013 3702 2077 εἰκότως.

2114 2099 2279 2156 Ὥστε
2323 2104 2391 2158 ἂν
2429 2108 2571 2178 φανῇ
2621 2123 2706 2169 τις
2749 2104 2926 2172 οὕτως
2973 2107 3428 2178 ἀπολογούμενος,
3487 2106 3704 2176 ἀνάγκη

2111 2197 2263 2251 πᾶσα
2284 2197 2384 2270 τῆς
2405 2199 2575 2268 αὐτῆς
2599 2199 2796 2266 ἀξίας1³
2826 2195 2968 2254 εἶναι
2991 2200 3207 2272 ἐκείνῳ,
3237 2195 3298 2255 οὗ
3327 2200 3424 2270 τὴν
3453 2199 3704 2264 ἐξουσίαν

2110 2289 2248 2362 ὑπὲρ
2277 2291 2471 2346 ἐαυτοῦ
2500 2293 2885 2366 προϐάλλεται.
2924 2294 3133 2348 Οὐκοῦν
3163 2294 3350 2364 ἐπειδὴ
3384 2293 3480 2347 καὶ
3510 2293 3538 2345 6
3567 2293 3704 2364 Χρι-

2111 2380 2236 2446 στὸς
2271 2382 2444 2448 οὕτως
2483 2384 2961 2463 ἐδικαιολογήσατο
2999 2384 3136 2456 πρὸς
3179 2384 3489 2447 Ἰουδαίους,
3521 2384 3700 2454 ἀναμ-

2111 2474 2459 2549 φισϐητήτως
2484 2479 2616 2549 ἡμῖν
2639 2477 2944 2545 ἀπέδειξεν,
2973 2478 3056 2532 ὅτι
3080 2476 3181 2549 τῆς
3202 2477 3376 2548 αὐτῆς
3404 2475 3562 2542 ἀξίας
3584 2477 3703 2530 ἐστὶ

2107 2565 2186 2639 τῷ
2211 2568 2407 2641 Πατρὶ.
2436 2571 2548 2624 Καὶ
2576 2572 2999 2642 μεταγάγωμεν,
3022 2573 3072 2624 εἰ
3096 2570 3262 2634 δοκεῖ,
3295 2569 3358 2623 τὸ
3387 2569 3704 2638 ὑπόδειγμα

2109 2660 2202 2715 ἐπὶ
2239 2661 2310 2716 τὰ
2351 2664 2575 2734 ῥήματα
2608 2665 2704 2718 τοῦ
2733 2663 2994 2736 Χριστοῦ,
3027 2665 3120 2717 καὶ
3149 2664 3210 2717 τὸ
3239 2662 3398 2735 ἔργον
3426 2662 3564 2733 ὅπερ
3587 2659 3706 2733 εἰρ-

2109 2753 2334 2823 γάσατο.
2369 2755 2552 2810 Ἔστω
2579 2756 2759 2812 τοίνυν
2786 2756 2848 2810 τὸ
2881 2755 2998 2827 μετ’
3023 2754 3270 2820 ἐξουσίας
3296 2754 3458 2807 λῦσαι
3480 2751 3542 2804 τὸ
3570 2751 3705 2806 σάϐ-

2108 2846 2291 2915 ϐατον,
2331 2849 2471 2920 ὅπερ
2499 2851 2532 2921 ἠ
2571 2849 2831 2922 ἁλουργὶς
2859 2850 2953 2903 καὶ⁵
2982 2847 3044 2902 τὸ
3067 2848 3305 2920 διάδημα
3337 2846 3432 2901 καὶ
3452 2845 3515 2899 τὸ
3544 2843 3705 2915 ἀφιέ-

2109 2957 2198 2995 ναι
2225 2943 2350 3006 τοὺς
2383 2942 2738 3008 ὑπευθύνους.

2180 3037 2394 3110 Ὠσπερ
2422 3033 2516 3093 οὖν
2530 3039 2723 3096 ἐκεῖνα
2747 3038 2826 3110 τῷ
2855 3038 3066 3111 βασιλεῖ
3095 3037 3240 3109 μόνῳ
3266 3034 3496 3100 ἔξεστιν,
3521 3031 3703 3086 οὐδενὶ

2106 3131 2163 3185 δὲ
2183 3130 2328 3202 άλλῳ
2343 3131 2453 3186 τῶν
2469 3132 2867 3205 ὑποκειμένων,
2891 3131 2987 3186 ἐὰν
3010 3131 3067 3185 δὲ
3091 3133 3232 3202 φανῇ
3248 3147 3331 3192 τις
3349 3127 3518 3181 ποιῶν
3535 3125 3698 3191 αὐτὰ,

2109 3225 2206 3279 καὶ
2238 3225 2463 3291 δικαίως
2493 3228 2685 3291 ποιῶν,
2722 3227 2935 3299 ἀνάγκη
2981 3227 3232 3280 κάκεῖνον
3264 3223 3489 3294 βασιλέα
3521 3217 3698 3275 εἶναι’

2107 3316 2250 3370 οὕτω
2277 3316 2341 3389 δὴ
2369 3317 2461 3372 καὶ
2489 3318 2746 3385 ἐνταῦθα,
2777 3319 2963 3391 ἐπειδὴ
2987 3318 3234 3388 φαίνεται
3267 3316 3382 3388 μετ’
3409 3315 3702 3378 αὑθεντίας

2106 3411 2280 3465 ταῦτα
2310 3411 2482 3466 ποιῶν
2513 3413 2542 3466 6
2570 3413 2824 3483 Χριστὸς,
2872 3409 2993 3465 εἶτα
3027 3409 3428 3482 ἐγκαλούμενος
3459 3407 3553 3461 τὸν
3583 3409 3702 3462 Πα-

2105 3503 2243 3575 τέρα
2284 3504 2648 3576 προϐάλλεται
2695 3505 2891 3574 λέγων,
2949 3505 3009 3558 '0
3060 3503 3253 3574 Πατήρ
3305 3519 3404 3573 μου
3435 3501 3541 3564 ἓως
3575 3502 3702 3573 ἄρτι

2105 3596 2424 3667 ἐργάζεται,
2449 3597 2666 3670 ἀνάγκη
2687 3600 2837 3651 πᾶσα
2865 3595 2960 3650 καὶ
2979 3595 3170 3649 τοῦτον
3201 3597 3314 3650 ίσον
3341 3589 3479 3647 εἶναι
3503 3594 3702 3664 ἐκείνῳ

2107 3691 2185 3763 τῷ
2209 3677 2352 3762 Εμετά
2381 3690 2667 3755 αὐθεντίας
2712 3689 2973 3744 ποιοῦντι.
3019 3689 3096 3742 Οὐ
3129 3688 3240 3758 γὰρ
3269 3686 3356 3750 ἂν,
3388 3687 3438 3739 εί
3481 3686 3556 3757 μὴ
3587 3685 3702 3750 τσος

2106 3779 2173 3854 ἦν
2193 3781 2363 3854 αὐτῷ,
2387 3781 2563 3855 τούτῳ
2582 3784 2681 3855 τῆς
2699 3781 3066 3851 δικαιολογίας
3096 3782 3368 3852 ἐχρήσατο
3389 3779 3466 3850 τῷ
3485 3779 3696 3850 τρόπῳ.

2107 3878 2218 3932 Καὶ
2240 3876 2327 3931 ἴνα
2357 3876 2691 3948 σαφέστερον
2727 3874 2935 3947 μάθητε
2961 3873 3022 3928 τὸ
3057 3873 3372 3944 λεγόμενον,
3409 3871 3613 3925 ἔλυσαν
3643 3872 3701 3925 τὸ

2109 3969 2379 4025 σάϐϐατόν
2403 3985 2536 4022 ποτε
2562 3968 2612 4020 οί
2642 3966 2882 4038 μαθηταὶ
2901 3968 2958 4020 ἐν
2980 3964 3058 4037 τῷ
3082 3965 3282 4019 τίλλειν
3303 3965 3428 4027 τοὺς
3459 3963 3700 4034 στάχυας

2105 4063 2201 4116 καὶ
2235 4059 2436 4114 ἐσθίειν
2479 4058 2540 4114 ἐν
2577 4057 2872 4128 σαϐϐάτῳ·
2927 4056 3084 4109 ἔλυσε
3119 4056 3214 4109 καὶ
3251 4055 3415 4118 αὐτὸς
3444 4054 3570 4109 νῦν·
3616 4056 3699 4108 ἐν-

2106 4155 2373 4210 εκάλεσαν
2388 4152 2662 4215 κάκείνοις
2676 4151 2725 4204 οἱ
2752 4151 3015 4216 Ἰουδαῖοι,
3038 4149 3364 4203 ἐνεκάλεσαν
3387 4150 3480 4202 καὶ
3497 4148 3694 4220 τούτῳ.

2111 4249 2339 4318 Ἷδωμεν
2372 4244 2491 4309 πῶς
2516 4246 2617 4316 μὲν
2650 4245 2791 4316 ὑπὲρ
2817 4244 3040 4298 ἐκείνων
3090 4243 3456 4312 ἀπολογεῖται,
3494 4243 3620 4306 πῶς
3645 4243 3698 4296 δὲ

2107 4341 2250 4410 ὑπὲρ
2281 4340 2475 4392 ἐαυτοῦ
2497 4354 2510 4368 °
2550 4338 2636 4391 ἵνα
2663 4339 2729 4391 ἐκ
2749 4335 2852 4407 τῆς
2881 4337 3149 4406 διαφορᾶς
3169 4335 3270 4406 τὴν
3297 4337 3573 4407 ὑπεροχὴν
3605 4333 3696 4389 καὶ

2103 4431 2206 4502 τὴν
2236 4429 2535 4498 ἀπολογίαν
2561 4428 2727 4483 αὑτοῦ
2770 4428 2972 4500 μάθῃς.
3009 4428 3134 4492 Πῶς
3161 4425 3253 4482 οὖν
3287 4429 3428 4500 ὑπὲρ
3465 4429 3696 4483 ἐκείνων

2104 4522 2482 4591 ἀπολογεῖται;
2505 4525 2628 4578 Οὐκ
2661 4522 2958 4592 ἀνέγνωτε
2988 4522 3044 4575 τί
3070 4521 3322 4588 ἐποίησε
3355 4522 3560 4587 Δαυῒδ,
3601 4523 3694 4577 ὅτε

2102 4615 2460 4681 ἐπείνασεν;
2497 4615 2666 4669 Ὀταν
2697 4616 2794 4686 μὲν
2827 4613 2936 4686 γὰρ
2965 4614 3106 4688 ὑπὲρ
3133 4597 3243 4667 τῶν
3270 4613 3470 4667 δούλων
3501 4615 3694 4670 ἀπολο-

2103 4711 2288 4780 γῆται,
2320 4709 2414 4762 ἐπὶ
2457 4707 2550 4761 τὸν
2586 4708 2868 4762 σύνδουλον
2900 4707 3083 4762 αὐτῶν
3117 4706 3454 4776 καταφεύγει
3498 4711 3689 4762 Δαυῖδο

2101 4802 2230 4856 ὅταν
2259 4803 2316 4856 δὲ
2343 4802 2480 4872 ὑπὲρ
2506 4800 2722 4865 ἐαυτοῦ,
2756 4801 2848 4854 ἐπὶ
2878 4801 2970 4854 τὸν
3001 4801 3222 4871 Πατέρα
3266 4800 3458 4868 ἀνάγει
3484 4802 3577 4856 τὸν
3610 4804 3693 4857 λό-

2103 4915 2228 4966 γον⁸
2277 4896 2343 4950 '0
2371 4894 2574 4964 Πατήρ
2610 4913 2728 4966 μου
2777 4893 3096 4965 ἐργάζεται,
3145 4895 3308 4966 κάγὼ
3361 4894 3686 4968 ἐργάζομαι.

2105 4991 2216 5045 Καὶ
2263 4988 2425 5042 ποίαν
2469 4988 2730 5059 ἐργασίαν
2759 4987 2938 5056 λέγει;
2984 4987 3116 5052 ἴσως
3149 4988 3294 5040 εἴποι
3327 5006 3408 5052 τις
3449 4989 3546 5042 ἀν’
3595 4989 3690 5044 Ἐν

2103 5083 2214 5153 γὰρ
2251 5081 2321 5146 ἐξ
2363 5079 2612 5150 ἡμέραις
2645 5079 3029 5135 κατέπαυσεν
3057 5083 3089 5133 ό
3123 5079 3266 5146 Θεὸς
3296 5080 3416 5135 ἀπὸ
3450 5081 3687 5136 πάντων

2103 5172 2221 5228 τῶν
2251 5176 2442 5242 ἔργων
2479 5173 2665 5228 αὑτοῦ
2687 5189 2701 5203 ·
2731 5171 2830 5243 τὴν
2880 5171 3258 5243 καθημερινὴν
3301 5171 3578 5243 πρόνοιαν.
3615 5172 3682 5226 Οὐ

2103 5267 2213 5340 γὰρ
2237 5268 2531 5339 παρήγαγε
2564 5265 2726 5336 μόνον
2752 5265 2852 5335 τὴν
2883 5264 3083 5328 κτίσιν,
3118 5264 3254 5317 ἀλλά
3273 5265 3366 5318 καὶ
3395 5265 3680 5337 παραχθεί-

2104 5378 2206 5415 σαν
2267 5361 2440 5431 αὐτὴν
2494 5360 2819 5431 συγκροτεῑ’
2875 5356 2980 5410 κᾶν
3037 5355 3303 5426 ἀγγέλους
3349 5355 3538 5430 εἴπῃς,
3584 5355 3679 5412 κᾶν

2101 5454 2499 5528 ἀρχαγγέλους,
2519 5451 2620 5506 κᾶν
2636 5437 2736 5513 τάς
2761 5451 2872 5505 ἄνω
2888 5449 3169 5518 δυνάμεις,
3188 5449 3291 5503 κᾶν
3308 5450 3486 5503 πάντα
3500 5447 3680 5511 ἀπλῶς

2100 5549 2169 5602 τὰ
2192 5547 2361 5619 ὁρατὰ
2395 5547 2490 5600 καὶ
2516 5544 2588 5598 τὰ
2619 5545 2850 5615 ἀόρατα,
2877 5546 2977 5616 τῆς
3011 5544 3269 5616 προνοίας
3301 5544 3562 5598 ἀπολαύει
3590 5541 3681 5611 τῆς

2102 5641 2343 5695 ἐκείνου·
2377 5641 2481 5695 κᾶν
2521 5639 2706 5712 ἔρημα
2731 5639 2958 5711 γένηται
2989 5639 3088 5711 τῆς
3133 5639 3414 5710 ἐνεργείας
3448 5638 3678 5707 ἐκείνης,

2167 5783 2188 5848 ξ’
2217 5783 2363 5848 .‘javﬂ.
2391 5787 2445 5830 ει
2467 5780 2956 5848 Μρτθιηπαρο-ιμίαις,
2979 5780 3106 5848 Βςε.
3131 5778 3406 5848 παροινίαις.

2168 5843 2193 5884 b
2224 5845 2345 5907 Reg.
2372 5851 2452 5902 τῆς
2473 5845 2618 5902 αὐτῆς
2643 5842 2871 5902 ἐξουσίας,
2899 5849 2949 5890 ει
2976 5842 3099 5893 infra
3116 5843 3361 5892 similiter.
