3918 6360
245 412 354 472 809

258 540 553 614 operibus:
586 556 691 598 non
722 558 815 613 per
835 556 1108 598 sermones
1127 583 1143 607 ,
1166 539 1259 596 sed
1288 554 1384 610 per
1408 552 1495 593 res
1524 537 1688 607 ipsas.
1725 534 1839 589 Ma-

262 632 514 689 nifestum
543 636 709 698 enim,
731 643 784 689 et
804 634 872 689 de
899 648 999 703 qua
1028 633 1221 702 ambigi
1252 647 1359 687 non
1385 637 1604 701 posset,
1641 641 1754 697 prae
1783 640 1843 680 se

261 725 470 781 ferebat
496 726 1024 792 demonstrationem,
1054 731 1111 779 et
1133 722 1275 792 quod
1305 721 1514 776 dicebat
1536 761 1553 786 ,
1585 719 1702 788 ipso
1728 731 1848 771 cor-

262 832 398 890 pore
427 818 757 873 ostendebat.
789 816 913 871 Post
943 817 1049 871 lucc
1075 816 1260 871 invenit
1287 831 1401 868 eum
1423 812 1575 868 Iesus
1601 852 1616 877 ,
1646 821 1693 866 ct
1721 809 1849 864 dixit

1007 424 1132 492 .DE
1170 422 1433 479 CHRISTI
1474 416 1882 484 DlVlNITATE,
1925 415 2197 472 CONTRA
2238 415 2595 474 ANOMOEOS
2656 416 2773 473 XII.
2812 466 2831 470 -

3430 418 3556 473 8162

1954 531 2162 589 ltursus
2199 532 2623 602 flagitiosissimis
2662 534 2962 589 hominibus
2997 549 3208 604 potitant
3246 549 3308 590 ac
3336 535 3533 606 suppli.

1951 622 2091 676 cium
2117 624 2409 691 remittere,
2433 635 2490 678 ut
2512 623 2811 692 homicidis,
2835 625 3146 691 latronibus,
3172 628 3538 696 sepulcrorum

1952 714 2315 783 ell‘ossoribus,
2343 726 2395 770 et
2418 718 2660 778 caeteris,
2690 717 2780 786 qui
2810 717 2935 772 talia
2960 718 3202 785 quatdam
3234 729 3547 788 perpetrare

1954 804 2069 861 ausi
2097 816 2221 861 sunt
2243 847 2257 873 ,
2291 808 2457 863 solius
2497 808 2853 878 imperatorias
2894 810 3153 879 largitatis
3182 819 3284 865 est.
3316 810 3469 878 Quod
3497 814 3541 866 si

270 904 357 961 illi
374 903 542 960 :Ecce
558 922 722 961 sanus
742 907 912 978 fartus
925 923 980 962 es
990 921 1011 970 ,°
1020 909 1134 978 jam
1159 907 1264 961 noli
1283 921 1487 993 peccare
1503 946 1519 971 ,
1544 920 1606 958 ne
1632 902 1852 957 deterius
1950 897 2405 970 judex'quispiam
2440 900 2744 955 damnatum
2775 901 2890 956 sine
2913 900 3252 970 Imperatoris
3279 906 3546 960 sententia

263 995 353 1049 tibi
369 994 567 1068 aliquid
583 997 835 1068 contingat
861 995 1212 1067 (Joan.5.N).
1234 992 1421 1051 Vidisti
1440 993 1630 1048 medici
1644 992 1855 1062 sapien-

263 1083 435 1140 tiam?
477 1084 667 1140 Vidisti
708 1085 1134 1156 providentiam?
1173 1084 1290 1139 Non
1337 1084 1510 1169 solum
1539 1097 1571 1137 a
1605 1080 1852 1153 pratscnti

263 1176 458 1231 morbo
483 1176 746 1242 liberavit,
776 1177 870 1232 sed
900 1178 1059 1233 etiam
1079 1176 1252 1231 munit
1279 1175 1331 1230 in
1355 1183 1625 1245 posterum
1648 1214 1664 1241 ,
1696 1171 1856 1242 idque

266 1279 683 1339 peropportune.
711 1269 843 1323 Nam
868 1269 991 1323 dum
1029 1268 1121 1323 ille
1154 1268 1358 1371 iaceret
1401 1266 1454 1321 in
1491 1266 1629 1320 lecto
1654 1306 1671 1331 ,
1716 1264 1849 1317 nihil

265 1359 532 1429 ejusmodi
557 1359 711 1425 dixit,
734 1374 839 1415 non
868 1360 940 1415 illi
974 1368 1185 1429 peccata
1212 1357 1265 1412 in
1298 1357 1606 1413 memoriam
1632 1368 1845 1410 revoca-

268 1451 378 1517 vit;
410 1466 658 1506 morosus
686 1451 828 1506 enim
862 1450 1256 1521 quodammodo
1276 1491 1289 1513 ,
1320 1463 1386 1503 ac
1432 1446 1751 1503 miserabilis
1776 1456 1859 1500 eat

268 1542 638 1612 aegrotandum
655 1542 882 1595 animus.
903 1541 1002 1597 Ubi
1015 1549 1191 1596 autem
1209 1539 1411 1611 expulit
1425 1537 1855 1600 invaletudinem,

268 1634 361 1689 ubi
399 1634 678 1688 sanitatem
701 1632 948 1700 reduxit,
986 1632 1074 1688 ubi
1103 1631 1389 1701 potentiae,
1428 1640 1481 1686 et
1508 1627 1855 1700 providentia:

269 1738 384 1778 suae
401 1724 909 1779 demonstrationem
937 1738 1100 1793 opcre
1122 1722 1376 1792 praebuit;
1406 1727 1532 1776 tunc
1557 1733 1851 1790 peroppor-

273 1822 401 1869 tune
424 1814 704 1869 consilium
732 1814 1187 1883 monitionemque
1215 1812 1450 1877 adhibet,
1477 1826 1599 1866 cum
1620 1810 1730 1878 jam
1758 1809 1863 1866 fide

269 1903 490 1975 dignttm
515 1920 576 1960 se
597 1905 851 1974 operibus
887 1905 1014 1975 ipsis
1049 1904 1393 1959 ostendisset.
1433 1901 1543 1957 Cur
1576 1902 1743 1972 igitur
1772 1901 1863 1957 ille

271 1996 460 2053 abiens
487 1996 826 2053 manifestum
857 1997 1030 2066 ipsum
1062 1996 1188 2052 fecit
1213 1994 1736 2050 Judmistimirum
1770 2008 1864 2047 cu-

272 2088 426 2159 piens
438 2104 534 2144 eos
544 2088 741 2145 habere
749 2089 1035 2161 participes
1046 2104 1186 2144 verte
1198 2088 1546 2143 doctrinam
1562 2086 1631 2141 illi
1649 2095 1865 2158 prepter

276 2179 416 2235 hanc
432 2180 601 2249 ipsam
621 2195 835 2236 causam
853 2180 1001 2235 illum
1017 2180 1259 2244 oderant,
1290 2178 1481 2247 inquit,
1500 2189 1553 2233 et
1576 2193 1864 2247 perseque-

273 2269 487 2326 bantur.
501 2270 611 2327 Hoc
626 2270 754 2325 mihi
772 2272 891 2326 loco
923 2281 1156 2328 mentem
1196 2271 1464 2327 adhibete.
1499 2270 1594 2324 Hic
1613 2267 1751 2326 enim
1781 2278 1866 2323 to-

275 2371 390 2418 tum
403 2372 485 2417 est
502 2372 795 2418 certamen.
822 2363 1096 2434 PrOpterea
1115 2363 1260 2418 illum
1278 2362 1711 2433 persequebantur,
1744 2360 1865 2429 quia

271 2453 383 2506 lucc
397 2453 609 2522 faciebat
626 2455 680 2508 in
698 2454 902 2509 sabbato
920 2453 1024 2528 (Ib.
1042 2471 1091 2509 υ.
1108 2453 1217 2524 i6).
1238 2452 1523 2509 Videamus
1546 2452 1864 2523 igitur,quo-

271 2544 438 2600 modo
452 2558 511 2599 se
524 2544 793 2601 defendat.
819 2544 1150 2602 Defensionis
1170 2545 1313 2600 enim
1328 2545 1515 2599 modus
1527 2543 1864 2614 perspicuum

273 2633 431 2690 nobis
458 2634 612 2701 facit,
646 2644 823 2691 utrum
871 2636 960 2693 ille
993 2637 1216 2691 situnus
1234 2630 1594 2707 subjectorum
1623 2652 1689 2689 au
1730 2634 1865 2690 libe-

273 2742 460 2783 rerum
482 2769 498 2796 ,
527 2739 703 2785 utrum
724 2730 1134 2786 ministrantium
1150 2745 1216 2786 an
1236 2730 1628 2801 imperantium.
1648 2730 1867 2786 Factum

274 2822 411 2878 illud
458 2825 745 2879 maximam
773 2825 904 2896 legis
929 2825 1402 2895 transgressionem
1431 2812 1541 2894 pra:
1556 2839 1616 2879 se
1643 2822 1865 2879 ferebat.

273 2913 416 2969 Olim
429 2915 837 2986 enim,quiligna
855 2918 908 2971 in
937 2917 1159 2972 sabbato
1186 2917 1494 2986 collegerat,
1522 2925 1738 2987 propter
1765 2916 1868 2971 hoc

276 3004 453 3074 ipsum
475 3006 734 3075 lapidatus
754 3016 837 3062 est
860 3051 874 3076 ,
923 3008 1064 3078 quod
1094 3023 1256 3063 onera
1283 3017 1518 3077 portaret
1542 3008 1595 3061 in
1647 3007 1868 3062 sabbato

276 3094 469 3167 (Num.
505 3099 590 3154 l5.
631 3098 700 3155 52
725 3099 906 3174 —56).
947 3102 1057 3156 Hoc
1078 3117 1322 3171 magnum
1352 3102 1552 3156 crimen
1580 3099 1869 3170 objicieba—

276 3198 364 3242 tur
389 3186 624 3254 Christo,
644 3191 786 3261 quod
815 3192 1088 3247 sabbatum
1106 3192 1357 3247 solveret.
1376 3190 1662 3245 Videamus
1682 3189 1863 3260 igitur,

283 3295 411 3334 num
443 3281 578 3335 forte
608 3283 836 3351 primum
880 3283 1085 3338 veniam
1112 3292 1254 3353 petat
1283 3292 1339 3337 ut
1363 3298 1547 3337 servus
1577 3297 1639 3336 ac
1686 3281 1868 3351 subje-

276 3379 422 3435 ctus,
442 3388 508 3425 an
533 3381 798 3443 tamquam
822 3384 1136 3442 potestatem
1166 3374 1367 3429 habens
1392 3383 1445 3428 et
1471 3374 1863 3437 auctoritatem,

278 3461 525 3516 ostendat
565 3478 624 3517 se
672 3464 951 3519 Dominum
992 3474 1150 3535 atque
1196 3480 1318 3520 eum
1352 3506 1368 3532 ,
1416 3465 1503 3535 qui
1536 3466 1779 3534 superior
1798 3465 1868 3521 sit

275 3550 417 3623 lege,
448 3569 510 3609 ac
539 3556 909 3627 mandataipse
934 3557 1178 3613 dederit?
1204 3559 1481 3625 Quomodo
1497 3557 1653 3629 igitur
1677 3572 1736 3614 se
1763 3558 1865 3613 de-

273 3640 489 3698 fendit?
517 3643 672 3698 Pater
704 3662 844 3700 meus
868 3687 883 3711 ,
920 3642 1090 3717 inquit
1117 3688 1133 3714 ,
1162 3664 1319 3717 usque
1342 3648 1490 3702 modo
1517 3657 1754 3717 aperatur
1776 3689 1791 3711 ,
1818 3657 1866 3702 et

269 3751 368 3806 ego
396 3752 574 3806 operor
599 3736 789 3805 (Joan.
828 3736 1027 3808 5.17).
1055 3737 1247 3793 Vidisti
1280 3739 1679 3794 auctoritatem.
1708 3738 1862 3807 Quod

272 3826 325 3881 si
356 3826 676 3882 imbecillior
695 3836 750 3883 et
774 3829 948 3884 minor
973 3836 1117 3884 esset
1143 3829 1320 3896 Patre,
1354 3828 1459 3886 hoc
1487 3830 1629 3901 quod
1659 3830 1867 3886 dixerat

272 3927 482 3972 tantum
513 3920 662 3975 abest
684 3933 740 3976 ut
766 3922 1059 3978 defensioni
1087 3932 1268 3993 aptum
1289 3924 1380 3993 sit,
1409 3934 1465 3979 ut
1494 3925 1664 3995 majus
1689 3926 1865 3996 potius

268 4012 481 4066 crimen
504 4012 575 4067 sit
601 4021 656 4068 et
682 4015 908 4084 graviori
935 4016 1221 4071 obnoxium
1249 4016 1594 4072 accusationi.
1614 4006 1863 4086 Quoties-

270 4118 505 4173 cumque
529 4105 673 4160 enim
699 4106 818 4176 quis
853 4106 979 4161 illud
1005 4106 1184 4172 faciat,
1211 4108 1354 4178 quod
1380 4109 1479 4163 soli
1504 4110 1861 4179 prazstantiori

271 4193 437 4249 liceat
466 4194 642 4252 facere
667 4238 683 4265 ,
736 4197 929 4253 deinde
970 4198 1339 4269 deprehensus
1383 4210 1665 4257 accusetur
1699 4244 1714 4269 ,
1753 4205 1866 4273 ipse

272 4300 409 4339 vero
438 4286 508 4339 ita
550 4286 688 4342 dicat
714 4329 729 4355 ,
756 4290 1006 4356 quoniam
1034 4292 1373 4360 praestantior
1399 4291 1525 4348 fecit
1548 4334 1562 4359 ,
1592 4293 1793 4349 idcirco
1812 4304 1867 4351 et

271 4391 376 4446 ego
410 4377 547 4443 feci;
602 4394 708 4433 non
738 4381 909 4435 solum
935 4396 1041 4436 non
1062 4382 1278 4452 expedit
1309 4397 1369 4438 se
1407 4383 1477 4439 ab
1501 4384 1729 4455 objectis
1757 4386 1866 4440 cri-

273 4469 528 4535 minibus,
555 4471 656 4527 hoc
684 4472 1014 4528 defensionis
1038 4475 1218 4542 modo,
1249 4476 1343 4531 sed
1374 4476 1533 4532 etiam
1565 4477 1755 4547 majori
1780 4493 1867 4533 re—

273 4560 621 4632 prebensioni
662 4572 823 4634 atque
862 4566 1190 4621 accusationi
1237 4567 1524 4622 obnoxium
1568 4581 1630 4623 se
1668 4568 1863 4623 reddit.
1902 4580 1906 4597 '

273 4652 556 4722 Superbiae
594 4656 737 4710 enim
777 4666 833 4713 et
871 4660 1189 4729 arrogantiae
1227 4668 1313 4715 est
1334 4663 1561 4732 ,majora
1594 4661 1867 4734 suscipere

273 4742 536 4812 dignitate
562 4760 679 4800 sua.

349 4835 537 4891 Christi
563 4837 795 4895 divinitas
820 4840 1076 4895 asscritur.
1106 4871 1178 4883 —
1217 4842 1357 4914 Ergo
1392 4842 1636 4899 Christus
1659 4842 1868 4898 etiamsi

277 4927 501 4982 inferior
528 4929 743 4998 fuisset,
777 4940 980 4987 tantum
1007 4933 1220 5002 aberat,
1243 4943 1303 4990 ut
1321 4951 1439 5005 qua:
1458 4935 1668 4991 dicebat
1694 4935 1866 5005 ipsum

278 5021 663 5089 defenderent,
693 5032 753 5080 ut
775 5025 952 5095 potius
975 5025 1187 5097 gravius
1212 5028 1652 5085 condemnarent.
1670 5029 1867 5086 Verum

280 5114 532 5185 quoniam
557 5116 702 5173 Patri
729 5120 949 5189 mqualis
974 5129 1121 5188 erat,
1169 5131 1449 5192 propterea
1479 5123 1676 5178 nullam
1701 5123 1872 5178 admi-

282 5207 352 5260 sit
375 5207 608 5276 culpam.
629 5212 706 5263 Ac
729 5210 775 5264 si
796 5210 975 5276 vultis,
993 5212 1237 5281 exemplo
1261 5213 1596 5283 perspicuum
1623 5213 1775 5268 vobis
1794 5213 1871 5268 fa-

283 5297 423 5352 ciam
463 5299 512 5354 id
529 5297 823 5368 quoddico.
856 5301 966 5357 Soli
1006 5301 1315 5372 Imperatori
1343 5303 1464 5360 licet
1492 5313 1702 5374 gestare
1732 5320 1862 5373 pur-

288 5402 471 5456 puram
501 5401 556 5444 et
576 5391 818 5446 diadema
857 5392 911 5447 in
945 5394 1152 5462 capite,
1183 5405 1440 5465 praeterea
1470 5396 1688 5450 nemini.
1722 5397 1863 5468 Ergo

290 5478 333 5532 si
365 5495 497 5535 unus
520 5497 551 5535 e
578 5482 755 5537 multis
780 5483 920 5538 hunc
945 5494 1188 5540 ornatum
1210 5493 1447 5556 gestans,
1474 5486 1666 5543 deinde
1691 5488 1759 5543 ad
1781 5490 1872 5543 tri-

293 5568 445 5626 bunal
469 5574 760 5644 perductus
790 5576 861 5631 ita
889 5576 1062 5643 dicat,
1096 5578 1216 5649 quia
1250 5579 1542 5649 Imperator
1569 5578 1870 5651 huiusmodi

294 5675 530 5720 ornatum
551 5676 739 5738 gestat,
757 5680 1038 5740 propterea
1066 5686 1165 5741 ego
1189 5672 1347 5727 etiam
1376 5681 1545 5743 gesto,
1569 5687 1673 5727 non
1697 5673 1869 5729 solum

300 5754 393 5811 hoc
411 5758 732 5817 defensionis
758 5762 920 5819 modo
944 5777 1047 5818 non
1072 5777 1132 5818 se
1151 5764 1403 5821 liberaret
1422 5765 1490 5819 ab
1513 5765 1869 5833 accusatione,

305 5848 388 5903 sed
425 5857 677 5927 majorem
712 5869 928 5931 pinnam
971 5871 1033 5912 ac
1073 5857 1385 5929 supplicium
1416 5857 1514 5914 sibi
1549 5867 1864 5915 accerseret.

1955 989 2249 1057 dimittens,
2279 1001 2578 1057 accusetur,
2610 1000 2664 1046 et
2692 991 2833 1047 dicat
2859 994 3017 1047 etiam
3049 995 3162 1064 ipse
3181 1034 3195 1057 ,
3226 1008 3325 1062 ego
3346 993 3544 1061 dimisi,

1956 1080 2206 1149 quoniam
2254 1079 2546 1149 Imperator
2586 1081 2801 1136 dimittit
2827 1124 2843 1149 ,
2873 1094 2979 1136 non
3008 1084 3179 1138 solum
3209 1083 3309 1140 hac
3339 1086 3546 1140 ratione

1958 1172 2178 1227 minime
2204 1187 2264 1227 se
2288 1171 2476 1227 liberat
2501 1214 2516 1239 ,
2545 1173 2639 1228 sed
2677 1174 2836 1228 etiam
2873 1176 3126 1245 majorem
3157 1190 3281 1246 erga
3312 1190 3370 1231 se
3413 1177 3541 1230 iram

1959 1262 2218 1327 accendit,
2251 1271 2305 1318 et
2327 1263 2450 1333 jure
2478 1263 2712 1333 quidem.
2746 1263 2859 1318 Non
2886 1266 3024 1319 enim
3055 1281 3263 1335 aequum
3291 1276 3394 1333 cst,
3423 1282 3545 1321 cum

1960 1353 2238 1408 inferiores
2262 1354 2315 1408 in
2347 1354 2649 1409 temulentis
2692 1354 2828 1410 forte
2864 1357 3345 1426 compotatiouibus
3376 1358 3425 1411 in
3454 1374 3545 1412 su-

1961 1445 2226 1513 periorem
2254 1446 2623 1502 auctoritatem
2664 1447 2976 1516 irrueriut,
3004 1458 3183 1517 postea
3224 1465 3292 1504 ex
3338 1451 3546 1504 illortun

1962 1550 2146 1602 more,
2179 1544 2242 1592 et
2261 1536 2398 1592 facto
2422 1537 2523 1592 sibi
2562 1538 2691 1608 ipsis
2723 1553 2915 1609 parare
2954 1538 3345 1595 defensionem.
3387 1541 3552 1610 Major

1963 1626 2105 1681 enim
2136 1625 2250 1681 haec
2274 1614 2596 1683 contumelia
2618 1637 2701 1683 est
2729 1628 2781 1683 in
2801 1643 2915 1693 eos,
2940 1631 3026 1700 qui
3052 1629 3400 1699 principatum
3425 1631 3553 1701 ipsis

1966 1716 2315 1773 tradiderunt.
2356 1718 2479 1774 Ideo
2515 1719 2560 1773 si
2591 1720 2717 1789 quis
2743 1718 2963 1773 inferior
2990 1704 3099 1787 sit:
3121 1736 3406 1789 numquam
3454 1720 3553 1775 hac

1964 1809 2047 1864 sui
2076 1808 2390 1864 defendendi
2423 1810 2628 1865 ratione
2657 1818 2863 1877 utetur;
2894 1811 2978 1865 sin
3005 1821 3178 1865 autem
3208 1812 3276 1865 sit
3318 1813 3554 1880 Impera.

1966 1911 2050 1956 tur
2073 1944 2089 1970 ,
2120 1910 2179 1957 et
2200 1902 2387 1957 eadem
2422 1902 2673 1973 praeditus
2696 1903 2952 1974 dignitate
2975 1944 2991 1971 ,
3034 1902 3260 1958 fidenter
3298 1903 3351 1957 id
3387 1904 3550 1959 dicet.

1965 1992 2176 2047 Etenim
2216 1992 2663 2063 quemadmodum
2701 1993 2888 2048 eadem
2922 2000 3005 2047 est
3043 1993 3098 2047 in
3125 2003 3350 2062 utroque
3377 1994 3554 2049 excel-

1966 2084 2084 2139 lens
2111 2084 2404 2155 amplitudo
2433 2086 2780 2156 principatus,
2814 2085 2884 2139 ita
2915 2085 3077 2140 etiam
3103 2084 3289 2140 eadem
3319 2086 3555 2140 auctori-

1967 2189 2049 2234 tas
2073 2193 2137 2235 ac
2160 2179 2371 2235 licentia
2400 2194 2522 2235 esse
2549 2178 2725 2235 debet.
2750 2177 3105 2246 Quamobrem
3133 2178 3177 2233 si
3206 2179 3426 2233 exsistat
3455 2178 3553 2231 ali-

1966 2271 2088 2341 quis
2110 2312 2124 2337 ,
2165 2270 2255 2341 qui
2284 2269 2384 2325 hac
2421 2286 2480 2326 se
2513 2271 2722 2326 ratione
2756 2268 3048 2337 defendat,
3080 2284 3300 2325 necesse
3339 2270 3563 2324 omnino

1968 2375 2069 2434 est,
2089 2367 2327 2422 eamdem
2350 2367 2654 2438 dignitatem
2678 2367 3040 2439 habeatatque
3058 2367 3166 2434 ille,
3193 2366 3344 2437 cujus
3367 2374 3554 2434 poten-

1974 2464 2100 2514 tiam
2130 2460 2197 2514 ad
2227 2476 2375 2517 suam
2407 2461 2773 2517 defensionem
2804 2460 3104 2532 praetendit.
3138 2461 3359 2529 Quando
3400 2460 3557 2530 igitur

1967 2552 2214 2609 Christus
2251 2553 2352 2609 hac
2389 2555 2599 2611 ratione
2640 2555 2764 2627 lacti
2800 2555 2882 2610 sui
2921 2555 3180 2624 justitiam
3212 2569 3332 2609 cum
3359 2553 3557 2609 Judaeis

1967 2643 2240 2701 disserens
2257 2644 2564 2713 declaravit,
2577 2647 2693 2701 sine
2712 2646 2873 2701 dubio
2894 2646 3046 2701 nobis
3066 2646 3297 2701 ostendit
3316 2646 3555 2714 ejusdem

1922 2758 1923 2763 π
1968 2750 2028 2791 se
2053 2751 2171 2792 esse
2199 2736 2472 2807 dignitatis
2494 2752 2613 2792 cum
2643 2737 2821 2793 Patre.
2852 2738 2929 2791 Ac
2953 2737 2995 2790 si
3029 2738 3188 2802 libet,
3221 2736 3560 2791 conferamus

1968 2827 2185 2882 allatum
2211 2829 2513 2898 exemplum
2541 2843 2661 2883 cum
2681 2828 2858 2883 verbis
2877 2836 2933 2884 et
2957 2827 3092 2882 facto
3113 2827 3329 2881 Christi.
3358 2825 3437 2882 Sit
3462 2826 3560 2895 igi-

1970 2928 2056 2973 tur
2084 2919 2246 2985 idem,
2276 2920 2490 2975 solvere
2521 2935 2618 2990 pro
2643 2919 2959 2976 auctoritate
2992 2920 3267 2975 sabbatum
3289 2960 3305 2985 ,
3333 2933 3396 2972 ac
3430 2932 3557 2987 pur-

1971 3022 2121 3078 pura,
2144 3007 2408 3071 diadema,
2436 3017 2490 3063 et
2513 3024 2728 3062 reorum
2758 3008 3019 3063 diutissio.

2039 3097 2291 3154 Christum
2312 3098 2456 3152 Patri
2469 3098 2712 3168 (aqualem
2725 3116 2831 3154 esse
2849 3086 3181 3168 probatur.—
3194 3097 3529 3166 Quemadlno
3539 3127 3559 3139 ε

1969 3191 2094 3246 dum
2121 3191 2281 3260 igitur
2315 3192 2415 3246 soli
2446 3191 2757 3261 Imperatori
2803 3192 2888 3246 illa
2920 3192 3119 3259 licent,
3152 3192 3350 3247 nemini
3379 3199 3557 3246 autem

1969 3283 2328 3354 subjectorum
2353 3325 2367 3349 ,
2400 3299 2462 3338 ac
2488 3283 2533 3338 si
2557 3283 2677 3354 quis
2701 3283 2887 3338 eadem
2916 3284 3091 3348 faciat,
3123 3299 3185 3338 ac
3208 3283 3329 3353 jure
3360 3282 3557 3349 faciat,

1968 3374 2116 3429 illum
2141 3390 2351 3446 quoque
2379 3376 2756 3447 Imperatorem
2784 3391 2906 3431 esse
2934 3391 3151 3431 necesse
3172 3384 3274 3442 est,
3307 3376 3376 3430 ita
3398 3376 3558 3430 etiam

1968 3467 2147 3524 hacin
2168 3484 2248 3536 re,
2274 3469 2523 3538 quoniam
2552 3469 2604 3524 in
2632 3479 2974 3539 conspectum
3002 3484 3060 3524 se
3080 3469 3169 3523 dat
3186 3467 3429 3524 Christus
3458 3468 3557 3523 ista

1973 3574 2072 3630 pro
2096 3561 2409 3616 auctoritate
2462 3561 2664 3616 faciens
2682 3603 2698 3629 ,
2729 3576 2793 3616 ac
2821 3560 3013 3615 deinde
3040 3569 3319 3615 accusatus
3346 3560 3561 3615 Patrem

1967 3651 2250 3721 praetendit
2272 3653 2342 3706 ita
2363 3651 2567 3718 dicens,
2599 3650 2756 3705 Pater
2780 3667 2919 3705 meus
2944 3667 3101 3721 usque
3128 3650 3278 3705 modo
3298 3660 3567 3722 operatur;

1970 3743 2333 3798 necessarium
2364 3759 2582 3813 prorsus
2609 3752 2693 3798 est
2715 3784 2730 3810 ,
2759 3751 2815 3797 et
2843 3742 2982 3798 hunc
3002 3742 3261 3813 aequalem
3292 3742 3368 3796 illi
3397 3756 3517 3797 esse
3539 3783 3555 3807 ,
3586 3796 3595 3801 -

1969 3834 2058 3905 qui
2087 3850 2185 3905 pro
2210 3836 2524 3890 auctoritate
2561 3833 2741 3889 faciat.
2782 3832 2897 3889 Non
2927 3833 3071 3888 enim
3100 3833 3199 3887 nisi
3226 3816 3445 3904 aequalis
3474 3848 3559 3888 es-

1967 3934 2088 3991 set,
2117 3924 2220 3981 hoc
2247 3927 2328 3981 sui
2371 3925 2493 3981 facti
2523 3924 2783 3997 probandi
2822 3924 2983 3980 modo
3011 3932 3270 3980 uteretur.
3298 3924 3473 3994 Atque
3501 3936 3559 3978 ut
3590 3950 3599 3975 ;

1967 4022 2162 4077 clarius
2189 4023 2520 4092 cognoscatis
2544 4037 2663 4090 qua:
2688 4021 2911 4076 dicimus
2929 4059 2946 4087 ,
2978 4019 3247 4074 solverant
3271 4018 3558 4088 aliquando

1968 4112 2246 4168 sabbatum
2272 4112 2538 4181 discipuli,
2569 4128 2690 4168 eum
2721 4113 2896 4183 spicas
2924 4111 3207 4177 vellerent,
3234 4119 3288 4165 et
3309 4109 3556 4165 comedet

1968 4211 2087 4257 rent
2114 4202 2165 4256 in
2189 4201 2407 4256 sabbato
2474 4198 2688 4269 (Matth.
2717 4199 2803 4252 l2.
2838 4197 2886 4267 1)
2921 4217 2935 4253 :
2967 4195 3129 4254 solvit
3156 4202 3212 4250 et
3239 4194 3356 4265 ipse
3382 4209 3554 4251 nunc.

1970 4292 2041 4347 Et
2081 4292 2200 4346 illos
2245 4289 2706 4360 reprehenderunt
2752 4289 2964 4344 Judaei:
3004 4286 3462 4356 reprehenderunt
3506 4293 3559 4338 et

1968 4386 2130 4441 hunc.
2150 4384 2442 4440 Videamus
2465 4384 2672 4454 qualem
2697 4383 2911 4454 quidem
2943 4396 3037 4453 pro
3063 4380 3170 4435 illis
3194 4378 3557 4436 defensionem

1967 4476 2154 4533 ati‘erat
2175 4518 2191 4543 ,
2227 4476 2440 4546 qualem
2480 4490 2611 4531 vero
2662 4487 2760 4544 pro
2807 4474 2985 4542 seipso
3010 4514 3026 4540 ,
3057 4480 3117 4526 ut
3152 4486 3225 4526 es.
3258 4468 3557 4524 differentia

1967 4568 2327 4639 priestantiam
2352 4578 2408 4622 et
2435 4567 2540 4621 vim
2583 4564 2912 4621 defensionis
2938 4562 3064 4635 ejus.
3094 4562 3377 4633 intelligas.
3402 4560 3561 4628 .Qua-

1969 4659 2076 4715 lem
2114 4659 2275 4729 igitur
2301 4656 2669 4712 defensionem
2707 4671 2804 4726 pro
2838 4654 2943 4710 illis
2979 4652 3178 4729 affert?
3211 4650 3341 4705 Non.
3374 4650 3563 4722 legistis

1967 4755 2088 4824 quid
2116 4752 2289 4822 fecerit
2319 4750 2505 4816 David,
2539 4750 2743 4820 quando
2769 4748 2940 4804 csuriit
2966 4746 3088 4817 (Ib.
3117 4763 3163 4800 υ.
3192 4747 3226 4800 5
3246 4743 3309 4816 )?
3337 4742 3563 4811 Quando

1968 4846 2110 4901 enim
2137 4859 2320 4900 servos
2340 4842 2707 4897 defendendos
2729 4840 2970 4910 suscipit,
2994 4836 3230 4909 confugit
3249 4835 3315 4890 ad
3341 4848 3563 4889 conser-

1969 4950 2094 4991 vum
2124 4936 2332 4991 illorum
2367 4933 2619 4989 Davidem
2643 4949 2658 4986 :
2686 4931 2899 5002 quando
2939 4940 3117 4984 autem
3163 4926 3396 4996 scipsum
3421 4964 3438 4991 ,
3472 4938 3561 4978 rae

1970 5030 2172 5085 tionem
2206 5028 2369 5083 refert
2405 5026 2473 5082 ad
2502 5026 2731 5081 Patrem.
2765 5023 2922 5078 Pater
2951 5038 3090 5076 meus
3119 5029 3375 5091 operatur,
3399 5027 3445 5071 et
3471 5033 3561 5087 ego

1971 5137 2152 5192 aperor
2197 5119 2396 5191 (Joan.
2429 5119 2482 5174 5.
2513 5116 2639 5189 l7).
2673 5119 2842 5183 Quam
2885 5130 3046 5179 vero,
3089 5118 3295 5182 quaeret
3337 5108 3563 5164 fortasse

1973 5212 2233 5283 quispiam
2259 5252 2273 5276 ,
2305 5210 2668 5280 operationem
2695 5205 2866 5262 dicit?
2898 5203 3037 5259 Nam
3065 5204 3119 5258 in
3147 5218 3237 5257 sea:
3276 5201 3451 5255 diebus
3477 5216 3561 5255 res

1971 5305 2153 5374 quievit
2196 5302 2336 5358 Deus
2384 5301 2444 5355 ab
2487 5300 2717 5356 omnibus
2755 5297 2987 5369 operibus
3029 5296 3135 5351 suis
3176 5292 3349 5367 (Gen.
3373 5293 3430 5347 2.
3460 5291 3559 5363 2).

1972 5395 2175 5463 Nempe
2211 5393 2569 5463 quotidianam
2609 5390 3015 5461 providentiam.
3053 5385 3170 5441 Non
3208 5385 3352 5440 enim
3386 5382 3562 5437 solum

1973 5486 2194 5558 protulit
2216 5492 2514 5540 creaturam
2538 5523 2555 5549 ,
2583 5498 2766 5538 verum
2794 5480 2956 5537 etiam
2997 5479 3252 5548 prolatam
3285 5485 3483 5540 tuetur,
3510 5483 3566 5529 ct

1973 5578 2119 5634 fovet
2140 5594 2163 5633 ι
2183 5578 2297 5634 sive
2317 5576 2536 5646 angelos
2557 5574 2776 5638 dixeris,
2805 5574 2918 5628 sive
2941 5569 3310 5641 archangelos,
3333 5568 3446 5623 sive
3465 5582 3562 5622 su-

1976 5670 2216 5741 periores
2246 5677 2556 5739 potestates,
2584 5666 2698 5722 sive
2726 5665 2903 5720 omnia
2930 5678 3170 5733 prorsus,
3195 5677 3315 5734 qua;
3344 5660 3445 5716 sub
3471 5675 3560 5715 as-

1977 5774 2189 5835 pectum
2211 5761 2409 5818 cadunt
2427 5801 2445 5829 ,
2469 5770 2525 5816 et
2552 5774 2669 5831 qua:
2696 5774 2802 5815 non
2828 5757 3065 5813 cadunt:
3097 5764 3286 5811 cuncta
3317 5753 3568 5814 fruuntur

1980 5856 2309 5930 providentia
2346 5854 2484 5911 illius
2501 5893 2517 5922 ,
2548 5862 2604 5910 et
2630 5852 2673 5909 si
2701 5852 3056 5909 destituantur
3077 5846 3280 5907 efﬁcaci
3298 5848 3443 5905 illius
3472 5864 3566 5907 aer
