3918 6396
315 399 411 454 8H

317 518 483 583 tione,
515 514 785 587 difﬂuunt,
808 516 1133 588 dilabuntur,
1156 530 1401 590 pererrat.
1432 520 1574 591 Ergo
1599 536 1721 577 cum
1747 521 1907 578 vellet

315 605 564 663 Christus
589 609 873 666 ostendere
902 625 1055 666 suum
1086 627 1206 668 esse
1235 612 1518 683 providere
1541 653 1556 679 ,
1588 628 1695 669 non
1723 623 1903 668 autem

316 700 418 755 sibi
446 702 732 773 provideri,
777 704 1063 762 efficaciter
1100 721 1300 777 agere,
1343 721 1449 761 non
1486 716 1665 762 autem
1697 708 1822 779 agi,
1852 716 1906 762 et

316 791 538 848 alterius
575 793 914 851 efficientiam
954 796 1137 851 subire
1160 839 1176 862 ,
1220 797 1293 852 ita
1336 796 1516 863 dixit,
1570 795 1729 852 Pater
1766 814 1906 851 meus

317 893 589 955 operatur,
631 897 679 941 et
724 904 813 959 ego
860 904 1060 960 operor,
1093 890 1352 960 aequalem
1396 903 1456 945 se
1498 890 1643 945 Patri
1680 890 1907 946 demono

317 985 517 1033 stratis.

387 1069 443 1125 5.
470 1067 598 1124 Cum
625 1070 792 1141 probis
820 1071 1042 1136 moribus
1069 1083 1204 1127 recta
1229 1074 1376 1143 ﬁdes.
1402 1104 1473 1114 —
1496 1073 1623 1128 Haec
1651 1073 1909 1127 memoria

321 1169 498 1216 tenete
514 1202 532 1227 ,
561 1168 616 1216 et
639 1176 799 1232 quam
824 1162 1232 1235 diligentissime
1256 1164 1539 1232 custodite,
1565 1174 1620 1221 et
1645 1167 1912 1223 contexite

321 1251 711 1324 philosOphiam
754 1270 964 1310 morum
994 1271 1116 1311 cum
1156 1266 1305 1312 recto
1343 1257 1649 1328 dogmatum
1679 1257 1861 1314 habitu
1893 1277 1908 1315 :

318 1339 463 1412 quod
490 1350 546 1398 et
573 1338 744 1414 n'uper
772 1343 1016 1400 hortatus
1055 1361 1173 1402 sum
1193 1388 1208 1414 ,
1235 1356 1290 1402 et
1326 1363 1467 1402 nunc
1506 1346 1708 1415 hortor,
1740 1364 1912 1420 neque

323 1433 487 1488 linem
528 1431 776 1489 hortandi
809 1433 1022 1489 faciam.
1050 1435 1255 1491 Merum
1282 1446 1457 1494 autem
1495 1438 1912 1507 institutionem,

322 1531 377 1580 et
402 1524 789 1594 philosophiam
813 1525 946 1581 nihil
969 1542 1121 1596 aeque
1148 1526 1383 1595 adducit,
1410 1537 1570 1599 atque
1590 1527 1690 1585 hoc
1713 1529 1769 1585 in
1800 1530 1916 1587 loco

322 1630 465 1686 saepe
502 1617 726 1673 versari.
776 1617 909 1673 Nam
948 1617 1396 1690 quemadmodum
1435 1619 1686 1690 squalens
1724 1630 1865 1676 terra
1896 1663 1913 1689 ,

323 1706 366 1760 si
405 1706 673 1763 neminem
704 1707 898 1764 habeat
923 1724 953 1764 a
981 1724 1088 1781 quo
1122 1710 1396 1781 irrigetur,
1426 1696 1594 1781 spinis
1622 1721 1677 1767 et
1712 1712 1917 1768 tribulis

323 1805 525 1865 scatet;
554 1813 673 1868 qua:
699 1807 877 1855 autem
902 1801 1123 1856 cultriee
1143 1816 1306 1856 manu
1336 1802 1547 1866 fruitur,
1574 1804 1838 1875 germinat
1863 1814 1918 1859 et

322 1888 479 1946 ﬂoret
501 1906 567 1946 ac
595 1891 858 1948 redundat
879 1907 1070 1964 magna
1098 1893 1367 1953 fructuum
1392 1896 1584 1965 copia;
1614 1895 1685 1950 ita
1710 1909 1841 1952 sane
1864 1901 1919 1951 et

323 1983 523 2053 anima,
554 1984 641 2040 illa
667 1985 907 2056 quidem,
932 2001 1051 2057 qua:
1075 1985 1268 2042 fruitur
1287 1988 1595 2059 irrigatione
1616 1987 1917 2044 divinorum

323 2091 672 2144 sermonum,
702 2078 967 2148 germinat
991 2086 1047 2133 et
1079 2079 1268 2144 ﬂoret,
1302 2090 1355 2134 et
1380 2078 1700 2135 circumﬂuit
1728 2078 1917 2136 fructi-

324 2169 424 2224 bus
452 2167 683 2239 Spiritus
715 2188 729 2223 :
758 2185 878 2240 quae
911 2178 1090 2226 autem
1131 2171 1329 2226 inculta
1356 2180 1410 2227 et
1450 2172 1503 2226 in
1535 2172 1785 2242 squalore
1807 2212 1824 2240 ,
1854 2187 1920 2229 ac

323 2260 442 2315 sine
470 2258 733 2329 ejusmodi
759 2260 1065 2332 irrigatione
1090 2261 1394 2331 dimittitur,
1418 2278 1479 2318 ea
1518 2264 1631 2318 sola
1659 2264 1918 2335 relinqui-

326 2359 414 2403 tur
441 2355 497 2404 et
530 2348 801 2416 silvescit,
832 2359 887 2405 et
911 2352 1105 2407 multas
1131 2351 1332 2423 profert
1360 2352 1540 2423 spinas
1559 2394 1576 2421 ,
1604 2353 1773 2423 ipsam
1796 2368 1921 2424 pec-

326 2440 431 2495 cati
457 2449 723 2496 naturam.
753 2441 851 2497 Ubi
876 2450 1054 2499 autem
1081 2443 1250 2513 Spina:
1268 2485 1284 2512 ,
1308 2442 1381 2499 ibi
1410 2440 1701 2508 dracones,
1728 2452 1784 2499 et
1802 2458 1919 2499 ser-

329 2538 533 2599 pentes,
566 2539 622 2586 et
646 2531 862 2603 scorpii,
889 2540 946 2587 et
970 2533 1220 2589 universa
1259 2542 1494 2604 potestas
1521 2533 1738 2588 diaboli.
1767 2532 1920 2602 Quod

328 2622 374 2677 si
396 2622 480 2678 his
509 2622 683 2677 verbis
729 2638 833 2677 non
882 2622 1060 2679 credis
1082 2665 1099 2692 ,
1138 2638 1237 2695 age
1270 2623 1611 2680 conferamus
1641 2624 1919 2685 nobiscum

330 2725 446 2780 eos,
475 2712 564 2782 qui
587 2711 691 2768 hoc
715 2713 915 2769 auxilio
943 2722 1263 2782 caruerunt;
1293 2729 1356 2771 ac
1375 2724 1501 2771 tunc
1528 2716 1744 2770 demum
1769 2714 1923 2771 vide-

331 2801 457 2860 bitis
479 2844 494 2870 ,
537 2814 792 2874 quantum
822 2806 1116 2863 intercedat
1145 2808 1503 2864 intervallum.
1535 2808 1719 2864 Potius
1742 2817 1921 2864 autem

331 2896 432 2967 ipsi
454 2909 555 2959 nos
576 2897 719 2967 ipsos
739 2898 1127 2966 examinemus,
1143 2900 1329 2972 quales
1349 2900 1563 2971 quidem
1588 2901 1777 2968 simus,
1795 2900 1921 2957 dum

332 2985 510 3043 divina
537 2988 779 3043 doctrina
807 2987 1066 3057 fruimur,
1098 2990 1280 3061 quales
1308 3000 1486 3046 autem
1513 3033 1527 3056 ,
1556 3006 1676 3046 cum
1704 2990 1797 3046 diu
1822 2990 1924 3046 hac

334 3079 605 3148 privamur
625 3079 870 3135 utilitate.
909 3079 987 3135 Ne
1020 3081 1180 3151 igitur
1217 3090 1424 3137 tantum
1462 3080 1598 3136 lucri
1633 3080 1925 3152 profunda-

334 3186 479 3228 mus.
494 3168 612 3226 Hoc
627 3171 772 3226 enim
795 3168 850 3225 in
868 3169 991 3224 loco
1014 3166 1356 3239 frequentem
1377 3181 1521 3235 esse,
1534 3167 1717 3222 omnia
1733 3165 1922 3223 conci-

336 3263 431 3317 liat
454 3260 620 3317 bona.
647 3258 789 3316 Hinc
803 3274 928 3314 cum
954 3257 1266 3325 discedunt,
1290 3266 1345 3314 et
1362 3257 1448 3313 vir
1474 3258 1689 3313 mulieri
1705 3257 1922 3313 videtur

337 3353 675 3419 honoratior,
703 3360 757 3407 et
790 3352 989 3408 mulier
1013 3352 1130 3407 viro
1166 3351 1471 3406 amabilior.
1491 3349 1704 3406 Etenim
1735 3352 1923 3408 mulie-

337 3459 451 3500 rem
469 3458 577 3500 non
607 3442 957 3520 pulchritudo
973 3440 1223 3512 corporis
1239 3439 1394 3495 valde
1409 3440 1698 3497 amabilem
1719 3441 1921 3508 reddit,

351 3703 2132 3733 mw

1030 403 1085 459 S.
1125 403 1401 461 JOANNlS
1437 403 1908 464 CIIRYSOSTOMI
1948 406 2276 464 AIICIIIEP-
2309 406 2844 464 CONSTANTINOP.

3498 408 3597 463 8ιῖ

2008 521 2105 577 sed
2127 521 2320 576 animae
2338 519 2542 587 virtus;
2570 536 2675 576 non
2702 520 2904 591 pictura
2920 526 2977 575 et
2994 517 3167 586 fucus,
3189 532 3366 589 neque
3387 531 3598 583 aurum,

2011 629 2183 684 neque
2228 621 2404 668 vestes
2449 613 2739 682 pretiosae:
2769 611 2863 668 sed
2903 613 3253 681 temperantia
3280 619 3337 668 et
3363 609 3603 681 probitas

2011 712 2067 758 et
2095 703 2253 757 timor
2276 702 2482 758 stabilis
2504 717 2628 772 erga
2654 703 2844 759 Deum.
2875 702 2956 757 Ad
2984 701 3121 757 hanc
3152 716 3281 758 vero
3304 742 3320 767 ,
3354 717 3477 772 quae
3505 704 3602 756 sub

2011 796 2411 866 intelligentiam
2428 789 3468 865 caditpulchritudinemcomparandam
3500 810 3604 849 nu-

2012 899 2206 955 squam
2240 885 2369 940 alibi
2406 893 2653 939 accurata
2689 884 3086 939 exercitationis
3119 884 3257 938 ratio
3281 883 3601 955 adhibetur,

2014 987 2366 1049 praeterquam
2396 977 2450 1032 in
2477 975 2579 1032 hoc
2602 974 2905 1030 admirabili
2928 989 2992 1030 ac
3017 975 3201 1030 divino
3221 975 3363 1042 loco,
3389 984 3606 1045 aposto-

2015 1070 2084 1124 lis
2105 1077 2161 1125 et
2181 1068 2454 1140 prophetis
2475 1067 2803 1140 tergentibus
2823 1108 2838 1134 ,
2856 1066 3168 1123 ornantibus
3189 1109 3205 1134 ,
3227 1066 3606 1123 ahradentibus

2013 1168 2341 1217 senectutem
2366 1160 2591 1230 peccati,
2619 1157 3002 1241 adducentibus
3030 1159 3265 1230 vigorem
3288 1158 3603 1229 juventutis,

2013 1268 2230 1309 omnem
2255 1268 2459 1325 rugam,
2485 1267 2701 1309 omnem
2725 1252 3008 1318 maculam,
3027 1266 3243 1307 omnem
3269 1268 3482 1306 naevum
3513 1252 3607 1321 eji-

2015 1346 2277 1402 cientibus
2297 1361 2364 1401 ex
2389 1346 2582 1402 animis
2601 1344 2820 1402 nostris.
2846 1344 2996 1401 Hanc
3016 1344 3194 1416 igitur,
3218 1354 3276 1401 et
3294 1346 3393 1400 viri
3415 1354 3470 1401 et
3493 1361 3610 1400 mu-

2018 1437 2210 1506 lieres,
2236 1438 2545 1494 studeamus
2571 1437 2727 1494 nobis
2754 1437 3069 1493 familiarem
3104 1436 3283 1493 facere
3306 1435 3608 1508 pulchritu-

2017 1530 2217 1597 dinem,
2235 1530 2587 1588 utnobiscum
2603 1526 2833 1585 habitet.
2845 1523 2982 1579 Nam
2992 1526 3240 1594 corporis
3250 1527 3413 1598 pulcb
3421 1527 3611 1583 ritudi-

2019 1639 2144 1681 nem
2172 1633 2227 1677 et
2251 1623 2474 1677 morbus
2498 1620 2747 1676 tabefacit
2768 1661 2783 1685 ,
2816 1630 2872 1676 et
2904 1620 3160 1690 temporis
3184 1620 3461 1692 longitudo
3487 1635 3610 1676 oor-

2020 1714 2238 1783 rumpit,
2262 1721 2317 1769 et
2339 1722 2587 1769 senectus
2605 1710 2914 1782 exstinguit,
2931 1721 2987 1767 et
3006 1726 3149 1767 mors
3173 1710 3426 1783 ingruens
3446 1720 3611 1767 totam

2021 1807 2199 1862 medio
2233 1807 2388 1862 tollit.
2423 1806 2553 1861 Eam
2601 1820 2727 1861 vero
2752 1821 2873 1876 qua:
2903 1806 2957 1860 in
2985 1806 3159 1861 anima
3184 1813 3298 1873 est,
3334 1821 3441 1862 non
3477 1815 3614 1861 tem-

2023 1911 2139 1966 pus,
2173 1911 2279 1952 non
2305 1896 2545 1964 morbus,
2575 1911 2685 1962 nou
2705 1905 2972 1963 senectus,
3001 1912 3107 1952 non
3131 1913 3298 1961 mors,
3330 1912 3438 1953 non
3468 1897 3614 1953 aliud

2028 1984 2333 2056 huiusmodi
2374 1985 2663 2058 quidquam
2699 1994 2874 2056 potest
2909 1986 3136 2057 perdere
3167 2006 3183 2043 :
3213 1986 3310 2043 sed
3353 1996 3615 2057 perpetuo

2021 2073 2195 2131 ﬂoret.
2209 2073 2274 2127 Et
2282 2074 2630 2146 pulchritudo
2641 2076 2860 2144 quidem
2872 2076 3118 2148 corporis
3127 2088 3271 2147 saepe
3284 2086 3612 2147 spectatores

2022 2170 2091 2225 ad
2122 2168 2581 2239 intemperantiam
2610 2176 2882 2238 provocat.
2924 2170 2995 2223 At
3031 2183 3095 2224 ea
3113 2209 3130 2235 ,
3159 2183 3278 2239 quae
3306 2169 3360 2222 in
3389 2169 3608 2234 animo,

2024 2261 2313 2333 ipsummet
2342 2260 2511 2316 Deum
2539 2260 2608 2314 ad
2636 2259 2717 2314 sui
2745 2274 2984 2315 amorem
3008 2259 3211 2326 allicit,
3252 2267 3413 2330 prout
3448 2262 3611 2315 etiam

2024 2352 2281 2425 propheta
2300 2352 2454 2419 dixit,
2476 2349 2768 2407 Eeelesiam
2788 2350 3083 2420 alloquens,
3099 2350 3253 2418 Audi,
3277 2350 3405 2418 filia,
3421 2350 3612 2418 eteide,

2023 2454 2069 2499 et
2093 2444 2283 2498 inclina
2310 2459 2484 2497 aurem
2519 2451 2659 2496 tuam
2690 2458 2709 2498 :
2739 2451 2785 2498 et
2823 2441 3110 2496 obliviscere
3151 2442 3397 2511 populum
3434 2451 3611 2508 tuum,

2023 2544 2070 2590 et
2103 2534 2309 2589 domum
2336 2533 2494 2600 patris
2521 2533 2634 2588 tui:
2660 2537 2707 2589 el
2737 2533 3054 2603 concupiscet
3083 2531 3198 2587 Rea:
3217 2533 3445 2587 decorent
3470 2540 3615 2585 tuum

2025 2625 2045 2695 (
2068 2625 2211 2681 Psal.
2239 2625 2330 2680 Μ.
2354 2625 2441 2680 ll.
2469 2624 2535 2679 12
2554 2623 2596 2694 ).
2624 2623 2807 2695 Igitur,
2828 2638 2862 2679 ο
2885 2623 3083 2689 dilecti,
3109 2632 3167 2678 ut
3184 2624 3472 2679 amicitiam
3491 2636 3615 2678 cum

2023 2718 2135 2775 Deo
2164 2716 2564 2787 contrahamus,
2579 2714 2971 2787 hancquotidie
2984 2715 3445 2787 pulchritudinem
3454 2731 3615 2772 cure-

2026 2826 2146 2866 mus
2179 2817 2238 2865 et
2273 2808 2511 2864 colamus
2533 2848 2550 2876 ,
2577 2806 2975 2878 Scripturarum
3003 2806 3232 2862 lectione
3255 2820 3471 2862 omnem
3498 2820 3618 2860 ma-

2023 2904 2199 2958 culam
2239 2901 2605 2971 abstergentes
2626 2940 2642 2966 ,
2685 2899 2961 2971 precibus,
3002 2898 3390 2970 eleemosynis,
3432 2908 3617 2954 mutua

2024 2991 2306 3049 concordia
2328 3010 2342 3046 :
2366 3003 2422 3046 ut
2443 3006 2559 3057 rex,
2581 3001 2788 3046 amator
2811 2989 2980 3044 factus
2999 2997 3197 3044 nostra:
3216 3005 3334 3060 quae
3354 2990 3410 3044 in
3429 2990 3612 3044 animo

2025 3082 2238 3155 pulchri
2246 3082 2466 3152 tudinis,
2478 3084 2839 3157 digneturnos
2848 3083 3111 3140 calorum
3123 3096 3292 3156 regno
3306 3101 3321 3138 :
3334 3080 3482 3152 quod
3511 3082 3621 3135 uti-

2024 3187 2149 3228 nam
2191 3187 2290 3227 nos
2325 3186 2513 3227 omnes
2550 3185 2945 3243 consequamur
2978 3171 3150 3241 gratia
3187 3180 3244 3226 et
3284 3170 3620 3226 humanitate

2026 3265 2237 3321 Domini
2265 3264 2433 3320 nostri
2455 3264 2581 3321 Iesu
2608 3263 2839 3328 Christi,
2868 3280 2990 3320 cum
3014 3279 3121 3336 quo
3147 3264 3293 3321 Patri
3321 3264 3512 3336 gloria,
3540 3263 3619 3318 si-

2025 3356 2240 3426 mulque
2265 3354 2483 3424 Spiritui
2523 3363 2731 3423 sancto,
2765 3371 2906 3410 nunc
2929 3363 2984 3409 et
3011 3370 3225 3424 semper
3252 3364 3307 3411 et
3343 3356 3397 3410 in
3422 3354 3620 3413 saecula

2024 3446 2362 3503 saeculorum.
2390 3447 2583 3504 Amen.

3435 3706 3622 3719 ~——-—-—

450 3862 533 3924 IN
577 3860 882 3924 LIBRUM
921 3860 1142 3934 QUOD
1183 3859 1571 3921 CHRISTUS
1607 3861 1734 3922 SIT
1773 3859 1994 3935 DEUS,
2039 3858 2361 3922 CONTRA
2397 3857 2727 3920 JUDIEOS
2764 3858 3035 3932 ATQUE
3076 3856 3494 3930 GENTILES,

397 4056 722 4127 Argumentt
748 4050 961 4106 ratione
993 4047 1151 4108 moti,
1188 4046 1332 4100 hunc
1367 4044 1564 4099 librum
1589 4054 1717 4115 post
1745 4043 1923 4099 homi-

329 4148 430 4205 lias
453 4153 644 4203 contra
669 4142 950 4199 Aoomteos
984 4147 1042 4195 et
1074 4138 1153 4193 De
1178 4135 1622 4193 consubstantioli
1646 4135 1924 4206 ponimus.

324 4245 517 4318 Agitur
544 4240 693 4299 enim
748 4236 1041 4309 utrobique
1069 4236 1138 4291 de
1184 4233 1469 4290 divinitate
1500 4230 1729 4290 Christi.
1760 4242 1927 4300 quam

324 4333 579 4392 Anommi
610 4331 815 4403 aliique
844 4342 1038 4384 omnes
1097 4325 1291 4381 Ariani
1320 4324 1406 4379 vel
1452 4322 1765 4395 negabant;
1802 4334 1928 4378 cum

325 4428 573 4485 dicerent
595 4424 879 4480 Christum
910 4420 1080 4476 Deum
1112 4418 1336 4491 quidem
1364 4432 1507 4484 esse,
1532 4415 1628 4471 sed
1658 4428 1770 4470 non
1799 4427 1930 4469 vere

327 4517 547 4584 Deum;
598 4515 682 4571 vel
737 4529 834 4570 ore
865 4522 1080 4570 tantum
1113 4519 1276 4567 tenus
1325 4507 1751 4572 conﬁtebantur,
1799 4520 1928 4581 cum

330 4608 485 4663 illum
513 4605 838 4676 simpliciter
864 4603 1039 4661 Deum
1060 4602 1374 4659 vocabant:
1406 4598 1582 4656 Judaei
1610 4612 1743 4654 vero
1766 4605 1933 4668 atque

328 4702 561 4771 gentiles
621 4699 832 4770 absque
907 4697 1024 4753 ullo
1082 4702 1519 4766 temperamento
1585 4690 1928 4762 rejiciebant.

331 4791 639 4851 Commode
669 4791 838 4864 igitur
866 4790 985 4846 haec
1021 4803 1210 4860 opera,
1239 4802 1362 4859 qua:
1388 4795 1448 4842 ut
1477 4785 1592 4841 fors
1620 4783 1747 4840 tulit
1773 4798 1934 4852 sepa-

330 4895 453 4942 rata
481 4883 721 4946 fuerant,
778 4895 892 4937 una
950 4881 1108 4938 serie
1152 4879 1380 4952 legenda
1441 4875 1770 4933 offerimus:
1830 4886 1934 4928 nec

330 4980 514 5036 minus
545 4985 856 5049 opportune
886 4974 1036 5030 hunc
1067 4973 1273 5030 librum
1300 4979 1428 5027 ante
1456 4969 1714 5025 homilias
1745 4975 1935 5021 contra

326 5056 548 5131 Iudaeos
582 5072 852 5134 locamus,
887 5066 1112 5140 quando
1140 5066 1259 5137 ipse
1289 5064 1720 5134 Chrysostomus
1749 5062 1804 5115 in
1829 5062 1935 5117 hoc

329 5178 496 5235 opere
530 5170 721 5219 contra
756 5156 978 5215 Judmos
1003 5172 1064 5212 se
1102 5154 1559 5211 concionaturum
1610 5151 1936 5223 propediem

327 5271 452 5314 esse
479 5254 811 5327 pollicetur:
850 5249 942 5307 ubi
970 5263 1066 5305 eas
1107 5248 1264 5319 ipsas
1296 5260 1421 5317 quae
1473 5253 1600 5314 post
1651 5243 1805 5299 hunc
1867 5244 1937 5298 li-

327 5351 492 5406 brum
527 5353 834 5419 sequuntur
873 5342 1133 5399 homilias
1162 5341 1347 5412 ipsum
1377 5351 1816 5396 commemorare
1842 5353 1934 5393 ve-

330 5440 563 5498 risimile
589 5446 696 5505 est,
725 5444 788 5493 ut
834 5451 964 5491 mox
995 5435 1231 5490 dicetur.
1282 5432 1404 5500 Quo
1443 5437 1626 5485 autem
1686 5435 1935 5498 tempore

331 5547 511 5604 quave
537 5528 832 5587 occasione
873 5526 1021 5581 hunc
1051 5524 1285 5579 ediderit
1341 5524 1567 5589 librum,
1599 5517 1933 5591 coniecturis

334 5640 445 5679 non
477 5622 692 5678 levibus
724 5634 900 5690 neque
929 5617 1110 5674 dubiis
1133 5617 1406 5685 expiscari
1456 5628 1773 5685 possumus.
1812 5610 1935 5667 Pri-

340 5729 430 5768 mo
460 5700 681 5784 quidem
740 5711 987 5765 nondum
1043 5709 1366 5779 episcopum
1408 5706 1599 5771 fuisse,
1655 5719 1760 5759 nec
1789 5703 1937 5759 Con-

333 5802 689 5873 stantinopoli
729 5809 860 5856 tunc
912 5799 1131 5871 degisse
1184 5797 1645 5867 Chrysostomum
1704 5795 1938 5850 suadere

334 5898 589 5955 videntur
634 5896 750 5950 haec
781 5896 948 5951 verba
974 5913 989 5951 :
1021 5893 1133 5951 Kal.
1161 5891 1221 5948 ἓν
1251 5895 1321 5966 τῇ
1356 5888 1935 5947 Κωνσταντινουπύλει

2023 4042 2082 4096 δὲ
2114 4041 2236 4096 οὐδὲ
2267 4041 2406 4114 πρὸς
2426 4041 2555 4107 τοὺς
2583 4041 2918 4107 ἀποστόλους
2945 4043 3138 4114 ἐγγὺς,
3164 4043 3305 4098 ἀλλὰ
3334 4047 3466 4118 παρ’
3490 4047 3633 4106 αὐτὰ

2023 4134 2096 4190 τὰ
2120 4133 2373 4206 πρόθυρα
2395 4132 2502 4202 ἔξω
2522 4135 2809 4207 ἀγαπητὸν
2833 4130 2972 4190 εἶναι
3000 4136 3261 4208 ἐνόμισαν
3279 4138 3331 4192 οἱ
3352 4139 3423 4194 τὰ
3446 4139 3634 4214 διαδή-

2030 4243 2179 4298 ματα
2211 4225 2592 4298 περικείμενοι
2619 4226 2692 4281 τὰ
2716 4226 2948 4299 σώματα
2968 4228 3150 4283 αὐτῶν
3182 4230 3634 4303 κατορύττεσθαι,

2027 4318 2124 4372 καὶ
2153 4317 2413 4387 γεγόνασι
2444 4316 2683 4389 Θυρωροὶ
2707 4318 2893 4373 λοιπὸν
2915 4319 3030 4373 τῶν
3061 4320 3260 4376 ἀλιέων
3292 4324 3342 4376 οἱ
3368 4321 3633 4394 βασιλείςο

2029 4410 2126 4466 καὶ
2147 4411 2206 4465 ὲν
2231 4411 2301 4483 τῇ
2337 4409 2564 4482 τελευτῇ
2603 4410 2706 4464 οὐκ
2742 4411 3112 4483 αἰσχύνονται,
3143 4413 3280 4468 ἀλλὰ
3310 4415 3406 4470 καὶ
3433 4415 3635 4486 ἐγκαλ-

2029 4503 2382 4568 λωπίζονται,
2411 4503 2473 4557 οὐ
2494 4503 2655 4574 μόνον
2685 4503 2860 4571 αὐτοὶ,
2883 4503 3020 4559 ἀλλὰ
3051 4506 3147 4561 καὶ
3168 4506 3219 4560 οἱ
3248 4506 3465 4577 ἔκγονοι
3490 4508 3639 4562 ὲκεί-

2035 4611 2158 4648 νων.
2195 4594 2234 4648 Ι.
2266 4609 2317 4648 e.
2356 4592 2823 4663 Constantinopoli
2858 4610 2979 4649 vero
3009 4610 3114 4651 non
3150 4612 3311 4667 prope
3339 4599 3636 4669 apostolos,

2033 4690 2124 4744 sed
2148 4688 2282 4759 foris
2314 4688 2385 4742 ad
2415 4690 2534 4758 ipsa
2559 4688 2751 4744 limina
2784 4698 3094 4760 optaverunt
3126 4691 3170 4746 ii
3210 4693 3302 4764 qui
3332 4692 3640 4750 diademate

2039 4782 2479 4847 redimiebantur,
2511 4798 2736 4853 corpora
2762 4800 2862 4838 sua
2895 4784 3129 4854 sepeliri,
3170 4794 3327 4857 atque
3346 4787 3425 4841 ita
3463 4789 3637 4858 impe-

2036 4883 2241 4929 ratores
2263 4875 2595 4943 piscatorum
2623 4876 2835 4930 ostiarii
2878 4876 3011 4947 facti
3057 4884 3222 4933 sunt:
3267 4880 3345 4933 sic
3391 4880 3447 4934 in
3486 4881 3639 4935 obitu

2042 4966 2141 5021 hoc
2173 4983 2277 5021 non
2303 4966 2573 5033 dedecori,
2616 4968 2709 5022 sed
2741 4968 2931 5023 honori
2982 4969 3087 5024 sibi
3141 4986 3255 5025 esse
3285 4981 3476 5041 putant
3529 4989 3634 5025 non

2037 5058 2210 5113 solum
2241 5060 2363 5129 ipsi,
2394 5060 2487 5114 sed
2519 5061 2683 5114 etiam
2704 5076 2888 5115 eorum
2914 5071 3145 5132 nepotes.
3173 5060 3304 5118 Haec
3323 5064 3415 5118 vix
3442 5072 3640 5135 puten-

2041 5160 2132 5206 tur
2192 5168 2318 5210 esse
2377 5152 2851 5224 Constantinopoli
2894 5156 3334 5212 commorantis:
3393 5165 3449 5212 et
3500 5171 3642 5213 sane

2039 5245 2159 5317 pari
2210 5245 2375 5302 modo
2408 5246 2478 5301 de
2532 5246 3014 5318 Constantinopoli
3071 5247 3336 5319 loquitur,
3394 5262 3506 5318 quo
3567 5247 3638 5303 de

2045 5338 2184 5393 urbe
2208 5337 2383 5392 Roma
2449 5338 2616 5408 paulo
2669 5347 2798 5394 ante
2832 5340 2997 5395 verba
3048 5338 3272 5398 fecerat.
3331 5339 3638 5396 Antiochiae

2036 5429 2208 5498 igitur
2241 5427 2299 5484 S.
2339 5430 2620 5486 doctorem
2658 5432 2802 5487 hanc
2831 5432 3145 5504 suscepisse
3165 5446 3391 5503 operam
3419 5440 3635 5487 certum

2038 5521 2270 5578 videtur.
2305 5521 2445 5580 Huic
2475 5539 2588 5578 non
2635 5522 2955 5579 inferiorem
2987 5525 3247 5594 temporis
3284 5532 3469 5579 notam
3500 5539 3636 5595 sup-

2038 5615 2245 5697 peditat
2273 5616 2705 5688 Chrysostomus
2730 5616 2898 5686 paulo
2929 5627 3057 5671 ante
3086 5618 3247 5671 tinem
3284 5617 3488 5686 operis,
3537 5616 3634 5671 ubi

2040 5715 2330 5778 postquam
2354 5723 2421 5763 ex
2443 5706 2651 5764 Veteris
2668 5707 3006 5763 Testamenti
3037 5709 3171 5764 locis
3192 5708 3424 5779 carptim
3453 5707 3635 5763 allatis

2039 5797 2315 5869 probavit,
2351 5800 2406 5854 in
2438 5799 2676 5855 adventu
2707 5799 2910 5856 Christi
2940 5800 3316 5871 ahmgandum
3356 5813 3480 5856 esse
3509 5799 3633 5853 cul-

2037 5899 2153 5945 tum
2184 5889 2496 5958 Iudaicum,
2522 5891 2640 5947 hmc
2675 5891 2861 5962 adjicit
2892 5909 2908 5946 :
2944 5891 3105 5947 Ἀλλὰ
3132 5891 3306 5948 ταῦτα
3329 5890 3433 5964 μὲν
3462 5890 3639 5962 ἡνίκα
