3918 6452
420 451 518 508 8H

414 569 625 639 οἴχεται
648 566 742 620 καὶ
768 566 985 638 διαρρεῖ
1016 568 1111 622 καὶ
1140 567 1292 641 [556]
1322 568 1641 624 ἀπόλλυται.
1669 568 2001 639 Βουλόμενος

414 649 601 703 τοίνυν
639 647 808 713 δεῖξαι
848 651 876 701 ὁ
916 652 1170 722 Χριστὸς,
1206 653 1288 705 ὅτι
1317 653 1426 707 τῶν
1455 653 1827 723 προνοούντων
1862 653 1997 717 ἐστὶ,

417 734 512 786 καὶ
538 733 659 804 οὐχὶ
705 733 815 786 τῶν
844 736 1276 806 προνοουμένων,
1316 736 1424 788 τῶν
1458 736 1846 808 ἐνεργούντων,
1880 736 2002 806 οὐχὶ

415 815 525 869 τῶν
549 817 979 888 ἐνεργουμένων,
1007 813 1179 883 εἶπεν,
1221 819 1283 872 '0
1310 818 1510 888 Πατήρ
1530 838 1651 888 μου
1680 818 1997 889 ἐργάζεται,

416 895 584 968 κάγὼ
610 898 945 970 ἐργάζομαιο
982 901 1045 955 τὸ
1097 902 1236 975 πρὸς
1281 904 1371 957 τὸν
1424 903 1645 975 Πατέρα
1700 904 2000 958 ἰσοστάσιον

414 980 679 1047 ἐπιδεῖξαι
708 981 1048 1054 βουλόμενος.

487 1241 550 1288 ε’.
585 1235 772 1290 Ταῦτα
802 1236 859 1291 δέ
902 1239 1201 1312 μέμνησθε,
1230 1240 1325 1295 καὶ
1350 1240 1646 1311 φυλάττετε
1679 1240 1817 1311 μετά
1840 1241 2000 1312 ἀκρι-

416 1317 570 1382 ϐείας
602 1319 841 1392 ἀπάσης,
876 1324 971 1377 καὶ
1006 1325 1105 1395 τὴν
1128 1326 1235 1378 ἀπὸ
1254 1326 1354 1395 τῆς
1380 1324 1657 1387 πολιτείας
1684 1323 2000 1394 φιλοσοφίαν

414 1404 480 1474 τῇ
502 1402 611 1475 τῶν
636 1403 923 1476 δογμάτων
949 1407 1200 1480 ὀρθότητι
1228 1409 1603 1478 συνυφαίνετηε·
1636 1408 1665 1461 ὃ
1689 1407 1784 1462 καὶ
1809 1408 2001 1480 πρῴην

415 1487 790 1557 παρεκάλεσα,
827 1490 923 1544 καὶ
947 1490 1042 1545 νῦν
1073 1491 1399 1564 παρακαλῶ,
1439 1493 1534 1548 καὶ
1573 1492 1908 1565 παρακαλῶν
1935 1494 1998 1547 οὐ

415 1571 726 1643 παύσομαι·
754 1574 1027 1629 πολιτείαν
1055 1575 1113 1628 δὲ
1141 1577 1236 1630 καὶ
1273 1576 1587 1647 φιλοσοφίαν
1619 1577 1769 1631 οὐδὲν
1803 1576 1998 1644 οὕτως,

415 1653 542 1726 ὼςή
571 1655 804 1711 ἐνταῦθα
826 1661 972 1712 ποιεῖ
987 1658 1257 1732 διατριϐή.
1276 1660 1544 1733 Καθάπερ
1572 1661 1681 1733 γὰρ
1708 1663 1741 1732 ἡ
1770 1679 2001 1733 χερσου-

418 1737 556 1809 μένη
588 1739 682 1809 γῆ,
720 1740 923 1811 μηδένα
952 1741 1043 1796 τὸν
1074 1743 1371 1816 ἀρδεύοντα
1397 1745 1615 1815 ἔχουσα,
1637 1745 1798 1815 γέμει
1826 1746 1998 1798 ἀκαν-

416 1819 525 1874 θῶν
546 1823 640 1876 καὶ
665 1823 952 1894 τριϐόλων,
981 1827 1014 1896 ἡ
1054 1827 1112 1882 δέ
1143 1828 1465 1899 γεωργικῶν
1509 1827 1860 1882 ἀπολαύουσα
1887 1844 2001 1898 χει-

414 1902 527 1975 ρῶν
559 1905 757 1978 τέθηλε
805 1909 900 1961 καὶ
944 1912 1090 1982 κομᾷ
1125 1913 1220 1965 καὶ
1251 1912 1387 1967 πολὺ
1427 1911 1611 1983 βρύει⁸
1643 1911 1721 1984 τῷ
1761 1912 1959 1984 καρπῷ
1982 1930 1998 1945 °

412 1986 557 2051 οὕτω
589 1988 653 2061 δὴ
701 1990 799 2043 καλ⁵
840 1992 874 2063 ή
916 1991 1086 2065 ψυχὴ,
1115 1996 1149 2065 ή
1197 1994 1297 2066 μὲν
1314 1995 1427 2066 ,τῆς
1454 1994 1676 2067 ἀρδείας
1703 1994 1811 2049 τῶν
1844 1994 2004 2050 θείων

411 2071 764 2127 ἀπολαύουσα
790 2073 1008 2144 λογίων,
1033 2077 1230 2149 τέθηλε
1265 2078 1360 2132 καὶ
1383 2080 1532 2151 κομᾷ
1560 2079 1656 2133 καὶ
1681 2078 1815 2133 πολύ
1849 2077 2002 2151 βρύει

410 2154 494 2226 τῷ
524 2156 720 2228 καρπῷ
747 2156 844 2211 τοῦ
883 2159 1201 2231 Πνεύματος
1221 2178 1234 2193 ⁸
1264 2163 1298 2233 ή
1325 2162 1382 2215 δέ
1407 2163 1465 2214 ἐν
1492 2162 1691 2234 αὐχμῷ
1734 2163 1830 2216 καὶ
1861 2165 2002 2233 ἀμε-

411 2236 536 2311 λείᾳ
577 2240 673 2294 καὶ
721 2241 914 2296 σπάνει
958 2246 1059 2315 τῆς
1099 2244 1359 2316 τοιαύτης
1400 2244 1620 2316 ἀρδείας
1677 2246 2003 2302 καθεστῶσα

412 2323 717 2394 ἐρημοῦται
739 2327 834 2380 καὶ¹
856 2326 1115 2399 ὑλομανεῖ
1144 2328 1238 2382 καὶ¹
1264 2328 1508 2392 ἀκάνθας
1533 2330 1756 2402 ἐκφέρει
1777 2329 2001 2396 πολλὰς,

409 2406 515 2476 τῆς
543 2407 816 2479 ἁμαρτίας
836 2410 935 2482 τὴν
964 2409 1147 2479 φύσιν.
1178 2411 1349 2466 Ἔνθα
1371 2412 1428 2466 δὲ
1454 2411 1709 2476 ἄκανθαι,
1738 2415 1855 2468 ἐκεῖ
1875 2414 2006 2487 δρά-

332 2528 343 2531 »
411 2506 603 2555 κοντες
623 2492 715 2546 καὶ
737 2491 889 2562 ὄφεις
911 2493 1006 2547 καὶ
1028 2495 1278 2566 σκορπίοι
1307 2495 1403 2548 καὶ
1426 2497 1576 2551 πᾶσα
1602 2498 1635 2565 ή
1658 2495 1887 2569 δύναμις
1908 2497 2003 2552 τοῦ

410 2572 682 2630 διαϐόλου.
721 2576 832 2629 Καὶ
868 2578 917 2630 εἱ
948 2578 1198 2641 ἀπιστεῖς
1226 2577 1305 2649 τῷ
1331 2578 1496 2651 λόγῳ,
1529 2579 1683 2653 φέρε,
1710 2583 1835 2645 τοὺς
1864 2581 2005 2636 ἀπο-

330 2722 333 2727 ,
409 2654 731 2725 λειφθέντας
762 2659 859 2713 καὶ
880 2660 1031 2732 ἡμᾶς
1051 2661 1485 2734 παραϐάλωμεν,
1518 2665 1615 2717 καὶ
1653 2663 1852 2735 ὄψεσθε
1881 2666 2004 2721 τότε

411 2739 556 2794 πολύ
589 2741 651 2795 τὸ
671 2743 835 2813 μέσον
855 2760 868 2774 ο
903 2742 1104 2814 μᾶλλον
1143 2743 1200 2798 δέ
1224 2746 1386 2817 ἡμεῖς
1409 2747 1557 2818 ἡμᾶς
1587 2748 1785 2813 αὐτοὺς
1814 2749 2005 2813 ἐξετά-

412 2839 622 2895 σωμεν,
649 2824 793 2889 τίνες
820 2826 919 2897 μέν
948 2828 1122 2897 ἐσμεν
1157 2827 1312 2894 θείας
1354 2829 1720 2897 ἀπολαύοντες
1746 2833 2005 2891 διδασκα-

409 2903 555 2987 λίας,
581 2906 724 2973 τίνες
745 2908 801 2961 δέ
833 2910 927 2963 ἐπὶ
952 2908 1135 2965 πλεῖον
1160 2908 1367 2983 ταύτης
1395 2912 1868 2985 ἀποστερούμενοι
1901 2916 2006 2987 τῆς

412 2986 682 3057 ὡφελείας
714 2992 1078 3065 τυγχάνομεν.
1116 2994 1210 3067 Μὴ
1258 2994 1442 3051 τοίνυν
1482 2998 1771 3069 προδῶμεν
1813 2999 2005 3071 κέρδος

410 3072 688 3129 τοσοῦτον.
730 3076 796 3130 Ἦ
840 3077 948 3150 γὰρ
993 3079 1230 3133 ἐνταῦθα
1261 3079 1513 3153 διατριϐὴ
1546 3082 1766 3136 πάντων
1809 3081 2007 3137 ὑπόθε-

415 3155 503 3219 σίς
539 3158 657 3211 ἐστι
687 3158 798 3213 τῶν
828 3161 1080 3229 ἀγαθῶν
1121 3163 1374 3218 ἐντεῦθεν
1407 3164 1707 3239 ἀναχωρῶν
1736 3168 1833 3220 καὶ
1864 3165 2005 3238 ἀνὴρ

412 3240 641 3309 γυναικὶ
669 3246 916 3311 φανεῖται
956 3246 1304 3319 τιμιώτερος,
1337 3248 1432 3302 καὶ
1462 3249 1600 3321 γυνὴ
1633 3250 1790 3322 ἀνδρὶ
1823 3250 2006 3305 ποθει-

420 3322 633 3396 νοτέρα.
675 3326 917 3383 Γυναῖκα
942 3328 1055 3401 γὰρ
1087 3331 1391 3402 ἐπέραστον
1421 3332 1523 3388 οὐκ
1550 3333 1825 3405 εὐμορφία
1859 3335 2006 3390 ποιεῖ

499 3625 516 3644 ’
534 3616 661 3681 Reg.
686 3620 768 3668 καὶ
788 3620 952 3684 πολλῷ
977 3619 1125 3684 βρύει,
1155 3625 1209 3670 et
1228 3620 1352 3670 infra
1384 3620 1635 3673 similiter.

463 3775 632 3787 -—..

459 3790 544 3809 ..ι-

1169 453 1261 511 DE
1299 453 1580 512 CHRISTI
1621 450 2039 514 DIVINITATE,
2083 450 2365 507 CONTRA
2402 446 2790 507 ANOMCEOS:
2820 445 2938 503 XII.

3585 439 3692 498 812

2113 564 2387 638 σώματος,
2423 566 2560 621 ἀλλὰ
2582 566 2760 637 ψυχῆς
2789 560 2982 635 ἁρετὴ,
3014 558 3113 613 οὐκ
3138 555 3515 630 ἐπιτρίμματα
3550 557 3643 610 καὶ
3664 558 3691 596 δ

2108 649 2445 722 ὑπογραφαὶ,
2478 650 2600 703 οὐδὲ
2630 646 2853 720 χρυσίον
2887 643 2982 698 καὶ
3014 642 3203 714 ἱμάτια
3235 638 3527 709 πολυτελῆ,
3556 638 3694 722 ἀλλά

2111 721 2433 805 σωφροσύνη
2472 733 2567 786 καὶ
2593 730 2866 785 ἐπιείκεια
2890 729 2984 781 καὶ
3008 726 3169 796 φόϐος
3193 722 3533 805 ἐρειδόμενος
3555 721 3695 805 προς

2108 813 2263 869 Θεόν.
2301 816 2412 869 Καὶ⁸
2438 816 2511 870 ,τὸ
2547 814 2737 885 νοητὸν
2770 812 2967 876 κάλλος
2993 810 3094 864 οὐκ
3119 808 3268 862 ἐστιν
3293 804 3525 876 ἀλλαχοῦ
3555 804 3695 874 πρὶς

2111 897 2399 970 ἀκρίϐειαν
2433 898 2763 970 ἀσκηθῆναι,
2809 895 2924 950 ἀλλ’
2974 894 3007 966 ἢ
3056 895 3114 946 ἐν
3143 890 3220 963 τῷ
3265 887 3563 961 θαυμαστῷ
3596 887 3696 941 καὶ

2108 979 2238 1051 θείῳ
2265 981 2439 1053 τούτῳ
2467 981 2670 1053 χωρίῳ,
2704 980 2814 1034 τῶν
2859 976 3196 1043 ἀποστόλων,
3234 973 3342 1027 τῶν
3394 970 3695 1044 προφητῶν

2109 1064 2579 1136 ἀποσμηχόντων,
2648 1062 3127 1127 καλλωπιζόντων,
3183 1056 3530 1122 ἀποξυόντων
3591 1053 3694 1123 τῆς

2107 1148 2382 1219 ἁμαρτίας
2431 1149 2492 1202 τὸ
2532 1149 2732 1221 γῆρας,
2784 1145 3102 1215 ἐπαγόντων
3144 1142 3247 1213 τῆς
3293 1140 3546 1209 νεότητος
3594 1136 3694 1221 τὴν

2107 1232 2313 1303 ἀκμὴν,
2369 1234 2553 1286 πᾶσαν
2603 1231 2818 1303 κηλῖδα,
2875 1229 3056 1283 πᾶσαν
3110 1225 3319 1301 ῥυτίδα,
3353 1225 3461 1277 πᾶν
3506 1220 3692 1274 σπῖλον

2107 1314 2479 1371 ἐκϐαλλόντων
2511 1314 2609 1387 τῆς
2636 1314 2816 1386 ψυχῆς
2848 1312 2949 1383 τῆς
2980 1308 3275 1382 ἡμετέρας.
3312 1305 3487 1360 Τοῦτο
3510 1305 3691 1358 τοίνυν

2106 1402 2200 1454 καὶ
2220 1400 2411 1471 ἄνδρες
2434 1400 2530 1454 καὶ
2554 1402 2812 1469 γυναῖκες
2842 1396 3233 1466 σπουδάσωμεν
3262 1394 3471 1454 ἑαυτοῖς
3493 1391 3691 1458 ἐγκατ-

2106 1483 2309 1537 οικίσαι
2348 1484 2410 1537 τὸ
2438 1483 2652 1548 κάλλος.
2692 1482 2767 1536 Τὸ
2811 1481 2910 1552 μὲν
2933 1479 3042 1550 γὰρ
3071 1474 3165 1531 τοῦ
3198 1475 3450 1547 σώματος
3482 1474 3577 1526 καὶ
3602 1471 3689 1526 νό-

2108 1586 2200 1631 σος
2235 1567 2503 1641 ἐμάρανε,
2544 1568 2638 1621 καὶ
2665 1565 2872 1636 πλῆθος
2902 1564 3095 1636 χρόνου
3130 1560 3425 1632 διέφθειρε,
3460 1557 3557 1612 καὶ
3587 1556 3693 1641 γῆξ

2110 1670 2209 1723 ρας
2228 1639 2444 1719 ἔσϐεσε,
2476 1653 2572 1707 καὶ
2595 1652 2827 1714 θάνατος
2855 1646 3332 1716 ἐπελθὼνξάνεῖλεν
3352 1643 3502 1698 ἅπαν
3517 1658 3532 1672 ’
3555 1640 3617 1695 τὸ
3635 1639 3693 1693 δέ

2104 1736 2206 1807 τῆς
2226 1736 2404 1808 ψυχῆς
2428 1736 2487 1789 οὐ
2511 1736 2723 1807 χρόνος,
2750 1734 2812 1788 οὐ
2832 1732 3010 1797 νόσος,
3036 1731 3095 1783 οὐ
3124 1731 3324 1800 γῆρας,
3358 1728 3419 1781 οὗ
3442 1726 3691 1788 θάνατος,

2105 1821 2206 1873 οὐκ
2238 1819 2367 1875 ἄλλο
2406 1819 2559 1873 οὐδὲν
2605 1818 2716 1871 τῶν
2756 1816 3017 1870 τοιούτων
3063 1811 3411 1884 λυμήνασθαι
3443 1809 3691 1871 δύναται,

2104 1903 2242 1956 ἀλλά
2269 1902 2421 1974 μένει
2444 1902 2710 1975 διηνεκῶς
2732 1900 2950 1955 ἀνθοῦν.
2975 1900 3086 1953 Καὶ
3108 1898 3171 1951 τὺ
3195 1897 3294 1967 μὲν
3317 1895 3413 1950 τοῦ
3440 1893 3693 1964 σώματος

2103 1988 2231 2050 τοὺς
2262 1984 2507 2058 ὁρῶντας
2530 1989 2609 2050 είς
2640 1986 2939 2040 ἀκολασίαν
2970 1982 3282 2037 ἐκκαλεῖται
3310 1978 3591 2042 πολλάκις,
3630 1975 3694 2029 τὸ

2103 2069 2159 2121 δὲ
2188 2068 2291 2138 τῆς
2323 2069 2506 2140 ψυχῆς
2544 2068 2740 2133 κάλλος
2768 2069 2933 2125 αὐτὸν
2964 2068 3055 2121 τὸν
3078 2064 3210 2118 Θεὸν
3233 2062 3367 2136 πρὸς
3391 2061 3483 2114 τὸν
3515 2059 3695 2140 ἔρωτα

2104 2139 2410 2207 ἐπισπᾶται
2424 2139 2514 2206 tu;
2530 2154 2728 2207 οίκεῖον
2747 2170 2760 2182 ·
2783 2151 3037 2222 καθάπερ
3061 2148 3157 2203 καὶ
3177 2149 3206 2201 ό
3224 2145 3518 2218 Προφήτης
3537 2139 3693 2211 φησὶ,

2103 2237 2242 2307 πρὸς
2272 2236 2369 2307 τὴν
2412 2235 2740 2297 Ἐκκλησίαν
2776 2234 3155 2304 διαλεγόμενος
3174 2247 3189 2262 ⁸
3230 2232 3556 2290 Ἄκουσον,
3588 2226 3695 2280 θύ-

2103 2334 2300 2388 γατερ,
2334 2319 2436 2373 καί
2471 2319 2581 2385 ἴδε,
2611 2318 2711 2374 καὶ
2740 2316 2895 2391 [557]
2927 2317 3142 2372 κλῖνον
3166 2314 3233 2368 τὸ
3275 2307 3385 2378 οὖς
3423 2325 3561 2374 σου,
3592 2308 3694 2362 καὶ

2103 2402 2391 2458 ἐπιλάθου
2420 2402 2528 2456 τοῦ
2547 2402 2704 2457 ,λαοῦ
2726 2416 2869 2467 σου,
2897 2400 2996 2455 καὶ
3020 2398 3127 2454 τοῦ
3150 2397 3322 2452 οἴκου
3339 2393 3446 2450 τοῦ
3469 2392 3696 2460 πατρός

2103 2503 2241 2552 σου,
2291 2485 2391 2541 καὶ
2437 2484 2798 2555 ἐπιθυμήσει
2849 2486 2883 2538 ό
2914 2480 3220 2549 ,βασιλεὺς
3268 2478 3376 2533 τοῦ
3426 2475 3698 2555 κάλλους

2103 2588 2243 2625 σου.
2272 2570 2395 2624 Ἵνα
2437 2565 2551 2634 οὖν,
2599 2554 2896 2639 ἀγαπητοὶ,
2938 2564 3229 2636 γενώμεθα
3257 2563 3401 2633 φίλοι
3441 2560 3521 2632 τῷ
3553 2554 3695 2631 Θεῷ,

2101 2653 2262 2707 τοῦτο
2288 2653 2412 2708 καθ’
2443 2653 2681 2724 ἑκάστην
2703 2653 2918 2725 ἡμέραν
2953 2648 3272 2720 ἐξασκῶμεν
3293 2647 3354 2701 τὸ
3380 2644 3604 2709 κάλλος,
3629 2646 3696 2714 τῇ

2102 2738 2211 2793 τῶν
2242 2738 2477 2809 Γραφῶν
2499 2736 2806 2807 ἀναγνώσει
2825 2737 3009 2790 πᾶσαν
3030 2735 3225 2806 κηλῖδα
3256 2730 3696 2801 ἀποσμὴχοντες,

2102 2825 2224 2886 ταῖς
2254 2823 2467 2894 εὐχαῖς,
2500 2824 2624 2885 ταῖς
2666 2820 3083 2893 ἐλεημοσύναις,
3134 2820 3198 2889 τῇ
3249 2815 3383 2888 πρὸς
3432 2812 3699 2883 ἀλλήλους

2105 2906 2328 2977 ὁμονοίᾳ
2345 2923 2359 2936 ·
2398 2906 2486 2959 ἵνα
2520 2906 2548 2958 ὁ
2579 2905 2836 2975 βασιλεὺς
2858 2902 3114 2975 ἐρασθεὶς
3133 2901 3290 2973 ἡμῶν
3314 2899 3412 2971 τῆς
3433 2896 3578 2952 κατὰ
3601 2894 3700 2966 τὴν

2111 2990 2290 3062 ψυχὴν
2330 2989 2661 3061 εὐμορφίας,
2688 2989 2788 3060 τῆς
2819 2987 3100 3059 βασιλείας
3135 2985 3244 3039 τῶν
3268 2982 3514 3054 οὐρανῶν
3549 2980 3700 3052 ἡμᾶς

2110 3072 2449 3146 καταξιώσῃ·
2470 3069 2539 3145 ἧς
2564 3073 2774 3142 γένοιτο
2794 3072 3006 3136 πάντας
3031 3072 3179 3143 ἡμᾶς
3198 3071 3498 3141 ἐπιτυχεῖν,
3515 3068 3701 3138 χάριτι

2111 3158 2205 3211 καὶ
2241 3156 2623 3228 φιλανθρωπίᾳ
2660 3154 2756 3208 τοῦ
2787 3155 2995 3227 Κυρίου
3028 3152 3187 3225 ἡμῶν
3228 3151 3404 3223 Ἰησοῦ
3435 3149 3700 3223 Χριστοῦ,

2113 3240 2233 3313 μεθ’
2267 3234 2328 3295 οὗ
2366 3238 2444 3309 τῷ
2474 3239 2652 3311 Πατρλ⁵
2684 3237 2810 3303 δόξα
2839 3238 2957 3308 ἅμα
2986 3235 3064 3307 τῷ
3106 3235 3246 3306 ἁγίῳ
3270 3233 3573 3304 Πνεύματι,
3606 3232 3703 3289 νῦν

2112 3325 2209 3379 καὶ
2236 3324 2345 3394 ἀεὶ,
2369 3322 2466 3379 καὶ
2500 3325 2580 3386 είς
2608 3322 2736 3386 τοὺς
2778 3320 2985 3386 αἰῶνας
3020 3319 3131 3374 τῶν
3158 3316 3392 3375 αἰώνων.
3432 3319 3628 3390 Ἀμήν.

2172 3502 2202 3542 b
2223 3500 2371 3551 SaVil.
2396 3504 2448 3553 in
2475 3505 2617 3551 textu
2642 3505 2694 3549 et
2714 3500 2839 3560 Reg.
2875 3497 2963 3547 οὐκ
2986 3497 3051 3547 ἔνι
3076 3494 3332 3561 γράμματα
3354 3494 3453 3553 καὶ,
3477 3492 3629 3542 Savil.
3648 3491 3702 3561 in

2111 3577 2265 3627 marg.
2291 3564 2381 3612 οὐκ
2413 3563 2731 3627 ἐπιτρίμμριςτα
2765 3558 2864 3627 καὶ,
2889 3574 3001 3622 quae
3045 3558 3292 3621 posterior
3314 3558 3465 3606 lectio
3487 3566 3622 3614 vera,
3649 3559 3705 3604 et

2111 3622 2299 3686 legitur
2318 3627 2466 3677 etiam
2488 3622 2616 3687 apud
2636 3622 2811 3674 Morel.

549 3760 3675 3805 mm

1872 3946 2278 4008 MONITUM.

429 4163 502 4220 ἂν
540 4162 679 4236 πρὸς
713 4162 999 4228 Ἰουδαίους
1045 4162 1314 4234 λέγωμεν,
1347 4163 1681 4236 σαφέστερον
1725 4162 1819 4217 καὶ
1857 4162 2021 4233 εὐρύ-

425 4272 591 4327 τερον
646 4253 1055 4326 ἀναπτύξομεν.
1126 4252 1316 4310 Verum
1367 4254 1499 4321 haec,
1563 4255 1779 4325 quando
1833 4264 2022 4310 contra

425 4345 650 4401 Iudaeos
677 4346 935 4413 dicemus,
959 4344 1159 4401 clarius
1192 4355 1241 4401 et
1290 4346 1460 4416 fusius
1488 4345 1891 4417 explicabimus.
1924 4344 2022 4403 His

425 4452 596 4508 porro
626 4437 808 4493 verbis
839 4445 1132 4507 sequentes
1162 4445 1355 4492 contra
1382 4436 1600 4494 Judasos
1630 4437 1890 4493 homilias
1932 4438 2019 4492 in-

391 4542 397 4551 “
428 4529 618 4585 dicare
643 4545 874 4601 prorsus
898 4529 1138 4585 videtur.
1168 4528 1308 4584 Nam
1337 4530 1415 4585 ibi
1441 4544 1509 4584 ex
1544 4529 1939 4600 prophetarum
1965 4539 2021 4585 et

435 4617 649 4676 Veteris
690 4619 1027 4675 Testamenti
1070 4621 1399 4676 auctoritate
1442 4620 1692 4689 pluribus
1730 4634 2018 4673 common-

430 4721 573 4768 strat
629 4713 931 4768 tollendum
1005 4712 1491 4783 abrogandumque
1545 4720 1670 4783 post
1726 4713 2017 4767 adventum

427 4804 636 4859 Christi
659 4819 785 4861 esse
814 4804 1024 4861 cultum
1062 4802 1374 4860 Judaicum.
1407 4805 1545 4860 Cum
1591 4814 1771 4859 autem
1807 4819 1917 4859 non
1962 4804 2019 4859 in

432 4896 608 4951 tribus
641 4896 922 4966 prioribus
952 4905 1139 4951 contra
1168 4895 1387 4953 Iudaeos
1416 4897 1675 4961 homiliis,
1707 4912 1830 4967 quae
1873 4911 2020 4952 anno

433 4986 539 5041 586
575 4989 776 5043 habitas
807 4997 958 5055 sunt,
993 4987 1089 5043 sed
1132 4988 1187 5043 in
1216 4990 1461 5060 quinque
1491 4988 1893 5060 posterioribus
1923 5002 2022 5058 po-

427 5082 729 5150 tissimum,
762 5099 901 5153 quas
961 5083 1157 5139 habuit
1187 5082 1624 5155 Chrysostdmus
1685 5096 1833 5136 anno
1881 5079 2017 5147 387,

429 5190 620 5232 mense
644 5177 866 5231 circiter
890 5175 1223 5247 Septembri,
1249 5176 1572 5246 abrogatum
1602 5174 1774 5230 fuisse
1811 5158 2018 5229 cultum

425 5265 724 5323 Judaicum
759 5270 949 5324 multis
1007 5268 1347 5340 argumentis
1402 5269 1575 5337 probe
1613 5278 1776 5337 atque
1807 5267 2021 5321 erudite

404 5363 806 5419 demonstret:
844 5363 975 5418 hinc
1031 5363 1283 5432 sequitur
1336 5362 1484 5417 hunc
1509 5376 1606 5417 seu
1671 5360 1874 5415 librum
1904 5374 2019 5433 seu

424 5470 775 5527 sermonem,
835 5457 929 5513 ubi
992 5457 1045 5512 id
1082 5471 1142 5512 se
1188 5456 1460 5512 facturum
1516 5453 1828 5525 pollicetur,
1889 5460 2016 5509 ante

425 5561 671 5602 mensem
706 5545 1085 5618 Septembrem
1118 5544 1221 5600 587
1254 5545 1580 5599 adornatum
1618 5542 1810 5596 fuisse.

498 5638 582 5694 An
615 5655 787 5712 porro
846 5640 1134 5695 concionis
1186 5652 1342 5694 more
1398 5637 1546 5692 hunc
1601 5649 1907 5692 sermonem
1944 5632 2011 5687 ad

426 5733 690 5804 populum
751 5732 1027 5798 habuerit,
1085 5748 1155 5787 an
1192 5732 1479 5801 scripserit
1540 5729 1854 5799 legendum,
1909 5740 2011 5781 nec

424 5827 672 5880 Orator-io
705 5841 859 5880 more
884 5825 1252 5891 recitandum,
1285 5840 1394 5878 non
1424 5823 1498 5878 ita
1530 5820 1686 5876 facile
1719 5826 1805 5873 est
1843 5831 2014 5887 augu-

364 5914 371 5921 ’
429 5924 565 5978 rari.
587 5920 741 5977 Licet
763 5921 911 5977 enim
934 5920 1095 5977 initio
1121 5922 1175 5976 in
1203 5922 1516 5977 auditorum
1543 5919 1770 5990 cujusve
1797 5914 2012 5987 generis

427 6021 483 6065 ct
510 6010 841 6067 conditionis
874 6010 1225 6068 commodum
1255 6028 1311 6066 se
1346 6009 1596 6066 brevitati
1632 6005 1854 6066 studere
1881 6018 2009 6076 pro-

2126 4156 2346 4210 ﬁteatur
2376 4175 2389 4211 :
2427 4164 2666 4211 attamen
2702 4157 2818 4212 haec
2843 4170 3123 4226 nunquam
3158 4154 3521 4210 concionalus
3542 4154 3714 4211 fuisse

2123 4249 2361 4304 videtur.
2397 4247 2454 4302 Si
2478 4248 2625 4302 enim
2659 4249 3019 4307 concinnatus
3047 4257 3215 4315 esset,
3250 4247 3532 4303 homiliam
3566 4256 3714 4303 certe

2122 4342 2500 4413 prolixiorem,
2526 4358 2690 4413 quam
2714 4352 2776 4397 ut
2805 4351 2990 4413 posset
3019 4358 3129 4397 una
3160 4342 3281 4397 vice
3315 4349 3426 4396 tota
3448 4341 3709 4411 persolvi,

2121 4435 2308 4505 plures
2329 4435 2383 4491 in
2409 4445 2595 4506 partes
2628 4436 2927 4504 divisisset,
2963 4445 3024 4491 ut
3051 4436 3189 4491 alias
3214 4450 3326 4491 non
3364 4435 3532 4493 semel
3558 4435 3708 4492 fecit.

2122 4528 2190 4582 Et
2241 4529 2488 4599 alioquin
2524 4538 3013 4601 quantumcunque
3048 4530 3264 4602 prolixa
3302 4530 3394 4595 sit,
3412 4546 3537 4585 ~non
3573 4530 3713 4585 intc-

2121 4634 2220 4690 gra
2249 4629 2434 4675 tamen
2473 4630 2601 4676 est:
2632 4629 2956 4692 certumque
3005 4622 3224 4678 videtur
3281 4638 3536 4694 magnam
3588 4622 3712 4694 ejus

2120 4720 2333 4782 partem
2373 4714 2430 4767 in
2459 4712 2566 4768 line
2605 4714 2930 4771 desiderari.
2958 4714 3052 4769 Sic
3083 4730 3215 4770 vero
3240 4715 3486 4770 mutilam
3521 4715 3714 4771 habuit

2120 4812 2280 4859 vetus
2315 4804 2612 4875 interpres,
2655 4806 2737 4861 sic
2794 4806 2950 4877 prius
3008 4805 3160 4873 editi,
3206 4806 3289 4862 sic
3326 4805 3493 4861 habet
3544 4806 3711 4861 etiam

2120 4897 2308 4953 Codex
2344 4898 2734 4956 Colbcrtinus:
2778 4901 2923 4956 unde
2954 4898 3187 4956 fortasse
3219 4899 3449 4955 dubium
3477 4900 3710 4966 oriatur,

2122 4992 2466 5063 integramne
2510 4992 2664 5067 [558]
2697 5010 2939 5065 unquam
2989 4993 3224 5050 ediderit
3256 4993 3707 5064 Chrysostomus.

2124 5084 2310 5157 Stylus
2342 5087 2640 5143 admodum
2666 5087 2958 5153 redundat,
2990 5085 3233 5142 maxime
3263 5093 3444 5140 autem
3472 5100 3504 5139 a
3527 5084 3711 5139 medio

2126 5181 2192 5233 ad
2220 5179 2387 5234 ﬁnem
2421 5197 2436 5234 :
2477 5181 2670 5235 eodem
2702 5180 2895 5235 orandi
2925 5195 3125 5251 genere
3159 5178 3399 5249 scriptus
3423 5193 3535 5249 quo
3563 5179 3707 5236 liber

2120 5281 2306 5324 contra
2338 5283 2515 5342 gentes
2546 5281 2602 5326 et
2631 5274 2684 5326 in
2717 5270 2776 5327 S.
2797 5271 3086 5342 Babylam,
3118 5271 3319 5327 concio
3354 5272 3595 5328 secunda
3644 5273 3707 5328 in

2120 5358 2463 5430 Eutropium,
2510 5362 2736 5416 homilia
2771 5361 2850 5416 De
2909 5362 3271 5427 anathemate,
3322 5361 3564 5417 homilia:
3609 5362 3709 5418 ali-

2123 5462 2258 5522 quot
2295 5453 2372 5509 De
2405 5456 2732 5525 paenitentia,
2766 5470 2888 5523 qua:
2917 5471 3028 5510 non
3078 5465 3208 5511 sunt
3236 5455 3483 5526 ejusdem
3541 5465 3711 5526 atque

2122 5556 2322 5602 caetera
2351 5562 2517 5617 opera
2565 5548 2873 5619 elegantiae,
2908 5548 3036 5618 quia
3077 5546 3331 5609 fortassis
3359 5564 3425 5603 ex
3456 5556 3713 5615 tempore

2121 5639 2351 5707 scripta.
2388 5637 2496 5695 Par
2565 5640 2810 5710 suspicio
2846 5641 3095 5696 nascitur
3133 5641 3282 5696 hunc
3340 5640 3471 5696 item
3501 5639 3707 5703 librum

2120 5745 2229 5786 non
2267 5730 2440 5788 fuisse
2471 5733 2729 5789 secundis
2756 5733 2908 5789 euris
2931 5732 3252 5802 expolitum.

2187 5822 2708 5893 lnterpretationem
2745 5824 2941 5880 incerti
2973 5825 3221 5881 auctoris
3269 5839 3393 5895 quae
3424 5824 3480 5879 in
3539 5824 3710 5887 editis

2120 5924 2249 5970 ante
2272 5914 2577 5987 legebatur,
2609 5924 2796 5987 utpote
2830 5932 2941 5972 non
2989 5915 3128 5974 satis
3180 5925 3522 5978 accuratam.
3558 5916 3703 5986 reje-

2120 6004 2324 6072 cimus,
2350 6022 2657 6078 novamque
2685 6007 3019 6079 paravimus.
