3920 6352
972 360 1029 415 S.
1063 358 1351 420 JOANNIS
1387 364 1874 426 CHRYSOSTOMI
1913 369 2235 428 ARCHIEP.
2281 371 2832 433 CONSTANTINOP.

3387 383 3488 439 8H

276 1311 435 1388 [558]
479 1316 636 1387 Πρός
679 1334 745 1372 τε
805 1318 1128 1386 Ἰουδαίους
1166 1321 1266 1375 καὶ
1301 1322 1608 1393 Ἕλληνας
1645 1326 1952 1395 ἀπόδειξις
1977 1367 1995 1395 ,
2069 1329 2159 1382 ὅτι
2200 1329 2331 1384 ἐστὶ
2383 1329 2530 1397 Θεὸς
2573 1333 2608 1386 ό
2683 1330 2931 1401 Χριστὸς
2958 1371 2976 1396 ,
3024 1331 3094 1387 ἐκ
3146 1331 3264 1386 τῶν
3321 1333 3484 1402 παρὰ

433 1423 444 1438 ’·
879 1415 1005 1482 τοῖς
1058 1415 1393 1488 προφήταις
1437 1423 1755 1490 πολλαχοῦ
1803 1425 1938 1494 περὶ
1987 1425 2175 1480 αὐτοῦ
2229 1425 2558 1496 εἰρημένων
2588 1439 2640 1480 ι.

311 2266 381 2316 α’.
425 2259 644 2332 Ἐπειδὴ
684 2257 867 2315 πολλοὶ
895 2258 1006 2312 τῶν
1038 2258 1364 2331 ἀνθρώπων,
1400 2262 1448 2315 οί
1487 2261 1585 2332 μὲν
1616 2259 1829 2316 οἴκοθεν

239 2343 392 2411 ὄντες
442 2345 696 2418 ῥᾴθυμοι,
747 2347 795 2399 oi
838 2344 895 2398 δέ
935 2347 1048 2408 τοῖς
1094 2343 1366 2414 βιωτικοῖς
1411 2345 1637 2410 ἑαυτοὺς
1691 2346 1830 2418 μετά

242 2429 444 2500 πολλῆς
476 2427 836 2493 ἐκδεδωκότες
867 2429 968 2500 τῆς
1002 2427 1258 2498 σπουδῆς,
1288 2429 1464 2500 ἕτεροι
1505 2429 1562 2482 δὲ
1602 2431 1694 2484 καὶ
1721 2429 1829 2484 ὑπὸ

241 2512 483 2584 ἀμαθίας
512 2511 715 2582 πολλῆς
743 2511 1120 2582 κατεχόμενοι,
1148 2511 1248 2564 οὐκ
1273 2511 1340 2566 ἂν
1368 2512 1567 2583 ῥᾳδίως
1599 2513 1830 2585 μακρῶν

241 2597 563 2666 ἀνάσχοιντο
594 2595 768 2663 λόγων
793 2634 807 2659 ,
858 2596 1155 2665 ἀναγκαῖον
1188 2592 1328 2652 εἷναι
1363 2598 1589 2667 ἐνόμισα
1631 2597 1723 2651 τὸν
1763 2599 1829 2652 ἐκ

237 2683 338 2753 τῆς
376 2679 756 2752 μακρηγορίας
797 2681 1167 2752 ύποτεμέσθαι
1201 2681 1390 2736 πόνον⁶
1424 2681 1565 2735 ὥστε
1605 2682 1700 2736 καὶ
1736 2683 1829 2737 τὸν

239 2768 398 2820 δκνον
430 2764 640 2818 ἀνελεῖν
665 2767 732 2836 τῇ
767 2763 1101 2837 βραχυλογίᾳ
1131 2766 1240 2820 τῶν
1275 2765 1554 2837 ῥᾳθύμων,
1589 2767 1684 2821 καὶ
1702 2769 1828 2833 τοὺς

242 2849 449 2920 σφόδρα
479 2847 661 2903 αὐτῶν
701 2849 1168 2913 άναπεπτωκότας
1197 2851 1337 2921 πρὸς
1366 2850 1464 2922 τὴν
1495 2850 1824 2920 ἀνάγνωσιν,

241 2937 428 2987 πεῖσαι
455 2933 554 3002 τῆς
579 2933 946 3004 προκειμένης
975 2935 1108 3004 ἡμῖν
1137 2933 1521 3004 πραγματείας
1544 2935 1682 3006 μετά
1708 2936 1830 2989 πολ-

240 3018 340 3090 λῆς
371 3016 744 3087 ἀκροάσασθαι
775 3017 876 3086 τῆς
914 3016 1236 3088 προθυμίας.
1272 3017 1373 3072 Διά
1403 3035 1485 3072 τοι
1516 3019 1676 3072 τοῦτο
1707 3019 1828 3073 οὐδὲ

241 3105 601 3170 καλλωπίζων
631 3105 838 3176 ῥήμασί
882 3122 942 3159 τε
987 3105 1080 3158 καὶ
1124 3105 1350 3176 ὀνόμασι
1377 3106 1475 3178 τὴν
1511 3107 1826 3178 ἑρμηνείαν,

240 3191 356 3244 ἀλλ’
387 3189 526 3244 αύτά
565 3188 738 3252 τιθεὶς
770 3187 840 3241 τὰ
870 3187 1111 3258 ὀνόματα
1139 3187 1345 3254 οὕτως,
1379 3189 1455 3254 ὼς
1489 3191 1584 3244 καὶ
1617 3190 1826 3262 οἰκέτῃ,

242 3276 337 3329 καὶ
362 3273 723 3346 θεραπαινίδι,
757 3272 849 3325 καὶ
867 3272 1013 3343 χήρᾳ
1046 3273 1286 3340 γυναικὶ,
1319 3275 1415 3326 καὶ
1439 3274 1702 3345 καπήλῳ,
1733 3275 1828 3328 καὶ

240 3357 412 3430 ναύτῃ
431 3399 445 3420 ,
467 3359 562 3410 καὶ
583 3355 808 3426 γηπόνῳ
839 3355 998 3426 ῥᾴδια
1029 3355 1169 3408 εἶναι
1196 3357 1290 3410 καὶ
1324 3356 1588 3428 εὔληπτα,
1623 3375 1828 3412 πανταα

240 3442 337 3515 χοῦ
371 3441 704 3512 πειράσομαι
737 3439 1012 3492 συστεῖλαι
1045 3438 1107 3491 τὸ
1149 3440 1350 3510 μῆκος,
1381 3440 1456 3503 ὡς
1489 3441 1556 3494 ἂν
1584 3443 1826 3513 ἐγχωρῇ,

240 3528 338 3582 καὶ
377 3527 443 3580 δι’
478 3524 672 3593 ὀλίγων
727 3524 828 3594 τὴν
858 3523 1204 3577 διδασκαλίαν
1240 3524 1505 3593 ποιῆσαι,
1551 3526 1834 3597 ἑκατέροις

239 3613 452 3672 τούτοις
478 3609 589 3662 τῶν
619 3608 827 3660 ὑπτίων
871 3607 1157 3679 ἀκροατῶν
1189 3607 1472 3678 διεγείρων
1521 3609 1620 3679 τὴν
1653 3609 1834 3680 δρεξιν

240 3699 322 3759 είς
349 3694 410 3748 τὸ
449 3694 649 3766 ῥᾳδίως
677 3692 772 3746 καὶ
803 3691 976 3763 χωρὶς
999 3691 1246 3762 καμάτου
1274 3693 1419 3756 τινὸς
1441 3693 1509 3746 τὰ
1538 3695 1832 3765 ὲγκείμενα

243 3779 492 3834 ἐπελθεῖν
517 3817 532 3842 ,
581 3779 676 3832 καὶ
707 3776 1084 3846 κατασχόντας
1112 3776 1207 3830 ἐπὶ
1243 3778 1464 3848 μνήμης
1497 3778 1669 3832 ταῦτα
1707 3797 1834 3852 κερ-

239 3864 416 3918 δᾶναι.
449 3862 757 3933 Ποιήσομαι
787 3860 845 3914 δέ
879 3860 971 3914 τὸν
1001 3859 1190 3927 ἀγῶνα
1219 3861 1354 3928 πρὸς
1384 3859 1649 3932 Ἕλληνας
1679 3864 1832 3932 πρῶ-

239 3966 353 4004 τον.
382 3947 446 4002 Et
472 3947 581 4019 γὰρ
609 3947 672 4018 δὴ
701 3947 849 4015 λέγοι
875 3949 904 4001 ό
939 3947 1159 4016 Ἕλλην,
1192 3945 1364 3999 Πόθεν
1392 3945 1551 4014 δῆλον
1584 3947 1667 3999 ὅτι
1701 3947 1834 4010 Θεός

241 4034 390 4087 ἐστιν
418 4033 447 4084 ὁ
476 4031 746 4103 Χριστός;
779 4030 962 4101 (τοῦτο
993 4031 1102 4101 γὰρ
1135 4030 1216 4084 δεῖ
1240 4029 1647 4100 προῦποθέσθαι
1678 4030 1833 4102 πρῶ-

240 4134 333 4170 τον
356 4156 372 4182 ,
401 4115 478 4178 ώς
500 4114 568 4168 τὰ
597 4113 732 4169 ἄλλα
765 4115 945 4169 πάντα
971 4114 1148 4185 τούτῳ
1175 4113 1436 4185 ἑπόμενα)
1466 4114 1567 4168 οὐκ
1605 4114 1700 4168 ἀπ’
1744 4115 1834 4168 οὑ-

243 4200 406 4273 ρανοῦ
457 4199 802 4271 ποιησόμεθα
846 4201 946 4271 τὴν
997 4196 1311 4262 ἀπόδειξιν,
1363 4197 1484 4250 οὐδέ
1534 4198 1630 4251 ἀπ’
1658 4197 1834 4253 ἄλλων

239 4286 517 4340 τοιούτων.
558 4284 684 4339 Ἐάν
720 4282 830 4356 γὰρ
873 4283 1012 4337 είπω
1059 4285 1195 4352 πρὸς
1227 4281 1388 4336 αὑτὸν
1416 4320 1430 4344 ,
1476 4281 1558 4334 ὅτι
1604 4281 1834 4353 οὐρανὸν

239 4368 477 4434 ἔκτισεν,
500 4370 582 4423 ὅτι
617 4369 745 4440 γῆν,
776 4369 860 4422 ὅτι
883 4368 1181 4433 θάλασσαν,
1211 4367 1312 4420 οὐκ
1336 4365 1584 4432 ἀνέξεται
1610 4382 1624 4398 ο
1661 4366 1728 4420 ἂν
1757 4366 1834 4420 εί-

244 4471 360 4520 πω,
395 4454 477 4507 ὅτι
507 4453 738 4524 νεκροὺς
780 4453 970 4523 ἤγειρε
995 4493 1010 4516 ,
1045 4451 1282 4520 τυφλοὺς
1310 4450 1645 4519 ἐθεράπευσε
1671 4491 1686 4516 ,
1717 4450 1834 4503 δαί-

246 4555 414 4608 μονας
443 4535 644 4607 ἦλασεν
667 4577 682 4601 ,
709 4535 830 4590 οὐδὲ
858 4537 1015 4589 τοῦτο
1043 4533 1391 4600 καταδέξεται
1415 4551 1428 4564 ·
1461 4534 1526 4588 ἂν
1551 4536 1718 4600 εῖπω,
1750 4535 1834 4588 ὅτι

243 4620 522 4691 βασιλείαν
549 4619 915 4690 ἐπηγγείλατο
959 4619 1056 4673 καὶ
1095 4620 1165 4672 τὰ
1193 4619 1483 4690 ἀπόρῥητα
1519 4618 1702 4687 ἀγαθὰ
1723 4661 1736 4684 ,
1766 4617 1834 4672 ἂν

243 4705 372 4775 περὶ
405 4703 758 4766 ἀναστάσεως
798 4703 1095 4774 διαλεχθῶ,
1132 4705 1192 4756 ού
1237 4704 1396 4774 μόνον
1433 4704 1532 4757 οὐκ
1561 4703 1830 4770 ἀνέξεται,

241 4789 379 4844 ἀλλά
406 4790 500 4856 καὶ
531 4789 841 4857 γελάσεται.
878 4788 1049 4844 Πόθεν
1093 4787 1187 4844 οὖν
1213 4791 1374 4844 αὐτὸν
1397 4790 1658 4861 ἐνάξομεν
1684 4832 1698 4856 ,
1738 4791 1832 4845 καὶ

245 4871 481 4945 μάλιστα
517 4873 615 4926 ἐὰν
658 4871 869 4943 ἰδιώτης
959 4890 973 4938 ;
1019 4874 1190 4927 Πόθεν
1217 4873 1441 4928 ἄλλοθεν
1463 4914 1478 4938 ,
1509 4871 1626 4928 ἀλλ’
1661 4873 1694 4945 ἢ
1725 4873 1833 4927 ἀπὸ

240 4959 350 5013 τῶν
394 4957 525 5028 παρ’
559 4956 694 5028 ἐμοῦ
724 4959 819 5012 καὶ
860 4945 1026 5011 αὐτού
1057 4959 1250 5021 κοινῶς
1285 4961 1380 5012 καὶ
1420 4961 1834 5032 ἀναντιῤῥήτως

239 5041 690 5114 ὁμολογουμένων
720 5083 734 5108 ,
769 5043 862 5095 καὶ
915 5043 1053 5114 πρὸς
1101 5042 1137 5095 ἃ.
1169 5043 1488 5113 ἀμφιϐόλως
1531 5045 1630 5096 οὐκ
1681 5044 1830 5112 ἔχει;

241 5128 322 5181 ὅτι
347 5129 446 5199 μὲν
464 5129 574 5200 γὰρ
595 5127 821 5199 οὐρανὸν
845 5128 1068 5200 ἐποίησε
1089 5128 1184 5182 καὶ
1205 5128 1274 5181 τά
1303 5128 1457 5194 ἄλλα,
1485 5127 1630 5200 άπερ
1654 5124 1828 5193 εἷπον,

240 5212 338 5266 ἐὰν
368 5211 658 5284 ὑποθῶμαι
683 5257 698 5280 ,
731 5214 831 5266 οὐκ
864 5214 930 5267 ἂν
958 5215 1245 5284 ἀνάσχοιτο
1279 5216 1568 5284 πεισθῆναι
1606 5213 1827 5285 ῥᾳδίως.

241 5297 378 5351 Τίνα
413 5293 507 5350 οὖν
538 5297 685 5351 ἐστιν
719 5296 755 5350 ἃ
778 5298 872 5351 καὶ
897 5300 1103 5361 ἐκεῖνος
1131 5298 1384 5368 ὁμολογεῖ
1414 5299 1577 5352 αὐτὸν
1601 5315 1832 5368 πεποιη-

240 5382 419 5448 κέναι,
453 5383 549 5436 καὶ
573 5382 824 5452 οὐδαμῶς
857 5382 925 5435 ἂν
951 5383 1224 5448 ἀντείποι;
1254 5384 1376 5437 ’Ότι
1406 5384 1466 5436 τὺ
1489 5383 1834 5454 Χριστιανῶν

242 5466 400 5536 γένος
425 5467 590 5530 αὐτὸς
633 5467 930 5534 ἐφύτευσεν
956 5483 970 5496 ·
1006 5467 1064 5519 ού
1105 5466 1216 5537 γὰρ
1249 5468 1312 5538 δὴ
1354 5467 1450 5521 καὶ
1499 5467 1636 5538 πρὸς
1668 5466 1836 5520 τοῦτο

242 5553 476 5622 ἀντερεῖ,
500 5552 582 5605 ὅτι
603 5551 702 5614 τὰς
729 5551 1006 5622 πανταχοῦ
1031 5552 1132 5621 τῆς
1157 5552 1485 5624 οἰκουμένης
1507 5551 1837 5623 Ἐκκλησίας

245 5635 407 5697 αὐτὸς
435 5636 690 5706 ἐπήξατο.
725 5636 863 5689 Ἀπδ
891 5635 1096 5690 τούτων
1140 5635 1490 5706 παρεξόμεθα
1536 5637 1634 5706 τῆς
1677 5635 1838 5689 δυνά-

247 5734 396 5790 μεως
425 5719 589 5773 αὐτοῦ
619 5719 717 5790 τὴν
757 5720 1031 5788 ἀπόδειξιν
1053 5760 1068 5785 ,
1097 5721 1189 5773 καὶ
1230 5720 1475 5793 δείξομεν
1507 5721 1668 5774 αὑτὸν
1705 5721 1834 5776 ὄντα

308 5875 322 5896 ⁸
349 5873 532 5926 Collala
562 5888 672 5926 cum
699 5877 805 5927 cod.
828 5875 965 5928 Culb.
989 5877 1132 5938 5055,
1159 5876 1236 5927 ubi
1265 5891 1506 5941 perpauca
1533 5876 1830 5928 discrimina.

1930 2255 2083 2326 Θεδν,
2112 2263 2208 2317 καὶ
2240 2263 2474 2336 ἐροῦμεν
2501 2266 2582 2322 ὅτι
2610 2267 2711 2321 οὐκ
2748 2267 2896 2323 ἐστιν
2918 2269 3206 2341 ἀνθρώπου
3239 2271 3396 2344 ψιλοῦ
3421 2293 3515 2330 το-

1931 2346 2133 2417 σαύτην
2160 2349 2217 2400 ἐν
2251 2347 2442 2419 βραχεῖ
2472 2350 2650 2426 καιρῷ
2685 2352 2990 2423 περιελθεῖν
3022 2357 3346 2429 οἰκουμένην
3371 2399 3388 2423 ,
3420 2360 3514 2413 καὶ

1929 2429 2054 2499 γῆν,
2082 2429 2177 2482 καὶ
2203 2429 2494 2496 θάλατταν,
2521 2434 2615 2487 καὶ
2642 2435 2734 2488 ἐπὶ
2762 2435 3026 2502 τοιούτοις
3049 2439 3234 2493 καλεῖν
3257 2441 3514 2512 πράγμα-

1931 2528 2016 2566 σιν
2057 2513 2200 2568 οὓτω
2222 2555 2236 2580 ,
2269 2517 2360 2570 καὶ
2392 2518 2566 2572 ταῦτα
2596 2519 2701 2572 ὑπὸ
2724 2521 2924 2574 ἀτόπου
2954 2523 3243 2595 συνηθείας
3273 2542 3513 2595 προκατ-

1928 2597 2294 2668 ειλημμένους
2343 2601 2695 2673 ἀνθρώπους,
2747 2604 2947 2675 μᾶλλον
2997 2606 3055 2660 δὲ
3103 2608 3214 2661 ὑπὸ
3249 2609 3517 2680 τοσαύτης

1929 2682 2130 2745 κακίας
2179 2685 2602 2754 κατεχομένους.
2649 2689 2760 2741 Καὶ⁸
2789 2689 2941 2759 ὅμως
2978 2690 3166 2761 ἴσχυσε
3202 2691 3354 2765 [559]
3387 2693 3515 2746 τού-

1929 2780 2037 2818 των
2069 2766 2287 2819 πάντων
2329 2767 2392 2820 τὸ
2428 2769 2541 2821 τῶν
2576 2770 2883 2842 ἀνθρώπων
2920 2773 3076 2840 γένος
3128 2773 3516 2846 ἐλευθερῶσαι,

1929 2849 2050 2918 οὐχὶ
2089 2849 2397 2919 Ῥωμαίους
2431 2853 2615 2922 μόνον,
2639 2854 2777 2908 ἀλλὰ
2797 2857 2890 2910 καὶ
2917 2858 3133 2929 Πέρσας
3152 2899 3166 2922 ,
3204 2861 3299 2913 κα¹ι
3329 2859 3516 2924 ἁπλῶς

1929 2933 1997 2985 τὰ
2028 2933 2134 2986 τῶν
2163 2934 2457 3007 βαρϐάρων
2490 2938 2642 3008 γένη.
2672 2939 2782 2992 Καὶ
2812 2936 2980 2994 ταῦτα
3005 2941 3390 3013 κατώρθωσεν,
3419 2945 3516 3014 οὐχ

1929 3018 2115 3081 ὅπλοις
2147 3017 2462 3090 χρώμενος,
2498 3021 2559 3073 ού
2590 3023 2852 3094 χρήματα
2875 3024 3131 3079 δαπανῶν
3157 3068 3170 3091 ,
3201 3027 3261 3079 ού
3293 3027 3518 3097 στρατό-

1930 3102 2068 3156 πεδα
2095 3103 2262 3156 κινῶν
2286 3143 2300 3165 ,
2339 3103 2400 3157 οὐ
2435 3103 2708 3175 πολέμους
2734 3107 3133 3178 ἀναρῥιπίζων,
3168 3109 3305 3162 ἀλλὰ
3336 3109 3402 3162 δι’
3434 3109 3519 3162 ἓν-

1929 3185 2062 3239 δεκα
2087 3185 2391 3256 ἀνθρώπων
2417 3187 2512 3258 τὴν
2537 3189 2711 3260 ἀρχὴν
2728 3230 2742 3255 ,
2773 3191 3003 3260 ἀσήμων
3025 3231 3038 3253 ,
3071 3191 3304 3244 εὐτελῶν
3329 3233 3342 3253 ,
3372 3193 3519 3262 ἀμα-

1932 3269 2061 3336 θῶν,
2094 3269 2338 3336 ίδιωτῶν,
2379 3272 2649 3342 πενήτων,
2682 3275 2945 3343 γυμνῶν,
2975 3274 3222 3341 ἀόπλων,
3247 3276 3519 3346 ἀνυποδή-

1929 3371 2076 3418 των,
2123 3353 2519 3424 μονοχιτώνων.
2577 3356 2643 3408 Τί
2682 3357 2826 3425 λέγω
2853 3398 2867 3419 ,
2915 3357 3287 3429 κατώρθωσε;
3333 3363 3517 3412 πεῖσαι

1930 3438 2168 3510 ἠδυνήθη
2191 3438 2431 3493 τοσαῦτα
2459 3438 2598 3508 φῦλα
2624 3439 2948 3511 ἀνθρώπων,
2977 3441 3038 3493 οὐ
3071 3443 3200 3512 περὶ
3239 3441 3346 3496 τῶν
3374 3459 3521 3514 παρ-

1933 3523 2100 3576 όντων
2130 3522 2289 3593 μόνον
2309 3564 2324 3589 ,
2357 3523 2494 3577 ἀλλά
2522 3524 2616 3576 καὶ
2650 3525 2781 3595 περὶ
2835 3524 2944 3577 τῶν
2977 3524 3280 3594 μελλόντων
3309 3525 3522 3597 φιλοσο-

1936 3608 2086 3676 φεῖν,
2122 3605 2219 3659 καὶ
2249 3606 2448 3675 νόμους
2488 3605 2776 3678 πατρῴους
2806 3608 3155 3674 ἀνασπάσαι,
3193 3609 3287 3662 καὶ
3317 3609 3522 3664 παλαιὰ

1933 3692 2030 3763 ἔθη
2064 3691 2302 3762 τοσούτῳ
2336 3689 2636 3762 ῥιζωθέντα
2673 3692 2852 3763 χρόνῳ
2879 3694 2943 3746 ἐκ
2975 3693 3139 3764 ῥιζῶν
3165 3693 3394 3757 ἀνελεῖν,
3426 3695 3522 3747 καὶ

1933 3775 2096 3846 ἕτερα
2147 3772 2539 3844 ἀντιφυτεῦσαι
2565 3813 2580 3838 ,
2613 3775 2708 3828 καὶ
2740 3775 2852 3828 τῶν
2895 3775 3134 3829 εύκόλων
3168 3777 3524 3846 ἀπαγαγόντα

1933 3859 2015 3921 είς
2032 3857 2104 3911 τὰ
2123 3856 2358 3911 δύσκολα
2387 3857 2645 3927 ἐμϐαλεῖν
2671 3858 2738 3911 τὰ
2764 3858 2950 3922 αὐτοῦ,
2973 3861 3071 3913 καὶ
3099 3860 3272 3914 ταῦτα
3299 3862 3524 3931 ποιῆσαι

1935 3939 2341 4011 πολεμούμενον
2392 3941 2546 4012 παρά
2579 3941 2797 3996 πάντων
2821 3983 2837 4006 ,
2889 3944 2983 3995 καὶ
3039 3944 3268 4015 σταυρὸν
3318 3946 3526 4016 ὑπομε-

1938 4024 2233 4096 μενηκέναι
2282 4024 2678 4095 χλευαζόμενον
2731 4027 2828 4079 καὶ
2879 4025 3108 4081 θάνατον
3141 4029 3520 4083 ἐπονείδιστον.

1935 4109 2010 4161 Οὐ
2038 4108 2147 4180 γὰρ
2168 4109 2231 4181 δὴ
2262 4107 2514 4180 καὶπρὸς
2538 4108 2710 4162 ταῦτα
2737 4110 3076 4182 ἀντεροῦσιν,
3104 4112 3185 4165 δτι
3212 4113 3312 4164 οὐκ
3336 4114 3528 4167 ἐσταυ-

1938 4192 2084 4264 ρώθη
2122 4191 2228 4245 ὑπὸ
2267 4191 2565 4256 Ἰουδαίων,
2621 4194 2716 4247 καὶ
2761 4193 2829 4247 τὰ
2867 4196 3037 4266 μυρία
3072 4196 3238 4249 ἔπαθε
3269 4199 3402 4267 παρ’
3429 4198 3526 4251 αὐσ-

1933 4277 2042 4331 τῶν
2069 4318 2084 4343 ,
2116 4278 2210 4331 καὶ
2239 4277 2320 4330 ὅτι
2349 4277 2473 4332 καθ’
2505 4277 2742 4349 ἑκάστην
2776 4279 2990 4350 ἡμέραν
3020 4280 3295 4334 ἐπιδίδωσι
3331 4281 3393 4333 τὸ
3427 4283 3529 4351 κή-

1937 4377 2144 4431 ρυγμα.
2173 4360 2285 4413 Καὶ
2315 4361 2378 4413 τὸ
2407 4361 2732 4432 παράδοξον,
2767 4363 2868 4416 ούκ
2897 4363 3132 4418 ἐνταῦθα
3171 4364 3329 4434 μόνον
3349 4405 3362 4429 ,
3389 4364 3527 4416 ἀλλά

1935 4445 2032 4497 καὶ
2064 4443 2216 4515 παρὰ
2249 4443 2486 4514 Πέρσαις
2531 4444 2726 4513 ἀνθεῖ,
2769 4444 2850 4498 ἔτι
2901 4446 2994 4499 καὶ
3041 4446 3136 4502 νῦν
3181 4447 3310 4518 παρ’
3341 4448 3529 4510 αύτὸῖς

1937 4526 2067 4581 πολε
2076 4525 2177 4597 μού
2187 4544 2366 4598 μενον.

2006 4699 2118 4753 Καὶ
2151 4697 2260 4770 γὰρ
2288 4698 2419 4771 παρ’
2442 4697 2673 4762 ἐκείνοις
2719 4697 2845 4770 ἄρτι
2877 4699 3171 4771 μαρτύρων
3210 4701 3375 4771 δῆμοι
3406 4701 3532 4756 πολ-

1938 4782 2021 4836 λοὶ
2043 4821 2060 4846 ,
2090 4783 2186 4836 καὶ
2216 4785 2368 4854 ὅμως
2407 4784 2455 4836 οί
2483 4784 2577 4836 καὶ
2607 4782 2787 4836 λύκων
2819 4783 2996 4837 αὐτῶν
3024 4784 3347 4855 ἀγριώτεροι
3375 4783 3532 4850 δεξά-

1944 4886 2095 4940 μενοι
2125 4868 2188 4920 τὸ
2214 4869 2479 4940 κήρυγμα
2499 4907 2513 4931 ,
2557 4867 2844 4939 προϐάτων
2877 4868 3218 4940 ἡμερώτεροι
3246 4869 3526 4937 γεγόνασι,

1941 4953 2038 5007 καὶ
2071 4953 2200 5024 περὶ
2247 4952 2582 5014 ἀθανασίας,
2614 4952 2706 5004 καὶ
2757 4952 2885 5022 περὶ
2926 4954 3274 5016 ἀναστάσεως
3310 4952 3530 5023 φιλοσοο

1943 5036 2101 5106 φοῦσι
2124 5039 2216 5090 καὶ
2243 5037 2351 5090 τῶν
2380 5036 2708 5107 ἀπορρήτων
2739 5035 2982 5104 ἀγαθῶν.

2012 5195 2075 5266 β’.
2111 5195 2224 5249 Οὐκ
2249 5197 2306 5246 ἐν
2335 5196 2457 5257 ταῖς
2482 5192 2668 5246 πόλεσι
2701 5193 2756 5245 δέ
2783 5192 2966 5263 μόνον,
2998 5192 3134 5246 ἀλλὰ
3171 5193 3265 5246 καὶ
3309 5195 3390 5257 είς
3431 5194 3530 5263 τὴν

1938 5279 2142 5353 ἔρημον
2171 5275 2342 5331 ταῦτα
2363 5277 2552 5348 ἐξῆλθε
2573 5277 2640 5330 τὰ
2662 5275 3083 5346 κατορθώματα,
3108 5279 3203 5330 καὶ
3219 5278 3299 5340 είς
3315 5277 3530 5348 κώμας,

1934 5365 2030 5418 καὶ
2057 5365 2138 5427 εἰς
2167 5361 2349 5434 χώρας
2369 5402 2384 5426 ,
2415 5361 2511 5413 καὶ
2541 5361 2620 5422 εἰς
2651 5363 2848 5430 νήσους
2891 5361 2986 5412 καὶ
3031 5361 3236 5431 ὅρμους
3270 5363 3365 5415 καὶ
3411 5361 3532 5412 ἐπί-

1935 5465 2053 5501 νεια
2083 5465 2096 5477 ·
2131 5448 2224 5500 καὶ
2255 5447 2356 5498 οὐκ
2392 5444 2598 5497 ἰδιῶται
2619 5484 2633 5509 ,
2666 5443 2791 5496 οὑδέ
2827 5442 3086 5514 ἄρχοντες
3124 5442 3318 5508 ἁπλῶς
3341 5487 3356 5511 ,
3394 5444 3534 5500 ἀλλὰ

1936 5533 2030 5584 καὶ
2059 5529 2212 5584 αὐτοὶ
2241 5531 2288 5580 οἱ
2317 5527 2384 5580 τά
2408 5527 2717 5597 διαδήματα
2744 5527 3139 5596 περικείμενοι,
3169 5527 3308 5596 μετά
3331 5526 3534 5599 πολλῆς

1937 5616 2075 5666 εἰσιν
2132 5611 2565 5682 ὑποτεταγμένοι
2597 5610 2696 5679 τῆς
2729 5609 2966 5674 πίστεως
3004 5610 3081 5681 τῷ
3135 5611 3530 5683 σταυρωθέντι.

1941 5700 2053 5751 Καὶ
2079 5699 2160 5751 ὅτι
2184 5696 2358 5750 ταῦτα
2396 5693 2575 5748 πάντα
2603 5693 2702 5764 οὐχ
2745 5692 2932 5757 ἁπλῶς
2960 5695 3203 5762 γέγονεν,
3229 5693 3366 5747 ἀλλά
3395 5695 3534 5764 μετὰ

1944 5781 2302 5853 προρῥήσεως
2330 5777 2436 5848 πρὸ
2460 5775 2654 5830 πολλοῦ
2681 5777 3058 5847 γεγενημένης
3082 5777 3299 5848 χρόνου,
3324 5778 3417 5829 ἐπὶ
3437 5776 3528 5830 cui:

1944 5866 2211 5936 παρόντος
2259 5859 2536 5926 ἀποδεῖξαι
2597 5861 2930 5930 πειράσομαι
2958 5877 2973 5894 ο
3030 5861 3230 5932 μᾶλλον
3283 5862 3336 5915 δέ
3387 5858 3523 5912 ῶσει
