3920 6408
442 428 546 486 813

1013 422 1286 480 CONTRA
1326 420 1609 480 JUDAEOS
1647 420 1736 477 ΕΤ
1775 420 2129 478 GENTILES.
2172 406 2356 490 QUOD
2394 417 2732 477 CHRISTUS
2769 417 2875 474 SIT
2915 413 3113 473 DEUS.

3613 405 3719 464 8M

578 1411 902 1455 ADVERSUS
948 1407 1201 1452 JUDEOS
1246 1408 1326 1449 ΕΤ
1367 1404 1672 1449 GENTILES
1729 1397 2242 1448 DEMONSTBATIO,
2288 1395 2460 1449 QUOD
2516 1392 2820 1438 CHRISTUS
2863 1393 2962 1435 SIT
3011 1390 3192 1445 DEUS,
3240 1390 3323 1430 EX
3367 1389 3469 1444 HS,
3515 1386 3658 1440 ΩυΙΕ

1131 1508 1366 1552 MULTIS
1412 1507 1476 1549 IN
1523 1505 1696 1549 LOCIS
1741 1505 1824 1547 DE
1868 1500 2010 1545 ILLO
2052 1499 2245 1542 DICTA
2289 1499 2452 1541 SUNT
2495 1498 2662 1540 APUD
2694 1495 3085 1538 PROPIIETAS.

521 2328 569 2382 Ι.
603 2325 874 2394 Quoniam
903 2323 1150 2395 plerique
1181 2322 1484 2384 hominum,
1511 2317 1626 2375 sive
1643 2332 1707 2372 ex
1731 2315 1917 2370 innata
1939 2325 2032 2368 so-

442 2420 653 2485 cordia,
681 2419 797 2474 sive
819 2432 884 2471 ex
928 2415 1094 2470 nimia
1132 2411 1474 2470 smcularium
1507 2423 1711 2472 rerum,
1739 2405 1940 2475 quibus
1969 2418 2030 2458 se

440 2510 791 2576 dediderunt,
824 2523 957 2563 cura
987 2514 1150 2577 atque
1181 2503 1568 2566 sollicitudine,
1606 2501 1698 2555 alii
1724 2513 1851 2554 vero
1875 2498 2029 2568 igno-

441 2601 621 2656 rantia
646 2615 841 2672 magna
859 2599 1084 2663 detenti,
1105 2597 1348 2668 prolixos
1364 2610 1645 2652 sermones
1668 2609 1778 2648 non
1798 2593 2030 2647 libenter

443 2697 696 2758 audiunt,
715 2709 895 2764 operae
920 2693 1155 2764 pretium
1177 2693 1350 2746 visum
1376 2697 1480 2753 est,
1503 2686 1832 2757 multiloquii
1858 2685 2026 2740 mole-

440 2788 605 2842 stiam
641 2801 895 2842 resecare
930 2804 942 2839 :
975 2793 1032 2840 ut
1065 2784 1336 2840 sermonis
1367 2782 1634 2838 brevitate
1675 2796 1796 2834 cum
1845 2779 2026 2849 segni-

439 2880 570 2933 tiem
595 2894 784 2934 eorum
810 2879 1014 2941 tollam,
1043 2885 1156 2930 tum
1184 2877 1270 2940 iis,
1289 2875 1381 2945 qui
1400 2876 1453 2928 in
1472 2873 1722 2929 lectionis
1741 2872 2020 2927 fastidium

439 2971 683 3042 prolapsi
707 2981 856 3034 sunt,
892 2970 1173 3034 suadeam,
1205 2976 1265 3023 ut
1286 2967 1552 3038 praesenti
1572 2965 1805 3020 orationi
1830 2979 2021 3034 magna

437 3077 564 3116 cum
595 3061 879 3115 aclaritate
894 3075 1055 3115 aures
1078 3059 1372 3130 praebeant.
1391 3059 1518 3114 Ideo
1541 3057 1706 3113 nullis
1733 3057 2019 3111 verborum

437 3153 838 3221 nominumque
873 3152 1156 3207 lenociniis
1188 3159 1368 3214 utens,
1403 3151 1498 3206 sed
1533 3149 1680 3204 dicta
1714 3149 1795 3202 sic
1815 3156 2019 3217 tempe-

435 3259 591 3305 rans,
631 3254 691 3297 ut
723 3242 950 3306 famulo,
987 3243 1220 3307 ancillae,
1251 3243 1448 3304 viduae,
1479 3239 1739 3305 institori,
1771 3247 1948 3298 nautae
1968 3247 2020 3294 et

435 3335 689 3407 agricola:
721 3345 884 3405 captu
922 3335 1099 3390 facilia
1125 3336 1256 3401 sint,
1287 3336 1536 3391 brevitati
1572 3336 1814 3405 insuper,
1848 3351 2021 3404 quan-

439 3435 554 3480 tum
590 3426 670 3481 fas
703 3427 829 3490 erit,
865 3427 1067 3496 ubique
1084 3428 1312 3483 studebo
1347 3429 1684 3498 :paucisque
1712 3429 2015 3482 doctrinam

437 3517 654 3572 tradere
682 3525 927 3587 satagam
959 3537 971 3572 :
999 3527 1162 3587 atque
1194 3532 1424 3589 utroque
1465 3520 1625 3573 modo
1666 3521 2015 3576 oscitantium

433 3605 745 3660 auditorum
779 3606 964 3662 studia
989 3608 1240 3662 excitabo
1265 3626 1280 3675 ;
1311 3625 1420 3678 quo
1446 3611 1604 3666 facile
1629 3621 1682 3664 et
1709 3612 1913 3682 absque
1937 3613 2018 3666 la-

432 3699 567 3754 bore
585 3699 697 3754 haec
725 3700 1009 3770 percipere
1038 3702 1273 3771 possint,
1299 3703 1475 3772 iisque
1499 3703 1552 3757 in
1577 3707 1837 3759 memoria
1860 3722 2010 3776 repo-

432 3791 579 3854 sitis.
633 3792 843 3847 lucrum
879 3793 1004 3848 inde
1045 3801 1344 3863 reportent.
1392 3795 1635 3850 Primum
1673 3805 1852 3852 autem
1889 3814 2013 3853 cum

425 3881 744 3936 Gentilibus
763 3898 959 3937 manus
976 3898 1285 3938 conseram.
1307 3883 1440 3938 Nam
1467 3884 1512 3940 si
1538 3886 1740 3940 dixerit
1763 3888 2011 3955 Gentilis,

434 3972 582 4026 unde
597 3973 946 4030 manifestum
971 3984 1055 4032 est
1075 3976 1351 4031 Christum
1371 3992 1491 4033 esse
1508 3977 1672 4034 Deum
1691 3979 1852 4049 ?(hoc
1871 3981 2015 4036 enim

430 4073 560 4119 ante
593 4067 774 4120 omnia
811 4068 1150 4137 praestituere
1177 4077 1413 4140 oportet,
1443 4079 1633 4140 utpote
1665 4088 1789 4127 cum
1821 4082 2017 4130 caetera

430 4153 560 4208 inde
588 4155 1015 4225 consequantur)
1035 4171 1143 4211 non
1167 4172 1195 4208 ει
1220 4157 1360 4212 εωιο
1386 4158 1908 4217 demonstrationem
1929 4179 2019 4234 pe-

427 4251 624 4308 temus,
657 4258 833 4312 neque
877 4243 944 4298 ab
972 4244 1092 4298 aliis
1141 4243 1193 4298 id
1219 4259 1409 4313 genus.
1447 4243 1577 4299 Nam
1614 4245 1660 4300 si
1693 4246 1768 4300 illi
1797 4246 2011 4315 dixero,

423 4333 615 4385 caalum
659 4334 879 4402 creavit,
923 4342 1119 4389 terram
1161 4335 1288 4388 item
1331 4335 1415 4389 vel
1454 4349 1623 4400 mare,
1673 4335 1724 4390 id
1768 4337 1880 4406 ipse
1907 4353 2014 4392 non

425 4423 592 4488 feret;
630 4425 674 4478 si
704 4425 912 4492 dixero,
955 4436 1195 4481 mortuos
1239 4427 1532 4491 suscitavit,
1578 4443 1750 4482 caecos
1786 4430 2011 4496 curavit,

425 4515 699 4570 daemonas
751 4515 970 4585 fugavit,
1013 4533 1189 4587 neque
1236 4517 1340 4572 hoc
1386 4518 1660 4584 admittet;
1707 4519 1751 4574 si
1806 4520 2012 4588 dixero,

425 4621 648 4675 regnum
676 4610 923 4677 promisit
948 4618 1001 4664 et
1030 4608 1235 4664 oeculta
1267 4610 1426 4675 bona,
1459 4611 1503 4664 si
1530 4611 1596 4667 de
1622 4614 2015 4670 resurrectione

423 4697 586 4750 verba
614 4698 815 4764 fecero,
850 4701 950 4754 hoc
979 4715 1084 4754 non
1117 4701 1277 4756 modo
1306 4718 1410 4758 non
1445 4704 1684 4773 recipiet,
1714 4705 1807 4759 sed
1851 4707 2013 4760 etiam

422 4790 641 4844 ridebit.
674 4791 823 4846 Unde
851 4792 1030 4862 igitur,
1061 4795 1295 4849 maxime
1333 4797 1375 4849 si
1417 4795 1579 4850 idiota
1619 4797 1708 4861 sit,
1749 4797 1895 4852 illum
1927 4799 2012 4852 in-

423 4884 748 4939 stituemus?
777 4883 948 4950 Unde,
985 4887 1219 4956 inquam,
1263 4887 1362 4941 nisi
1390 4903 1454 4943 ex
1488 4889 1572 4953 iis,
1602 4904 1720 4958 qum
1749 4889 1886 4958 apud
1929 4906 2015 4946 me

420 4981 477 5026 et
528 4975 671 5027 illum
721 4975 772 5028 in
831 4976 1081 5031 confesso
1123 4987 1267 5042 sunt,
1316 4995 1416 5033 nec
1468 4980 1520 5034 in
1563 4980 1780 5034 dubium
1832 4981 2013 5036 vocari

426 5074 668 5132 possunt.
693 5065 828 5120 Nam
867 5067 910 5120 si
951 5083 1246 5137 supponam
1287 5069 1457 5139 ipsum
1489 5071 1792 5126 condidisse
1823 5072 2014 5127 cmlum

422 5165 479 5208 et
504 5154 630 5222 alia,
658 5172 776 5225 quae
803 5156 933 5222 dixi,
982 5159 1033 5212 id
1062 5159 1151 5214 ille
1197 5175 1304 5214 non
1346 5161 1498 5216 facile
1524 5163 1726 5217 credet.
1757 5164 2013 5230 Quaenam

422 5247 587 5316 igitur
613 5259 738 5303 sunt
772 5265 855 5315 ea,
889 5266 1007 5320 qua!
1038 5252 1208 5320 ipsum
1237 5252 1430 5308 fecisse
1469 5254 1694 5308 Gentilis
1740 5255 1858 5324 ipse
1885 5256 2016 5311 fate-

428 5349 536 5404 tur,
566 5355 739 5410 neque
783 5357 978 5412 negare
1019 5345 1232 5412 potest?
1274 5344 1424 5412 Quod
1469 5345 1888 5400 Christianorum
1919 5363 2013 5417 ge-

425 5447 528 5485 nus
550 5432 662 5501 ipse
687 5433 984 5491 fundaverit
1013 5454 1026 5489 :
1061 5453 1232 5506 neque
1260 5438 1401 5491 enim
1437 5437 1564 5492 illud
1597 5450 1882 5508 negaturus
1910 5451 2013 5508 est,

425 5524 566 5592 quol
598 5525 876 5582 universas
903 5543 998 5596 per
1019 5528 1204 5583 orbem
1235 5529 1504 5584 Ecclesias
1531 5530 1851 5587 condiderit.
1883 5533 2017 5589 Hinc

425 5616 539 5682 ejus
571 5617 824 5686 potentiae
859 5627 1232 5689 argumentum
1272 5620 1552 5687 ducemus,
1586 5631 1640 5676 et
1672 5623 2018 5679 ostendemus

423 5705 602 5785 ipsum
623 5722 753 5764 vere
796 5708 962 5764 Deum
1011 5725 1133 5766 esse
1162 5728 1175 5765 :
1209 5710 1549 5784 dicemusque
1587 5728 1692 5768 non
1737 5729 1866 5789 esse.
1901 5716 2015 5785 puri

2129 2323 2362 2379 hominis
2411 2332 2616 2379 tantum
2667 2321 2877 2389 orbem,
2926 2333 3148 2391 terram,
3201 2341 3370 2393 mare,
3419 2335 3526 2382 tam
3576 2327 3723 2384 brevi

2129 2423 2365 2485 tempore
2408 2415 2719 2486 pervadere,
2754 2423 2809 2470 et
2847 2415 2916 2470 ad
2952 2430 3040 2471 res
3084 2425 3257 2472 tantas
3296 2432 3558 2483 evocare;
3600 2434 3724 2474 cum

2129 2506 2364 2561 maxime
2407 2514 2516 2560 tam
2562 2506 2809 2562 absurdis
2853 2507 3091 2562 moribus
3125 2509 3322 2563 assueti
3362 2509 3604 2565 homines
3640 2525 3728 2566 es—

2131 2605 2272 2662 sent,
2301 2605 2356 2652 et
2388 2605 2465 2652 tot
2491 2598 2645 2653 malis
2669 2598 2878 2653 irretiti.
2908 2597 2977 2652 Et
3003 2607 3180 2654 tamen
3213 2599 3383 2669 potuit
3412 2600 3500 2654 ille
3532 2599 3725 2654 huma-

2132 2705 2260 2744 num
2294 2704 2464 2759 genus
2490 2690 2558 2744 ab
2600 2689 2682 2744 his
2714 2689 2964 2745 omnibus
3000 2690 3266 2756 liberare;
3312 2706 3419 2745 non
3449 2691 3727 2770 Romanos

2133 2791 2358 2848 tantum,
2398 2783 2494 2837 sed
2516 2782 2706 2838 Persas
2731 2791 2785 2837 et
2810 2797 2970 2838 omne
2997 2782 3352 2838 Barbarorum
3380 2799 3568 2854 genus.
3598 2785 3725 2840 "me

2132 2888 2295 2943 porro
2323 2872 2446 2928 fecit
2491 2889 2598 2928 non
2649 2874 2812 2930 armis
2857 2889 3005 2941 usus,
3054 2891 3160 2930 non
3189 2877 3510 2946 sumptibus,
3562 2877 3725 2931 nullis

2129 2965 2472 3032 exercitibus,
2505 2981 2610 3020 non
2632 2966 2932 3021 commissis
2959 2967 3178 3036 prmliis,
3207 2966 3301 3020 sed
3329 2967 3589 3040 principio
3633 2984 3727 3037 per

2132 3057 2379 3111 undecim
2431 3057 2599 3122 viros,
2664 3057 2945 3126 ignobiles,
3003 3058 3151 3123 viles,
3218 3058 3451 3127 ignaros,
3506 3059 3717 3124 idiotas,

2129 3161 2414 3218 pauperes,
2447 3147 2642 3211 nudos,
2670 3148 2920 3211 inermes,
2971 3149 3166 3203 calceis
3200 3159 3465 3216 carentes,
3510 3164 3612 3203 una
3644 3160 3726 3203 tu-

2130 3239 2249 3293 nica
2281 3246 2470 3293 tectos.
2512 3237 2648 3304 Quid
2688 3238 2828 3302 dico,
2875 3238 3042 3293 fecit?
3073 3239 3403 3294 Persuadere
3436 3241 3606 3309 potuit
3647 3249 3725 3295 tot

2129 3330 2408 3385 hominum
2443 3329 2708 3399 gentibus,
2756 3339 2816 3384 ut
2857 3346 2963 3384 non
2999 3331 3066 3386 de
3095 3331 3448 3400 prmsentibus
3495 3341 3720 3398 tantum,

2130 3420 2227 3476 sed
2259 3421 2416 3474 etiam
2445 3421 2514 3476 de
2556 3421 2742 3476 futuris
2772 3421 3296 3491 pliilOSOpharentur,
3334 3432 3496 3492 utque
3527 3425 3723 3492 patrias

2130 3511 2273 3582 leges
2321 3513 2636 3578 evellerent,
2697 3523 3012 3583 veteresque
3059 3530 3238 3568 mores
3289 3523 3436 3569 tanto
3485 3527 3724 3585 tempore

2129 3605 2397 3659 radicatos
2449 3605 2662 3674 penitus
2718 3606 2986 3672 tollerent,
3029 3607 3270 3674 aliosmie
3317 3607 3720 3674 substituerent,

2129 3697 2220 3768 qui
2260 3697 2327 3751 ab
2368 3697 2596 3752 assuetis
2622 3706 2675 3752 et
2719 3696 2961 3752 facilibus
3002 3697 3068 3752 ad
3097 3697 3396 3753 difficiliora
3442 3700 3560 3767 ejus
3587 3715 3725 3770 pra:-

2130 3799 2284 3858 cepta
2311 3787 2668 3842 traducerent.
2701 3787 2826 3841 Haec
2851 3803 2981 3842 vero
3012 3788 3186 3843 facere
3230 3789 3420 3858 petuit,
3461 3790 3587 3843 dum
3627 3805 3724 3860 op-
3758 3809 3761 3818 ’

2128 3889 2452 3950 pugnaretur
2471 3879 2538 3933 ab
2557 3879 2804 3933 omnibus
2829 3896 2843 3934 :
2870 3894 3192 3948 crucemque
3221 3881 3492 3946 sustinuit,
3523 3881 3722 3937 infame

2127 3971 2463 4039 supplicium,
2510 3986 2573 4026 ac
2617 3980 2845 4025 mortem
2897 3970 3484 4040 ignominiosissimam.
3532 3972 3718 4043 Neque

2126 4063 2269 4117 enim
2296 4064 2566 4132 negabunt
2592 4063 2766 4132 ipsum
2793 4079 2820 4115 a
2848 4062 3049 4117 Judazis
3074 4063 3384 4118 crucifixum
3414 4065 3722 4120 innumera-

2123 4169 2228 4223 que
2251 4153 2318 4208 ab
2348 4154 2454 4208 illis
2481 4169 2696 4221 passum
2738 4169 2877 4217 esse,
2911 4163 2964 4208 et
2992 4165 3167 4208 tamen
3197 4155 3434 4224 quotidie
3462 4157 3720 4225 prmdica-

2125 4244 2325 4298 tionem
2365 4259 2676 4299 accrescere
2709 4243 2990 4314 :quodque
3021 4245 3331 4299 incredibile
3359 4245 3624 4310 videatur,
3655 4263 3719 4303 ea

2123 4350 2232 4389 non
2259 4335 2346 4390 hic
2375 4345 2601 4401 tantum,
2635 4336 2726 4391 sed
2754 4346 2807 4392 et
2830 4338 2969 4407 apud
2997 4337 3186 4392 Persas
3205 4336 3380 4405 ﬂoret,
3405 4338 3618 4394 etiamsi
3646 4341 3718 4396 ab

2123 4426 2230 4481 illis
2251 4437 2609 4497 Oppugnetur.

2194 4518 2263 4573 In
2306 4518 2518 4573 Perside
2561 4519 2817 4590 Martyres
2863 4521 3360 4577 multi.—Etcnim
3409 4522 3549 4592 apud
3596 4523 3718 4578 illos

2123 4624 2334 4679 quoque
2355 4617 2649 4680 martyrum
2676 4612 2920 4665 examina
2949 4612 3117 4666 multa
3150 4631 3162 4667 :
3187 4621 3242 4667 et
3267 4622 3443 4668 tamen
3469 4614 3558 4684 qui
3590 4615 3717 4684 ipsis

2124 4701 2263 4770 lupis
2290 4702 2584 4758 ferociores
2625 4713 2798 4770 erant,
2832 4715 3048 4774 accepta
3087 4705 3486 4774 praedicatione,
3530 4707 3718 4761 ovibus

2126 4791 2519 4846 mansuetiores
2561 4807 2781 4848 evasere
2817 4812 2830 4848 :
2847 4793 3064 4862 jamque
3104 4793 3171 4848 de
3203 4795 3620 4862 immortalitate,
3651 4796 3722 4851 de

2123 4884 2520 4939 resurrectione
2541 4884 2682 4940 etde
2705 4885 3059 4940 inetl‘abilibus
3081 4887 3234 4940 bonis
3255 4887 3715 4958 philos0phantur.

2193 4975 2247 5029 2.
2288 4975 2545 5033 Christum
2575 4977 2737 5032 Deum
2769 4989 2816 5032 et
2846 4979 3099 5033 hominem
3126 4982 3353 5050 futurum
3381 4997 3488 5035 esse
3527 4982 3718 5051 pradi-

2122 5079 2257 5124 ctum
2278 5080 2368 5125 est.
2394 5101 2467 5111 —
2493 5071 2607 5127 Non
2638 5072 2692 5126 in
2720 5072 2938 5128 urbibus
2964 5080 3190 5138 tantum,
3227 5073 3320 5128 sed
3351 5073 3509 5130 etiam
3538 5074 3590 5127 in
3618 5074 3717 5129 de-

2125 5169 2272 5216 serto
2316 5161 2432 5217 hazc
2460 5163 2716 5232 praeclare
2751 5172 2900 5233 gesta
2934 5163 3138 5230 videas,
3173 5165 3224 5218 in
3254 5163 3406 5230 vicis,
3457 5163 3510 5218 in
3553 5165 3713 5234 agris,

2124 5255 2177 5310 in
2208 5255 2419 5322 insulis,
2450 5255 2501 5309 in
2534 5256 2790 5326 portubus
2812 5265 2866 5311 et
2892 5256 3170 5311 navalibus
3201 5274 3215 5310 :
3249 5271 3353 5310 non
3383 5256 3584 5323 idiotae,
3612 5271 3714 5313 non

2126 5347 2396 5418 principes
2439 5355 2666 5414 tantum,
2717 5349 2812 5403 sed
2853 5349 2930 5404 illi
2976 5349 3076 5419 ipsi
3119 5350 3208 5420 qui
3245 5349 3546 5405 diademate
3584 5349 3717 5404 redi-

2125 5441 2382 5505 miuntur,
2408 5442 2662 5496 crucifixo
2685 5457 2874 5513 magna
2900 5459 3021 5498 cum
3048 5443 3150 5498 fide
3175 5444 3373 5498 subditi
3397 5453 3542 5498 sunt.
3566 5445 3716 5511 Quod

2124 5542 2300 5586 autem
2325 5531 2439 5586 hmc
2463 5547 2568 5586 non
2597 5543 2797 5589 temere
2825 5535 3164 5606 contigerint,
3191 5535 3286 5590 sed
3309 5536 3397 5590 diu
3428 5545 3552 5590 ante
3578 5550 3716 5606 pra:-

2123 5624 2264 5679 dicta
2295 5625 2422 5691 sint,
2442 5625 2552 5695 jam
2575 5626 2946 5683 demonstrare
2977 5629 3233 5683 conabor.
3265 5629 3377 5683 lmo
3398 5644 3544 5690 vero,
3566 5636 3626 5682 ut
3653 5643 3724 5682 ne

2123 5732 2301 5774 sermo
2332 5727 2512 5773 noster
2539 5728 2817 5790 suspectus
2849 5720 2937 5788 sit,
2969 5735 3148 5792 operae
3178 5721 3404 5792 pretium
3427 5721 3528 5777 erit
3552 5719 3717 5776 libros
