3920 6452
312 410 417 465 815

316 537 647 601 indecorum,
669 532 757 602 qui
788 530 960 600 ipsum
987 524 1385 588 cruciﬁxeruut,
1415 520 1469 574 in
1516 516 1749 573 medium
1776 526 1900 582 pro-

320 626 477 691 ferre,
505 624 847 694 ipsorumque
868 615 1167 675 testimonia
1188 630 1254 669 ex
1273 610 1579 681 Scripturis,
1599 622 1718 678 quae
1734 617 1900 674 penes

317 734 414 773 eos
458 724 823 778 asservantur,
862 720 1119 780 excerpta
1165 711 1266 764 sub
1305 705 1699 761 iucredulorum
1737 700 1908 757 oculis

322 822 653 879 percurrere.
678 804 831 873 Quod
862 804 1020 872 igitur
1042 801 1185 855 Deus
1207 799 1366 853 homo
1392 796 1599 850 futurus
1619 795 1708 857 sit,
1734 792 1907 847 Deus-

323 913 430 967 que
476 910 778 961 mansurus,
811 892 1015 962 primus
1057 891 1295 945 omnium
1326 887 1456 942 dicit
1480 885 1739 942 Jercmias
1765 899 1781 934 :
1810 881 1909 936 Hic

323 988 461 1043 Deus
498 996 682 1052 noster,
716 1001 818 1039 non
866 983 1180 1054 reputabitur
1218 981 1350 1033 alius
1392 979 1460 1032 ad
1488 978 1654 1031 illum.
1702 972 1915 1027 Invenit

323 1095 520 1134 omnem
540 1078 672 1130 viam
696 1074 941 1137 scientiaz,
964 1083 1010 1128 et
1034 1073 1171 1128 dedit
1191 1071 1334 1125 illam
1354 1068 1514 1123 Iacob
1544 1083 1701 1139 puero
1726 1081 1840 1129 suo,
1868 1072 1918 1119 et

328 1166 497 1223 Israel
522 1167 703 1220 dilecto
730 1182 841 1219 suo.
884 1163 1009 1218 Post
1040 1163 1147 1216 haec
1174 1163 1226 1215 in
1255 1171 1389 1215 terra
1416 1160 1552 1213 visus
1596 1167 1689 1223 est,
1724 1165 1770 1212 et
1800 1171 1914 1209 cum

328 1257 611 1312 hominibus
654 1264 977 1311 conversatus
1020 1263 1094 1308 est
1134 1252 1345 1324 (Baruc.
1401 1252 1456 1306 5.
1501 1249 1709 1317 '56-'58).
1759 1246 1915 1300 Vides

329 1348 595 1421 quomodo
618 1349 797 1404 omnia
825 1347 1008 1418 paucis
1029 1346 1207 1401 verbis
1229 1345 1537 1410 declaravit,
1562 1358 1752 1412 nempe
1770 1340 1914 1412 quod

333 1439 473 1494 Deus
498 1439 789 1505 exsistens,
820 1437 982 1493 homo
1020 1435 1195 1491 factus
1240 1436 1334 1501 sit,
1369 1443 1424 1490 et
1460 1449 1581 1488 cum
1615 1431 1917 1486 hominibus

333 1539 677 1585 conversatus
719 1530 827 1596 sit;
854 1539 908 1584 et
935 1528 1078 1598 quod
1112 1539 1349 1582 veterem
1380 1526 1554 1595 legem
1592 1524 1709 1593 ipse
1740 1521 1921 1577 condi-

336 1619 516 1676 derit?
541 1620 671 1675 Nam
704 1619 923 1685 Invenit,
969 1619 1158 1688 inquit,
1191 1633 1390 1671 omnem
1428 1617 1560 1669 viam
1599 1614 1841 1679 scientiae,
1871 1621 1920 1667 et

290 1739 301 1745 -
333 1710 470 1764 dedit
502 1710 645 1764 illam
673 1709 835 1763 Iacob
863 1725 1017 1779 puero
1046 1725 1160 1773 suo,
1188 1716 1235 1762 et
1264 1705 1431 1761 Israel
1459 1706 1641 1760 dilecto
1682 1720 1793 1758 suo.
1824 1703 1922 1757 Hic

332 1801 529 1872 quippe
554 1800 729 1867 docet,
752 1800 913 1855 etiam
943 1809 1067 1855 ante
1091 1797 1517 1854 lncarnationem
1541 1797 1715 1867 ipsum
1741 1796 1921 1849 omnia

334 1894 699 1963 dispensasse,
731 1893 1016 1963 omniaque
1045 1890 1258 1958 fecisse,
1289 1890 1462 1961 legem
1498 1888 1769 1953 statuisse,
1797 1901 1923 1958 pro-

337 1983 550 2048 vidisse,
582 1998 819 2050 curasse,
861 1981 1212 2037 benefecisse.
1258 1980 1411 2035 Alius
1447 1980 1637 2034 iterum
1666 1976 1923 2047 propheta

337 2071 604 2144 quomodo
634 2072 779 2127 dicat
806 2072 979 2141 ipsum
1022 2086 1131 2127 non
1160 2069 1324 2125 modo
1362 2070 1633 2125 hominem
1662 2068 1921 2133 futurum,

338 2162 434 2219 sed
465 2164 624 2218 etiam
669 2177 739 2217 ex
774 2161 993 2233 Virgine
1039 2162 1387 2228 nasciturum,
1424 2160 1585 2215 audi:
1614 2159 1747 2214 Ecce
1786 2159 1926 2231 virgo

338 2255 392 2308 in
423 2262 568 2308 utero
611 2252 828 2321 habebit,
874 2262 921 2307 et
962 2254 1126 2321 pariet
1152 2253 1335 2322 ﬁlium,
1374 2261 1421 2307 et
1459 2251 1709 2305 uocabunt
1744 2266 1928 2304 nomen

339 2344 449 2414 ejus
476 2341 783 2397 Emmanuel
826 2342 853 2414 (
874 2340 1005 2396 Hes.
1044 2338 1094 2393 7.
1128 2338 1196 2395 M
1216 2342 1255 2409 ).
1293 2337 1451 2405 Quod
1488 2340 1927 2410 interpretantur,

349 2434 630 2489 Nobiscum
672 2433 830 2489 Deus.
859 2432 1061 2489 Deinde
1095 2430 1406 2498 ostendens,
1437 2445 1547 2485 non
1588 2437 1929 2501 apparenter,

341 2529 436 2584 sed
452 2543 578 2583 vere
591 2527 861 2583 hominem
879 2540 1022 2595 esse,
1040 2524 1272 2593 addidit,
1290 2510 1743 2596 [Butyrumet‘mel
1768 2538 1935 2577 come-

342 2622 443 2676 det.
480 2620 595 2676 Mos
617 2630 700 2677 est
727 2620 892 2686 enim,
911 2628 970 2674 ut
1002 2619 1087 2673 his
1118 2618 1251 2674 cibis
1282 2616 1616 2686 peculiariter
1651 2621 1937 2684 pascantur

342 2710 495 2781 pueri
513 2726 631 2766 mox
651 2716 709 2764 ut
726 2710 835 2764 nati
847 2709 1059 2764 fuerint.
1091 2707 1160 2762 Et
1184 2706 1483 2772 declarans,
1499 2704 1641 2776 quod
1655 2719 1759 2759 non
1775 2720 1938 2774 purus

345 2805 530 2873 homo,
556 2804 747 2859 iterum
778 2788 926 2857 addit
944 2800 1157 2856 dicens'
1173 2799 1227 2872 ]:
1254 2797 1473 2870 Propter
1491 2797 1624 2869 quod
1645 2797 1939 2869 priusquam

342 2897 470 2951 sciat
487 2910 612 2966 puer
625 2909 804 2949 uocare
817 2901 1013 2965 patrem
1033 2890 1219 2945 bonum
1230 2890 1309 2945 vel
1323 2891 1513 2943 malum
1533 2930 1547 2954 ,
1567 2904 1667 2942 non
1687 2889 1940 2957 obtempe-

343 2993 425 3039 rat
476 2984 720 3051 malitite,
761 2991 817 3037 ut
863 2982 1019 3054 eligat
1069 2980 1254 3036 bonum
1295 2979 1497 3051 (Hesai.
1543 2980 1595 3034 7.
1636 2978 1746 3049 l6).
1786 2976 1941 3045 Quod

344 3084 523 3131 autem
560 3090 667 3130 non
694 3083 894 3130 tantum
918 3074 1081 3129 homo
1106 3080 1160 3129 et
1188 3088 1257 3129 ex
1285 3072 1521 3144 virgine,
1551 3071 1643 3127 sed
1684 3073 1843 3126 etiam
1875 3086 1941 3125 ex

346 3168 508 3223 domo
548 3167 713 3222 David
751 3165 959 3221 futurus
1001 3173 1166 3231 esset,
1208 3163 1333 3220 audi
1363 3163 1632 3235 quomodo
1675 3161 1764 3217 diu
1811 3169 1938 3216 ante

349 3259 656 3329 praedixerit
698 3257 938 3324 llesaias,
965 3258 1058 3328 qui
1099 3255 1283 3326 ﬁguris
1329 3256 1455 3311 licet
1501 3269 1630 3311 usus
1668 3262 1723 3309 et
1769 3261 1944 3308 meta-

350 3352 536 3423 phora,
587 3351 829 3423 praedicit
866 3359 1045 3405 tamen
1079 3367 1094 3405 :
1132 3348 1438 3420 Egredictur
1479 3349 1622 3419 virga
1667 3348 1730 3401 de
1772 3347 1946 3400 radice

349 3444 532 3511 Jessar,
565 3453 613 3497 et
638 3444 733 3514 flos
760 3442 823 3495 de
861 3443 1033 3495 radice
1057 3442 1165 3513 ejus
1201 3440 1454 3503 ascendet,
1478 3449 1525 3493 et
1554 3439 1826 3509 requiescet
1852 3454 1945 3493 su-

353 3550 445 3606 per
462 3549 573 3588 cum
596 3533 804 3601 spiritus
824 3530 1047 3598 Domini,
1069 3530 1276 3601 spiritus
1295 3529 1557 3599 sapientia
1574 3538 1623 3583 et
1642 3528 1944 3595 intellectus,

362 3629 572 3698 spiritus
600 3625 796 3679 consilii
826 3632 874 3678 et
913 3623 1243 3698 fortitudinis,
1275 3623 1484 3691 spiritus
1520 3622 1743 3676 scientiis
1766 3629 1815 3675 et
1835 3621 1946 3690 pie-

354 3694 507 3782 u'un,
537 3717 746 3788 spiritus
778 3716 970 3769 timoris
992 3694 1093 3769 Dei
1116 3714 1324 3785 replebit
1358 3713 1505 3767 illum
1537 3711 1739 3785 (Hesai.
1773 3713 1950 3767 H.1-
2001 3711 2004 3714 ‘

364 3809 444 3880 5).
474 3807 572 3864 Hic
595 3808 740 3863 enim
777 3805 945 3863 Jessae
988 3815 1142 3876 pater
1171 3806 1268 3860 fuit
1292 3803 1528 3873 Davidis,
1565 3804 1689 3875 quia
1743 3819 1810 3859 ex
1860 3803 1949 3858 illa

355 3901 497 3958 tribu
530 3910 816 3957 eratznec
859 3898 1032 3954 solum
1079 3914 1150 3954 ex
1198 3898 1288 3953 illa
1333 3897 1495 3963 tribu,
1543 3896 1638 3953 sed
1682 3897 1843 3953 etiam
1884 3898 1953 3951 e'x

356 3995 518 4050 domo
544 3992 710 4049 Jessae
747 3991 1018 4063 prodibit:
1052 3990 1105 4045 id
1142 4004 1272 4045 vero
1299 3988 1677 4061 prmuuntiavit
1718 3988 1801 4043 his
1825 4002 1950 4043 ver-

364 4088 487 4143 bis:
517 4084 819 4156 Egredictur
852 4084 995 4155 uirga
1019 4084 1082 4137 de
1128 4081 1301 4136 radice
1322 4081 1504 4147 Iesste,
1549 4096 1653 4134 non
1700 4079 1769 4135 de
1805 4070 1961 4150 virga

358 4177 677 4249 simpliciter
718 4176 965 4247 loquens,
1020 4175 1114 4230 sed
1156 4175 1225 4229 de
1277 4173 1369 4228 illo
1389 4180 1444 4228 et
1485 4172 1551 4227 de
1601 4185 1769 4242 regno
1815 4170 1953 4240 ejus.

361 4269 517 4339 Quod
538 4278 716 4325 autem
746 4283 854 4323 non
875 4266 943 4323 de
970 4266 1117 4336 virga
1150 4265 1265 4321 haec
1282 4265 1503 4328 dixerit,
1530 4264 1583 4318 in
1613 4262 1956 4333 sequentibus

361 4361 599 4417 declarat
627 4378 643 4417 :
674 4370 955 4430 postquam
985 4358 1127 4414 enim
1168 4357 1375 4412 dixerat
1417 4357 1631 4426 uirgam,
1662 4353 1956 4424 subiunxit,

364 4455 434 4510 Et
452 4455 726 4525 requiescet
750 4468 905 4522 super
927 4468 1039 4505 eum
1072 4451 1280 4520 spiritus
1305 4449 1568 4519 sapientia:
1593 4455 1640 4504 et
1655 4447 1957 4503 intellectus.

363 4543 535 4601 Nemo
555 4543 721 4610 enim,
744 4541 848 4596 etsi
867 4540 1153 4595 admodum
1171 4540 1426 4610 insipiens
1443 4539 1532 4605 sit,
1559 4537 1781 4605 dixerit,
1803 4536 1963 4609 spiri-

366 4648 455 4695 tus
481 4635 709 4706 gratiam
738 4648 900 4704 super
936 4633 1138 4703 lignum
1163 4631 1444 4687 advenisse
1470 4648 1484 4686 :
1508 4631 1604 4684 sed
1647 4629 1824 4700 palam
1853 4634 1959 4695 est,

366 4742 531 4800 super
559 4725 815 4796 templum
848 4724 976 4779 illud
1011 4724 1408 4778 immaculatum
1432 4721 1663 4777 venisse.
1701 4720 1825 4775 Ideo
1854 4733 1963 4773 non

368 4818 527 4882 dixit,
547 4817 728 4882 ueniet,
758 4814 853 4871 sed
882 4817 1195 4884 requiescet:
1217 4814 1469 4884 quoniam
1496 4823 1775 4883 postquam
1795 4811 1962 4876 venit,

372 4910 447 4965 ibi
483 4907 698 4974 mansit,
744 4921 845 4962 nec
884 4905 1151 4961 discessit.
1179 4905 1331 4973 Quod
1356 4904 1588 4959 Joannes
1626 4900 1966 4971 Evangelista

372 5003 612 5058 declarat
651 5000 735 5055 his
764 4999 940 5055 verbis
969 4996 1121 5069 :Ego
1164 4996 1267 5050 vidi
1298 4993 1556 5066 Spiritum
1587 4992 1967 5049 descendentem

374 5098 500 5151 sicut
527 5093 831 5160 columbam,
864 5100 910 5146 et
942 5099 1226 5144 manentem
1253 5103 1405 5157 super
1429 5102 1542 5139 eum
1563 5084 1743 5155 (Joan.
1769 5085 1821 5140 l.
1849 5083 1965 5157 52).

374 5186 561 5255 Neque
591 5183 806 5238 silentio
836 5179 1291 5251 praetermiserunt
1328 5174 1643 5230 sententiam
1669 5175 1964 5242 Iudaicam,

375 5289 539 5349 quam
577 5273 652 5333 illi
687 5273 1046 5329 exhibuerunt
1084 5270 1203 5340 ipso
1241 5274 1407 5322 nato‘:
1429 5282 1551 5321 nam
1586 5266 1864 5321 Manimos
1893 5267 1972 5321 sic

378 5366 651 5437 loquitur:
676 5364 899 5418 Audiens
922 5371 1090 5416 autem
1115 5360 1341 5415 Herodes
1362 5361 1590 5415 turbatus
1617 5367 1709 5425 est,
1740 5367 1786 5412 et
1809 5357 1973 5412 omnis

367 5450 704 5526 [Jerosolyma
743 5470 859 5508 cum
899 5454 989 5507 illo
1020 5451 1230 5524 (Matth.
1264 5451 1321 5507 2.
1364 5452 1445 5521 '5).
1471 5450 1717 5506 Hesaiam
1762 5464 1973 5520 quoque

386 5546 531 5615 audi,
563 5547 653 5617 qui
691 5545 745 5600 id
773 5545 863 5600 diu
892 5553 1016 5599 ante
1056 5544 1431 5615 prmnuntiavit
1457 5561 1470 5597 :
1503 5541 1735 5612 Cupient,
1778 5544 1822 5596 si
1846 5543 1972 5612 ﬁant

450 5740 471 5772 ¹
495 5748 606 5798 Quae
627 5741 818 5801 uncinis
839 5741 918 5790 hic
939 5740 1225 5791 clauduntur
1246 5750 1342 5787 non
1365 5737 1596 5801 leguntur
1608 5738 1667 5785 *iu
1692 5716 1829 5786 textu
1851 5743 1978 5801 (irre-

383 5810 466 5856 -οοι
481 5812 650 5871 neque
672 5800 801 5871 apud
819 5803 1042 5853 Savihum
1053 5817 1072 5871 _;
1094 5802 1182 5851 sed
1215 5800 1437 5871 videntur
1466 5800 1525 5871 ad
1549 5801 1729 5871 seriem
1751 5800 1979 5849 orationis

388 5862 658 5927 pertinere,
675 5870 827 5923 atque
847 5874 876 5913 a
907 5865 1066 5915 veteri
1090 5871 1365 5926 tnterprete
1393 5862 1518 5913 lecta
1540 5869 1673 5912 sunt.

1062 409 1120 463 S.
1159 403 1432 463 JOANNIS
1455 393 1925 459 CHRYSOSTOMI
1966 392 2283 448 ARClllEP.
2325 391 2857 449 CONSTANTINOP.

2011 508 2126 579 igne
2148 509 2391 564 combusti
2416 526 2434 564 :
2458 511 2576 580 quia
2600 527 2725 581 puer
2753 520 2900 565 natus
2926 518 2999 565 est
3026 510 3186 577 nobis,
3213 521 3271 567 et
3297 511 3461 581 [ilius
3485 511 3657 570 datus

2012 610 2083 654 est
2112 600 2270 666 nobis,
2314 610 2360 654 et
2393 611 2598 656 vocatur
2625 597 2806 656 nomen
2842 602 2972 673 ejus,
3004 603 3174 671 magni
3204 603 3435 657 consilii
3462 604 3651 674 Ange-

2014 695 2111 761 lus,
2139 696 2451 751 admirabilis
2479 696 2820 761 consiliarius,
2860 694 2999 749 Dcus
3024 696 3189 765 fortis,
3228 705 3455 764 potens,
3490 697 3652 765 prin-

2013 804 2130 857 ceps
2155 790 2314 858 pacis,
2346 796 2489 858 pater
2516 786 2676 857 futuri
2711 787 2883 842 saeculi
2908 786 3058 855 (Hes.
3100 786 3154 841 9.
3186 787 3250 842 5.
3301 787 3391 858 6).
3425 787 3555 841 Hoc
3582 786 3653 843 de

2017 894 2150 948 puro
2178 878 2394 935 homine
2418 878 2523 933 dici
2544 894 2650 934 non
2671 894 2827 949 posse
2853 880 3030 950 palam
3059 888 3144 934 est
3169 880 3264 934 vel
3300 879 3400 946 iis,
3434 878 3533 948 qui
3554 879 3646 933 ad.

2016 971 2233 1027 modum
2264 972 2579 1027 contentiosi
2622 982 2765 1026 sunt.
2796 971 2987 1027 Nullus
3019 973 3217 1043 quippe
3253 972 3443 1027 homo
3482 987 3516 1025 a
3548 987 3650 1027 sa:-

2015 1065 2140 1121 culo
2186 1065 2326 1120 Deus
2353 1065 2504 1121 fortis
2544 1073 2765 1121 vocatus
2803 1077 2906 1131 est,
2953 1074 3012 1121 ut
3052 1082 3230 1137 neque
3280 1073 3468 1120 tante
3497 1065 3650 1135 pacis

2015 1158 2302 1227 princeps:
2332 1173 2456 1212 nam
2496 1156 2650 1212 Pacis
2687 1160 2817 1225 eius,
2865 1159 3055 1228 inquit,
3104 1175 3210 1212 non
3259 1167 3345 1212 est
3391 1157 3646 1211 terminus

2022 1244 2128 1318 (Ib.
2169 1264 2219 1301 υ.
2260 1247 2338 1318 7).
2389 1247 2446 1302 ld
2484 1247 2722 1304 declarat
2763 1263 2943 1303 rerum
2980 1259 3227 1316 eventus,
3280 1248 3421 1318 quia
3472 1255 3643 1301 totam

2019 1339 2251 1408 pervasit
2280 1346 2496 1404 terram,
2525 1340 2829 1395 universum
2856 1355 3023 1406 mare,
3060 1341 3379 1411 orbemque
3424 1341 3646 1395 habita-

2020 1429 2201 1496 bilem,
2224 1439 2454 1499 montes,
2479 1430 2662 1497 saltus,
2686 1430 2874 1498 colles,
2891 1446 2920 1483 a
2948 1431 3034 1486 die
3054 1431 3165 1499 illa,
3182 1446 3217 1487 a
3248 1447 3369 1502 qua
3389 1431 3651 1487 Christus

2018 1523 2282 1592 incipiens
2325 1523 2380 1579 in
2429 1524 2617 1578 caelum
2654 1538 2974 1579 ascensurus
3004 1523 3179 1581 dixit:
3212 1524 3428 1579 Pacem
3476 1541 3651 1579 meam

2022 1615 2090 1669 do
2127 1615 2262 1669 vobis
2290 1632 2309 1669 :
2337 1631 2440 1669 non
2483 1615 2611 1669 sicut
2658 1615 2878 1670 mundus
2920 1615 3009 1669 dat
3051 1616 3117 1670 do
3144 1616 3296 1671 vobis
3327 1615 3525 1687 (Joan.
3556 1618 3651 1671 ﬂ.

2024 1705 2141 1776 27).
2187 1706 2297 1760 Cur
2339 1706 2411 1760 ita
2457 1706 2704 1777 loquutus
2744 1717 2829 1764 est
2868 1706 3146 1763 Christus?
3187 1706 3340 1774 Quia
3381 1707 3650 1762 nimirum

2024 1812 2128 1868 pax
2158 1797 2434 1853 hominum
2464 1798 2619 1855 facile
2659 1800 2901 1867 solvitur,
2948 1799 3232 1870 variasque
3275 1798 3454 1862 habet
3476 1798 3651 1855 vicis-

2024 1888 2284 1946 situdines
2312 1909 2327 1946 :
2357 1905 2460 1961 pax
2498 1900 2676 1947 autem
2718 1891 2853 1961 ejus,
2890 1891 3064 1958 ﬁrma,
3094 1891 3355 1958 immota,
3403 1889 3649 1953 stabilis,

2029 1980 2303 2049 diuturna,
2331 1981 2668 2050 immortalis,
2716 1981 2875 2037 linem
2905 1997 3013 2038 non
3051 1981 3288 2049 habens,
3321 1981 3457 2037 licet
3488 1981 3653 2036 innu-

2029 2088 2175 2129 mera
2203 2073 2343 2128 bella
2365 2073 2599 2143 undique
2623 2081 2957 2141 moveantur,
2983 2089 3047 2129 ac
3083 2074 3239 2130 mille
3267 2073 3526 2144 quotidie
3551 2089 3648 2144 pa-

2027 2176 2217 2222 rentur
2243 2167 2471 2223 insidias.
2502 2166 2699 2222 Verum
2732 2168 2875 2223 illius
2894 2182 3092 2234 sermo,
3122 2167 3220 2239 qui
3252 2167 3452 2223 omnia
3480 2165 3652 2238 perii-

2029 2259 2125 2327 cit,
2156 2259 2260 2315 boc
2284 2274 2406 2315 cum
2433 2260 2640 2315 caeteris
2665 2259 2862 2317 ell'ecit.

2102 2352 2159 2408 3.
2191 2350 2404 2406 Modum
2431 2352 2580 2406 etiam
2603 2351 2845 2407 aduentus
2870 2352 3213 2424 praedixerunt
3245 2350 3650 2422 Propheta.—

2032 2441 2151 2499 Non
2180 2443 2352 2498 solum
2379 2451 2557 2498 autem
2578 2443 2725 2498 illum
2751 2442 3023 2498 hominem
3047 2441 3320 2509 futurum,
3349 2441 3451 2497 sed
3479 2441 3646 2496 etiam

2037 2533 2253 2591 modum
2293 2533 2554 2591 adventus
2579 2534 2695 2604 ejus
2721 2534 3100 2604 praedixerunt.
3146 2532 3292 2601 Quia
3343 2534 3497 2588 enim
3524 2547 3654 2587 ven-

2039 2633 2190 2681 turus
2209 2632 2345 2694 erat,
2362 2640 2469 2680 non
2489 2626 2746 2692 tonitrua,
2768 2640 2874 2680 non
2896 2624 3111 2680 fulmina
3132 2639 3384 2695 superne
3405 2623 3649 2689 mittens,

2039 2731 2148 2771 non
2172 2716 2416 2787 quatiens
2455 2725 2653 2772 terram
2677 2756 2692 2782 ,
2737 2731 2844 2771 non
2891 2730 3243 2772 commovens
3274 2714 3509 2780 caelum,
3543 2728 3649 2769 non

2040 2816 2286 2880 portenta
2307 2809 2597 2874 exhibens;
2626 2807 2720 2864 sed
2743 2809 2859 2864 sine
2882 2809 3104 2879 strepitu
3136 2810 3400 2878 nulloque
3426 2807 3648 2863 conscio

2041 2902 2095 2956 in
2126 2901 2288 2955 domo
2330 2899 2464 2956 labri
2506 2902 2807 2956 nasciturus
2849 2909 2987 2965 erat,
3038 2900 3089 2954 in
3131 2899 3302 2955 domo
3333 2899 3561 2970 ignobili
3586 2912 3649 2952 ac

2040 2992 2154 3059 vili,
2180 2990 2306 3047 audi
2332 2992 2601 3064 quomodo
2626 3007 2802 3062 neque
2829 2991 2932 3047 hoc
2955 2991 3176 3047 tacuerit
3198 2991 3375 3046 David
3394 2989 3648 3045 :Descen-

2049 3086 2159 3151 det,
2187 3086 2385 3158 inquit,
2404 3088 2541 3140 sicut
2562 3084 2741 3154 pluuia
2762 3085 2820 3138 in
2843 3082 3256 3153 vellus(Psalm.
3287 3080 3379 3135 71.
3401 3079 3483 3150 6),
3506 3086 3656 3131 tran-

2048 3175 2382 3250 quillitatem
2401 3184 2455 3231 et
2475 3174 2713 3246 quietem
2738 3169 3275 3244 signiﬁcans.Neque
3291 3168 3400 3223 hoc
3414 3172 3650 3230 tantum;

2046 3268 2143 3324 sed
2168 3270 2330 3324 etiam
2356 3282 2515 3337 quam
2542 3275 2822 3322 mansuete
2847 3274 2902 3321 et
2920 3265 3155 3321 suaviter
3177 3279 3305 3319 cum
3336 3260 3646 3318 hominibus

2046 3369 2459 3416 conversaturus
2498 3367 2674 3426 esset,
2725 3358 2860 3413 alius
2901 3356 3164 3429 propheta
3203 3355 3493 3412 declarans
3529 3351 3647 3407 vide

2047 3449 2172 3521 quid
2205 3449 2363 3505 dicat.
2405 3448 2538 3504 Nam
2566 3449 2689 3520 quia
2715 3464 2837 3504 cum
2866 3448 3207 3504 contumeliis
3231 3489 3248 3515 ,
3290 3447 3488 3518 sputis,
3520 3458 3645 3500 con-

2048 3542 2197 3598 viciis
2217 3541 2537 3608 afﬁceretur,
2567 3541 2997 3607 inhonoraretur,
3022 3539 3414 3612 ﬂagellaretur,
3436 3547 3644 3611 postre-
3686 3533 3691 3537 ’

2050 3651 2245 3706 moque
2273 3635 2707 3705 cruciﬁgeretur,
2756 3634 2959 3689 nullum
3001 3633 3141 3688 ultus
3171 3643 3259 3689 est
3289 3634 3419 3688 talia
3449 3631 3642 3687 facien-

2053 3736 2181 3792 tem,
2206 3726 2299 3781 sed
2321 3727 2498 3780 omnia
2527 3726 2791 3795 patienter
2820 3725 2953 3790 tulit,
2986 3725 3367 3791 contumelias,
3396 3721 3640 3783 insidias,

2054 3817 2310 3872 insaniam
2339 3825 2394 3872 et
2425 3817 2785 3886 importunum
2814 3815 2982 3886 plebis
3021 3816 3164 3872 illius
3207 3815 3450 3871 furorem
3488 3822 3639 3882 atque

2056 3911 2349 3976 incursum,
2375 3908 2493 3965 ha‘c
2521 3910 2699 3965 omnia
2727 3909 3019 3965 declaravit
3042 3908 3126 3964 his
3150 3908 3334 3964 verbis
3354 3926 3368 3960 :
3387 3905 3640 3962 Calamam

2054 4003 2320 4056 contritum
2350 4017 2451 4055 non
2474 4000 2777 4072 confringet,
2799 4009 2847 4055 et
2863 4000 3021 4055 linum
3039 3999 3306 4072 fumigans
3330 4015 3433 4052 non
3456 3994 3636 4051 cantiu-

2056 4102 2171 4167 gnet
2196 4135 2210 4159 ,
2248 4094 2406 4148 donec
2444 4093 2623 4147 educat
2662 4094 2716 4147 in
2748 4092 3005 4147 victoriam
3036 4091 3333 4161 judicium,
3384 4099 3433 4144 et
3459 4089 3512 4143 in
3537 4087 3637 4156 ipso

2059 4185 2241 4243 Gentes
2268 4188 2541 4258 sperabunt
2567 4185 2769 4257 (Hesai.
2797 4185 2886 4241 42.
2910 4186 2989 4256 5).
3016 4185 3165 4241 Alius
3193 4186 3324 4241 item
3358 4184 3530 4238 locum
3548 4219 3564 4245 ,
3587 4179 3634 4229 in

2059 4295 2165 4351 quo
2192 4280 2492 4336 nasciturus
2511 4287 2645 4339 erat,
2670 4278 2867 4333 indicat
2890 4276 3077 4333 dicens
3105 4292 3120 4330 :
3145 4274 3217 4329 Et
3248 4286 3306 4330 tu
3327 4315 3345 4341 ,
3371 4270 3634 4332 Bethleem,

2062 4383 2198 4429 terra
2220 4372 2257 4427 .I
2260 4374 2385 4440 uda,
2410 4388 2725 4444 nequaquam
2752 4355 2969 4425 minima.
2984 4385 3037 4423 es
3062 4369 3117 4423 in
3133 4365 3448 4439 principibus
3464 4360 3597 4416 Iuda
3617 4372 3633 4411 :

2062 4484 2127 4524 ea:
2151 4478 2197 4522 te
2220 4468 2352 4523 enim
2376 4467 2503 4521 exiet
2530 4467 2636 4521 dua:
2653 4506 2669 4532 ,
2696 4464 2783 4535 qui
2814 4472 2955 4535 regat
2983 4460 3227 4534 populum
3248 4474 3415 4514 meum
3446 4450 3633 4509 Israel.

2064 4571 2112 4617 ct
2139 4562 2301 4616 exitus
2320 4561 2431 4631 ejus
2460 4559 2524 4613 ab
2545 4559 2688 4613 initio
2708 4575 2739 4613 a
2763 4557 2937 4611 diebus
2954 4556 3127 4611 steculi
3148 4552 3337 4621 (Mich.
3366 4552 3420 4607 5.
3447 4547 3521 4618 2).
3546 4543 3633 4599 [lic

2064 4655 2394 4711 divinitatem
2425 4662 2480 4708 et
2509 4651 2888 4707 humanitatem
2918 4647 3190 4704 declarat:
3214 4660 3338 4700 nam
3382 4654 3500 4697 cum
3537 4635 3629 4697 ait,

2067 4757 2112 4804 et
2137 4747 2298 4802 exitus
2317 4746 2426 4817 ejus
2451 4744 2513 4798 ab
2538 4744 2681 4797 initio
2719 4759 2751 4796 a
2786 4741 2961 4796 diebus
2986 4738 3191 4805 steculi,
3232 4745 3480 4790 mternam
3510 4732 3630 4817 ante

2068 4838 2261 4894 swcula
2288 4814 2651 4893 exsistentiam
2681 4833 3041 4894 demonstrat;
3072 4844 3193 4885 cum
3223 4840 3351 4882 vero
3377 4822 3466 4884 ait,
3500 4814 3632 4871 Exiet

2070 4931 2177 4986 dua:
2216 4930 2302 5002 qui
2341 4937 2484 5000 regat
2521 4923 2768 4998 populum
2808 4939 2975 4977 meum
3018 4919 3216 4986 Israel,
3260 4909 3628 4987 generationem

2074 5020 2370 5077 secundum
2395 5033 2635 5073 carnem.
2660 5020 2739 5071 Ac
2765 5014 2885 5069 vide
2913 5027 3124 5069 rursum
3148 5020 3203 5066 et
3227 5010 3310 5063 hic
3338 5005 3489 5060 aliam
3519 5009 3626 5067 pro-

2077 5112 2311 5184 phetiam
2351 5109 2720 5180 refulgentem.
2764 5106 2881 5162 Non
2904 5106 3049 5161 enim
3076 5103 3203 5158 dicit
3234 5099 3432 5160 solum,
3473 5091 3625 5157 ἱρευηι

2074 5220 2195 5262 esse
2222 5203 2550 5259 nasciturum
2570 5242 2586 5266 ,
2631 5199 2726 5255 sed
2760 5199 2921 5253 etiam
2952 5196 3126 5251 locum
3156 5192 3381 5249 nobilem
3419 5184 3625 5240 futurum

2076 5312 2219 5363 esse,
2250 5295 2341 5367 qui
2370 5305 2496 5350 tunc
2534 5300 2651 5348 erat
2692 5289 2937 5361 ignobilis
2965 5297 3021 5343 et
3044 5287 3263 5356 exiguus
3285 5300 3298 5336 :
3324 5277 3624 5347 Nequanm

2066 5387 2219 5444 enim
2247 5387 2456 5441 minima
2483 5400 2555 5450 es,
2587 5383 2772 5451 inquit,
2800 5381 2855 5434 in
2884 5375 3191 5449 principibus
3214 5371 3368 5428 Iuda.

2154 5477 2308 5533 Totus
2336 5476 2471 5531 orbis
2499 5474 2568 5528 ad
2600 5450 2879 5532 Bethleem.
2893 5469 3163 5524 uidendam
3190 5460 3408 5533 conﬂuit.
3426 5450 3623 5504 «Sane

2082 5581 2224 5629 totus
2250 5571 2397 5627 orbis
2422 5569 2489 5625 ad
2514 5566 2786 5622 Bethleem
2816 5561 3104 5617 videndam
3129 5555 3359 5616 conﬂuit,
3383 5546 3463 5603 ubi
3491 5547 3621 5596 natus

2083 5665 2347 5736 repositus
2386 5662 2520 5727 fuit,
2548 5674 2723 5729 neque
2747 5657 2855 5711 ulla
2880 5655 2984 5709 alia
3009 5669 3171 5725 quam
3211 5650 3322 5711 haec

2087 5726 2233 5815 Alius
2274 5755 2465 5810 iterum
2511 5726 2721 5820 tempus
2765 5763 2870 5819 quo
2917 5756 3171 5800 venturus
3211 5747 3321 5797 erat
3349 5726 3616 5820 signiﬁcasti

2091 5809 2380 5909 liis—verbis
2405 5865 2418 5901 :
2446 5845 2568 5901 Non
2601 5809 2799 5913 deﬁciet
2832 5839 3064 5912 princeps
3091 5837 3153 5890 de
3178 5832 3311 5889 Iuda
3330 5870 3343 5895 ,
3371 5831 3508 5889 neque
3531 5809 3616 5863 άαλ
