3920 6366
425 331 529 385 8ςῦ

422 449 583 520 ἡμῶν
619 447 753 518 μηδὲ
796 445 1035 503 ὕποπτον
1063 448 1316 517 γενέσθαι
1355 451 1447 504 τὸν
1492 449 1649 520 λόγον
1664 491 1678 518 ,
1709 453 2006 523 ἀναγκαῖον

420 533 490 586 τὰ
521 530 703 602 βιϐλία
725 530 837 584 τῶν
865 532 1296 602 σταυρωσάντων
1317 533 1480 588 αὐτὸν
1506 535 1778 590 Ἰουδαίων
1814 538 1897 601 εἰς
1919 536 2009 607 μέ-

421 632 517 669 σον
551 615 876 687 προθεῖναι,
910 616 1005 669 καὶ
1054 615 1152 681 τὰς
1202 616 1332 686 περί
1381 617 1547 673 αὐτοῦ
1587 621 1898 694 μαρτυρίας
1942 624 2008 676 ἐκ

415 701 531 751 τῶν
562 700 693 768 παρ’
723 698 909 762 αὐτοῖς
954 698 1374 771 φυλαττομένων
1400 700 1634 772 Γραφῶν
1670 704 1752 757 ἔτι
1790 706 1884 759 καὶ
1912 707 2007 760 νῦν

416 781 511 834 ὐπ’
546 780 704 851 ὄψεσι
723 781 835 835 τῶν
867 782 1240 837 ἀπειθούντων
1268 782 1575 849 διεξελθεῖν.
1613 786 1737 840 Ὅτι
1764 788 1945 842 τοίνυν
1978 789 2005 841 6

348 930 357 939 ο
412 863 551 929 Θεδς
599 864 888 935 ἄνθρωπος
931 865 1121 931 ἔσται,
1154 866 1287 930 Θεὸς
1313 865 1422 933 ὣν,
1474 868 1692 940 πρῶτος
1736 871 2002 942 Ἱερεμίας

413 947 595 1017 λέγει·
626 943 817 1015 Οὗτος
846 951 880 1003 ὁ
913 949 1058 1015 Θεὸς
1085 948 1285 1018 ἡμῶν,
1317 953 1388 1004 οὐ
1419 954 1851 1021 λογισθήσεται
1877 956 2003 1011 ἓτε-

404 1049 519 1099 ρος
544 1030 697 1099 πρὸς
726 1033 933 1087 αὐτόν.
969 1032 1207 1102 Ἐξεῦρε
1237 1032 1447 1090 πᾶσαν
1468 1036 1612 1091 όδὸν
1637 1038 1999 1109 ἐπιστήμης,

409 1113 511 1167 καὶ
550 1113 777 1169 ἔδωκεν
815 1116 1014 1183 αὐτὴν
1049 1116 1251 1171 Ἰακὼϐ
1294 1118 1375 1183 τῷ
1428 1120 1593 1174 παιδί
1641 1122 1829 1176 αὐτοῦ
1851 1165 1866 1190 ,
1901 1125 2003 1178 καὶ

422 1195 667 1265 Ἰσραὴλ
694 1196 775 1263 τῷ
813 1198 1180 1269 ἠγαπημένῳ
1208 1200 1310 1253 ὑπ’
1352 1203 1560 1257 αὐτοῦ.
1604 1206 1767 1260 Μετὰ
1815 1207 2002 1261 ταῦτα

406 1280 507 1333 ἐπὶ
544 1279 659 1350 τῆς
697 1280 811 1351 γῆς
842 1281 1044 1351 ὤφθη,
1085 1283 1184 1337 καὶ
1224 1283 1350 1351 τοῖς
1402 1286 1734 1353 ἀνθρώποις
1767 1302 1996 1343 συναν-

407 1354 702 1433 εᾶτράφη.
735 1360 887 1430 Εἶδες
920 1364 1038 1430 πῶς
1068 1364 1287 1421 ἅπαντα
1305 1368 1362 1419 ἐν
1380 1366 1605 1439 βραχέσι
1629 1372 1833 1441 ῥήμασι
1861 1389 2001 1444 παρ-

406 1445 646 1517 εδήλωσε
670 1489 686 1514 ,
743 1448 840 1503 καὶ
898 1449 981 1502 ὃτι
1016 1448 1152 1512 Θεὸς
1185 1448 1260 1503 ὢν
1294 1450 1582 1521 ἄνθρωπος
1626 1454 1872 1521 ἐγένετο,
1903 1456 1998 1510 καί

405 1529 720 1602 ἀνθρώποις
750 1531 1165 1603 συνανεστράφη
1192 1574 1206 1597 ,
1237 1533 1334 1587 καὶ
1381 1534 1463 1587 ὅτι
1496 1535 1590 1608 καὶ
1620 1536 1717 1606 τὴν
1753 1536 1995 1595 Παλαιὰν

405 1613 573 1677 αὐτὸς
626 1614 1061 1685 ἐνομοθέτησεν;
1104 1615 1348 1684 Ἐξεῦρε
1399 1616 1542 1689 γὰρ,
1585 1621 1757 1688 φησι,
1788 1618 1996 1674 πᾶσαν

401 1696 553 1750 όδόν
597 1697 939 1769 ἐπιστήμης
964 1739 978 1761 ,
1016 1698 1115 1753 καὶ
1146 1698 1372 1752 ἔδωκεν
1426 1700 1622 1768 αὐτὴν
1665 1702 1868 1757 Ἰακὼϐ
1911 1703 1993 1770 τῷ

402 1780 571 1834 παιδί
602 1780 810 1847 αὐτοῦ,
852 1782 950 1835 καί
987 1781 1227 1851 Ἰσραὴλ
1254 1779 1337 1846 τῷ
1362 1782 1726 1853 ἠγαπημένῳ
1753 1787 1855 1839 ὑπ’
1885 1789 1993 1842 αὐ·

400 1868 532 1922 τσῦ.
553 1869 803 1923 Δείκνυσι
826 1869 935 1940 γὰρ
956 1870 1189 1924 ἐνταῦθα
1212 1872 1294 1925 ὅτι
1316 1873 1410 1925 καὶ
1437 1871 1545 1943 πρὸ
1556 1872 1662 1942 τῆς
1687 1875 1991 1945 παρουσίας

400 1950 503 2020 τῆς
536 1952 805 2023 ἐνσάρκου
842 1953 1022 2007 πάντα
1046 1953 1209 2018 αὐτὸς
1239 1949 1531 2027 ᾠκονόμει,
1565 1955 1661 2009 καὶ
1684 1956 1865 2012 πάντα
1898 1959 1991 2012 αὐ-

397 2033 494 2097 τὸς
523 2034 784 2106 ἔπραττε,
816 2035 1143 2106 νομοθετῶν,
1176 2038 1421 2110 προνοῶν
1439 2078 1455 2101 ,
1486 2039 1807 2110 κηδόμενος,
1835 2041 1991 2113 εὐερ-

398 2118 598 2185 γετῶν.
633 2119 862 2190 Ἕτερος
896 2119 1058 2173 πάλιν
1100 2123 1384 2193 προφήτης
1405 2162 1421 2189 ,
1459 2123 1542 2175 ὅτι
1567 2122 1665 2177 οὐκ
1704 2124 1988 2196 ἅνθρωπος

401 2202 566 2267 μόνον
591 2202 745 2257 ἔσται
766 2243 782 2267 ,
810 2203 926 2258 ἀλλ’
949 2205 1033 2257 ὅτι
1067 2206 1162 2258 καὶ
1193 2206 1303 2259 ἀπὸ
1341 2206 1610 2278 παρθένου
1639 2208 1983 2279 τεχθήσεται,

395 2286 631 2340 ἄκουσον
669 2286 789 2351 πῶς
844 2302 1042 2358 φησιν’
1085 2287 1232 2342 Ἰδοὺ
1279 2290 1318 2358 ἡ
1353 2289 1650 2357 παρθένος
1674 2292 1747 2345 ἐν
1772 2293 1987 2361 ταστρί

393 2372 553 2438 ἕξει,
583 2374 683 2429 καί
712 2374 946 2439 τέξεται
981 2374 1117 2430 υἰὸν
1138 2413 1155 2441 ,
1186 2375 1287 2429 καί
1320 2378 1657 2433 καλέσουσι
1700 2378 1768 2433 τὸ
1798 2380 1986 2450 ὄνομα

394 2458 587 2512 αὑτοῦ
629 2459 1045 2527 Ἐμμανουήλ·
1071 2459 1229 2513 τοῦτο
1257 2459 1316 2513 δέ
1365 2462 1481 2514 ἐστι
1511 2461 1985 2535 μεθερμηνευόμε-

395 2558 523 2607 νον,
555 2541 703 2614 [560]
726 2540 859 2595 Μεθ’
889 2542 1047 2615 ήμῶν
1093 2545 1121 2598 6
1168 2544 1321 2609 Θεὸς.
1358 2541 1491 2599 Εἶτα
1537 2546 1753 2611 δεικνὺς
1799 2549 1881 2601 ὅτι
1920 2549 1981 2602 οὐ

394 2625 669 2694 φαντασία
704 2625 764 2679 τὸ
798 2626 1123 2697 φαινόμενον
1151 2621 1240 2697 ἦν,
1276 2626 1393 2681 ἀλλ’
1430 2628 1646 2698 ἀληθῶς
1671 2630 1980 2703 ἄνθρωπος,

391 2710 642 2780 ἐπήγαγε
679 2709 854 2778 λέγων
877 2726 891 2741 ·
938 2712 1094 2765 Διότι
1124 2710 1266 2778 πρὶν
1309 2711 1348 2780 ἢ
1396 2712 1617 2781 γνῶναι
1646 2713 1712 2766 τὸ
1742 2714 1984 2770 παιδίον

390 2795 607 2851 καλεῖν
630 2795 858 2864 πατέρα
878 2797 1108 2867 ἀγαθὸν
1135 2798 1174 2867 ἢ
1202 2798 1393 2853 κακόν
1414 2839 1429 2863 ,
1462 2799 1699 2855 ἀπειθεῖ
1724 2802 1982 2870 πονηρίᾳ

389 2879 499 2933 τοῦ
533 2880 898 2944 ἐκλέξασθαι
935 2879 1005 2934 τὸ
1052 2880 1299 2949 ἀγαθόν.
1333 2882 1459 2935 Ὅτι
1505 2882 1564 2935 δὲ
1608 2882 1773 2947 αὐτὸς
1826 2879 1981 2949 οὗτος

387 2964 492 3017 οὐκ
528 2962 818 3036 ἄνθρωπος
846 2963 1008 3035 μόνον
1032 3005 1048 3032 ,
1099 2965 1209 3019 οὐδ’
1241 2966 1324 3019 ὅτι
1369 2968 1435 3020 ἐκ
1480 2966 1750 3036 παρθένου
1796 2968 1977 3037 μόνον,

388 3046 506 3099 ἀλλ’
531 3048 615 3101 ὅτι
640 3046 736 3102 καὶ
764 3046 824 3114 ἐξ
862 3047 1015 3101 οίκου
1043 3047 1210 3102 Δαϐὶδ
1229 3090 1243 3115 ,
1268 3049 1501 3103 ἄκουσον
1538 3050 1655 3113 πῶς
1683 3049 1778 3103 καί
1819 3050 1980 3104 τοῦτο

387 3131 595 3187 ἄνωθεν
627 3131 883 3204 προλέγει
910 3134 938 3185 ὁ
977 3132 1239 3196 Ἡσαΐας,
1276 3132 1553 3203 τροπικῶς
1584 3134 1680 3203 μὲν
1702 3135 1980 3205 κεχρημέ-

386 3232 478 3278 νος
506 3218 625 3279 ταῖς
650 3215 826 3280 λέξεσι
856 3216 949 3269 καὶ
977 3217 1262 3287 μεταφορᾷ
1290 3215 1460 3287 πολλῇ
1482 3256 1497 3280 ,
1531 3215 1786 3287 προλέγει
1812 3217 1857 3270 δ’
1885 3214 1977 3271 οὖν

384 3298 569 3369 ὅμως·
606 3299 1021 3363 Ἐξελεύσεται
1039 3299 1267 3367 ῥάϐδος
1292 3299 1361 3352 ἐκ
1386 3297 1497 3367 τῆς
1528 3297 1697 3367 ῥίζης
1736 3300 1975 3366 Ἰεσσαὶ,

382 3385 485 3440 καί
513 3386 695 3456 ἄνθος
723 3386 793 3440 ἐκ
816 3386 927 3454 τῆς
947 3385 1116 3455 ῥίζης
1146 3385 1512 3453 ἀναϐήσεται
1533 3428 1546 3450 ,
1573 3387 1672 3441 καὶ
1704 3388 1975 3443 ἀναπαύ-

383 3488 559 3525 σεται
603 3470 699 3523 ὲπ’
730 3471 918 3525 αὐτὸν
950 3471 1188 3542 πνεῦμα
1241 3472 1391 3526 Θεοῦ
1411 3511 1427 3534 ,
1464 3471 1703 3540 πνεῦμα
1738 3474 1979 3542 -σοφίας

382 3555 485 3609 καί
506 3554 836 3621 συνέσεως,
855 3556 1091 3626 πνεῦμα
1106 3555 1350 3623 ,βουλῆς
1368 3555 1467 3609 καί
1491 3556 1723 3625 ἰσχύος,
1742 3555 1978 3622 πνεῦμα

384 3637 665 3707 γνώσεως
693 3638 792 3691 καί
828 3639 1171 3706 εὐσεϐείας,
1221 3639 1459 3708 πνεῦμα
1483 3639 1673 3707 φόϐου
1705 3638 1852 3692 Θεοῦ
1876 3639 1978 3707 ἐμ-

383 3721 614 3789 πλήσει
636 3722 843 3776 αὐτόν.
873 3721 932 3774 Ὅ
955 3723 1063 3793 γὰρ
1085 3723 1287 3777 Ἰεσσαὶ
1306 3717 1461 3782 οὗτος
1483 3722 1669 3792 πατὴρ
1693 3720 1789 3775 τοῦ
1810 3722 1975 3775 Δαϐὶδ

379 3799 472 3874 ἦν.
486 3803 657 3874 Δῆλον
679 3806 745 3857 ἐκ
769 3802 961 3857 τούτου
983 3805 1066 3858 ὅτι
1085 3804 1183 3858 καὶ
1211 3805 1321 3859 ἀπὸ
1338 3806 1439 3876 τῆς
1454 3804 1629 3876 φυλῆς
1649 3805 1864 3875 ἐκείνης
1880 3800 1969 3876 ῆν.

378 3889 462 3941 Οὐ
491 3887 651 3958 μόνον
674 3888 732 3942 δὲ
760 3889 842 3941 ὅτι
865 3887 975 3941 ἀπὸ
1005 3888 1106 3958 τῆς
1134 3888 1331 3959 φυλῆς,
1361 3889 1476 3942 ἀλλ’
1500 3891 1584 3943 ὅτι
1611 3890 1708 3943 καὶ
1735 3889 1844 3943 ἀπὸ
1873 3889 1973 3959 τῆς

378 3971 561 4034 οἰκίας
594 3971 790 4025 Ἰεσσαὶ
822 3971 1235 4041 προελεύσεται,
1262 3973 1358 4027 καὶ
1391 3972 1552 4026 τοῦτο
1582 3971 1973 4043 προανεφώνη-

381 4073 504 4121 σεν,
532 4054 722 4108 εἰπών’
747 4055 1166 4119 Ἑξελεύσεται
1193 4056 1325 4127 γάρ,
1350 4056 1504 4127 φησί,
1515 4056 1746 4125 ῥάϐδος
1769 4057 1840 4111 ἐκ
1862 4056 1974 4126 τῆς

373 4139 548 4207 ,ῥίζης
578 4138 800 4193 Ἰεσσαί
813 4155 827 4168 ’
854 4139 917 4193 ού
953 4140 1083 4212 περὶ
1126 4140 1324 4211 ῥάϐδου
1370 4140 1546 4209 λέγων
1591 4140 1808 4208 ἁπλῶς,
1835 4140 1974 4196 ἀλλὰ

380 4223 516 4294 περὶ
536 4221 698 4297 αὐτοῦ
726 4221 823 4275 καὶ
849 4222 953 4292 τῆς
984 4221 1264 4292 βασιλείας
1291 4219 1481 4279 αὐτοῦ.
1506 4222 1617 4277 Καὶ
1642 4224 1722 4277 ὃτι
1750 4223 1811 4275 οὐ
1843 4224 1973 4296 περὶ¹

382 4305 584 4378 ῥάϐδου
613 4304 771 4359 τοῦτο
817 4301 1002 4373 εἶπεν,
1038 4307 1278 4378 ἐδήλωσε
1326 4306 1414 4361 διὰ
1452 4306 1560 4359 τῶν
1592 4306 1751 4376 ἑξῆς·
1800 4306 1972 4362 εἰπὼν

380 4389 524 4461 γὰρ,
542 4389 957 4451 Ἐξελεύσεται
978 4390 1205 4458 ῥάϐδος
1223 4431 1237 4455 ,
1270 4391 1518 4462 ἐπήγαγε
1535 4404 1550 4421 ο
1572 4390 1681 4443 Καὶ
1705 4390 1973 4444 ἀναπαύ-

380 4488 554 4527 σεται
581 4473 674 4525 έπ⁶
690 4473 878 4527 αὐτὸν
903 4472 1140 4542 πνεῦμα
1164 4473 1386 4542 σοφίας
1408 4471 1507 4525 καί
1529 4464 1974 4537 συνέσεως,οὐ-

379 4555 493 4620 δεὶς
515 4555 592 4622 δὲ,
625 4554 727 4608 κᾶν
758 4553 962 4627 σφόδρα
988 4555 1216 4627 ἀνόητος
1239 4551 1298 4627 ᾗ,
1317 4553 1477 4609 τοῦτο
1497 4556 1631 4626 ἐρεῖ,
1655 4554 1737 4608 ὅτι
1764 4554 1855 4606 ἐπὶ
1876 4554 1970 4608 τοῦ

384 4639 544 4704 ξύλου
578 4639 778 4711 ῆρχετο
828 4640 861 4709 ή
902 4638 996 4691 τοῦ
1031 4638 1342 4709 πνεύματος
1376 4638 1568 4710 χάρις,
1604 4635 1718 4690 ἀλλ’
1753 4635 1972 4708 εὔδηλον

381 4723 470 4776 ὅτι
504 4722 595 4775 ἐπὶ
619 4722 711 4775 τὸν
734 4720 863 4775 ναὸν
887 4722 1096 4775 ἐκεῖνον
1127 4721 1219 4775 τὸν
1242 4722 1495 4792 ἄμωμον.
1518 4720 1617 4774 Διά
1642 4718 1801 4773 τοῦτο
1824 4719 1968 4785 οὐδὲ,

380 4807 522 4879 ἣξει,
552 4801 854 4871 εἷπεν,ἀλλ⁹
874 4805 1394 4859 ἐπαναπαύσεται·
1419 4803 1607 4875 ἐπειδὴ
1642 4801 1811 4857 ἐλθὼν
1840 4821 1974 4875 παρ-

383 4892 589 4962 έμεινε,
626 4888 722 4944 καὶ
777 4888 879 4941 οὐκ
924 4887 1161 4959 ἀπέστη.
1197 4890 1262 4941 Ὃ
1292 4887 1350 4941 δὲ
1383 4888 1477 4941 καὶ
1516 4889 1544 4940 6
1579 4885 1971 4957 εὐαγγελιστής

382 4975 642 5045 Ἰωάννης
671 4972 847 5043 δηλῶν
887 4972 1102 5042 ἐλεγεψ
1138 4970 1289 5041 Ἐγὼ
1313 4971 1589 5040 τεθέαμαι
1628 4969 1697 5023 τὸ
1728 4969 1972 5037 Πνεῦμα

381 5056 745 5113 καταϐαῖνον
758 5055 903 5109 ὡσεὶ
923 5054 1303 5125 περιστερὰν,
1322 5055 1419 5108 καί
1436 5053 1628 5124 μένον
1649 5053 1742 5107 ἐπ’
1760 5053 1966 5108 αὐτόν.

383 5143 461 5198 Οὐ
496 5139 930 5213 παρεσιώπησαν
963 5139 1021 5194 δὲ
1054 5138 1177 5192 οὐδὲ
1212 5137 1309 5209 τὴν
1353 5137 1580 5208 γνώμην
1609 5136 1710 5208 τήν
1746 5136 1968 5190 Ἰουδαῖ-

385 5228 510 5298 κὴν,
535 5227 604 5297 ἢν
649 5223 997 5288 ἐπεδείξαντο
1016 5221 1134 5292 ἅμα
1155 5221 1439 5291 τεχθέντος
1463 5219 1630 5274 αὐτοῦ
1650 5236 1663 5252 ·
1683 5216 1711 5271 6
1737 5219 1838 5291 μὲν
1860 5218 1968 5290 γὰρ

386 5308 666 5372 Ματθαῖός
713 5323 879 5378 φησιν
896 5322 911 5336 ·
938 5305 1228 5371 Ἀκούσας
1262 5303 1331 5357 δὲ
1358 5302 1610 5373 Ἡρώδης
1647 5300 1964 5371 ἐταράχθη,

384 5394 487 5450 καί
526 5391 698 5449 πᾶσα
735 5391 1118 5459 Ἰεροσόλυμα
1136 5389 1263 5458 μετ’
1307 5386 1495 5442 αὐτοῦ
1515 5402 1531 5417 ο
1567 5387 1599 5439 6
1638 5385 1697 5440 δὲ
1737 5384 1967 5448 Ἡσαΐας

384 5480 617 5534 ἄκουσον
646 5473 766 5539 πῶς
793 5474 887 5528 καὶ
912 5472 1070 5527 τοῦτο
1095 5471 1300 5528 ἄνωθεν
1340 5469 1711 5543 προανεφώνει
1753 5468 1927 5539 λέγων
1948 5483 1964 5499 ο

386 5559 771 5629 θελήσωσιν
794 5559 848 5611 εἰ
874 5554 1253 5626 ἐγενήθησαν
1271 5557 1671 5625 πυρίκαυστοι
1690 5570 1705 5585 ο
1725 5552 1815 5607 ὅτι
1832 5569 1966 5606 παι-

382 5647 519 5700 δίον
565 5641 857 5713 ἐγεννήθη
897 5639 1063 5710 ἡμῖν,
1098 5639 1227 5706 υίὸς
1281 5639 1382 5693 καί
1433 5638 1610 5708 ἐδόθη
1650 5636 1816 5707 ἡμῖν,
1865 5634 1965 5689 καί

383 5728 653 5783 καλεῖται
677 5729 742 5780 τὸ
781 5726 970 5793 ὄνομα
1007 5723 1194 5778 αὑτοῦ
1218 5724 1489 5794 μεγάλης
1520 5721 1763 5789 ,ϐουλῆς
1792 5719 1964 5789 («rre-

382 5817 515 5881 λος,
548 5802 894 5884 θαυμαστὸς
932 5809 1297 5878 σύμϐουλος,
1325 5806 1469 5873 Θεὸς
1497 5804 1765 5876 ἰσχυρὸς,
1790 5804 1963 5869 ἐξου-

956 328 1235 386 CONTRA
1282 330 1574 389 ιυυίεοε
1611 332 1699 388 ET
1739 298 2105 401 GENTILES,
2142 338 2333 406 QUOD
2374 345 2725 407 cumsws
2765 350 2875 407 srr
2914 349 3119 408 rusus.

3588 356 3693 411 816

2112 462 2394 542 σιαστὴς,
2429 466 2632 539 ἅρχων
2669 467 2915 538 εἰρήνης
2937 510 2953 535 ,
2988 468 3186 539 πατὴρ
3222 471 3329 524 τοῦ
3361 470 3700 542 μέλλοντος

2106 540 2343 625 αἰῶνος.
2375 548 2495 604 Ὅτι
2518 551 2576 606 δὲ
2599 554 2728 625 περὶ
2747 553 3036 625 ἀνθρώπου
3062 554 3162 608 οὐκ
3176 553 3243 608 ἄν
3262 572 3346 620 τις
3364 540 3521 610 θείποι
3537 557 3697 613 τοῦτο

2106 624 2286 695 ψιλοῦ.
2310 631 2534 703 εὔδηλον
2573 624 2813 699 καὶτοῖς
2836 637 3044 708 σφόδρα
3072 637 3397 707 φιλονεικεῖν
3428 639 3692 697 ἐθέλουσι.

2105 708 2239 795 Θεδς
2260 712 2369 786 γὰρ
2420 700 2639 789 ἰσχυρὸς
2673 719 2852 782 οὐδεὶς
2883 700 3198 792 ’ἀνθρώπων
3234 723 3429 795 ἐλέχθη
3460 722 3570 778 ἀπὸ
3598 723 3694 778 τοῦ
3720 700 3746 730 ¹

2103 791 2321 876 αἰῶνος,
2362 798 2483 852 οὐδὲ
2513 801 2696 872 ἄρχων
2733 802 2961 874 εἰρήνης
2986 791 3244 876 τοιαύτης
3263 823 3276 834 ·
3325 791 3447 873 Τῆς
3480 807 3591 876 γάρ
3615 809 3697 860 εἰ·

2096 873 2295 945 ρήνης
2318 882 2527 948 αὑτοῦ,
2550 886 2734 955 φησὶν,
2752 887 2867 939 οὐκ
2884 873 3060 939 ἐστιν
3075 873 3260 955 ὄριον.
3285 888 3395 942 Καὶ
3414 873 3567 958 δηλοῖ
3585 889 3695 943 τῶν

2106 962 2447 1032 πραγμάτων
2473 966 2505 1036 ἡ
2537 967 2719 1035 φύσις,
2749 970 2832 1023 ὅτι
2860 970 3042 1022 πᾶσαν
3065 970 3269 1040 ἐπῆλθε
3291 970 3390 1043 τὴν
3424 972 3550 1043 γῆν,
3582 974 3695 1026 πᾶ-

2105 1056 2203 1095 σαν
2237 1044 2528 1113 θάλατταν,
2565 1052 2747 1104 πᾶσαν
2781 1051 3129 1122 οἰκουμένην,
3179 1055 3361 1107 πᾶσαν
3412 1056 3692 1129 ἀοίκητον,

2098 1129 2197 1184 καί
2219 1128 2318 1202 ὅρη
2346 1132 2441 1185 καὶ
2480 1133 2657 1198 νάπας
2685 1137 2779 1188 καὶ
2810 1136 3032 1206 βουνοὺς
3060 1136 3167 1190 ἀπὸ
3187 1138 3287 1209 τῆς
3313 1138 3523 1210 ἡμέρας
3548 1128 3695 1195 ἐκεί-

2101 1229 2220 1295 νης,
2244 1214 2338 1283 ἀφ’
2368 1210 2435 1286 ἧς
2473 1218 2800 1288 ἀνέρχεσθαι
2832 1220 3063 1290 μέλλων,
3097 1222 3235 1292 πρὸς
3260 1222 3387 1286 τοὺς
3442 1223 3693 1295 μαθητὰς

2100 1291 2254 1350 εἶπεν
2273 1314 2286 1327 ·
2318 1299 2586 1369 Εἰρήνην
2617 1302 2732 1371 τὴν
2759 1302 2915 1372 ἐμὴν
2944 1291 3154 1375 δίδωμι
3184 1307 3345 1375 ὑμῖν,
3384 1291 3457 1361 οὗ
3492 1291 3691 1373 καθὼς

2099 1381 2137 1459 ό
2159 1381 2389 1449 κόσμος
2414 1381 2647 1449 δίδωσι,
2688 1386 2899 1455 δίδωμι
2924 1388 3089 1457 ὑμῖν.
3115 1388 3181 1441 Τί
3209 1389 3409 1459 δήποτε
3428 1388 3484 1442 δὲ
3515 1390 3690 1450 οὕτως

2098 1458 2253 1518 εἶπεν
2280 1466 2309 1518 6
2336 1467 2602 1537 Χριστός;
2644 1471 2677 1540 ή
2708 1470 2806 1541 μὲν
2831 1470 2942 1542 γὰρ
2963 1472 3070 1526 τῶν
3102 1458 3411 1543 ἀνθρώπων
3451 1473 3689 1527 εὐκατά-

2096 1546 2253 1612 λυτός
2282 1550 2419 1615 ἐστι,
2436 1552 2533 1605 καὶ
2561 1553 2765 1618 πολλάς
2790 1553 2902 1625 ἕχει
2934 1555 3035 1619 τάς
3060 1556 3397 1627 μεταϐολάς’
3416 1559 3450 1629 ή
3477 1557 3535 1610 δὲ
3557 1560 3689 1629 παρ’

2094 1630 2258 1684 αὐτοῦ
2288 1632 2501 1701 βεϐαία,
2537 1636 2812 1708 ἀκίνητος,
2853 1639 3055 1707 παγία,
3097 1640 3348 1711 μόνιμος,
3394 1641 3686 1705 ἀθάνατος.

2092 1713 2246 1779 τέλος
2273 1714 2371 1770 οὐκ
2400 1716 2619 1787 ἔχουσα,
2644 1720 2740 1774 καὶ
2767 1720 2941 1776 ταῦτα
2965 1723 3176 1794 μυρίων
3206 1724 3462 1795 πολέμων
3488 1742 3688 1779 παντα-

2092 1797 2252 1867 χόθεν
2305 1801 2832 1873 ἀναῤῥιπισθέντων,
2879 1806 2975 1859 καὶ
3015 1805 3136 1859 καθ’
3189 1807 3430 1878 ἑκάστην
3470 1807 3685 1879 ἡμέραν

2096 1882 2308 1952 μυρίων
2335 1885 2636 1940 ἐπιϐουλῶν
2689 1889 3013 1959 γινομένων.
3056 1890 3195 1944 Ἀλλ’
3223 1892 3253 1943 ὁ
3290 1891 3466 1946 πάντα
3504 1892 3682 1947 ἀνύων

2090 1963 2256 2018 αὐτοῦ
2290 1965 2447 2036 λόγος
2471 1970 2749 2026 καὶτοῦτο
2779 1972 2946 2043 ἤνυσε
2988 1974 3129 2045 μετὰ
3157 1973 3265 2028 τῶν
3305 1973 3503 2030 ἄλλων.

2158 2221 2230 2285 γ’.
2263 2217 2338 2271 Οὐ
2367 2218 2528 2289 μόνον
2560 2220 2617 2274 δὲ
2648 2222 2729 2275 ὅτι
2761 2223 3047 2296 ἄνθρωπος
3073 2224 3244 2291 ἔσται,
3276 2226 3413 2281 ἀλλά
3447 2228 3545 2283 καὶ
3579 2229 3681 2299 τῆς

2088 2300 2392 2384 παρουσίας
2454 2303 2622 2357 αὐτοῦ
2672 2304 2765 2359 τὸν
2814 2307 3018 2377 τρόπον
3052 2311 3490 2380 προεφήτευσαν.
3530 2310 3681 2384 [561]

2099 2382 2317 2467 Ἐπειδὴ
2374 2384 2483 2458 γάρ
2532 2385 2727 2453 ἔμελλε
2775 2391 3201 2467 παραγίνεσθαι,
3244 2395 3343 2447 οὐκ
3390 2382 3681 2465 ἀστραπὰς

2085 2465 2291 2534 ἀφιεὶς,
2320 2468 2381 2521 οὐ
2412 2473 2710 2540 κεραυνοὺς
2738 2473 2947 2527 ἄνωθεν
2970 2517 2985 2541 ,
3016 2475 3076 2526 οὐ
3126 2475 3289 2530 σείων
3321 2477 3418 2547 τὴν
3448 2478 3554 2548 γῆν
3572 2518 3587 2543 ,
3614 2480 3677 2533 οὐ

2085 2549 2293 2603 κλονῶν
2323 2552 2416 2605 τὸν
2445 2554 2696 2624 οὐρανὸν,
2731 2556 2833 2609 οὐκ
2868 2557 3165 2629 ἐκπλήξεις
3190 2560 3345 2623 τινὰς
3374 2560 3678 2632 ἐργαζόμε-

2084 2651 2194 2698 νος,
2228 2634 2347 2688 άλλ’
2367 2636 2608 2709 ἀψοφητὶ
2635 2638 2729 2691 καὶ
2748 2640 2977 2711 μηδενὸς
3002 2642 3204 2704 εἰδότος
3233 2644 3291 2696 ἐν
3316 2644 3463 2715 οἰκίᾳ
3485 2645 3677 2698 τέκτο-

2082 2734 2175 2781 νος
2211 2720 2405 2793 ἐτέχθη
2433 2761 2448 2786 ,
2490 2723 2550 2774 ἐν
2594 2722 2744 2794 οἰκίᾳ
2788 2723 2988 2795 ἀσήμῳ
3042 2726 3138 2778 καὶ
3170 2727 3400 2791 εὐτελεῖ,
3444 2728 3679 2782 ἄκουσον

2082 2800 2202 2865 πῶς
2219 2800 2343 2855 οὐδὲ
2374 2802 2532 2857 τοῦτο
2552 2804 2980 2879 παρεσιὼπησεν
3004 2808 3033 2860 6
3053 2807 3218 2862 Δαυῒδ
3248 2808 3419 2863 εἰπών
3441 2826 3457 2841 ο
3488 2814 3680 2865 Κατα-

2083 2883 2332 2952 ϐήσεται
2363 2886 2445 2952 ὡς
2472 2886 2650 2953 ὑετὸς
2677 2888 2775 2941 ἐπὶ
2800 2892 3013 2954 πόκον,
3047 2893 3106 2945 τὺ
3135 2892 3433 2963 ἀτάραχον,
3460 2893 3521 2946 τὸ
3540 2895 3678 2964 ἥσυ-

2082 2984 2177 3043 χον
2207 2967 2297 3021 διά
2325 2966 2516 3023 τούτου
2555 2970 2751 3041 δηλῶν.
2784 2974 2858 3027 Ού
2887 2973 3046 3027 τοῦτο
3084 2975 3142 3027 δὲ
3184 2965 3376 3042 μόνον,
3407 2976 3542 3030 ἀλλά
3582 2980 3673 3032 καὶ

2080 3051 2183 3119 τῆς
2202 3051 2325 3103 τότε
2355 3052 2495 3121 μετὰ
2535 3054 2754 3107 πάντων
2780 3056 2945 3109 αὐτοῦ
2974 3056 3252 3128 διαγωγῆς
3290 3057 3351 3110 τὸ
3378 3061 3554 3129 πρᾶον
3584 3060 3678 3114 καὶ

2081 3133 2325 3197 ἐπιεικὲς
2373 3134 2654 3204 ἐμφαίνων
2698 3136 2857 3200 ἄλλος
2912 3140 3199 3210 προφήτης
3248 3140 3353 3211 ὅρα
3390 3142 3445 3194 τί
3484 3159 3673 3212 φησιν.

2078 3215 2300 3286 Ἐπειδὴ
2312 3217 2424 3289 γὰρ
2436 3217 2501 3271 ὐϐ
2508 3217 2626 3289 ριζό
2632 3236 2812 3288 μενος,
2831 3222 2855 3272 ἐ
2864 3222 3043 3290 μπτυό
3050 3239 3228 3293 μενος,
3244 3223 3673 3296 λοιδορούμενος,

2079 3299 2499 3380 ἀτιμαζόμενος,
2527 3302 2947 3374 μαστιζόμενος,
2974 3305 3283 3360 τελευταῖον
3309 3309 3402 3361 καὶ
3428 3325 3676 3380 σταυρωο

2080 3379 2194 3446 θεὶς
2220 3384 2411 3438 οὐδένα
2454 3386 2564 3438 τῶν
2593 3384 2769 3441 ταῦτα
2807 3389 3191 3459 πεποιηκότων
3234 3389 3518 3460 ἠμύνατο,
3554 3379 3674 3445 ἀλλ’

2077 3464 2274 3538 ἔφερεν
2324 3466 2541 3522 ἅπαντα
2598 3470 2968 3541 μακροθύμως
3021 3473 3115 3525 καὶ
3163 3475 3376 3544 πράως,
3416 3469 3530 3527 οἷον
3572 3474 3674 3540 τὰς

2078 3550 2323 3620 ἀτιμίας,
2348 3551 2448 3616 τὰς
2489 3553 2802 3620 ἐπιϐουλάς,
2853 3554 2951 3626 τὴν
3002 3554 3224 3627 μανίαν,
3257 3555 3349 3611 τὸν
3379 3556 3551 3628 θυμὸν
3580 3556 3673 3612 τὸν

2077 3634 2305 3705 ἄκαιρον
2336 3635 2543 3689 ἐκείνου
2560 3636 2655 3688 τοῦ
2684 3636 2879 3708 δήμου,
2910 3639 3010 3703 τάς
3035 3638 3281 3708 ἐφόδους,
3304 3639 3476 3694 ταῦτα
3494 3641 3673 3697 πάντα

2075 3715 2252 3788 δηλῶν
2293 3718 2473 3786 ἔλεγε·
2505 3718 2795 3788 Κάλαμον
2826 3720 3342 3790 συντετριμμένον
3363 3725 3434 3777 οὐ
3456 3723 3668 3778 κατεά-

2076 3800 2187 3865 ξει,
2212 3800 2311 3855 καὶ
2348 3805 2527 3857 λίνον
2563 3804 2905 3873 τυφόμενον
2941 3806 3014 3859 οὐ
3048 3804 3255 3859 σϐέσει
3280 3846 3295 3871 ,
3327 3805 3438 3873 ἕως
3471 3806 3548 3861 ἂν
3572 3807 3669 3862 ἐκφ

2076 3883 2231 3952 ϐάλῃ
2259 3887 2347 3951 εἰς
2370 3884 2541 3952 νῖκος
2563 3886 2679 3954 τὴν
2705 3888 2932 3954 κρίσιν,
2956 3888 3055 3941 καὶ
3079 3888 3172 3942 ἐπ’
3199 3887 3360 3954 αὐτῷ
3380 3890 3526 3955 ἔθνη
3563 3891 3667 3945 ἐλ-

2075 3968 2346 4026 πιοῦσιν.
2368 3968 2593 4040 Ἕτερος
2615 3969 2673 4022 δὲ
2700 3969 2862 4023 πάλιν
2892 3971 2985 4023 καὶ
3010 3970 3103 4023 τὸν
3130 3970 3317 4033 τόπον,
3338 3973 3395 4025 ἐν
3416 3965 3460 4040 ᾧ
3476 3973 3666 4044 ἔμελλε

2073 4050 2376 4119 τίκτεσθαι,
2411 4052 2561 4123 δηλοῖ
2588 4052 2731 4107 οὔτω
2753 4053 2927 4123 λέγων
2944 4070 2958 4084 ⁸
2993 4052 3104 4108 Καὶ
3131 4054 3234 4121 σὺ,
3270 4056 3563 4126 Βηθλεὲμ,
3586 4058 3663 4127 γῆ

2087 4134 2276 4187 Ἰούδα
2299 4175 2314 4200 ,
2364 4136 2641 4205 οὐδαμῶς
2689 4138 2984 4207 ἐλαχίστη
3014 4132 3073 4190 εἷ
3096 4137 3167 4190 ἐν
3216 4135 3343 4203 τοῖς
3374 4140 3666 4208 ἡγεμόσιν

2086 4216 2307 4270 Ἰούδα·
2338 4216 2409 4270 ἐκ
2442 4219 2559 4273 σοῦ
2583 4218 2695 4289 γάρ
2732 4237 2836 4288 μοι
2879 4220 3268 4284 ἐξελεύσεται
3304 4221 3662 4290 ἡγούμενος,

2074 4298 2244 4366 ὅστις
2267 4303 2547 4371 ποιμανεῖ
2570 4302 2681 4356 τὸν
2709 4303 2865 4357 λαόν
2890 4321 3011 4373 μου
3042 4302 3150 4355 τὸν
3183 4302 3446 4370 Ἰσραὴλ,
3478 4306 3576 4360 καί
3602 4311 3664 4361 αἰ

2072 4383 2272 4448 ἔξοδοι
2299 4383 2487 4439 αὐτοῦ
2511 4385 2613 4440 ἀπ’
2634 4385 2829 4454 ἀρχῆς
2857 4387 2927 4451 ἐξ
2960 4384 3199 4455 ἡμερῶν
3222 4384 3456 4454 αἰῶνος.
3494 4384 3666 4453 Οὗτος

2071 4467 2169 4521 καὶ
2198 4468 2298 4538 τὴν
2318 4467 2549 4540 θεότητα
2576 4469 2671 4523 καὶ
2698 4469 2798 4539 τὴν
2843 4470 3242 4542 ἁνθρωπότητα
3280 4468 3554 4524 δείκνυσι·
3583 4471 3666 4542 τῷ

2075 4551 2303 4622 μὲνγὰρ
2322 4554 2522 4619 εἰπεῖν,
2551 4554 2621 4608 Αἰ
2641 4552 2840 4617 ἔξοδοι
2867 4544 3055 4610 αὐτοῦ
3090 4554 3190 4609 ἀπ’
3207 4554 3403 4625 ἀρχῆς
3424 4556 3491 4620 ἐξ
3522 4556 3664 4626 ἠμε-

2066 4634 2194 4703 ρῶν
2226 4633 2442 4701 αἰῶνος
2462 4678 2478 4700 ,
2527 4636 2624 4709 τήν
2655 4636 2982 4707 προαιώνιον
3022 4638 3256 4711 ἐδήλωσε
3292 4638 3555 4712 ὓπαρξινο
3582 4641 3663 4713 τῷ

2073 4718 2132 4772 δὲ
2159 4721 2356 4786 εἰπεῖν,
2400 4719 2814 4784 Ἐξελεύσεται
2842 4722 3197 4791 ἡγούμενος,
3244 4720 3414 4788 ὅστις
3450 4737 3661 4797 ποιμα-

2071 4802 2166 4857 νεῖ
2201 4804 2311 4856 τὸν
2340 4803 2496 4858 λαόν
2526 4822 2646 4873 μου
2676 4804 2785 4857 τὸν
2821 4804 3108 4872 Ἰσραὴλ,
3148 4804 3247 4876 τὴν
3291 4804 3435 4858 κατὰ
3481 4807 3661 4877 σάρκα

2072 4887 2346 4957 γέννησιν.
2376 4886 2490 4941 Καὶ
2525 4888 2628 4959 ὅρα
2667 4887 2829 4943 πάλιν
2870 4888 2963 4941 καὶ
3003 4888 3197 4959 ἑτέραν
3250 4888 3483 4942 ἐνταῦθα
3520 4906 3656 4960 προ-

2075 4969 2301 5041 φητείαν
2329 4970 2763 5039 διαλάμπουσαν.
2794 4973 2870 5025 Οὐ
2897 4972 3008 5044 γὰρ
3041 4972 3201 5043 μόνον
3226 4973 3307 5026 ὅτι
3336 4973 3658 5045 τεχθήσεται

2074 5050 2249 5117 εἷπεν,
2270 5054 2483 5109 ἀλλ’ὅτι
2510 5057 2604 5109 καὶ
2641 5054 2913 5126 ἐπίσημον
2948 5056 3100 5109 ἔσται
3137 5056 3203 5109 τὸ
3229 5057 3447 5128 χωρίον,
3479 5058 3656 5112 καίτοι

2074 5140 2290 5204 εὐτελὲς
2312 5138 2372 5193 ὃν
2399 5141 2494 5193 καὶ
2540 5140 2765 5211 μικρόν·
2794 5140 3079 5210 Οὐδαμῶς
3112 5140 3224 5214 γὰρ
3267 5141 3563 5212 ἐλαχίστη
3601 5139 3659 5196 εἰ

2070 5224 2140 5278 ἐν
2165 5224 2289 5291 τοῖς
2311 5225 2607 5295 ἡγεμόσιν
2631 5223 2839 5291 Ἰούδα,
2863 5226 3019 5295 φησί.

2138 5466 2297 5519 Πᾶσα
2333 5465 2513 5519 τοίνυν
2556 5466 2591 5538 ή
2624 5466 2917 5539 οἰκουμένη
2955 5467 3235 5538 συντρέχει
3266 5466 3360 5520 νῦν
3396 5469 3525 5523 ἰδεῖν
3553 5464 3653 5535 τήν

2068 5547 2351 5621 Βηθλεὲμ,
2399 5548 2530 5603 ἔνθα
2581 5550 2791 5621 τεχθεὶς
2839 5551 3036 5623 ἐτέθη,
3085 5551 3383 5621 οὐδαμόθεν
3432 5550 3654 5605 ἂλλοθεν

2067 5633 2181 5688 ἀλλ’
2224 5633 2261 5706 ἢ
2308 5633 2557 5688 ἐντεῦθεν
2594 5636 2773 5705 μόνον.
2809 5635 3001 5699 Ἄλλος
3048 5635 3208 5690 πάλιν
3246 5638 3341 5689 καὶ
3389 5635 3481 5689 τὸν
3531 5653 3656 5689 και-

2068 5716 2180 5789 ρὸν,
2232 5717 2290 5770 ἐν
2339 5710 2386 5785 ᾧ
2430 5716 2625 5789 ἔμελλε
2670 5718 3111 5790 παραγίνεσθαι,
3156 5719 3424 5790 ἐδήλωσεν
3480 5716 3654 5781 οὕτως

2070 5798 2271 5855 εἰπών’
2335 5802 2461 5856 Οὐκ
2517 5801 2784 5872 ἐκλείψει
2852 5802 3052 5873 ἅρχων
3106 5802 3173 5870 ἐξ
3238 5801 3463 5871 Ἰούδα,
3511 5798 3653 5856 οὐδὲ
