3920 6424
395 370 499 427 8ἱἹ

394 485 733 556 ἡγούμενος
772 482 841 538 ἐκ
890 483 1010 538 τῶν
1049 483 1250 554 μερῶν
1294 481 1505 545 αὐτοῦ,
1548 479 1664 543 ἕως
1710 477 1788 531 ἂν
1835 477 1984 545 έλθῃ

394 565 443 639 ᾦ
478 570 807 626 ἀπόκειται.
854 567 966 621 Καὶ
1018 565 1201 632 αὐτὸς
1247 563 1582 633 προσδοκία
1628 558 1841 624 ἐθνῶν,
1894 558 1988 612 δε-

395 654 638 723 σμεύων
679 651 830 722 πρὸς
876 651 1151 718 ἄμπελον
1199 654 1309 701 τον
1362 644 1572 700 πῶλον
1616 644 1835 709 αὑτοῦ,
1886 641 1987 696 καὶ

396 736 473 806 τῇ
510 737 668 792 ἕλικι
721 738 828 790 τὸν
878 735 1086 788 πῶλον
1131 730 1242 800 τῆς
1296 731 1442 786 δνου
1486 730 1674 784 αὐτοῦ
1700 745 1715 760 ο
1768 727 1994 783 πλυνεῖ

395 821 467 874 ἐν
498 820 642 887 οἴνῳ
671 819 786 887 τὴν
811 816 1047 884 στολὴν
1077 815 1284 877 αὐτοῦ,
1311 814 1408 868 καὶ
1430 813 1501 865 ἐν
1523 813 1725 882 αἵματι
1755 825 1986 880 σταφυ-

394 902 515 972 λῆς
552 903 668 972 τὴν
712 900 1039 971 περιϐολὴν
1071 899 1290 954 αὐτοῦ’
1323 898 1636 967 χαροποιΟὶ
1675 900 1729 951 οἱ
1762 897 1988 967 ὀφθαλ-

396 987 493 1056 μοὶ
518 987 704 1041 αὐτοῦ
728 986 846 1041 ἀπὸ
869 985 1061 1049 οἴνου,
1086 983 1185 1037 καὶ
1206 981 1416 1038 λευκοί
1443 986 1496 1036 οὶ
1529 982 1773 1050 ὀδόντες
1798 980 1985 1037 αὐτοῦ

395 1071 435 1138 ἣ
474 1069 648 1139 γάλα.
673 1070 815 1139 Ὅρα
854 1068 948 1121 καὶ
987 1067 1192 1138 ταύτην
1234 1067 1334 1137 τὴν
1387 1065 1724 1137 προφητείαν
1760 1065 1987 1137 διαπρέ-

396 1170 620 1207 πουσαν.
676 1152 810 1204 Τότε
863 1150 973 1223 γὰρ
1019 1147 1403 1221 παραγίνεται,
1446 1148 1535 1202 ὅτε
1577 1148 1762 1204 λοιπὸν
1803 1149 1987 1203 ἐπέλι-

395 1253 496 1289 πον
520 1238 567 1288 οἱ
596 1235 859 1309 ἄρχοντες
891 1235 942 1287 οἰ
985 1232 1289 1294 Ἰουδαϊκοῖ,
1330 1233 1426 1285 καὶ
1468 1232 1574 1286 ὑπὸ
1617 1232 1686 1286 τά
1727 1232 1985 1304 σκῆπτρα

392 1320 503 1374 τῶν
538 1319 824 1390 Ῥωμαίων
865 1318 1114 1389 ἐγένοντο
1132 1332 1147 1347 °
1173 1317 1268 1371 καὶ
1296 1316 1468 1380 οὓτως
1496 1316 1799 1387 ἐπληροῦτο
1828 1318 1922 1371 καὶ
1947 1319 1980 1389 ή

392 1404 703 1475 προφητεία
743 1406 776 1473 ή
813 1402 1068 1470 λέγουσα,
1100 1402 1182 1454 ὅτι
1209 1402 1333 1455 Οὐκ
1361 1401 1632 1469 ἐκλείψει
1672 1400 1873 1471 ἅρχων
1914 1401 1986 1466 ἐξ

407 1486 623 1552 Ἰούδα,
647 1486 789 1541 οὐδὲ
815 1486 1149 1554 ἡγούμενος
1169 1484 1237 1537 ἐκ
1268 1480 1386 1536 τῶν
1410 1481 1618 1553 μηρῶν
1643 1482 1851 1547 αὑτοῦ,
1874 1483 1985 1548 ἕως

396 1570 473 1626 ἂν
503 1571 651 1639 ἔλθη
672 1562 721 1635 ᾧ
742 1570 1074 1632 ἀπόκειται,
1108 1568 1198 1621 τὸν
1225 1567 1462 1638 Χριστὸν
1500 1566 1753 1635 λέγουσα.
1816 1566 1983 1638 Ὁμοῦ

393 1673 455 1709 τε
476 1656 587 1726 γὰρ
618 1654 834 1725 ἐτέχθη,
866 1653 963 1707 καὶ
984 1652 1280 1723 ἀπογραφὴ
1314 1650 1531 1720 ἐγένετο
1561 1651 1744 1722 ἐκείνη
1766 1650 1982 1723 πρώτη,

393 1738 786 1809 κρατησάντων
846 1736 1134 1807 Ῥωμαίων
1174 1734 1266 1788 τοῦ
1331 1734 1601 1790 Ἰουδαίων
1645 1732 1850 1797 ἔθνους,
1888 1733 1984 1787 καὶ

393 1821 500 1872 ὑπὸ
529 1819 692 1888 ζυγὸν
720 1821 819 1889 τῆς
847 1819 1053 1882 οἰκείας
1097 1818 1378 1889 βασιλείας
1409 1817 1728 1888 ἀγαγόντων
1761 1817 1980 1882 αὐτούς.

394 1900 526 1955 Εἶτα
553 1902 649 1956 καὶ
680 1901 810 1955 ἄλλο
840 1903 1324 1973 παρασημαίνεται
1371 1901 1450 1972 τῷ
1488 1901 1697 1969 λέγειν’
1729 1901 1842 1955 Καὶ
1874 1903 1984 1955 αὐ-

394 1988 495 2055 τὸς
516 1987 850 2056 προσδοκία
873 1986 1065 2041 ἐθνῶν
1083 2003 1096 2017 ·
1127 1986 1579 2059 παραγενόμενος
1605 1984 1717 2056 γὰρ
1748 1984 1817 2038 τὰ
1852 1984 1980 2056 ἔθνη

393 2074 572 2128 πάντα
609 2070 982 2125 ἐπεσπάσατο.
1024 2069 1290 2140 Ἐμελλεν
1329 2073 1358 2124 6
1400 2069 1669 2142 Ἡρώδης,
1705 2069 1983 2141 ἐπιζητῶν

386 2156 553 2210 αὐτὸν
579 2155 859 2225 τεχθέντα,
891 2156 1137 2227 ἀναιρεῖν
1163 2154 1233 2208 τά
1264 2154 1452 2209 αὐτόθι
1483 2155 1694 2209 παιδία.
1723 2155 1832 2208 Καὶ
1860 2154 1983 2209 οὐδὲ

391 2241 551 2295 τοῦτο
577 2242 840 2310 ἐσίγησαν
860 2243 909 2293 οἰ
942 2239 1243 2310 προφῆται,
1272 2240 1407 2294 ἀλλά
1446 2240 1552 2312 πρὸ
1594 2239 1806 2295 πολλῶν
1850 2258 1984 2311 προ-

391 2324 747 2395 ανεφώνησαν
792 2322 944 2395 [562]
990 2323 1100 2376 τῶν
1142 2324 1351 2395 χρόνων
1386 2324 1653 2389 εἰπόντες,
1698 2322 1879 2392 Φωνὴ
1912 2323 1984 2378 ἐν

403 2405 590 2476 Ῥαμᾷ
615 2407 913 2475 ἠκούσθη,
948 2404 1172 2474 θρῆνος
1195 2407 1294 2459 καὶ
1325 2396 1634 2476 κλαυθμὸς
1679 2406 1775 2462 καί
1806 2408 1983 2475 ὀδυρ-

390 2491 503 2561 μὸς
542 2490 771 2555 πολύς·
820 2490 1049 2559 Ῥαχὴλ
1098 2490 1399 2544 κλαίουσα
1435 2489 1509 2544 τὰ
1536 2491 1721 2546 τέκνα
1771 2490 1981 2559 αὐτῆς,

390 2574 491 2626 καὶ
507 2576 617 2628 οὐκ
639 2572 819 2641 ἤθελε
836 2571 1316 2642 παρακληθῆναι,
1337 2573 1427 2627 ὅτι
1451 2577 1563 2629 οὐκ
1578 2576 1757 2629 εἰσίν.
1779 2575 1984 2645 Ἐμελ-

390 2658 480 2711 λεν
508 2658 567 2725 ὲξ
598 2657 875 2726 Αἰγύπτου
907 2657 1149 2711 άνιέναι’
1177 2659 1271 2711 καὶ
1304 2658 1466 2711 τοῦτο
1496 2659 1775 2730 ἐδήλωσαν
1803 2658 1985 2712 εἰπόν-

390 2761 482 2806 τες
501 2758 515 2772 ⁶
544 2743 649 2807 Ἐξ
672 2743 976 2812 Αἰγύπτου
1010 2741 1278 2796 ἐκάλεσα
1311 2742 1418 2796 τὸν
1463 2744 1601 2796 Υίόν
1627 2748 1769 2812 μουὶ
1822 2740 1985 2795 Ἀλλά

390 2828 487 2881 καὶ
509 2827 566 2879 ὲν
582 2827 765 2890 τόποις
790 2829 1044 2896 φανεροῖς
1069 2826 1517 2898 παραγενόμενος
1534 2825 1758 2895 ἔμελλεν
1783 2825 1983 2891 εὐθέως

391 2912 595 2981 σημεῖα
630 2912 808 2963 ποιεῖν
828 2909 922 2964 καὶ
942 2909 1217 2962 διδάσκειν
1240 2927 1253 2941 ο
1285 2909 1380 2963 καὶ
1402 2909 1563 2963 τοῦτο
1595 2910 1985 2981 προανεφωνή-

390 2994 482 3063 θη.
505 2994 705 3046 Ἄκουε
737 2993 847 3060 γάρ
890 2993 1113 3061 Ἡσαΐου
1136 2991 1391 3061 λέγοντος
1413 2991 1613 3060 ’Χώρα
1638 2990 1980 3055 Ζαϐουλὼν,

389 3077 467 3148 γῆ
489 3079 853 3149 Νεφθαλείμ,
881 3080 914 3131 ὁ
941 3076 1090 3143 λαὸς
1115 3080 1147 3131 ό
1168 3076 1506 3146 καθήμενος
1537 3078 1608 3129 ἐν
1635 3077 1839 3131 σκότει
1861 3072 1984 3130 εἶδε

389 3163 516 3234 φῶς
532 3162 707 3235 μέγα,
728 3164 829 3217 καί
855 3161 978 3229 τοῖς
1000 3160 1358 3231 καθημένοις
1379 3161 1450 3215 ἐν
1480 3161 1684 3215 σκότει
1709 3160 1808 3213 καί
1838 3158 1983 3227 σκιᾷ

389 3246 653 3304 θανάτου
680 3247 807 3318 φῶς
827 3243 1137 3302 ἀνέτειλεν
1162 3245 1395 3311 αὐτοῖς’
1429 3246 1532 3317 τὴν
1563 3243 1870 3315 παρουσίαν
1892 3243 1985 3298 αὐ-

387 3330 485 3384 τοῦ
523 3330 770 3384 ἐντεῦθεν
821 3328 995 3400 δηλῶν
1026 3328 1126 3400 τὴν
1157 3329 1338 3381 ὲκεῖσε
1385 3326 1522 3400 [τὴν
1555 3325 1941 3399 διδασκαλίαν]
1962 3366 1979 3392 ,

390 3414 487 3486 τὴν
519 3415 628 3469 ἀπὺ
654 3415 762 3468 τῶν
791 3412 1085 3484 θαυμάτων
1114 3411 1415 3483 γενομένην
1444 3413 1630 3476 αὐτοῖς
1660 3412 1978 3480 ἐπίγνωσιν.
2004 3468 2017 3479 ί

391 3494 527 3553 Εἶτα
560 3497 720 3551 πάλιν
757 3497 921 3567 ἕτερα
959 3496 1214 3567 θαύματα
1244 3494 1622 3565 διηγούμενος,
1661 3494 1754 3548 καὶ
1769 3494 1983 3559 δεικνὺς

392 3581 512 3644 πῶς
529 3579 740 3650 χωλοὺς
788 3578 1149 3649 ἐθεράπευσε,
1183 3577 1301 3641 πῶς
1324 3577 1564 3646 τυφλοὺς
1617 3576 1828 3639 ἰάσατο,
1864 3576 1983 3640 πῶς

392 3654 627 3727 ἀλάλους
648 3662 1037 3735 παρεσκεύασε
1069 3661 1272 3715 λαλεῖν.
1309 3664 1448 3715 Τότε
1487 3659 1979 3729 ἁνοιχθήσονται,

391 3746 576 3819 φησὶν,
613 3745 910 3815 ὀφθαλμοί
952 3743 1219 3813 τυφλῶν,
1253 3744 1352 3798 καί
1391 3739 1512 3798 ὦτα
1543 3742 1759 3813 κωφῶν
1801 3743 1983 3798 ἀκού-

390 3839 623 3884 σονται.
672 3829 784 3882 Καὶ
834 3827 950 3899 μεθ’
980 3828 1172 3900 ἕτερα·
1215 3829 1351 3881 Τότε
1377 3825 1608 3880 ἀλεῖται
1635 3827 1716 3894 ὡς
1753 3828 1982 3895 ἔλαφος

391 3915 426 3967 d
456 3913 670 3982 χωλὸς,
726 3912 824 3965 καὶ
873 3911 1062 3980 τρανὴ
1110 3913 1284 3966 ἐσται
1313 3910 1570 3980 γλῶσσα
1595 3911 1977 3981 μογιλάλωνδ

390 3999 527 4068 ὅπερ
551 3997 806 4051 οὐδέποτε
828 3997 1071 4065 γέγονεν,
1103 3995 1136 4066 ἢ
1178 3997 1271 4049 ἐπὶ
1300 3998 1401 4066 τῆς
1441 3996 1748 4067 παρουσίας
1792 3995 1977 4051 αὐτοῦ.

403 4081 594 4136 Ἐνίων
618 4079 675 4133 δὲ
700 4079 943 4149 σημείων
964 4079 1058 4132 καὶ
1089 4079 1273 4142 ἰδικῶς
1293 4080 1731 4151 ἐμνημόνευσαν.
1749 4078 1980 4148 Εἰσῆλθε

389 4163 521 4233 γοῦν
550 4180 678 4216 ποτε
704 4164 785 4227 εἰς
811 4163 873 4216 τὸ
903 4162 1067 4232 ἱερὸν,
1104 4163 1199 4215 καὶ
1235 4162 1306 4215 τὰ
1345 4162 1535 4216 παιδία
1580 4162 1679 4216 ἔτι
1701 4163 1981 4234 ὐπομάζια

388 4249 486 4304 καὶ
515 4247 884 4320 ἀδιάρθρωτον
915 4247 1014 4319 τήν
1053 4247 1238 4317 φωνὴν
1280 4247 1474 4317 ἔχοντα
1519 4244 1645 4322 ᾖδον
1693 4250 1774 4312 εἰς
1816 4248 1980 4303 αὐτὸν

392 4332 592 4404 ὕμνους
618 4333 815 4404 ἱεροὺς,
833 4331 978 4385 οὐτω
1009 4330 1238 4400 λέγοντα
1254 4348 1268 4361 ·
1309 4330 1575 4385 Ὡσαννὰ
1599 4332 1669 4385 ἐν
1693 4332 1819 4399 τοῖς
1839 4333 1981 4402 ὑψί-

389 4431 558 4483 στοις
581 4433 594 4446 ·
622 4415 1033 4487 εὐλογημένος
1070 4418 1103 4468 ό
1133 4415 1459 4484 ἐρχόμενος
1490 4415 1561 4468 ἐν
1591 4416 1835 4485 ὀνόματι
1864 4420 1980 4471 Κυο

387 4500 542 4567 ρίου.
558 4498 728 4551 Τοῦτο
751 4498 957 4552 ἀνωθεν
979 4500 1243 4569 προεῖπεν
1262 4500 1289 4551 6
1310 4500 1597 4569 προφήτης
1617 4497 1762 4552 οῦτω
1782 4493 1999 4568 λέγων⁶’

402 4583 506 4637 Ἐκ
535 4582 833 4651 στόματος
868 4581 1103 4647 νηπίων
1126 4580 1221 4634 καὶ
1248 4580 1624 4647 θηλαζόντων
1643 4583 1980 4651 κατηρτίσω

390 4661 587 4729 αἶνον,
603 4663 711 4718 τοῦ
737 4664 1074 4718 καταλῦσαι
1089 4663 1308 4733 ἐχθρὸν
1323 4664 1420 4717 καὶ
1434 4663 1783 4732 ἐκδικητὴν.
1815 4665 1980 4738 Ὁρᾷς

391 4749 512 4813 πῶς
543 4748 666 4802 καθ’
694 4749 890 4820 ἑαυτὴν
933 4751 965 4818 ἡ
1000 4748 1160 4817 φύσις
1193 4747 1574 4820 ἀγωνιζομένη
1616 4751 1712 4803 καὶ
1751 4750 1843 4804 τὸν
1884 4748 1981 4821 δη-

395 4832 654 4901 μιουργὸν
680 4830 1129 4904 ἀνακηρύττουσα
1173 4832 1207 4901 ἡ
1250 4830 1623 4902 ἀπειρόκακος
1667 4832 1851 4905 ἡλικία
1885 4834 1980 4887 καὶ

396 4917 564 4988 μήπω
589 4914 882 4988 διαρθροῦν
909 4915 1093 4987 φωνὴν
1120 4913 1395 4986 δυναμένη
1419 4916 1778 4973 ἀποστολικὸν
1804 4917 1981 4973 ἀνεδέρ

395 5000 521 5066 ξατο
548 5006 842 5072 κήρυγμας

460 5285 522 5339 δ’.
541 5284 762 5358 Ἐπειδὴ
790 5286 847 5340 δὲ
878 5286 1262 5357 διαλεγόμενος
1296 5286 1532 5357 ἀλλαχοῦ
1567 5290 1677 5351 τοῖς
1699 5287 1977 5352 Ἰουδαίοις

390 5375 479 5428 διὰ
493 5373 589 5445 τὴν
607 5373 1000 5445 ἀγνωμοσύνην
1017 5375 1196 5428 αὐτῶν
1218 5376 1692 5446 συνεσκιασμένως
1715 5375 1785 5430 τὰ
1807 5376 1980 5431 πολλά

391 5461 679 5530 διελέγετο,
714 5462 791 5525 ὡς
815 5464 874 5515 ὲν
891 5462 1175 5533 αἰνίγματι
1205 5463 1302 5516 καὶ
1330 5462 1690 5534 παραϐολαῖς,
1712 5464 1979 5518 καὶτοῦτο

279 5556 285 5562 ’
392 5548 597 5602 ἀνωθεν
646 5549 946 5621 προελέχθη
968 5565 984 5581 ⁶
1042 5547 1373 5619 Φθέγξομαι
1417 5551 1810 5622 προϐλήματα
1860 5554 1979 5609 ἀπὸ

393 5637 735 5705 καταϐολῆς
767 5639 1019 5707 κόσμου,
1081 5639 1394 5708 ἐρεύξομαι
1449 5640 1828 5711 κεκρυμμένα
1877 5643 1980 5696 ἀπ’

393 5722 606 5811 ἀρχῇς.
656 5725 819 5781 ’Δλλὰ
852 5726 948 5778 καὶ
975 5725 1075 5798 τὴν
1105 5727 1298 5795 σοφίαν
1321 5728 1419 5799 τήν
1443 5728 1503 5781 ὲν
1528 5727 1606 5798 τῷ
1644 5728 1978 5811 δημηγορεῖν

392 5808 600 5864 ἄνωθεν
626 5813 1125 5883 προανακηρύττων
1167 5816 1196 5867 ὁ
1238 5815 1523 5888 προφήτης
1573 5816 1793 5888 ἔλεγεν·
1849 5808 1975 5887 Ὲξτ

1127 367 1187 422 S.
1226 361 1515 427 JOANNIS
1551 359 1900 419 CHRYSOS'I
1917 362 2035 415 ΟΜ·
2077 361 2401 420 ARCHIEP.
2441 358 2992 422 CONSTAN'I‘INOP.

3592 373 3698 429 818

2091 479 2277 548 εχὺθη
2292 480 2330 548 ὴ
2351 478 2523 549 χάρις
2542 479 2613 534 ἐν
2640 481 2879 551 χείλεσι
2901 495 3020 535 σου
3040 496 3054 510 ’
3077 480 3170 535 καὶ
3185 477 3371 554 ἔτερος
3397 485 3703 560 προφήτης

2093 565 2290 619 πάλιν·
2341 566 2489 621 Ἰδοὺ
2519 568 2780 636 συνήσει
2803 571 2838 623 ό
2874 567 3018 634 παῖς
3034 586 3176 637 μου,
3222 570 3315 624 καί
3361 572 3697 640 ὑψωθήσεα

2091 668 2187 706 ται
2211 654 2309 708 καὶ
2335 654 2786 724 δοξασθήσεται
2816 654 2917 710 καί
2953 656 3513 726 μετεωρισθήσεται
3546 663 3698 731 σφόε

2092 740 2223 809 δρα.
2254 742 2366 797 Καὶ
2385 743 2486 814 τῆς
2515 743 2820 814 παρουσίας
2848 743 3023 813 αὐτῆς
3054 742 3126 796 τά
3173 743 3598 815 κατορθώματα
3627 750 3693 803 τὰ

2097 828 2236 899 μετά
2270 830 2378 885 τῶν
2414 830 2658 902 σημείων
2692 830 2957 901 γινόμενα
2977 830 3053 894 ὡς
3086 831 3144 883 ὲν
3175 828 3373 902 βραχεῖ
3393 832 3685 907 διηγούμε-

2092 934 2205 983 νος,
2237 918 2399 973 πάλιν
2426 919 2590 984 αὐτὸς
2619 918 2793 983 οὕτως
2820 919 3006 988 ἔλεγεο
3046 917 3292 988 Πνεῦμα
3337 921 3575 989 Κυρίου
3600 915 3684 978 ἐπ’
3720 964 3723 967 -
3836 924 3837 927 “

2092 1004 2216 1076 ἐμὲ,
2251 1001 2323 1063 οὗ
2351 1007 2558 1062 ἕνεκεν
2587 1007 2797 1077 ἕχρισέ
2831 1024 2928 1077 με,
2979 1008 3501 1078 εὐαγγελίσασθαι
3538 1028 3689 1066 πτω-

2093 1094 2225 1165 χοῖς
2251 1090 2604 1151 ἀπέσταλκε
2617 1112 2717 1165 με,
2743 1094 3002 1164 κηρῦξαι
3030 1095 3443 1166 αἰχμαλώτοις
3470 1097 3693 1170 ἄφεσιν

2093 1182 2193 1237 καὶ
2223 1178 2480 1252 τυφλοῖς
2503 1182 2865 1253 ἀνάϐλεψιν.
2919 1183 3141 1254 Ἐπειδὴ
3177 1183 3274 1237 καὶ
3317 1185 3415 1238 τὸν
3450 1188 3686 1244 τοσαῦτα

2093 1267 2486 1342 εὐεργετοῦντα
2529 1271 2729 1334 αὐτοὺς
2788 1270 3014 1342 ἔμελλον
3068 1272 3518 1343 ἀποστρέφεσθαι
3562 1277 3683 1347 εἰκῇ

2093 1357 2189 1411 καὶ
2221 1357 2420 1427 μάτην,
2451 1357 2512 1411 οὐ
2545 1357 2765 1431 μικρὸν,
2800 1358 2862 1411 οὐ
2892 1359 3041 1429 μέγα
3061 1358 3276 1429 ἔχοντες
3297 1360 3576 1429 ἐγκαλεῖν,
3592 1366 3686 1419 καὶ

2091 1441 2251 1496 τοῦτο
2275 1443 2756 1516 προανεκηρύχθη.
2818 1445 3020 1497 ’Ἄκουε
3054 1446 3166 1516 γὰρ
3202 1446 3298 1501 τοῦ
3330 1448 3503 1502 Δαυτδ
3532 1449 3689 1506 τοῦτο

2092 1529 2225 1583 αὐτὸ
2251 1531 2712 1604 προθεσπίζοντος
2732 1531 2877 1586 οὕτω
2905 1533 2998 1586 καὶ
3026 1533 3280 1602 λέγοντος
3299 1551 3315 1564 ο
3364 1534 3535 1591 Μετὰ
3572 1537 3689 1591 τῶν

2086 1620 2434 1687 μισούντων
2487 1619 2605 1688 τὴν
2654 1620 2913 1690 εἰρήνην
2944 1619 3110 1690 ἥμην
3145 1624 3491 1691 εἰρηνικός·
3547 1623 3691 1681 ὅταν

2091 1705 2362 1763 ἐλάλουν
2384 1709 2613 1775 αὐτοῖς,
2647 1710 2994 1780 ἐπολέμουν
3022 1726 3102 1780 με
3141 1710 3394 1779 δωρεάν.
3458 1712 3689 1784 Ἔμελλε

2092 1798 2189 1850 καὶ
2222 1797 2316 1850 ἐπὶ
2341 1798 2463 1851 ἥνου
2486 1798 2783 1869 ὀχούμενος
2802 1797 2977 1862 οὕτως
2996 1801 3077 1863 εἰς
3102 1799 3202 1870 τὴν
3236 1799 3397 1854 πόλιν
3425 1802 3656 1857 εἰσιέναι
3672 1818 3686 1832 ’

2091 1884 2365 1938 καὶτοῦτο
2395 1885 2603 1940 ἀνωθεν
2627 1885 3091 1957 προανεκηρύχθη
3133 1886 3241 1941 ὑπὸ
3281 1888 3562 1961 Ζαχαρίου
3606 1888 3691 1944 λέυ

2091 1989 2279 2042 γοντος
2298 1972 2462 2026 οὕτωσ
2488 1973 2665 2042 Χαῖρε
2688 1973 2946 2042 σφόδρα,
2966 1974 3219 2044 θύγατερ
3247 1974 3431 2041 Σιὼν,
3458 1976 3686 2048 κήρυσ-

2091 2075 2186 2125 σε,
2209 2060 2462 2130 θύγατερ
2501 2061 2933 2130 Ἰερουσαλήμ’
2971 2060 3102 2115 ἰδοὺ
3131 2065 3165 2116 ό
3211 2062 3526 2131 βασιλεύς
3570 2080 3688 2121 σου

2091 2146 2328 2219 ἔρχεταί
2355 2163 2456 2202 σοι
2489 2149 2682 2217 πραῢς
2707 2149 2809 2205 καί
2838 2148 3212 2219 ἐπιϐεϐηκὼς
3234 2151 3339 2205 ἐπὶ
3367 2152 3689 2225 ὑποζύγιον

2090 2236 2189 2289 καὶ
2213 2234 2421 2290 πῶλον
2446 2239 2607 2290 νέον.
2652 2236 2907 2303 Ἑξέϐαλε
2934 2237 3064 2302 τούς
3104 2236 3431 2303 πωλοῦντας
3456 2239 3557 2303 τάς
3594 2256 3689 2293 πε-

2094 2311 2353 2397 ριστερὰς
2381 2325 2621 2388 καὶτοὺς
2645 2309 3026 2389 κολλυϐιστάς.
3059 2324 3267 2378 Ἐποίει
3292 2325 3353 2379 δὲ
3376 2325 3538 2380 τοῦτο
3559 2328 3686 2381 αὐτὸ

2093 2411 2241 2483 ζήλῳ
2270 2411 2350 2483 τῷ
2382 2412 2524 2484 ὑπὲρ
2557 2410 2651 2466 τοῦ
2693 2412 2845 2466 οἴκου
2865 2455 2880 2479 ,
2921 2412 3018 2466 καὶ
3054 2412 3174 2483 ἀμα
3216 2412 3442 2477 δεικνὺς
3483 2414 3564 2467 ὅτι
3591 2415 3687 2467 οὐκ

2091 2499 2337 2565 ἀντίθὲός
2357 2501 2441 2565 τίς
2463 2503 2632 2566 ἐστιν,
2661 2501 2798 2556 ἀλλὰ
2831 2502 2927 2555 καὶ
2962 2499 3115 2573 [565]
3144 2500 3442 2572 σύμφωνος
3466 2502 3545 2574 τῷ
3574 2504 3685 2557 lla-

2090 2589 2182 2660 τρί
2201 2605 2214 2619 ·
2242 2588 2323 2642 διδ
2352 2589 2446 2643 καὶ
2475 2589 2706 2654 ὲξεδίκει
2732 2590 2823 2643 τὸν
2845 2585 2994 2643 οἷκον
3015 2589 3091 2654 ὼς
3113 2590 3174 2643 ὲν
3197 2590 3353 2662 αὐτῷ
3388 2590 3688 2662 καπηλείας

2090 2676 2361 2748 τοσαύτης
2393 2678 2711 2748 γινομένης.
2750 2676 2886 2730 Οὐδὲ
2924 2676 3084 2730 τοῦτο
3117 2676 3455 2749 κατελείφθη
3500 2679 3685 2732 ἀνεπι-

2093 2766 2356 2836 σήματον,
2389 2764 2525 2818 ἀλλὰ
2557 2765 2653 2818 καὶ
2683 2764 2816 2819 αὐτὸ
2837 2765 2865 2818 6
2901 2766 3192 2838 προφήτης
3235 2764 3407 2818 Δαυῖδ
3457 2781 3688 2838 προαγο-

2096 2850 2290 2922 ρεύων,
2343 2851 2438 2905 καὶ
2481 2852 2582 2924 τήν
2613 2849 2863 2924 γνώμην,
2911 2852 3031 2924 μεθ’
3064 2847 3135 2924 ἦς
3178 2849 3279 2922 τὴν
3326 2851 3606 2925 ἐκδίκησιν
3634 2851 3686 2904 ἔ-

2093 2958 2321 3013 πραττε,
2378 2941 2791 3013 προαναφωνῶν
2848 2941 3035 3011 λέγει’
3080 2939 3134 2994 Ὀ
3166 2937 3349 3010 ζῆλος
3377 2942 3486 2997 τοῦ
3521 2941 3685 2996 οίκου

2091 3047 2208 3085 σου
2235 3028 2533 3101 κατέφαγέ
2552 3047 2651 3100 με.
2684 3030 2751 3083 Τί
2793 3027 2987 3083 τούτου
3026 3028 3230 3099 γένοιτ’
3271 3028 3342 3084 ἂν
3375 3030 3688 3103 ἐναργέστε-

2092 3136 2215 3190 ρον;
2247 3118 2482 3190 Ἔμελλε
2511 3117 2929 3190 παραδίδοσθαι,
2951 3118 3047 3171 καὶ
3071 3119 3100 3171 6
3117 3117 3399 3171 κοινωνῶν
3419 3117 3565 3189 αὐτῷ
3590 3117 3684 3188 τῆς

2091 3205 2370 3278 τραπέζης
2392 3207 2495 3275 τὴν
2523 3204 2816 3275 προδοσίαν
2852 3203 3208 3274 ἐργάζεσθαι.
3251 3204 3404 3276 Ὅρα
3453 3204 3571 3269 πῶς
3596 3205 3681 3259 καὶ

2092 3292 2254 3345 τοῦτο
2292 3293 2709 3364 προηγόρευσεν
2733 3295 2762 3346 6
2789 3292 2955 3357 αὐτὸς
2982 3286 3146 3356 οὗτος
3163 3294 3458 3366 προφήτης
3485 3292 3680 3362 λέγων’

2104 3381 2166 3435 Ὁ
2195 3382 2418 3435 ἐσθίων
2443 3382 2664 3451 ἄρτους
2686 3399 2801 3451 μου
2835 3380 3212 3451 ἐμεγάλυνεν
3249 3381 3347 3435 ἐπ’
3377 3381 3484 3452 ἐμὲ
3529 3396 3683 3449 πτερ-

2089 3471 2333 3538 νισμόν.
2372 3469 2577 3522 Σκόπει
2605 3469 2664 3521 δὲ
2706 3470 2801 3523 καὶ
2836 3468 2933 3523 τοῦ
2976 3468 3376 3539 εὐαγγελιστοῦ
3405 3469 3502 3541 τὴν
3555 3485 3682 3538 συμ-

2092 3557 2320 3628 φωνίαν·
2371 3557 2435 3612 Ὀ
2459 3557 2760 3627 ἐμϐάψας,
2800 3559 2955 3630 φησὶ,
3008 3558 3137 3628 μετ’
3187 3558 3341 3628 ἐμοῦ
3369 3557 3485 3626 τὴν
3525 3555 3681 3627 κεῷα

2088 3644 2279 3699 αὐτοῦ
2295 3645 2366 3699 ἐν
2388 3644 2470 3711 τῷ
2498 3647 2782 3714 τρυϐλίῳ,
2811 3642 2997 3714 οὗτός
3011 3663 3089 3716 με
3108 3640 3475 3715 παραδώσει.
3493 3643 3679 3716 Ἔμελο

2088 3732 2180 3786 λεν
2214 3734 2243 3786 6
2275 3734 2606 3806 παραδιδοὺς
2628 3735 2794 3791 αὐτὸν
2813 3736 2914 3806 οὐχ
2929 3735 3126 3800 άπλῶς
3160 3731 3678 3807 παραδιδόναι,ἀλλά

2089 3819 2288 3874 πωλῶν
2319 3822 2381 3874 τὸ
2412 3815 2553 3893 αἷμα
2578 3821 2640 3874 τὸ
2662 3823 2865 3893 τίμιον,
2890 3823 2986 3875 καὶ
3016 3824 3281 3894 χρήματα
3319 3824 3460 3896 ὐπὲρ
3499 3819 3675 3874 τούτου

2088 3909 2402 3982 λαμϐάνων.
2427 3911 2563 3964 Οὐδὲ
2578 3910 2736 3965 τοῦτο
2757 3912 3016 3982 ἐσίγησεν
3043 3914 3073 3965 ὁ
3093 3913 3412 3984 προφήτης,
3439 3908 3570 3964 ἀλλά
3588 3907 3674 3962 καὶ

2088 3998 2157 4051 τά
2190 3997 2524 4069 ἀναίσχυντα
2553 3998 2884 4069 συμϐόλαια,
2916 4000 3013 4053 καὶ⁸
3037 4000 3166 4063 τοὺς
3195 3999 3414 4069 λόγους,
3436 3997 3528 4061 οὓς
3548 3994 3671 4065 πρὸς

2088 4086 2352 4158 ἀλλήλους
2369 4086 2672 4154 ἐποιοῦντο,
2704 4088 3010 4159 ἐμφαίνων,
3045 4088 3109 4141 ’0
3127 4086 3295 4156 Θεὸς,
3314 4088 3430 4156 τὴν
3450 4082 3674 4140 αῖνεσίν

2084 4193 2204 4245 μου
2226 4175 2314 4245 μὴ
2343 4175 2854 4244 παρασιωπήσῃς,
2890 4175 3110 4245 ἔλεγεν,
3150 4176 3242 4231 ὅτι
3270 4176 3466 4246 στόμα
3504 4173 3670 4241 ἀμαρ-

2089 4265 2283 4319 τωλοῦ
2305 4265 2407 4324 καὶ
2433 4264 2630 4334 στόμα
2661 4264 2876 4320 δολίου
2905 4265 2999 4319 ἐπ’
3038 4265 3146 4332 ἐμὲ
3182 4266 3467 4336 ἠνοίχθη.
3508 4263 3562 4315 '0
3588 4259 3668 4313 αὐ-

2087 4353 2177 4416 τὸς
2208 4352 2476 4424 προδότης
2504 4354 2809 4423 μεταγνοὺς
2843 4352 3070 4426 ὕστερον
3093 4355 3237 4424 ὑπὲρ
3280 4348 3355 4408 ὧν
3393 4351 3663 4421 ἐτόλμησε.

2087 4441 2157 4495 τά
2173 4457 2232 4493 τε
2259 4439 2502 4512 ἀργύρια
2529 4439 2747 4512 ἔρριψε,
2775 4441 2872 4495 καὶ
2899 4440 3127 4513 δραμὼν
3169 4443 3267 4497 ἐπὶ
3321 4440 3510 4513 βρόχον
3536 4434 3668 4488 οὔτω

2086 4528 2178 4581 τὸν
2213 4527 2327 4599 βίον
2358 4528 2645 4597 κατέλυσε,
2681 4529 2882 4603 χηρείᾳ
2914 4531 3013 4602 τὴν
3046 4533 3284 4600 γυναῖκα
3324 4529 3419 4584 καὶ
3450 4519 3669 4597 ὀρφανίᾳ

2086 4615 2153 4670 τὰ
2179 4616 2346 4671 τέκνα
2362 4616 2661 4689 παραδοὺς,
2679 4618 2774 4671 καὶ
2802 4618 3011 4689 ἐρημία
3035 4618 3136 4691 τὴν
3165 4618 3368 4673 οἰκίαν.
3404 4616 3539 4686 Ὅρα
3558 4608 3662 4669 πῶς

2088 4704 2187 4757 καὶ
2224 4704 2429 4776 ταύτην
2482 4705 2822 4777 ὲκτραγῳδεῖ
2851 4705 2949 4777 τὴν
2993 4705 3282 4779 συμφορὰν
3330 4707 3359 4758 6
3397 4698 3662 4774 προφήτης

2087 4790 2231 4846 οὕτω
2252 4792 2459 4862 λέγων’
2482 4792 2930 4861 Γενηθήτωσαν
2959 4795 3014 4847 οί
3036 4792 3156 4847 υἱοί
3196 4789 3382 4846 αὐτοῦ
3410 4779 3660 4856 ὀρφανοὶ,

2087 4880 2186 4934 καὶ
2209 4880 2247 4949 η
2279 4880 2435 4951 γυνὴ
2457 4880 2646 4935 αὐτοῦ
2677 4879 2855 4951 χήρα,
2879 4881 3279 4957 σαλευόμενοι
3311 4863 3659 4957 μεταναστη-

2084 4984 2290 5023 τωσαν
2315 4971 2370 5023 οἰ
2393 4969 2511 5024 υἱοί
2540 4968 2749 5034 αὑτοῦ,
2784 4970 2883 5024 καί
2933 4955 3406 5038 ἐκϐληθιξτωσαν
3442 4962 3508 5017 ἐκ
3551 4955 3655 5011 τῶν

2088 5057 2421 5113 οἰκοπέδων
2446 5057 2668 5113 αὐτῶν.
2715 5058 2876 5112 Ἀλλά
2903 5059 3001 5113 καὶ
3023 5060 3139 5112 ἀντ’
3160 5059 3370 5112 ἐκείνου
3396 5050 3511 5124 μετ’
3527 5044 3653 5101 ἐκεῖ·

2086 5164 2177 5203 νον
2208 5148 2397 5216 γέγονέ
2425 5164 2510 5211 τις
2536 5148 2833 5213 ἀπόστολος
2853 5151 2882 5203 6
2903 5148 3174 5211 Ματθίας.
3199 5147 3310 5202 Καὶ
3328 5142 3480 5198 τοῦτο
3507 5133 3651 5227 πάλιξ

2085 5238 2115 5290 6
2150 5236 2315 5300 αὐτὸς
2339 5240 2722 5308 προαναφωνεί
2739 5238 2914 5307 λέγων
2933 5252 2947 5267 ·
2978 5237 3098 5306 Τὴν
3121 5231 3464 5298 ἐπισκοπὴν
3482 5226 3652 5278 αὐτοῦ

2086 5327 2261 5383 λάϐοι
2292 5329 2514 5399 ἔτερος.
2549 5331 2913 5402 Προδοθέντος
2941 5331 3110 5385 αὐτοῦ
3144 5332 3240 5386 καὶ
3283 5317 3648 5393 συλληφθέντας

2088 5427 2326 5497 ἑκόντος,
2362 5428 2681 5483 συνίσταται
2702 5429 3057 5501 δικαστήριον
3086 5428 3286 5498 πολλῆς
3301 5424 3463 5494 γέμον
3491 5425 3651 5483 παραυ

2086 5526 2302 5598 νομίας,
2362 5526 2636 5581 Ἰουδαίων
2674 5543 2736 5580 τε
2780 5527 2875 5581 καὶ
2914 5526 3026 5580 τῶν
3059 5527 3119 5594 ἐξ
3160 5525 3345 5580 ἐθνῶν.
3385 5506 3646 5587 Ὀραπῶς

2086 5625 2179 5677 καὶ
2230 5624 2365 5679 αὐτὸ
2407 5624 2764 5695 προθεσπίζει
2802 5627 2831 5678 6
2881 5625 3181 5698 Προφήτης
3234 5623 3430 5691 λέγων·
3481 5602 3645 5698 ’Ῑνατί

2085 5721 2396 5790 ἐφρύαξαν
2420 5722 2593 5792 ἔθνη,
2641 5722 2743 5777 καί
2774 5723 2912 5777 λαοὶ
2949 5696 3322 5793 ἐμελέτησαν
3371 5707 3535 5769 κενάὶ
3571 5696 3638 5755 οὐ

2084 5818 2259 5876 ταῦτα
2291 5819 2347 5872 δὲ
2371 5817 2534 5891 μόνον
2566 5818 3024 5890 προανεφώνησαν
3042 5836 3057 5853 ο
3087 5817 3222 5874 ἀλλά
3246 5814 3337 5871 καὶ
3360 5810 3452 5881 τὴν
3475 5794 3633 5872 atrii}:
