3920 6360
312 298 424 353 8|7

316 438 386 487 ds
418 427 693 502 [cmortbus
731 426 874 499 ejus,
914 426 1071 479 donec
1109 423 1275 477 ueniat
1302 422 1382 475 cui
1412 420 1686 491 repositum
1713 428 1818 484 est,
1848 428 1899 473 et

314 527 427 592 ipse
465 518 769 589 exspectatio
820 515 1054 572 Gentium
1086 529 1105 571 :
1133 514 1299 585 ligans
1344 513 1413 567 ad
1460 509 1656 566 vineam
1701 509 1899 581 pullum

302 629 485 678 suum,
510 620 557 666 et
580 610 648 663 ad
677 608 887 662 helicem
911 606 1110 677 pullum
1136 604 1293 659 asina:
1315 617 1443 657 suae.
1472 600 1684 656 Lavabit
1708 603 1763 654 in
1784 600 1899 654 uino

304 704 499 759 stolam
522 717 686 768 suam,
717 710 764 755 et
786 700 839 753 in
864 697 1111 769 sanguine
1133 710 1244 749 uvae
1268 694 1480 765 pallium
1503 696 1672 747 suum.
1697 688 1899 744 lucun-

311 797 482 849 diores
519 791 656 847 oculi
693 790 803 862 ejus
833 789 977 853 vino,
1016 795 1062 841 et
1099 784 1416 839 candidiores
1441 782 1612 836 dentes
1634 780 1742 852 ejus
1770 780 1900 834 lacte

315 885 469 957 (Gen.
497 884 587 940 49.
617 882 685 938 10
711 882 857 952 42).
884 880 1017 936 Vide
1054 878 1191 933 hanc
1218 877 1377 931 etiam
1407 873 1737 946 prophetiam
1765 886 1898 926 con-

309 991 527 1046 gruere.
557 973 690 1028 Nam
731 980 857 1026 tunc
887 968 1121 1032 advenit,
1149 974 1272 1022 cum
1296 965 1405 1036 jam
1433 962 1727 1021 deﬁcerent
1750 961 1898 1033 prin-

306 1068 464 1137 cipes
487 1063 693 1121 .lndaici
718 1106 732 1130 ,
778 1071 832 1118 et
876 1070 1087 1132 sceptro
1117 1060 1475 1116 Romanorum
1504 1054 1859 1111 subderentur
1884 1070 1900 1109 :

310 1169 373 1217 et
414 1160 492 1214 sic
529 1157 846 1228 implebatur
872 1153 1152 1227 prophetia
1172 1194 1188 1219 ,
1215 1166 1334 1221 qua:
1359 1149 1485 1204 dicit
1508 1188 1524 1213 ,
1555 1145 1680 1201 Non
1705 1144 1902 1213 deﬁciet

319 1251 552 1321 princeps
577 1249 640 1302 de
663 1246 701 1302 Ι
705 1248 829 1313 uda,
860 1255 907 1301 et
936 1246 1044 1300 dua:
1069 1245 1132 1297 de
1161 1240 1433 1314 femoribus
1460 1240 1591 1311 ejus,
1619 1238 1777 1292 donec
1813 1250 1899 1290 ve-

314 1344 464 1409 niat,
495 1342 577 1396 cui
608 1339 885 1411 repositum
926 1346 1018 1404 est,
1062 1335 1131 1391 de
1178 1335 1391 1390 Christo
1414 1332 1618 1389 scilicet
1654 1330 1899 1400 loquens.

313 1434 450 1490 Nam
491 1433 668 1487 statim
697 1441 855 1502 atque
886 1438 1040 1484 natus
1064 1436 1175 1492 est,
1204 1435 1259 1482 et
1285 1424 1573 1495 descriptio
1598 1423 1687 1477 illa
1732 1420 1901 1492 prima

316 1526 456 1582 facta
502 1532 621 1592 est,
670 1521 1052 1592 imperantibus
1079 1518 1335 1574 Romanis
1375 1515 1678 1570 Judaeorum
1724 1512 1898 1583 genti,

315 1604 449 1672 cum'
467 1629 561 1670 eos
584 1615 682 1670 sub
701 1613 906 1682 imperii
934 1614 1015 1666 sui
1031 1611 1214 1681 jugum
1236 1609 1487 1679 egissent.
1507 1607 1741 1676 Itemque
1760 1601 1901 1657 aliud

312 1709 646 1781 signiﬁcatur
664 1706 746 1761 his
763 1705 958 1769 verbis,
980 1713 1026 1758 et
1045 1703 1154 1772 ipse
1175 1700 1479 1772 exspectatio
1493 1696 1743 1753 Gentium.
1768 1692 1902 1749 Cum

308 1801 617 1857 advenisset
656 1798 830 1864 enim,
876 1809 1065 1851 onmes
1109 1793 1306 1850 Gentes
1347 1790 1588 1847 attraxit.
1630 1786 1899 1854 Herodes,

315 1894 500 1948 Josum
537 1899 716 1945 natum
743 1888 1090 1958 perquirens,
1124 1898 1316 1954 pueros
1335 1898 1401 1938 eo
1428 1882 1479 1936 in
1505 1881 1624 1935 loco
1652 1879 1903 1933 interem-

311 1994 510 2055 pturus
542 1992 693 2038 erat:
717 1991 769 2036 et
814 1994 989 2050 neque
1033 1977 1136 2032 hoc
1177 1977 1440 2031 siluerunt
1467 1972 1776 2043 prophetae,
1808 1969 1902 2025 sed

310 2077 502 2131 niultis
530 2082 683 2129 antea
710 2072 1038 2141 temporibus
1065 2069 1426 2139 prtedixerunt
1451 2065 1536 2120 his
1564 2064 1769 2119 verbis:
1793 2060 1906 2118 νοις

308 2170 369 2222 in
408 2166 576 2222 Rama
612 2165 789 2219 audita
813 2173 922 2227 est,
965 2164 1131 2217 luctus
1154 2203 1169 2228 ,
1213 2162 1364 2231 ﬂetus
1392 2168 1438 2213 et
1465 2159 1656 2213 clamor
1681 2157 1865 2210 multus
1885 2170 1905 2210 :

317 2258 520 2316 Rachel
532 2259 743 2328 plorans
768 2256 901 2324 ﬁlios
920 2271 1057 2319 suos,
1088 2262 1138 2307 et
1165 2252 1329 2306 noluit
1360 2250 1631 2315 consolari,
1658 2249 1776 2319 quia
1802 2264 1906 2302 non

316 2363 436 2407 sunt
473 2350 604 2422 (Jer.
634 2351 721 2404 51.
755 2348 866 2418 15).
898 2347 978 2401 Ex
1009 2346 1240 2416 Egypto
1266 2344 1534 2399 rediturus
1562 2349 1698 2407 erat,
1729 2351 1784 2395 et
1804 2339 1905 2395 hoc

316 2443 745 2515 prmnuntiarunt
795 2438 1034 2494 dicentes
1067 2455 1081 2491 :
1114 2435 1200 2491 Ea:
1246 2435 1476 2505 {Egypto
1519 2433 1692 2486 vocavi
1740 2431 1906 2500 [ilium

317 2553 488 2592 meum
510 2534 662 2605 (Osee
712 2534 798 2588 ll.
830 2532 908 2604 1).
936 2529 1238 2600 Conspicua
1266 2528 1318 2582 in
1343 2529 1458 2582 loca
1484 2534 1740 2580 venturus
1766 2531 1903 2588 erat,

318 2638 376 2684 ut
414 2627 590 2682 statim
620 2625 689 2680 ibi
720 2624 869 2694 signa
908 2621 1110 2677 faceret
1136 2629 1191 2675 et
1215 2619 1463 2674 doceret:
1485 2626 1541 2672 et
1565 2615 1669 2670 hoc
1696 2628 1908 2685 quoque

318 2715 736 2789 prmnnntiatnm
784 2720 898 2776 est;
948 2710 1071 2764 audi
1117 2710 1259 2764 enim
1313 2707 1557 2762 Hesaiam
1604 2705 1903 2761 dicentem:
1942 2736 1947 2741 -

319 2805 482 2878 Regio
506 2804 760 2868 Zubulon,
788 2812 921 2857 terra
949 2799 1304 2870 Nephthalim,
1333 2796 1573 2868 populus,
1598 2795 1685 2868 qui
1707 2793 1909 2849 sedebat

316 2902 371 2955 in
402 2898 636 2964 tenebris,
666 2896 789 2949 uidit
816 2896 980 2950 lucem
1007 2907 1245 2963 magnam
1267 2907 1287 2945 :
1307 2889 1591 2944 sedentibus
1609 2889 1664 2941 in
1693 2886 1909 2941 tenebris

323 3005 371 3047 et
400 2994 455 3046 in
489 2992 671 3046 umbra
705 2974 880 3042 mortis
922 2988 1016 3041 lua:
1040 2995 1152 3041 orta
1179 2995 1253 3039 est
1281 2981 1487 3053 (Hesai.
1515 2979 1669 3051 9.1).
1706 2978 1911 3047 Quibus

319 3083 650 3156 signiﬁcatur
664 3079 924 3136 adventus
941 3078 1056 3147 ejus
1072 3077 1126 3130 in
1146 3076 1236 3130 illa
1256 3074 1393 3137 loca,
1414 3073 1653 3128 doctrina
1675 3086 1905 3142 quoque,

321 3175 591 3246 cognitio,
637 3185 853 3243 quanta
882 3167 1153 3223 miraculis
1180 3173 1522 3234 acceperunt.
1564 3162 1771 3218 Deinde
1809 3162 1911 3216 alia

320 3280 580 3324 enarrans
620 3262 912 3329 miracula,
940 3258 1334 3327 ostendensque
1378 3254 1646 3325 quomodo
1691 3252 1910 3307 claudos

321 3356 625 3421 curaverit,
668 3365 841 3407 amcos
868 3348 1155 3414 sanaverit,
1187 3354 1364 3402 mutos
1393 3344 1536 3414 loqui
1563 3342 1765 3408 fecerit,
1796 3342 1908 3395 ait:

320 3447 469 3503 Tunc
496 3445 783 3516 aperientur
806 3438 941 3495 oculi
963 3453 1231 3504 cwcorum,
1272 3445 1319 3490 et
1346 3451 1496 3489 aures
1516 3432 1788 3488 surdorum
1813 3447 1910 3485 au-

321 3538 463 3593 dient
507 3534 660 3606 (Hes.
688 3533 778 3588 '55.
801 3531 896 3603 5);
926 3529 1150 3599 aliisque
1187 3522 1545 3597 interpositis,
1575 3522 1716 3577 Tunc
1744 3522 1911 3590 saliet,

322 3628 518 3699 inquit,
545 3628 672 3681 sicut
696 3640 867 3679 cervus
896 3621 1126 3687 claudus,
1157 3628 1204 3673 et
1228 3618 1371 3673 clara
1394 3617 1485 3671 erit
1509 3632 1605 3671 eoa:
1628 3615 1913 3670 balbutien-

326 3720 454 3772 tium
494 3715 600 3788 (Ib.
630 3730 680 3768 υ.
711 3713 766 3783 6)
792 3730 806 3766 :
831 3711 974 3783 quod
1004 3710 1208 3766 scilicet
1238 3722 1526 3777 numquam
1565 3705 1762 3761 factum
1791 3712 1909 3770 est,

324 3810 432 3865 nisi
461 3809 514 3863 in
541 3807 769 3862 adventu
794 3804 957 3859 illius.
1000 3800 1286 3873 Signorum
1312 3800 1439 3854 item
1465 3798 1763 3868 aliquorum
1788 3811 1914 3866 spe-

324 3901 511 3957 ciatim
542 3897 941 3953 meminerunt:
966 3893 1237 3963 ingressus
1264 3898 1348 3945 est
1375 3889 1517 3944 enim
1545 3885 1829 3957 aliquando
1860 3884 1915 3940 in

325 3992 585 4062 templum
606 4032 622 4057 ,
656 3999 714 4045 et
740 3987 888 4060 pueri
913 3986 1089 4041 adhuc
1114 3985 1370 4039 lactentes
1390 4022 1407 4047 ,
1452 3980 1916 4049 inexpeditamque

324 4085 504 4150 adhuc
535 4082 793 4137 habentes
819 4080 1050 4150 linguam
1074 4076 1383 4132 cecinerunt
1407 4074 1459 4127 in
1488 4073 1636 4127 illum
1660 4072 1909 4144 hymnos,

326 4181 410 4234 sic
437 4177 696 4242 dicentes,
730 4172 980 4228 Hosanna
1010 4171 1064 4224 in
1093 4168 1304 4225 excelsis
1325 4183 1345 4222 :
1365 4166 1650 4220 benedictus
1673 4164 1758 4235 qui
1783 4162 1916 4217 venit

324 4275 383 4324 in
404 4269 605 4324 nomine
618 4264 824 4320 Domini
844 4261 1054 4334 (Matth.
1072 4261 1162 4316 21.
1186 4260 1240 4331 9)
1260 4258 1390 4313 :hoc
1410 4258 1578 4311 multo
1602 4264 1758 4309 antea
1781 4268 1917 4324 prte-

326 4360 541 4415 dixerat
564 4355 821 4427 propheta
840 4395 855 4420 ,
890 4351 974 4407 Ex
1000 4367 1086 4406 ore
1106 4390 1124 4417 ,
1156 4350 1402 4417 inquiens
1419 4388 1436 4415 ,
1465 4345 1740 4416 infantium
1762 4354 1806 4398 et
1834 4344 1916 4397 la-

326 4450 567 4507 ctentium
607 4444 860 4519 perfecisti
908 4442 1141 4508 laudem,
1187 4450 1246 4494 ut
1283 4440 1514 4493 destruas
1562 4435 1823 4491 inimicum
1869 4443 1917 4489 et

325 4545 546 4599 ultorem
569 4538 791 4613 (Psalm.
816 4538 870 4593 8.
894 4536 972 4601 5).
990 4533 1180 4590 Viden’
1194 4530 1463 4604 quomodo
1483 4538 1669 4585 contra
1684 4528 1916 4596 seipsam

326 4634 611 4690 decertans
656 4638 846 4685 natura
888 4626 1136 4697 opiﬁcem
1177 4622 1525 4695 praedicaret,
1567 4630 1622 4675 et
1659 4620 1917 4674 innocens

327 4734 485 4792 aetas,
527 4720 754 4776 necdum
801 4716 1134 4773 articulatam
1177 4729 1363 4769 vocem
1403 4712 1650 4769 emittere
1692 4708 1875 4765 valens
1897 4748 1914 4778 ,

328 4817 675 4889 apostolicam
697 4810 1128 4884 prxedicationem
1156 4806 1491 4877 susciperet?

404 4910 458 4964 4.
496 4906 705 4962 Iudaeos
730 4906 956 4975 ingratos
982 4905 1092 4974 fore
1112 4899 1410 4970 prtedictum
1427 4907 1519 4953 est.
1541 4926 1611 4937 —
1630 4894 1765 4963 Quia
1785 4907 1915 4948 vero

326 5016 457 5059 cum
487 4998 686 5055 Judaeis
709 4994 996 5066 aliquando
1023 4993 1297 5048 disserens
1337 4990 1407 5045 ob
1432 4989 1698 5060 ingratum
1727 5001 1914 5042 eorum

325 5093 569 5149 animum
606 5089 775 5145 multa
801 5086 1131 5143 subobscure
1160 5082 1309 5153 quasi
1339 5083 1393 5136 in
1419 5080 1700 5151 aenigmate
1726 5086 1781 5135 et
1819 5093 1914 5146 pa-

326 5185 515 5243 rabola
562 5183 880 5254 loquuturus
905 5188 1040 5245 erat,
1087 5176 1317 5247 idipsum
1365 5188 1577 5244 quoque
1623 5172 1714 5227 diu
1759 5179 1916 5226 antea

330 5275 646 5351 prmdictum
693 5282 777 5328 est
816 5287 831 5325 :
884 5269 1089 5340 Loquar
1140 5264 1504 5337 propositiones
1548 5279 1580 5317 a
1622 5262 1918 5333 fundatione

327 5367 531 5433 mundi,
562 5364 795 5419 eructabo
842 5359 1136 5433 abscondita
1160 5356 1221 5409 ab
1262 5354 1407 5409 initio
1444 5351 1667 5423 (Psalm.
1702 5351 1790 5404 77.
1835 5351 1916 5420 2).

328 5457 476 5524 Quin
501 5430 555 5512 et
578 5453 893 5526 sapientiam
921 5451 1040 5520 ejus
1068 5430 1122 5504 in
1165 5442 1531 5502 concionando
1556 5441 1732 5513 longis
1760 5451 1917 5496 antea

328 5546 666 5617 temporibus
712 5540 1075 5614 prmnuntians
1117 5535 1374 5608 propheta
1413 5530 1668 5589 dicebat:
1713 5528 1918 5598 Di/fusa

324 5646 407 5695 cst
430 5638 594 5709 gratia
611 5636 667 5689 in
687 5633 835 5689 labiis
860 5633 957 5686 tuis
984 5629 1211 5705 (Psalm.
1234 5627 1325 5683 44.
1349 5628 1407 5698 3)
1432 5643 1446 5681 :
1477 5634 1535 5681 et
1556 5624 1694 5679 alius
1721 5623 1916 5679 iterum

326 5727 633 5802 propheta:
664 5727 800 5784 Ecce
821 5724 1064 5797 intelliget
1101 5739 1227 5796 puer
1248 5736 1410 5790 meus,
1438 5729 1485 5775 et
1512 5716 1836 5783 eaaltabitur,
1864 5724 1911 5772 et

844 292 1161 367 “CONTRA
1199 308 1483 367 JUDA‘ZOS
1519 308 1608 365 ET
1645 305 2006 378 GENTILES,
2046 308 2233 378 QUOD
2270 310 2601 371 CHRISTUS
2636 315 2744 373 SIT
2781 316 2983 376 DEUS.

3482 325 3586 381 8l8

2008 421 2397 492 glariﬁeabitur,
2439 436 2487 478 et
2528 425 2675 481 valde
2714 428 2942 486 sublimis
2967 431 3061 485 erit
3108 430 3309 500 (Ilesai.
3340 433 3430 489 52.
3474 436 3585 506 1'5).

2012 510 2290 568 Adventus
2335 523 2514 569 autem
2560 517 2730 587 ipsius
2773 520 3030 589 praeclara
3074 531 3221 593 gesta
3260 540 3381 579 cum
3424 528 3591 596 signis

2003 605 2171 671 edita,
2187 611 2340 677 quasi
2360 613 2687 679 compendio
2707 628 2988 677 enarratis,
3012 616 3201 668 iterum
3222 616 3267 669 is
3287 617 3405 686 ipse
3423 619 3579 671 dixit:

2002 696 2234 766 Spiritus
2249 698 2459 754 Domini
2480 719 2636 771 super
2656 719 2758 765 me.
2775 713 3053 773 propterea
3073 707 3224 759 unxit
3245 723 3348 772 me,
3369 725 3587 782 evange-

2002 791 2168 846 lizare
2179 792 2498 863 pauperibus
2516 796 2654 849 misit
2668 813 2750 849 me
2764 811 2782 850 :
2795 798 3087 866 pratdicare
3098 800 3316 869 captivis
3328 802 3585 857 remissio-

1999 901 2137 951 nem,
2163 894 2213 938 et
2233 886 2385 939 ccecis
2402 887 2545 939 visus
2574 889 2961 942 restitutionem
2983 888 3186 951 (Hesai.
3207 891 3296 943 61.
3327 896 3402 958 ι).
3429 890 3584 956 Quo-

1997 976 2144 1031 niam
2162 975 2190 1030 .l
2200 975 2336 1031 udaei
2359 984 2435 1031 tot
2452 976 2521 1030 ab
2550 991 2615 1031 eo
2632 976 2910 1032 beneﬁciis
2930 976 3108 1033 allecti
3128 977 3328 1033 frustra
3348 990 3586 1037 temere-

1995 1080 2104 1134 que
2129 1067 2306 1135 ipsum
2342 1064 2642 1119 aversaturi
2672 1073 2853 1124 erant.
2872 1067 2999 1121 licet
3018 1080 3144 1121 eum
3164 1068 3334 1123 necin
3361 1084 3583 1140 magno,

2005 1158 2106 1199 nec
2132 1145 2185 1198 in
2219 1160 2384 1215 parvo
2427 1156 2649 1215 possent
2672 1163 2920 1218 arguere,
2948 1152 3077 1208 illud
3130 1170 3342 1225 quoque
3386 1158 3585 1227 praedi-
3644 1182 3657 1193 κ

2005 1245 2151 1290 ctum
2178 1236 2313 1292 fuit:
2343 1238 2468 1293 audi
2490 1239 2745 1296 Davidem
2774 1241 2876 1296 hoc
2905 1243 3078 1313 ipsum
3104 1247 3483 1304 vaticinantem
3508 1252 3593 1306 his

2005 1327 2186 1383 verbis
2225 1346 2240 1384 :
2272 1328 2401 1385 Cum
2440 1331 2521 1397 iis,
2568 1333 2655 1402 qui
2681 1334 2893 1389 oderant
2938 1353 3132 1405 pacem,
3160 1356 3296 1393 eram
3327 1344 3591 1412 paciﬁcus,

2006 1435 2121 1473 cum
2145 1419 2384 1485 loquebar
2410 1422 2533 1488 illis,
2572 1424 2942 1496 impugnabant
2965 1445 3044 1484 me
3070 1431 3231 1500 gratis
3264 1431 3435 1502 (Psal.
3467 1435 3572 1490 M9

2008 1508 2085 1582 7).
2114 1511 2286 1567 Asino
2329 1523 2516 1569 vectus
2557 1515 2897 1587 ingressurus
2922 1531 3036 1575 erat
3060 1521 3353 1589 civitatem,
3384 1533 3436 1580 et
3467 1524 3594 1580 illud

2006 1616 2221 1670 quoque
2259 1601 2465 1672 jamdiu
2502 1608 2914 1675 prmnuntiatum
2943 1609 3118 1665 fuerat
3162 1626 3190 1666 a
3231 1612 3484 1670 Zacharia
3520 1615 3598 1670 sie

2007 1692 2266 1763 loquente
2304 1711 2318 1750 :
2372 1694 2552 1752 Gaude
2589 1698 2824 1766 multum,
2874 1701 2985 1769 ﬁlia
3015 1700 3185 1768 Sion;
3216 1704 3459 1774 prtedica,
3487 1707 3597 1774 ﬁlia

2008 1782 2297 1840 Jerusalem
2337 1801 2357 1840 :
2383 1803 2497 1842 ecce
2519 1805 2612 1843 rea:
2635 1799 2752 1844 tuus
2776 1791 2906 1846 venit
2957 1792 3046 1846 tibi
3074 1805 3381 1862 mansuetus,
3433 1807 3598 1852 uectus

2006 1892 2163 1945 supra
2202 1879 2520 1950 subjugalem
2566 1891 2613 1935 et
2659 1882 2855 1953 pullum
2887 1883 3127 1955 juvenem
3184 1886 3369 1956 (Zaclt.
3417 1887 3472 1943 9.
3515 1887 3597 1958 9).

2012 1966 2179 2036 Ejecit
2203 1969 2497 2025 vendentes
2522 1972 2800 2028 columbas
2831 1983 2886 2028 et
2910 1976 3318 2043 nummularios,
3346 1980 3487 2049 quod
3509 1979 3599 2036 ille
3630 2012 3641 2029 ι

2008 2059 2238 2115 faciebat
2276 2063 2395 2117 zelo
2441 2063 2634 2120 domus
2679 2066 2889 2122 Domini
2917 2068 3127 2135 ductus,
3160 2079 3212 2125 et
3239 2080 3296 2126 ut
3322 2072 3478 2129 simul
3506 2089 3599 2128 os-

2009 2150 2256 2207 tenderet
2290 2168 2349 2209 se
2376 2171 2481 2210 non
2507 2171 2628 2212 esse
2657 2159 2984 2221 contrarium
3015 2160 3145 2226 Deo,
3173 2163 3268 2217 sed
3296 2178 3417 2218 cum
3443 2163 3602 2220 Patre

2010 2246 2431 2301 consentientem
2459 2263 2663 2318 :quare
2685 2248 2902 2305 domum
2931 2250 3253 2315 vindicabat,
3286 2255 3428 2324 quod
3459 2254 3597 2310 inea

2011 2333 2316 2405 hujusmodi
2347 2340 2634 2406 negotiatio
2657 2338 2810 2394 fleret
2835 2357 2850 2396 :
2894 2357 3068 2411 neque
3095 2343 3198 2398 hoc
3221 2344 3436 2400 silentio
3460 2362 3600 2414 pra:-

2014 2429 2315 2482 tertnissnm
2346 2438 2446 2496 est,
2480 2429 2576 2486 sed
2604 2430 2832 2500 idipsum
2863 2432 3119 2502 propheta
3151 2434 3313 2488 David
3344 2436 3600 2492 vaticina—

2016 2526 2100 2573 tus
2128 2529 2231 2585 est,
2254 2530 2307 2575 et
2332 2536 2434 2590 qua
2463 2529 2642 2577 mente
2662 2521 2801 2577 hanc
2821 2532 3133 2593 sumpturus
3146 2524 3431 2580 vindictam
3448 2535 3593 2582 esset

2015 2610 2391 2679 praenuntiavit
2428 2610 2611 2666 dicens
2655 2628 2670 2665 :
2717 2611 2872 2667 Zelus
2914 2612 3092 2667 domus
3137 2622 3238 2669 tua:
3272 2616 3487 2669 comedit
3525 2632 3603 2671 me

2018 2702 2236 2775 (Psalm.
2265 2704 2351 2759 68.
2387 2704 2495 2775 l0).
2522 2704 2658 2772 Quid
2700 2704 2803 2760 hoc
2835 2706 3170 2761 manifestius
3194 2705 3399 2762 fuerit?
3435 2706 3604 2763 Futu—

2014 2812 2131 2851 rum
2153 2805 2347 2851 eratut
2377 2796 2712 2866 proderetur,
2743 2805 2797 2853 et
2824 2813 3025 2853 mensae
3048 2798 3192 2854 illius
3220 2813 3444 2855 consors
3473 2815 3600 2869 pro-

2014 2887 2275 2942 ditionem
2297 2889 2514 2942 faceret.
2542 2887 2673 2943 Vide
2693 2889 2963 2958 quomodo
2986 2889 3089 2945 hoc
3117 2890 3275 2945 etiam
3300 2890 3607 2960 praedixerit

2016 2979 2103 3033 hic
2128 2979 2243 3047 ipse
2267 2978 2524 3047 propheta
2549 2978 2773 3033 dicens:
2807 2979 2907 3046 Qui
2931 2979 3108 3034 edebat
3129 2997 3287 3050 panes
3308 2997 3465 3045 meos,
3497 2997 3607 3034 ma.

2014 3068 2272 3141 gniﬁcavit
2306 3085 2460 3136 super
2483 3084 2563 3122 me
2601 3067 3069 3138 supplantationem
3105 3068 3327 3141 (Psalm.
3356 3071 3445 3126 40.
3475 3071 3564 3141 10)
3589 3089 3605 3136 ;

2015 3157 2378 3213 animadverte
2421 3158 2549 3212 item
2603 3159 2946 3228 evangelistae
2999 3161 3451 3215 consonantiam:
3505 3161 3606 3228 Qui

2017 3250 2241 3312 intinxit,
2271 3248 2462 3317 inquit,
2490 3264 2687 3301 mecum
2717 3265 2922 3302 manum
2956 3265 3103 3302 suam
3122 3249 3176 3303 in
3200 3249 3391 3315 catino,
3425 3250 3506 3305 Itic
3530 3267 3607 3305 me

2019 3339 2180 3392 tradet
2209 3336 2420 3413 (Matth.
2448 3336 2542 3393 26.
2567 3337 2682 3406 25).
2708 3336 2827 3393 Non
2859 3338 3019 3393 modo
3049 3338 3272 3394 traditor
3302 3338 3393 3394 ille
3431 3340 3606 3410 ipsum

2016 3430 2322 3501 proditurus
2347 3437 2483 3497 erat,
2516 3428 2609 3484 sed
2630 3430 2791 3485 etiam
2815 3430 3131 3500 sanguinem
3156 3430 3447 3501 pretiosum
3476 3447 3607 3488 ven-

2017 3521 2247 3586 diturus,
2280 3529 2502 3591 accepta
2533 3536 2628 3590 pro
2649 3519 2748 3575 hac
2772 3536 2834 3576 re
2859 3522 3085 3591 pecunia
3110 3537 3125 3575 :
3164 3537 3338 3592 neque
3368 3524 3500 3579 illud
3524 3534 3608 3579 ta-

2018 3610 2128 3666 cuit
2169 3611 2449 3682 propheta,
2487 3611 2582 3667 sed
2628 3611 2955 3681 impudentia
2989 3612 3197 3667 illorum
3227 3623 3378 3683 pacta
3405 3623 3461 3670 et
3488 3631 3607 3671 ser-

2018 3718 2208 3759 mones
2234 3743 2250 3770 ,
2298 3718 2435 3773 quos
2465 3703 2603 3758 inter
2655 3717 2716 3758 se
2759 3701 3112 3759 conferebant
3137 3745 3154 3771 ,
3197 3706 3400 3761 retulit.
3454 3706 3608 3778 [Nam

2019 3795 2112 3851 ille
2133 3796 2365 3860 dicebat,
2402 3795 2538 3863 Quid
2563 3796 2712 3849 vultis
2750 3795 2875 3848 mihi
2914 3796 3057 3861 dare,
3099 3803 3147 3849 et
3173 3811 3263 3866 ego
3288 3798 3425 3853 vobis
3461 3798 3608 3853 illum

2020 3886 2263 3950 tradam;
2302 3887 2389 3942 isti
2437 3902 2567 3941 vero
2596 3887 3011 3954 responderunt,
3055 3884 3288 3957 Triginta
3325 3898 3607 3960 argenteos.

2020 3979 2079 4034 In
2105 3980 2387 4049 aenigmate
2412 3979 2543 4034 dicit
2569 3977 2634 4052 ³,]
2660 3977 2804 4033 Deus
2840 3978 3044 4033 laudem
3090 3995 3253 4033 meam
3276 3996 3339 4034 ne
3367 3983 3601 4049 tacueris,

2018 4071 2139 4142 quia
2177 4072 2538 4139 ovpeccatoris
2581 4078 2628 4124 et
2672 4086 2730 4124 os
2758 4068 2924 4123 dolosi
2961 4086 3115 4141 super
3139 4086 3219 4124 me
3260 4081 3490 4141 apertum
3534 4083 3608 4128 est

2020 4162 2246 4223 (Psalm.
2281 4163 2404 4219 108.
2434 4162 2509 4232 1).
2542 4162 2590 4216 Is
2618 4144 2735 4231 i'pse
2758 4163 3001 4232 proditor
3023 4162 3237 4221 demum
3263 4164 3333 4218 ob
3363 4173 3507 4220 tanta
3530 4164 3606 4218 fa-

2023 4254 2206 4308 cinora
2252 4254 2487 4323 seipsum
2534 4252 2828 4319 damnans,
2860 4268 2982 4308 cum
3025 4262 3310 4324 argenteos
3356 4254 3602 4324 projecit.

2022 4352 2133 4399 tum
2165 4343 2230 4398 ad
2260 4345 2507 4413 laqueum
2538 4358 2781 4409 currens,
2812 4343 2885 4399 ita
2915 4345 3079 4399 vitam
3106 4344 3296 4400 clausit
3321 4364 3335 4400 :
3363 4345 3606 4401 viduam-

2021 4450 2126 4505 que
2171 4450 2415 4499 uxorem,
2463 4443 2517 4490 et
2561 4428 2701 4489 ﬁlios
2737 4436 2968 4506 pupillos
2998 4437 3247 4507 reliquit,
3279 4436 3605 4507 domumque

2021 4526 2311 4581 desertam.
2344 4525 2475 4580 Vide
2511 4527 2780 4596 quomodo
2825 4535 2880 4581 et
2909 4528 3047 4582 hanc
3086 4527 3445 4583 calamitatem
3498 4538 3582 4585 tra

2022 4617 2137 4689 gice
2180 4617 2439 4687 propheta
2468 4616 2785 4686 praenuntiet
2813 4616 2898 4673 bis
2936 4619 3113 4674 verbis
3144 4636 3159 4673 :
3188 4617 3348 4673 Fiant
3371 4619 3468 4688 ﬁlii
3495 4622 3608 4692 ejus

2022 4708 2261 4777 orpltani,
2286 4716 2333 4760 et
2354 4722 2484 4761 uxor
2508 4708 2616 4773 eius
2640 4707 2793 4761 uidua
2818 4722 2836 4762 .'
2858 4717 3091 4762 nutantes
3117 4713 3493 4781 transferantur
3512 4711 3609 4778 lilii

2022 4801 2151 4870 ejus,
2167 4810 2212 4852 et
2228 4799 2497 4869 ejiciantur
2515 4797 2579 4853 de
2593 4799 2980 4855 habitationibus
2995 4802 3099 4854 suis
3112 4801 3131 4871 (
3142 4800 3285 4855 Psal.
3308 4801 3608 4875 108.9.10).

2022 4890 2148 4945 Post
2171 4890 2317 4943 illum
2345 4888 2592 4943 Matthias
2610 4888 2781 4944 factus
2807 4899 2891 4944 est
2908 4889 3201 4959 apostolus,
3224 4900 3280 4946 et
3303 4891 3406 4947 hoc
3428 4893 3604 4961 ipsum

2022 4982 2112 5037 ille
2139 4982 2388 5051 prmlatus
2408 4989 2490 5036 est
2515 4981 2599 5036 his
2626 4981 2806 5037 verbis
2831 5001 2845 5038 :
2869 4981 3233 5049 Episcopatum
3258 4984 3367 5049 eius
3392 4983 3610 5054 accipiat

2022 5076 2150 5128 alter
2175 5073 2280 5147 (Ib.
2312 5090 2360 5129 υ.
2398 5075 2477 5147 8).
2511 5073 2732 5129 Tradite
2758 5082 2814 5130 et
2838 5075 3231 5146 comprehenso
3256 5075 3384 5132 Jesu
3411 5077 3612 5133 libente

2022 5183 2086 5222 ac
2109 5170 2344 5232 volente,
2371 5175 2615 5223 coactum
2647 5179 2730 5222 est
2753 5167 3041 5223 concilium
3069 5166 3347 5237 iniquitate
3368 5169 3609 5237 plenum,

2022 5259 2328 5315 .Iudmorum
2369 5258 2527 5314 simul
2566 5273 2631 5313 ac
2669 5257 2961 5313 Gentilium
3008 5275 3022 5312 :
3077 5258 3203 5313 vide
3240 5259 3510 5328 quomodo
3559 5260 3611 5314 id

2022 5352 2182 5406 etiam
2215 5349 2521 5420 prardixerit
2549 5348 2808 5417 propheta
2840 5347 3026 5402 dicens
3055 5364 3069 5400 :
3105 5346 3277 5412 Quare
3303 5348 3613 5416 fremuerunt

2025 5418 2228 5506 Gentes,
2274 5452 2319 5495 et
2356 5440 2539 5510 pepuli
2582 5438 2808 5493 meditati
2846 5447 2966 5493 sunt
3007 5438 3181 5492 inania
3219 5436 3389 5509 (Psal.
3430 5439 3485 5492 2.
3520 5437 3616 5510 1)7
3678 5418 3681 5421 Ι

2086 5599 2105 5632 ι
2140 5607 2251 5657 Qua:
2273 5596 2655 5670 ctanduntpghic
2670 5596 2861 5670 uncinis
2879 5608 3114 5670 nusquam
3142 5595 3387 5670 habentur
3403 5598 3450 5670 in
3476 5604 3617 5648 textu

2020 5667 2214 5772 fracti;
2262 5671 2356 5709 nec
2395 5662 2446 5709 in
2487 5660 2703 5710 Bditione
2742 5657 2882 5709 savii.
2924 5657 3017 5708 Sed
3059 5659 3140 5708 illa
3187 5657 3330 5710 vetus
3371 5664 3617 5721 lnterpres

2047 5736 2164 5787 eger
2218 5756 2235 5773 .
