3920 6398
470 328 576 382 819

474 443 657 512 Neque
684 449 887 497 tantum
919 440 1018 495 ista
1065 439 1509 510 praenuntiarunt,
1556 438 1653 491 sed
1695 436 1855 489 etiam
1897 434 2057 490 silen-

475 535 628 600 tium,
652 534 793 604 quod
815 534 995 589 multis
1016 532 1211 588 habitis
1238 530 1605 597 sermonibus,
1629 529 1929 598 oblatisque
1956 530 2063 583 cri-

473 627 855 682 minationibus
880 626 971 682 ille
995 625 1261 690 servabat,
1309 622 1559 694 praedixit
1584 622 1805 678 Hesaias
1830 621 1916 677 his
1939 635 2064 675 ver-

474 719 561 775 bis
584 736 600 774 :
632 718 782 774 Sicut
808 718 914 772 ovis
941 718 1011 772 ad
1035 717 1338 772 occisionem
1364 714 1545 769 ductus
1571 722 1665 781 est,
1687 723 1737 767 et
1756 714 1885 767 sicut
1904 727 2066 781 agnas

470 826 647 865 coram
672 809 909 865 tondente
933 818 1122 872 mutus,
1153 808 1228 861 sic
1254 822 1353 861 non
1377 806 1579 875 aperuit
1598 820 1654 859 os
1683 820 1833 857 suum
1855 801 2061 874 (Hesai.

477 903 566 958 53.
597 901 677 973 7).
705 901 896 956 Postea
927 908 1239 968 corruptum
1257 897 1519 968 judicium
1549 895 1852 960 declarans,
1875 891 1944 947 In
1971 893 2068 946 Itu-

474 993 707 1058 militate,
755 990 945 1061 inquit,
989 990 1247 1060 judicium
1285 990 1398 1060 ejus
1436 985 1694 1042 sublatum
1722 994 1837 1051 est;
1877 983 1933 1039 id
1958 992 2064 1049 est,

382 1153 391 1161 _
472 1083 653 1140 nullus
680 1081 748 1136 de
779 1081 894 1149 ipso
919 1080 1064 1149 juste
1104 1079 1384 1149 judicavit.
1414 1077 1618 1132 Deinde
1658 1090 1875 1131 causam
1905 1073 2068 1128 caedis

478 1173 749 1244 patefacit.
779 1171 913 1226 Nam
941 1171 1065 1241 quia
1106 1185 1215 1224 non
1259 1177 1599 1238 peccatorum
1641 1182 1860 1221 suorum
1909 1178 2068 1219 causa

474 1280 667 1337 passus
686 1273 789 1331 est,
820 1263 1124 1332 inculpatus
1151 1262 1296 1317 enim
1326 1270 1381 1315 et
1412 1260 1665 1315 innoxius
1684 1267 1821 1322 erat,
1854 1256 1949 1311 sed
1974 1270 2069 1325 pro

474 1356 660 1412 mundi
690 1357 848 1411 malis
879 1355 1107 1409 traditus
1132 1363 1254 1419 est;
1302 1352 1426 1407 vide
1455 1352 1725 1422 quomodo
1765 1349 1881 1403 haec
1909 1349 2069 1402 ambo

474 1449 915 1515 subindicaverit,
959 1463 1079 1502 cum
1111 1445 1245 1500 dixit
1281 1461 1294 1497 :
1348 1444 1451 1511 Qui
1493 1453 1755 1513 peccatum
1784 1457 1885 1494 non
1930 1440 2066 1511 fecit,

477 1561 569 1599 nec
593 1545 822 1597 inventus
849 1549 922 1596 est
957 1539 1106 1594 dolus
1128 1540 1182 1592 in
1201 1554 1290 1592 ore
1314 1539 1425 1606 ejus
1468 1535 1673 1606 (Hesai.
1709 1535 1798 1590 55.
1832 1534 1890 1604 9)
1931 1551 1945 1585 :
1975 1547 2071 1601 per

478 1639 583 1692 hoc
616 1636 769 1693 .euim
810 1634 964 1704 cujus
991 1634 1066 1687 rei
1096 1646 1257 1686 causa
1284 1631 1497 1685 occisus
1538 1629 1611 1683 sit
1635 1627 1946 1682 declaravit.
1977 1624 2073 1680 Se-

479 1704 660 1797 quitur
682 1733 738 1779 et
764 1724 867 1777 alia
898 1738 1059 1777 eausa
1087 1739 1099 1776 :
1142 1720 1250 1774 Pro
1269 1719 1640 1788 iniquitatibus,
1673 1718 1864 1788 inquit,
1895 1716 2073 1787 populi

479 1819 578 1872 mei
605 1816 677 1871 ad
696 1824 911 1870 mortem
940 1814 1074 1868 venit
1111 1812 1317 1883 (Hesai.
1345 1813 1435 1867 55.
1476 1811 1557 1883 5).
1589 1810 1774 1880 Neque
1797 1824 1931 1863 vero
1957 1817 2074 1862 tan-

480 1918 597 1964 tum
623 1922 838 1963 causam
866 1905 1051 1971 caedis,
1073 1903 1168 1959 sed
1186 1904 1346 1958 etiam
1369 1903 1494 1973 quid
1518 1902 1655 1956 lucri
1677 1917 1742 1956 ex
1755 1914 1915 1955 cruce
1934 1908 1986 1954 et
2006 1914 2072 1954 ex

486 2000 636 2055 eaade
661 1998 751 2052 illa
768 1996 1059 2052 accesserit
1070 1994 1357 2050 ostendere
1370 1993 1578 2058 volens,
1592 1992 1715 2046 vide
1732 1989 2002 2061 quomodo
2020 1989 2073 2044 id

479 2092 802 2163 prmnuntiet
843 2088 927 2143 Itis
954 2087 1172 2143 verbis:
1209 2084 1397 2139 Omnes
1429 2086 1557 2139 sicut
1593 2100 1707 2138 oves
1748 2083 2027 2138 erravimus
2049 2097 2069 2135 :

482 2187 633 2237 homo
661 2183 717 2236 in
742 2182 823 2235 via
847 2197 942 2234 sua
981 2180 1273 2234 aberravit:
1297 2177 1567 2248 disciplina
1599 2176 1739 2247 pacis
1765 2184 1950 2230 nostri:
1991 2191 2078 2228 su-

481 2291 572 2345 per
608 2289 722 2328 eum
743 2288 764 2327 :
790 2273 946 2326 livore
984 2275 1095 2342 ejus
1120 2287 1210 2325 nos
1237 2285 1412 2324 omnes
1437 2269 1604 2324 sanati
1631 2283 1825 2321 sumus.
1856 2264 2066 2320 Deinde

480 2368 603 2438 quia
625 2381 812 2436 poenas
832 2365 1010 2420 daturi
1036 2373 1189 2419 erant
1205 2363 1376 2418 ιιιόωί
1396 2362 1715 2433 ﬂagitiorum
1743 2358 2066 2430 hujusmodi,

482 2459 609 2514 illud
630 2474 843 2529 quoque
868 2458 1103 2513 declarat
1130 2457 1271 2511 idem
1300 2454 1556 2525 propheta
1586 2460 1708 2508 eum
1730 2452 1895 2507 dicit:
1928 2448 2072 2503 Dabo

480 2551 736 2621 improbos
779 2565 872 2619 pro
913 2549 1174 2618 sepultura
1203 2549 1334 2617 ejus,
1376 2555 1422 2601 et
1448 2546 1624 2599 divites
1665 2561 1756 2615 pro
1779 2554 1940 2598 morte
1965 2544 2076 2613 ejus

481 2643 602 2712 (Id.
648 2659 699 2697 v.
742 2643 833 2710 9).
863 2640 1070 2695 Rursus
1097 2638 1263 2694 David
1288 2654 1409 2694 eum
1439 2637 1679 2699 dixisset,
1709 2636 2020 2705 Abjiciamus
2040 2652 2073 2689 a

481 2733 626 2787 nobis
637 2735 824 2802 jugum
851 2734 1079 2802 ipsorum
1106 2731 1279 2802 (Psal.
1315 2730 1373 2785 2.
1403 2731 1483 2802 5),
1513 2730 1728 2800 adjecit,
1759 2730 1859 2796 Qui
1886 2731 2076 2784 habitat

486 2829 542 2879 in
558 2825 695 2879 caelis
715 2824 943 2878 irridebit
972 2841 1055 2879 eos
1079 2840 1098 2877 :
1119 2834 1237 2878 tunc
1263 2824 1489 2894 loquetur
1515 2824 1582 2877 ad
1604 2840 1688 2877 eos
1708 2824 1760 2877 in
1781 2824 1860 2876 ira
1884 2840 1997 2890 sua,
2029 2832 2076 2877 et

485 2919 544 2971 in
559 2919 734 2986 furore
760 2932 852 2970 suo
873 2915 1189 2969 conturbabit
1216 2931 1299 2968 eos
1323 2929 1342 2968 :
1364 2914 1556 2985 quibus
1576 2913 1838 2984 signiﬁcat
1869 2914 2078 2984 disper-

485 3008 689 3067 sionem
711 3020 899 3060 eorum
924 3021 1021 3076 per
1047 3014 1212 3060 totum
1235 3013 1495 3060 terrarum
1514 3004 1697 3059 orbem
1718 3020 1734 3071 ;
1758 3005 1899 3075 quod
1916 3007 2077 3061 etiam

486 3101 600 3171 ipse
638 3094 884 3153 Christus
926 3098 979 3153 in
1017 3098 1318 3167 Evangeliis
1345 3097 1625 3153 declarans
1668 3097 1921 3153 dicebat:
1970 3097 2077 3153 Eos

480 3204 651 3249 autem
671 3191 758 3260 qui
787 3207 867 3244 me
890 3191 1159 3245 noluerunt
1182 3206 1395 3262 regnare
1422 3207 1573 3261 super
1595 3206 1667 3258 se,
1698 3191 1929 3245 abducite
1952 3191 2072 3258 huc,

481 3291 532 3336 et
570 3283 782 3335 occidite
825 3297 910 3336 eos
960 3280 1111 3352 (Luc.
1144 3281 1232 3336 i9.
1275 3281 1390 3351 27).
1434 3281 1702 3335 Przeterea
1724 3280 1792 3336 de
1819 3280 1968 3336 ccede
1992 3282 2076 3335 lo—

481 3372 657 3442 qunti,
686 3372 903 3427 modum
932 3375 1049 3441 ejus
1080 3388 1184 3427 non
1214 3373 1501 3439 siluerunt,
1528 3372 1622 3428 sed
1650 3373 1800 3426 illum
1827 3373 2080 3427 indicavit

487 3465 649 3519 David
691 3466 762 3519 ita
816 3466 1041 3535 loquens
1081 3484 1096 3520 :
1146 3464 1412 3519 Foderunt
1451 3481 1631 3520 manus
1668 3480 1808 3519 meas
1837 3474 1883 3519 et
1927 3465 2077 3536 pedes

483 3571 641 3620 meos,
686 3554 1125 3608 dinumeraverunt
1147 3555 1317 3608 omnia
1340 3570 1454 3608 ossa
1477 3570 1589 3608 mea
1625 3550 1945 3623 (Ps.21.i7,
1965 3550 2077 3623 l8);

484 3659 586 3700 nec
614 3643 947 3713 iniquitatem
975 3652 1097 3713 post
1132 3652 1362 3699 mortem
1394 3653 1775 3713 consequutam
1816 3644 2028 3699 reticuit
2058 3660 2074 3699 :

483 3749 609 3791 nam
652 3733 826 3789 dicit:
874 3733 1162 3787 Diviserunt
1209 3732 1305 3787 sibi
1332 3735 1623 3787 vestimenta
1667 3749 1798 3799 mea,
1838 3743 1885 3788 et
1925 3751 2077 3804 super

396 3818 399 3823 ’
483 3834 664 3880 vestem
694 3841 859 3879 meant
884 3827 1129 3878 miserunt
1154 3834 1338 3879 sortem
1367 3824 1544 3896 (Psal.
1566 3825 1658 3880 21.
1684 3825 1798 3898 i9).

559 3914 839 3985 Sepultum
885 3914 1072 3969 Christi
1093 3915 1666 3985 premium—Deinde
1709 3912 1849 3987 quod
1893 3919 2075 3987 sepul-

487 4020 623 4065 turae
649 4009 936 4065 tradendus
962 4018 1108 4085 esset
1134 4009 1421 4064 declaravit
1446 4010 1528 4064 his
1549 4010 1725 4066 verbis
1750 4029 1763 4065 :
1787 4009 2077 4066 Posuerunt

485 4121 565 4159 me
606 4108 661 4157 in
705 4104 821 4157 lacu
864 4103 1131 4173 inferiori,
1160 4103 1214 4155 in
1238 4102 1505 4157 tenebrosis
1534 4112 1578 4156 et
1603 4103 1657 4156 in
1695 4103 1874 4157 umbra
1902 4105 2076 4158 mortis

486 4194 661 4267 (Psal.
689 4194 779 4251 87.
814 4196 846 4249 7
864 4196 903 4265 ).
950 4194 1085 4248 Cum
1123 4203 1303 4248 autem
1330 4203 1722 4249 resurrecturus
1749 4204 1926 4262 esset,
1954 4195 2077 4250 vide

485 4287 758 4358 quomodo
812 4287 915 4342 hoc
959 4286 1327 4355 praenuntiarit
1356 4303 1370 4340 :
1404 4284 1528 4340 Non
1580 4286 1926 4356 derelinquas,
1965 4288 2073 4353 ait,

490 4382 715 4435 animum
733 4395 896 4432 meam
913 4380 965 4431 in
982 4379 1205 4449 inferno,
1229 4394 1318 4431 nec
1334 4377 1477 4431 dabis
1499 4388 1732 4432 sanctum
1749 4390 1891 4432 tuum
1910 4378 2078 4432 videre

487 4473 862 4540 corruptionem
910 4468 1081 4542 (Psal.
1108 4470 1196 4525 15.
1228 4468 1336 4539 10)
1370 4487 1384 4521 :
1415 4469 1520 4523 alio
1548 4470 1672 4524 item
1703 4470 1863 4524 modo
1892 4469 1941 4523 id
1974 4468 2105 4543 IIe-_

488 4564 630 4616 saias
657 4562 895 4616 declarat
927 4577 941 4613 :
974 4559 1040 4615 Et
1082 4559 1368 4625 Dominus,
1401 4560 1603 4631 inquit,
1652 4561 1820 4629 ipsum
1846 4561 1949 4614 vult
1977 4577 2075 4631 pu-

487 4653 694 4723 riﬁcare
715 4669 746 4707 a
766 4653 945 4722 plaga,
966 4652 1226 4706 ostendere
1246 4653 1290 4707 ei
1319 4654 1487 4707 lumen
1512 4694 1526 4719 ,
1548 4653 1835 4720 justiﬁcare
1857 4653 2074 4724 justum,

488 4747 600 4814 quis
624 4744 801 4799 multis
842 4744 963 4798 bene
998 4745 1182 4797 serviat
1230 4742 1437 4814 ('Hesai.
1479 4744 1569 4799 55.
1619 4743 1706 4798 10.
1745 4745 1801 4799 ll
1825 4741 1865 4815 ).
1923 4743 2076 4809 Quod

490 4836 607 4905 ejus
647 4836 825 4890 caedes
864 4843 1204 4904 peccatorum
1248 4837 1522 4889 hominum
1556 4835 1750 4907 solutio
1774 4835 1961 4903 fuerit,
1994 4835 2076 4889 id-

488 4930 662 5000 ipsum
688 4929 848 4985 etiam
872 4928 1123 4983 indicavit
1150 4928 1231 4983 his
1255 4928 1434 4983 verbis
1466 4946 1480 4982 :
1505 4926 1571 4981 Et
1596 4929 1704 4998 ipse
1722 4939 1924 4999 peccata
1948 4929 2079 4981 mul-

478 5031 657 5074 torum
707 5018 1027 5091 tnlit(lbid.
1083 5036 1131 5073 v.
1181 5019 1292 5090 12).
1345 5018 1497 5087 Quod
1543 5020 1840 5074 bomincsa
1870 5020 2075 5075 daemo-

488 5112 645 5166 nibus
683 5111 924 5165 liherarit
967 5127 981 5164 :
1014 5108 1081 5163 Et
1111 5111 1356 5180 fortium,
1405 5110 1615 5179 inquit,
1667 5111 1849 5165 dividet
1887 5111 2072 5180 spolia.

487 5200 640 5266 Quod
685 5200 814 5256 illud
856 5201 1032 5270 ipsum
1058 5215 1155 5269 per
1196 5210 1425 5255 mortem
1456 5199 1693 5255 eﬂ‘ecerit
1714 5241 1730 5263 ,
1759 5200 1812 5254 id
1842 5215 1947 5254 non
1994 5210 2075 5254 ta-

487 5293 597 5346 cuit
618 5332 633 5356 ,
664 5293 755 5346 sed
781 5293 856 5347 ait
888 5310 903 5346 :
938 5290 1042 5346 Pro
1072 5308 1128 5346 eo
1156 5292 1289 5361 quod
1316 5294 1370 5345 in
1408 5302 1616 5346 mortem
1643 5293 1829 5346 tradita
1857 5302 1931 5346 est
1957 5292 2073 5345 ani-

486 5399 571 5436 ma
599 5385 706 5453 ejus
733 5384 752 5454 (
773 5384 936 5456 Ibid.)
965 5383 1118 5450 Quod
1145 5385 1239 5439 toti
1269 5384 1383 5439 orbi
1422 5384 1791 5454 praeficiendus
1816 5394 1957 5440 esset
1997 5386 2075 5441 sic

488 5474 781 5529 declaravit
805 5492 817 5527 :
850 5475 915 5529 Et
943 5480 1052 5546 ipse
1080 5475 1356 5529 hereditate
1385 5475 1653 5545 possidebit
1680 5476 1862 5530 multos
1883 5475 2071 5557 (Ibid)

490 5565 693 5620 Deinde
717 5567 965 5636 quoniam
1009 5582 1129 5621 cum
1161 5567 1212 5620 in
1239 5566 1504 5622 infernum
1531 5566 1926 5635 descendisset,
1956 5583 2073 5621 om-

492 5656 575 5707 nia
600 5656 864 5729 turbavit,
907 5661 1131 5728 strepitu
1168 5669 1326 5730 atque
1355 5660 1579 5714 tumultu
1624 5660 1867 5714 universa
1896 5662 2073 5732 reple-

498 5743 600 5810 vit,
626 5760 913 5816 arcemque
938 5748 1233 5817 destruxit;
1267 5752 1403 5806 hanc
1428 5765 1540 5806 rem
1563 5764 1668 5806 non
1699 5749 1911 5806 silentio
1937 5767 2073 5823 pras-

1218 326 1276 382 S.
1306 323 1584 381 JOANNIS
1617 321 2095 377 CIIRYSOSTO)"
2135 322 2456 379 AllClllEP.
2482 322 3023 380 CONSTAN'HNOP.

3657 330 3754 392 820

2170 442 2399 502 tereuut,
2444 435 2538 491 sed
2585 438 2746 492 modo
2766 436 2932 493 David
2953 436 3122 493 dicit:
3150 439 3377 514 Attollite
3400 451 3572 510 portas
3610 449 3747 514 prin.

2170 527 2306 597 cipes
2349 535 2559 591 vestras,
2588 537 2638 582 et
2661 529 2924 583 elevamini
2953 538 3115 600 portae
3140 511 3421 599 wternales,
3451 542 3502 589 et
3536 511 3748 592 introibit

2168 633 2259 672 rec
2279 618 2458 689 gloria:
2481 617 2652 688 (Psal.
2676 618 2766 674 25.
2794 618 2861 691 7)
2885 636 2902 686 ;
2930 620 3089 675 modo
3117 620 3340 677 llesaias
3362 623 3516 680 aliter
3533 665 3550 691 ,
3574 624 3747 682 Portus

2171 706 2331 763 cereas
2357 710 2675 780 confringam
2705 750 2720 775 ,
2749 720 2797 764 et
2833 721 2992 766 vectes
3030 714 3220 783 ferreos
3245 722 3530 781 conteram,
3554 726 3601 772 et
3634 734 3745 791 ape-

2169 801 2301 853 riam
2323 800 2412 853 tibi
2437 802 2699 855 thesauros
2722 802 3024 866 tenebrosos,
3047 805 3290 869 occultos,
3308 805 3578 861 invisibiles
3598 819 3746 865 osten-

2172 891 2292 944 dam
2318 892 2407 945 tibi
2434 891 2639 963 (Hesai.
2668 893 2761 948 45.
2791 891 2849 964 2)
2878 911 2892 948 :
2920 894 2998 949 sic
3023 895 3299 964 appellans
3323 896 3608 954 infernum.
3627 901 3737 957 Nam

2172 983 2380 1039 etiamsi
2411 983 2650 1039 infernus
2670 995 2843 1050 esset,
2882 995 2937 1039 at
2964 997 3175 1041 sanctas
3196 988 3402 1045 animas
3421 999 3476 1046 et
3493 1007 3613 1047 vasa
3634 1010 3742 1066 pre-

2175 1074 2309 1132 tiosa
2365 1079 2639 1145 servabat,
2692 1094 2886 1149 nempe
2938 1081 3245 1151 Abraham,
3274 1083 3419 1139 Isaac
3467 1096 3519 1140 ct
3556 1086 3741 1145 Jacob.

2172 1179 2460 1242 propterea
2494 1171 2776 1227 thesauros
2804 1174 3141 1243 appellabat,
3185 1176 3499 1231 tenebrosus
3536 1188 3697 1234 autem
3722 1224 3735 1245 ,

2174 1263 2297 1332 quia
2323 1263 2558 1318 nondum
2580 1263 2659 1318 sol
2684 1264 2905 1333 iustitiae
2931 1265 3001 1319 ibi
3024 1265 3270 1332 fulserat,
3301 1283 3476 1338 neque
3494 1269 3558 1325 de
3574 1284 3738 1327 resur-

2174 1353 2411 1409 rectione
2435 1355 2837 1426 prmdicaverat.
2860 1356 3015 1423 Quod
3040 1365 3161 1426 post
3189 1360 3627 1416 resurrectionem
3644 1378 3742 1418 non

2175 1460 2295 1501 cum
2325 1447 2527 1517 angelis
2558 1448 2893 1503 constiturus
2915 1457 3093 1517 esset,
3127 1466 3231 1506 non
3257 1466 3382 1506 cum
3411 1453 3743 1523 archangelis,

2177 1553 2282 1592 non
2310 1552 2432 1592 cum
2459 1539 2560 1592 alia
2592 1538 3045 1596 administratoria
3071 1541 3269 1596 virtute
3295 1583 3311 1609 ,
3339 1542 3435 1596 sed
3481 1543 3534 1598 in
3571 1530 3745 1600 throno

2176 1629 2325 1698 regio
2348 1643 2596 1684 sessurus
2622 1670 2637 1696 ,
2686 1630 2809 1685 audi
2836 1631 3106 1701 quomodo
3132 1632 3298 1686 David
3323 1632 3557 1688 declaret
3581 1652 3594 1688 :
3618 1633 3745 1689 Dicit

2179 1718 2426 1773 Dominus
2480 1718 2702 1774 Domino
2749 1735 2892 1784 meo,
2936 1718 3071 1775 Sede
3110 1738 3144 1775 a
3183 1722 3376 1777 dextris
3424 1725 3576 1791 meis,
3605 1725 3746 1780 donec

2178 1828 2365 1881 ponam
2390 1811 2623 1865 inimicos
2662 1820 2774 1868 tuos
2809 1814 3087 1868 scabellum
3121 1815 3312 1886 pedum
3341 1824 3543 1870 tuorum
3570 1818 3590 1888 (
3615 1817 3744 1871 Psal.

2179 1901 2302 1958 t09.
2332 1904 2408 1973 t).

2259 1999 2311 2054 5.
2336 1995 2512 2052 Missio
2530 2000 2655 2053 item
2677 1995 3400 2066 nposto!orum.—Missurus
3429 2010 3606 2071 postea
3646 2014 3748 2057 erat

2181 2088 2454 2158 apostolos
2476 2130 2490 2153 ,
2530 2096 2583 2142 ct
2629 2088 2732 2143 hoc
2767 2090 3013 2158 prtedixit
3058 2090 3282 2161 llesaias
3316 2091 3503 2147 dicens
3540 2112 3555 2148 :
3596 2092 3744 2162 Quam

2182 2180 2394 2249 speciosi
2420 2179 2571 2250 pedes
2596 2180 3046 2250 euangelizandum
3072 2197 3247 2251 pacem
3269 2222 3284 2246 ,
3312 2184 3745 2253 euangelizantiqu

2182 2271 2312 2325 bona
2339 2269 2558 2340 (-Ilesai.
2581 2270 2670 2326 52.
2699 2271 2779 2342 7).
2825 2272 2907 2326 En
2936 2272 3144 2343 qualem
3176 2271 3358 2327 laudat
3382 2275 3615 2345 corporis
3638 2289 3745 2344 par-

2182 2373 2324 2427 tem,
2375 2361 2571 2431 pedes,
2618 2362 2708 2432 qui
2762 2362 2882 2418 illos
2927 2363 3122 2434 ubique
3167 2367 3476 2434 portabant.
3521 2366 3598 2421 Ad
3649 2367 3748 2421 huc

2180 2463 2565 2507 commemorat
2596 2453 2760 2508 David
2788 2453 3055 2524 quomodo
3086 2455 3464 2524 praevaluerint
3502 2456 3711 2526 apostoli
3730 2496 3742 2517 ,

2182 2544 2368 2600 dicens
2393 2564 2406 2601 :
2436 2545 2688 2599 Dominus
2712 2546 2849 2599 dabit
2875 2546 3077 2601 verbum
3109 2547 3564 2617 euangelizantibus
3587 2548 3749 2602 virtute

2183 2638 2341 2691 multa
2373 2636 2556 2708 (Psal.
2589 2636 2679 2692 67.
2708 2636 2821 2708 12).
2847 2636 2961 2691 Νοη
2983 2637 3126 2691 enim
3154 2639 3352 2705 armis,
3380 2654 3483 2692 non
3512 2638 3746 2708 pecuniis,

2182 2743 2288 2782 non
2317 2728 2511 2782 robore
2541 2727 2783 2797 corporis
2807 2767 2821 2792 ,
2858 2742 2964 2782 non
2996 2726 3338 2782 exercituum
3367 2730 3536 2798 copiis
3554 2770 3567 2789 .
3596 2744 3748 2797 neque

2180 2819 2284 2872 alio
2309 2818 2467 2872 simili
2499 2818 2659 2873 modo
2698 2827 3053 2889 superarunt,
3100 2817 3196 2873 sed
3226 2819 3395 2875 verbo
3422 2818 3670 2888 simplici,
3694 2827 3739 2872 et

2182 2912 2404 2966 multam
2436 2910 2669 2966 habente
2705 2912 2963 2966 virtutem
2987 2952 3002 2977 ,
3039 2911 3418 2966 miraculorum
3449 2926 3629 2980 nempe
3667 2927 3744 2964 os-

2183 3012 2408 3059 tentum.
2458 3002 2788 3058 Cruciﬁxum
2821 3005 2969 3058 enim
3002 3003 3390 3073 prmdieantes,
3423 3014 3476 3059 et
3521 3004 3744 3059 miracula

2183 3103 2458 3164 patrantes
2479 3134 2495 3159 ,
2527 3095 2606 3149 sic
2625 3095 2812 3149 orbem
2845 3095 3191 3165 subegerunt.
3224 3095 3353 3151 Ideo
3377 3098 3451 3151 ait
3479 3114 3492 3149 :
3523 3095 3745 3149 Dominus

2182 3184 2322 3239 dabit
2348 3185 2548 3240 verbum
2590 3186 3047 3256 euangelizantibus
3075 3187 3257 3240 virtute
3281 3188 3474 3254 multa,
3503 3188 3577 3243 sic
3603 3187 3745 3240 mira-

2182 3279 2299 3333 cula
2326 3264 2546 3334 vocans;
2564 3278 2696 3333 Nam
2727 3278 3008 3334 ineﬂ'abilis
3034 3279 3203 3333 virtus
3243 3289 3383 3346 erat,
3416 3282 3737 3351 piscatorem,

2186 3373 2566 3442 publicanum,
2607 3373 2959 3427 tentoriorum
3005 3373 3283 3443 Opiticem,
3332 3375 3448 3428 solo
3506 3380 3748 3443 praecepto

2182 3473 2425 3519 mortuos
2463 3465 2750 3529 suscitare,
2781 3465 3054 3521 daemones
3078 3466 3347 3536 expellere
3371 3508 3387 3533 ,
3412 3476 3628 3522 mortem
3647 3464 3745 3519 abi—

2182 3569 2310 3623 gere
2331 3596 2345 3621 ,
2378 3554 2818 3626 philosophorum
2863 3556 3093 3625 linguam
3145 3555 3456 3622 refrenare,
3495 3557 3743 3611 rhetorum

2182 3661 2277 3701 ora
2303 3661 2568 3702 consuere
2589 3690 2602 3711 ,
2624 3661 2779 3717 reges
2808 3662 2871 3702 ac
2904 3647 3173 3718 principes
3201 3649 3419 3703 vincere
3442 3690 3456 3712 ,
3487 3647 3707 3703 barbaris
3728 3685 3742 3706 .

2182 3736 2420 3804 Graecis,
2467 3738 2719 3807 omnique
2761 3738 2961 3792 nationi
3002 3739 3286 3808 imperare.
3332 3741 3398 3795 Et
3435 3738 3661 3809 apposite
3681 3737 3746 3789 sic
3816 3782 3823 3787 .

2182 3826 2432 3898 loquutus
2458 3837 2540 3882 est
2562 3844 2576 3881 :
2601 3843 2724 3882 nam
2752 3818 2867 3883 haec
2893 3828 3071 3882 omnia
3101 3831 3265 3885 verbo
3294 3830 3389 3886 illo
3418 3829 3742 3900 perfecerunt,

2182 3929 2237 3974 et
2261 3919 2461 3974 virtute
2490 3921 2652 3975 multa
2689 3929 2928 3975 mortuos
2956 3921 3005 3975 in
3050 3922 3199 3976 vivos
3243 3930 3550 3987 mutarunt,
3580 3932 3745 3990 pecca-

2185 4022 2331 4067 tores
2359 4013 2409 4066 in
2431 4012 2605 4081 justos
2627 4053 2642 4076 ,
2669 4027 2842 4067 caicus
2867 4013 2918 4067 in
2948 4012 3190 4068 videntes
3209 4054 3224 4078 ,
3255 4013 3475 4068 morbos
3497 4022 3683 4066 uatum
3696 4015 3742 4060 et

2184 4107 2376 4159 animae
2421 4105 2709 4173 nequitiam
2742 4084 3090 4174 exponentes:
3120 4104 3324 4160 Deinde
3351 4104 3488 4175 quod
3516 4105 3620 4156 lucc
3650 4099 3742 4151 viro

2187 4209 2271 4253 tus
2298 4198 2403 4252 illis
2428 4212 2456 4251 a
2483 4197 2684 4267 Spiritu
2714 4207 2900 4252 sancto
2922 4197 3234 4259 accederet,
3269 4196 3394 4251 hinc
3419 4193 3700 4250 declaratur
3726 4204 3737 4238 :

2184 4291 2383 4362 Spiritu
2403 4330 2418 4356 ,
2447 4289 2620 4360 inquit
2644 4330 2658 4354 ,
2704 4300 2876 4344 sancto
2923 4289 3099 4360 repleti
3126 4299 3269 4343 erant
3301 4290 3318 4356 (
3336 4288 3447 4342 Act.
3473 4287 3525 4341 2.
3555 4282 3620 4353 4)
3647 4298 3661 4347 ;
3695 4289 3740 4335 et

2186 4385 2283 4439 viri
2315 4383 2473 4438 simul
2500 4391 2657 4452 atque
2687 4383 2940 4437 mulieres
2960 4381 3371 4452 prophetabant.
3393 4380 3600 4449 Lingua:
3624 4373 3740 4444 ignis

2182 4473 2350 4528 forma
2398 4474 2527 4527 visa:
2569 4472 2822 4528 sederunt
2861 4488 3020 4542 supra
3064 4486 3490 4543 unumquemque
3532 4479 3739 4522 eorum:

2182 4573 2236 4620 et
2262 4564 2363 4619 hoc
2388 4564 2503 4619 Joel
2534 4563 2622 4619 diu
2668 4572 2791 4619 ante
2829 4562 3201 4633 praenuntiavit
3227 4563 3412 4617 dicens
3440 4579 3453 4616 :
3491 4555 3739 4623 Effundant

2182 4657 2244 4709 de
2266 4654 2461 4726 Spiritu
2490 4670 2598 4708 meo
2636 4672 2789 4724 super
2815 4671 3014 4709 omnem
3037 4671 3273 4719 carnem,
3303 4663 3351 4707 et
3395 4648 3736 4727 propltctabunt

2183 4751 2279 4819 ﬁlii
2300 4751 2482 4815 vestri,
2527 4760 2575 4802 ct
2612 4748 2735 4819 ﬁliae
2771 4760 2947 4804 vestra:
2983 4750 3198 4803 visiones
3225 4749 3493 4812 videbunt,
3520 4754 3565 4799 et
3588 4740 3740 4797 adole-

2181 4850 2371 4893 scentes
2397 4840 2547 4893 vestri
2571 4841 2764 4894 somnia
2791 4841 3110 4894 somniabttnt
3141 4857 3160 4893 :
3182 4849 3229 4893 et
3254 4840 3453 4909 quidem
3481 4850 3624 4906 super
3646 4845 3739 4884 ser-

2182 4947 2269 4984 vos
2298 4947 2462 4999 meos,
2491 4940 2536 4985 et
2576 4948 2730 5002 super
2774 4932 2988 4986 ancillas
3028 4932 3323 5002 effundam,
3349 4930 3629 4999 priusquam
3671 4936 3741 4974 ve-

2182 5024 2289 5076 niat
2331 5022 2436 5075 dies
2466 5021 2672 5076 Domini
2717 5038 2931 5093 magnus
2980 5032 3027 5075 et
3067 5015 3549 5091 illustris(Joel.2.
3591 5008 3736 5079 28):

2181 5127 2430 5184 magnum
2463 5124 2518 5167 et
2546 5113 2807 5167 illustrem
2849 5127 3049 5167 vocans
3074 5112 3215 5167 diem
3242 5111 3496 5164 adventus
3530 5101 3736 5173 Spiritus

2182 5206 2350 5260 sancti
2371 5247 2389 5273 ,
2418 5220 2518 5261 nec
2546 5220 2652 5261 non
2696 5221 2816 5261 eum
2838 5247 2852 5271 ,
2904 5204 2993 5274 qui
3035 5206 3089 5259 in
3116 5201 3565 5260 consummatione
3587 5206 3734 5249 saecu-

2183 5296 2356 5351 lorum
2379 5295 2588 5350 futurus
2616 5306 2718 5351 est.
2765 5294 2909 5350 Idem
2939 5311 3067 5350 vero
3094 5296 3207 5365 ipse
3242 5291 3488 5363 propheta
3532 5287 3731 5341 salutem

2181 5402 2276 5456 per
2306 5387 2464 5442 iidem
2514 5388 2915 5457 prmnuntians,
2963 5402 3137 5456 neque
3175 5386 3315 5441 enim
3364 5384 3504 5438 illam
3546 5373 3726 5434 tacuit,

2181 5478 2254 5532 ait
2286 5495 2298 5530 :
2328 5477 2395 5531 Et
2426 5479 2551 5544 erit,
2578 5480 2741 5533 omnis
2769 5480 2854 5547 qui
2878 5480 3177 5534 invocaverit
3200 5481 3387 5533 nomen
3401 5469 3616 5530 Domini,
3636 5462 3728 5517 sal—

2180 5585 2268 5622 vus
2290 5571 2380 5622 erit
2408 5567 2588 5640 (Ibid.
2612 5586 2659 5622 v.
2693 5569 2805 5639 32).

2251 5659 2304 5715 6.
2340 5659 2523 5715 Petrus
2548 5671 2597 5717 et
2625 5660 2823 5714 Paulus
2840 5661 3038 5730 regibus
3064 5662 3298 5732 majores.
3320 5687 3390 5698 -—
3417 5654 3606 5720 Ubique
3633 5653 3720 5700 lcr-

2182 5768 2363 5811 rarnm
2389 5768 2666 5833 praecones
2688 5752 2877 5822 mittit,
2907 5767 2968 5810 ac
2992 5769 3149 5809 nemo
3174 5762 3254 5808 est
3278 5749 3400 5822 quin
3421 5744 3715 5806 audiall’rw'
