3920 6366
482 353 590 409 εει

487 466 1041 543 προαναπεφὼνηται.
1096 470 1293 524 Ἄκουε
1338 468 1448 541 γὰρ
1491 468 1584 523 τοῦ
1620 466 1786 523 Δαυῒδ
1823 468 2077 539 λέγοντος

484 552 647 608 τοῦτο
670 552 768 608 zeal
788 554 1245 627 προφητεύοντοςο
1272 557 1379 621 Είς
1397 552 1609 609 πᾶσαν
1621 552 1741 622 τὴν
1759 552 1879 624 γῆν
1896 552 2082 621 ἐξῆλ-

487 638 594 692 θεν
630 641 666 694 ό
690 640 953 709 φθόγγος
980 636 1202 705 αὐτῶν,
1236 638 1335 692 καί
1362 639 1451 704 εις
1489 637 1563 691 τὰ
1590 636 1819 706 πέρατα
1848 633 1961 705 τῆς
1993 637 2079 690 ol-

486 721 793 792 κουμένης
824 721 898 775 τὰ
927 719 1172 791 ῥήματα
1208 719 1429 776 αὐτῶν.
1462 715 1597 774 Elea
1625 720 1841 785 δεικνὺς
1876 720 1971 773 zeal
1996 718 2079 773 ὅτι

488 806 630 878 μετὰ
661 806 912 874 ἐξουσίας
940 808 1259 878 ἐκήρυττον,
1289 805 1388 860 καὶ
1412 804 1522 860 τῶν
1543 804 1614 859 τὰ
1648 805 1951 877 διαδήματα
1981 822 2081 861 πε-

486 891 896 964 ριϐεϐλημένων
944 890 1308 963 δυνατώτεροι
1352 885 1517 963 ἦσαν,
1569 889 1806 961 ἀλλαχοῦ
1846 890 2010 945 πάλιν
2049 891 2080 944 6

482 977 644 1041 αὐτὸς
699 977 881 1047 λέγει·
928 975 1349 1044 Καταστήσεις
1397 975 1622 1042 αὐτοὺς
1651 974 1953 1045 ἄρχοντας
1978 974 2079 1030 ἐπὶ

481 1061 691 1117 πᾶσαν
726 1062 843 1131 τὴν
880 1061 1019 1132 γῆν.
1051 1061 1177 1115 Ὀτι
1212 1060 1271 1114 δέ
1315 1059 1411 1116 καὶ
1442 1059 1707 1131 βασιλέων
1753 1059 1954 1131 μᾶλλον
1983 1062 2079 1115 zeal

480 1147 760 1218 ἀρχόντων
815 1146 1102 1216 κρείττους
1150 1145 1398 1217 ὑπῆρχον
1441 1143 1650 1219 Πέτρος
1698 1145 1796 1199 zeal
1838 1142 2074 1213 Παῦλος,

478 1230 628 1301 δηλοί
658 1231 722 1285 τά
755 1230 1085 1304 πράγματα.
1111 1230 1175 1285 Ol
1199 1228 1331 1299 γοῦν
1357 1229 1468 1283 τῶν
1502 1228 1769 1301 βασιλέων
1794 1228 1952 1300 νόμοι
1981 1230 2078 1285 zeal

478 1314 698 1381 ζώντων
717 1315 901 1371 αὐτῶν
920 1314 1307 1380 καταλύονται,
1335 1316 1384 1369 οί
1403 1313 1461 1368 δὲ
1483 1313 1595 1369 τῶν
1623 1314 1826 1383 ἀλιέων
1851 1314 2076 1369 ἐκείνων

478 1398 576 1453 zeal
608 1399 997 1454 ἀποθανόντων
1036 1400 1322 1469 πεπήγασι
1358 1398 1456 1453 zeal
1489 1399 1747 1470 μένωσιν
1791 1398 2073 1471 ἀκίνητοι,

477 1484 575 1539 zeal
610 1483 788 1539 ταῦτα
815 1485 913 1539 zeal
948 1483 1223 1555 δαιμόνων
1264 1482 1359 1537 zeal
1389 1481 1682 1553 συνηθείας
1704 1481 1946 1554 χρονίου,
1981 1484 2078 1538 zeal

477 1566 677 1631 κακίας
698 1567 792 1622 zeal
812 1567 1007 1640 ἡδονῆς
1029 1566 1125 1621 zeal
1140 1566 1354 1639 μυρίων
1375 1564 1581 1638 ἐτέρων
1604 1565 2077 1638 ἐπιχειρησάντων

478 1652 677 1716 αὐτοὺς
692 1649 1117 1723 ἀναμοχλεῦσαι.
1137 1649 1329 1722 Δηλῶν
1347 1650 1405 1704 δέ
1420 1649 1586 1705 πάλιν
1606 1650 1689 1704 ὅτι
1705 1650 2076 1715 καταστάντες

476 1736 737 1809 ἄρχοντες
766 1736 923 1791 αὐτοὶ
943 1735 1008 1808 δὴ
1035 1727 1187 1789 οὗτοι
1211 1734 1510 1807 ἐπέραστοι
1542 1735 1679 1790 πᾶσι
1708 1735 1805 1789 καὶ
1833 1733 2076 1790 ποθεινοὶ

475 1818 711 1885 ἔσονται,
745 1819 997 1892 ἐπήγαγε
1033 1818 1233 1887 λέγων,
1267 1818 1373 1873 Διὰ
1408 1817 1588 1873 τοῦτο
1618 1819 1757 1873 λαοί
1789 1816 2076 1887 ἐξομολο-

474 1902 772 1973 γησονταί
803 1918 904 1957 σοι
930 1905 1020 1970 είς
1055 1904 1165 1957 τὸν
1190 1900 1400 1965 αίῶνα,
1450 1901 1752 1966 τουτέστιν,
1786 1897 1941 1974 [566]
1987 1901 2077 1954 εύ-

474 1986 870 2060 χαριστήσουσί
917 2003 1031 2048 σοι,
1087 1986 1184 2040 zeal
1230 1986 1393 2058 χάριν
1433 1984 1673 2039 εῐσονται
1721 1983 1948 2055 πολλὴν,
1992 1985 2075 2039 ὅτι

475 2069 755 2134 τοιούτους
787 2070 1058 2141 ἄρχοντας
1082 2068 1313 2135 ἔδωκας.
1351 2069 1476 2124 Ὅτι
1501 2069 1558 2123 δὲ
1588 2069 1686 2123 καὶ
1718 2067 1780 2122 τὸ
1809 2070 2075 2141 κήρυγμα

476 2153 758 2224 πανταχοῦ
804 2153 1099 2226 κρατήσει,
1161 2151 1730 2225 προαναπεφώνηται.
1787 2153 1932 2225 Ὅρα
1980 2152 2074 2208 τὸν

477 2237 644 2293 Δαυῖδ
673 2235 835 2291 τοῦτό
879 2255 960 2291 σοι
1004 2236 1363 2310 παριστῶντα
1407 2238 1475 2292 δι’
1507 2230 1583 2292 ὧν
1617 2236 1798 2308 λέγει·
1818 2239 2073 2308 Αἴτησαι

476 2323 616 2394 παρ’
646 2322 814 2395 ἐμοῦ,
848 2324 946 2377 καὶ
987 2320 1160 2377 δώσω
1190 2338 1291 2377 σοι
1334 2322 1481 2391 ἔθνη
1514 2321 1633 2391 τὴν
1661 2325 2076 2395 κληρονομίαν

475 2424 615 2472 σου,
640 2406 739 2462 καί
762 2406 878 2476 τὴν
905 2405 1287 2476 κατάσχεσιν
1305 2420 1424 2461 σου
1445 2404 1519 2459 τὰ
1546 2404 1775 2475 πέρατα
1798 2405 1909 2477 τῆς
1938 2406 2071 2479 γῆς.

476 2492 587 2545 Kal
620 2490 784 2545 πάλιν
829 2489 1068 2561 ἀλλαχοῦ
1103 2490 1294 2561 ἕτερος
1342 2490 1636 2563 προφήτης
1676 2491 1812 2563 φησί
1842 2490 1904 2545 τὸ
1942 2492 2075 2546 αὐτὸ

473 2575 679 2646 δηλῶν·
712 2574 1146 2643 Πλησθήσεται
1177 2576 1218 2643 η
1248 2574 1550 2644 σύμπασα
1590 2573 1670 2645 γῆ
1702 2573 1812 2629 τοῦ
1850 2574 2074 2648 γνῶναι

474 2660 585 2714 τὸν
612 2660 853 2729 Κύριον,
887 2659 970 2726 ὠς
1001 2658 1162 2728 ὕδωρ
1190 2658 1349 2713 πολὺ
1387 2659 1812 2729 κατακαλύψαι
1843 2659 2074 2715 θαλάσ-

475 2759 614 2811 σας.
639 2743 842 2797 Σκόπει
868 2743 967 2797 zeal
996 2742 1059 2796 τὸ
1089 2742 1311 2797 εὔκολον
1336 2743 1439 2813 τῆς
1464 2744 1715 2816 ὑπακοῆς
1735 2760 1750 2776 ο
1775 2745 1860 2799 Οὐ
1878 2743 1967 2816 μὴ
1987 2743 2075 2799 δι-

475 2829 744 2894 δάξωσιν
781 2826 1043 2894 ἕκαστος
1085 2826 1198 2881 τὸν
1232 2828 1504 2895 πλησίον
1541 2827 1751 2894 αὐτοῦ,
1804 2829 1903 2882 καί
1936 2827 2075 2884 ἔκα-

474 2928 623 2981 στος
642 2911 750 2967 τόν
765 2910 1037 2982 ἀδελφὸν
1056 2909 1243 2966 αὐτοῦ
1264 2908 1476 2981 λέγων,
1496 2909 1691 2966 Γνῶθι
1712 2911 1819 2966 τὸν
1831 2912 2072 2981 Κύριον,

474 2996 566 3052 ὅτι
599 2995 825 3062 πάντες
844 2994 1172 3064 είδήσουσί
1181 3012 1261 3064 με
1284 2995 1407 3049 ἀπὸ
1432 2993 1646 3063 μικροῦ
1668 2994 1782 3060 ἕως
1798 2994 2073 3066 μεγάλου

471 3076 693 3136 αὐτῶν.
727 3078 800 3133 Τὸ
826 3078 1072 3152 άρῤαγὲς
1091 3077 1191 3149 τῆς
1220 3077 1568 3150 Ἐκκλησίας·
1601 3078 1818 3133 Ἔσται
1842 3078 1913 3133 ἐν
1939 3079 2072 3147 ταῖς

471 3164 763 3234 ἐσχάταις
785 3163 1036 3234 ’ἡμέραις
1055 3161 1321 3232 ἐμφανὲς
1336 3161 1403 3217 τὸ
1428 3162 1567 3231 ὄρος
1582 3160 1827 3231 Κυρίου,
1847 3163 1947 3217 καὶ
1977 3163 2072 3218 ἐπ’

470 3248 663 3317 ἄκρον
694 3246 813 3302 τῶν
841 3246 1026 3317 ὀρέων
1062 3249 1096 3302 ό
1120 3242 1286 3313 οἶκος
1319 3245 1540 3315 Κυρίου
1560 3287 1576 3311 ,
1612 3244 1712 3300 καὶ
1745 3246 2073 3317 ὑψωθήσε-

470 3351 569 3388 ται
596 3331 873 3401 ὑπεράνω
895 3331 1015 3386 τῶν
1031 3329 1303 3398 βουνκῦν,
1326 3329 1425 3384 καὶ
1451 3329 1714 3398 ἥξουσιν
1743 3329 1838 3384 ἐπ’
1870 3331 2018 3387 αὐτὸ
2043 3344 2071 3374 ι

472 3418 612 3473 λαοί
650 3415 874 3471 πολλοὶ
917 3415 1016 3470 καί
1056 3414 1205 3483 ἔθνη
1244 3413 1468 3468 πολλά.
1501 3414 1613 3468 Καὶ
1647 3413 1731 3467 ὅτι
1784 3415 1846 3468 ού
1894 3416 2071 3486 παγία

474 3500 629 3556 ἔσται
675 3499 838 3572 μόνον
874 3500 971 3553 zeal
1018 3498 1279 3569 ἀκίνητος
1331 3495 1428 3551 zeal
1479 3497 1754 3571 ἀρραγὴς,
1798 3497 1933 3554 ἀλλά
1975 3501 2071 3556 καὶ

475 3585 679 3658 πολλὴν
721 3581 1087 3657 πρυτανεύσει
1130 3585 1198 3654 τῇ
1244 3582 1544 3655 οἰκουμένῃ
1587 3583 1839 3655 εἰρήνην,
1885 3585 1982 3639 zeal
2010 3587 2069 3641 al

476 3671 577 3743 μὲν
606 3668 750 3724 κατά
781 3667 966 3733 πόλεις
994 3665 1322 3739 πολυαρχίαι
1360 3664 1835 3737 καταλυθήσονται
1882 3667 1978 3722 zeal
2013 3672 2067 3725 al

478 3751 789 3826 μοναρχίαι,
825 3751 923 3822 μία
949 3751 1006 3805 δέ
1036 3767 1123 3815 τις
1146 3749 1301 3803 ἐσται
1334 3747 1583 3820 βασιλεία
1611 3750 1693 3813 εἰς
1719 3750 1928 3815 πάντας
1962 3752 2068 3823 ἀρ-

474 3838 654 3901 θεῖσα,
689 3836 785 3891 zeal
817 3835 877 3890 τὺ
901 3834 1064 3888 πλέον
1086 3834 1258 3904 αὐτῆς
1290 3834 1350 3887 ἐν
1373 3833 1564 3906 εἰρήνῃ
1596 3833 1772 3902 ἔσται,
1806 3835 1868 3888 ού
1896 3835 2070 3891 καθά-

474 3938 583 3994 περ
623 3919 935 3993 ἐμπροσθεν
963 3934 978 3949 ·
1018 3917 1081 3972 τδ
1125 3919 1226 3991 μὲν
1270 3915 1381 3987 γὰρ
1435 3916 1668 3971 παλαιὸν
1723 3918 2067 3990 χειροτέχναι

475 4006 678 4069 πάντες
707 4004 803 4058 καὶ
837 4004 1068 4075 ῥήτορες
1090 4002 1234 4057 ὅπλα
1274 4000 1537 4067 ἐτίθεντο,
1566 4000 1665 4055 zeal
1694 4002 1788 4055 ἐπὶ
1816 4003 2068 4075 παρατά-

475 4088 613 4155 ξεως
659 4067 990 4159 εἱστήκεσαν
1013 4067 1049 4115 θ’
1081 4084 1178 4140 τοῦ
1221 4083 1460 4157 Χριστοῦ
1505 4084 1563 4139 δὲ
1616 4067 2065 4158 παραγενομένου

473 4173 653 4228 πάντα
682 4171 869 4224 ἐκεῖνα
893 4168 1132 4241 διελύθη,
1162 4169 1258 4223 zeal
1295 4169 1377 4233 είς
1406 4166 1571 4240 μέρος
1606 4167 1967 4241 διωρισμένον
1995 4169 2069 4224 τά

471 4256 581 4311 τῶν
609 4255 864 4325 πολέμων
896 4252 1163 4327 περιέστη
1186 4266 1202 4281 ⁸
1228 4252 1326 4307 zeal
1350 4248 1511 4306 τοῦτο
1537 4249 1602 4323 δὴ
1642 4252 1932 4325 προφήτης
1968 4251 2065 4326 δη-

472 4340 581 4394 λῶν
610 4357 695 4404 τις
718 4339 870 4408 ἔλεγε
891 4355 905 4370 ο
934 4338 1045 4393 Καὶ
1071 4339 1462 4407 συγκόψουσι
1492 4335 1600 4402 τὰς
1624 4336 1928 4406 μαχαίρας
1954 4339 2065 4393 αὐ-

472 4421 594 4477 τῶν
625 4424 713 4487 είς
742 4420 981 4490 ἄροτρα,
1022 4421 1119 4475 καὶ
1160 4421 1268 4486 τὰς
1304 4418 1542 4485 ᾰϐύνας
1577 4417 1778 4475 αὐτῶν
1816 4422 1905 4487 εις
1935 4420 2067 4490 δρέ-

472 4521 657 4568 πανα,
689 4503 785 4559 καὶ
811 4505 884 4558 οὺ
915 4503 1175 4573 λήψεται
1195 4502 1373 4570 ἔθνος
1396 4502 1490 4556 ἐπ’
1525 4502 1702 4569 ἔθνος
1733 4502 2060 4574 μάχαιραν,

474 4589 575 4644 καὶ
601 4589 672 4670 ού
689 4586 775 4656 μὴ
791 4585 1066 4670 μάθωσιν
1087 4587 1176 4670 ἔτι
1196 4585 1504 4670 πολεμεῖν.
1528 4585 1804 4670 ῌρότερον
1832 4587 1932 4659 μὲν
1954 4588 2063 4661 γὰρ

473 4673 534 4726 ἐν
561 4669 772 4735 τούτοις
802 4668 941 4734 ἔζων
968 4667 1229 4734 ἅπαντες,
1261 4669 1379 4724 νυνὶ
1403 4669 1459 4723 δὲ
1483 4667 1579 4722 zeal
1604 4667 1704 4739 τῆς
1741 4668 1937 4740 τέχνης
1961 4672 2062 4725 αὑ-

471 4754 574 4826 τῆς
603 4752 950 4818 ἐπελάθοντο,
991 4752 1189 4825 μᾶλλον
1215 4751 1271 4806 δὲ
1296 4753 1347 4807 οί
1370 4752 1591 4817 πλείους
1612 4751 1733 4806 οὐδὲ
1766 4752 2062 4822 ἐγεύσαντο

469 4840 569 4913 τὴν
598 4839 773 4913 ἀρχήν
797 4853 812 4868 ο
850 4840 899 4891 εί
929 4837 986 4891 δέ
1022 4854 1168 4902 τινες
1206 4838 1301 4891 zeal
1333 4831 1475 4899 εἷεν,
1502 4837 1672 4907 ὀλίγοι
1717 4838 1813 4892 zeal
1841 4838 1900 4891 ού
1936 4855 2064 4896 συν-

471 4928 615 4995 εχεῖς
645 4923 768 4977 οὐδὲ
811 4921 1016 4987 πολλοὶ,
1063 4919 1253 4993 ὥσπερ
1297 4922 1355 4975 ἐν
1400 4921 1542 4993 ἀρχῇ
1578 4920 1725 4976 κατά
1757 4923 1863 4977 πᾶν
1911 4922 2064 4988 ἔθνος

475 5008 686 5080 μυρίων
728 5006 1152 5062 ἐπαναστάσεων
1182 5004 1504 5075 γινομένων.
1542 5002 1676 5060 Εἶτα
1707 5006 1924 5071 δεικνὺς
1964 5007 2061 5062 zeal

469 5092 637 5146 πόθεν
676 5091 1006 5162 συστήσεται
1039 5090 1074 5161 ή
1132 5087 1458 5161 Ἐκκλησία,
1506 5088 1784 5161 προλέγει.
1838 5089 2057 5165 Ἐπειδὴ

469 5175 584 5248 γὰρ
613 5176 715 5230 οὐκ
747 5176 1010 5238 ἐπιεικεῖς
1041 5172 1319 5246 ἄνθρωποι
1352 5173 1534 5244 μόνον,
1563 5173 1687 5227 ούδέ
1722 5173 1925 5246 ἥμεροι
1959 5176 2057 5229 zeal

468 5259 722 5331 χρηστοὶ,
753 5259 892 5314 ἀλλά
922 5258 1019 5313 zeal
1059 5257 1243 5331 άγριοι
1273 5258 1369 5313 zeal
1400 5256 1780 5328 ἀπάνθρωποι,
1816 5258 1912 5312 καὶ
1945 5254 2056 5314 οἷόν

469 5357 615 5406 τινες
642 5342 797 5397 λύκοι
834 5342 931 5397 καὶ
967 5341 1181 5406 λέοντες
1211 5342 1303 5396 zeal
1325 5341 1516 5413 ταῦροι
1560 5342 1703 5396 κατά
1734 5341 1826 5396 τὸν
1854 5341 2056 5414 τρόπον

471 5425 696 5498 ἔμελλον
724 5423 1192 5495 συναγελάζεσθαι
1225 5425 1429 5491 αὐτοῖς,
1462 5425 1554 5479 zeal
1588 5424 1790 5489 πάντες
1828 5425 2058 5498 Ἐκκλη-

473 5511 563 5565 σία
594 5509 844 5582 γίνεσθαι
881 5510 1000 5582 μία,
1033 5509 1263 5564 ἄκουσον
1293 5508 1411 5574 πῶς
1430 5509 1492 5564 τὸ
1523 5509 1767 5563 ποικίλον
1797 5508 1899 5580 τῆς
1924 5508 2056 5579 ἀγέ-⁴

469 5594 568 5665 λης
596 5592 801 5664 ταύτης
819 5596 847 5648 6
872 5593 1160 5666 προφήτης
1190 5592 1458 5665 ἐδήλωσεν
1483 5591 1653 5647 εἰπών
1676 5609 1691 5623 ·
1723 5592 1868 5646 Τότε
1896 5608 2054 5663 συμ-

471 5675 913 5744 ϐοσκηθήσεται
967 5678 1156 5744 λύκος
1188 5675 1340 5749 μετὰ
1384 5675 1605 5746 ἀρνὸς,
1648 5674 1709 5730 τὺ
1763 5674 1908 5731 λιτὸν
1965 5675 2053 5730 διὰ

532 5842 546 5866 ⁸
573 5843 709 5896 (λίβη).
738 5846 809 5893 ἐπ’
831 5847 977 5912 αὐτῷ.

1195 349 1252 406 s.
1294 348 1577 407 JOANNIS
1615 346 2100 407 cnnvsosmm
2139 347 2461 409 ARCHIEP.
2502 352 3050 416 CONSTANTINOP.
3666 369 3755 429 393

2184 470 2378 526 τούτου
2410 476 2511 546 τῆς
2542 474 2754 549 διαίτης
2781 476 2893 531 τῶν
2927 477 3195 550 βασιλέων
3226 478 3530 551 ἐμφαίνων.
3567 483 3686 541 ’Ότι
3709 489 3759 547 εδ

2179 555 2241 609 ού
2283 558 2411 629 περὶ
2444 558 2652 631 θηρίων
2692 561 2811 614 ἐστὶ
2852 561 3049 627 ταῦτα,
3091 561 3302 618 εἰπάτω
3342 565 3597 633 Ἰουδαῖος
3637 571 3757 628 πότε

2179 639 2338 695 τοῦτο
2366 640 2591 710 γέγονεν
2610 658 2625 674 ·
2654 643 2912 700 οὐδέποτε
2945 645 3056 718 γὰρ
3082 645 3248 713 λύκος
3283 648 3424 719 μετά
3454 651 3617 722 ἀρνὸς
3649 654 3758 709 ἐδο-

2182 722 2358 795 σκήθη
2377 738 2395 755 ο
2420 724 2550 780 είδέ
2578 725 2674 780 zeal
2711 726 2906 798 ἔμελλε
2940 728 3269 800 βόσκεσθαι,
3300 732 3353 785 τί
3382 733 3543 788 τοῦτο
3576 736 3635 789 τὸ
3659 737 3756 792 τῶν

2179 804 2483 877 ἀνθρώπων
2504 807 2706 877 ὠφέλει
2730 811 2920 879 γένος;
2962 811 3123 866 Ἀλλά
3153 831 3220 867 πε
3229 814 3284 885 pl
3312 815 3425 869 τῶν
3450 816 3653 888 ἀγρίων
3675 820 3757 876 τὸν

2180 890 2383 960 τρόπον
2401 890 2711 964 ἀνθρώπων
2731 894 2905 963 λέγει,
2932 897 3065 969 περὶ
3093 896 3337 965 Σκυθῶν,
3366 901 3496 971 περὶ
3519 900 3754 974 Θρᾳκῶν,

2180 985 2313 1055 περὶ
2341 983 2612 1057 Μαύρων,
2643 985 2775 1057 περὶ
2822 986 3020 1055 Ἰνδῶν,
3052 989 3183 1060 περὶ
3210 990 3603 1062 Σαυρομάτων,
3635 997 3751 1065 περὶ

2180 1066 2429 1140 Περσῶν.
2464 1069 2592 1125 Ὀτι
2614 1069 2673 1124 δὲ
2697 1068 2871 1125 ταῦτα
2900 1072 3080 1127 πάντα
3115 1072 3185 1126 τὰ
3210 1072 3337 1145 ἔθνη
3379 1074 3485 1128 ὑπὸ
3516 1074 3611 1128 ἕνα
3639 1078 3753 1146 ἄγε-

2177 1168 2269 1205 ται
2301 1149 2488 1222 ζυγὸν,
2524 1153 2621 1207 καὶ
2664 1152 2823 1217 ἄλλος
2871 1155 3161 1229 προφήτης
3199 1156 3377 1229 δηλῶν
3419 1156 3603 1228 ἔλεγε*
3656 1161 3751 1215 Καί

2178 1234 2633 1291 δουλεύσωσιν
2658 1235 2822 1303 αὐτῷ
2845 1238 2966 1293 ὑπὸ
2997 1236 3177 1310 ζυγὸν
3207 1240 3338 1305 ἕνα,
3371 1241 3471 1295 καί
3508 1256 3751 1311 προσκυ-

2177 1316 2490 1386 νήσουσιν
2536 1318 2700 1386 αὐτῷ
2744 1320 3007 1388 ἕκαστος
3049 1322 3119 1377 ἐκ
3169 1324 3279 1380 τοῦ
3324 1325 3515 1379 τόπου
3559 1327 3746 1381 αὑτοῦ.

2178 1402 2402 1468 Οὐκέτι,
2441 1404 2630 1477 φησὶν,
2664 1404 2723 1459 ἐν
2763 1404 3162 1477 Ἰεροσολύμοις
3188 1406 3373 1479 μόνον,
3399 1407 3536 1462 ἀλλὰ
3567 1426 3750 1465 παντα-

2178 1486 2276 1559 χοῦ
2323 1487 2426 1559 τῆς
2474 1488 2835 1562 οίκουμένης’
2881 1489 3067 1545 οὐκέτι
3120 1491 3231 1565 γάρ
3282 1493 3366 1556 εἰς
3430 1493 3747 1566 Ἰεροσόλυμα

2177 1570 2493 1627 κελεύονται
2524 1571 2802 1646 ἂνθρωποι
2835 1573 3081 1639 ἀπιέναι,
3113 1574 3228 1629 ἀλλ’
3256 1575 3493 1641 ἕκαστος
3514 1578 3641 1631 οἴκοι
3664 1576 3748 1649 μέ-

2177 1673 2307 1721 νων,
2330 1657 2429 1729 τήν
2456 1656 2717 1730 λατρείαν
2747 1658 2954 1731 ταύτην
2989 1658 3248 1716 ἐπιτελεῖ.

2250 1801 2403 1877 [567]
2443 1803 2510 1869 ζ’.
2539 1804 2659 1859 Ὀτι
2683 1803 2911 1877 ἔμελλον
2949 1805 3194 1861 Ἰουδαῖοι
3225 1805 3612 1873 ἐκϐάλλεσθαι,
3638 1806 3745 1862 οὐδὲ

2176 1887 2337 1943 τοῦτο
2362 1887 2650 1960 σεσίγηται
2674 1905 2689 1920 ·
2719 1889 2815 1943 zeal
2842 1890 2947 1961 ὅρα
2976 1889 3097 1954 πῶς
3123 1890 3220 1946 zeal
3247 1889 3410 1945 τοῦτο
3453 1893 3696 1963 προεῖπεν
3719 1891 3744 1944 6

2180 1974 2494 2046 προφήτης⁶
2529 1972 2686 2028 Ἰδοὺ
2712 1974 2785 2029 ἐν
2799 1974 2945 2044 ὑμῖν
2955 1974 3545 2046 συγκλεισθήσονται
3563 1975 3742 2044 θύραι,

2177 2057 2279 2112 καί
2314 2060 2428 2113 οὐκ
2466 2056 2738 2127 ἀνάψετε
2779 2057 2847 2112 τὸ
2876 2057 3322 2128 θυσιαστήριόν
3361 2077 3481 2129 μου
3519 2056 3739 2128 δωρεάν.

2177 2140 2289 2196 Kal
2320 2140 2465 2207 τίνες
2497 2141 2752 2212 μέλλουσι
2785 2142 3137 2214 θεραπεύειν,
3170 2143 3269 2197 zeal
3298 2143 3430 2198 αὐτὸ
3458 2159 3742 2216 προαναπε-

2177 2225 2442 2298 φώνηται.
2499 2225 2635 2280 Ἀπὸ
2675 2226 2997 2287 ἀνατολῶν
3025 2228 3233 2297 ἡλίου,
3263 2227 3422 2300 φησι,
3450 2228 3621 2299 μέχρι
3656 2227 3742 2282 δυ-

2175 2307 2348 2377 σμῶν
2367 2308 2434 2365 τὸ
2451 2307 2641 2380 ὄνομά
2660 2326 2780 2380 μου
2804 2308 3164 2376 δεδόξασται
3185 2310 3258 2365 ἐν
3271 2311 3399 2379 τοῖς
3417 2313 3607 2368 ἔθνεσι
3622 2329 3638 2346 ·
3660 2311 3740 2366 zeal

2176 2392 2363 2459 πάλιν,
2414 2393 2519 2446 Ἐν
2546 2391 2727 2447 παντί
2755 2394 2919 2461 τόπῳ
2961 2395 3228 2466 θυμίαμα
3271 2394 3630 2466 προσάγεται
3650 2411 3738 2465 μοι

2175 2476 2275 2530 καί
2307 2476 2491 2531 θυσία
2518 2475 2769 2547 καθαρά.
2803 2473 2958 2542 Εἶδες
2986 2478 3106 2542 πῶς
3140 2479 3241 2550 τῆς
3270 2478 3529 2552 λατρείας
3558 2477 3646 2551 τήν
3663 2479 3738 2532 εὐ-

2174 2560 2391 2630 γένειαν
2431 2560 2822 2632 παρεδήλωσε;
2861 2561 2980 2626 πῶς
3010 2562 3074 2617 τὸ
3106 2562 3390 2634 ἐξαίρετον
3433 2564 3526 2618 zeal
3554 2561 3737 2635 παρηλ-

2173 2643 2445 2716 λαγμένον
2462 2662 2479 2711 ;
2498 2644 2594 2698 zeal
2608 2646 2690 2699 ὅτι
2708 2644 2810 2698 ούκ
2831 2646 2892 2699 ἐν
2914 2646 3088 2717 τόπῳ,
3110 2646 3226 2700 ἀλλ’
3243 2649 3309 2701 ἐν
3332 2647 3533 2721 τρόπῳ,
3559 2646 3665 2700 οὐδὲ
3686 2646 3736 2698 ἐν

2175 2729 2372 2800 κνίσσῃ
2395 2729 2491 2783 zeal
2513 2727 2731 2802 καπνῷ,
2754 2729 2873 2785 ἀλλ’
2895 2731 2953 2784 ἐν
2979 2731 3144 2803 ἑτέρα
3167 2730 3399 2805 λατρεία
3421 2729 3638 2786 ιἑσταιτὰ
3649 2728 3736 2798 τῆς

2175 2810 2501 2886 θεραπείας;
2524 2814 2635 2867 Καὶ
2652 2813 2769 2878 πῶς
2781 2813 3027 2881 τούτους,
3048 2816 3237 2886 φησὶν,
3263 2816 3510 2879 ἅπαντας
3531 2811 3736 2866 ἐπεσπά-

2176 2915 2340 2952 σαντο
2356 2899 2406 2952 οί
2422 2896 2711 2951 ἀπόστολοι
2729 2915 2745 2965 ;
2775 2900 2805 2953 6
2836 2899 2967 2969 μίαν
2989 2898 3239 2968 γλῶτταν
3264 2899 3408 2972 ἔχων
3425 2898 3519 2971 τὴν
3539 2896 3736 2952 Ἰουδαία

2174 2981 2301 3051 κὴν,
2315 2980 2434 3044 πῶς
2444 2979 2536 3034 τὸν
2546 2979 2763 3053 Σκύθην
2778 2982 2874 3036 zeal
2885 2981 2979 3035 τὸν
3006 2981 3168 3036 Ἰνδὸν
3183 2982 3286 3036 zeal
3302 2983 3395 3039 τὸν
3413 2978 3735 3054 Σαυρομάτην

2174 3063 2272 3119 zeal
2293 3063 2386 3119 τὸν
2401 3064 2595 3136 Θρᾷκα
2611 3062 2819 3132 Emme;
2841 3063 3039 3119 Λαϐὼν
3058 3064 3213 3138 παρά
3225 3067 3332 3139 τῆς
3342 3066 3436 3121 τοῦ
3456 3064 3736 3136 Πνεύματος

2173 3149 2383 3222 δωρεᾶς
2407 3148 2508 3219 τὴν
2530 3148 2690 3221 χάριν
2713 3150 2815 3221 τῆς
2844 3149 3193 3220 πολυφωνίας
3217 3153 3449 3224 ταύτης.
3483 3149 3586 3204 Καὶ
3604 3146 3759 3202 τοῦτο

2178 3232 2278 3305 μὲν
2323 3232 2453 3304 περὶ
2492 3231 2603 3285 τῶν
2648 3230 2839 3288 ἐθνῶν⁹
2870 3234 2999 3306 περὶ
3046 3234 3106 3289 δὲ
3149 3234 3245 3290 τοῦ
3298 3234 3529 3309 Ἰσραὴλ,
3564 3233 3620 3287 τὸ
3646 3229 3735 3286 τῶν

2175 3315 2436 3385 γλωσσῶν
2472 3313 2742 3387 χάρισμα.
2784 3314 2898 3371 Καὶ
2941 3316 3024 3370 ὅτι
3057 3318 3181 3372 οὐδὲ
3223 3319 3387 3374 τοῦτο
3427 3317 3737 3372 ἐπεσπάσατο

2172 3399 2301 3464 τοὺς
2352 3398 2659 3466 Ἰουδαίους,
2711 3400 2880 3456 ἄκουε
2926 3401 3043 3467 πῶς
3089 3401 3371 3458 δείκνυσιν
3415 3405 3443 3458 6
3487 3400 3739 3473 προφήτης

2172 3481 2376 3552 λέγων’
2426 3481 2530 3538 Ἐν
2560 3482 3037 3555 ἑτερογλώσσοις
3074 3484 3186 3556 γὰρ
3227 3488 3337 3542 zeal
3378 3488 3448 3542 ἐν
3497 3486 3736 3556 χείλεσιν

2171 3565 2397 3635 ἑτέροις
2435 3565 2692 3634 λαλήσω
2730 3565 2813 3633 τῷ
2854 3567 2982 3634 λαῷ
3019 3571 3232 3637 τούτῳ,
3284 3571 3383 3626 καί
3430 3569 3552 3625 οὐδ’
3572 3567 3730 3630 οὕτως

2169 3651 2642 3706 είσακούσονταί
2676 3669 2820 3721 μου,
2848 3650 3011 3720 λέγει
3052 3650 3298 3722 Κύριος.
3342 3654 3408 3708 Τί
3441 3651 3618 3707 τούτου
3655 3664 3731 3701 σα-

2170 3734 2433 3806 φέστερον
2461 3734 2562 3788 ἴδοι
2614 3751 2701 3799 τις
2743 3735 2845 3802 av;
2896 3735 3159 3807 Ἔμελλον
3209 3737 3453 3792 Ἰουδαῖοι
3494 3732 3729 3795 ἀπιστεῖν,

2168 3816 2239 3871 τὰ
2289 3817 2347 3871 δὲ
2390 3816 2517 3890 ἐθνη
2568 3817 2959 3890 προστρέχεινο
3007 3821 3103 3874 zeal
3147 3819 3315 3875 τοῦτο
3357 3815 3729 3893 προεκηρύχθη.

2173 3903 2375 3955 Ἀκουε
2412 3900 2507 3956 τοῦ
2552 3900 2775 3955 Ἦσαῖου
2823 3900 2983 3956 τοῦτο
3031 3902 3319 3973 δηλοῦντος
3354 3905 3447 3959 zeal
3482 3903 3728 3969 λέγοντος·

2164 3984 2435 4054 Εὑρέθην
2472 3983 2599 4052 τοῖς
2643 3983 2750 4055 ἐμὲ
2779 3983 2867 4056 μὴ
2909 3984 3193 4054 ζητοῦσιν
3209 4003 3225 4018 ο
3264 3986 3534 4058 ἐμφανὴς
3561 3978 3731 4053 ἐγενό-

2162 4086 2290 4139 μην
2332 4068 2458 4137 τοῖς
2496 4068 2603 4140 ἐμὲ
2643 4067 2731 4140 μὴ
2769 4068 3163 4138 ἐπερωτῶσιν.
3208 4068 3415 4139 Εἶπον,
3450 4068 3585 4126 ἰδού
3613 4068 3726 4134 ειμι.

2167 4151 2250 4218 τῷ
2276 4151 2457 4218 ἔθνει,
2482 4151 2541 4207 οἳ
2563 4152 2675 4207 οὐκ
2707 4152 3016 4209 ἐκάλεσαν
3037 4152 3103 4208 τὸ
3136 4154 3327 4226 ὄνομα
3365 4172 3501 4226 μου.
3537 4151 3657 4222 Περὶ
3680 4145 3727 4201 δὲ

2166 4236 2262 4292 τοῦ
2283 4236 2520 4310 Ἰσραὴλ,
2548 4237 2737 4306 Ὅλην
2758 4236 2875 4306 τὴν
2895 4237 3125 4309 ἡμέραν
3146 4239 3483 4305 ἐξεπέτασα
3506 4237 3604 4303 τὰς
3629 4230 3728 4303 χεῖ-

2159 4322 2279 4389 ράς
2300 4338 2421 4391 μου
2447 4318 2599 4390 πρὸς
2625 4321 2784 4377 λαὸν
2810 4321 3177 4378 ἀπειθοῦντα
3210 4324 3308 4379 καί
3335 4320 3724 4390 ἀντιλέγοντα⁹

2168 4405 2264 4460 zeal
2294 4405 2475 4471 πάλιν,
2516 4406 2972 4478 Ἆνηγτείλαμεν
2995 4409 3157 4474 αὐτῷ
3186 4408 3269 4474 ὡς
3298 4406 3480 4472 παιδὶ,
3512 4405 3585 4470 ὡς
3614 4394 3727 4471 ῥίζα

2165 4487 2340 4560 ἐντῇ
2371 4487 2646 4559 διψώσῃ*
2696 4489 2790 4544 zeal
2834 4490 3019 4556 πάλιν,
3063 4493 3265 4561 Κύριε,
3309 4492 3401 4558 τίς
3436 4490 3726 4545 ἐπίστευσε

2165 4571 2242 4642 τῇ
2279 4571 2435 4642 ἀκοῇ
2458 4572 2669 4644 mei-3r;
2693 4574 2791 4629 zeal
2824 4577 2858 4628 ό
2892 4575 3172 4645 βραχίων
3214 4575 3437 4646 Κυρίου
3486 4573 3595 4628 τίνι
3631 4568 3726 4623 ἀπ-

2163 4657 2516 4727 εκαλύφθτυ
2554 4658 2667 4711 Ούκ
2699 4653 2844 4723 εἶπε,
2876 4662 2944 4730 τῇ
2971 4659 3292 4733 διδασκαλίᾳ
3319 4657 3492 4730 ἡμῶν,
3525 4648 3725 4709 ἐνταῦθα

2163 4740 2401 4808 δεικνὺς,
2441 4740 2524 4794 ὅτι
2565 4741 2665 4795 οὒκ
2710 4741 2921 4796 οἴκοθέν
2961 4761 3015 4796 τι
3060 4744 3409 4815 ἐφθέγγοντο,
3456 4739 3562 4795 ἀλλ’
3600 4737 3724 4803 ὅπερ

2165 4826 2409 4898 ἥκουσαν
2454 4825 2607 4898 παρά
2650 4826 2746 4881 τοῦ
2789 4826 2949 4894 Θεοῦ,
2994 4828 3168 4884 ταῦτα
3220 4826 3570 4900 ἀπήγγειλαν.
3618 4819 3724 4870 Ὀτι

2164 4908 2537 4982 προτιμᾶσθαι
2569 4909 2652 4963 δεῖ
2684 4911 2846 4965 πάλιν
2872 4910 2945 4966 τά
2971 4912 3217 4984 ἡμέτερα
3245 4912 3353 4967 τῶν
3389 4909 3617 4968 ἐκείνων,
3643 4900 3723 4956 καὶ

2163 4992 2344 5065 πολλῷ
2390 4996 2692 5065 τιμιώτερα
2730 4992 3000 5065 γίνεσθαι,
3052 4998 3149 5051 zeal
3197 4996 3353 5051 τοῦτο
3401 4988 3722 5065 παρεδήλωσε

2160 5089 2403 5161 Μωῠσῆς
2428 5088 2627 5144 είπών·
2657 5089 3073 5161 Παραζηλώσω
3103 5092 3260 5164 ὑμᾶς
3298 5092 3390 5146 ἐπ’
3426 5091 3533 5144 οὐκ
3561 5084 3718 5145 ἔθνει,

2158 5171 2261 5226 ἐπὶ
2291 5171 2450 5227 ἔθνει
2488 5172 2767 5238 ἀσυνέτῳ
2810 5175 3113 5247 παροργιῶ
3139 5175 3314 5247 ὑμᾶς,
3352 5174 3448 5245 τὴν
3477 5166 3718 5244 προτέραν

2161 5255 2439 5310 εὐτέλειαν
2479 5256 2574 5310 τοῦ
2618 5256 2750 5312 λαοῦ
2789 5258 2962 5329 λέγων
3002 5257 3092 5314 διὰ
3121 5257 3236 5325 τοῦ,
3295 5258 3410 5312 Ἐπ’
3441 5257 3546 5310 οὐκ
3579 5251 3714 5305 ἔθνει

2159 5339 2335 5392 εἰπεῖν
2361 5358 2373 5370 ·
2417 5339 2540 5393 ούδέ
2566 5339 2676 5413 γὰρ
2705 5339 2858 5406 ἔθνος
2890 5337 3032 5396 εἶναι
3060 5342 3334 5415 ἐνομίζετο
3360 5340 3444 5394 διὰ
3479 5336 3571 5408 τήν
3601 5330 3713 5385 πο).-

2157 5420 2256 5493 λήν
2302 5422 2617 5493 εὐτέλειαν,
2663 5423 2753 5478 διὰ
2806 5425 2904 5496 τὴν
2958 5425 3206 5497 μωρίαν,
3252 5425 3339 5479 διὰ
3385 5423 3480 5483 τὴν
3521 5420 3711 5497 ἄνοιαν.

2157 5505 2272 5559 ἀλλ’
2305 5506 2413 5561 ἀπὸ
2447 5506 2546 5579 τῆς
2580 5508 2817 5573 πίστεως
2855 5495 3091 5584 τοσαύτη
3132 5510 3351 5580 γέγονεν
3382 5510 3413 5578 ἡ
3450 5495 3709 5577 μεταδολῆο

2155 5588 2231 5653 ὡς
2270 5591 2494 5644 ἐκείνων
2527 5591 2636 5645 τῶν
2676 5593 3006 5664 τιμωμένων
3038 5592 3217 5665 πολλῷ
3258 5589 3592 5664 τιμιωτέρους
3623 5595 3709 5665 φφ·

2157 5672 2337 5743 νῆναι.
2385 5672 2510 5728 Ὅτι
2560 5661 2755 5745 ἔμελλε
2794 5661 3014 5732 δάκνειν
3062 5661 3343 5737 Ἰουδαίους
3384 5671 3530 5727 τοῦτο
3571 5661 3701 5726 αὐτὸν

2158 5758 2253 5811 zeal
2277 5760 2343 5841 ἐκ
2373 5757 2562 5811 τούτου
2598 5757 2844 5827 βελτίους
2869 5761 3138 5829 γίνεσθαι,
3178 5761 3270 5816 zeal
3299 5756 3451 5812 τοῦτο
3486 5745 3703 5841 ἐντεῦθξξ

2160 5840 2432 5912 δηλοῦται.
2495 5842 2571 5895 Οὐ
2601 5825 2730 5915 -γὰρ
2794 5825 2977 5909 ἁπλῶς
3033 5825 3150 5900 εἶπε
3175 5886 3188 5913 ,
3223 5840 3548 5915 Προτιμήσω,
3600 5825 3684 5886 ἀλλ
