3920 6374
375 433 476 489 821

377 559 738 624 dicationem;
771 566 827 614 et
867 556 968 612 hoc
1014 556 1185 625 ipsum
1226 552 1636 623 praenuntiatum
1672 556 1754 603 est
1783 539 1906 599 audi
1939 556 1953 594 :

380 655 486 710 hoc
515 643 824 724 prophetico
868 649 1131 704 dicentem
1180 645 1433 701 Davidem
1464 661 1478 697 :
1511 642 1577 696 In
1607 657 1804 696 onmem
1853 649 1954 693 ter-

385 762 502 801 ram
530 744 676 798 exivit
716 758 872 797 sonus
900 756 1069 793 eorum
1093 780 1108 803 ,
1137 745 1182 790 et
1224 737 1276 789 in
1301 735 1425 804 fines
1468 733 1601 787 orbis
1627 741 1776 785 terra:
1813 729 1962 783 verba

379 852 557 891 eorum
583 832 753 906 (Psal.
786 831 870 886 l8.
899 830 932 886 5
959 831 998 898 ).
1044 828 1124 883 Ad
1155 827 1268 882 haec
1287 866 1304 894 ,
1331 824 1471 896 quod
1499 838 1618 878 cum
1649 821 1963 876 auctoritate

382 926 724 998 praedicarim
743 966 758 991 ,
781 934 834 979 et
858 923 983 993 ipsis
1005 921 1218 992 regibus
1245 918 1572 989 potentiores
1599 915 1790 969 iuerint
1805 953 1821 981 ,
1849 913 1962 982 ipse

381 1016 511 1069 alibi
560 1012 716 1068 docet
756 1011 997 1080 inquiens
1028 1026 1042 1062 :
1079 1008 1358 1062 Constitues
1397 1021 1480 1058 eos
1533 1001 1783 1073 principes
1812 1015 1963 1070 super

382 1121 582 1158 omnem
607 1113 793 1156 terram
829 1100 998 1171 (Psal.
1030 1099 1119 1153 Μ.
1154 1095 1265 1167 l7).
1295 1095 1444 1164 Quod
1475 1094 1686 1164 regibus
1730 1106 1793 1147 ac
1821 1091 1963 1161 prin-

385 1198 598 1267 cipibus
624 1195 852 1264 majores
883 1194 1076 1247 fuerint
1104 1192 1291 1246 Petrus
1321 1197 1376 1245 et
1398 1188 1626 1254 Paulus,
1674 1185 1964 1241 declaravit

385 1297 632 1344 eventus.
676 1285 807 1340 Nam
856 1299 1042 1355 regum
1094 1283 1239 1352 leges
1285 1281 1445 1335 etiam
1492 1276 1624 1348 ipsis
1664 1275 1964 1331 viventibus

384 1379 714 1448 ahrogantur
744 1395 758 1431 :
785 1376 926 1444 leges
971 1389 1098 1428 vero
1144 1373 1468 1442 piscatorum
1517 1370 1761 1434 illorum,
1805 1368 1962 1422 etiam

385 1479 723 1523 mortuorum
757 1466 922 1520 ﬁrma:
961 1473 1113 1530 sunt,
1142 1475 1194 1518 et
1237 1463 1470 1516 immota:
1511 1468 1757 1526 manent;
1805 1458 1964 1527 idque

384 1560 514 1615 licet
544 1559 872 1614 daemonibus
892 1597 906 1623 ,
940 1557 1186 1611 diuturna
1218 1553 1635 1616 consuetudine,
1669 1552 1796 1606 vitio
1820 1593 1834 1618 ,
1874 1567 1966 1605 vo-

388 1651 593 1720 luptate
639 1648 1034 1717 innumerisqtte
1077 1647 1196 1702 aliis
1244 1647 1358 1701 illas
1397 1644 1689 1714 refringere
1727 1643 1966 1698 conanti-

387 1741 510 1796 bus.
557 1739 620 1796 Ut
646 1739 890 1794 ostendat
912 1749 1088 1793 autem
1117 1753 1210 1793 eos
1236 1737 1379 1807 ipsos
1403 1737 1668 1807 principes
1704 1735 1964 1791 constitu-

389 1842 498 1897 tos,
517 1832 771 1887 amabiles
806 1831 1050 1885 omnibus
1080 1829 1561 1898 desiderabilesque
1579 1830 1724 1894 fore,
1749 1827 1963 1882 subdit:

391 1922 671 1992 Propterea
699 1922 872 1992 populi
901 1922 1267 1990 conﬁtebuntur
1297 1920 1386 1973 tibi
1415 1920 1468 1972 in
1505 1917 1746 1974 saeculum
1789 1917 1964 1989 (Ibid.

389 2030 441 2067 υ.
483 2012 609 2086 l8);
658 2012 709 2067 id
747 2023 858 2081 est,
917 2013 1112 2083 gratias
1157 2011 1250 2066 tibi
1293 2022 1448 2083 agent
1491 2013 1779 2081 plurimas,
1828 2012 1968 2082 quod

394 2108 532 2160 tales
556 2105 819 2175 principes
855 2103 1084 2159 dederis.
1115 2103 1266 2170 Quod
1296 2103 1600 2172 prmdicatio
1630 2103 1822 2173 ubique
1847 2119 1970 2173 pro-

393 2195 632 2266 pagattda
670 2197 777 2261 sit,
825 2195 876 2249 id
925 2208 1136 2265 quoque
1179 2194 1646 2264 prtesignilicatum
1689 2203 1770 2249 est
1805 2195 1970 2250 :audi

394 2286 649 2340 Davidem
680 2286 730 2340 id
759 2287 848 2341 tibi
867 2287 1220 2341 declarantem
1239 2286 1319 2340 his
1341 2287 1515 2341 verbis
1539 2303 1552 2338 :
1580 2285 1791 2341 Postula
1814 2303 1844 2340 a
1870 2305 1967 2356 me,

391 2387 441 2431 et
468 2376 596 2431 dabo
645 2378 732 2431 tibi
760 2388 930 2448 gentes
960 2377 1290 2431 hereditatem
1318 2387 1492 2444 tuam,
1520 2388 1565 2431 et
1608 2379 1971 2447 possessionem

393 2477 536 2520 tuam
561 2469 795 2522 terminos
821 2477 964 2522 terrae
995 2469 1012 2539 (
1041 2467 1184 2522 Psal.
1213 2468 1266 2521 2.
1299 2468 1332 2524 8
1356 2470 1395 2539 ).
1428 2469 1653 2537 Idipsum
1686 2469 1812 2524 item
1833 2468 1972 2524 alius

391 2559 651 2630 prepheta
681 2561 873 2616 alicubi
919 2561 996 2615 sic
1025 2561 1262 2615 enuntiat
1292 2578 1304 2614 :
1338 2560 1638 2630 Implebitur
1663 2563 1823 2616 omnis
1868 2570 1970 2615 ter-

390 2667 456 2703 ra
481 2651 685 2704 scientia
715 2650 940 2718 Domini,
960 2661 1006 2705 et
1031 2653 1158 2712 sicut
1189 2669 1320 2722 aqua
1347 2653 1650 2722 multa,quaz
1678 2654 1838 2724 aperit
1866 2670 1974 2706 ma-

394 2741 478 2794 ria
505 2739 705 2811 (Hesai.
734 2741 822 2796 ll.
852 2741 930 2812 9).
980 2742 1046 2796 Et
1083 2743 1203 2797 vide
1255 2740 1560 2798 facilitatem
1608 2743 1925 2798 obedientiam:
1955 2763 1968 2798 :

397 2829 524 2885 Non
570 2831 794 2899 docebit,
845 2834 948 2899 ait,
997 2835 1342 2905 unusquisque
1392 2836 1679 2905 proximum
1709 2852 1892 2901 suum,
1926 2847 1973 2890 et

396 2925 740 2994 unusquisque
787 2929 996 2995 fratrem
1039 2943 1222 2992 suum,
1274 2927 1444 2982 dicens
1473 2927 1769 3000 :Cognosce
1795 2929 1974 2982 Domi—

395 3033 523 3069 num
551 3031 569 3070 :
591 3017 709 3087 quia
729 3033 898 3071 omnes
923 3027 1217 3089 cognoscent
1243 3036 1319 3074 me
1343 3036 1374 3072 a
1400 3020 1604 3072 minimo
1629 3020 1831 3074 illorum
1852 3061 1865 3085 ,
1890 3037 1976 3074 us-

394 3125 495 3178 que
513 3110 580 3161 ad
599 3110 874 3162 maximum
901 3110 1103 3164 illorum
1128 3110 1182 3181 (J
1186 3127 1255 3164 er.
1287 3112 1374 3167 51.
1395 3112 1508 3183 54).
1527 3111 1774 3166 Firmitas
1793 3111 1975 3167 Eccle—

398 3199 497 3253 sia:
531 3199 613 3252 bis
649 3199 985 3254 declaratur:
1015 3199 1127 3254 Erit
1154 3202 1203 3255 in
1237 3202 1519 3256 novissimis
1563 3203 1736 3256 diebus
1775 3203 1974 3273 conspi—

395 3305 528 3343 cuus
555 3306 698 3344 mons
726 3289 930 3344 Domini
955 3309 1110 3361 supra
1135 3293 1364 3346 verticem
1405 3294 1647 3346 montium
1671 3294 1846 3347 domus
1871 3293 1976 3348 Do-

399 3381 561 3446 mini,
595 3391 639 3434 et
664 3381 934 3435 elevobitur
965 3399 1117 3454 super
1142 3384 1294 3437 colles
1317 3425 1331 3447 ,
1365 3393 1411 3437 et
1435 3385 1628 3438 venient
1658 3385 1725 3438 ad
1749 3402 1857 3439 eam
1886 3403 1978 3456 po-

399 3457 679 3542 puliimulti
726 3484 771 3528 et
813 3483 982 3544 gentes
1024 3475 1194 3528 multa:
1227 3474 1427 3546 (Ilesai.
1468 3476 1522 3530 2.
1568 3475 1649 3546 2).
1673 3477 1824 3544 Quod
1853 3493 1978 3533 vero

399 3580 509 3619 non
541 3564 688 3619 ﬁrma
720 3575 920 3620 tantum
938 3607 952 3632 ,
976 3566 1142 3620 solida
1169 3575 1222 3621 et
1251 3566 1535 3622 immobilis
1557 3567 1728 3622 futura
1758 3569 1826 3622 sit
1847 3610 1860 3630 ,
1883 3569 1978 3624 sed

399 3656 564 3710 etiam
590 3655 809 3710 multam
831 3657 946 3711 orbi
988 3671 1172 3726 pacem
1213 3657 1285 3713 sit
1310 3659 1653 3714 conciliatura
1674 3699 1689 3725 ,
1732 3659 1978 3730 quodque

402 3757 531 3802 tunc
573 3749 857 3804 multorum
901 3750 1226 3820 principatus
1251 3792 1266 3816 ,
1318 3759 1426 3805 tum
1471 3751 1794 3806 monarchim
1834 3752 1981 3806 aule-

401 3839 585 3894 renda:
609 3841 716 3894 sint
740 3858 753 3894 :
782 3857 941 3896 unum
973 3852 1153 3896 autem
1179 3841 1234 3896 in
1261 3857 1446 3897 omnes
1471 3859 1692 3913 regnum
1721 3842 1978 3909 futurum,

399 3945 462 3989 et
501 3935 870 3990 abundantiori
910 3950 1038 4005 pace
1076 3935 1358 3991 fruiturum
1383 3976 1398 4000 ,
1435 3952 1543 3992 non
1591 3937 1728 3992 sicut
1785 3939 1930 4006 prius
1964 3957 1976 3991 :

402 4043 528 4082 nam
575 4029 761 4098 priscis
788 4027 1116 4098 temporibus
1141 4028 1371 4084 artiﬁces
1409 4043 1597 4084 omnes
1646 4039 1700 4084 et
1739 4029 1981 4085 rhetores

401 4122 568 4173 armis
590 4121 828 4173 instructi
856 4128 1038 4185 erant,
1067 4128 1121 4175 et
1146 4121 1196 4173 in
1227 4120 1340 4174 acie
1362 4120 1572 4174 stabant
1604 4139 1616 4174 :
1647 4132 1767 4192 post
1785 4123 1982 4176 adven-

405 4219 518 4262 tum
546 4225 669 4265 vero
697 4209 891 4265 Christi
935 4211 1050 4265 hrec
1077 4211 1251 4265 omnia
1279 4212 1447 4266 soluta
1484 4221 1607 4266 sunt
1629 4255 1644 4279 ,
1673 4222 1725 4268 et
1764 4213 1899 4268 bella
1929 4216 1979 4268 in

402 4302 746 4356 constitutam
790 4310 994 4370 partem
1036 4302 1258 4356 seorsim
1289 4312 1702 4370 concesserunt;
1743 4304 1843 4359 hoc
1881 4304 1978 4359 do-

405 4405 538 4444 cens
562 4392 818 4462 prepheta
845 4392 1056 4462 quidam
1084 4392 1292 4447 dicebat
1315 4409 1328 4446 :
1351 4390 1420 4447 Et
1447 4393 1762 4463 confringent
1782 4393 1981 4464 gladios

403 4498 527 4536 suos
551 4483 601 4537 in
629 4500 847 4538 vomeres
868 4526 882 4551 ,
914 4494 960 4537 et
981 4485 1179 4538 lanceas
1205 4501 1324 4539 suas
1352 4485 1403 4538 in
1433 4485 1588 4554 [alces
1617 4501 1636 4538 :
1665 4495 1712 4540 et
1750 4502 1849 4538 non
1892 4502 1982 4539 su—

405 4585 508 4628 met
531 4594 650 4647 gens
678 4587 852 4631 contra
871 4586 1066 4648 gentem
1086 4578 1312 4650 gladium
1333 4620 1346 4644 ,
1369 4589 1415 4633 et
1441 4595 1540 4632 non
1561 4579 1747 4633 discent
1766 4580 1984 4648 amplius

408 4667 598 4721 betlum
625 4667 786 4740 (Ibid.
812 4687 860 4726 v.
885 4669 961 4740 4).
993 4669 1123 4724 Nam
1151 4670 1296 4738 prius
1336 4670 1388 4724 in
1423 4669 1526 4725 illis
1547 4685 1732 4724 omnes
1761 4685 1981 4725 exerce-

409 4757 600 4812 bantur
633 4777 645 4812 :
671 4773 810 4812 nunc
838 4769 1014 4813 autem
1045 4761 1172 4814 artis
1211 4759 1325 4829 ejus
1347 4761 1494 4815 obliti
1532 4771 1686 4827 sunt;
1735 4761 1841 4815 imo
1871 4762 1983 4830 plu-

409 4866 500 4905 res
527 4866 641 4906 eam
671 4869 738 4908 ne
762 4853 844 4908 vel
881 4854 1153 4908 minimum
1181 4863 1305 4908 sunt
1333 4854 1536 4924 experti
1569 4872 1583 4909 :
1612 4855 1749 4924 quod
1777 4855 1821 4910 si
1863 4856 1983 4924 qui-

410 4942 537 4996 dam
565 4943 698 5008 sint,
725 4943 800 4998 illi
823 4944 1106 4999 admodum
1136 4945 1288 5014 pauci
1313 4955 1470 5012 sunt;
1503 4954 1556 4999 at
1575 4947 1699 5001 olim
1733 4949 1784 5000 in
1813 4947 1986 4999 omni-

411 5033 515 5087 bus
533 5035 778 5103 gentibus
793 5045 1057 5090 sexcenta:
1073 5037 1361 5092 seditiones
1379 5037 1766 5092 excitabantur.
1787 5038 1988 5094 Deinde

408 5133 469 5178 et
499 5126 636 5180 unde
664 5127 1034 5182 constituenda
1053 5128 1119 5182 sit
1144 5129 1376 5184 Ecclesia
1403 5129 1660 5198 praidicit.
1682 5130 1812 5196 Quia
1842 5131 1985 5184 enim

414 5231 522 5270 non
557 5218 817 5273 mansueti
850 5228 1048 5272 tantum
1073 5260 1086 5284 ,
1117 5219 1274 5273 mites
1298 5229 1351 5273 et
1377 5218 1560 5273 urbani
1589 5218 1864 5283 homines;
1896 5219 1988 5273 sed

409 5309 574 5362 etiam
619 5308 714 5365 feri
756 5319 810 5366 et
835 5311 1108 5366 inhumani
1134 5351 1150 5377 ,
1190 5311 1533 5382 moribusque
1573 5311 1774 5366 similes
1812 5312 1986 5381 lupis,

412 5400 656 5456 leonibus
680 5409 737 5455 et
779 5403 977 5468 tauris,
1021 5417 1141 5456 cum
1189 5403 1317 5472 ipsis
1365 5403 1674 5457 conventuri
1716 5411 1906 5466 erant,
1939 5412 1994 5458 et

330 5506 332 5509 '
416 5505 609 5548 omnes
644 5509 801 5548 unam
831 5494 1126 5550 Ecclesiam
1156 5495 1489 5550 constituturi
1511 5537 1526 5562 ,
1568 5495 1690 5550 audi
1728 5497 1993 5566 quomodo

417 5584 596 5654 gregis
628 5584 770 5640 illius
796 5585 1102 5640 varietatem
1129 5586 1384 5656 propheta
1413 5585 1762 5641 declaraverit
1790 5604 1802 5640 :
1831 5587 1988 5652 Tunc,

421 5675 626 5745 inquit,
660 5665 925 5744 pascentur
948 5677 1100 5731 simul
1127 5680 1276 5748 lupus
1295 5694 1408 5732 cum
1428 5693 1558 5749 agno
1574 5677 1774 5747 (IIesai.
1799 5679 1884 5732 ll.
1908 5677 1990 5748 6),

426 5780 535 5832 quo
563 5765 818 5837 frugalem
845 5783 1026 5838 regum
1055 5769 1214 5823 vitam
1252 5768 1466 5823 iudicat.
1497 5768 1647 5838 Quod
1677 5779 1851 5824 autem
1879 5770 1994 5826 haec

430 5869 539 5909 non
557 5855 624 5912 de
650 5858 775 5916 ieris
800 5859 942 5916 dicta
962 5861 1066 5916 sint
1089 5901 1104 5928 ,
1129 5861 1267 5916 dicat
1295 5861 1510 5918 Judaeus
1539 5862 1872 5932 quandonam
1894 5863 1992 5917 hoc

980 436 1249 496 CONTRA
1288 432 1567 491 JL’DxEOS
1607 429 1689 486 ET
1730 424 2084 493 GENTILES,
2125 425 2306 494 QUOD
2343 429 2676 489 CHRISTUS
2712 431 2819 488 SIT
2859 430 3056 488 DEUS.
3542 435 3648 489 822

2069 542 2262 600 factum
2306 548 2374 602 sit
2407 564 2421 603 ι
2450 563 2738 618 numquam
2767 550 2907 604 enim
2947 550 3104 620 lupus
3154 566 3272 606 cum
3322 567 3458 622 agno
3501 568 3650 608 com-

2068 653 2294 706 pascuus
2319 637 2417 693 l‘uit
2450 657 2463 692 :
2491 640 2632 710 quod
2682 641 2726 695 si
2759 643 2919 696 etiam
2967 641 3201 697 futurum
3232 653 3413 708 esset,
3445 653 3504 699 ut
3528 660 3650 700 cum

2066 728 2158 782 illo
2186 738 2490 798 pasceretur
2511 772 2526 797 ,
2556 731 2680 802 quid
2710 731 2812 787 hoc
2834 733 3066 788 humano
3106 735 3285 805 generi
3316 736 3649 806 profuturum

2065 821 2246 874 esset?
2272 820 2376 875 Sed
2405 821 2470 876 de
2499 822 2625 878 ieris
2657 823 2959 879 hominibus
2989 825 3040 880 id
3067 825 3264 880 dictum
3295 837 3397 893 est,
3430 828 3495 882 de
3516 828 3652 900 Scy-

2068 909 2173 963 this
2198 951 2212 974 ,
2257 911 2581 979 Thracibus,
2627 913 2820 970 Mauris
2842 957 2856 983 ,
2907 915 3081 981 Indis,
3114 917 3474 984 Sauromatis,
3524 921 3653 974 Per-

2067 1003 2161 1057 sis.
2195 1004 2344 1072 Quod
2374 1016 2550 1060 autem
2594 1022 2778 1063 omnes
2809 1009 2910 1062 illae
2935 1019 3121 1079 gentes
3160 1011 3259 1066 sub
3286 1026 3392 1066 uno
3417 1013 3545 1082 jugo
3574 1012 3654 1067 fu-

2071 1103 2202 1149 turae
2242 1106 2424 1151 essent
2449 1139 2463 1161 ,
2514 1098 2650 1154 alius
2678 1099 2937 1168 prOphcta
2984 1100 3272 1156 declaravit
3317 1102 3398 1157 his
3427 1105 3649 1159 verbis:

2068 1185 2135 1239 Et
2165 1189 2375 1242 servient
2403 1191 2446 1244 ei
2471 1189 2559 1244 sub
2576 1191 2705 1262 jugo
2735 1208 2834 1246 uno
2855 1233 2868 1256 ,
2896 1203 2943 1246 et
2986 1194 3268 1248 adorabunt
3304 1196 3451 1250 illum
3491 1214 3653 1252 unus-

2068 1279 2274 1347 quisque
2300 1296 2326 1333 ε
2354 1279 2463 1334 loco
2489 1299 2578 1335 suo
2612 1281 2866 1353 (Sep/ton.
2896 1284 2949 1338 ὅ.
2983 1283 3058 1356 9).
3087 1285 3366 1342 Nonultra
3387 1329 3402 1355 ,
3444 1288 3648 1358 inquit,

2067 1369 2414 1442 Jerosolymis
2469 1372 2682 1441 solum,
2729 1374 2823 1429 sed
2892 1376 3085 1447 ubique
3133 1387 3411 1434 terrarum.
3471 1381 3656 1451 Neque

2068 1459 2209 1513 enim
2241 1471 2423 1529 postea
2465 1461 2849 1535 Jerosolymam
2873 1465 3198 1536 jubcbuntur
3225 1468 3468 1525 homines
3483 1470 3652 1536 adire,

2069 1552 2162 1606 sed
2194 1554 2417 1624 quisque
2445 1557 2588 1611 domi
2620 1573 2843 1614 manens
2870 1561 3012 1617 hunc
3032 1563 3228 1618 cultum
3261 1567 3553 1634 prtestabit.

2143 1645 2194 1698 7.
2224 1645 2524 1701 Judazorum
2573 1651 2750 1719 ejectio
2776 1653 3040 1722 praedicta.
3072 1685 3144 1694 —
3167 1657 3320 1722 Quod
3355 1657 3523 1712 Judtei
3553 1659 3654 1728 cji-

2070 1737 2243 1791 ciendi
2273 1747 2472 1807 essent,
2499 1756 2670 1810 neque
2697 1741 2796 1798 hoc
2821 1747 3240 1813 praztermissum
3271 1748 3486 1803 silentio
3518 1749 3614 1805 fuit
3639 1767 3651 1804 :

2071 1830 2189 1885 vide
2233 1833 2500 1902 quomodo
2552 1844 2605 1888 et
2651 1835 2751 1890 hoc
2777 1836 3080 1905 prmdixerit
3108 1839 3361 1908 propheta
3396 1859 3409 1894 :
3444 1841 3574 1896 Ecce
3602 1843 3658 1896 in

2071 1923 2208 1977 vobis
2237 1924 2600 1979 concludentur
2612 1928 2792 1996 januce
2811 1969 2824 1993 ,
2859 1937 2904 1982 et
2924 1946 3024 1984 non
3052 1932 3332 1986 accendetis
3358 1933 3520 1988 altare
3547 1952 3625 1989 me
3643 1965 3655 1974 -

2073 2032 2157 2069 um
2187 2018 2343 2088 gratis
2373 2018 2627 2087 (Malae/1.
2661 2021 2712 2076 1.
2741 2020 2849 2091 10).
2898 2021 3124 2089 Quinam
3169 2039 3328 2094 porro
3368 2028 3508 2080 hunc
3545 2029 3659 2087 cui-

2075 2116 2183 2162 tum
2211 2108 2492 2163 exhibituri
2520 2121 2699 2165 essent
2737 2113 2814 2167 sic
2842 2115 3250 2183 prmnuntiatum
3276 2128 3358 2172 est
3384 2135 3396 2171 ε
3430 2118 3504 2172 Ab
3557 2121 3660 2173 ori-

2073 2207 2185 2251 ente
2212 2199 2332 2252 solis
2361 2215 2518 2268 usque
2541 2199 2610 2253 ad
2633 2201 2960 2270 occidentem,
2992 2220 3172 2259 nomen
3203 2222 3365 2260 meum
3387 2207 3650 2277 glori/ica-

2075 2297 2181 2342 tum
2208 2297 2278 2343 est
2298 2289 2349 2342 in
2378 2289 2605 2360 gentibus
2628 2307 2647 2346 :
2671 2301 2719 2345 et
2747 2293 2800 2346 in
2829 2294 2966 2348 omni
2989 2294 3099 2351 loco
3127 2296 3390 2352 incensum
3428 2299 3554 2352 milii
3578 2303 3658 2371 of-

2075 2380 2257 2449 fertur,
2286 2391 2335 2437 et
2365 2383 2535 2436 hostia
2560 2399 2692 2453 pura
2709 2384 2874 2452 (Ibid.
2892 2385 3468 2457 ll).Videsquomodo
3484 2389 3658 2443 cultus

2076 2470 2402 2526 nobilitatem
2433 2472 2756 2528 declaravit?
2787 2474 3055 2544 quomodo
3069 2477 3438 2532 excellentiam
3462 2488 3513 2532 et
3537 2495 3658 2532 mu-

2077 2564 2325 2618 tationem
2353 2564 2506 2634 ejus?
2535 2565 2685 2632 Quod
2737 2567 2920 2620 nonin
2952 2567 3100 2632 loco,
3141 2567 3234 2622 sed
3283 2569 3334 2622 in
3380 2570 3656 2635 moribus,

2077 2671 2252 2726 neque
2281 2656 2332 2710 in
2361 2657 2548 2712 nidore
2573 2666 2626 2712 et
2658 2657 2822 2724 fumo,
2851 2659 2945 2715 sed
2977 2661 3027 2714 in
3050 2661 3154 2715 alio
3179 2662 3321 2715 cultu
3348 2670 3530 2717 nostra
3571 2663 3655 2717 lu-

2080 2757 2194 2803 tura
2220 2749 2327 2804 sint
2356 2749 2666 2804 ministeria.
2711 2751 2776 2804 Et
2801 2752 3070 2822 quomodo
3105 2751 3224 2806 illos
3264 2767 3483 2817 omnes,
3516 2753 3661 2808 dicet

2078 2841 2336 2910 quispiam
2361 2883 2374 2905 ,
2421 2849 2750 2896 attraxerunt
2795 2842 3060 2911 apostoli?
3087 2842 3188 2911 Qui
3214 2859 3318 2898 non
3353 2843 3450 2897 nisi
3499 2859 3658 2898 unam

2079 2932 2308 3002 linguam
2339 2931 2603 2998 habebat,
2648 2947 2839 3002 nempe
2873 2931 3140 3002 judaicam
3167 2973 3182 2999 ,
3229 2932 3497 3002 quomodo
3523 2931 3659 3004 Scy-

2081 3021 2246 3086 tham,
2272 3020 2456 3075 Indum
2485 3030 2534 3075 et
2562 3020 2934 3076 Sauromatam
2961 3021 3156 3077 docere
3185 3023 3398 3092 potuit?
3426 3023 3662 3092 Accepto

2080 3125 2271 3181 nempe
2311 3126 2407 3181 per
2443 3110 2697 3180 Spiritum
2745 3122 2987 3166 sanctum
3028 3113 3325 3182 linguarum
3373 3115 3661 3167 multarum

2079 3201 2240 3254 dono.
2269 3201 2336 3254 Et
2362 3199 2464 3255 hoc
2507 3200 2719 3270 quidem
2763 3201 2829 3256 de
2869 3202 3125 3257 Gentibus
3157 3219 3170 3255 :
3198 3202 3264 3256 de
3305 3203 3496 3256 lsraele
3537 3203 3663 3257 item

2079 3292 2279 3346 donum
2306 3291 2600 3363 linguarum
2635 3311 2648 3347 :
2679 3293 2820 3362 quod
2843 3303 3017 3348 autem
3051 3309 3224 3364 neque
3252 3294 3353 3349 hoc
3389 3296 3665 3350 attraxerit

2079 3383 2293 3440 Judmos
2314 3426 2329 3450 ,
2357 3383 2481 3439 audi
2503 3399 2610 3454 quo
2639 3393 2790 3454 pacto
2816 3385 3051 3440 declaret
3083 3385 3338 3456 propheta
3360 3386 3545 3442 dicens
3566 3403 3580 3441 :
3599 3385 3666 3440 In

2080 3475 2232 3528 variis
2259 3475 2444 3546 linguis
2473 3485 2520 3529 et
2549 3475 2664 3529 aliis
2693 3474 2836 3529 labiis
2864 3477 3042 3546 loquar
3066 3477 3253 3548 papula
3292 3477 3407 3531 huic
3433 3517 3448 3540 ,
3479 3487 3527 3531 et
3568 3495 3660 3532 ne-

2081 3583 2174 3636 que
2201 3567 2273 3620 sic
2297 3566 2502 3620 audient
2530 3581 2607 3620 me
2626 3607 2640 3631 ,
2666 3566 2785 3619 dicit
2826 3565 3069 3620 Dominus
3095 3565 3246 3636 (Hes.
3274 3567 3364 3622 28.
3391 3568 3506 3637 ll).
3528 3567 3666 3635 Quid

2084 3655 2186 3710 hoc
2215 3655 2546 3711 manifestius
2576 3657 2744 3711 videri
2774 3657 2980 3726 possit?
3013 3657 3177 3712 Erant
3203 3657 3369 3712 Jlltla‘i
3404 3658 3664 3714 increduli

2084 3748 2278 3813 futuri,
2306 3757 2360 3804 et
2378 3749 2574 3805 Gentes
2595 3750 2659 3803 ad
2683 3749 2840 3804 ﬁdem
2863 3749 3185 3805 advolatura:
3209 3767 3221 3803 :
3248 3761 3302 3807 et
3329 3751 3429 3805 hoc
3455 3768 3669 3822 quoque

2083 3842 2548 3912 przesigniﬁcatum
2589 3851 2672 3898 est
2704 3859 2717 3895 :
2750 3843 2872 3897 audi
2922 3842 3166 3897 llesaiam
3215 3844 3316 3898 hoc
3363 3844 3434 3898 ita
3484 3845 3666 3898 decla-

2084 3942 2290 3989 rantem
2325 3951 2338 3987 :
2371 3933 2612 3988 Inventus
2632 3949 2745 3989 sum
2773 3932 2835 3986 ab
2877 3933 2939 3986 iis
2963 3974 2978 4000 ,
3005 3934 3094 4004 qui
3136 3951 3214 3990 me
3257 3950 3356 3987 non
3398 3943 3627 4002 quierunt
3648 3950 3669 3988 :

2086 4028 2435 4098 manifestatus
2462 4042 2574 4079 sum
2598 4026 2660 4079 iis
2680 4066 2695 4091 ,
2724 4025 2810 4096 qui
2834 4041 2911 4078 me
2939 4042 3038 4078 non
3063 4026 3338 4096 inquirunt.
3374 4025 3499 4078 Dixi
3519 4067 3532 4092 ,
3557 4041 3670 4081 ecce

2084 4133 2174 4188 ego
2203 4133 2313 4170 sum
2333 4158 2346 4182 ,
2375 4117 2442 4168 ad
2467 4127 2662 4186 gentem
2687 4156 2701 4181 ,
2738 4132 2850 4184 qua:
2878 4132 2977 4169 non
3022 4116 3263 4169 invocavit
3293 4131 3473 4169 nomen
3503 4131 3669 4169 meum

2086 4211 2288 4281 (IIesai.
2318 4211 2406 4266 65.
2433 4212 2506 4279 l).
2537 4211 2614 4266 De
2641 4210 2830 4265 lsraele
2847 4220 3021 4265 autem
3044 4227 3056 4262 :
3080 4209 3205 4263 Tota
3217 4209 3298 4262 die
3324 4209 3544 4277 expendi
3563 4226 3670 4264 man

2086 4319 2181 4355 nus
2208 4318 2344 4356 meas
2379 4299 2448 4355 ad
2484 4311 2679 4371 gentem
2724 4317 2823 4354 non
2850 4300 3130 4354 credentem
3156 4308 3206 4355 et
3244 4300 3665 4352 contradicente»:

2090 4389 2316 4463 (Ibid.2)
2333 4409 2345 4453 ;
2363 4407 2426 4445 ac
2447 4407 2660 4445 rursum
2684 4409 2697 4445 :
2717 4390 3162 4447 Annuntiavimus
3177 4390 3225 4444 ei
3240 4398 3296 4442 ut
3311 4407 3466 4460 puero
3497 4406 3514 4444 :
3538 4392 3666 4445 sicut

2085 4483 2238 4536 radix
2269 4482 2320 4534 in
2361 4491 2492 4534 terra
2535 4481 2722 4534 sitienti
2763 4479 2869 4551 (Id.
2900 4483 2988 4537 55.
3025 4482 3123 4552 2);
3161 4495 3224 4536 ac
3265 4496 3476 4535 rursum
3502 4524 3515 4546 ,
3561 4479 3669 4535 Do—

2087 4573 2220 4626 mine
2239 4612 2251 4636 ,
2283 4574 2398 4643 quis
2422 4571 2633 4626 credidit
2661 4572 2861 4625 auditui
2878 4582 3049 4625 nostro
3071 4572 3097 4625 ?
3121 4571 3186 4624 Et
3206 4571 3468 4626 brae/tium
3490 4571 3669 4625 Domi-

2089 4666 2141 4719 ni
2191 4667 2270 4718 cui
2318 4666 2591 4719 revelatum
2631 4673 2702 4717 est
2753 4663 2920 4733 (Ibid.
2953 4682 3002 4718 v.
3036 4662 3132 4735 l)?
3163 4664 3276 4717 Non
3315 4664 3447 4718 dixit
3472 4663 3670 4717 doctrio

2090 4773 2171 4812 na:
2201 4766 2396 4811 nostrai
2419 4797 2433 4822 ,
2463 4756 2551 4810 ubi
2581 4757 2813 4811 ostendit
2833 4771 2925 4810 eos
2948 4770 3052 4809 non
3080 4771 3146 4808 ex
3169 4772 3225 4809 se
3255 4756 3500 4824 loquutos
3526 4769 3667 4821 esse,

2089 4850 2180 4903 sed
2207 4865 2268 4903 ea
2291 4889 2304 4914 ,
2333 4863 2450 4918 quae
2477 4863 2506 4901 a
2534 4849 2642 4901 Deo
2669 4847 2944 4902 audierant
2989 4848 3350 4902 annuntiasse.
3381 4846 3533 4912 Quod
3576 4861 3670 4900 no.

2090 4948 2198 4995 stra
2228 4939 2462 4994 Judaicis
2489 4937 2818 5010 pratfet‘enda
2847 4953 2910 4992 ac
2940 4937 3106 4992 multo
3127 4938 3492 5007 praestantiora
3521 4936 3629 4990 sint
3654 4975 3672 5004 ,

2093 5032 2382 5088 declaravit
2402 5032 2611 5102 Moyses
2641 5032 2721 5084 his
2749 5031 2925 5085 verbis
2956 5047 2968 5081 τ
3002 5028 3068 5083 1η
3109 5029 3480 5082 (ωιιιιΙαιὶοηειη
3513 5027 3674 5080 dedu-

2092 5141 2204 5178 cam
2227 5141 2312 5178 vos
2332 5126 2383 5177 in
2424 5141 2522 5176 non
2547 5132 2728 5193 gente;
2753 5123 2806 5176 in
2851 5131 2995 5193 gente
3039 5121 3306 5190 insipiente
3349 5119 3558 5172 irritabo
3589 5133 3676 5172 vos

2096 5216 2270 5289 (Deut.
2319 5215 2409 5270 52.
2461 5214 2552 5286 2|)
2582 5231 2594 5267 :
2625 5215 2858 5285 priorem
2906 5214 3084 5284 populi
3121 5212 3379 5266 vilitatem
3429 5210 3676 5265 indicans

2095 5324 2216 5365 cum
2247 5308 2372 5364 dicit
2398 5349 2414 5374 ,
2446 5307 2513 5360 In
2557 5323 2658 5360 non
2682 5315 2826 5377 gente
2854 5322 2874 5359 :
2901 5322 3006 5360 non
3043 5305 3184 5360 enim
3231 5319 3362 5373 gens
3395 5302 3678 5372 putabatur

2096 5415 2216 5456 esse
2235 5401 2305 5456 ob
2329 5401 2584 5454 vilitatem
2613 5400 2829 5453 nimiam
2851 5439 2866 5465 ,
2895 5397 2964 5450 ob
2991 5396 3344 5466 insipientiam
3365 5435 3379 5457 ,
3407 5395 3476 5448 ob
3493 5407 3678 5447 amen-

2099 5494 2246 5549 tiam.
2273 5493 2378 5548 Sed
2409 5492 2632 5547 mutatio
2655 5501 2797 5546 tanta
2817 5505 2847 5544 a
2876 5491 2979 5545 ﬁde
3003 5489 3140 5544 facta
3171 5496 3253 5543 est
3277 5529 3291 5552 ,
3335 5496 3393 5540 ut
3421 5485 3475 5540 hi
3504 5485 3678 5540 hono-

2099 5588 2387 5644 rabiliores
2412 5592 2701 5656 appareant
2722 5583 2785 5638 iis
2803 5624 2819 5648 ,
2846 5583 2933 5651 qui
2962 5591 3086 5635 tunc
3124 5578 3540 5633 honorabautur.
3567 5575 3679 5632 lloc

2101 5695 2243 5751 aegre
2287 5679 2487 5733 laturos
2534 5675 2750 5732 Iudaeos
2775 5716 2790 5740 ,
2831 5683 2885 5728 ct
2915 5673 3036 5727 inde
3065 5672 3314 5726 meliores
3343 5671 3578 5734 futuros,
3616 5683 3684 5722 ex

2103 5772 2186 5825 his
2225 5772 2382 5825 etiam
2417 5769 2719 5824 declaratur
2755 5785 2768 5822 :
2814 5782 2920 5820 non
2964 5765 3104 5818 enim
3153 5761 3467 5832 simpliciter
3521 5760 3679 5828 dixit,

2105 5875 2455 5933 anteponam;
2487 5860 2580 5916 sed
2607 5859 2762 5915 simul
2790 5858 2889 5913 hoc
2917 5857 3091 5927 ipsum
3121 5854 3398 5910 declarans
3421 5892 3436 5918 ,
3474 5861 3530 5908 et
3549 5866 3684 5924 qua-
