3920 6372
415 365 526 418 8‘25

421 502 752 570 lemcumque
777 499 898 552 hinc
924 496 1154 553 futuram
1180 498 1606 554 emendationem
1635 494 1896 558 indicans,
1929 492 1994 546 In

417 594 810 655 cumulationem,
835 591 1032 660 inquit,
1057 589 1303 642 deducam
1325 605 1409 641 vos
1448 589 1498 640 in
1520 605 1620 641 non
1647 597 1790 657 gente
1819 584 1996 654 (Deut.

416 684 505 739 '52.
529 685 621 756 ‘21)
652 703 666 752 ;
707 701 768 738 ac
794 683 836 737 si
869 683 1092 748 diceret,
1118 679 1290 734 Tanta
1309 680 1446 734 dabo
1475 681 1601 748 ipsis
1624 679 1760 734 bona
1782 721 1796 745 ,
1827 690 1885 732 ut
1907 691 1998 732 vos

417 777 756 831 :cmulationc
778 773 1158 844 corripiamini,
1195 783 1248 827 ct
1269 783 1324 825 ιιι
1354 771 1724 826 mordcamini.
1755 770 1868 826 Hoc
1896 769 1996 824 ita-

415 886 518 939 que
558 870 807 924 meliores
838 869 980 938 ipsos
1007 865 1253 920 reddidit.
1287 864 1418 920 Nam
1446 865 1537 936 qui
1565 865 1788 919 divisum
1814 879 1990 930 mare,

411 964 604 1017 sciSsas
635 973 840 1031 petras,
873 975 1052 1013 acrem
1083 966 1342 1013 mutatum
1369 1000 1384 1023 ,
1415 967 1467 1011 ct
1495 965 1573 1011 tot
1600 965 1848 1026 tantaque
1871 970 1996 1024 pro-

409 1055 547 1124 digia
577 1055 844 1112 viderant;
872 1052 978 1105 into
999 1065 1123 1107 vero
1149 1049 1239 1120 qui
1264 1050 1398 1102 ﬁlios
1419 1063 1544 1104 soos
1568 1047 1992 1113 immolaverant,

407 1148 494 1215 qui
529 1145 625 1213 ipsi
655 1144 982 1214 Beclphcgor
1028 1142 1217 1196 initiati
1249 1141 1498 1205 fuerant,
1533 1142 1821 1211 multisque
1853 1156 1988 1210 pr:e~

407 1237 580 1305 stigiis
634 1252 851 1305 Operam
879 1234 1166 1298 dederant;
1201 1233 1255 1287 hi
1296 1242 1571 1304 postquam
1621 1247 1720 1288 nos
1758 1231 1991 1287 accessi-

405 1344 554 1393 mus,
589 1328 849 1396 longeqne
898 1326 1298 1394 przestantiores
1341 1325 1451 1378 suis
1480 1338 1569 1379 res
1616 1323 1988 1388 exhibuimus,

403 1419 741 1474 a'mulationc
779 1418 921 1473 ducti
946 1459 964 1485 ,
995 1426 1049 1472 et
1077 1417 1322 1472 meliores
1349 1416 1519 1471 eﬁ‘ecti
1553 1425 1714 1481 sunt,
1744 1425 1904 1485 atque
1933 1430 1992 1469 se

401 1514 815 1578 continuerunt;
844 1513 914 1566 ita
941 1521 998 1565 ut
1027 1526 1088 1566 ea
1115 1526 1232 1580 qua:
1260 1525 1357 1564 nec
1389 1510 1769 1579 pr0phetarnm
1814 1508 1988 1561 moni-

404 1606 506 1672 tis,
561 1621 658 1660 ncc
689 1604 1046 1674 prodigiorum
1088 1602 1313 1657 ostentis
1345 1602 1513 1655 territi
1559 1599 1834 1664 fecerant,
1872 1601 1986 1667 jam

400 1695 739 1758 tmnlatione
770 1696 936 1749 nostri
960 1701 1102 1749 recte
1132 1692 1344 1748 faciant.
1375 1691 1544 1747 Nemo
1572 1693 1749 1761 itaque
1776 1691 1985 1744 illorum

395 1767 505 1857 jam
534 1786 668 1842 ﬁlios
693 1787 952 1852 immolat,
977 1800 1137 1841 nemo
1164 1785 1230 1840 ad
1254 1783 1393 1838 idola
1414 1783 1640 1848 accedit,
1662 1783 1746 1838 vel
1763 1781 1984 1837 vitulum

396 1879 603 1934 adorat.
655 1879 982 1950 Virginitatis
1011 1878 1176 1934 decor
1222 1878 1272 1932 in
1306 1877 1482 1932 Veteri
1530 1878 1873 1932 'l‘eStamento
1918 1892 1986 1932 ne

399 1971 773 2026 nominabatur
821 1970 1075 2041 quidem;
1116 1986 1238 2025 cum
1267 1979 1444 2024 autem
1487 1969 1540 2023 in
1566 1969 1715 2024 Novo
1751 1969 1986 2038 splendi-

396 2065 497 2119 dus
529 2064 734 2118 futurus
757 2073 927 2130 esset,
955 2061 1076 2117 vide
1101 2061 1370 2131 quomodo
1397 2061 1446 2116 id
1488 2061 1741 2131 praedicat
1769 2059 1936 2116 David
1967 2077 1980 2113 :

396 2156 682 2224 A/fercntur
708 2156 816 2226 regi
839 2156 1056 2226 virgines
1088 2162 1200 2225 post
1225 2170 1368 2220 eam,
1402 2153 1720 2206 adducentur
1759 2152 1810 2206 in
1853 2162 1977 2206 tent—

394 2248 532 2318 plum
561 2247 689 2316 regis
720 2245 890 2318 (Psal.
921 2245 1010 2300 44.
1039 2243 1147 2315 16).
1172 2243 1277 2299 Sed
1308 2259 1480 2314 neque
1508 2243 1843 2298 sacerdotum
1880 2258 1978 2297 no-

394 2354 515 2392 men
569 2336 768 2403 tacuit,
818 2338 1191 2407 episcoporum
1236 2335 1356 2390 dico
1406 2353 1418 2388 :
1472 2335 1786 2388 Constituam
1843 2335 1977 2388 enim

382 2429 644 2500 principes
693 2439 802 2483 tuos
841 2430 893 2482 in
927 2445 1081 2500 pace,
1135 2437 1181 2482 et
1229 2430 1490 2498 episcopos
1532 2437 1642 2480 tuos
1679 2427 1731 2480 in
1775 2426 1979 2498 justitia

393 2520 596 2592 (Ilesai.
626 2521 711 2576 60.
745 2519 854 2593 17).

460 2614 513 2667 8.
545 2611 736 2666 Judicii
776 2614 982 2666 extremi
1028 2611 1688 2680 p:-a'dictio.-—Venturus
1734 2619 1850 2665 erat
1891 2626 1976 2664 ra-

391 2707 590 2760 tionem
623 2714 906 2758 exacturus
932 2706 998 2760 ab
1038 2707 1312 2759 hominum
1343 2720 1542 2774 genere
1563 2743 1579 2770 ,
1615 2714 1669 2758 et
1699 2703 1973 2775 speciatim

388 2811 418 2850 a
446 2795 676 2859 ,Ιιιᾱωίες
704 2796 919 2851 attende
950 2796 1220 2866 quomodo
1249 2806 1304 2852 et
1330 2795 1433 2850 hoc
1472 2795 1645 2866 ipsum
1679 2794 1973 2849 vaticinen-

386 2896 474 2944 tur
499 2897 608 2943 tum
641 2888 823 2954 David,
856 2898 965 2943 tum
995 2888 1300 2954 Malacltias,
1329 2889 1416 2958 qui
1439 2888 1517 2942 sic
1541 2889 1613 2942 ait
1638 2906 1653 2945 :
1684 2887 1748 2941 Et
1776 2889 1971 2958 ingres-

383 2998 470 3036 sus
516 2990 586 3035 est
627 2981 754 3035 sicut
801 2982 1182 3050 conﬂatorium,
1236 2981 1363 3034 sicut
1406 2980 1560 3033 herba
1609 2980 1892 3050 fullonum,
1927 2989 1973 3032 et

387 3074 618 3144 purgabit
665 3082 927 3144 argentum
965 3082 1011 3126 et
1053 3089 1231 3125 aurum
1264 3071 1532 3131 (illalach.
1579 3072 1632 3125 ὅ.
1675 3070 1750 3140 5)
1782 3091 1795 3124 :
1823 3070 1970 3126 Pauli

383 3167 559 3222 verbis
586 3164 761 3220 afﬁnia
785 3167 1038 3236 loquitur,
1062 3166 1148 3235 qui
1172 3166 1247 3219 sic
1271 3165 1430 3220 habet
1454 3184 1465 3218 :
1499 3163 1621 3219 Dies
1647 3165 1778 3219 enim
1801 3164 1972 3218 decla—

380 3261 530 3324 rabit,
559 3262 677 3330 quia
703 3262 753 3314 in
775 3261 895 3330 igne
916 3260 1167 3314 reveletur
1183 3260 1260 3330 (1.
1285 3259 1402 3315 Cor.
1424 3261 1474 3314 5.
1499 3260 1611 3330 15).
1636 3259 1804 3314 David
1822 3274 1968 3326 vero,

382 3353 520 3406 Deus
548 3353 808 3422 manifeste
844 3354 1001 3407 veniet
1026 3351 1060 3423 ¹(
1083 3351 1228 3406 Psul.
1274 3353 1363 3407 49.
1395 3351 1464 3423 5η)
1485 3393 1498 3416 ,
1530 3351 1822 3406 secundum
1853 3352 1969 3421 ejus

380 3443 667 3498 adventum
719 3444 1060 3513 prtedicans:
1106 3459 1228 3498 nam
1279 3444 1479 3513 primus
1527 3443 1794 3498 adventus
1846 3458 1967 3499 cum

383 3537 1014 3607 multa-attemperatione
1043 3538 1176 3603 fuit,
1207 3535 1474 3592 secundus
1515 3551 1620 3591 non
1662 3537 1830 3604 item;
1871 3538 1965 3593 sed

382 3629 620 3684 horroris
651 3630 978 3698 terrorisque
1007 3629 1198 3698 plenus
1231 3628 1364 3695 erit,
1394 3629 1600 3698 angelis
1626 3644 1965 3700 praecurren-

383 3722 546 3786 tibus,
574 3735 797 3790 ejusque
817 3721 1096 3789 praesentia
1121 3735 1218 3775 ceu
1249 3719 1423 3790 fulgur
1449 3721 1628 3775 omnia
1649 3730 1962 3792 occupante.

377 3813 509 3868 Nam
537 3814 663 3868 sicut
700 3814 894 3884 fulgur,
938 3812 1140 3881 inquit,
1170 3812 1272 3864 exit
1303 3812 1364 3866 ab
1401 3812 1619 3877 oriente,
1669 3821 1716 3865 et
1754 3823 1966 3881 apparet

376 3920 532 3973 usque
573 3904 642 3956 ad
683 3903 1018 3968 occidentem,
1064 3902 1135 3955 ita
1183 3903 1273 3954 erit
1317 3901 1560 3956 adventus
1598 3901 1725 3956 Filii
1750 3903 1966 3958 hominis

377 4001 394 4068 (
423 3997 609 4050 Matth.
639 3997 731 4050 24.
759 3996 827 4049 97
850 3996 868 4066 )
898 4014 911 4049 :
939 4009 1047 4066 quo
1070 3994 1380 4050 declaratur
1417 3993 1540 4064 ejus
1567 3995 1841 4066 splendor,
1874 3995 1962 4064 qui

373 4086 1061 4157 semetipsumantt-unciat.
1099 4086 1215 4141 Hoc
1243 4085 1407 4140 David
1439 4085 1680 4140 indicans
1719 4087 1960 4154 dicebat,

373 4180 509 4234 Deus
536 4179 798 4250 manifeste
827 4178 984 4232 veniet
1015 4178 1033 4249 (
1058 4176 1204 4232 Psal.
1234 4177 1324 4234 19.
1357 4179 1390 4234 5
1410 4178 1454 4250 ).
1487 4177 1700 4234 Deinde
1727 4177 1962 4233 futurum

370 4272 487 4339 ejus
524 4271 781 4339 judicium
827 4270 1132 4340 signiﬁcans
1169 4270 1246 4324 sic
1295 4269 1679 4340 prosequitur:
1717 4269 1861 4341 Ignis
1908 4271 1962 4324 in

369 4373 638 4434 conspectu
664 4365 771 4434 ejus
801 4363 1088 4418 exardescet
1111 4404 1126 4430 ,
1159 4373 1204 4416 et
1243 4363 1294 4417 in
1322 4364 1532 4417 circuitu
1561 4365 1671 4436 ejus
1696 4373 1962 4431 tempestas

374 4457 541 4510 valida
565 4454 772 4524 (Ibid).
805 4455 1075 4527 Supplicia
1105 4456 1454 4519 memoravit,
1487 4455 1825 4526 Splendorem
1849 4457 1959 4526 jam

374 4550 591 4604 indicat.
622 4549 893 4602 Advocabit
932 4550 1110 4602 cadum
1135 4549 1436 4617 desursum,
1465 4562 1508 4603 et
1548 4561 1734 4605 terram
1764 4551 1958 4606 discer-

372 4660 489 4698 nere
518 4644 763 4714 populum
791 4641 1130 4712 suum('1b.-v.
1149 4643 1202 4714 4)
1223 4661 1236 4698 :
1257 4643 1341 4699 hic
1369 4653 1564 4699 terram
1603 4654 1759 4701 vocat
1789 4661 1960 4716 genus

371 4736 662 4791 humanum
687 4777 701 4801 ,
735 4736 835 4791 sub
872 4735 989 4791 hate
1033 4751 1152 4790 cum
1174 4745 1296 4790 toto
1336 4736 1609 4792 hominum
1635 4753 1834 4808 genere
1861 4738 1956 4793 Ju-

372 4827 517 4884 daaos
563 4844 923 4884 annumerans
955 4847 966 4881 :
1001 4846 1122 4883 nam
1171 4829 1238 4882 ad
1288 4830 1410 4883 illos
1450 4845 1660 4900 quoque
1707 4831 1955 4900 respicit;

371 4923 489 4975 hzcc
513 4921 785 4990 subjungit
813 4938 825 4972 :
855 4919 1162 4990 Congregate
1184 4921 1261 4974 illi
1283 4930 1485 4974 sanctos
1507 4923 1618 4990 ejus
1637 4963 1653 4988 ,
1695 4925 1782 4991 qui
1819 4925 1960 4976 ordi-

372 5021 493 5065 nant
519 5020 865 5066 testamentum
893 5013 1001 5076 ejus
1021 5027 1174 5080 super
1198 5012 1450 5081 sacriﬁcia
1472 5028 1491 5066 :
1517 5022 1564 5066 ot
1591 5014 1959 5068 annuntiabunt

370 5103 482 5155 ειειὶ
491 5103 743 5174 justitiam
771 5099 886 5169 ejus
898 5117 916 5153 :
929 5099 1179 5168 quoniam
1195 5096 1507 5167 Deusjudea:
1519 5109 1592 5153 est
1609 5100 1846 5174 (Ib.v.5.)
1861 5105 1966 5162 Ad-

371 5204 532 5247 ventu
562 5209 658 5248 suo
682 5195 1067 5248 sacriﬁciorum
1106 5195 1306 5250 cultmn
1337 5196 1644 5252 sublaturus
1679 5206 1736 5251 et
1765 5212 1956 5266 repro-

373 5287 590 5342 baturus
618 5297 764 5349 erat,
799 5296 855 5340 ut
885 5295 1125 5341 nostrum
1157 5288 1259 5342 hoc
1289 5288 1609 5342 sacriﬁcium
1643 5289 1951 5349 induceret;

369 5379 493 5434 audi
522 5379 791 5450 quomodo
831 5386 886 5434 et
929 5378 1043 5433 haec
1081 5381 1336 5449 praedicta
1382 5381 1529 5435 sint:
1563 5379 1883 5449 Sacriﬁcium
1909 5388 1956 5433 et

369 5471 671 5528 oblationem
698 5469 902 5524 noluisti
934 5488 952 5525 :
976 5487 1162 5542 corpus
1187 5482 1350 5527 autem
1394 5473 1578 5543 aptasti
1606 5472 1731 5526 mihi
1768 5473 1950 5543 (Psal.

369 5565 456 5620 59.
492 5563 560 5636 7)
587 5583 605 5618 :
628 5563 770 5634 quod
799 5565 958 5617 etiam
989 5563 1111 5617 alibi
1139 5563 1349 5618 dicebat
1377 5583 1389 5616 :
1422 5563 1654 5632 Populus
1679 5580 1826 5635 quem
1851 5579 1952 5618 non

368 5659 574 5724 cognovi
619 5655 815 5708 servivit
859 5655 1012 5720 mihi,
1063 5653 1115 5705 in
1160 5655 1340 5707 auditu
1385 5655 1524 5708 auris
1571 5653 1785 5709 obedivit
1831 5655 1952 5710 mihi

374 5742 540 5814 (Psal.
574 5745 666 5799 17.
687 5746 776 5814 45)
793 5787 809 5811 ,
832 5742 884 5798 id
907 5755 1009 5809 est,
1035 5760 1142 5798 non
1165 5761 1309 5801 mare
1334 5747 1561 5800 divismn
1580 5788 1594 5810 ,
1626 5762 1732 5800 non
1774 5756 1953 5815 petras

365 5831 561 5890 scissas
587 5832 810 5903 videns,
853 5839 945 5892 sed
989 5835 1214 5892 audiens
1252 5838 1523 5909 apostolos
1566 5852 1732 5892 meos.
1771 5839 1833 5893 Et
1863 5838 1948 5892 hic

1123 381 1185 436 S.
1227 376 1503 436 JOANNIS
1542 375 2011 432 CllllYSOSTOMl
2054 376 2372 435 ARCHIEP.
2412 379 2940 445 CONSTANTINUP.

3601 397 3668 451 8:2
3681 403 3709 452 -|

2112 509 2360 564 rursum,
2395 496 2588 567 Corpus
2613 509 2778 556 autem
2803 503 3004 570 aptasti
3039 501 3181 556 mihi.
3214 504 3340 560 Post
3381 507 3495 563 hinc
3524 513 3705 567 statim

2105 585 2314 655 adjecit,
2353 587 2492 642 Tunc
2519 591 2624 644 diui
2647 633 2661 658 ,
2690 609 2804 648 ecce
2833 597 2994 650 venio.
3024 593 3090 650 In
3119 597 3283 666 capite
3308 598 3427 653 libri
3458 602 3706 673 scriptum

2104 688 2176 730 est
2201 679 2263 731 de
2286 696 2362 733 me
2388 679 2560 751 (Psal.
2587 682 2675 737 59.
2703 684 2811 753 10).
2847 685 2962 741 Duo
2993 695 3170 742 autem
3196 687 3282 743 hic
3302 690 3624 762 indicantur,
3646 706 3709 750 et

2105 780 2388 826 venturum
2416 788 2555 840 esse,
2583 786 2634 830 et
2667 787 2792 832 tunc
2812 789 3094 835 venturum
3121 796 3268 848 esse,
3292 797 3413 838 cum
3437 788 3705 845 sacriﬁcia

2105 860 2301 930 rejecta
2332 861 2526 917 fuerint
2552 907 2566 931 ,
2600 867 2742 936 quod
2772 877 2897 924 tunc
2923 871 3178 942 contigit,
3217 889 3338 928 cum
3367 875 3707 946 principatus

2100 949 2351 1007 Iudaicus
2381 953 2432 1007 in
2472 954 2774 1012 Romanum
2811 961 3038 1017 transiit.
3063 961 3369 1021 Invenimus
3395 967 3556 1021 etiam
3592 970 3702 1023 Ba-

2100 1043 2228 1097 ruch
2269 1044 2337 1099 de
2374 1045 2603 1102 adventu
2649 1050 2766 1119 ejus
2814 1051 2884 1106 ita
2927 1054 3231 1124 loquentem
3261 1075 3277 1114 :
3302 1059 3370 1113 In
3401 1070 3535 1115 terra
3559 1063 3703 1118 visus

2099 1142 2192 1200 est,
2213 1143 2259 1186 et
2279 1151 2390 1188 cum
2412 1136 2694 1192 hominibus
2710 1154 3030 1198 conversatus
3043 1157 3115 1199 est
3137 1145 3359 1218 (Baruch
3396 1151 3449 1206 5.
3471 1152 3587 1224 58).
3609 1156 3699 1208 Ait

2099 1237 2309 1294 quoque
2335 1225 2542 1298 Moyses
2577 1247 2588 1286 :
2623 1229 2936 1302 Prophetam
2978 1236 3114 1291 vobis
3158 1239 3396 1294 excitabit
3439 1242 3695 1298 Dominus

2098 1311 2233 1368 Deus
2275 1332 2338 1369 ea:
2378 1318 2619 1386 fratribus
2664 1325 2836 1376 restris
2876 1326 3005 1379 sicut
3035 1344 3155 1382 me:
3181 1331 3346 1399 ipsum
3385 1334 3602 1387 audietis
3639 1335 3698 1388 iu

2095 1407 2344 1460 erratibus.
2376 1407 2444 1461 Et
2473 1411 2584 1476 erit,
2617 1414 2780 1467 omnis
2809 1416 3012 1482 anima,
3045 1435 3160 1489 qua:
3186 1437 3287 1474 non
3315 1424 3535 1480 audierit
3569 1445 3696 1493 pro-

2095 1497 2297 1567 phetam
2317 1499 2479 1568 illum,
2513 1505 2924 1561 exterminabitur
2950 1508 3013 1563 de
3046 1515 3236 1581 popula
3260 1531 3351 1569 suo
3381 1515 3573 1585 (Deut.
3599 1521 3690 1576 18.

2096 1589 2207 1660 18).
2242 1590 2401 1648 Vides
2433 1593 2536 1650 hoc
2563 1597 2612 1650 in
2643 1598 2789 1654 nullo
2817 1601 2923 1656 alio
2952 1603 3263 1674 impletum,
3297 1623 3455 1678 quam
3494 1610 3548 1665 in
3585 1611 3691 1666 hoc

2095 1690 2319 1738 tantum.
2343 1684 2476 1740 Nam
2508 1690 2658 1744 multi
2682 1693 2954 1763 propheta:
2977 1710 3342 1766 surrexerunt,
3365 1711 3414 1756 et
3438 1704 3690 1760 omnibus
3753 1697 3756 1704 ’

2092 1774 2505 1847 inobsequentes
2533 1780 2768 1853 fuerunt,
2793 1786 3030 1858 nihilque
3054 1801 3335 1862 propterea
3363 1797 3505 1864 passi
3534 1807 3684 1852 sunt.

2093 1867 2226 1922 lluic
2254 1879 2431 1925 autem
2473 1873 2597 1942 quia
2637 1891 2742 1931 non
2773 1878 3092 1936 obcdierunt
3117 1883 3286 1939 ,ιιιάωί
3306 1925 3323 1952 ,
3354 1889 3642 1958 palabundi
3669 1932 3688 1956 ,

2088 1969 2367 2027 errantes,
2429 1962 2670 2034 fugitivi,
2723 1971 2936 2026 exsules
2981 1973 3177 2044 ubique
3226 1988 3499 2048 vagantur.
3550 1982 3689 2038 Vide

2088 2063 2317 2120 namque
2346 2055 2615 2122 quomodo
2639 2058 2841 2114 exclusi
2883 2063 2990 2116 sint
3014 2079 3042 2116 a
3071 2065 3318 2136 civitate,
3348 2080 3507 2140 atque
3531 2086 3561 2126 a
3587 2089 3691 2144 pa-

2088 2145 2252 2199 ternis
2281 2144 2485 2216 legibus
2515 2157 2569 2204 et
2608 2153 3085 2211 consuetudinibus
3111 2199 3126 2223 ,
3179 2174 3301 2214 cum
3347 2161 3638 2230 ignominia
3662 2208 3678 2230 ,

2086 2235 2444 2304 turpitudine,
2477 2249 2533 2295 et
2563 2241 2779 2297 ultionis
2815 2259 2989 2314 poena.
3021 2248 3150 2315 Qua:
3191 2265 3320 2306 vero
3347 2253 3448 2308 sub
3481 2254 3684 2324 Vespa-

2084 2325 2235 2380 siano
2262 2338 2313 2382 et
2339 2329 2458 2384 Tito
2484 2334 2624 2401 passi
2653 2345 2794 2398 sunt,
2831 2351 2898 2392 ne
2922 2341 3158 2395 enarrari
3191 2343 3402 2413 quidem
3429 2357 3680 2416 possunt,

2083 2417 2152 2471 ita
2182 2433 2395 2475 omnem
2427 2423 2780 2480 calamitatem
2813 2430 3025 2484 excedit
3055 2432 3141 2486 illa
3175 2437 3454 2506 tragmdia.
3480 2439 3548 2493 Et
3572 2440 3646 2494 im
3665 2471 3683 2482 -

2084 2507 2282 2577 pletum
2314 2523 2396 2566 est
2423 2515 2794 2584 propheticum
2827 2519 2954 2574 illttd
2982 2539 2994 2575 :
3021 2520 3200 2579 Omnis
3221 2528 3310 2597 qui
3338 2546 3439 2582 non
3458 2531 3681 2586 audierit

2081 2604 2379 2674 praphetam
2399 2607 2562 2674 illum,
2589 2614 3019 2670 exterminabitur.
3049 2615 3173 2672 Ideo
3193 2620 3333 2690 apud
3358 2621 3473 2676 illos
3495 2625 3680 2679 omnia

2083 2695 2135 2749 in
2165 2696 2504 2753 solitudinem
2531 2716 2705 2768 versa,
2730 2706 2851 2774 quia
2891 2707 3205 2777 prophetam
3250 2710 3399 2766 illum
3442 2729 3544 2767 non
3571 2731 3680 2770 au-

2079 2786 2308 2842 dierunt.
2353 2788 2505 2855 Quod
2550 2796 2963 2852 resuscitaturus
3012 2800 3082 2853 sit
3125 2815 3352 2870 omnes,
3381 2803 3680 2861 declaravit

2080 2878 2299 2936 Hesaias
2331 2881 2412 2937 his
2440 2885 2616 2940 verbis
2647 2904 2660 2940 :
2693 2887 2971 2960 Resurgent
2997 2894 3181 2946 mortui
3205 2935 3220 2961 ,
3247 2904 3293 2948 et
3321 2896 3679 2952 excitabuntur

2077 2973 2164 3040 qui
2200 2973 2252 3026 in
2291 2974 2539 3044 sepulcris
2576 2988 2712 3032 sunt.
2745 2980 2849 3035 Ras
2875 2984 3007 3037 enim
3031 2987 3117 3054 qui
3143 3003 3174 3038 a
3199 2995 3246 3040 te
3271 2989 3518 3043 medicina
3545 2993 3679 3061 ipsis

2078 3072 2148 3116 est
2179 3062 2381 3134 (Hesai.
2408 3066 2499 3122 26.
2524 3067 2635 3140 19).
2661 3070 2844 3141 Neque
2875 3073 2975 3129 hoc
3004 3087 3226 3145 tantum,
3258 3084 3351 3134 sed
3380 3082 3520 3151 quod
3549 3096 3680 3154 post

2076 3171 2288 3212 crucem
2315 3200 2330 3225 ,
2360 3169 2478 3229 post
2503 3161 2704 3217 caedem
2731 3164 2985 3222 clariores
3016 3184 3103 3224 res
3135 3170 3253 3240 ejus
3295 3171 3486 3228 futurae
3525 3176 3632 3229 sint
3658 3219 3674 3243 ,

2075 3247 2324 3319 quodque
2362 3261 2484 3320 post
2529 3257 2976 3312 resurrectionem
3020 3259 3176 3315 latius
3220 3265 3554 3334 propaganda
3597 3269 3678 3322 sit

2076 3340 2383 3410 praedicatio
2427 3342 2779 3417 (praedictum
2806 3348 2940 3419 est).
2969 3349 3102 3417 Quia
3139 3353 3281 3408 enim
3328 3354 3518 3424 ligatus
3547 3367 3632 3412 est
3659 3401 3674 3423 ,

2074 3433 2315 3502 proditus
2359 3450 2389 3489 a
2428 3435 2690 3507 discipulo
2712 3480 2728 3506 ,
2759 3441 2932 3510 sputis
2959 3451 3013 3497 et
3041 3446 3376 3500 contumeliis
3410 3447 3633 3504 allectus
3655 3492 3673 3516 ,

2073 3526 2406 3590 verberatus,
2440 3530 2747 3598 cruciﬁxus,
2782 3541 2838 3588 et
2863 3543 3121 3603 quantum
3152 3536 3204 3590 in
3236 3537 3338 3591 illis
3367 3537 3464 3593 fuit
3487 3555 3556 3594 ne
3587 3555 3678 3596 se-

2075 3619 2301 3686 pultura:
2327 3619 2540 3689 quidem
2570 3623 2794 3680 traditus
2813 3667 2828 3691 ,
2855 3641 2919 3681 ac
2947 3629 3261 3684 vestimenta
3303 3631 3419 3700 ejus
3461 3631 3675 3690 divise-

2072 3718 2195 3763 runt
2219 3710 2438 3777 milites,
2466 3713 2587 3781 quia
2617 3713 2669 3767 in
2700 3716 3058 3785 suspicionem
3092 3721 3388 3790 tyrannidis
3418 3733 3669 3790 vocatus,

2071 3810 2124 3855 et
2154 3801 2303 3870 quasi
2331 3803 2675 3873 blasphemus
2702 3805 2869 3872 obiit;
2897 3807 3082 3878 (quasi
3109 3819 3368 3882 tyrannus
3392 3814 3672 3883 scilicet),

2074 3892 2250 3948 Omnis
2292 3895 2462 3960 enim,
2499 3897 2586 3966 qui
2621 3914 2676 3952 se
2719 3915 2885 3968 regem
2921 3903 3081 3971 facit,
3132 3904 3432 3958 contradicit
3472 3905 3674 3962 Ctesari

2069 3981 2251 4054 (Joan.
2278 3985 2365 4040 19.
2391 3986 2514 4055 1ἓ);
2541 4003 2751 4043 rursum
2777 3991 2953 4060 (quasi
2982 3992 3347 4066 blaSpbemus)
3377 3996 3510 4050 Ecce
3529 4039 3544 4063 ,
3575 4013 3668 4053 uos

2067 4075 2281 4129 audistis
2305 4075 2672 4148 blasphemiam
2696 4081 2810 4150 ejus
2835 4081 3066 4154 (Matth.
3107 4085 3198 4140 26.
3228 4087 3297 4142 65
3325 4088 3376 4158 );
3401 4089 3544 4158 quia,
3575 4090 3666 4144 in-

2067 4183 2263 4238 quam,
2307 4168 2424 4224 inec
2466 4171 2644 4226 omnia
2683 4183 2940 4230 eventura
2969 4187 3158 4244 erant,
3187 4179 3485 4235 auditorem
3516 4184 3670 4237 exci-

2069 4268 2207 4326 tans,
2236 4270 2290 4316 et
2313 4261 2378 4316 ad
2409 4261 2654 4318 ﬁduciam
2681 4280 3021 4335 praeparans;
3053 4284 3121 4324 ne
3147 4270 3421 4338 timueris,
3453 4272 3664 4342 inquit,

2069 4355 2256 4409 horum
2289 4369 2446 4410 causa
2475 4374 2490 4411 :
2522 4357 2666 4412 illius
2694 4359 2855 4424 enim,
2891 4360 2982 4431 qui
3003 4361 3310 4429 crucifixus,
3340 4363 3664 4435 ﬂagellatus,

2064 4461 2094 4499 a
2127 4447 2424 4502 latronibus
2450 4451 2775 4505 contumelia
2816 4452 3038 4508 affectus
3061 4497 3077 4521 ,
3109 4455 3162 4509 in
3195 4455 3536 4525 blasphemia:
3566 4474 3662 4513 su-

2065 4541 2358 4610 spicionem
2381 4553 2601 4599 vocatus
2623 4543 2835 4600 occisus
2861 4557 2978 4614 est;
3010 4549 3172 4617 illius,
3198 4551 3432 4620 inquam,
3457 4566 3543 4607 res
3569 4554 3664 4607 tali

2063 4633 2370 4690 conditione
2395 4646 2515 4704 post
2539 4645 2766 4692 mortem
2789 4648 2843 4694 et
2863 4649 2982 4708 post
3009 4645 3455 4699 resurrectionem
3474 4656 3660 4713 erunt,

2067 4735 2121 4778 ut
2146 4741 2305 4780 nemo
2327 4729 2599 4797 negaverit
2628 4744 2749 4782 eum
2777 4729 2982 4786 honore
3013 4749 3207 4804 magno
3231 4736 3487 4805 repletum
3511 4753 3659 4793 esse.

2065 4816 2180 4870 lloc
2205 4817 2388 4887 utique
2418 4819 2496 4874 sic
2521 4821 2778 4891 contigit,
2809 4823 2953 4894 quod
2993 4825 3084 4881 diu
3121 4836 3248 4882 ante
3293 4831 3662 4897 praenuntiam

2065 4911 2322 4981 propheta
2352 4911 2562 4968 dicebat
2587 4932 2600 4968 :
2630 4913 2744 4968 Erit
2768 4918 2920 4970 radix
2939 4917 3134 4985 Jesste,
3165 4929 3209 4973 et
3229 4922 3316 4990 qui
3335 4931 3566 4992 exsurget
3599 4933 3658 4977 ut

2063 5004 2272 5073 imperet
2303 5003 2545 5060 Gentibus
2567 5022 2587 5061 .'
2611 5008 2665 5061 in
2702 5009 2813 5078 ipso
2843 5007 3026 5065 Gentes
3052 5011 3354 5081 sperabunt,
3381 5021 3425 5065 et
3452 5013 3545 5066 erit
3568 5030 3658 5067 re-

2063 5095 2201 5164 quies
2226 5096 2336 5169 ejus
2365 5099 2528 5150 honor
2553 5098 2572 5168 (
2596 5097 2772 5153 Hesai.
2805 5100 2892 5154 11.
2923 5101 2991 5155 10
3011 5102 3065 5172 );
3095 5117 3158 5156 ac
3195 5102 3240 5156 si
3280 5101 3482 5158 diceret
3507 5121 3522 5158 :
3551 5103 3658 5160 hoc

2061 5200 2231 5256 genus
2260 5188 2448 5242 mortis
2475 5187 2781 5245 diademate
2824 5191 3190 5248 honorabilius
3219 5203 3321 5248 est.
3357 5195 3658 5264 lmperato-v

2063 5294 2150 5334 res
2178 5281 2320 5335 enim
2350 5281 2524 5351 posito
2549 5281 2883 5350 diademate,
2914 5299 3126 5341 crucem
3158 5289 3475 5358 suscipiunt,
3507 5303 3657 5361 sym.

2062 5373 2242 5428 bolum
2271 5375 2460 5431 mortis
2489 5375 2631 5430 illius
2655 5394 2669 5430 :
2698 5378 2751 5431 in
2784 5392 3016 5447 purpura
3047 5395 3175 5434 crus
3201 5421 3216 5445 ,
3262 5383 3313 5436 in
3351 5381 3654 5440 diademate

2059 5482 2211 5532 crux,
2246 5468 2298 5522 in
2328 5468 2578 5538 precibus
2597 5484 2750 5536 crux,
2774 5469 2826 5523 in
2848 5471 3012 5525 armis
3038 5486 3189 5539 crux,
3215 5473 3267 5527 in
3289 5489 3438 5529 sacra
3466 5491 3650 5531 mensa

2059 5573 2210 5623 crux,
2235 5567 2289 5613 et
2313 5559 2506 5628 ubique
2535 5569 2796 5615 terrarum
2819 5575 2950 5616 crux
2977 5562 3095 5633 plus
3118 5578 3278 5633 quam
3301 5565 3378 5620 sol
3402 5565 3647 5636 refulget.

2062 5649 2128 5705 Et
2155 5653 2247 5704 erit
2273 5653 2464 5722 requies
2484 5653 2593 5718 ejus
2616 5654 2796 5707 honor.

2133 5743 2187 5799 9.
2219 5747 2285 5799 At
2315 5760 2421 5798 non
2449 5744 2754 5816 hujusmodi
2781 5758 2908 5802 sunt
2932 5764 3020 5803 res
3045 5747 3311 5816 humanae,
3344 5755 3453 5808 imo
3478 5750 3531 5804 in
3558 5752 3642 5806 his

2067 5850 2249 5895 contra
2275 5854 2492 5912 prorsus
2517 5840 2728 5896 accidit.
2751 5841 2883 5897 Nam
2911 5842 3208 5896 viventibus
3231 5844 3296 5898 iis
3321 5886 3336 5912 ,
3363 5844 3451 5916 qui
3478 5843 3640 5911 gloria
