3920 6362
299 353 413 414 823

278 473 422 547 ὁμοῦ
465 473 565 528 καὶ⁸
604 473 766 529 τοῦτο
800 474 997 546 δηλῶν,
1044 476 1155 543 καὶ,
1193 474 1294 549 τὴν
1337 477 1405 530 ἐκ
1453 471 1896 547 παραζηλώσεως

282 555 670 628 γενησομένην
726 557 911 620 αὐτοῖς
960 557 1315 629 ὁπωσδήποτε
1364 556 1672 627 διόρθωσιν,
1709 557 1900 621 Παρα-

281 638 539 709 ζηλώσω
571 638 750 709 ὑμᾶς,
782 640 969 711 φησὶν,
1012 639 1107 692 ἐπ’
1146 640 1260 694 οὐκ
1303 639 1496 695 ἔθνει·
1540 638 1674 693 ὡσεὶ
1718 637 1897 706 ἔλεγεν

282 720 546 776 Τοσαῦτα
572 721 731 777 δώσω
753 723 938 787 αὐτοῖς
980 722 1179 791 ἀγαθὰ,
1211 723 1286 787 ὡς
1331 723 1476 794 ὑμᾶς
1503 720 1895 793 ζηλοτυπῆσαι,

280 805 367 871 ὡς
401 808 547 877 ὑμᾶς
587 806 873 878 δηχθῆναι.
916 807 1087 861 Τοῦτο
1124 806 1259 877 γοῦν
1286 808 1483 871 αὐτοὺς
1530 807 1626 860 καὶ
1654 804 1898 877 βελτίους

286 891 577 962 ἐποίησεν.
611 893 674 944 Οἱ
703 891 813 965 γὰρ
843 890 1117 945 θάλατταν
1160 890 1507 964 σχιζομένην,
1551 890 1759 960 πέτρας
1798 889 1897 960 ῥη-

285 977 589 1049 γνυμένας,
640 978 782 1047 ἀέρα
833 976 1326 1048 μεταϐαλλόμενον,
1382 978 1479 1030 καὶ
1514 974 1753 1029 τοσαῦτα
1803 989 1895 1026 τε-

287 1061 494 1132 ράστια
527 1059 860 1132 θεωροῦντες
881 1099 896 1125 ,
944 1060 1143 1132 μᾶλλον
1176 1060 1234 1114 δὲ
1271 1061 1322 1114 οί
1363 1059 1433 1114 τὰ
1470 1058 1679 1114 ἑαυτῶν
1727 1057 1893 1112 τέκνα

286 1144 533 1210 θύοντες,
572 1146 666 1198 καὶ
704 1145 787 1217 τῷ
828 1144 1152 1217 Βεελφεγὼρ
1184 1144 1523 1215 τελούμενοι,
1545 1144 1641 1197 καὶ
1676 1158 1893 1215 μαγγα-

283 1230 464 1292 νείαις
518 1228 741 1293 πολλαῖς
797 1230 1194 1301 προσσχόντες,
1248 1220 1415 1293 οῦτοι,
1465 1226 1652 1299 ἐπειδὴ
1722 1244 1891 1299 προσ-

284 1313 530 1385 ήλθομεν
566 1315 745 1385 ἡμεῖς,
779 1315 875 1368 καὶ
911 1313 1090 1385 πολλῷ
1128 1313 1500 1385 προτιμότερα
1533 1310 1603 1365 τὰ
1645 1310 1890 1383 ἡμέτερα

284 1400 517 1454 ἐκείνων
546 1399 790 1469 γέγονεν,
822 1398 996 1463 οὓτως
1031 1398 1140 1452 ἀπὸ
1167 1398 1265 1469 τῆς
1302 1395 1637 1469 ζηλοτυπίας
1666 1394 1890 1467 ἐδήχθηο

286 1501 396 1538 σαν
429 1482 527 1538 καλ⁵
573 1481 814 1553 βελτίους
858 1482 1110 1552 ἐγένοντο
1153 1482 1246 1536 καὶ
1292 1480 1716 1553 συνεστάλησαν,
1745 1478 1887 1533 ὥστε

282 1570 393 1623 ὅσα
448 1566 522 1639 μὴ
567 1565 937 1637 κατώρθωσαν
981 1564 1279 1638 προφητῶν
1330 1564 1619 1628 ἀκούοντες
1659 1564 1754 1618 καὶ
1792 1580 1884 1616 τε-

287 1648 489 1722 (ἀστια
518 1649 669 1723 [568]
696 1649 1006 1720 βλέποντες,
1026 1648 1201 1702 ταῦτα
1229 1650 1293 1702 ὲκ
1321 1649 1419 1720 τῆς
1442 1647 1579 1719 πρὸς
1610 1649 1758 1718 ἡμᾶς
1787 1644 1885 1717 ξη-

282 1735 550 1800 λοτυπίας
583 1734 952 1806 κατορθῶσαι.
1001 1733 1193 1797 Οὐδεὶς
1235 1732 1368 1803 γοῦν
1405 1733 1587 1787 αὐτῶν
1626 1731 1686 1786 οὐ
1721 1730 1886 1785 τέκνα

285 1818 489 1889 σφάζει
518 1818 634 1882 νῦν,
658 1819 758 1872 οὐκ
785 1816 1026 1882 εἰδώλοις
1046 1816 1395 1889 προστρέχει,
1419 1817 1481 1870 οὐ
1501 1816 1700 1888 μόσχον
1724 1829 1888 1886 προσ-

282 1906 463 1957 κυνεῖ.
496 1903 570 1956 Τὸ
594 1902 698 1974 τῆς
724 1901 1024 1974 παρθενίας
1047 1901 1244 1972 σεμνὸν
1269 1902 1362 1955 ἐπὶ
1387 1900 1484 1972 μὲν
1510 1900 1610 1972 τῆς
1640 1900 1885 1965 Παλαιᾶς

278 1989 409 2043 αἰδὲ
442 1988 636 2060 μέχρις
673 1987 938 2058 ὀνόματος
988 1981 1091 2058 ἦν·
1132 1985 1226 2039 ἐπὶ
1268 1984 1326 2038 δὲ
1365 1985 1466 2057 τῆς
1509 1985 1716 2056 Καινῆς
1763 1986 1884 2039 ἐπεὶ

282 2071 482 2143 ἔμελλε
529 2071 878 2141 διαλάμπειν,
917 2071 1020 2142 δρα
1066 2069 1184 2134 πῶς
1222 2070 1318 2123 καὶ
1367 2068 1525 2123 τοῦτο
1559 2068 1816 2140 προλέγει
1855 2071 1884 2123 ό

280 2155 452 2210 Δαυῐδ
486 2155 630 2210 οὔτω
665 2154 873 2225 λέγων·
920 2152 1466 2224 ’Δπενεχθήσονται
1515 2152 1596 2219 τῷ
1631 2154 1890 2219 ,βασιλεῖ

281 2238 570 2310 παρθένοι
598 2240 795 2293 ὀπίσω
823 2237 1037 2307 αὐτῆς,
1065 2237 1439 2309 ἀχθήσονται
1472 2239 1559 2304 είς
1588 2238 1741 2292 ναὸν
1761 2239 1880 2303 ,ϐα-

280 2322 526 2390 σιλέως.
553 2322 695 2376 Ἀλλ’
720 2321 843 2376 οὐδέ
863 2321 996 2376 αὐτὸ
1024 2320 1087 2374 τὸ
1113 2321 1223 2374 τῶν
1251 2320 1436 2393 ἱερέων
1458 2321 1628 2393 ὄνομα
1652 2321 1882 2375 ἀπεσιὼ⁶

280 2425 452 2480 πησε,
502 2407 564 2461 τὸ
614 2407 725 2461 τῶν
772 2406 1087 2460 ἐπισκόπων
1127 2404 1293 2474 λέγω.
1350 2404 1727 2472 Καταστήσω
1770 2408 1880 2477 γὰρ

279 2493 429 2559 τοὺς
457 2490 759 2562 ἄρχοντάς
793 2505 912 2544 σου
936 2491 1005 2545 ἐν
1022 2488 1256 2560 εἰρήνῃ,
1291 2491 1447 2562 φησὶ,
1468 2490 1568 2546 καί
1597 2491 1740 2560 τοὺς
1764 2493 1883 2547 ἑπι-

279 2578 565 2643 σκόπους
591 2592 710 2630 σου
730 2575 803 2628 ἐν
840 2574 1222 2644 δικαιοσύνῃ.

352 2671 502 2743 η’.Ἒ
511 2669 671 2742 μελλε
685 2666 1084 2740 παραγίνεσθαι
1095 2667 1191 2722 καὶ
1204 2666 1432 2733 εὐθύνας
1442 2669 1692 2723 ἀπαιτεῖν
1704 2670 1763 2725 τὸ
1772 2671 1881 2725 τῶν

282 2754 588 2828 ἀνθρώπων
612 2753 787 2823 γένος,
819 2753 914 2806 καὶ
941 2751 1079 2822 μετὰ
1110 2751 1220 2806 τῶν
1245 2751 1419 2807 ἀλλων
1444 2754 1539 2808 καὶ
1567 2754 1873 2820 Ἰουδαίους.

284 2841 430 2912 Ὅρα
460 2837 578 2901 πῶς
605 2836 702 2890 καὶ
730 2836 863 2889 αὐτὸ
894 2835 1150 2907 προλέγει
1182 2835 1211 2889 ὃ
1242 2853 1303 2889 τε
1338 2834 1522 2903 Δαυῒδ,
1547 2838 1574 2891 ὅ
1603 2856 1660 2892 τε
1691 2839 1881 2893 Μαλαο

281 2923 412 2996 χίας
426 2939 441 2953 ·
466 2922 494 2974 ό
526 2919 626 2992 μὲν
645 2918 789 2973 οὕτω
811 2917 988 2988 λέγων
1008 2935 1022 2951 ·
1041 2917 1460 2988 Καὶβίσῆλθεν
1478 2921 1559 2987 ὠς
1581 2922 1880 2993 χωνευτή-

275 3006 535 3077 ριον,·ὠς
555 3006 674 3059 πόα
694 3003 1073 3069 πλυνόντων,
1095 3002 1194 3057 καί
1225 3003 1597 3073 διακαθαριεῖ
1613 3005 1679 3059 τὸ
1702 3007 1881 3077 ἀργύ-

273 3107 417 3160 ριον
438 3089 536 3144 καὶ
556 3087 620 3143 τὸ
636 3086 915 3158 χρυσίον,
937 3087 1175 3158 συγγενῆ
1196 3088 1309 3150 τοῖς
1325 3087 1538 3141 Παύλου
1560 3087 1728 3142 εἰπὼν
1749 3090 1881 3162 γρά-

282 3191 478 3244 φοντος
496 3171 668 3236 οὕτως
687 3190 700 3202 ο
739 3171 810 3226 Ἠ
834 3172 945 3242 γὰρ
978 3170 1167 3242 ἡμέρα
1195 3171 1475 3241 δηλώσει,
1505 3172 1595 3227 ὅτι
1629 3175 1701 3229 ἐν
1733 3174 1876 3243 περὶ

279 3258 776 3315 ἀποκαλύπτεται
795 3274 807 3286 ·
839 3259 866 3310 ό
895 3255 950 3309 δὲ
970 3256 1154 3322 Δαυῒδ,
1180 3258 1233 3308 Ὀ
1256 3256 1402 3322 Θεὸς
1421 3256 1700 3327 ἐμφανῶς
1726 3260 1873 3329 ἥξει,

284 3344 450 3398 πάλιν
490 3343 588 3414 τὴν
614 3342 870 3412 δευτέραν
906 3341 1073 3395 αὑτοῦ
1122 3341 1423 3410 παρουσίαν
1458 3343 1872 3416 ἀνακηρύττων.

290 3430 361 3480 'H
399 3428 497 3498 μὲν
524 3426 635 3499 γὰρ
668 3424 913 3499 προτέρα
945 3423 1144 3497 πολλὴν
1170 3420 1283 3496 εἶχε
1312 3425 1409 3497 τὴν
1434 3429 1872 3496 συγκατάϐασιν·

277 3514 313 3581 ἡ
358 3510 417 3564 δὲ
455 3509 680 3581 δευτέρα
723 3508 821 3580 οὐχ
861 3507 1054 3572 οὕτως,
1095 3507 1231 3562 ἀλλὰ
1271 3508 1473 3580 φρίκης
1505 3510 1752 3581 γέμουσα
1783 3516 1877 3568 καὶ

279 3592 693 3665 καταπλήξεως,
746 3593 812 3645 ἐκ
861 3590 971 3644 τῶν
1026 3592 1435 3663 προτρεχόντων
1478 3593 1747 3663 ἀγγέλων,
1778 3597 1877 3668 τῆς

278 3676 585 3748 παρουσίας
628 3673 791 3728 αὐτοῦ
835 3673 993 3746 δίκην
1033 3675 1324 3746 ἀστραπῆς
1369 3676 1549 3730 πάντα
1604 3680 1878 3751 καταλαμ-

278 3760 571 3830 ϐανούσης.
604 3759 834 3827 Ὠσπερ
872 3758 982 3832 γὰρ
1016 3759 1056 3828 η
1088 3760 1392 3829 ἀστραπὴ,
1420 3763 1604 3833 φησὶν,
1636 3763 1875 3835 ἐξέρχε-

278 3861 375 3899 ται
396 3844 516 3900 ἀπὸ
549 3840 883 3909 ἀνατολῶν,
907 3842 1008 3895 καὶ
1038 3843 1311 3912 φαίνεται
1341 3843 1454 3910 ἕως
1477 3844 1745 3917 δυσμῶν.
1777 3849 1877 3902 οὔ-

280 3947 397 3994 τως
441 3926 613 3982 ἔσται
653 3928 692 3996 ἠ
724 3927 1028 3995 παρουσία
1069 3926 1175 3979 τοῦ
1219 3927 1353 3981 Υἰοῦ
1382 3929 1489 3983 τοῦ
1521 3930 1837 4000 ἀνθρώπου
1859 3952 1872 3964 ·

276 4015 343 4068 τὸ
372 4012 668 4083 περιφανὲς
697 4010 871 4083 ταύτῃ
901 4009 1099 4080 δηλῶν,
1123 4008 1185 4064 τὸ
1225 4012 1652 4083 αύτοάγγελτον·
1678 4018 1739 4070 ού
1767 4018 1875 4091 γὰρ

278 4098 456 4161 δεῖται
489 4093 585 4148 τοῦ
628 4092 981 4166 κηρύξοντος,
1033 4094 1150 4149 ἀλλ’
1190 4095 1331 4167 αὐτὴ
1369 4097 1568 4171 ἑαυτὴν
1610 4099 1872 4158 δείκνυσι.

281 4174 456 4233 Τόῦτο
482 4178 659 4233 τοίνυν
684 4178 780 4231 καὶ
811 4178 839 4230 δ
869 4176 1032 4231 Δαυῒδ
1070 4178 1349 4251 ἐμφαίνων
1384 4180 1598 4251 ἔλεγεν·
1646 4185 1700 4236 ’0
1732 4188 1876 4254 Θεὸς

277 4261 560 4334 ἐμφανῶς
614 4260 769 4329 ἥξει.
821 4257 954 4315 Εἶτα
1006 4264 1101 4316 καὶ
1141 4263 1202 4316 τὸ
1235 4263 1586 4337 δικαστήριον
1633 4268 1875 4341 ὑπογρά-

279 4366 401 4418 φων
424 4348 484 4401 τὸ
515 4344 728 4418 μέλλον,
764 4345 962 4414 ἐπάγει
992 4348 1086 4400 καὶ
1122 4344 1298 4415 λέγει·
1331 4348 1458 4417 Πῦρ
1486 4350 1743 4407 ἐνώπιον
1770 4357 1876 4410 αὑ-

280 4431 390 4488 τοῦ
412 4429 800 4497 καυθήσεται,
831 4429 931 4484 καὶ
964 4430 1168 4495 κύκλῳ
1198 4432 1387 4485 αὑτοῦ
1424 4435 1691 4505 καταιγὶς
1719 4452 1874 4507 σφο-

279 4515 414 4586 δρᾶ.
457 4510 594 4569 Εἷπε
638 4514 738 4578 τὰς
778 4514 1082 4585 τιμωρίας,
1125 4513 1277 4583 λέγει
1332 4517 1427 4570 καὶ
1469 4518 1530 4572 τὸ
1585 4518 1870 4594 λαμπρόν·

278 4597 771 4667 Προσκαλέσειαι
810 4598 918 4650 τὸν
958 4598 1221 4666 οἱφανόν
1263 4599 1407 4666 ἀνω,
1455 4600 1553 4655 καὶ
1595 4603 1712 4673 τὴν
1753 4605 1873 4677 γῆν

275 4681 388 4738 τοῦ
416 4681 713 4749 διακρῖναι
741 4680 850 4735 τὸν
877 4680 1034 4735 λαὸν
1056 4683 1265 4749 αὐτοῦ,
1290 4683 1392 4757 γῆν
1423 4684 1655 4740 ἐνταῦθα
1693 4689 1753 4742 τὸ
1776 4691 1870 4759 γέ.

275 4785 371 4830 νος
418 4766 528 4820 τῶν
574 4764 879 4837 ἀνθρώπων
912 4765 1105 4833 λέγων.
1153 4762 1286 4821 Εἶτα
1335 4769 1475 4839 μετά
1527 4771 1621 4825 τοῦ
1671 4776 1871 4840 παντὸς

277 4852 471 4921 γένους
510 4849 607 4904 καὶ
645 4850 707 4902 τὸ
739 4847 1027 4903 Ἰουδαϊκὸν
1054 4849 1303 4922 ἀριθμῶν
1339 4854 1498 4925 (πρὸς
1531 4854 1639 4928 γὰρ
1672 4858 1869 4924 αὐτοὺς

275 4934 374 4988 καὶ
403 4932 787 5003 ἀποτείνεται),
818 4932 980 4986 πάλιν
1020 4934 1215 5003 ἐπάγει
1260 4934 1460 5005 λέγων·
1493 4940 1870 5010 Συναγάγετε

272 5016 439 5083 αὑτῷ
466 5017 607 5084 τοὺς
635 5017 845 5083 ὁσίους
863 5017 1071 5082 αὐτοῦ,
1112 5018 1254 5087 τοὺς
1287 5019 1730 5091 διατιθεμένους
1754 5026 1871 5094 τὴν

271 5099 573 5168 διαθήκην
604 5099 792 5153 αὑτοῦ
831 5099 931 5153 ἐπὶ
974 5101 1244 5168 θυσίαις·
1284 5103 1382 5156 καὶ
1424 5104 1869 5180 ἀναγγελοῦσιν

271 5189 331 5242 cl
356 5185 596 5254 οὐρανοὶ
620 5184 734 5252 τὴν
761 5183 1162 5253 δικαιοσύνην
1181 5188 1388 5251 αὐτοῦ,
1414 5187 1501 5246 ὅτι
1524 5194 1559 5246 ό
1585 5191 1732 5259 Θεὸς
1756 5211 1869 5264 κρι.

271 5271 387 5337 τῆς
414 5271 604 5325 ἐστιν.
639 5269 873 5341 Ἔμελλε
921 5271 1363 5343 παραγενόμενος
1404 5273 1503 5346 τὴν
1540 5273 1628 5330 διὰ
1667 5276 1866 5335 θυσιῶν

267 5356 529 5426 λατρείαν
578 5355 891 5420 ἐκϐάλλειν,
934 5356 1029 5413 καὶ
1078 5355 1153 5427 μὴ
1200 5358 1519 5429 προσίεσθαι
1569 5372 1619 5423 ιι,
1661 5363 1867 5437 ταύτην

271 5445 333 5498 διε
372 5438 471 5515 τὴν
513 5440 789 5513 ἡμετέραν
822 5438 1090 5509 δέχεσθαι.
1130 5441 1397 5497 ’Ἄκουσον
1440 5442 1558 5507 πῶς
1602 5446 1694 5499 καὶ
1738 5449 1865 5521 περὶ

266 5522 478 5585 τούτων
532 5523 1001 5598 προφιεφωνήθη·
1066 5528 1299 5582 Θυσίαν
1346 5528 1447 5582 καὶ
1509 5534 1866 5603 προσφορὰν

266 5609 387 5663 οὐκ
425 5607 752 5677 ἠθέλησας,
799 5607 971 5678 σῶμα
1017 5608 1086 5664 δὲ
1132 5615 1470 5682 κατηρτίσω
1508 5634 1631 5686 μοι.
1663 5621 1728 5672 "U
1772 5623 1865 5675 καὶ

264 5690 506 5765 ἀλλαχοῦ
540 5693 716 5764 δηλῶν
746 5692 901 5763 ἔλεγε
926 5711 941 5725 ο
984 5695 1162 5762 Λαὸς,
1192 5695 1266 5751 ὃν
1301 5701 1413 5753 οὐκ
1455 5698 1667 5769 ἔγνων,
1694 5704 1864 5760 ἐδού-

264 5777 459 5833 λευσέ
476 5796 599 5849 μοι,
627 5780 713 5845 είς
746 5777 942 5848 ἀκοὴν
973 5778 1151 5834 ὠτίου
1184 5780 1500 5848 ὑπήκουσέ
1524 5803 1674 5854 μου·
1706 5807 1861 5845 τουτ-

331 5888 501 5945 ⁸ὺὶ1δ.
520 5892 597 5944 καὶ
623 5894 689 5958 μὴ
717 5891 1010 5958 προσίεσθαι.
1036 5892 1186 5944 SaVil.
1213 5896 1292 5944 καὶ
1315 5897 1579 5963 προίεσθαι.

891 354 1174 416 CONTRA
1211 353 1513 414 JUDIEOS
1554 355 1641 412 ET
1677 353 1879 413 (ΞΕΝτί

1987 354 2045 419 S,
2085 354 2278 421 QUOD
2317 355 2669 415 CHRISTUS
2710 356 2818 414 SIT
2854 358 3061 418 DEUS.’

3484 368 3599 423 εει-

2008 472 2175 539 έστιν,
2208 473 2269 526 ού
2314 471 2582 528 θάλατταν
2604 474 2748 547 ὁρῶν
2787 474 3132 551 σχιζομένην,
3163 479 3224 533 οὐ
3257 479 3462 553 πέτρας
3492 486 3585 555 ρη-

2002 557 2299 627 γνυμένας,
2334 557 2449 612 ἀλλ’
2483 559 2720 623 ἀκούσας
2764 561 2872 614 τῶν
2912 562 3227 618 ἀποστόλων
3266 564 3374 619 τῶν
3417 567 3589 639 ὲμῶν.

2002 639 2113 694 Καὶ
2142 641 2375 695 ἐνταῦθα
2404 643 2585 707 πάλιν,
2611 642 2785 713 Σῶμα
2806 643 2875 697 δὲ
2900 648 3236 714 κατηρτίσω
3259 667 3380 717 μοι.
3407 651 3599 705 Εἰπὼν

1996 721 2055 775 δὲ
2078 723 2255 788 τοῦτο,
2279 723 2358 778 ἔτι
2389 726 2711 798 προστίθησι
2729 728 2823 781 καὶ
2838 728 3017 798 λέγει·
3048 729 3192 785 Τότε
3212 728 3406 798 εἷπον,
3448 730 3595 788 Ἰδοὺ

2000 804 2124 872 ἥκω
2145 824 2159 837 ·
2191 808 2264 861 ἐν
2293 810 2570 878 κεφαλίδι
2599 812 2846 876 ,ϐιϐλίου
2890 814 3211 884 γέγραπται
3254 817 3387 886 περὶ
3422 819 3592 887 ἐμοῦ.

1996 888 2102 973 δύο
2130 890 2241 963 γὰρ
2268 891 2333 963 δὴ
2361 890 2535 947 ταῦτα
2576 895 2823 949 ἐντεῦθεν
2869 897 3146 968 δηλοῦται,
3189 899 3284 965 καὶ
3322 901 3404 953 ὅτι
3452 919 3594 973 παρ-

1996 971 2169 1037 έσται,
2220 976 2315 1028 καὶ
2353 975 2436 1029 ὅτι
2483 986 2627 1041 τότε,
2661 979 2791 1034 ὅταν
2842 980 3181 1053 ἐκϐληθῶσιν
3218 986 3273 1038 αί
3313 971 3590 1043 θυσίαι-δ

1996 1056 2089 1142 καλ.
2116 1056 2310 1142 γέγονε
2349 1060 2446 1132 τῆς
2484 1061 2659 1132 ἀρχῆς
2695 1065 3111 1137 μεταπεσούσης
3156 1067 3258 1137 τῆς
3292 1068 3590 1142 Ἰουδαϊκῆς

1995 1139 2089 1226 ἐπὶ
2120 1141 2218 1213 τὴν
2253 1142 2588 1216 Ῥωμαϊκήν.
2618 1144 2868 1218 Εὓρομεν
2892 1149 2950 1203 δὲ
2978 1150 3073 1204 καὶ
3098 1150 3187 1205 τὸν
3218 1152 3433 1224 Βαροὺχ
3461 1139 3591 1226 περὶ

1990 1224 2422 1307 τὴςνπαρουσίας
2448 1228 2613 1282 αὐτοῦ
2647 1228 2874 1299 λέγοντα
2900 1232 3100 1299 οὕτως·
3152 1236 3283 1289 Ἐπὶ
3330 1235 3434 1305 τῆς
3477 1224 3591 1308 γῆς

1991 1299 2179 1378 ὤφθη,
2217 1310 2316 1365 καὶ
2364 1310 2490 1379 τοῖς
2518 1312 2852 1383 ἀνθρώποις
2893 1299 3396 1389 συνανεστράρηί
3413 1299 3595 1389 ’Λέγει

1988 1392 2047 1445 δὲ
2071 1394 2167 1447 καὶ
2195 1395 2223 1448 ὁ
2250 1395 2511 1466 Μωῡσῆς,
2544 1397 2869 1468 Προφήτην
2893 1399 3038 1470 ὑμῖν
3064 1399 3214 1474 [569]
3250 1401 3586 1470 ἀναστήσει

1989 1477 2206 1545 Κύριος
2236 1481 2268 1532 ό
2301 1478 2444 1546 Θεὸς
2468 1480 2537 1535 ἐκ
2564 1481 2685 1535 τῶν
2704 1481 2982 1554 ἀδελφῶν
3010 1484 3179 1554 ὑμῶν
3201 1486 3278 1553 ὠς
3307 1487 3410 1557 ἐμέ
3430 1501 3445 1515 °
3476 1488 3585 1542 αὐ-

1990 1561 2098 1615 τοῦ
2148 1562 2489 1619 ἀκούσεσθε
2535 1565 2688 1621 κατὰ
2744 1565 2965 1623 πάντα.
3015 1569 3127 1623 Καὶ
3172 1569 3366 1633 ἔσται,
3418 1570 3589 1626 πᾶσα

1989 1644 2186 1715 ψυχὴ,
2229 1646 2362 1715 ἥτις
2395 1650 2507 1703 οὐκ
2553 1649 2759 1706 ἀκούει
2812 1652 2921 1707 τοῦ
2966 1652 3280 1722 προφήτου
3324 1654 3586 1719 ἐκείνου,

1987 1728 2564 1801 ἐξολοθρευθήσεται
2594 1735 2662 1789 ἐκ
2695 1735 2803 1791 τοῦ
2819 1734 2977 1791 λαοῦ
2997 1737 3209 1806 αὐτῆς.
3242 1738 3405 1810 Ὁρᾷς
3426 1738 3601 1795 τοῦτα

1988 1814 2075 1895 έπ’
2104 1813 2318 1879 οὐδενὸς
2342 1816 2630 1890 συμϐὰν,ἦ
2662 1819 2749 1872 ἐπ’
2768 1819 2931 1873 αὐτοῦ
2959 1820 3155 1891 μόνους
3180 1821 3290 1875 Καὶ
3319 1822 3428 1895 γὰρ
3458 1823 3587 1877 πολ-

1988 1894 2069 1949 λοὶ
2099 1898 2380 1969 προφῆται
2430 1901 2755 1974 ἀνέστησαν,
2812 1904 2907 1958 καὶ
2943 1905 3162 1959 πάντων
3204 1894 3580 1978 παρήκουσαν,

1987 1981 2101 2035 ἀλλ’
2146 1983 2298 2036 οὐδὲν
2362 1982 2597 2041 ἔπαθον·
2662 1985 2857 2041 τούτου
2911 1987 2969 2043 δὲ
3028 1989 3481 2062 παρακούσαντες
3536 1994 3597 2046 οἴ

2002 2064 2272 2132 Ἰουδαῖοι,
2313 2067 2509 2140 ἀλῆται
2558 2073 2655 2125 καὶ⁹
2688 2072 2992 2143 πλάνητες,
3036 2072 3273 2143 φυγάδες
3314 2075 3411 2129 καὶ
3458 2092 3588 2148 μετ-

1987 2150 2614 2225 ανάσταιπεριέρχονται
2646 2154 2944 2226 πανταχοῦ.
2982 2157 3123 2229 Ὅρα
3148 2155 3276 2230 γάρ·
3310 2157 3599 2224 πολιτείας

1986 2232 2444 2307 ήλλοτριὼθησαν,
2469 2236 2607 2291 ἐθῶν
2638 2239 2909 2311 πατρῴων
2943 2240 3035 2294 καὶ
3066 2241 3270 2312 νόμων,
3305 2243 3362 2296 ὲν
3391 2244 3588 2315 ἀτιμίᾳ

1987 2318 2081 2369 καὶ
2127 2317 2357 2391 αἰσχύνῃ
2407 2320 2499 2373 καὶ
2550 2321 2770 2376 κολάσει
2819 2324 2914 2377 καὶ
2963 2326 3227 2397 τιμωρίᾳ.
3270 2328 3338 2381 Ἃ
3384 2326 3442 2380 δὲ
3493 2329 3587 2381 ἐπὶ

1987 2400 2399 2455 Οὐεσπασιανοῦ
2448 2405 2544 2458 καὶ
2592 2405 2752 2459 Τίτου
2804 2406 3176 2473 πεπόνθασιν,
3234 2410 3353 2464 οὐδὲ
3411 2412 3587 2465 εἰπεῖν

1984 2482 2100 2568 ενι·
2150 2484 2293 2539 οὕτω
2356 2489 2533 2542 πᾶσαν
2587 2489 2875 2563 συμφορὰν
2927 2492 3173 2564 ὑπερέϐη
3225 2497 3256 2566 ή
3309 2497 3587 2568 τραγῳδία

1986 2566 2191 2641 ἐκείνη,
2225 2570 2318 2623 καὶ
2350 2571 2413 2624 τὸ
2446 2573 2784 2644 προφητικὸν
2827 2574 3161 2647 ἐπληροῦτο·
3206 2578 3288 2632 ὅτι
3335 2566 3481 2647 Πᾶς,
3516 2580 3586 2648 ὃς

1984 2649 2063 2705 ἂν
2076 2653 2163 2721 μὴ
2196 2654 2430 2725 ἀκούσῃ
2464 2656 2571 2711 τοῦ
2609 2656 2922 2726 προφήτου
2948 2660 3207 2726 ἐκείνου,
3237 2661 3585 2732 ἐξολοθρευ-

1984 2735 2256 2822 θήῌσεται.
2291 2737 2392 2792 Διά
2417 2755 2499 2792 τοι
2531 2740 2688 2793 τοῦτο
2708 2740 2776 2795 τὰ
2807 2742 3033 2798 ἐκείνων
3058 2745 3163 2817 ἠρή
3175 2763 3371 2816 μωται,
3396 2748 3585 2822 ἐπειδὴ

1984 2818 2076 2872 τοῦ
2121 2822 2405 2894 προφήτου
2446 2825 2802 2897 παρήκουσαν
2835 2827 3068 2883 ἐκείνου.
3114 2831 3237 2883 Ὅτι
3288 2818 3584 2904 ἀναστήσει

1982 2904 2213 2973 πάντας,
2258 2907 2352 2960 καὶ
2392 2909 2552 2962 τοῦτο
2592 2909 2861 2981 ἐδήλωσεν
2901 2913 3129 2979 Ἡσαΐας
3168 2914 3370 2969 εἰπών·
3417 2917 3585 2972 Ἀνα-

1982 2988 2315 3060 στήσονται
2340 2996 2394 3045 οἱ
2436 2994 2638 3062 νεκροὶ
2672 2994 2769 3048 καὶ
2799 2995 3227 3065 ἐγερθήσονται
3262 3002 3316 3053 οί
3346 3000 3416 3054 ἐν
3458 3002 3593 3069 τοῖς.

1974 3073 2309 3142 μνημείοις.
2343 3073 2404 3128 Ἠ
2430 3074 2538 3145 γὰρ
2570 3077 2793 3146 δρόσος
2817 3080 2855 3147 ἠ
2886 3078 3046 3147 παρὰ
3072 3080 3189 3135 σοῦ
3218 3082 3360 3151 ἴαμα
3378 3084 3584 3151 αὐτοῖς

1979 3154 2170 3210 ἐστιν.
2214 3156 2288 3209 Οὐ
2322 3156 2483 3226 μόνον
2520 3158 2576 3210 δὲ
2629 3158 2825 3224 ταῦτα,
2868 3162 2983 3215 ἀλλ’
3033 3163 3114 3216 ὄτι
3158 3165 3250 3217 καὶ
3304 3166 3443 3235 μετά
3490 3168 3582 3221 τὸν

1982 3239 2235 3311 σταυρὸν,
2291 3241 2428 3311 μετὰ
2489 3241 2589 3314 τὴν
2641 3245 2856 3316 σφαγὴν
2903 3246 3263 3320 λαμπρότερα
3309 3250 3461 3304 ἔσται
3516 3252 3582 3306 τὰ

1980 3322 2100 3376 κατ’
2129 3323 2315 3391 αὑτὸν,
2342 3324 2423 3379 ὅτι
2464 3327 2601 3396 μετά
2628 3327 2728 3398 τὴν
2765 3328 3062 3383 ἀνάστασιν
3095 3331 3294 3402 μᾶλλον
3325 3333 3580 3391 ἐπιδώσει

1978 3406 2346 3493 τὸῌκήρυγμα.
2383 3410 2602 3484 Ἐπειδὴ
2635 3412 2743 3484 γὰρ
2766 3413 2944 3485 ὲδέθη,
2974 3416 3238 3489 προεδόθη
3271 3418 3375 3471 ὑπὸ
3405 3420 3581 3493 μαθη-

1977 3490 2092 3554 τοῦ,
2153 3492 2481 3566 ἐνεπτύσθη,
2528 3495 2867 3569 ἐλοιδορήθη,
2921 3498 3299 3573 ὲμαστιγὼθη,
3355 3490 3582 3560 ἀνεσκο-

1979 3574 2232 3648 λοπίσθη,
2275 3577 2385 3631 οὐδ’
2435 3579 2516 3642 είς
2555 3579 2746 3648 τάφον,
2790 3581 2851 3634 τό
2900 3599 2963 3651 γε
3003 3586 3083 3648 είς
3128 3586 3369 3653 ἐκείνους
3418 3585 3575 3661 ἧκον,

1978 3659 2186 3731 ἡξιὼοη
2228 3662 2473 3733 τεθῆναι,
2519 3663 2588 3718 τά
2646 3666 2837 3736 ἱμάτια
2885 3668 3050 3722 αὐτοῦ
3102 3659 3479 3744 διεμερίσαντο
3527 3659 3580 3731 οἱ

1982 3745 2335 3817 στρατιῶται,
2385 3749 2479 3801 ἐπὶ
2519 3751 2725 3823 ὑποψίᾳ
2758 3753 3071 3824 τυραννίδος
3098 3754 3187 3809 τὸν
3217 3755 3329 3827 βίον
3358 3760 3581 3813 κατέλυ-

1982 3848 2093 3894 σεν,
2128 3831 2204 3894 ὡς
2235 3830 2575 3906 βλάσφημος,
2606 3836 2680 3899 ὼς
2704 3835 2968 3907 τύραννος
2990 3854 3002 3867 ‘
3032 3838 3157 3907 Πᾶς
3184 3839 3296 3911 γὰρ
3328 3846 3361 3898 ό
3391 3845 3579 3899 ποιῶν

1979 3917 2220 3982 ἑαυτὸν,
2270 3920 2425 3989 φησὶ,
2465 3919 2763 3987 βασιλέα,
2820 3923 3116 3993 ἀντιλέγει
3165 3924 3244 3992 τῷ
3286 3929 3576 4000 Καίσαρι·

1980 4002 2073 4055 καὶ
2108 4001 2291 4069 πάλιν,
2328 4004 2460 4066 Ἴδε,
2488 4003 2659 4073 ὑμεῖς
2692 4006 2999 4074 ἠκούσατε
3033 4008 3148 4077 τὴν
3169 4011 3579 4084 ,βλασφημίαν

1978 4084 2167 4139 αὑτοῦ
2187 4103 2199 4115 ·
2242 4085 2366 4139 ἐπεὶ
2394 4086 2572 4140 τοίνυν
2599 4087 2772 4143 ταῦτα
2808 4090 2984 4146 πάντα
3013 4092 3205 4164 ἔμελλε
3234 4098 3588 4167 συμϐαίνειν,

1978 4166 2257 4239 διεγείρων
2285 4168 2374 4221 τὸν
2405 4167 2682 4243 ἀκροατὴν
2716 4174 2809 4226 καὶ
2844 4173 3067 4247 θαρρεῖν
3112 4166 3593 4251 παρασκευάζων,,

1984 4251 2057 4339 μή
2088 4251 2354 4339 φοϐηθῇς,
2390 4255 2543 4325 φησὶ,
2577 4255 2782 4311 τούτων
2823 4257 3017 4317 ἕνεκαο
3058 4260 3153 4316 τοῦ
3189 4263 3297 4334 γὰρ
3331 4281 3574 4339 σταυρω-

1981 4335 2184 4425 θέντος,
2214 4337 2306 4425 τοῦ
2340 4340 2796 4425 μαστιγῶ-θέντος,
2831 4343 2926 4397 τοῦ
2956 4345 3059 4401 ὑπὸ
3097 4344 3308 4420 λῃστῶν
3339 4335 3575 4425 λοιδορή-

1977 4418 2182 4505 θέντος,
2213 4419 2308 4505 τοῦ
2347 4422 2750 4505 ἐπὶῗὺπολήψει
2802 4418 3167 4501 βλασφημίας
3193 4418 3591 4505 ἀναιρεθέντος

1974 4502 2200 4591 τοιαῦτα
2230 4502 2383 4559 ἔσται
2408 4504 2476 4558 τὰ
2504 4507 2808 4578 πράγματα
2840 4513 2978 4582 μετὰ
3003 4512 3100 4587 τὴν
3129 4513 3408 4591 τελευτὴν,
3434 4518 3572 4588 μετά

1975 4587 2072 4664 τὴν
2096 4589 2414 4653 ἀνάστασιν,
2444 4591 2522 4655 ὡς
2562 4593 2767 4666 μηδένα
2811 4596 3107 4663 ἀντειπεῖν,
3155 4600 3233 4654 ὅτι
3275 4587 3345 4659 ού
3370 4587 3588 4676 πολλῆς,

1975 4673 2358 4747 ἐμπέπλησται
2396 4676 2496 4748 τῆς
2541 4679 2727 4749 τιμῆς.
2776 4680 2948 4737 Τοῦτο
3008 4686 3140 4754 γοῦν
3188 4688 3282 4741 καὶ
3330 4673 3566 4758 ἐγένετο.

2201 4758 2265 4845 δὴ
2308 4759 2405 4815 καὶ
2449 4760 2733 4845 πόρρωθεν
2775 4770 3183 4837 προαναφωνῶν
3221 4773 3249 4824 ὁ
3283 4775 3571 4845 προφήτης

1975 4840 2186 4909 ἔλεγεν·
2223 4844 2436 4901 Ἔσται
2480 4845 2519 4912 ἡ
2542 4842 2676 4913 ῥίζα
2700 4848 2806 4901 τοῦ
2834 4851 3077 4915 Ἰεσσαὶ,
3117 4854 3215 4911 καὶ
3248 4857 3282 4908 ὀ
3317 4840 3566 4910 ἀνιστά-

1969 4942 2154 4993 μενος
2177 4925 2383 4996 ᾶρχειν
2405 4927 2595 4983 ἐθνῶν
2616 4947 2628 4961 ο
2661 4931 2754 4985 ἐπ’
2781 4933 2943 5001 αὑτῷ
2967 4935 3111 5004 ἔθνη
3141 4936 3439 5003 ἐλπιοῦσι,
3468 4942 3565 4995 καὶ

1973 5008 2143 5090 ἔσται
2167 5010 2205 5076 ὴ
2232 5009 2579 5078 ἀνάπαυσις
2604 5015 2793 5070 αὐτοῦ
2824 5017 2979 5087 τιμή.
3011 5021 3155 5079 Ὠσεὶ
3188 5020 3392 5090 ἔλεγεν·
3424 5021 3587 5079 Αὐτὸ.
3671 5050 3675 5054 ε

1972 5091 2032 5145 τὸ
2073 5089 2209 5157 εἶδος
2250 5094 2349 5163 τῆς
2382 5097 2639 5170 τελευτῆς
2683 5100 3012 5173 διαδήματός
3056 5105 3170 5159 ἐστι
3218 5089 3578 5179 τιμιώτερον..

1972 5176 2035 5231 Οἱ
2070 5176 2198 5245 γοῦν
2230 5174 2470 5247 βασιλεῖς
2506 5181 2813 5253 διαδήματα
2851 5186 3256 5258 ἀποτιθέμενοι,
3278 5174 3381 5242 ’τὸν
3410 5174 3565 5244 σταυ-

1974 5258 2066 5329 ρὸν
2088 5259 2550 5330 ἀναλαμϐάνουσι,
2580 5265 2640 5320 τὸ
2669 5266 2937 5338 σύμϐολον
2966 5269 3133 5331 αὑτοῦ
3160 5272 3261 5343 τῆς
3282 5272 3558 5345 τελευτῆς·

1969 5345 2026 5396 ἐν
2075 5346 2371 5418 πορφυρίσι
2415 5349 2665 5420 σταυρὸς,
2712 5352 2769 5403 ἐν
2813 5353 3107 5426 διαδήμασι
3170 5356 3422 5428 σταυρὸς,
3467 5360 3562 5416 ἐπὶ

1968 5428 2142 5499 εὐχῶν
2174 5432 2427 5503 σταυρὸς,
2461 5434 2554 5486 ἐπὶ
2592 5435 2772 5489 ὃπλων
2802 5442 3050 5511 σταυρὸς,
3092 5441 3185 5495 ἐπὶ
3227 5442 3324 5512 τῆς
3358 5451 3563 5519 τραπέ.

1968 5510 2067 5599 ζης
2094 5513 2372 5599 ήςλὶερᾶς
2396 5518 2649 5589 σταυρὸς,
2674 5520 2768 5572 καὶ¹
2803 5510 3079 5593 πανταχοῦ
3106 5524 3206 5595 τῆς
3234 5510 3561 5599 οἰκουμένης

1965 5597 1994 5649 ὁ
2026 5596 2254 5669 σταυρὸς
2291 5599 2430 5671 ὑπὲρ
2471 5602 2562 5654 τὸν
2598 5602 2749 5673 ἦλιον
2782 5604 3097 5678 διαλάμπει,
3151 5608 3260 5662 Καὶ
3311 5610 3481 5665 ἔσται

1965 5679 2313 5748 ἀνάπαυσις
2338 5684 2528 5739 αὐτοῦ
2568 5686 2727 5757 τιμή.

2038 5816 2106 5873 θ’,
2123 5817 2263 5871 Ἀλλ’
2297 5818 2357 5872 οὐ
2388 5819 2456 5873 τὰ
2486 5821 2801 5893 ἀνθρώπινα
2823 5826 3065 5893 τοιαῦτα,
3089 5829 3205 5883 ἀλλ’
3228 5831 3556 5897 ἀπεναντίας

1969 5902 2124 5958 εἴωθε
2150 5902 2416 5972 γίνεσθαι.
2451 5906 2676 5962 Ζώντων
2714 5910 2812 5982 μὲν
2834 5910 2942 5984 γὰρ
2973 5914 3081 5969 τῶν
3107 5915 3563 5990 εὐδοκιμούντων,
