  <div class='ocr_page' id='page_1' title='image "/cluster/home/n/w/nwhite01/storage/ocr_20150623/48:no.1:pt.2/coo.31924054869478/305.png"; bbox 0 0 3920 6362; ppageno 0'>
   <div class='ocr_carea' id='block_1_1' title="bbox 390 339 498 396">
    <p class='ocr_par' dir='ltr' id='par_1_1' title="bbox 390 339 498 396">
     <span class='ocr_line' id='line_1_1' title="bbox 390 339 498 396; baseline -0.019 0"><span class='ocrx_word' id='word_1_1' title='bbox 390 339 498 396; x_wconf 70' lang='lat'>8‘25</span> 
     </span>
    </p>
   </div>
   <div class='ocr_carea' id='block_1_2' title="bbox 384 447 1975 518">
    <p class='ocr_par' dir='ltr' id='par_1_2' title="bbox 384 447 1975 518">
     <span class='ocr_line' id='line_1_2' title="bbox 384 447 1975 518; baseline -0.009 -8"><span class='ocrx_word' id='word_1_2' title='bbox 384 456 481 510; x_wconf 68' lang='grc' dir='ltr'>καὶ</span> <span class='ocrx_word' id='word_1_3' title='bbox 511 451 580 507; x_wconf 80' lang='grc' dir='ltr'>τά</span> <span class='ocrx_word' id='word_1_4' title='bbox 613 450 839 505; x_wconf 80' lang='grc' dir='ltr'>ἐκείνων</span> <span class='ocrx_word' id='word_1_5' title='bbox 877 447 1062 502; x_wconf 72' lang='grc' dir='ltr'>ἀνθεῖο</span> <span class='ocrx_word' id='word_1_6' title='bbox 1103 448 1539 518; x_wconf 69' lang='grc' dir='ltr'>τελευτησάντων</span> <span class='ocrx_word' id='word_1_7' title='bbox 1576 447 1656 511; x_wconf 85' lang='grc' dir='ltr'>δέ,</span> <span class='ocrx_word' id='word_1_8' title='bbox 1701 459 1975 514; x_wconf 84' lang='grc' dir='ltr'>συγκατα-</span> 
     </span>
    </p>
   </div>
   <div class='ocr_carea' id='block_1_3' title="bbox 384 527 1970 593">
    <p class='ocr_par' dir='ltr' id='par_1_3' title="bbox 384 527 1970 593">
     <span class='ocr_line' id='line_1_3' title="bbox 384 527 1970 593; baseline -0.008 -2"><span class='ocrx_word' id='word_1_9' title='bbox 384 539 571 593; x_wconf 87' lang='grc' dir='ltr'>λύεται</span> <span class='ocrx_word' id='word_1_10' title='bbox 611 535 708 589; x_wconf 71' lang='grc' dir='ltr'>καὶ</span> <span class='ocrx_word' id='word_1_11' title='bbox 741 535 810 587; x_wconf 80' lang='grc' dir='ltr'>τὰ</span> <span class='ocrx_word' id='word_1_12' title='bbox 840 532 1081 587; x_wconf 85' lang='grc' dir='ltr'>ἐκείνων.</span> <span class='ocrx_word' id='word_1_13' title='bbox 1120 532 1231 585; x_wconf 78' lang='grc' dir='ltr'>Καὶ</span> <span class='ocrx_word' id='word_1_14' title='bbox 1264 531 1421 585; x_wconf 76' lang='grc' dir='ltr'>τοῦτο</span> <span class='ocrx_word' id='word_1_15' title='bbox 1446 532 1548 584; x_wconf 83' lang='grc' dir='ltr'>οὐκ</span> <span class='ocrx_word' id='word_1_16' title='bbox 1578 530 1669 582; x_wconf 75' lang='grc' dir='ltr'>ἐπὶ</span> <span class='ocrx_word' id='word_1_17' title='bbox 1694 527 1970 588; x_wconf 84' lang='grc' dir='ltr'>πλουσίου,</span> 
     </span>
    </p>
   </div>
   <div class='ocr_carea' id='block_1_4' title="bbox 384 609 1973 689">
    <p class='ocr_par' dir='ltr' id='par_1_4' title="bbox 384 609 1973 689">
     <span class='ocr_line' id='line_1_4' title="bbox 384 609 1973 689; baseline -0.011 -12"><span class='ocrx_word' id='word_1_18' title='bbox 384 623 488 677; x_wconf 77' lang='grc' dir='ltr'>οὐκ</span> <span class='ocrx_word' id='word_1_19' title='bbox 514 621 608 674; x_wconf 81' lang='grc' dir='ltr'>ἐπὶ</span> <span class='ocrx_word' id='word_1_20' title='bbox 643 619 923 689; x_wconf 77' lang='grc' dir='ltr'>ἄρχοντος,</span> <span class='ocrx_word' id='word_1_21' title='bbox 966 615 1078 668; x_wconf 83' lang='grc' dir='ltr'>ἀλλ’</span> <span class='ocrx_word' id='word_1_22' title='bbox 1111 615 1199 667; x_wconf 76' lang='grc' dir='ltr'>ἐπ’</span> <span class='ocrx_word' id='word_1_23' title='bbox 1233 613 1397 667; x_wconf 81' lang='grc' dir='ltr'>αὑτοῦ</span> <span class='ocrx_word' id='word_1_24' title='bbox 1436 612 1530 667; x_wconf 79' lang='grc' dir='ltr'>τοῦ</span> <span class='ocrx_word' id='word_1_25' title='bbox 1570 611 1831 684; x_wconf 87' lang='grc' dir='ltr'>βασιλέως</span> <span class='ocrx_word' id='word_1_26' title='bbox 1877 609 1973 664; x_wconf 83' lang='grc' dir='ltr'>ίδοι</span> 
     </span>
    </p>
   </div>
   <div class='ocr_carea' id='block_1_5' title="bbox 385 694 1973 773">
    <p class='ocr_par' dir='ltr' id='par_1_5' title="bbox 385 694 1973 773">
     <span class='ocr_line' id='line_1_5' title="bbox 385 694 1973 773; baseline -0.009 -13"><span class='ocrx_word' id='word_1_27' title='bbox 385 723 469 770; x_wconf 88' lang='grc' dir='ltr'>τις</span> <span class='ocrx_word' id='word_1_28' title='bbox 510 704 596 759; x_wconf 82' lang='grc' dir='ltr'>ἀν.</span> <span class='ocrx_word' id='word_1_29' title='bbox 649 704 758 757; x_wconf 82' lang='grc' dir='ltr'>Καὶ</span> <span class='ocrx_word' id='word_1_30' title='bbox 805 700 913 773; x_wconf 83' lang='grc' dir='ltr'>γάρ</span> <span class='ocrx_word' id='word_1_31' title='bbox 952 701 1048 753; x_wconf 68' lang='grc' dir='ltr'>καὶ</span> <span class='ocrx_word' id='word_1_32' title='bbox 1076 700 1124 752; x_wconf 80' lang='grc' dir='ltr'>οἱ</span> <span class='ocrx_word' id='word_1_33' title='bbox 1176 698 1330 769; x_wconf 82' lang='grc' dir='ltr'>νόμοι</span> <span class='ocrx_word' id='word_1_34' title='bbox 1376 697 1558 751; x_wconf 77' lang='grc' dir='ltr'>αὐτῶν</span> <span class='ocrx_word' id='word_1_35' title='bbox 1593 694 1973 757; x_wconf 87' lang='grc' dir='ltr'>καταλύονται,</span> 
     </span>
    </p>
   </div>
   <div class='ocr_carea' id='block_1_6' title="bbox 387 774 1974 854">
    <p class='ocr_par' dir='ltr' id='par_1_6' title="bbox 387 774 1974 854">
     <span class='ocr_line' id='line_1_6' title="bbox 387 774 1974 854; baseline -0.009 -11"><span class='ocrx_word' id='word_1_36' title='bbox 387 790 483 843; x_wconf 78' lang='grc' dir='ltr'>καί</span> <span class='ocrx_word' id='word_1_37' title='bbox 529 788 584 841; x_wconf 88' lang='grc' dir='ltr'>αί</span> <span class='ocrx_word' id='word_1_38' title='bbox 627 785 833 847; x_wconf 87' lang='grc' dir='ltr'>είκόνες</span> <span class='ocrx_word' id='word_1_39' title='bbox 876 782 1271 854; x_wconf 74' lang='grc' dir='ltr'>ἀμαυροῦνται,</span> <span class='ocrx_word' id='word_1_40' title='bbox 1322 781 1417 833; x_wconf 75' lang='grc' dir='ltr'>καί</span> <span class='ocrx_word' id='word_1_41' title='bbox 1468 782 1503 850; x_wconf 82' lang='grc' dir='ltr'><strong>ἡ</strong></span> <span class='ocrx_word' id='word_1_42' title='bbox 1549 780 1738 850; x_wconf 87' lang='grc' dir='ltr'>μνήμη</span> <span class='ocrx_word' id='word_1_43' title='bbox 1794 774 1974 830; x_wconf 78' lang='grc' dir='ltr'>αὐτῶν</span> 
     </span>
    </p>
   </div>
   <div class='ocr_carea' id='block_1_7' title="bbox 388 862 1978 936">
    <p class='ocr_par' dir='ltr' id='par_1_7' title="bbox 388 862 1978 936">
     <span class='ocr_line' id='line_1_7' title="bbox 388 862 1978 936; baseline -0.009 -10"><span class='ocrx_word' id='word_1_44' title='bbox 388 871 694 934; x_wconf 82' lang='grc' dir='ltr'>σϐέννυται,</span> <span class='ocrx_word' id='word_1_45' title='bbox 718 868 813 922; x_wconf 73' lang='grc' dir='ltr'>καὶ</span> <span class='ocrx_word' id='word_1_46' title='bbox 843 867 903 919; x_wconf 89' lang='grc' dir='ltr'>τὸ</span> <span class='ocrx_word' id='word_1_47' title='bbox 931 866 1101 935; x_wconf 75' lang='grc' dir='ltr'>ὄνομα</span> <span class='ocrx_word' id='word_1_48' title='bbox 1128 864 1309 919; x_wconf 85' lang='grc' dir='ltr'>αὐτῶν</span> <span class='ocrx_word' id='word_1_49' title='bbox 1338 866 1397 917; x_wconf 91' lang='grc' dir='ltr'>ἐν</span> <span class='ocrx_word' id='word_1_50' title='bbox 1425 863 1586 936; x_wconf 83' lang='grc' dir='ltr'>λήθῃ,</span> <span class='ocrx_word' id='word_1_51' title='bbox 1611 862 1706 915; x_wconf 75' lang='grc' dir='ltr'>καὶ</span> <span class='ocrx_word' id='word_1_52' title='bbox 1732 862 1781 915; x_wconf 88' lang='grc' dir='ltr'>οί</span> <span class='ocrx_word' id='word_1_53' title='bbox 1809 875 1978 931; x_wconf 88' lang='grc' dir='ltr'>προσ-</span> 
     </span>
    </p>
   </div>
   <div class='ocr_carea' id='block_1_8' title="bbox 358 938 1979 1028">
    <p class='ocr_par' dir='ltr' id='par_1_8' title="bbox 358 938 1979 1028">
     <span class='ocr_line' id='line_1_8' title="bbox 358 938 1979 1028; baseline -0.009 -18"><span class='ocrx_word' id='word_1_54' title='bbox 358 938 613 1028; x_wconf 68' lang='grc' dir='ltr'>’ήκοντες</span> <span class='ocrx_word' id='word_1_55' title='bbox 652 950 711 1006; x_wconf 82' lang='grc' dir='ltr'>ἐν</span> <span class='ocrx_word' id='word_1_56' title='bbox 735 950 1159 1021; x_wconf 83' lang='grc' dir='ltr'>καταφρονήσει,</span> <span class='ocrx_word' id='word_1_57' title='bbox 1190 947 1414 1002; x_wconf 78' lang='grc' dir='ltr'>ἐκείνων</span> <span class='ocrx_word' id='word_1_58' title='bbox 1451 947 1558 1001; x_wconf 85' lang='grc' dir='ltr'>τῶν</span> <span class='ocrx_word' id='word_1_59' title='bbox 1596 946 1734 1000; x_wconf 82' lang='grc' dir='ltr'>ὅπλα</span> <span class='ocrx_word' id='word_1_60' title='bbox 1767 942 1979 999; x_wconf 88' lang='grc' dir='ltr'>κινούν-</span> 
     </span>
    </p>
   </div>
   <div class='ocr_carea' id='block_1_9' title="bbox 386 1025 1979 1105">
    <p class='ocr_par' dir='ltr' id='par_1_9' title="bbox 386 1025 1979 1105">
     <span class='ocr_line' id='line_1_9' title="bbox 386 1025 1979 1105; baseline -0.008 -13"><span class='ocrx_word' id='word_1_61' title='bbox 386 1025 516 1103; x_wconf 78' lang='grc' dir='ltr'>των,</span> <span class='ocrx_word' id='word_1_62' title='bbox 547 1037 655 1090; x_wconf 90' lang='grc' dir='ltr'>τῶν</span> <span class='ocrx_word' id='word_1_63' title='bbox 695 1034 773 1105; x_wconf 85' lang='grc' dir='ltr'>τῷ</span> <span class='ocrx_word' id='word_1_64' title='bbox 816 1032 1046 1103; x_wconf 83' lang='grc' dir='ltr'>νεύματι</span> <span class='ocrx_word' id='word_1_65' title='bbox 1092 1031 1490 1103; x_wconf 79' lang='grc' dir='ltr'>μετατιθέντων</span> <span class='ocrx_word' id='word_1_66' title='bbox 1529 1031 1715 1101; x_wconf 84' lang='grc' dir='ltr'>δήμων</span> <span class='ocrx_word' id='word_1_67' title='bbox 1749 1027 1846 1082; x_wconf 73' lang='grc' dir='ltr'>καὶ</span> <span class='ocrx_word' id='word_1_68' title='bbox 1882 1025 1979 1079; x_wconf 84' lang='grc' dir='ltr'>πό-</span> 
     </span>
    </p>
   </div>
   <div class='ocr_carea' id='block_1_10' title="bbox 386 1110 1977 1190">
    <p class='ocr_par' dir='ltr' id='par_1_10' title="bbox 386 1110 1977 1190">
     <span class='ocr_line' id='line_1_10' title="bbox 386 1110 1977 1190; baseline -0.008 -15"><span class='ocrx_word' id='word_1_69' title='bbox 386 1120 523 1175; x_wconf 88' lang='grc' dir='ltr'>λεων</span> <span class='ocrx_word' id='word_1_70' title='bbox 555 1118 649 1173; x_wconf 74' lang='grc' dir='ltr'>καὶ</span> <span class='ocrx_word' id='word_1_71' title='bbox 695 1116 844 1190; x_wconf 73' lang='grc'>[570]</span> <span class='ocrx_word' id='word_1_72' title='bbox 888 1116 1231 1188; x_wconf 75' lang='grc' dir='ltr'>πραγμάτων</span> <span class='ocrx_word' id='word_1_73' title='bbox 1261 1114 1645 1175; x_wconf 77' lang='grc' dir='ltr'>καταστάσεις,</span> <span class='ocrx_word' id='word_1_74' title='bbox 1681 1110 1793 1165; x_wconf 83' lang='grc' dir='ltr'>τῶν</span> <span class='ocrx_word' id='word_1_75' title='bbox 1822 1110 1977 1164; x_wconf 87' lang='grc' dir='ltr'>ἀναι-</span> 
     </span>
    </p>
   </div>
   <div class='ocr_carea' id='block_1_11' title="bbox 391 1193 1978 1276">
    <p class='ocr_par' dir='ltr' id='par_1_11' title="bbox 391 1193 1978 1276">
     <span class='ocr_line' id='line_1_11' title="bbox 391 1193 1978 1276; baseline -0.008 -19"><span class='ocrx_word' id='word_1_76' title='bbox 391 1207 502 1276; x_wconf 86' lang='grc' dir='ltr'>ρεῖν</span> <span class='ocrx_word' id='word_1_77' title='bbox 537 1203 767 1274; x_wconf 82' lang='grc' dir='ltr'>κυρίων,</span> <span class='ocrx_word' id='word_1_78' title='bbox 811 1200 920 1254; x_wconf 84' lang='grc' dir='ltr'>τῶν</span> <span class='ocrx_word' id='word_1_79' title='bbox 967 1198 1352 1271; x_wconf 77' lang='grc' dir='ltr'>ἀπαγομένους</span> <span class='ocrx_word' id='word_1_80' title='bbox 1398 1194 1785 1252; x_wconf 82' lang='grc' dir='ltr'>ἀνακαλεῖσθαι</span> <span class='ocrx_word' id='word_1_81' title='bbox 1820 1193 1978 1247; x_wconf 91' lang='grc' dir='ltr'>δυνα-</span> 
     </span>
    </p>
   </div>
   <div class='ocr_carea' id='block_1_12' title="bbox 391 1276 1981 1360">
    <p class='ocr_par' dir='ltr' id='par_1_12' title="bbox 391 1276 1981 1360">
     <span class='ocr_line' id='line_1_12' title="bbox 391 1276 1981 1360; baseline -0.007 -20"><span class='ocrx_word' id='word_1_82' title='bbox 391 1288 587 1360; x_wconf 87' lang='grc' dir='ltr'>μένων.</span> <span class='ocrx_word' id='word_1_83' title='bbox 632 1285 769 1339; x_wconf 82' lang='grc' dir='ltr'>Ἀλλ’</span> <span class='ocrx_word' id='word_1_84' title='bbox 804 1285 953 1355; x_wconf 84' lang='grc' dir='ltr'>ὅμως</span> <span class='ocrx_word' id='word_1_85' title='bbox 995 1283 1212 1338; x_wconf 74' lang='grc' dir='ltr'>ἅπαντα</span> <span class='ocrx_word' id='word_1_86' title='bbox 1255 1280 1607 1342; x_wconf 84' lang='grc' dir='ltr'>καταλύεται,</span> <span class='ocrx_word' id='word_1_87' title='bbox 1652 1279 1702 1332; x_wconf 87' lang='grc' dir='ltr'>εί</span> <span class='ocrx_word' id='word_1_88' title='bbox 1747 1277 1845 1332; x_wconf 82' lang='grc' dir='ltr'>καί</span> <span class='ocrx_word' id='word_1_89' title='bbox 1866 1276 1981 1348; x_wconf 75' lang='grc' dir='ltr'>’πρὸ</span> 
     </span>
    </p>
   </div>
   <div class='ocr_carea' id='block_1_13' title="bbox 385 1361 1979 1440">
    <p class='ocr_par' dir='ltr' id='par_1_13' title="bbox 385 1361 1979 1440">
     <span class='ocr_line' id='line_1_13' title="bbox 385 1361 1979 1440; baseline -0.008 -14"><span class='ocrx_word' id='word_1_90' title='bbox 385 1370 578 1425; x_wconf 89' lang='grc' dir='ltr'>τούτου</span> <span class='ocrx_word' id='word_1_91' title='bbox 620 1370 915 1440; x_wconf 81' lang='grc' dir='ltr'>εὐδοκίμει.</span> <span class='ocrx_word' id='word_1_92' title='bbox 964 1368 1089 1422; x_wconf 83' lang='grc' dir='ltr'>Ἐπί</span> <span class='ocrx_word' id='word_1_93' title='bbox 1125 1366 1181 1421; x_wconf 84' lang='grc' dir='ltr'>δὲ</span> <span class='ocrx_word' id='word_1_94' title='bbox 1215 1365 1309 1421; x_wconf 79' lang='grc' dir='ltr'>τοῦ</span> <span class='ocrx_word' id='word_1_95' title='bbox 1351 1363 1589 1437; x_wconf 77' lang='grc' dir='ltr'>Χριστοῦ</span> <span class='ocrx_word' id='word_1_96' title='bbox 1617 1363 1727 1416; x_wconf 81' lang='grc' dir='ltr'>πᾶν</span> <span class='ocrx_word' id='word_1_97' title='bbox 1757 1361 1979 1415; x_wconf 80' lang='grc' dir='ltr'>τούναν-</span> 
     </span>
    </p>
   </div>
   <div class='ocr_carea' id='block_1_14' title="bbox 384 1444 1981 1527">
    <p class='ocr_par' dir='ltr' id='par_1_14' title="bbox 384 1444 1981 1527">
     <span class='ocr_line' id='line_1_14' title="bbox 384 1444 1981 1527; baseline -0.01 -16"><span class='ocrx_word' id='word_1_98' title='bbox 384 1456 523 1510; x_wconf 87' lang='grc' dir='ltr'>τίον.</span> <span class='ocrx_word' id='word_1_99' title='bbox 547 1454 660 1527; x_wconf 90' lang='grc' dir='ltr'>Πρὸ</span> <span class='ocrx_word' id='word_1_100' title='bbox 684 1453 782 1525; x_wconf 80' lang='grc' dir='ltr'>μὲν</span> <span class='ocrx_word' id='word_1_101' title='bbox 801 1451 910 1525; x_wconf 80' lang='grc' dir='ltr'>γάρ</span> <span class='ocrx_word' id='word_1_102' title='bbox 938 1450 1170 1523; x_wconf 78' lang='grc' dir='ltr'>σταυροῦ</span> <span class='ocrx_word' id='word_1_103' title='bbox 1197 1451 1256 1504; x_wconf 83' lang='grc' dir='ltr'>ἐν</span> <span class='ocrx_word' id='word_1_104' title='bbox 1284 1446 1560 1520; x_wconf 73' lang='grc' dir='ltr'>κατηφείᾳ</span> <span class='ocrx_word' id='word_1_105' title='bbox 1587 1446 1656 1499; x_wconf 81' lang='grc' dir='ltr'>τά</span> <span class='ocrx_word' id='word_1_106' title='bbox 1680 1444 1981 1527; x_wconf 84' lang='grc' dir='ltr'>πράγματα</span> 
     </span>
    </p>
   </div>
   <div class='ocr_carea' id='block_1_15' title="bbox 385 1526 1981 1613">
    <p class='ocr_par' dir='ltr' id='par_1_15' title="bbox 385 1526 1981 1613">
     <span class='ocr_line' id='line_1_15' title="bbox 385 1526 1981 1613; baseline -0.01 -18"><span class='ocrx_word' id='word_1_107' title='bbox 385 1535 477 1613; x_wconf 84' lang='grc' dir='ltr'>ἦν,</span> <span class='ocrx_word' id='word_1_108' title='bbox 516 1526 716 1601; x_wconf 80' lang='grc' dir='ltr'>Ἰούδας</span> <span class='ocrx_word' id='word_1_109' title='bbox 763 1537 1061 1608; x_wconf 78' lang='grc' dir='ltr'>προέδωκε,</span> <span class='ocrx_word' id='word_1_110' title='bbox 1112 1534 1319 1605; x_wconf 79' lang='grc' dir='ltr'>Πέτρος</span> <span class='ocrx_word' id='word_1_111' title='bbox 1368 1532 1666 1613; x_wconf 72' lang='grc' dir='ltr'>ἠρνήσατο,</span> <span class='ocrx_word' id='word_1_112' title='bbox 1714 1529 1763 1582; x_wconf 88' lang='grc' dir='ltr'>οί</span> <span class='ocrx_word' id='word_1_113' title='bbox 1803 1526 1981 1613; x_wconf 79' lang='grc' dir='ltr'>λοιποὶ</span> 
     </span>
    </p>
   </div>
   <div class='ocr_carea' id='block_1_16' title="bbox 388 1610 1980 1694">
    <p class='ocr_par' dir='ltr' id='par_1_16' title="bbox 388 1610 1980 1694">
     <span class='ocr_line' id='line_1_16' title="bbox 388 1610 1980 1694; baseline -0.009 -17"><span class='ocrx_word' id='word_1_114' title='bbox 388 1610 626 1694; x_wconf 81' lang='grc' dir='ltr'>φυγάδες</span> <span class='ocrx_word' id='word_1_115' title='bbox 649 1620 914 1690; x_wconf 85' lang='grc' dir='ltr'>ἐγένοντο,</span> <span class='ocrx_word' id='word_1_116' title='bbox 944 1619 1103 1691; x_wconf 84' lang='grc' dir='ltr'>μόνος</span> <span class='ocrx_word' id='word_1_117' title='bbox 1130 1616 1332 1689; x_wconf 78' lang='grc' dir='ltr'>μεταξὺ</span> <span class='ocrx_word' id='word_1_118' title='bbox 1362 1615 1470 1668; x_wconf 90' lang='grc' dir='ltr'>τῶν</span> <span class='ocrx_word' id='word_1_119' title='bbox 1496 1612 1707 1685; x_wconf 79' lang='grc' dir='ltr'>ἐχθρῶν</span> <span class='ocrx_word' id='word_1_120' title='bbox 1730 1610 1980 1681; x_wconf 85' lang='grc' dir='ltr'>ἀπελαμ-</span> 
     </span>
    </p>
   </div>
   <div class='ocr_carea' id='block_1_17' title="bbox 388 1693 1978 1768">
    <p class='ocr_par' dir='ltr' id='par_1_17' title="bbox 388 1693 1978 1768">
     <span class='ocr_line' id='line_1_17' title="bbox 388 1693 1978 1768; baseline -0.008 -8"><span class='ocrx_word' id='word_1_121' title='bbox 388 1693 603 1767; x_wconf 82' lang='grc' dir='ltr'>ϐἀνετο,</span> <span class='ocrx_word' id='word_1_122' title='bbox 641 1702 828 1756; x_wconf 73' lang='grc' dir='ltr'>πολλοὶ</span> <span class='ocrx_word' id='word_1_123' title='bbox 867 1700 1259 1762; x_wconf 83' lang='grc' dir='ltr'>πιστεύσαντες</span> <span class='ocrx_word' id='word_1_124' title='bbox 1287 1697 1529 1768; x_wconf 82' lang='grc' dir='ltr'>ἀπῆλθον</span> <span class='ocrx_word' id='word_1_125' title='bbox 1559 1698 1638 1760; x_wconf 88' lang='grc' dir='ltr'>εἰς</span> <span class='ocrx_word' id='word_1_126' title='bbox 1672 1693 1740 1748; x_wconf 90' lang='grc' dir='ltr'>τά</span> <span class='ocrx_word' id='word_1_127' title='bbox 1784 1694 1978 1747; x_wconf 83' lang='grc' dir='ltr'>ὀπίσω.</span> 
     </span>
    </p>
   </div>
   <div class='ocr_carea' id='block_1_18' title="bbox 400 1776 1982 1860">
    <p class='ocr_par' dir='ltr' id='par_1_18' title="bbox 400 1776 1982 1860">
     <span class='ocr_line' id='line_1_18' title="bbox 400 1776 1982 1860; baseline -0.009 -17"><span class='ocrx_word' id='word_1_128' title='bbox 400 1787 621 1860; x_wconf 80' lang='grc' dir='ltr'>Ἐπειδὴ</span> <span class='ocrx_word' id='word_1_129' title='bbox 663 1785 722 1840; x_wconf 83' lang='grc' dir='ltr'>δὲ</span> <span class='ocrx_word' id='word_1_130' title='bbox 761 1788 975 1857; x_wconf 72' lang='grc' dir='ltr'>ἐσφάγη</span> <span class='ocrx_word' id='word_1_131' title='bbox 1027 1784 1120 1839; x_wconf 61' lang='grc' dir='ltr'>καὶ¹</span> <span class='ocrx_word' id='word_1_132' title='bbox 1155 1782 1528 1854; x_wconf 86' lang='grc' dir='ltr'>ἐτελεύτησεν,</span> <span class='ocrx_word' id='word_1_133' title='bbox 1567 1780 1656 1834; x_wconf 71' lang='lat' dir='ltr'>Eva</span> <span class='ocrx_word' id='word_1_134' title='bbox 1687 1776 1864 1850; x_wconf 83' lang='grc' dir='ltr'>μάθῃς</span> <span class='ocrx_word' id='word_1_135' title='bbox 1898 1776 1982 1860; x_wconf 82' lang='grc' dir='ltr'>ὅτι</span> 
     </span>
    </p>
   </div>
   <div class='ocr_carea' id='block_1_19' title="bbox 386 1859 1984 1945">
    <p class='ocr_par' dir='ltr' id='par_1_19' title="bbox 386 1859 1984 1945">
     <span class='ocr_line' id='line_1_19' title="bbox 386 1859 1984 1945; baseline -0.013 -15"><span class='ocrx_word' id='word_1_136' title='bbox 386 1876 450 1930; x_wconf 81' lang='grc' dir='ltr'>οὐ</span> <span class='ocrx_word' id='word_1_137' title='bbox 472 1859 626 1945; x_wconf 78' lang='grc' dir='ltr'>ψιλὸς</span> <span class='ocrx_word' id='word_1_138' title='bbox 653 1870 938 1944; x_wconf 78' lang='grc' dir='ltr'>ἄνθρωπός</span> <span class='ocrx_word' id='word_1_139' title='bbox 965 1886 1051 1932; x_wconf 87' lang='grc' dir='ltr'>τις</span> <span class='ocrx_word' id='word_1_140' title='bbox 1078 1863 1146 1938; x_wconf 76' lang='grc' dir='ltr'>ἦν</span> <span class='ocrx_word' id='word_1_141' title='bbox 1174 1869 1203 1921; x_wconf 87' lang='grc' dir='ltr'>ὁ</span> <span class='ocrx_word' id='word_1_142' title='bbox 1229 1864 1585 1937; x_wconf 76' lang='grc' dir='ltr'>σταυρωθεὶς,</span> <span class='ocrx_word' id='word_1_143' title='bbox 1615 1862 1710 1917; x_wconf 71' lang='grc' dir='ltr'>καὶ</span> <span class='ocrx_word' id='word_1_144' title='bbox 1735 1859 1984 1945; x_wconf 71' lang='grc' dir='ltr'>λαμπρό-</span> 
     </span>
    </p>
   </div>
   <div class='ocr_carea' id='block_1_20' title="bbox 387 1941 1977 2028">
    <p class='ocr_par' dir='ltr' id='par_1_20' title="bbox 387 1941 1977 2028">
     <span class='ocr_line' id='line_1_20' title="bbox 387 1941 1977 2028; baseline -0.01 -17"><span class='ocrx_word' id='word_1_145' title='bbox 387 1941 523 2028; x_wconf 81' lang='grc' dir='ltr'>τερα</span> <span class='ocrx_word' id='word_1_146' title='bbox 561 1956 656 2009; x_wconf 82' lang='grc' dir='ltr'>καὶ</span> <span class='ocrx_word' id='word_1_147' title='bbox 696 1941 1026 2025; x_wconf 69' lang='grc' dir='ltr'>φαιδρότερι.</span> <span class='ocrx_word' id='word_1_148' title='bbox 1064 1951 1255 2021; x_wconf 85' lang='grc' dir='ltr'>γέγονε</span> <span class='ocrx_word' id='word_1_149' title='bbox 1296 1949 1392 2002; x_wconf 70' lang='grc' dir='ltr'>καὶ</span> <span class='ocrx_word' id='word_1_150' title='bbox 1436 1945 1742 2017; x_wconf 71' lang='grc' dir='ltr'>ὑψηλότερα</span> <span class='ocrx_word' id='word_1_151' title='bbox 1759 1941 1977 2028; x_wconf 39' lang='grc' dir='ltr'>ῌπολλῷ.</span> 
     </span>
    </p>
   </div>
   <div class='ocr_carea' id='block_1_21' title="bbox 402 2025 1985 2112">
    <p class='ocr_par' dir='ltr' id='par_1_21' title="bbox 402 2025 1985 2112">
     <span class='ocr_line' id='line_1_21' title="bbox 402 2025 1985 2112; baseline -0.012 -16"><span class='ocrx_word' id='word_1_152' title='bbox 402 2025 464 2096; x_wconf 66' lang='grc' dir='ltr'>’ὁ</span> <span class='ocrx_word' id='word_1_153' title='bbox 498 2041 595 2112; x_wconf 88' lang='grc' dir='ltr'>μέν</span> <span class='ocrx_word' id='word_1_154' title='bbox 615 2034 707 2093; x_wconf 74' lang='grc' dir='ltr'>οὖν</span> <span class='ocrx_word' id='word_1_155' title='bbox 739 2038 1034 2109; x_wconf 77' lang='grc' dir='ltr'>κορυφαῖος</span> <span class='ocrx_word' id='word_1_156' title='bbox 1068 2034 1175 2089; x_wconf 89' lang='grc' dir='ltr'>τῶν</span> <span class='ocrx_word' id='word_1_157' title='bbox 1215 2031 1530 2087; x_wconf 82' lang='grc' dir='ltr'>ἀποστόλων</span> <span class='ocrx_word' id='word_1_158' title='bbox 1559 2029 1665 2112; x_wconf 86' lang='grc' dir='ltr'>πρὸ</span> <span class='ocrx_word' id='word_1_159' title='bbox 1690 2025 1786 2081; x_wconf 81' lang='grc' dir='ltr'>τοῦ</span> <span class='ocrx_word' id='word_1_160' title='bbox 1818 2042 1985 2112; x_wconf 76' lang='grc' dir='ltr'>σταυ·</span> 
     </span>
    </p>
   </div>
   <div class='ocr_carea' id='block_1_22' title="bbox 392 2109 1983 2199">
    <p class='ocr_par' dir='ltr' id='par_1_22' title="bbox 392 2109 1983 2199">
     <span class='ocr_line' id='line_1_22' title="bbox 392 2109 1983 2199; baseline -0.011 -20"><span class='ocrx_word' id='word_1_161' title='bbox 392 2109 654 2199; x_wconf 60' lang='grc' dir='ltr'>ρούούδέ</span> <span class='ocrx_word' id='word_1_162' title='bbox 692 2118 940 2193; x_wconf 81' lang='grc' dir='ltr'>θυρωροῦ</span> <span class='ocrx_word' id='word_1_163' title='bbox 985 2117 1214 2189; x_wconf 84' lang='grc' dir='ltr'>ἀπειλὴν</span> <span class='ocrx_word' id='word_1_164' title='bbox 1252 2116 1524 2199; x_wconf 68' lang='grc' dir='ltr'>ἤνεγκεν,</span> <span class='ocrx_word' id='word_1_165' title='bbox 1546 2111 1682 2199; x_wconf 75' lang='grc' dir='ltr'>ἀλλά</span> <span class='ocrx_word' id='word_1_166' title='bbox 1720 2109 1857 2183; x_wconf 85' lang='grc' dir='ltr'>μετά</span> <span class='ocrx_word' id='word_1_167' title='bbox 1897 2126 1983 2199; x_wconf 49' lang='grc' dir='ltr'>τος</span> 
     </span>
    </p>
   </div>
   <div class='ocr_carea' id='block_1_23' title="bbox 393 2190 1985 2278">
    <p class='ocr_par' dir='ltr' id='par_1_23' title="bbox 393 2190 1985 2278">
     <span class='ocr_line' id='line_1_23' title="bbox 393 2190 1985 2278; baseline -0.011 -16"><span class='ocrx_word' id='word_1_168' title='bbox 393 2190 595 2278; x_wconf 71' lang='grc' dir='ltr'>σαύτην</span> <span class='ocrx_word' id='word_1_169' title='bbox 631 2190 1015 2277; x_wconf 79' lang='grc' dir='ltr'>μυσταγωγίαν</span> <span class='ocrx_word' id='word_1_170' title='bbox 1047 2201 1248 2273; x_wconf 74' lang='grc' dir='ltr'>ἔφησεν</span> <span class='ocrx_word' id='word_1_171' title='bbox 1278 2198 1438 2253; x_wconf 73' lang='grc' dir='ltr'>αὐτὸν</span> <span class='ocrx_word' id='word_1_172' title='bbox 1468 2197 1544 2269; x_wconf 84' lang='grc' dir='ltr'>μὴ</span> <span class='ocrx_word' id='word_1_173' title='bbox 1577 2195 1775 2249; x_wconf 85' lang='grc' dir='ltr'>εἰδέναι</span> <span class='ocrx_word' id='word_1_174' title='bbox 1794 2210 1808 2226; x_wconf 78' lang='grc' dir='ltr'><strong>ο</strong></span> <span class='ocrx_word' id='word_1_175' title='bbox 1846 2190 1985 2278; x_wconf 76' lang='grc' dir='ltr'>μετά</span> 
     </span>
    </p>
   </div>
   <div class='ocr_carea' id='block_1_24' title="bbox 390 2277 1984 2361">
    <p class='ocr_par' dir='ltr' id='par_1_24' title="bbox 390 2277 1984 2361">
     <span class='ocr_line' id='line_1_24' title="bbox 390 2277 1984 2361; baseline -0.011 -15"><span class='ocrx_word' id='word_1_176' title='bbox 390 2291 449 2346; x_wconf 86' lang='grc' dir='ltr'>δὲ</span> <span class='ocrx_word' id='word_1_177' title='bbox 482 2277 572 2344; x_wconf 86' lang='grc' dir='ltr'>τὸν</span> <span class='ocrx_word' id='word_1_178' title='bbox 604 2287 835 2361; x_wconf 85' lang='grc' dir='ltr'>σταυρὸν</span> <span class='ocrx_word' id='word_1_179' title='bbox 871 2284 969 2358; x_wconf 81' lang='grc' dir='ltr'>τὴν</span> <span class='ocrx_word' id='word_1_180' title='bbox 1005 2283 1330 2355; x_wconf 78' lang='grc' dir='ltr'>οἰκουμένην</span> <span class='ocrx_word' id='word_1_181' title='bbox 1370 2281 1763 2353; x_wconf 87' lang='grc' dir='ltr'>περιέδραμεν·</span> <span class='ocrx_word' id='word_1_182' title='bbox 1802 2277 1984 2331; x_wconf 74' lang='grc' dir='ltr'>ἐντεῦ-</span> 
     </span>
    </p>
   </div>
   <div class='ocr_carea' id='block_1_25' title="bbox 392 2362 1983 2445">
    <p class='ocr_par' dir='ltr' id='par_1_25' title="bbox 392 2362 1983 2445">
     <span class='ocr_line' id='line_1_25' title="bbox 392 2362 1983 2445; baseline -0.01 -17"><span class='ocrx_word' id='word_1_183' title='bbox 392 2376 487 2428; x_wconf 88' lang='grc' dir='ltr'>θεν</span> <span class='ocrx_word' id='word_1_184' title='bbox 544 2371 727 2445; x_wconf 90' lang='grc' dir='ltr'>μυρίοι</span> <span class='ocrx_word' id='word_1_185' title='bbox 779 2370 942 2443; x_wconf 82' lang='grc' dir='ltr'>δῆμοι</span> <span class='ocrx_word' id='word_1_186' title='bbox 1001 2367 1296 2441; x_wconf 91' lang='grc' dir='ltr'>μαρτύρων</span> <span class='ocrx_word' id='word_1_187' title='bbox 1345 2365 1685 2436; x_wconf 74' lang='grc' dir='ltr'>ἐσφάγησαν,</span> <span class='ocrx_word' id='word_1_188' title='bbox 1740 2362 1983 2433; x_wconf 75' lang='grc' dir='ltr'>ἑλόμενοι</span> 
     </span>
    </p>
   </div>
   <div class='ocr_carea' id='block_1_26' title="bbox 396 2445 1986 2529">
    <p class='ocr_par' dir='ltr' id='par_1_26' title="bbox 396 2445 1986 2529">
     <span class='ocr_line' id='line_1_26' title="bbox 396 2445 1986 2529; baseline -0.009 -16"><span class='ocrx_word' id='word_1_189' title='bbox 396 2457 594 2529; x_wconf 80' lang='grc' dir='ltr'>μᾶλλον</span> <span class='ocrx_word' id='word_1_190' title='bbox 628 2456 941 2519; x_wconf 86' lang='grc' dir='ltr'>ἀποθανεῖν,</span> <span class='ocrx_word' id='word_1_191' title='bbox 968 2452 1003 2524; x_wconf 77' lang='grc' dir='ltr'>ἦ</span> <span class='ocrx_word' id='word_1_192' title='bbox 1037 2450 1374 2522; x_wconf 76' lang='grc' dir='ltr'>φθέγξασθαι</span> <span class='ocrx_word' id='word_1_193' title='bbox 1421 2449 1565 2522; x_wconf 78' lang='grc' dir='ltr'>άπερ</span> <span class='ocrx_word' id='word_1_194' title='bbox 1614 2445 1917 2519; x_wconf 81' lang='grc' dir='ltr'>ἐφθέγξατο</span> <span class='ocrx_word' id='word_1_195' title='bbox 1957 2448 1986 2498; x_wconf 85' lang='grc' dir='ltr'>ὁ</span> 
     </span>
    </p>
   </div>
   <div class='ocr_carea' id='block_1_27' title="bbox 391 2531 1987 2614">
    <p class='ocr_par' dir='ltr' id='par_1_27' title="bbox 391 2531 1987 2614">
     <span class='ocr_line' id='line_1_27' title="bbox 391 2531 1987 2614; baseline -0.008 -19"><span class='ocrx_word' id='word_1_196' title='bbox 391 2542 687 2614; x_wconf 78' lang='grc' dir='ltr'>κορυφαῖος</span> <span class='ocrx_word' id='word_1_197' title='bbox 709 2538 817 2593; x_wconf 88' lang='grc' dir='ltr'>τῶν</span> <span class='ocrx_word' id='word_1_198' title='bbox 839 2536 1170 2599; x_wconf 88' lang='grc' dir='ltr'>ἀποστόλων,</span> <span class='ocrx_word' id='word_1_199' title='bbox 1199 2536 1327 2607; x_wconf 79' lang='grc' dir='ltr'>μιᾶς</span> <span class='ocrx_word' id='word_1_200' title='bbox 1353 2531 1602 2607; x_wconf 88' lang='grc' dir='ltr'>θυρωροῦ</span> <span class='ocrx_word' id='word_1_201' title='bbox 1625 2531 1806 2594; x_wconf 86' lang='grc' dir='ltr'>δείσας</span> <span class='ocrx_word' id='word_1_202' title='bbox 1829 2532 1958 2614; x_wconf 86' lang='grc' dir='ltr'>ἀπει</span> <span class='ocrx_word' id='word_1_203' title='bbox 1975 2559 1987 2570; x_wconf 91' lang='lat'><strong>-</strong></span> 
     </span>
    </p>
   </div>
   <div class='ocr_carea' id='block_1_28' title="bbox 392 2613 1987 2696">
    <p class='ocr_par' dir='ltr' id='par_1_28' title="bbox 392 2613 1987 2696">
     <span class='ocr_line' id='line_1_28' title="bbox 392 2613 1987 2696; baseline -0.007 -19"><span class='ocrx_word' id='word_1_204' title='bbox 392 2623 514 2696; x_wconf 89' lang='grc' dir='ltr'>λήν.</span> <span class='ocrx_word' id='word_1_205' title='bbox 551 2622 738 2686; x_wconf 73' lang='grc' dir='ltr'>Οὕτως</span> <span class='ocrx_word' id='word_1_206' title='bbox 773 2620 832 2686; x_wconf 81' lang='grc' dir='ltr'>ἐξ</span> <span class='ocrx_word' id='word_1_207' title='bbox 864 2620 1073 2675; x_wconf 87' lang='grc' dir='ltr'>ἐκείνου</span> <span class='ocrx_word' id='word_1_208' title='bbox 1112 2620 1286 2673; x_wconf 83' lang='grc' dir='ltr'>πᾶσαι</span> <span class='ocrx_word' id='word_1_209' title='bbox 1317 2616 1491 2689; x_wconf 81' lang='grc' dir='ltr'>χῶραι</span> <span class='ocrx_word' id='word_1_210' title='bbox 1538 2616 1636 2671; x_wconf 75' lang='grc' dir='ltr'>καὶ</span> <span class='ocrx_word' id='word_1_211' title='bbox 1679 2617 1849 2669; x_wconf 80' lang='grc' dir='ltr'>πᾶσαι</span> <span class='ocrx_word' id='word_1_212' title='bbox 1888 2613 1987 2667; x_wconf 85' lang='grc' dir='ltr'>πό-</span> 
     </span>
    </p>
   </div>
   <div class='ocr_carea' id='block_1_29' title="bbox 392 2696 1987 2776">
    <p class='ocr_par' dir='ltr' id='par_1_29' title="bbox 392 2696 1987 2776">
     <span class='ocr_line' id='line_1_29' title="bbox 392 2696 1987 2776; baseline -0.006 -14"><span class='ocrx_word' id='word_1_213' title='bbox 392 2707 525 2775; x_wconf 88' lang='grc' dir='ltr'>λεις,</span> <span class='ocrx_word' id='word_1_214' title='bbox 570 2706 667 2762; x_wconf 80' lang='grc' dir='ltr'>καί</span> <span class='ocrx_word' id='word_1_215' title='bbox 720 2704 926 2776; x_wconf 81' lang='grc' dir='ltr'>ἔρημος</span> <span class='ocrx_word' id='word_1_216' title='bbox 974 2704 1069 2757; x_wconf 70' lang='grc' dir='ltr'>καὶ</span> <span class='ocrx_word' id='word_1_217' title='bbox 1113 2701 1408 2773; x_wconf 78' lang='grc' dir='ltr'>οἰκουμένη</span> <span class='ocrx_word' id='word_1_218' title='bbox 1457 2700 1552 2754; x_wconf 68' lang='grc' dir='ltr'>καὶ</span> <span class='ocrx_word' id='word_1_219' title='bbox 1597 2699 1853 2769; x_wconf 85' lang='grc' dir='ltr'>ἀοίκητος</span> <span class='ocrx_word' id='word_1_220' title='bbox 1894 2696 1987 2752; x_wconf 84' lang='grc' dir='ltr'>τὸν</span> 
     </span>
    </p>
   </div>
   <div class='ocr_carea' id='block_1_30' title="bbox 394 2781 1987 2862">
    <p class='ocr_par' dir='ltr' id='par_1_30' title="bbox 394 2781 1987 2862">
     <span class='ocr_line' id='line_1_30' title="bbox 394 2781 1987 2862; baseline -0.005 -19"><span class='ocrx_word' id='word_1_221' title='bbox 394 2787 812 2862; x_wconf 76' lang='grc' dir='ltr'>ἐσταυρωμένον</span> <span class='ocrx_word' id='word_1_222' title='bbox 873 2784 1353 2857; x_wconf 85' lang='grc' dir='ltr'>ἀνακηρύττομεν·</span> <span class='ocrx_word' id='word_1_223' title='bbox 1426 2785 1523 2838; x_wconf 73' lang='grc' dir='ltr'>καὶ</span> <span class='ocrx_word' id='word_1_224' title='bbox 1587 2782 1824 2854; x_wconf 84' lang='grc' dir='ltr'>βασιλεῖς</span> <span class='ocrx_word' id='word_1_225' title='bbox 1892 2781 1987 2836; x_wconf 83' lang='grc' dir='ltr'>καί</span> 
     </span>
    </p>
   </div>
   <div class='ocr_carea' id='block_1_31' title="bbox 397 2865 1988 2945">
    <p class='ocr_par' dir='ltr' id='par_1_31' title="bbox 397 2865 1988 2945">
     <span class='ocr_line' id='line_1_31' title="bbox 397 2865 1988 2945; baseline -0.005 -18"><span class='ocrx_word' id='word_1_226' title='bbox 397 2872 692 2945; x_wconf 71' lang='grc' dir='ltr'>στρατηγοὶ</span> <span class='ocrx_word' id='word_1_227' title='bbox 729 2872 825 2925; x_wconf 73' lang='grc' dir='ltr'>καί</span> <span class='ocrx_word' id='word_1_228' title='bbox 870 2871 1128 2940; x_wconf 78' lang='grc' dir='ltr'>ἄρχοντες</span> <span class='ocrx_word' id='word_1_229' title='bbox 1160 2868 1255 2922; x_wconf 80' lang='grc' dir='ltr'>καὶ</span> <span class='ocrx_word' id='word_1_230' title='bbox 1288 2865 1504 2932; x_wconf 75' lang='grc' dir='ltr'>ὕπατοι,</span> <span class='ocrx_word' id='word_1_231' title='bbox 1549 2869 1644 2921; x_wconf 75' lang='grc' dir='ltr'>καὶ</span> <span class='ocrx_word' id='word_1_232' title='bbox 1680 2866 1854 2920; x_wconf 81' lang='grc' dir='ltr'>δοῦλοι</span> <span class='ocrx_word' id='word_1_233' title='bbox 1891 2865 1988 2919; x_wconf 79' lang='grc' dir='ltr'>καὶ</span> 
     </span>
    </p>
   </div>
   <div class='ocr_carea' id='block_1_32' title="bbox 394 2949 1988 3030">
    <p class='ocr_par' dir='ltr' id='par_1_32' title="bbox 394 2949 1988 3030">
     <span class='ocr_line' id='line_1_32' title="bbox 394 2949 1988 3030; baseline -0.006 -17"><span class='ocrx_word' id='word_1_234' title='bbox 394 2957 690 3030; x_wconf 87' lang='grc' dir='ltr'>ἐλεύθεροι,</span> <span class='ocrx_word' id='word_1_235' title='bbox 734 2956 828 3009; x_wconf 59' lang='grc' dir='ltr'>καὶ⁸</span> <span class='ocrx_word' id='word_1_236' title='bbox 872 2952 1080 3008; x_wconf 87' lang='grc' dir='ltr'>ἰδιῶται</span> <span class='ocrx_word' id='word_1_237' title='bbox 1137 2953 1233 3007; x_wconf 80' lang='grc' dir='ltr'>καὶ</span> <span class='ocrx_word' id='word_1_238' title='bbox 1285 2952 1437 3021; x_wconf 85' lang='grc' dir='ltr'>σοφοί</span> <span class='ocrx_word' id='word_1_239' title='bbox 1484 2951 1578 3005; x_wconf 76' lang='grc' dir='ltr'>καὶ</span> <span class='ocrx_word' id='word_1_240' title='bbox 1626 2950 1840 3020; x_wconf 79' lang='grc' dir='ltr'>ἄσοφοι,</span> <span class='ocrx_word' id='word_1_241' title='bbox 1893 2949 1988 3004; x_wconf 67' lang='grc' dir='ltr'>καὶ</span> 
     </span>
    </p>
   </div>
   <div class='ocr_carea' id='block_1_33' title="bbox 398 3032 1989 3114">
    <p class='ocr_par' dir='ltr' id='par_1_33' title="bbox 398 3032 1989 3114">
     <span class='ocr_line' id='line_1_33' title="bbox 398 3032 1989 3114; baseline -0.006 -18"><span class='ocrx_word' id='word_1_242' title='bbox 398 3040 664 3114; x_wconf 81' lang='grc' dir='ltr'>βάρϐαροι</span> <span class='ocrx_word' id='word_1_243' title='bbox 707 3040 803 3094; x_wconf 75' lang='grc' dir='ltr'>καὶ</span> <span class='ocrx_word' id='word_1_244' title='bbox 846 3037 915 3092; x_wconf 70' lang='grc' dir='ltr'>τὰ</span> <span class='ocrx_word' id='word_1_245' title='bbox 955 3035 1176 3091; x_wconf 79' lang='grc' dir='ltr'>ποικίλα</span> <span class='ocrx_word' id='word_1_246' title='bbox 1212 3034 1321 3089; x_wconf 87' lang='grc' dir='ltr'>τῶν</span> <span class='ocrx_word' id='word_1_247' title='bbox 1370 3032 1675 3107; x_wconf 86' lang='grc' dir='ltr'>ἀνθρώπων</span> <span class='ocrx_word' id='word_1_248' title='bbox 1706 3034 1860 3105; x_wconf 86' lang='grc' dir='ltr'>γένη,</span> <span class='ocrx_word' id='word_1_249' title='bbox 1893 3032 1989 3087; x_wconf 76' lang='grc' dir='ltr'>καὶ</span> 
     </span>
    </p>
   </div>
   <div class='ocr_carea' id='block_1_34' title="bbox 394 3116 1984 3195">
    <p class='ocr_par' dir='ltr' id='par_1_34' title="bbox 394 3116 1984 3195">
     <span class='ocr_line' id='line_1_34' title="bbox 394 3116 1984 3195; baseline -0.005 -17"><span class='ocrx_word' id='word_1_250' title='bbox 394 3124 579 3180; x_wconf 86' lang='grc' dir='ltr'>λοιπὸν</span> <span class='ocrx_word' id='word_1_251' title='bbox 610 3124 742 3195; x_wconf 81' lang='grc' dir='ltr'>ὅσην</span> <span class='ocrx_word' id='word_1_252' title='bbox 768 3122 919 3193; x_wconf 80' lang='grc' dir='ltr'>ἥλιος</span> <span class='ocrx_word' id='word_1_253' title='bbox 950 3121 1124 3193; x_wconf 77' lang='grc' dir='ltr'>ἐφορᾷ</span> <span class='ocrx_word' id='word_1_254' title='bbox 1152 3122 1277 3192; x_wconf 77' lang='grc' dir='ltr'>γῆν,</span> <span class='ocrx_word' id='word_1_255' title='bbox 1316 3118 1522 3191; x_wconf 91' lang='grc' dir='ltr'>ταύτην</span> <span class='ocrx_word' id='word_1_256' title='bbox 1562 3118 1627 3190; x_wconf 82' lang='grc' dir='ltr'>δὴ</span> <span class='ocrx_word' id='word_1_257' title='bbox 1652 3119 1752 3192; x_wconf 84' lang='grc' dir='ltr'>τὴν</span> <span class='ocrx_word' id='word_1_258' title='bbox 1791 3116 1984 3172; x_wconf 73' lang='grc' dir='ltr'>τοσαύσ</span> 
     </span>
    </p>
   </div>
   <div class='ocr_carea' id='block_1_35' title="bbox 392 3201 1988 3282">
    <p class='ocr_par' dir='ltr' id='par_1_35' title="bbox 392 3201 1988 3282">
     <span class='ocr_line' id='line_1_35' title="bbox 392 3201 1988 3282; baseline -0.006 -19"><span class='ocrx_word' id='word_1_259' title='bbox 392 3226 495 3282; x_wconf 91' lang='grc' dir='ltr'>την</span> <span class='ocrx_word' id='word_1_260' title='bbox 552 3207 849 3278; x_wconf 84' lang='grc' dir='ltr'>ἐπέδραμε,</span> <span class='ocrx_word' id='word_1_261' title='bbox 893 3205 955 3259; x_wconf 89' lang='grc' dir='ltr'>τὸ</span> <span class='ocrx_word' id='word_1_262' title='bbox 999 3205 1172 3276; x_wconf 75' lang='grc' dir='ltr'>ὄνομα</span> <span class='ocrx_word' id='word_1_263' title='bbox 1218 3203 1315 3257; x_wconf 80' lang='grc' dir='ltr'>καί</span> <span class='ocrx_word' id='word_1_264' title='bbox 1358 3205 1391 3275; x_wconf 87' lang='grc' dir='ltr'>ή</span> <span class='ocrx_word' id='word_1_265' title='bbox 1447 3202 1851 3274; x_wconf 89' lang='grc' dir='ltr'>προσκύνησις,</span> <span class='ocrx_word' id='word_1_266' title='bbox 1901 3201 1988 3255; x_wconf 85' lang='grc' dir='ltr'>ῖνα</span> 
     </span>
    </p>
   </div>
   <div class='ocr_carea' id='block_1_36' title="bbox 398 3283 1984 3365">
    <p class='ocr_par' dir='ltr' id='par_1_36' title="bbox 398 3283 1984 3365">
     <span class='ocr_line' id='line_1_36' title="bbox 398 3283 1984 3365; baseline -0.003 -19"><span class='ocrx_word' id='word_1_267' title='bbox 398 3291 576 3365; x_wconf 83' lang='grc' dir='ltr'>μάθῃς</span> <span class='ocrx_word' id='word_1_268' title='bbox 601 3291 654 3344; x_wconf 88' lang='grc' dir='ltr'>τί</span> <span class='ocrx_word' id='word_1_269' title='bbox 696 3293 866 3353; x_wconf 87' lang='grc' dir='ltr'>ἐστιν,</span> <span class='ocrx_word' id='word_1_270' title='bbox 900 3289 1106 3341; x_wconf 84' lang='grc' dir='ltr'>Ἔσται</span> <span class='ocrx_word' id='word_1_271' title='bbox 1151 3287 1189 3355; x_wconf 82' lang='grc' dir='ltr'>ή</span> <span class='ocrx_word' id='word_1_272' title='bbox 1223 3284 1569 3352; x_wconf 76' lang='grc' dir='ltr'>ἀνάπαυσις</span> <span class='ocrx_word' id='word_1_273' title='bbox 1610 3285 1797 3340; x_wconf 85' lang='grc' dir='ltr'>αὐτοῦ</span> <span class='ocrx_word' id='word_1_274' title='bbox 1824 3283 1984 3355; x_wconf 78' lang='grc' dir='ltr'>τιμή.</span> 
     </span>
    </p>
   </div>
   <div class='ocr_carea' id='block_1_37' title="bbox 406 3366 1983 3444">
    <p class='ocr_par' dir='ltr' id='par_1_37' title="bbox 406 3366 1983 3444">
     <span class='ocr_line' id='line_1_37' title="bbox 406 3366 1983 3444; baseline -0.006 -15"><span class='ocrx_word' id='word_1_275' title='bbox 406 3377 465 3429; x_wconf 81' lang='lat'>&#39;0</span> <span class='ocrx_word' id='word_1_276' title='bbox 507 3375 570 3428; x_wconf 84' lang='grc' dir='ltr'>δὲ</span> <span class='ocrx_word' id='word_1_277' title='bbox 608 3373 670 3426; x_wconf 86' lang='grc' dir='ltr'>τὸ</span> <span class='ocrx_word' id='word_1_278' title='bbox 711 3372 874 3444; x_wconf 79' lang='grc' dir='ltr'>σῶμα</span> <span class='ocrx_word' id='word_1_279' title='bbox 919 3370 1210 3442; x_wconf 81' lang='grc' dir='ltr'>δεξάμενος</span> <span class='ocrx_word' id='word_1_280' title='bbox 1248 3371 1421 3422; x_wconf 88' lang='grc' dir='ltr'>ἐκεῖνο</span> <span class='ocrx_word' id='word_1_281' title='bbox 1461 3367 1524 3421; x_wconf 89' lang='grc' dir='ltr'>τὸ</span> <span class='ocrx_word' id='word_1_282' title='bbox 1557 3367 1765 3439; x_wconf 82' lang='grc' dir='ltr'>σφαγέν</span> <span class='ocrx_word' id='word_1_283' title='bbox 1802 3366 1983 3435; x_wconf 87' lang='grc' dir='ltr'>τόπος,</span> 
     </span>
    </p>
   </div>
   <div class='ocr_carea' id='block_1_38' title="bbox 398 3450 1986 3531">
    <p class='ocr_par' dir='ltr' id='par_1_38' title="bbox 398 3450 1986 3531">
     <span class='ocr_line' id='line_1_38' title="bbox 398 3450 1986 3531; baseline -0.004 -19"><span class='ocrx_word' id='word_1_284' title='bbox 398 3457 628 3531; x_wconf 87' lang='grc' dir='ltr'>σμικρὸς</span> <span class='ocrx_word' id='word_1_285' title='bbox 682 3456 756 3510; x_wconf 81' lang='grc' dir='ltr'>ὢν</span> <span class='ocrx_word' id='word_1_286' title='bbox 801 3456 898 3510; x_wconf 78' lang='grc' dir='ltr'>καὶ</span> <span class='ocrx_word' id='word_1_287' title='bbox 968 3455 1174 3526; x_wconf 83' lang='grc' dir='ltr'>σφόδρα</span> <span class='ocrx_word' id='word_1_288' title='bbox 1224 3452 1431 3524; x_wconf 82' lang='grc' dir='ltr'>βραχὺς</span> <span class='ocrx_word' id='word_1_289' title='bbox 1458 3491 1473 3516; x_wconf 94' lang='grc'>,</span> <span class='ocrx_word' id='word_1_290' title='bbox 1543 3451 1753 3523; x_wconf 89' lang='grc' dir='ltr'>μυρίων</span> <span class='ocrx_word' id='word_1_291' title='bbox 1809 3450 1986 3506; x_wconf 86' lang='grc' dir='ltr'>αὐλῶν</span> 
     </span>
    </p>
   </div>
   <div class='ocr_carea' id='block_1_39' title="bbox 400 3534 1989 3613">
    <p class='ocr_par' dir='ltr' id='par_1_39' title="bbox 400 3534 1989 3613">
     <span class='ocr_line' id='line_1_39' title="bbox 400 3534 1989 3613; baseline -0.006 -18"><span class='ocrx_word' id='word_1_292' title='bbox 400 3539 693 3613; x_wconf 70' lang='grc' dir='ltr'>βασιλικῶν</span> <span class='ocrx_word' id='word_1_293' title='bbox 740 3541 859 3592; x_wconf 88' lang='grc' dir='ltr'>ἐστι</span> <span class='ocrx_word' id='word_1_294' title='bbox 908 3536 1266 3608; x_wconf 88' lang='grc' dir='ltr'>σεμνότερος,</span> <span class='ocrx_word' id='word_1_295' title='bbox 1312 3535 1407 3588; x_wconf 81' lang='grc' dir='ltr'>καί</span> <span class='ocrx_word' id='word_1_296' title='bbox 1451 3534 1633 3597; x_wconf 85' lang='grc' dir='ltr'>αὐτοῖς</span> <span class='ocrx_word' id='word_1_297' title='bbox 1680 3536 1791 3598; x_wconf 91' lang='grc' dir='ltr'>τοῖς</span> <span class='ocrx_word' id='word_1_298' title='bbox 1834 3534 1989 3605; x_wconf 85' lang='grc' dir='ltr'>βασι-</span> 
     </span>
    </p>
   </div>
   <div class='ocr_carea' id='block_1_40' title="bbox 395 3617 1985 3694">
    <p class='ocr_par' dir='ltr' id='par_1_40' title="bbox 395 3617 1985 3694">
     <span class='ocr_line' id='line_1_40' title="bbox 395 3617 1985 3694; baseline -0.006 -14"><span class='ocrx_word' id='word_1_299' title='bbox 395 3625 549 3681; x_wconf 80' lang='grc' dir='ltr'>λεῦσι</span> <span class='ocrx_word' id='word_1_300' title='bbox 586 3621 946 3694; x_wconf 78' lang='grc' dir='ltr'>τιμιώτεροςο</span> <span class='ocrx_word' id='word_1_301' title='bbox 994 3620 1104 3674; x_wconf 72' lang='grc' dir='ltr'>Καὶ</span> <span class='ocrx_word' id='word_1_302' title='bbox 1135 3618 1309 3672; x_wconf 77' lang='grc' dir='ltr'>ἔσται</span> <span class='ocrx_word' id='word_1_303' title='bbox 1345 3619 1384 3686; x_wconf 76' lang='grc' dir='ltr'><strong>ἠ</strong></span> <span class='ocrx_word' id='word_1_304' title='bbox 1416 3617 1766 3683; x_wconf 82' lang='grc' dir='ltr'>ἀνάπαυσις</span> <span class='ocrx_word' id='word_1_305' title='bbox 1798 3618 1985 3672; x_wconf 84' lang='grc' dir='ltr'>αὐτοῦ</span> 
     </span>
    </p>
   </div>
   <div class='ocr_carea' id='block_1_41' title="bbox 395 3701 1988 3780">
    <p class='ocr_par' dir='ltr' id='par_1_41' title="bbox 395 3701 1988 3780">
     <span class='ocr_line' id='line_1_41' title="bbox 395 3701 1988 3780; baseline -0.006 -17"><span class='ocrx_word' id='word_1_306' title='bbox 395 3709 554 3780; x_wconf 82' lang='grc' dir='ltr'>τιμή.</span> <span class='ocrx_word' id='word_1_307' title='bbox 588 3708 662 3761; x_wconf 91' lang='grc' dir='ltr'>Τὸ</span> <span class='ocrx_word' id='word_1_308' title='bbox 696 3705 753 3759; x_wconf 77' lang='grc' dir='ltr'>δὲ</span> <span class='ocrx_word' id='word_1_309' title='bbox 787 3702 1088 3775; x_wconf 80' lang='grc' dir='ltr'>παράδοξον</span> <span class='ocrx_word' id='word_1_310' title='bbox 1109 3742 1123 3764; x_wconf 86' lang='grc'>,</span> <span class='ocrx_word' id='word_1_311' title='bbox 1170 3702 1272 3755; x_wconf 83' lang='grc' dir='ltr'>οὑκ</span> <span class='ocrx_word' id='word_1_312' title='bbox 1306 3701 1391 3754; x_wconf 83' lang='grc' dir='ltr'>ἐπ’</span> <span class='ocrx_word' id='word_1_313' title='bbox 1433 3701 1598 3755; x_wconf 77' lang='grc' dir='ltr'>αὐτοῦ</span> <span class='ocrx_word' id='word_1_314' title='bbox 1636 3701 1816 3771; x_wconf 92' lang='grc' dir='ltr'>μόνον,</span> <span class='ocrx_word' id='word_1_315' title='bbox 1851 3701 1988 3755; x_wconf 89' lang='grc' dir='ltr'>ἀλλά</span> 
     </span>
    </p>
   </div>
   <div class='ocr_carea' id='block_1_42' title="bbox 396 3784 1988 3861">
    <p class='ocr_par' dir='ltr' id='par_1_42' title="bbox 396 3784 1988 3861">
     <span class='ocr_line' id='line_1_42' title="bbox 396 3784 1988 3861; baseline -0.007 -12"><span class='ocrx_word' id='word_1_316' title='bbox 396 3796 493 3849; x_wconf 71' lang='grc' dir='ltr'>καὶ</span> <span class='ocrx_word' id='word_1_317' title='bbox 519 3793 612 3846; x_wconf 73' lang='grc' dir='ltr'>ἐπὶ</span> <span class='ocrx_word' id='word_1_318' title='bbox 645 3791 758 3844; x_wconf 90' lang='grc' dir='ltr'>τῶν</span> <span class='ocrx_word' id='word_1_319' title='bbox 788 3786 1044 3861; x_wconf 86' lang='grc' dir='ltr'>μαθητῶν</span> <span class='ocrx_word' id='word_1_320' title='bbox 1077 3784 1242 3839; x_wconf 81' lang='grc' dir='ltr'>αὑτοῦ</span> <span class='ocrx_word' id='word_1_321' title='bbox 1274 3784 1337 3837; x_wconf 90' lang='grc' dir='ltr'>τὸ</span> <span class='ocrx_word' id='word_1_322' title='bbox 1371 3785 1503 3838; x_wconf 80' lang='grc' dir='ltr'>αὐτὸ</span> <span class='ocrx_word' id='word_1_323' title='bbox 1538 3784 1697 3838; x_wconf 80' lang='grc' dir='ltr'>τοῦτο</span> <span class='ocrx_word' id='word_1_324' title='bbox 1730 3785 1796 3857; x_wconf 85' lang='grc' dir='ltr'>δὴ</span> <span class='ocrx_word' id='word_1_325' title='bbox 1827 3785 1988 3854; x_wconf 86' lang='grc' dir='ltr'>γέγο-</span> 
     </span>
    </p>
   </div>
   <div class='ocr_carea' id='block_1_43' title="bbox 395 3869 1987 3945">
    <p class='ocr_par' dir='ltr' id='par_1_43' title="bbox 395 3869 1987 3945">
     <span class='ocr_line' id='line_1_43' title="bbox 395 3869 1987 3945; baseline -0.008 -12"><span class='ocrx_word' id='word_1_326' title='bbox 395 3895 508 3933; x_wconf 91' lang='grc' dir='ltr'>νεν.</span> <span class='ocrx_word' id='word_1_327' title='bbox 549 3876 612 3929; x_wconf 83' lang='grc' dir='ltr'><strong>Οἱ</strong></span> <span class='ocrx_word' id='word_1_328' title='bbox 658 3873 766 3945; x_wconf 77' lang='grc' dir='ltr'>γάρ</span> <span class='ocrx_word' id='word_1_329' title='bbox 805 3873 1061 3942; x_wconf 88' lang='grc' dir='ltr'>ἀγόμενοι</span> <span class='ocrx_word' id='word_1_330' title='bbox 1116 3869 1209 3923; x_wconf 81' lang='grc' dir='ltr'>καὶ</span> <span class='ocrx_word' id='word_1_331' title='bbox 1260 3869 1688 3941; x_wconf 88' lang='grc' dir='ltr'>περιαγόμενοι,</span> <span class='ocrx_word' id='word_1_332' title='bbox 1722 3871 1773 3922; x_wconf 87' lang='grc' dir='ltr'>οἱ</span> <span class='ocrx_word' id='word_1_333' title='bbox 1817 3887 1987 3924; x_wconf 84' lang='grc' dir='ltr'>κατα-</span> 
     </span>
    </p>
   </div>
   <div class='ocr_carea' id='block_1_44' title="bbox 399 3951 1984 4032">
    <p class='ocr_par' dir='ltr' id='par_1_44' title="bbox 399 3951 1984 4032">
     <span class='ocr_line' id='line_1_44' title="bbox 399 3951 1984 4032; baseline -0.005 -19"><span class='ocrx_word' id='word_1_334' title='bbox 399 3957 776 4032; x_wconf 88' lang='grc' dir='ltr'>φρονούμενοι,</span> <span class='ocrx_word' id='word_1_335' title='bbox 837 3955 931 4008; x_wconf 73' lang='grc' dir='ltr'>καὶ</span> <span class='ocrx_word' id='word_1_336' title='bbox 969 3951 1350 4025; x_wconf 89' lang='grc' dir='ltr'>δεσμούμενοι,</span> <span class='ocrx_word' id='word_1_337' title='bbox 1406 3951 1457 4005; x_wconf 88' lang='grc' dir='ltr'>οἰ</span> <span class='ocrx_word' id='word_1_338' title='bbox 1520 3952 1591 4006; x_wconf 84' lang='grc' dir='ltr'>τά</span> <span class='ocrx_word' id='word_1_339' title='bbox 1651 3952 1821 4023; x_wconf 90' lang='grc' dir='ltr'>μυρία</span> <span class='ocrx_word' id='word_1_340' title='bbox 1879 3951 1984 4006; x_wconf 85' lang='grc' dir='ltr'>πά-</span> 
     </span>
    </p>
   </div>
   <div class='ocr_carea' id='block_1_45' title="bbox 397 4033 1984 4114">
    <p class='ocr_par' dir='ltr' id='par_1_45' title="bbox 397 4033 1984 4114">
     <span class='ocr_line' id='line_1_45' title="bbox 397 4033 1984 4114; baseline -0.004 -18"><span class='ocrx_word' id='word_1_341' title='bbox 397 4058 617 4114; x_wconf 85' lang='grc' dir='ltr'>σχοντες</span> <span class='ocrx_word' id='word_1_342' title='bbox 648 4039 815 4105; x_wconf 85' lang='grc' dir='ltr'>δεινὰ,</span> <span class='ocrx_word' id='word_1_343' title='bbox 862 4037 1281 4108; x_wconf 85' lang='grc' dir='ltr'>τελευτήσαντες</span> <span class='ocrx_word' id='word_1_344' title='bbox 1317 4033 1498 4088; x_wconf 80' lang='grc' dir='ltr'>αὐτῶν</span> <span class='ocrx_word' id='word_1_345' title='bbox 1525 4036 1632 4088; x_wconf 86' lang='grc' dir='ltr'>εἰσι</span> <span class='ocrx_word' id='word_1_346' title='bbox 1663 4034 1772 4089; x_wconf 89' lang='grc' dir='ltr'>τῶν</span> <span class='ocrx_word' id='word_1_347' title='bbox 1827 4034 1984 4107; x_wconf 83' lang='grc' dir='ltr'>βασι-</span> 
     </span>
    </p>
   </div>
   <div class='ocr_carea' id='block_1_46' title="bbox 396 4118 1983 4196">
    <p class='ocr_par' dir='ltr' id='par_1_46' title="bbox 396 4118 1983 4196">
     <span class='ocr_line' id='line_1_46' title="bbox 396 4118 1983 4196; baseline -0.004 -15"><span class='ocrx_word' id='word_1_348' title='bbox 396 4126 534 4182; x_wconf 78' lang='grc' dir='ltr'>λέων</span> <span class='ocrx_word' id='word_1_349' title='bbox 570 4122 883 4196; x_wconf 87' lang='grc' dir='ltr'>τιμιώτεροι</span> <span class='ocrx_word' id='word_1_350' title='bbox 903 4137 916 4153; x_wconf 76' lang='grc'><strong><em>⁸</em></strong></span> <span class='ocrx_word' id='word_1_351' title='bbox 949 4122 1045 4175; x_wconf 80' lang='grc' dir='ltr'>καὶ</span> <span class='ocrx_word' id='word_1_352' title='bbox 1084 4119 1221 4184; x_wconf 87' lang='grc' dir='ltr'>πῶς,</span> <span class='ocrx_word' id='word_1_353' title='bbox 1260 4119 1452 4172; x_wconf 84' lang='grc' dir='ltr'>σκόπει</span> <span class='ocrx_word' id='word_1_354' title='bbox 1481 4118 1750 4174; x_wconf 81' lang='grc' dir='ltr'>ἐντεῦθεν.</span> <span class='ocrx_word' id='word_1_355' title='bbox 1802 4120 1890 4174; x_wconf 85' lang='grc' dir='ltr'>Ἐν</span> <span class='ocrx_word' id='word_1_356' title='bbox 1916 4125 1983 4194; x_wconf 80' lang='grc' dir='ltr'>τῇ</span> 
     </span>
    </p>
   </div>
   <div class='ocr_carea' id='block_1_47' title="bbox 399 4201 1987 4280">
    <p class='ocr_par' dir='ltr' id='par_1_47' title="bbox 399 4201 1987 4280">
     <span class='ocr_line' id='line_1_47' title="bbox 399 4201 1987 4280; baseline -0.004 -17"><span class='ocrx_word' id='word_1_357' title='bbox 399 4206 801 4280; x_wconf 80' lang='grc' dir='ltr'>βασιλικωτάτῃ</span> <span class='ocrx_word' id='word_1_358' title='bbox 825 4205 979 4259; x_wconf 83' lang='grc' dir='ltr'>πόλει</span> <span class='ocrx_word' id='word_1_359' title='bbox 1006 4203 1218 4277; x_wconf 80' lang='grc' dir='ltr'>Ῥώμῃ,</span> <span class='ocrx_word' id='word_1_360' title='bbox 1248 4201 1429 4256; x_wconf 88' lang='grc' dir='ltr'>πάντα</span> <span class='ocrx_word' id='word_1_361' title='bbox 1456 4202 1726 4271; x_wconf 83' lang='grc' dir='ltr'>ἀφιέντες,</span> <span class='ocrx_word' id='word_1_362' title='bbox 1750 4202 1844 4256; x_wconf 78' lang='grc' dir='ltr'>ἐπὶ</span> <span class='ocrx_word' id='word_1_363' title='bbox 1857 4203 1987 4268; x_wconf 74' lang='grc' dir='ltr'>τοὺς</span> 
     </span>
    </p>
   </div>
   <div class='ocr_carea' id='block_1_48' title="bbox 394 4285 1987 4363">
    <p class='ocr_par' dir='ltr' id='par_1_48' title="bbox 394 4285 1987 4363">
     <span class='ocr_line' id='line_1_48' title="bbox 394 4285 1987 4363; baseline -0.003 -17"><span class='ocrx_word' id='word_1_364' title='bbox 394 4293 601 4363; x_wconf 79' lang='grc' dir='ltr'>τάφους</span> <span class='ocrx_word' id='word_1_365' title='bbox 636 4290 731 4343; x_wconf 84' lang='grc' dir='ltr'>τοῦ</span> <span class='ocrx_word' id='word_1_366' title='bbox 761 4289 958 4352; x_wconf 81' lang='grc' dir='ltr'>ἁλιέως</span> <span class='ocrx_word' id='word_1_367' title='bbox 986 4287 1081 4341; x_wconf 74' lang='grc' dir='ltr'>καὶ</span> <span class='ocrx_word' id='word_1_368' title='bbox 1110 4285 1206 4340; x_wconf 81' lang='grc' dir='ltr'>τοῦ</span> <span class='ocrx_word' id='word_1_369' title='bbox 1238 4285 1566 4357; x_wconf 88' lang='grc' dir='ltr'>σκηνοποιοῦ</span> <span class='ocrx_word' id='word_1_370' title='bbox 1604 4285 1855 4358; x_wconf 86' lang='grc' dir='ltr'>τρέχουσι</span> <span class='ocrx_word' id='word_1_371' title='bbox 1889 4288 1987 4342; x_wconf 74' lang='grc' dir='ltr'>καὶ</span> 
     </span>
    </p>
   </div>
   <div class='ocr_carea' id='block_1_49' title="bbox 399 4369 1987 4446">
    <p class='ocr_par' dir='ltr' id='par_1_49' title="bbox 399 4369 1987 4446">
     <span class='ocr_line' id='line_1_49' title="bbox 399 4369 1987 4446; baseline -0.003 -16"><span class='ocrx_word' id='word_1_372' title='bbox 399 4376 639 4446; x_wconf 80' lang='grc' dir='ltr'>βασιλεῖς</span> <span class='ocrx_word' id='word_1_373' title='bbox 677 4374 771 4428; x_wconf 70' lang='grc' dir='ltr'>καὶ</span> <span class='ocrx_word' id='word_1_374' title='bbox 805 4373 1005 4426; x_wconf 76' lang='grc' dir='ltr'>ὕπατοι</span> <span class='ocrx_word' id='word_1_375' title='bbox 1023 4371 1118 4426; x_wconf 77' lang='grc' dir='ltr'>καὶ</span> <span class='ocrx_word' id='word_1_376' title='bbox 1149 4369 1478 4442; x_wconf 85' lang='grc' dir='ltr'>στρατηγοί·</span> <span class='ocrx_word' id='word_1_377' title='bbox 1537 4370 1632 4424; x_wconf 81' lang='grc' dir='ltr'>καί</span> <span class='ocrx_word' id='word_1_378' title='bbox 1660 4372 1717 4422; x_wconf 80' lang='grc' dir='ltr'>ἐν</span> <span class='ocrx_word' id='word_1_379' title='bbox 1742 4373 1808 4443; x_wconf 80' lang='grc' dir='ltr'>τῇ</span> <span class='ocrx_word' id='word_1_380' title='bbox 1834 4372 1987 4425; x_wconf 83' lang='grc' dir='ltr'>Κων-</span> 
     </span>
    </p>
   </div>
   <div class='ocr_carea' id='block_1_50' title="bbox 400 4452 1981 4526">
    <p class='ocr_par' dir='ltr' id='par_1_50' title="bbox 400 4452 1981 4526">
     <span class='ocr_line' id='line_1_50' title="bbox 400 4452 1981 4526; baseline -0.003 -15"><span class='ocrx_word' id='word_1_381' title='bbox 400 4455 838 4511; x_wconf 86' lang='grc' dir='ltr'>σταντινουπόλει</span> <span class='ocrx_word' id='word_1_382' title='bbox 874 4456 930 4509; x_wconf 86' lang='grc' dir='ltr'>δὲ</span> <span class='ocrx_word' id='word_1_383' title='bbox 962 4454 1083 4508; x_wconf 82' lang='grc' dir='ltr'>οὐδὲ</span> <span class='ocrx_word' id='word_1_384' title='bbox 1111 4453 1250 4526; x_wconf 89' lang='grc' dir='ltr'>πρὸς</span> <span class='ocrx_word' id='word_1_385' title='bbox 1277 4452 1404 4515; x_wconf 79' lang='grc' dir='ltr'>τοὺς</span> <span class='ocrx_word' id='word_1_386' title='bbox 1433 4452 1763 4517; x_wconf 88' lang='grc' dir='ltr'>ἀποστόλους</span> <span class='ocrx_word' id='word_1_387' title='bbox 1795 4454 1981 4523; x_wconf 81' lang='grc' dir='ltr'>ἐγγὺς,</span> 
     </span>
    </p>
   </div>
   <div class='ocr_carea' id='block_1_51' title="bbox 398 4532 1986 4611">
    <p class='ocr_par' dir='ltr' id='par_1_51' title="bbox 398 4532 1986 4611">
     <span class='ocr_line' id='line_1_51' title="bbox 398 4532 1986 4611; baseline -0.003 -16"><span class='ocrx_word' id='word_1_388' title='bbox 398 4541 534 4595; x_wconf 90' lang='grc' dir='ltr'>ἀλλά</span> <span class='ocrx_word' id='word_1_389' title='bbox 565 4539 698 4611; x_wconf 82' lang='grc' dir='ltr'>παρ’</span> <span class='ocrx_word' id='word_1_390' title='bbox 715 4538 856 4592; x_wconf 82' lang='grc' dir='ltr'>αὐτὰ</span> <span class='ocrx_word' id='word_1_391' title='bbox 885 4538 955 4592; x_wconf 85' lang='grc' dir='ltr'>τὰ</span> <span class='ocrx_word' id='word_1_392' title='bbox 981 4537 1229 4610; x_wconf 87' lang='grc' dir='ltr'>πρόθυρα</span> <span class='ocrx_word' id='word_1_393' title='bbox 1260 4536 1364 4601; x_wconf 78' lang='grc' dir='ltr'>ἐξω</span> <span class='ocrx_word' id='word_1_394' title='bbox 1395 4536 1681 4606; x_wconf 84' lang='grc' dir='ltr'>ἀγαπητὸν</span> <span class='ocrx_word' id='word_1_395' title='bbox 1709 4532 1846 4590; x_wconf 75' lang='grc' dir='ltr'>εἶναι</span> <span class='ocrx_word' id='word_1_396' title='bbox 1870 4536 1986 4591; x_wconf 87' lang='grc' dir='ltr'>ἐνό-</span> 
     </span>
    </p>
   </div>
   <div class='ocr_carea' id='block_1_52' title="bbox 403 4618 1985 4697">
    <p class='ocr_par' dir='ltr' id='par_1_52' title="bbox 403 4618 1985 4697">
     <span class='ocr_line' id='line_1_52' title="bbox 403 4618 1985 4697; baseline -0.003 -20"><span class='ocrx_word' id='word_1_397' title='bbox 403 4640 569 4697; x_wconf 89' lang='grc' dir='ltr'>μισαν</span> <span class='ocrx_word' id='word_1_398' title='bbox 589 4625 638 4676; x_wconf 89' lang='grc' dir='ltr'>οἰ</span> <span class='ocrx_word' id='word_1_399' title='bbox 665 4622 733 4675; x_wconf 84' lang='grc' dir='ltr'>τά</span> <span class='ocrx_word' id='word_1_400' title='bbox 769 4621 1075 4691; x_wconf 82' lang='grc' dir='ltr'>διαδήματα</span> <span class='ocrx_word' id='word_1_401' title='bbox 1118 4620 1493 4691; x_wconf 89' lang='grc' dir='ltr'>περικείμενοι</span> <span class='ocrx_word' id='word_1_402' title='bbox 1525 4618 1595 4673; x_wconf 89' lang='grc' dir='ltr'>τά</span> <span class='ocrx_word' id='word_1_403' title='bbox 1632 4618 1860 4690; x_wconf 87' lang='grc' dir='ltr'>σώματα</span> <span class='ocrx_word' id='word_1_404' title='bbox 1888 4622 1985 4673; x_wconf 87' lang='grc' dir='ltr'>αὐ-</span> 
     </span>
    </p>
   </div>
   <div class='ocr_carea' id='block_1_53' title="bbox 397 4700 1985 4777">
    <p class='ocr_par' dir='ltr' id='par_1_53' title="bbox 397 4700 1985 4777">
     <span class='ocr_line' id='line_1_53' title="bbox 397 4700 1985 4777; baseline -0.003 -15"><span class='ocrx_word' id='word_1_405' title='bbox 397 4708 508 4762; x_wconf 85' lang='grc' dir='ltr'>τῶν</span> <span class='ocrx_word' id='word_1_406' title='bbox 539 4703 982 4777; x_wconf 86' lang='grc' dir='ltr'>κατορύττεσθαι,</span> <span class='ocrx_word' id='word_1_407' title='bbox 1011 4702 1106 4756; x_wconf 79' lang='grc' dir='ltr'>καὶ</span> <span class='ocrx_word' id='word_1_408' title='bbox 1132 4701 1387 4770; x_wconf 87' lang='grc' dir='ltr'>γεγόνασι</span> <span class='ocrx_word' id='word_1_409' title='bbox 1409 4700 1645 4773; x_wconf 86' lang='grc' dir='ltr'>θυρωροί</span> <span class='ocrx_word' id='word_1_410' title='bbox 1663 4701 1849 4756; x_wconf 83' lang='grc' dir='ltr'>λοιπὸν</span> <span class='ocrx_word' id='word_1_411' title='bbox 1877 4703 1985 4757; x_wconf 90' lang='grc' dir='ltr'>τῶν</span> 
     </span>
    </p>
   </div>
   <div class='ocr_carea' id='block_1_54' title="bbox 357 4784 1984 4861">
    <p class='ocr_par' dir='ltr' id='par_1_54' title="bbox 357 4784 1984 4861">
     <span class='ocr_line' id='line_1_54' title="bbox 357 4784 1984 4861; baseline -0.004 -15"><span class='ocrx_word' id='word_1_412' title='bbox 357 4801 364 4809; x_wconf 87' lang='grc'><em>’</em></span> <span class='ocrx_word' id='word_1_413' title='bbox 398 4792 596 4847; x_wconf 86' lang='grc' dir='ltr'>ἀλιέων</span> <span class='ocrx_word' id='word_1_414' title='bbox 612 4792 661 4844; x_wconf 91' lang='grc' dir='ltr'>οἰ</span> <span class='ocrx_word' id='word_1_415' title='bbox 690 4789 948 4861; x_wconf 84' lang='grc' dir='ltr'>βασιλεῖς,</span> <span class='ocrx_word' id='word_1_416' title='bbox 966 4786 1059 4840; x_wconf 78' lang='grc' dir='ltr'>καὶ</span> <span class='ocrx_word' id='word_1_417' title='bbox 1082 4787 1139 4839; x_wconf 88' lang='grc' dir='ltr'>ἐν</span> <span class='ocrx_word' id='word_1_418' title='bbox 1160 4788 1225 4856; x_wconf 78' lang='grc' dir='ltr'>τῇ</span> <span class='ocrx_word' id='word_1_419' title='bbox 1246 4784 1472 4855; x_wconf 78' lang='grc' dir='ltr'>τελευτῇ</span> <span class='ocrx_word' id='word_1_420' title='bbox 1494 4786 1595 4839; x_wconf 80' lang='grc' dir='ltr'>οὐκ</span> <span class='ocrx_word' id='word_1_421' title='bbox 1617 4785 1984 4856; x_wconf 89' lang='grc' dir='ltr'>αἰσχύνονται,</span> 
     </span>
    </p>
   </div>
   <div class='ocr_carea' id='block_1_55' title="bbox 398 4867 1985 4942">
    <p class='ocr_par' dir='ltr' id='par_1_55' title="bbox 398 4867 1985 4942">
     <span class='ocr_line' id='line_1_55' title="bbox 398 4867 1985 4942; baseline -0.005 -11"><span class='ocrx_word' id='word_1_422' title='bbox 398 4876 534 4931; x_wconf 84' lang='grc' dir='ltr'>άλλά</span> <span class='ocrx_word' id='word_1_423' title='bbox 559 4875 651 4927; x_wconf 73' lang='grc' dir='ltr'>καὶ</span> <span class='ocrx_word' id='word_1_424' title='bbox 678 4870 1199 4942; x_wconf 79' lang='grc' dir='ltr'>ἐγκαλλωπίζονται,</span> <span class='ocrx_word' id='word_1_425' title='bbox 1212 4867 1274 4921; x_wconf 82' lang='grc' dir='ltr'>οὐ</span> <span class='ocrx_word' id='word_1_426' title='bbox 1300 4867 1458 4938; x_wconf 86' lang='grc' dir='ltr'>μόνον</span> <span class='ocrx_word' id='word_1_427' title='bbox 1478 4868 1650 4934; x_wconf 78' lang='grc' dir='ltr'>αὐτοὶ,</span> <span class='ocrx_word' id='word_1_428' title='bbox 1669 4869 1804 4924; x_wconf 82' lang='grc' dir='ltr'>ἀλλά</span> <span class='ocrx_word' id='word_1_429' title='bbox 1824 4871 1917 4925; x_wconf 81' lang='grc' dir='ltr'>καί</span> <span class='ocrx_word' id='word_1_430' title='bbox 1935 4872 1985 4924; x_wconf 87' lang='grc' dir='ltr'>οἰ</span> 
     </span>
    </p>
   </div>
   <div class='ocr_carea' id='block_1_56' title="bbox 398 4951 1984 5028">
    <p class='ocr_par' dir='ltr' id='par_1_56' title="bbox 398 4951 1984 5028">
     <span class='ocr_line' id='line_1_56' title="bbox 398 4951 1984 5028; baseline -0.004 -15"><span class='ocrx_word' id='word_1_431' title='bbox 398 4960 612 5028; x_wconf 80' lang='grc' dir='ltr'>ἔκγονοι</span> <span class='ocrx_word' id='word_1_432' title='bbox 638 4955 884 5011; x_wconf 91' lang='grc' dir='ltr'>ἐκείνων.</span> <span class='ocrx_word' id='word_1_433' title='bbox 902 4953 1012 5009; x_wconf 80' lang='grc' dir='ltr'>Καὶ</span> <span class='ocrx_word' id='word_1_434' title='bbox 1044 4951 1436 5022; x_wconf 85' lang='grc' dir='ltr'>ἕσται,φησίν,</span> <span class='ocrx_word' id='word_1_435' title='bbox 1452 4952 1491 5019; x_wconf 78' lang='grc' dir='ltr'><strong><em>ἠ</em></strong></span> <span class='ocrx_word' id='word_1_436' title='bbox 1507 4951 1850 5020; x_wconf 79' lang='grc' dir='ltr'>ἀνάπαυσις</span> <span class='ocrx_word' id='word_1_437' title='bbox 1876 4956 1984 5008; x_wconf 84' lang='grc' dir='ltr'>αὐ-</span> 
     </span>
    </p>
   </div>
   <div class='ocr_carea' id='block_1_57' title="bbox 398 5034 1987 5111">
    <p class='ocr_par' dir='ltr' id='par_1_57' title="bbox 398 5034 1987 5111">
     <span class='ocr_line' id='line_1_57' title="bbox 398 5034 1987 5111; baseline -0.003 -15"><span class='ocrx_word' id='word_1_438' title='bbox 398 5043 504 5098; x_wconf 84' lang='grc' dir='ltr'>τοῦ</span> <span class='ocrx_word' id='word_1_439' title='bbox 530 5041 690 5111; x_wconf 82' lang='grc' dir='ltr'>τιμή.</span> <span class='ocrx_word' id='word_1_440' title='bbox 723 5040 857 5094; x_wconf 87' lang='grc' dir='ltr'>Τότε</span> <span class='ocrx_word' id='word_1_441' title='bbox 881 5038 982 5108; x_wconf 83' lang='grc' dir='ltr'>τῆς</span> <span class='ocrx_word' id='word_1_442' title='bbox 1020 5036 1185 5108; x_wconf 84' lang='grc' dir='ltr'>τιμῆς</span> <span class='ocrx_word' id='word_1_443' title='bbox 1217 5034 1280 5089; x_wconf 89' lang='grc' dir='ltr'>τὸ</span> <span class='ocrx_word' id='word_1_444' title='bbox 1313 5034 1541 5106; x_wconf 87' lang='grc' dir='ltr'>μέγεθος</span> <span class='ocrx_word' id='word_1_445' title='bbox 1565 5035 1707 5106; x_wconf 79' lang='grc' dir='ltr'>δψει,</span> <span class='ocrx_word' id='word_1_446' title='bbox 1736 5037 1864 5091; x_wconf 83' lang='grc' dir='ltr'>ὅταν</span> <span class='ocrx_word' id='word_1_447' title='bbox 1893 5056 1987 5092; x_wconf 87' lang='grc' dir='ltr'>κα-</span> 
     </span>
    </p>
   </div>
   <div class='ocr_carea' id='block_1_58' title="bbox 397 5117 1984 5197">
    <p class='ocr_par' dir='ltr' id='par_1_58' title="bbox 397 5117 1984 5197">
     <span class='ocr_line' id='line_1_58' title="bbox 397 5117 1984 5197; baseline -0.002 -19"><span class='ocrx_word' id='word_1_448' title='bbox 397 5124 651 5197; x_wconf 80' lang='grc' dir='ltr'>ταμάθῃς</span> <span class='ocrx_word' id='word_1_449' title='bbox 671 5122 833 5178; x_wconf 79' lang='grc' dir='ltr'>αὑτοῦ</span> <span class='ocrx_word' id='word_1_450' title='bbox 872 5121 965 5176; x_wconf 76' lang='grc' dir='ltr'>τοῦ</span> <span class='ocrx_word' id='word_1_451' title='bbox 1004 5119 1239 5174; x_wconf 89' lang='grc' dir='ltr'>θανάτου</span> <span class='ocrx_word' id='word_1_452' title='bbox 1274 5117 1335 5172; x_wconf 87' lang='grc' dir='ltr'>τὸ</span> <span class='ocrx_word' id='word_1_453' title='bbox 1377 5117 1664 5190; x_wconf 86' lang='grc' dir='ltr'>σύμϐολον,</span> <span class='ocrx_word' id='word_1_454' title='bbox 1692 5120 1786 5174; x_wconf 84' lang='grc' dir='ltr'>τοῦ</span> <span class='ocrx_word' id='word_1_455' title='bbox 1820 5121 1984 5176; x_wconf 86' lang='grc' dir='ltr'>θανά-</span> 
     </span>
    </p>
   </div>
   <div class='ocr_carea' id='block_1_59' title="bbox 399 5199 1985 5277">
    <p class='ocr_par' dir='ltr' id='par_1_59' title="bbox 399 5199 1985 5277">
     <span class='ocr_line' id='line_1_59' title="bbox 399 5199 1985 5277; baseline -0.002 -16"><span class='ocrx_word' id='word_1_456' title='bbox 399 5225 493 5261; x_wconf 87' lang='grc' dir='ltr'>του</span> <span class='ocrx_word' id='word_1_457' title='bbox 517 5207 611 5260; x_wconf 84' lang='grc' dir='ltr'>τοῦ</span> <span class='ocrx_word' id='word_1_458' title='bbox 639 5207 915 5277; x_wconf 82' lang='grc' dir='ltr'>ἐπαράτου</span> <span class='ocrx_word' id='word_1_459' title='bbox 933 5245 946 5269; x_wconf 94' lang='grc'>,</span> <span class='ocrx_word' id='word_1_460' title='bbox 985 5202 1079 5257; x_wconf 80' lang='grc' dir='ltr'>τοῦ</span> <span class='ocrx_word' id='word_1_461' title='bbox 1107 5201 1338 5255; x_wconf 90' lang='grc' dir='ltr'>θανάτου</span> <span class='ocrx_word' id='word_1_462' title='bbox 1359 5199 1453 5254; x_wconf 75' lang='grc' dir='ltr'>τοῦ</span> <span class='ocrx_word' id='word_1_463' title='bbox 1488 5202 1708 5258; x_wconf 79' lang='grc' dir='ltr'>πάντων</span> <span class='ocrx_word' id='word_1_464' title='bbox 1739 5203 1985 5258; x_wconf 83' lang='grc' dir='ltr'>θανάτων</span> 
     </span>
    </p>
   </div>
   <div class='ocr_carea' id='block_1_60' title="bbox 405 5283 1985 5361">
    <p class='ocr_par' dir='ltr' id='par_1_60' title="bbox 405 5283 1985 5361">
     <span class='ocr_line' id='line_1_60' title="bbox 405 5283 1985 5361; baseline 0.001 -20"><span class='ocrx_word' id='word_1_465' title='bbox 405 5289 680 5361; x_wconf 73' lang='grc' dir='ltr'>αἰσχίστου</span> <span class='ocrx_word' id='word_1_466' title='bbox 715 5306 728 5320; x_wconf 93' lang='grc'><strong>·</strong></span> <span class='ocrx_word' id='word_1_467' title='bbox 769 5289 927 5343; x_wconf 81' lang='grc' dir='ltr'>τοῦτο</span> <span class='ocrx_word' id='word_1_468' title='bbox 969 5286 1079 5359; x_wconf 86' lang='grc' dir='ltr'>γὰρ</span> <span class='ocrx_word' id='word_1_469' title='bbox 1116 5284 1275 5357; x_wconf 89' lang='grc' dir='ltr'>μόνον</span> <span class='ocrx_word' id='word_1_470' title='bbox 1315 5284 1415 5356; x_wconf 83' lang='grc' dir='ltr'>τῆς</span> <span class='ocrx_word' id='word_1_471' title='bbox 1454 5285 1714 5357; x_wconf 71' lang='grc' dir='ltr'>τε).ευτὶ,ς</span> <span class='ocrx_word' id='word_1_472' title='bbox 1746 5288 1808 5341; x_wconf 90' lang='grc' dir='ltr'>τὸ</span> <span class='ocrx_word' id='word_1_473' title='bbox 1845 5283 1985 5354; x_wconf 77' lang='grc' dir='ltr'>εἶδος</span> 
     </span>
    </p>
   </div>
   <div class='ocr_carea' id='block_1_61' title="bbox 404 5367 1986 5444">
    <p class='ocr_par' dir='ltr' id='par_1_61' title="bbox 404 5367 1986 5444">
     <span class='ocr_line' id='line_1_61' title="bbox 404 5367 1986 5444; baseline -0.002 -18"><span class='ocrx_word' id='word_1_474' title='bbox 404 5374 508 5427; x_wconf 70' lang='grc' dir='ltr'>ὑπὸ</span> <span class='ocrx_word' id='word_1_475' title='bbox 529 5373 668 5444; x_wconf 84' lang='grc' dir='ltr'>ἀρὰν</span> <span class='ocrx_word' id='word_1_476' title='bbox 703 5373 898 5426; x_wconf 71' lang='grc' dir='ltr'>ἔκειτο.</span> <span class='ocrx_word' id='word_1_477' title='bbox 930 5367 1053 5424; x_wconf 80' lang='grc' dir='ltr'>Οἷόν</span> <span class='ocrx_word' id='word_1_478' title='bbox 1081 5388 1135 5423; x_wconf 91' lang='grc' dir='ltr'>τι</span> <span class='ocrx_word' id='word_1_479' title='bbox 1162 5368 1332 5435; x_wconf 81' lang='grc' dir='ltr'>λέγω’</span> <span class='ocrx_word' id='word_1_480' title='bbox 1362 5367 1473 5422; x_wconf 86' lang='grc' dir='ltr'>τῶν</span> <span class='ocrx_word' id='word_1_481' title='bbox 1489 5370 1908 5439; x_wconf 82' lang='grc' dir='ltr'>ἁμαρτανόντων</span> <span class='ocrx_word' id='word_1_482' title='bbox 1924 5373 1986 5427; x_wconf 82' lang='grc' dir='ltr'>τὸ</span> 
     </span>
    </p>
   </div>
   <div class='ocr_carea' id='block_1_62' title="bbox 404 5448 1986 5528">
    <p class='ocr_par' dir='ltr' id='par_1_62' title="bbox 404 5448 1986 5528">
     <span class='ocr_line' id='line_1_62' title="bbox 404 5448 1986 5528; baseline 0.003 -20"><span class='ocrx_word' id='word_1_483' title='bbox 404 5455 630 5509; x_wconf 86' lang='grc' dir='ltr'>παλαιὸν</span> <span class='ocrx_word' id='word_1_484' title='bbox 657 5456 706 5508; x_wconf 87' lang='grc' dir='ltr'>οἱ</span> <span class='ocrx_word' id='word_1_485' title='bbox 740 5456 836 5526; x_wconf 82' lang='grc' dir='ltr'>μὲν</span> <span class='ocrx_word' id='word_1_486' title='bbox 861 5455 1125 5514; x_wconf 89' lang='grc' dir='ltr'>ἐκαίοντο,</span> <span class='ocrx_word' id='word_1_487' title='bbox 1142 5454 1191 5505; x_wconf 90' lang='grc' dir='ltr'>οἱ</span> <span class='ocrx_word' id='word_1_488' title='bbox 1216 5452 1273 5505; x_wconf 84' lang='grc' dir='ltr'>δὲ</span> <span class='ocrx_word' id='word_1_489' title='bbox 1304 5449 1637 5517; x_wconf 78' lang='grc' dir='ltr'>ἐλιθάζοντο,</span> <span class='ocrx_word' id='word_1_490' title='bbox 1655 5452 1704 5505; x_wconf 85' lang='grc' dir='ltr'>οί</span> <span class='ocrx_word' id='word_1_491' title='bbox 1731 5448 1793 5505; x_wconf 79' lang='grc' dir='ltr'>δέ</span> <span class='ocrx_word' id='word_1_492' title='bbox 1816 5455 1986 5528; x_wconf 78' lang='grc' dir='ltr'>ἑτέρῳ</span> 
     </span>
    </p>
   </div>
   <div class='ocr_carea' id='block_1_63' title="bbox 402 5533 1984 5609">
    <p class='ocr_par' dir='ltr' id='par_1_63' title="bbox 402 5533 1984 5609">
     <span class='ocr_line' id='line_1_63' title="bbox 402 5533 1984 5609; baseline 0 -19"><span class='ocrx_word' id='word_1_493' title='bbox 402 5538 588 5608; x_wconf 76' lang='grc' dir='ltr'>τρόπῳ</span> <span class='ocrx_word' id='word_1_494' title='bbox 619 5538 889 5609; x_wconf 89' lang='grc' dir='ltr'>τιμωρίας</span> <span class='ocrx_word' id='word_1_495' title='bbox 919 5535 1009 5590; x_wconf 87' lang='grc' dir='ltr'>τὸν</span> <span class='ocrx_word' id='word_1_496' title='bbox 1037 5535 1149 5605; x_wconf 78' lang='grc' dir='ltr'>βίον</span> <span class='ocrx_word' id='word_1_497' title='bbox 1180 5534 1441 5588; x_wconf 86' lang='grc' dir='ltr'>κατέλυον</span> <span class='ocrx_word' id='word_1_498' title='bbox 1460 5550 1472 5562; x_wconf 87' lang='grc'><em>’</em></span> <span class='ocrx_word' id='word_1_499' title='bbox 1492 5536 1521 5587; x_wconf 83' lang='grc' dir='ltr'>ό</span> <span class='ocrx_word' id='word_1_500' title='bbox 1546 5533 1600 5587; x_wconf 77' lang='grc' dir='ltr'>δὲ</span> <span class='ocrx_word' id='word_1_501' title='bbox 1632 5535 1984 5591; x_wconf 85' lang='grc' dir='ltr'>ἀνεσκολοπι-</span> 
     </span>
    </p>
   </div>
   <div class='ocr_carea' id='block_1_64' title="bbox 407 5615 1985 5692">
    <p class='ocr_par' dir='ltr' id='par_1_64' title="bbox 407 5615 1985 5692">
     <span class='ocr_line' id='line_1_64' title="bbox 407 5615 1985 5692; baseline 0.003 -22"><span class='ocrx_word' id='word_1_502' title='bbox 407 5620 600 5688; x_wconf 85' lang='grc' dir='ltr'>σμένος</span> <span class='ocrx_word' id='word_1_503' title='bbox 618 5622 713 5675; x_wconf 74' lang='grc' dir='ltr'>καὶ</span> <span class='ocrx_word' id='word_1_504' title='bbox 729 5622 821 5673; x_wconf 73' lang='grc' dir='ltr'>ἐπὶ</span> <span class='ocrx_word' id='word_1_505' title='bbox 838 5619 993 5685; x_wconf 83' lang='grc' dir='ltr'>ξύλου</span> <span class='ocrx_word' id='word_1_506' title='bbox 1016 5619 1382 5692; x_wconf 84' lang='grc' dir='ltr'>κρεμάμενος,</span> <span class='ocrx_word' id='word_1_507' title='bbox 1405 5617 1467 5670; x_wconf 83' lang='grc' dir='ltr'>οὐ</span> <span class='ocrx_word' id='word_1_508' title='bbox 1496 5615 1654 5672; x_wconf 78' lang='grc' dir='ltr'>τοῦτο</span> <span class='ocrx_word' id='word_1_509' title='bbox 1679 5620 1839 5689; x_wconf 86' lang='grc' dir='ltr'>μόνον</span> <span class='ocrx_word' id='word_1_510' title='bbox 1853 5621 1985 5674; x_wconf 79' lang='grc' dir='ltr'>ὑπέ-</span> 
     </span>
    </p>
   </div>
   <div class='ocr_carea' id='block_1_65' title="bbox 410 5699 1980 5777">
    <p class='ocr_par' dir='ltr' id='par_1_65' title="bbox 410 5699 1980 5777">
     <span class='ocr_line' id='line_1_65' title="bbox 410 5699 1980 5777; baseline 0.002 -24"><span class='ocrx_word' id='word_1_511' title='bbox 410 5716 557 5766; x_wconf 86' lang='grc' dir='ltr'>μεινε</span> <span class='ocrx_word' id='word_1_512' title='bbox 592 5703 654 5755; x_wconf 82' lang='grc' dir='ltr'>τὸ</span> <span class='ocrx_word' id='word_1_513' title='bbox 683 5703 946 5773; x_wconf 84' lang='grc' dir='ltr'>χαλεπὸν,</span> <span class='ocrx_word' id='word_1_514' title='bbox 984 5703 1069 5756; x_wconf 85' lang='grc' dir='ltr'>ὅτι</span> <span class='ocrx_word' id='word_1_515' title='bbox 1106 5699 1332 5772; x_wconf 80' lang='grc' dir='ltr'>τοιαύτῃ</span> <span class='ocrx_word' id='word_1_516' title='bbox 1366 5699 1656 5765; x_wconf 76' lang='grc' dir='ltr'>ἐκολάζετο</span> <span class='ocrx_word' id='word_1_517' title='bbox 1693 5703 1980 5777; x_wconf 77' lang='grc' dir='ltr'>καταδίκῃ,</span> 
     </span>
    </p>
   </div>
   <div class='ocr_carea' id='block_1_66' title="bbox 414 5780 1981 5859">
    <p class='ocr_par' dir='ltr' id='par_1_66' title="bbox 414 5780 1981 5859">
     <span class='ocr_line' id='line_1_66' title="bbox 414 5780 1981 5859; baseline 0.004 -21"><span class='ocrx_word' id='word_1_518' title='bbox 414 5781 525 5838; x_wconf 82' lang='grc' dir='ltr'>ἀλλ’</span> <span class='ocrx_word' id='word_1_519' title='bbox 547 5783 628 5838; x_wconf 82' lang='grc' dir='ltr'>ὅτι</span> <span class='ocrx_word' id='word_1_520' title='bbox 651 5782 746 5840; x_wconf 82' lang='grc' dir='ltr'>καί</span> <span class='ocrx_word' id='word_1_521' title='bbox 807 5786 1078 5859; x_wconf 86' lang='grc' dir='ltr'>ἐπάρατος</span> <span class='ocrx_word' id='word_1_522' title='bbox 1113 5787 1142 5839; x_wconf 90' lang='grc' dir='ltr'>ὁ</span> <span class='ocrx_word' id='word_1_523' title='bbox 1179 5785 1417 5848; x_wconf 83' lang='grc' dir='ltr'>τοιοῦτος</span> <span class='ocrx_word' id='word_1_524' title='bbox 1464 5780 1552 5858; x_wconf 78' lang='grc' dir='ltr'>ἦν.</span> <span class='ocrx_word' id='word_1_525' title='bbox 1604 5788 1981 5859; x_wconf 71' lang='grc' dir='ltr'>Ἐπικατάρα-</span> 
     </span>
    </p>
   </div>
   <div class='ocr_carea' id='block_1_67' title="bbox 1102 298 2981 395">
    <p class='ocr_par' dir='ltr' id='par_1_67' title="bbox 1102 298 2981 395">
     <span class='ocr_line' id='line_1_67' title="bbox 1102 298 2981 395; baseline 0.002 -6"><span class='ocrx_word' id='word_1_526' title='bbox 1102 335 1160 390; x_wconf 83' lang='lat' dir='ltr'>s.</span> <span class='ocrx_word' id='word_1_527' title='bbox 1202 298 1487 391; x_wconf 63' lang='lat' dir='ltr'>JOASNIS</span> <span class='ocrx_word' id='word_1_528' title='bbox 1519 328 2017 390; x_wconf 73' lang='lat' dir='ltr'>cumsoswm</span> <span class='ocrx_word' id='word_1_529' title='bbox 2079 328 2399 388; x_wconf 78' lang='lat' dir='ltr'>ARCHIEP.</span> <span class='ocrx_word' id='word_1_530' title='bbox 2441 332 2981 395; x_wconf 65' lang='lat' dir='ltr'>CONSTANTINOP.</span> 
     </span>
    </p>
   </div>
   <div class='ocr_carea' id='block_1_68' title="bbox 3552 342 3669 401">
    <p class='ocr_par' dir='ltr' id='par_1_68' title="bbox 3552 342 3669 401">
     <span class='ocr_line' id='line_1_68' title="bbox 3552 342 3669 401; baseline 0.026 -2"><span class='ocrx_word' id='word_1_531' title='bbox 3552 342 3669 401; x_wconf 52' lang='lat'>$26</span> 
     </span>
    </p>
   </div>
   <div class='ocr_carea' id='block_1_69' title="bbox 2074 443 3660 521">
    <p class='ocr_par' dir='ltr' id='par_1_69' title="bbox 2074 443 3660 521">
     <span class='ocr_line' id='line_1_69' title="bbox 2074 443 3660 521; baseline 0.011 -26"><span class='ocrx_word' id='word_1_532' title='bbox 2074 457 2177 510; x_wconf 85' lang='grc' dir='ltr'>τος</span> <span class='ocrx_word' id='word_1_533' title='bbox 2214 443 2345 517; x_wconf 87' lang='grc' dir='ltr'>γάρ,</span> <span class='ocrx_word' id='word_1_534' title='bbox 2365 446 2519 518; x_wconf 74' lang='grc' dir='ltr'>φησὶ,</span> <span class='ocrx_word' id='word_1_535' title='bbox 2537 446 2657 515; x_wconf 83' lang='grc' dir='ltr'>πᾶς</span> <span class='ocrx_word' id='word_1_536' title='bbox 2688 450 2723 502; x_wconf 85' lang='grc' dir='ltr'>ό</span> <span class='ocrx_word' id='word_1_537' title='bbox 2746 448 3115 521; x_wconf 77' lang='grc' dir='ltr'>κρεμάμενος</span> <span class='ocrx_word' id='word_1_538' title='bbox 3145 451 3244 508; x_wconf 73' lang='grc' dir='ltr'>ἐπὶ</span> <span class='ocrx_word' id='word_1_539' title='bbox 3265 457 3474 521; x_wconf 69' lang='grc' dir='ltr'>ξύλου.</span> <span class='ocrx_word' id='word_1_540' title='bbox 3510 445 3660 502; x_wconf 74' lang='grc' dir='ltr'>Ἀλλ’</span> 
     </span>
    </p>
   </div>
   <div class='ocr_carea' id='block_1_70' title="bbox 2072 525 3670 613">
    <p class='ocr_par' dir='ltr' id='par_1_70' title="bbox 2072 525 3670 613">
     <span class='ocr_line' id='line_1_70' title="bbox 2072 525 3670 613; baseline 0.013 -35"><span class='ocrx_word' id='word_1_541' title='bbox 2072 525 2224 597; x_wconf 83' lang='grc' dir='ltr'>ὅμως</span> <span class='ocrx_word' id='word_1_542' title='bbox 2255 528 2317 581; x_wconf 88' lang='grc' dir='ltr'>τὸ</span> <span class='ocrx_word' id='word_1_543' title='bbox 2344 529 2620 613; x_wconf 87' lang='grc' dir='ltr'>ἐπάρατον</span> <span class='ocrx_word' id='word_1_544' title='bbox 2651 530 2830 595; x_wconf 80' lang='grc' dir='ltr'>τοῦτο,</span> <span class='ocrx_word' id='word_1_545' title='bbox 2862 535 2924 588; x_wconf 87' lang='grc' dir='ltr'>τὸ</span> <span class='ocrx_word' id='word_1_546' title='bbox 2951 536 3247 602; x_wconf 82' lang='grc' dir='ltr'>ἀπευκτὸν,</span> <span class='ocrx_word' id='word_1_547' title='bbox 3278 540 3339 594; x_wconf 90' lang='grc' dir='ltr'>τὸ</span> <span class='ocrx_word' id='word_1_548' title='bbox 3376 540 3477 612; x_wconf 83' lang='grc' dir='ltr'>τῆς</span> <span class='ocrx_word' id='word_1_549' title='bbox 3499 542 3670 613; x_wconf 83' lang='grc' dir='ltr'>ἐσχά-</span> 
     </span>
    </p>
   </div>
   <div class='ocr_carea' id='block_1_71' title="bbox 2074 612 3674 687">
    <p class='ocr_par' dir='ltr' id='par_1_71' title="bbox 2074 612 3674 687">
     <span class='ocr_line' id='line_1_71' title="bbox 2074 612 3674 687; baseline 0.013 -27"><span class='ocrx_word' id='word_1_550' title='bbox 2074 624 2172 681; x_wconf 88' lang='grc' dir='ltr'>της</span> <span class='ocrx_word' id='word_1_551' title='bbox 2196 612 2468 683; x_wconf 84' lang='grc' dir='ltr'>τιμωρίας</span> <span class='ocrx_word' id='word_1_552' title='bbox 2495 613 2784 685; x_wconf 90' lang='grc' dir='ltr'>σύμϐολον,</span> <span class='ocrx_word' id='word_1_553' title='bbox 2808 615 2905 670; x_wconf 83' lang='grc' dir='ltr'>νῦν</span> <span class='ocrx_word' id='word_1_554' title='bbox 2930 616 3121 687; x_wconf 80' lang='grc' dir='ltr'>γέγονε</span> <span class='ocrx_word' id='word_1_555' title='bbox 3155 620 3405 677; x_wconf 85' lang='grc' dir='ltr'>ποθεινὸν</span> <span class='ocrx_word' id='word_1_556' title='bbox 3434 622 3531 678; x_wconf 75' lang='grc' dir='ltr'>καὶ</span> <span class='ocrx_word' id='word_1_557' title='bbox 3564 627 3674 680; x_wconf 76' lang='grc' dir='ltr'>ἐπ-</span> 
     </span>
    </p>
   </div>
   <div class='ocr_carea' id='block_1_72' title="bbox 2075 692 3674 773">
    <p class='ocr_par' dir='ltr' id='par_1_72' title="bbox 2075 692 3674 773">
     <span class='ocr_line' id='line_1_72' title="bbox 2075 692 3674 773; baseline 0.011 -28"><span class='ocrx_word' id='word_1_558' title='bbox 2075 692 2323 773; x_wconf 85' lang='grc' dir='ltr'>έραστον.</span> <span class='ocrx_word' id='word_1_559' title='bbox 2349 696 2484 750; x_wconf 85' lang='grc' dir='ltr'>Οὐδὲ</span> <span class='ocrx_word' id='word_1_560' title='bbox 2510 699 2616 770; x_wconf 85' lang='grc' dir='ltr'>γάρ</span> <span class='ocrx_word' id='word_1_561' title='bbox 2638 697 2780 753; x_wconf 82' lang='grc' dir='ltr'>οὕτω</span> <span class='ocrx_word' id='word_1_562' title='bbox 2806 702 3069 770; x_wconf 87' lang='grc' dir='ltr'>στέφανος</span> <span class='ocrx_word' id='word_1_563' title='bbox 3090 702 3364 773; x_wconf 86' lang='grc' dir='ltr'>βασιλικὸς</span> <span class='ocrx_word' id='word_1_564' title='bbox 3391 707 3674 763; x_wconf 83' lang='grc' dir='ltr'>καλλωπί-</span> 
     </span>
    </p>
   </div>
   <div class='ocr_carea' id='block_1_73' title="bbox 2076 771 3671 862">
    <p class='ocr_par' dir='ltr' id='par_1_73' title="bbox 2076 771 3671 862">
     <span class='ocr_line' id='line_1_73' title="bbox 2076 771 3671 862; baseline 0.012 -35"><span class='ocrx_word' id='word_1_565' title='bbox 2076 771 2161 837; x_wconf 79' lang='grc' dir='ltr'>ζει</span> <span class='ocrx_word' id='word_1_566' title='bbox 2190 777 2454 862; x_wconf 82' lang='grc' dir='ltr'>κεφαλὴν,</span> <span class='ocrx_word' id='word_1_567' title='bbox 2483 778 2560 844; x_wconf 87' lang='grc' dir='ltr'>ὡς</span> <span class='ocrx_word' id='word_1_568' title='bbox 2584 782 2816 852; x_wconf 85' lang='grc' dir='ltr'>σταυρὸς</span> <span class='ocrx_word' id='word_1_569' title='bbox 2837 784 3035 848; x_wconf 90' lang='grc' dir='ltr'>παντὸς</span> <span class='ocrx_word' id='word_1_570' title='bbox 3064 771 3215 858; x_wconf 70' lang='grc'>[571]</span> <span class='ocrx_word' id='word_1_571' title='bbox 3234 788 3441 859; x_wconf 88' lang='grc' dir='ltr'>κόσμου</span> <span class='ocrx_word' id='word_1_572' title='bbox 3464 790 3671 862; x_wconf 83' lang='grc' dir='ltr'>τιμιώ-</span> 
     </span>
    </p>
   </div>
   <div class='ocr_carea' id='block_1_74' title="bbox 2073 860 3669 944">
    <p class='ocr_par' dir='ltr' id='par_1_74' title="bbox 2073 860 3669 944">
     <span class='ocr_line' id='line_1_74' title="bbox 2073 860 3669 944; baseline 0.012 -33"><span class='ocrx_word' id='word_1_573' title='bbox 2073 876 2235 944; x_wconf 78' lang='grc' dir='ltr'>τερος</span> <span class='ocrx_word' id='word_1_574' title='bbox 2257 860 2333 916; x_wconf 83' lang='grc' dir='ltr'>ῶν</span> <span class='ocrx_word' id='word_1_575' title='bbox 2352 879 2365 893; x_wconf 75' lang='grc'><strong><em>⁸</em></strong></span> <span class='ocrx_word' id='word_1_576' title='bbox 2385 864 2479 916; x_wconf 83' lang='grc' dir='ltr'>καί</span> <span class='ocrx_word' id='word_1_577' title='bbox 2510 863 2539 917; x_wconf 84' lang='grc' dir='ltr'>δ</span> <span class='ocrx_word' id='word_1_578' title='bbox 2567 864 2806 931; x_wconf 75' lang='grc' dir='ltr'>ἅπαντες</span> <span class='ocrx_word' id='word_1_579' title='bbox 2836 869 3452 944; x_wconf 58' lang='grc' dir='ltr'>ἐπεφρίκεσανίπρὼην,</span> <span class='ocrx_word' id='word_1_580' title='bbox 3470 860 3669 930; x_wconf 84' lang='grc' dir='ltr'>τούτου</span> 
     </span>
    </p>
   </div>
   <div class='ocr_carea' id='block_1_75' title="bbox 2076 942 3667 1026">
    <p class='ocr_par' dir='ltr' id='par_1_75' title="bbox 2076 942 3667 1026">
     <span class='ocr_line' id='line_1_75' title="bbox 2076 942 3667 1026; baseline 0.011 -30"><span class='ocrx_word' id='word_1_581' title='bbox 2076 942 2171 997; x_wconf 82' lang='grc' dir='ltr'>νῦν</span> <span class='ocrx_word' id='word_1_582' title='bbox 2192 944 2253 998; x_wconf 89' lang='grc' dir='ltr'>τὸ</span> <span class='ocrx_word' id='word_1_583' title='bbox 2271 945 2454 1017; x_wconf 82' lang='grc' dir='ltr'>σχῆμα</span> <span class='ocrx_word' id='word_1_584' title='bbox 2474 947 2645 1012; x_wconf 80' lang='grc' dir='ltr'>οὕτως</span> <span class='ocrx_word' id='word_1_585' title='bbox 2668 950 2814 1003; x_wconf 79' lang='grc' dir='ltr'>ἐστὶν</span> <span class='ocrx_word' id='word_1_586' title='bbox 2843 951 3014 1005; x_wconf 75' lang='grc' dir='ltr'>ἅπασι</span> <span class='ocrx_word' id='word_1_587' title='bbox 3031 942 3423 1026; x_wconf 83' lang='grc' dir='ltr'>περιμάχητον,</span> <span class='ocrx_word' id='word_1_588' title='bbox 3438 957 3510 1022; x_wconf 85' lang='grc' dir='ltr'>ὼς</span> <span class='ocrx_word' id='word_1_589' title='bbox 3524 975 3667 1013; x_wconf 63' lang='lat' dir='ltr'>navo</span> 
     </span>
    </p>
   </div>
   <div class='ocr_carea' id='block_1_76' title="bbox 2075 1027 3671 1113">
    <p class='ocr_par' dir='ltr' id='par_1_76' title="bbox 2075 1027 3671 1113">
     <span class='ocr_line' id='line_1_76' title="bbox 2075 1027 3671 1113; baseline 0.01 -33"><span class='ocrx_word' id='word_1_590' title='bbox 2075 1027 2242 1100; x_wconf 73' lang='grc' dir='ltr'>ταχοῦ</span> <span class='ocrx_word' id='word_1_591' title='bbox 2260 1028 2420 1084; x_wconf 83' lang='grc' dir='ltr'>τοῦτο</span> <span class='ocrx_word' id='word_1_592' title='bbox 2441 1030 2786 1104; x_wconf 84' lang='grc' dir='ltr'>εὑρίσκεσθαι</span> <span class='ocrx_word' id='word_1_593' title='bbox 2816 1035 2967 1106; x_wconf 83' lang='grc' dir='ltr'>παρὰ</span> <span class='ocrx_word' id='word_1_594' title='bbox 2992 1034 3241 1107; x_wconf 77' lang='grc' dir='ltr'>ἄρχουσι,</span> <span class='ocrx_word' id='word_1_595' title='bbox 3255 1040 3407 1112; x_wconf 65' lang='grc' dir='ltr'>παρὰ</span> <span class='ocrx_word' id='word_1_596' title='bbox 3429 1042 3671 1113; x_wconf 80' lang='grc' dir='ltr'>ἀρχομέ-</span> 
     </span>
    </p>
   </div>
   <div class='ocr_carea' id='block_1_77' title="bbox 2075 1114 3666 1196">
    <p class='ocr_par' dir='ltr' id='par_1_77' title="bbox 2075 1114 3666 1196">
     <span class='ocr_line' id='line_1_77' title="bbox 2075 1114 3666 1196; baseline 0.008 -29"><span class='ocrx_word' id='word_1_597' title='bbox 2075 1129 2213 1196; x_wconf 66' lang='grc' dir='ltr'>νοις,</span> <span class='ocrx_word' id='word_1_598' title='bbox 2251 1114 2403 1185; x_wconf 76' lang='grc' dir='ltr'>παρὰ</span> <span class='ocrx_word' id='word_1_599' title='bbox 2431 1115 2666 1184; x_wconf 79' lang='grc' dir='ltr'>γυναιξὶ,</span> <span class='ocrx_word' id='word_1_600' title='bbox 2711 1116 2864 1190; x_wconf 84' lang='grc' dir='ltr'>παρά</span> <span class='ocrx_word' id='word_1_601' title='bbox 2904 1118 3152 1192; x_wconf 84' lang='grc' dir='ltr'>ἀνδράσι,</span> <span class='ocrx_word' id='word_1_602' title='bbox 3182 1123 3333 1194; x_wconf 86' lang='grc' dir='ltr'>παρά</span> <span class='ocrx_word' id='word_1_603' title='bbox 3354 1125 3666 1196; x_wconf 84' lang='grc' dir='ltr'>παρθένοις,</span> 
     </span>
    </p>
   </div>
   <div class='ocr_carea' id='block_1_78' title="bbox 2077 1194 3665 1280">
    <p class='ocr_par' dir='ltr' id='par_1_78' title="bbox 2077 1194 3665 1280">
     <span class='ocr_line' id='line_1_78' title="bbox 2077 1194 3665 1280; baseline 0.009 -33"><span class='ocrx_word' id='word_1_604' title='bbox 2077 1194 2230 1280; x_wconf 73' lang='grc' dir='ltr'>παρά</span> <span class='ocrx_word' id='word_1_605' title='bbox 2251 1197 2690 1280; x_wconf 78' lang='grc' dir='ltr'>γεγαμημέναις,</span> <span class='ocrx_word' id='word_1_606' title='bbox 2726 1200 2877 1272; x_wconf 84' lang='grc' dir='ltr'>παρά</span> <span class='ocrx_word' id='word_1_607' title='bbox 2906 1201 3133 1269; x_wconf 87' lang='grc' dir='ltr'>δούλοις,</span> <span class='ocrx_word' id='word_1_608' title='bbox 3158 1203 3308 1273; x_wconf 87' lang='grc' dir='ltr'>παρά</span> <span class='ocrx_word' id='word_1_609' title='bbox 3334 1194 3665 1280; x_wconf 79' lang='grc' dir='ltr'>ἐλευθέροις.</span> 
     </span>
    </p>
   </div>
   <div class='ocr_carea' id='block_1_79' title="bbox 2076 1277 3669 1370">
    <p class='ocr_par' dir='ltr' id='par_1_79' title="bbox 2076 1277 3669 1370">
     <span class='ocr_line' id='line_1_79' title="bbox 2076 1277 3669 1370; baseline 0.01 -41"><span class='ocrx_word' id='word_1_610' title='bbox 2076 1277 2189 1370; x_wconf 56' lang='lat' dir='ltr'>Kal</span> <span class='ocrx_word' id='word_1_611' title='bbox 2203 1278 2312 1370; x_wconf 82' lang='grc' dir='ltr'>γὰρ</span> <span class='ocrx_word' id='word_1_612' title='bbox 2326 1278 2571 1370; x_wconf 61' lang='grc' dir='ltr'>συνεχῶς</span> <span class='ocrx_word' id='word_1_613' title='bbox 2597 1282 2731 1370; x_wconf 78' lang='grc' dir='ltr'>αὐτὸ</span> <span class='ocrx_word' id='word_1_614' title='bbox 2746 1283 2989 1370; x_wconf 80' lang='grc' dir='ltr'>ἀπαντες</span> <span class='ocrx_word' id='word_1_615' title='bbox 3008 1287 3434 1370; x_wconf 87' lang='grc' dir='ltr'>ἐγχαράττουσιν</span> <span class='ocrx_word' id='word_1_616' title='bbox 3449 1277 3543 1345; x_wconf 80' lang='grc' dir='ltr'>ἐπί</span> <span class='ocrx_word' id='word_1_617' title='bbox 3571 1290 3669 1345; x_wconf 78' lang='grc' dir='ltr'>τοῦ</span> 
     </span>
    </p>
   </div>
   <div class='ocr_carea' id='block_1_80' title="bbox 2077 1360 3668 1446">
    <p class='ocr_par' dir='ltr' id='par_1_80' title="bbox 2077 1360 3668 1446">
     <span class='ocr_line' id='line_1_80' title="bbox 2077 1360 3668 1446; baseline 0.011 -35"><span class='ocrx_word' id='word_1_618' title='bbox 2077 1360 2198 1446; x_wconf 36' lang='grc' dir='ltr'>τῶν.</span> <span class='ocrx_word' id='word_1_619' title='bbox 2215 1360 2393 1446; x_wconf 84' lang='grc' dir='ltr'>μελῶν</span> <span class='ocrx_word' id='word_1_620' title='bbox 2413 1362 2569 1446; x_wconf 72' lang='grc' dir='ltr'>ἡμῶν</span> <span class='ocrx_word' id='word_1_621' title='bbox 2592 1365 2992 1437; x_wconf 87' lang='grc' dir='ltr'>ἐπισημοτέρου</span> <span class='ocrx_word' id='word_1_622' title='bbox 3021 1369 3239 1439; x_wconf 84' lang='grc' dir='ltr'>μέρους,</span> <span class='ocrx_word' id='word_1_623' title='bbox 3270 1372 3366 1425; x_wconf 81' lang='grc' dir='ltr'>καί</span> <span class='ocrx_word' id='word_1_624' title='bbox 3390 1371 3583 1446; x_wconf 87' lang='grc' dir='ltr'>ῶσπερ</span> <span class='ocrx_word' id='word_1_625' title='bbox 3608 1374 3668 1430; x_wconf 78' lang='grc' dir='ltr'>ἐν</span> 
     </span>
    </p>
   </div>
   <div class='ocr_carea' id='block_1_81' title="bbox 2081 1441 3669 1527">
    <p class='ocr_par' dir='ltr' id='par_1_81' title="bbox 2081 1441 3669 1527">
     <span class='ocr_line' id='line_1_81' title="bbox 2081 1441 3669 1527; baseline 0.012 -33"><span class='ocrx_word' id='word_1_626' title='bbox 2081 1441 2251 1527; x_wconf 79' lang='grc' dir='ltr'>στήλη</span> <span class='ocrx_word' id='word_1_627' title='bbox 2279 1445 2372 1498; x_wconf 70' lang='grc' dir='ltr'>ἐπ)⁸</span> <span class='ocrx_word' id='word_1_628' title='bbox 2400 1443 2495 1498; x_wconf 79' lang='grc' dir='ltr'>τοῦ</span> <span class='ocrx_word' id='word_1_629' title='bbox 2540 1446 2794 1518; x_wconf 86' lang='grc' dir='ltr'>μετώπου</span> <span class='ocrx_word' id='word_1_630' title='bbox 2822 1449 2944 1504; x_wconf 85' lang='grc' dir='ltr'>καθ’</span> <span class='ocrx_word' id='word_1_631' title='bbox 2975 1452 3212 1525; x_wconf 72' lang='grc' dir='ltr'>ἑκάστην</span> <span class='ocrx_word' id='word_1_632' title='bbox 3241 1455 3456 1527; x_wconf 79' lang='grc' dir='ltr'>ἡμέραν</span> <span class='ocrx_word' id='word_1_633' title='bbox 3492 1441 3669 1513; x_wconf 80' lang='grc' dir='ltr'>διατυ-</span> 
     </span>
    </p>
   </div>
   <div class='ocr_carea' id='block_1_82' title="bbox 2079 1524 3665 1615">
    <p class='ocr_par' dir='ltr' id='par_1_82' title="bbox 2079 1524 3665 1615">
     <span class='ocr_line' id='line_1_82' title="bbox 2079 1524 3665 1615; baseline 0.021 -44"><span class='ocrx_word' id='word_1_634' title='bbox 2079 1524 2349 1615; x_wconf 55' lang='grc' dir='ltr'>τὶούμενον</span> <span class='ocrx_word' id='word_1_635' title='bbox 2376 1528 2791 1615; x_wconf 70' lang='grc' dir='ltr'>περιφέρουσιν.</span> <span class='ocrx_word' id='word_1_636' title='bbox 2832 1527 3001 1598; x_wconf 75' lang='grc' dir='ltr'>Οὗτος</span> <span class='ocrx_word' id='word_1_637' title='bbox 3028 1535 3087 1588; x_wconf 87' lang='grc' dir='ltr'>ἐν</span> <span class='ocrx_word' id='word_1_638' title='bbox 3115 1538 3182 1608; x_wconf 78' lang='grc' dir='ltr'>τῇ</span> <span class='ocrx_word' id='word_1_639' title='bbox 3225 1524 3364 1615; x_wconf 71' lang='grc' dir='ltr'>ιερᾷξ</span> <span class='ocrx_word' id='word_1_640' title='bbox 3396 1540 3665 1615; x_wconf 76' lang='grc' dir='ltr'>τραπέζῃ.</span> 
     </span>
    </p>
   </div>
   <div class='ocr_carea' id='block_1_83' title="bbox 2078 1601 3669 1689">
    <p class='ocr_par' dir='ltr' id='par_1_83' title="bbox 2078 1601 3669 1689">
     <span class='ocr_line' id='line_1_83' title="bbox 2078 1601 3669 1689; baseline 0.011 -28"><span class='ocrx_word' id='word_1_641' title='bbox 2078 1601 2233 1672; x_wconf 75' lang='grc' dir='ltr'>οὗτος</span> <span class='ocrx_word' id='word_1_642' title='bbox 2267 1611 2325 1663; x_wconf 89' lang='grc' dir='ltr'>ἐν</span> <span class='ocrx_word' id='word_1_643' title='bbox 2348 1612 2470 1676; x_wconf 90' lang='grc' dir='ltr'>ταῖς</span> <span class='ocrx_word' id='word_1_644' title='bbox 2498 1612 2608 1667; x_wconf 87' lang='grc' dir='ltr'>τῶν</span> <span class='ocrx_word' id='word_1_645' title='bbox 2655 1615 2845 1687; x_wconf 88' lang='grc' dir='ltr'>ίερέων</span> <span class='ocrx_word' id='word_1_646' title='bbox 2886 1601 3455 1689; x_wconf 67' lang='grc' dir='ltr'>χειρπονίάις,ὀῦτος</span> 
     </span>
    </p>
   </div>
   <div class='ocr_carea' id='block_1_84' title="bbox 2083 1690 3668 1774">
    <p class='ocr_par' dir='ltr' id='par_1_84' title="bbox 2083 1690 3668 1774">
     <span class='ocr_line' id='line_1_84' title="bbox 2083 1690 3668 1774; baseline 0.011 -31"><span class='ocrx_word' id='word_1_647' title='bbox 2083 1690 2223 1762; x_wconf 87' lang='grc' dir='ltr'>μετά</span> <span class='ocrx_word' id='word_1_648' title='bbox 2244 1691 2339 1746; x_wconf 79' lang='grc' dir='ltr'>τοῦ</span> <span class='ocrx_word' id='word_1_649' title='bbox 2376 1694 2626 1765; x_wconf 86' lang='grc' dir='ltr'>σώματος</span> <span class='ocrx_word' id='word_1_650' title='bbox 2656 1697 2752 1752; x_wconf 73' lang='grc' dir='ltr'>τοῦ</span> <span class='ocrx_word' id='word_1_651' title='bbox 2785 1698 3024 1773; x_wconf 82' lang='grc' dir='ltr'>Χριστοῦ</span> <span class='ocrx_word' id='word_1_652' title='bbox 3059 1702 3153 1756; x_wconf 75' lang='grc' dir='ltr'>ἐπὶ</span> <span class='ocrx_word' id='word_1_653' title='bbox 3180 1701 3243 1755; x_wconf 83' lang='grc' dir='ltr'>τὸ</span> <span class='ocrx_word' id='word_1_654' title='bbox 3269 1704 3530 1774; x_wconf 85' lang='grc' dir='ltr'>μυστικὸν</span> <span class='ocrx_word' id='word_1_655' title='bbox 3557 1706 3668 1760; x_wconf 80' lang='grc' dir='ltr'>δεῖ-</span> 
     </span>
    </p>
   </div>
   <div class='ocr_carea' id='block_1_85' title="bbox 2082 1775 3667 1858">
    <p class='ocr_par' dir='ltr' id='par_1_85' title="bbox 2082 1775 3667 1858">
     <span class='ocr_line' id='line_1_85' title="bbox 2082 1775 3667 1858; baseline 0.009 -29"><span class='ocrx_word' id='word_1_656' title='bbox 2082 1792 2213 1858; x_wconf 81' lang='grc' dir='ltr'>πνον</span> <span class='ocrx_word' id='word_1_657' title='bbox 2250 1775 2573 1848; x_wconf 89' lang='grc' dir='ltr'>διαλάμπει·</span> <span class='ocrx_word' id='word_1_658' title='bbox 2601 1779 2791 1835; x_wconf 84' lang='grc' dir='ltr'>τοῦτον</span> <span class='ocrx_word' id='word_1_659' title='bbox 2827 1784 3104 1855; x_wconf 88' lang='grc' dir='ltr'>πανταχοῦ</span> <span class='ocrx_word' id='word_1_660' title='bbox 3134 1786 3426 1858; x_wconf 89' lang='grc' dir='ltr'>χορεύοντα</span> <span class='ocrx_word' id='word_1_661' title='bbox 3455 1789 3555 1843; x_wconf 84' lang='grc' dir='ltr'>ῐδοι</span> <span class='ocrx_word' id='word_1_662' title='bbox 3582 1805 3667 1855; x_wconf 92' lang='grc' dir='ltr'>τις</span> 
     </span>
    </p>
   </div>
   <div class='ocr_carea' id='block_1_86' title="bbox 2083 1856 3669 1941">
    <p class='ocr_par' dir='ltr' id='par_1_86' title="bbox 2083 1856 3669 1941">
     <span class='ocr_line' id='line_1_86' title="bbox 2083 1856 3669 1941; baseline 0.011 -31"><span class='ocrx_word' id='word_1_663' title='bbox 2083 1856 2171 1941; x_wconf 74' lang='grc' dir='ltr'>ἀν,</span> <span class='ocrx_word' id='word_1_664' title='bbox 2194 1859 2253 1910; x_wconf 92' lang='grc' dir='ltr'>ἐν</span> <span class='ocrx_word' id='word_1_665' title='bbox 2289 1859 2489 1923; x_wconf 80' lang='grc' dir='ltr'>οἰκίαις</span> <span class='ocrx_word' id='word_1_666' title='bbox 2508 1899 2522 1923; x_wconf 90' lang='grc'>,</span> <span class='ocrx_word' id='word_1_667' title='bbox 2553 1862 2611 1914; x_wconf 90' lang='grc' dir='ltr'>ἐν</span> <span class='ocrx_word' id='word_1_668' title='bbox 2640 1864 2897 1935; x_wconf 87' lang='grc' dir='ltr'>ἀγοραῖς,</span> <span class='ocrx_word' id='word_1_669' title='bbox 2931 1868 2988 1921; x_wconf 88' lang='grc' dir='ltr'>ἐν</span> <span class='ocrx_word' id='word_1_670' title='bbox 3023 1856 3304 1941; x_wconf 81' lang='grc' dir='ltr'>ἐρημίαις,</span> <span class='ocrx_word' id='word_1_671' title='bbox 3326 1871 3385 1924; x_wconf 86' lang='grc' dir='ltr'>ἐν</span> <span class='ocrx_word' id='word_1_672' title='bbox 3415 1872 3575 1938; x_wconf 83' lang='grc' dir='ltr'>ὁδοῖς,</span> <span class='ocrx_word' id='word_1_673' title='bbox 3608 1874 3669 1927; x_wconf 86' lang='grc' dir='ltr'>ἐν</span> 
     </span>
    </p>
   </div>
   <div class='ocr_carea' id='block_1_87' title="bbox 2082 1939 3668 2027">
    <p class='ocr_par' dir='ltr' id='par_1_87' title="bbox 2082 1939 3668 2027">
     <span class='ocr_line' id='line_1_87' title="bbox 2082 1939 3668 2027; baseline 0.011 -34"><span class='ocrx_word' id='word_1_674' title='bbox 2082 1939 2287 2027; x_wconf 81' lang='grc' dir='ltr'>δρεσιν,</span> <span class='ocrx_word' id='word_1_675' title='bbox 2313 1942 2372 1997; x_wconf 87' lang='grc' dir='ltr'>ἐν</span> <span class='ocrx_word' id='word_1_676' title='bbox 2398 1942 2619 2010; x_wconf 86' lang='grc' dir='ltr'>νάπαις,</span> <span class='ocrx_word' id='word_1_677' title='bbox 2637 1948 2695 1999; x_wconf 90' lang='grc' dir='ltr'>ἐν</span> <span class='ocrx_word' id='word_1_678' title='bbox 2719 1945 2948 2018; x_wconf 85' lang='grc' dir='ltr'>βουνοῖς,</span> <span class='ocrx_word' id='word_1_679' title='bbox 2977 1951 3035 2004; x_wconf 86' lang='grc' dir='ltr'>ἐν</span> <span class='ocrx_word' id='word_1_680' title='bbox 3058 1939 3307 2027; x_wconf 79' lang='grc' dir='ltr'>θαλάττῃ</span> <span class='ocrx_word' id='word_1_681' title='bbox 3334 1956 3429 2009; x_wconf 77' lang='grc' dir='ltr'>καὶ</span> <span class='ocrx_word' id='word_1_682' title='bbox 3464 1956 3668 2020; x_wconf 89' lang='grc' dir='ltr'>πλοίοις</span> 
     </span>
    </p>
   </div>
   <div class='ocr_carea' id='block_1_88' title="bbox 2082 2025 3668 2105">
    <p class='ocr_par' dir='ltr' id='par_1_88' title="bbox 2082 2025 3668 2105">
     <span class='ocr_line' id='line_1_88' title="bbox 2082 2025 3668 2105; baseline 0.01 -26"><span class='ocrx_word' id='word_1_683' title='bbox 2082 2025 2176 2079; x_wconf 84' lang='grc' dir='ltr'>καί</span> <span class='ocrx_word' id='word_1_684' title='bbox 2206 2026 2411 2095; x_wconf 80' lang='grc' dir='ltr'>νήσοις,</span> <span class='ocrx_word' id='word_1_685' title='bbox 2449 2028 2509 2081; x_wconf 89' lang='grc' dir='ltr'>ἐν</span> <span class='ocrx_word' id='word_1_686' title='bbox 2537 2028 2765 2095; x_wconf 87' lang='grc' dir='ltr'>κλίναις,</span> <span class='ocrx_word' id='word_1_687' title='bbox 2795 2034 2854 2088; x_wconf 86' lang='grc' dir='ltr'>ἐν</span> <span class='ocrx_word' id='word_1_688' title='bbox 2887 2034 3142 2105; x_wconf 80' lang='grc' dir='ltr'>ἱματίοις,</span> <span class='ocrx_word' id='word_1_689' title='bbox 3166 2038 3222 2090; x_wconf 89' lang='grc' dir='ltr'>ἐν</span> <span class='ocrx_word' id='word_1_690' title='bbox 3255 2025 3460 2105; x_wconf 68' lang='grc' dir='ltr'>ὅπλοις,</span> <span class='ocrx_word' id='word_1_691' title='bbox 3490 2040 3587 2094; x_wconf 73' lang='grc' dir='ltr'>καὶ</span> <span class='ocrx_word' id='word_1_692' title='bbox 3610 2041 3668 2095; x_wconf 83' lang='grc' dir='ltr'>ἐν</span> 
     </span>
    </p>
   </div>
   <div class='ocr_carea' id='block_1_89' title="bbox 2084 2109 3668 2194">
    <p class='ocr_par' dir='ltr' id='par_1_89' title="bbox 2084 2109 3668 2194">
     <span class='ocr_line' id='line_1_89' title="bbox 2084 2109 3668 2194; baseline 0.011 -34"><span class='ocrx_word' id='word_1_693' title='bbox 2084 2109 2377 2194; x_wconf 87' lang='grc' dir='ltr'>παστάσιν,</span> <span class='ocrx_word' id='word_1_694' title='bbox 2423 2111 2482 2166; x_wconf 85' lang='grc' dir='ltr'>ἐν</span> <span class='ocrx_word' id='word_1_695' title='bbox 2520 2114 2866 2183; x_wconf 86' lang='grc' dir='ltr'>συμποσίοις,</span> <span class='ocrx_word' id='word_1_696' title='bbox 2904 2118 2964 2171; x_wconf 91' lang='grc' dir='ltr'>ἐν</span> <span class='ocrx_word' id='word_1_697' title='bbox 3009 2118 3260 2175; x_wconf 86' lang='grc' dir='ltr'>σκεύεσιν</span> <span class='ocrx_word' id='word_1_698' title='bbox 3301 2122 3586 2194; x_wconf 85' lang='grc' dir='ltr'>ἀργυροῖς,</span> <span class='ocrx_word' id='word_1_699' title='bbox 3610 2125 3668 2178; x_wconf 91' lang='grc' dir='ltr'>ἐν</span> 
     </span>
    </p>
   </div>
   <div class='ocr_carea' id='block_1_90' title="bbox 2083 2193 3669 2277">
    <p class='ocr_par' dir='ltr' id='par_1_90' title="bbox 2083 2193 3669 2277">
     <span class='ocr_line' id='line_1_90' title="bbox 2083 2193 3669 2277; baseline 0.011 -32"><span class='ocrx_word' id='word_1_700' title='bbox 2083 2193 2338 2277; x_wconf 80' lang='grc' dir='ltr'>χρυσέοις</span> <span class='ocrx_word' id='word_1_701' title='bbox 2364 2235 2379 2261; x_wconf 95' lang='grc'>,</span> <span class='ocrx_word' id='word_1_702' title='bbox 2424 2196 2481 2247; x_wconf 86' lang='grc' dir='ltr'>ἐν</span> <span class='ocrx_word' id='word_1_703' title='bbox 2518 2198 2919 2271; x_wconf 87' lang='grc' dir='ltr'>μαργαρίταις,</span> <span class='ocrx_word' id='word_1_704' title='bbox 2959 2201 3018 2256; x_wconf 83' lang='grc' dir='ltr'>ἐν</span> <span class='ocrx_word' id='word_1_705' title='bbox 3055 2202 3252 2275; x_wconf 88' lang='grc' dir='ltr'>τοίχων</span> <span class='ocrx_word' id='word_1_706' title='bbox 3302 2193 3561 2277; x_wconf 85' lang='grc' dir='ltr'>γραφαῖς,</span> <span class='ocrx_word' id='word_1_707' title='bbox 3611 2211 3669 2263; x_wconf 85' lang='grc' dir='ltr'>ἐν</span> 
     </span>
    </p>
   </div>
   <div class='ocr_carea' id='block_1_91' title="bbox 2088 2275 3668 2363">
    <p class='ocr_par' dir='ltr' id='par_1_91' title="bbox 2088 2275 3668 2363">
     <span class='ocr_line' id='line_1_91' title="bbox 2088 2275 3668 2363; baseline 0.013 -36"><span class='ocrx_word' id='word_1_708' title='bbox 2088 2275 2335 2363; x_wconf 81' lang='grc' dir='ltr'>σώμασιν</span> <span class='ocrx_word' id='word_1_709' title='bbox 2368 2277 2599 2363; x_wconf 63' lang='grc' dir='ltr'>Δἀλόγων</span> <span class='ocrx_word' id='word_1_710' title='bbox 2639 2281 2810 2337; x_wconf 88' lang='grc' dir='ltr'>πολλά</span> <span class='ocrx_word' id='word_1_711' title='bbox 2853 2287 3269 2358; x_wconf 87' lang='grc' dir='ltr'>πεπονηκότων,</span> <span class='ocrx_word' id='word_1_712' title='bbox 3313 2275 3372 2344; x_wconf 85' lang='grc' dir='ltr'>ἐν</span> <span class='ocrx_word' id='word_1_713' title='bbox 3423 2275 3668 2363; x_wconf 82' lang='grc' dir='ltr'>σώμασιν</span> 
     </span>
    </p>
   </div>
   <div class='ocr_carea' id='block_1_92' title="bbox 2086 2359 3666 2448">
    <p class='ocr_par' dir='ltr' id='par_1_92' title="bbox 2086 2359 3666 2448">
     <span class='ocr_line' id='line_1_92' title="bbox 2086 2359 3666 2448; baseline 0.011 -36"><span class='ocrx_word' id='word_1_714' title='bbox 2086 2359 2488 2448; x_wconf 29' lang='grc' dir='ltr'>ὕπὸλδαιμόνων</span> <span class='ocrx_word' id='word_1_715' title='bbox 2519 2362 3017 2448; x_wconf 78' lang='grc' dir='ltr'>πολιορκουμένων,</span> <span class='ocrx_word' id='word_1_716' title='bbox 3049 2371 3106 2424; x_wconf 84' lang='grc' dir='ltr'>ἐν</span> <span class='ocrx_word' id='word_1_717' title='bbox 3124 2371 3404 2443; x_wconf 81' lang='grc' dir='ltr'>πολέμοις,</span> <span class='ocrx_word' id='word_1_718' title='bbox 3435 2376 3492 2427; x_wconf 87' lang='grc' dir='ltr'>ἐν</span> <span class='ocrx_word' id='word_1_719' title='bbox 3507 2359 3666 2448; x_wconf 36' lang='grc' dir='ltr'>*εἰρή-</span> 
     </span>
    </p>
   </div>
   <div class='ocr_carea' id='block_1_93' title="bbox 2084 2443 3665 2528">
    <p class='ocr_par' dir='ltr' id='par_1_93' title="bbox 2084 2443 3665 2528">
     <span class='ocr_line' id='line_1_93' title="bbox 2084 2443 3665 2528; baseline 0.011 -33"><span class='ocrx_word' id='word_1_720' title='bbox 2084 2460 2173 2528; x_wconf 78' lang='grc' dir='ltr'>νη,</span> <span class='ocrx_word' id='word_1_721' title='bbox 2203 2443 2262 2497; x_wconf 88' lang='grc' dir='ltr'>ἐν</span> <span class='ocrx_word' id='word_1_722' title='bbox 2290 2443 2549 2514; x_wconf 79' lang='grc' dir='ltr'>ἡμέραις,</span> <span class='ocrx_word' id='word_1_723' title='bbox 2574 2447 2631 2499; x_wconf 89' lang='grc' dir='ltr'>ἐν</span> <span class='ocrx_word' id='word_1_724' title='bbox 2676 2448 2849 2517; x_wconf 79' lang='grc' dir='ltr'>νυξὶν,</span> <span class='ocrx_word' id='word_1_725' title='bbox 2873 2453 2930 2504; x_wconf 92' lang='grc' dir='ltr'>ἐν</span> <span class='ocrx_word' id='word_1_726' title='bbox 2954 2453 3285 2524; x_wconf 82' lang='grc' dir='ltr'>τρυφώντων</span> <span class='ocrx_word' id='word_1_727' title='bbox 3310 2443 3589 2528; x_wconf 41' lang='grc' dir='ltr'>χορείαις(</span> <span class='ocrx_word' id='word_1_728' title='bbox 3608 2443 3665 2512; x_wconf 76' lang='grc' dir='ltr'>ἐν</span> 
     </span>
    </p>
   </div>
   <div class='ocr_carea' id='block_1_94' title="bbox 2087 2526 3666 2613">
    <p class='ocr_par' dir='ltr' id='par_1_94' title="bbox 2087 2526 3666 2613">
     <span class='ocr_line' id='line_1_94' title="bbox 2087 2526 3666 2613; baseline 0.011 -35"><span class='ocrx_word' id='word_1_729' title='bbox 2087 2526 2666 2613; x_wconf 73' lang='grc' dir='ltr'>σκληραγωγουμένων</span> <span class='ocrx_word' id='word_1_730' title='bbox 2716 2534 3009 2607; x_wconf 83' lang='grc' dir='ltr'>φρατρίαις</span> <span class='ocrx_word' id='word_1_731' title='bbox 3037 2553 3052 2567; x_wconf 79' lang='grc' dir='ltr'><strong>ο</strong></span> <span class='ocrx_word' id='word_1_732' title='bbox 3087 2536 3229 2592; x_wconf 78' lang='grc' dir='ltr'>οὕτω</span> <span class='ocrx_word' id='word_1_733' title='bbox 3294 2526 3666 2613; x_wconf 86' lang='grc' dir='ltr'>περιμάχητον</span> 
     </span>
    </p>
   </div>
   <div class='ocr_carea' id='block_1_95' title="bbox 2086 2610 3666 2696">
    <p class='ocr_par' dir='ltr' id='par_1_95' title="bbox 2086 2610 3666 2696">
     <span class='ocr_line' id='line_1_95' title="bbox 2086 2610 3666 2696; baseline 0.011 -34"><span class='ocrx_word' id='word_1_734' title='bbox 2086 2610 2258 2696; x_wconf 76' lang='grc' dir='ltr'>ἅπασι</span> <span class='ocrx_word' id='word_1_735' title='bbox 2302 2612 2496 2681; x_wconf 88' lang='grc' dir='ltr'>γέγονε</span> <span class='ocrx_word' id='word_1_736' title='bbox 2528 2614 2590 2667; x_wconf 89' lang='grc' dir='ltr'>τὸ</span> <span class='ocrx_word' id='word_1_737' title='bbox 2634 2614 2948 2689; x_wconf 87' lang='grc' dir='ltr'>θαυμαστὸν</span> <span class='ocrx_word' id='word_1_738' title='bbox 2987 2619 3146 2675; x_wconf 77' lang='grc' dir='ltr'>τοῦτο</span> <span class='ocrx_word' id='word_1_739' title='bbox 3183 2610 3380 2695; x_wconf 77' lang='grc' dir='ltr'>δῶρον,</span> <span class='ocrx_word' id='word_1_740' title='bbox 3462 2610 3666 2696; x_wconf 75' lang='grc' dir='ltr'>ἄφατος</span> 
     </span>
    </p>
   </div>
   <div class='ocr_carea' id='block_1_96' title="bbox 2086 2692 3666 2776">
    <p class='ocr_par' dir='ltr' id='par_1_96' title="bbox 2086 2692 3666 2776">
     <span class='ocr_line' id='line_1_96' title="bbox 2086 2692 3666 2776; baseline 0.013 -30"><span class='ocrx_word' id='word_1_741' title='bbox 2086 2692 2226 2765; x_wconf 76' lang='grc' dir='ltr'>αὕτη</span> <span class='ocrx_word' id='word_1_742' title='bbox 2269 2698 2447 2768; x_wconf 81' lang='grc' dir='ltr'>χάρις.</span> <span class='ocrx_word' id='word_1_743' title='bbox 2494 2698 2685 2764; x_wconf 83' lang='grc' dir='ltr'>Ούδείς</span> <span class='ocrx_word' id='word_1_744' title='bbox 2728 2702 3073 2773; x_wconf 88' lang='grc' dir='ltr'>αἰσχύνεται,</span> <span class='ocrx_word' id='word_1_745' title='bbox 3124 2705 3226 2758; x_wconf 83' lang='grc' dir='ltr'>οὐκ</span> <span class='ocrx_word' id='word_1_746' title='bbox 3264 2692 3666 2776; x_wconf 24' lang='grc' dir='ltr'>*ἐγκαλύπτεται</span> 
     </span>
    </p>
   </div>
   <div class='ocr_carea' id='block_1_97' title="bbox 2087 2778 3666 2864">
    <p class='ocr_par' dir='ltr' id='par_1_97' title="bbox 2087 2778 3666 2864">
     <span class='ocr_line' id='line_1_97' title="bbox 2087 2778 3666 2864; baseline 0.011 -34"><span class='ocrx_word' id='word_1_747' title='bbox 2087 2778 2302 2864; x_wconf 81' lang='grc' dir='ltr'>ἐννοῶν,</span> <span class='ocrx_word' id='word_1_748' title='bbox 2340 2783 2422 2837; x_wconf 85' lang='grc' dir='ltr'>ὅτι</span> <span class='ocrx_word' id='word_1_749' title='bbox 2460 2783 2693 2839; x_wconf 82' lang='grc' dir='ltr'>θανάτου</span> <span class='ocrx_word' id='word_1_750' title='bbox 2730 2783 2826 2837; x_wconf 81' lang='grc' dir='ltr'>τοῦ</span> <span class='ocrx_word' id='word_1_751' title='bbox 2860 2786 3135 2858; x_wconf 84' lang='grc' dir='ltr'>ἐπαράτου</span> <span class='ocrx_word' id='word_1_752' title='bbox 3173 2788 3335 2843; x_wconf 82' lang='grc' dir='ltr'>τοῦτο</span> <span class='ocrx_word' id='word_1_753' title='bbox 3378 2790 3666 2864; x_wconf 88' lang='grc' dir='ltr'>σύμϐολον,</span> 
     </span>
    </p>
   </div>
   <div class='ocr_carea' id='block_1_98' title="bbox 2087 2862 3666 2948">
    <p class='ocr_par' dir='ltr' id='par_1_98' title="bbox 2087 2862 3666 2948">
     <span class='ocr_line' id='line_1_98' title="bbox 2087 2862 3666 2948; baseline 0.011 -33"><span class='ocrx_word' id='word_1_754' title='bbox 2087 2862 2223 2918; x_wconf 86' lang='grc' dir='ltr'>ἀλλά</span> <span class='ocrx_word' id='word_1_755' title='bbox 2250 2866 2451 2933; x_wconf 89' lang='grc' dir='ltr'>πάντες</span> <span class='ocrx_word' id='word_1_756' title='bbox 2472 2868 2648 2940; x_wconf 86' lang='grc' dir='ltr'>τούτῳ</span> <span class='ocrx_word' id='word_1_757' title='bbox 2677 2869 3135 2942; x_wconf 80' lang='grc' dir='ltr'>καλλωπιζόμεθα</span> <span class='ocrx_word' id='word_1_758' title='bbox 3161 2872 3361 2945; x_wconf 84' lang='grc' dir='ltr'>μᾶλλον</span> <span class='ocrx_word' id='word_1_759' title='bbox 3395 2875 3429 2948; x_wconf 77' lang='grc' dir='ltr'>ἢ</span> <span class='ocrx_word' id='word_1_760' title='bbox 3454 2862 3666 2947; x_wconf 79' lang='grc' dir='ltr'>στεφά-</span> 
     </span>
    </p>
   </div>
   <div class='ocr_carea' id='block_1_99' title="bbox 2086 2951 3667 3034">
    <p class='ocr_par' dir='ltr' id='par_1_99' title="bbox 2086 2951 3667 3034">
     <span class='ocr_line' id='line_1_99' title="bbox 2086 2951 3667 3034; baseline 0.009 -32"><span class='ocrx_word' id='word_1_761' title='bbox 2086 2965 2200 3034; x_wconf 75' lang='grc' dir='ltr'>νοις</span> <span class='ocrx_word' id='word_1_762' title='bbox 2237 2951 2335 3034; x_wconf 69' lang='grc' dir='ltr'>καί</span> <span class='ocrx_word' id='word_1_763' title='bbox 2363 2951 2659 3026; x_wconf 86' lang='grc' dir='ltr'>διαδήμασι</span> <span class='ocrx_word' id='word_1_764' title='bbox 2690 2954 2785 3009; x_wconf 74' lang='grc' dir='ltr'>καὶ</span> <span class='ocrx_word' id='word_1_765' title='bbox 2810 2954 3034 3026; x_wconf 88' lang='grc' dir='ltr'>μυρίαις</span> <span class='ocrx_word' id='word_1_766' title='bbox 3062 2959 3414 3030; x_wconf 87' lang='grc' dir='ltr'>μαργαριτῶν</span> <span class='ocrx_word' id='word_1_767' title='bbox 3454 2962 3667 3034; x_wconf 87' lang='grc' dir='ltr'>περιϐο-</span> 
     </span>
    </p>
   </div>
   <div class='ocr_carea' id='block_1_100' title="bbox 2087 3031 3665 3109">
    <p class='ocr_par' dir='ltr' id='par_1_100' title="bbox 2087 3031 3665 3109">
     <span class='ocr_line' id='line_1_100' title="bbox 2087 3031 3665 3109; baseline 0.011 -26"><span class='ocrx_word' id='word_1_768' title='bbox 2087 3031 2208 3096; x_wconf 92' lang='grc' dir='ltr'>λαῖς</span> <span class='ocrx_word' id='word_1_769' title='bbox 2230 3032 2449 3100; x_wconf 76' lang='grc' dir='ltr'>’.οὕτως</span> <span class='ocrx_word' id='word_1_770' title='bbox 2475 3037 2538 3089; x_wconf 80' lang='grc' dir='ltr'>ού</span> <span class='ocrx_word' id='word_1_771' title='bbox 2564 3036 2725 3107; x_wconf 87' lang='grc' dir='ltr'>μόνον</span> <span class='ocrx_word' id='word_1_772' title='bbox 2744 3037 2846 3091; x_wconf 84' lang='grc' dir='ltr'>οὐκ</span> <span class='ocrx_word' id='word_1_773' title='bbox 2878 3038 2995 3093; x_wconf 80' lang='grc' dir='ltr'>ἐστι</span> <span class='ocrx_word' id='word_1_774' title='bbox 3022 3041 3273 3109; x_wconf 87' lang='grc' dir='ltr'>φευκτὸς,</span> <span class='ocrx_word' id='word_1_775' title='bbox 3300 3043 3435 3097; x_wconf 85' lang='grc' dir='ltr'>ἀλλὰ</span> <span class='ocrx_word' id='word_1_776' title='bbox 3461 3031 3554 3098; x_wconf 65' lang='grc' dir='ltr'>καὶ</span> <span class='ocrx_word' id='word_1_777' title='bbox 3575 3064 3665 3100; x_wconf 76' lang='grc' dir='ltr'>πο·</span> 
     </span>
    </p>
   </div>
   <div class='ocr_carea' id='block_1_101' title="bbox 2088 3115 3666 3196">
    <p class='ocr_par' dir='ltr' id='par_1_101' title="bbox 2088 3115 3666 3196">
     <span class='ocr_line' id='line_1_101' title="bbox 2088 3115 3666 3196; baseline 0.008 -26"><span class='ocrx_word' id='word_1_778' title='bbox 2088 3115 2260 3182; x_wconf 87' lang='grc' dir='ltr'>θεινὸς</span> <span class='ocrx_word' id='word_1_779' title='bbox 2290 3120 2386 3173; x_wconf 77' lang='grc' dir='ltr'>καὶ</span> <span class='ocrx_word' id='word_1_780' title='bbox 2410 3120 2713 3193; x_wconf 79' lang='grc' dir='ltr'>ἐπέραστος</span> <span class='ocrx_word' id='word_1_781' title='bbox 2742 3124 2837 3177; x_wconf 81' lang='grc' dir='ltr'>καὶ</span> <span class='ocrx_word' id='word_1_782' title='bbox 2866 3124 3332 3196; x_wconf 88' lang='grc' dir='ltr'>περισπούδαστος</span> <span class='ocrx_word' id='word_1_783' title='bbox 3368 3128 3666 3196; x_wconf 76' lang='grc' dir='ltr'>ἅπασι,καί</span> 
     </span>
    </p>
   </div>
   <div class='ocr_carea' id='block_1_102' title="bbox 2087 3202 3667 3285">
    <p class='ocr_par' dir='ltr' id='par_1_102' title="bbox 2087 3202 3667 3285">
     <span class='ocr_line' id='line_1_102' title="bbox 2087 3202 3667 3285; baseline 0.009 -32"><span class='ocrx_word' id='word_1_784' title='bbox 2087 3202 2366 3285; x_wconf 83' lang='grc' dir='ltr'>πανταχοῦ</span> <span class='ocrx_word' id='word_1_785' title='bbox 2413 3203 2738 3276; x_wconf 82' lang='grc' dir='ltr'>διαλάμπων</span> <span class='ocrx_word' id='word_1_786' title='bbox 2781 3207 2877 3260; x_wconf 79' lang='grc' dir='ltr'>καὶ</span> <span class='ocrx_word' id='word_1_787' title='bbox 2925 3207 3323 3281; x_wconf 87' lang='grc' dir='ltr'>διεσπαρμένος</span> <span class='ocrx_word' id='word_1_788' title='bbox 3366 3213 3426 3267; x_wconf 89' lang='grc' dir='ltr'>ἐν</span> <span class='ocrx_word' id='word_1_789' title='bbox 3470 3214 3667 3285; x_wconf 80' lang='grc' dir='ltr'>τοίχοις</span> 
     </span>
    </p>
   </div>
   <div class='ocr_carea' id='block_1_103' title="bbox 2086 3284 3667 3369">
    <p class='ocr_par' dir='ltr' id='par_1_103' title="bbox 2086 3284 3667 3369">
     <span class='ocr_line' id='line_1_103' title="bbox 2086 3284 3667 3369; baseline 0.009 -32"><span class='ocrx_word' id='word_1_790' title='bbox 2086 3284 2274 3351; x_wconf 70' lang='grc' dir='ltr'>οἴκων,</span> <span class='ocrx_word' id='word_1_791' title='bbox 2310 3288 2368 3342; x_wconf 90' lang='grc' dir='ltr'>ἐν</span> <span class='ocrx_word' id='word_1_792' title='bbox 2395 3287 2589 3361; x_wconf 84' lang='grc' dir='ltr'>ὀροφῇ,</span> <span class='ocrx_word' id='word_1_793' title='bbox 2626 3291 2684 3343; x_wconf 86' lang='grc' dir='ltr'>ἐν</span> <span class='ocrx_word' id='word_1_794' title='bbox 2715 3289 2940 3361; x_wconf 83' lang='grc' dir='ltr'>βίϐλοις,</span> <span class='ocrx_word' id='word_1_795' title='bbox 2977 3294 3034 3346; x_wconf 88' lang='grc' dir='ltr'>ἐν</span> <span class='ocrx_word' id='word_1_796' title='bbox 3069 3293 3318 3359; x_wconf 88' lang='grc' dir='ltr'>πόλεσιν,</span> <span class='ocrx_word' id='word_1_797' title='bbox 3346 3297 3404 3350; x_wconf 91' lang='grc' dir='ltr'>ἐν</span> <span class='ocrx_word' id='word_1_798' title='bbox 3432 3284 3667 3369; x_wconf 85' lang='grc' dir='ltr'>κώμαις,</span> 
     </span>
    </p>
   </div>
   <div class='ocr_carea' id='block_1_104' title="bbox 2088 3372 3667 3449">
    <p class='ocr_par' dir='ltr' id='par_1_104' title="bbox 2088 3372 3667 3449">
     <span class='ocr_line' id='line_1_104' title="bbox 2088 3372 3667 3449; baseline 0.008 -25"><span class='ocrx_word' id='word_1_799' title='bbox 2088 3372 2146 3425; x_wconf 91' lang='grc' dir='ltr'>ἐν</span> <span class='ocrx_word' id='word_1_800' title='bbox 2169 3373 2288 3436; x_wconf 87' lang='grc' dir='ltr'>ταῖς</span> <span class='ocrx_word' id='word_1_801' title='bbox 2315 3373 2610 3445; x_wconf 83' lang='grc' dir='ltr'>ἀοικήτοις,</span> <span class='ocrx_word' id='word_1_802' title='bbox 2635 3376 2693 3427; x_wconf 90' lang='grc' dir='ltr'>ἐν</span> <span class='ocrx_word' id='word_1_803' title='bbox 2713 3378 2832 3439; x_wconf 90' lang='grc' dir='ltr'>ταῖς</span> <span class='ocrx_word' id='word_1_804' title='bbox 2859 3375 3224 3449; x_wconf 89' lang='grc' dir='ltr'>οἰκουμέναις.</span> <span class='ocrx_word' id='word_1_805' title='bbox 3258 3379 3458 3445; x_wconf 83' lang='grc' dir='ltr'>Ἡδέως</span> <span class='ocrx_word' id='word_1_806' title='bbox 3484 3381 3551 3435; x_wconf 76' lang='grc' dir='ltr'>ἂν</span> <span class='ocrx_word' id='word_1_807' title='bbox 3580 3377 3667 3436; x_wconf 77' lang='grc' dir='ltr'>οὖν</span> 
     </span>
    </p>
   </div>
   <div class='ocr_carea' id='block_1_105' title="bbox 2088 3455 3667 3536">
    <p class='ocr_par' dir='ltr' id='par_1_105' title="bbox 2088 3455 3667 3536">
     <span class='ocr_line' id='line_1_105' title="bbox 2088 3455 3667 3536; baseline 0.008 -28"><span class='ocrx_word' id='word_1_808' title='bbox 2088 3455 2317 3527; x_wconf 85' lang='grc' dir='ltr'>ἐροίμην</span> <span class='ocrx_word' id='word_1_809' title='bbox 2364 3457 2454 3511; x_wconf 88' lang='grc' dir='ltr'>τὸν</span> <span class='ocrx_word' id='word_1_810' title='bbox 2495 3458 2732 3531; x_wconf 89' lang='grc' dir='ltr'>Ἕλληνα</span> <span class='ocrx_word' id='word_1_811' title='bbox 2768 3458 2952 3513; x_wconf 86' lang='grc' dir='ltr'>λοιπὸν</span> <span class='ocrx_word' id='word_1_812' title='bbox 2976 3501 2990 3526; x_wconf 94' lang='grc'>,</span> <span class='ocrx_word' id='word_1_813' title='bbox 3024 3460 3190 3517; x_wconf 90' lang='grc' dir='ltr'>πόθεν</span> <span class='ocrx_word' id='word_1_814' title='bbox 3236 3464 3336 3536; x_wconf 84' lang='grc' dir='ltr'>τῆς</span> <span class='ocrx_word' id='word_1_815' title='bbox 3374 3464 3667 3536; x_wconf 80' lang='grc' dir='ltr'>καταδίκης</span> 
     </span>
    </p>
   </div>
   <div class='ocr_carea' id='block_1_106' title="bbox 2085 3536 3666 3619">
    <p class='ocr_par' dir='ltr' id='par_1_106' title="bbox 2085 3536 3666 3619">
     <span class='ocr_line' id='line_1_106' title="bbox 2085 3536 3666 3619; baseline 0.007 -26"><span class='ocrx_word' id='word_1_816' title='bbox 2085 3540 2311 3612; x_wconf 85' lang='grc' dir='ltr'>ταύτης,</span> <span class='ocrx_word' id='word_1_817' title='bbox 2360 3542 2455 3596; x_wconf 82' lang='grc' dir='ltr'>τοῦ</span> <span class='ocrx_word' id='word_1_818' title='bbox 2504 3542 2735 3598; x_wconf 86' lang='grc' dir='ltr'>θανάτου</span> <span class='ocrx_word' id='word_1_819' title='bbox 2778 3542 2872 3598; x_wconf 82' lang='grc' dir='ltr'>τοῦ</span> <span class='ocrx_word' id='word_1_820' title='bbox 2911 3544 3189 3618; x_wconf 81' lang='grc' dir='ltr'>ἐπαράτου</span> <span class='ocrx_word' id='word_1_821' title='bbox 3229 3536 3418 3603; x_wconf 87' lang='grc' dir='ltr'>τούτου</span> <span class='ocrx_word' id='word_1_822' title='bbox 3450 3549 3516 3603; x_wconf 88' lang='grc' dir='ltr'>τὸ</span> <span class='ocrx_word' id='word_1_823' title='bbox 3540 3547 3666 3619; x_wconf 85' lang='grc' dir='ltr'>σύμ-</span> 
     </span>
    </p>
   </div>
   <div class='ocr_carea' id='block_1_107' title="bbox 2088 3622 3672 3707">
    <p class='ocr_par' dir='ltr' id='par_1_107' title="bbox 2088 3622 3672 3707">
     <span class='ocr_line' id='line_1_107' title="bbox 2088 3622 3672 3707; baseline 0.011 -33"><span class='ocrx_word' id='word_1_824' title='bbox 2088 3622 2241 3678; x_wconf 83' lang='grc' dir='ltr'>ϐολον</span> <span class='ocrx_word' id='word_1_825' title='bbox 2271 3625 2442 3678; x_wconf 77' lang='grc' dir='ltr'>ἅπασι</span> <span class='ocrx_word' id='word_1_826' title='bbox 2464 3625 2733 3691; x_wconf 87' lang='grc' dir='ltr'>ποθεινὸν,</span> <span class='ocrx_word' id='word_1_827' title='bbox 2761 3627 3248 3702; x_wconf 87' lang='grc' dir='ltr'>περισπούδαστον,</span> <span class='ocrx_word' id='word_1_828' title='bbox 3278 3635 3326 3687; x_wconf 89' lang='grc' dir='ltr'>εἰ</span> <span class='ocrx_word' id='word_1_829' title='bbox 3356 3632 3432 3707; x_wconf 82' lang='grc' dir='ltr'>μὴ</span> <span class='ocrx_word' id='word_1_830' title='bbox 3461 3635 3672 3707; x_wconf 80' lang='grc' dir='ltr'>μεγάλη</span> 
     </span>
    </p>
   </div>
   <div class='ocr_carea' id='block_1_108' title="bbox 2085 3707 2981 3784">
    <p class='ocr_par' dir='ltr' id='par_1_108' title="bbox 2085 3707 2981 3784">
     <span class='ocr_line' id='line_1_108' title="bbox 2085 3707 2981 3784; baseline 0.009 -25"><span class='ocrx_word' id='word_1_831' title='bbox 2085 3707 2179 3761; x_wconf 76' lang='grc' dir='ltr'>τοῦ</span> <span class='ocrx_word' id='word_1_832' title='bbox 2219 3707 2624 3779; x_wconf 90' lang='grc' dir='ltr'>σταυρωθέντος</span> <span class='ocrx_word' id='word_1_833' title='bbox 2656 3710 2981 3784; x_wconf 86' lang='grc' dir='ltr'>ἡδύναμις;</span> 
     </span>
    </p>
   </div>
   <div class='ocr_carea' id='block_1_109' title="bbox 2161 3791 3665 3873">
    <p class='ocr_par' dir='ltr' id='par_1_109' title="bbox 2161 3791 3665 3873">
     <span class='ocr_line' id='line_1_109' title="bbox 2161 3791 3665 3873; baseline 0.014 -29"><span class='ocrx_word' id='word_1_834' title='bbox 2161 3791 2305 3845; x_wconf 59' lang='grc' dir='ltr'>ι’ρΕί</span> <span class='ocrx_word' id='word_1_835' title='bbox 2327 3792 2436 3863; x_wconf 82' lang='grc' dir='ltr'>γὰρ</span> <span class='ocrx_word' id='word_1_836' title='bbox 2464 3793 2629 3864; x_wconf 84' lang='grc' dir='ltr'>μηδὲν</span> <span class='ocrx_word' id='word_1_837' title='bbox 2662 3791 2799 3850; x_wconf 77' lang='grc' dir='ltr'>εἶναι</span> <span class='ocrx_word' id='word_1_838' title='bbox 2827 3797 2989 3853; x_wconf 81' lang='grc' dir='ltr'>τοῦτο</span> <span class='ocrx_word' id='word_1_839' title='bbox 3019 3800 3084 3854; x_wconf 80' lang='grc' dir='ltr'>σὺ</span> <span class='ocrx_word' id='word_1_840' title='bbox 3116 3802 3357 3873; x_wconf 79' lang='grc' dir='ltr'>νομίζεις</span> <span class='ocrx_word' id='word_1_841' title='bbox 3392 3808 3487 3862; x_wconf 83' lang='grc' dir='ltr'>καί</span> <span class='ocrx_word' id='word_1_842' title='bbox 3520 3810 3665 3864; x_wconf 86' lang='grc' dir='ltr'>ἀναι-</span> 
     </span>
    </p>
   </div>
   <div class='ocr_carea' id='block_1_110' title="bbox 2089 3873 3679 3955">
    <p class='ocr_par' dir='ltr' id='par_1_110' title="bbox 2089 3873 3679 3955">
     <span class='ocr_line' id='line_1_110' title="bbox 2089 3873 3679 3955; baseline 0.014 -31"><span class='ocrx_word' id='word_1_843' title='bbox 2089 3876 2338 3944; x_wconf 88' lang='grc' dir='ltr'>σχυντεῖς</span> <span class='ocrx_word' id='word_1_844' title='bbox 2364 3873 2464 3942; x_wconf 79' lang='grc' dir='ltr'>ἔτι,</span> <span class='ocrx_word' id='word_1_845' title='bbox 2496 3877 2588 3928; x_wconf 77' lang='grc' dir='ltr'>καὶ</span> <span class='ocrx_word' id='word_1_846' title='bbox 2614 3877 2752 3950; x_wconf 86' lang='grc' dir='ltr'>πρὸς</span> <span class='ocrx_word' id='word_1_847' title='bbox 2773 3879 2873 3952; x_wconf 82' lang='grc' dir='ltr'>τὴν</span> <span class='ocrx_word' id='word_1_848' title='bbox 2901 3881 3157 3955; x_wconf 80' lang='grc' dir='ltr'>ἀλήθειαν</span> <span class='ocrx_word' id='word_1_849' title='bbox 3185 3886 3555 3955; x_wconf 89' lang='grc' dir='ltr'>ἀντιϐλέπεις,</span> <span class='ocrx_word' id='word_1_850' title='bbox 3579 3894 3679 3948; x_wconf 82' lang='grc' dir='ltr'>καὶ</span> 
     </span>
    </p>
   </div>
   <div class='ocr_carea' id='block_1_111' title="bbox 2088 3956 3677 4044">
    <p class='ocr_par' dir='ltr' id='par_1_111' title="bbox 2088 3956 3677 4044">
     <span class='ocr_line' id='line_1_111' title="bbox 2088 3956 3677 4044; baseline 0.026 -53"><span class='ocrx_word' id='word_1_851' title='bbox 2088 3956 2225 4044; x_wconf 45' lang='grc' dir='ltr'>,ἱρὸς</span> <span class='ocrx_word' id='word_1_852' title='bbox 2262 3956 2324 4044; x_wconf 45' lang='grc' dir='ltr'>τὸ</span> <span class='ocrx_word' id='word_1_853' title='bbox 2352 3958 2468 4044; x_wconf 44' lang='grc' dir='ltr'>φῶς</span> <span class='ocrx_word' id='word_1_854' title='bbox 2508 3959 2839 4044; x_wconf 70' lang='grc' dir='ltr'>ωφλῴττεις</span> <span class='ocrx_word' id='word_1_855' title='bbox 2862 4004 2876 4028; x_wconf 91' lang='grc'>,</span> <span class='ocrx_word' id='word_1_856' title='bbox 2909 3965 3041 4037; x_wconf 86' lang='grc' dir='ltr'>φέρε</span> <span class='ocrx_word' id='word_1_857' title='bbox 3076 3984 3159 4022; x_wconf 91' lang='grc' dir='ltr'>σοι</span> <span class='ocrx_word' id='word_1_858' title='bbox 3195 3968 3458 4042; x_wconf 80' lang='grc' dir='ltr'>δείξωμεν</span> <span class='ocrx_word' id='word_1_859' title='bbox 3483 3976 3577 4030; x_wconf 77' lang='grc' dir='ltr'>καί</span> <span class='ocrx_word' id='word_1_860' title='bbox 3615 3976 3677 4044; x_wconf 76' lang='grc' dir='ltr'>ἐξ</span> 
     </span>
    </p>
   </div>
   <div class='ocr_carea' id='block_1_112' title="bbox 2087 4037 3671 4129">
    <p class='ocr_par' dir='ltr' id='par_1_112' title="bbox 2087 4037 3671 4129">
     <span class='ocr_line' id='line_1_112' title="bbox 2087 4037 3671 4129; baseline 0.015 -39"><span class='ocrx_word' id='word_1_861' title='bbox 2087 4037 2253 4129; x_wconf 65' lang='grc' dir='ltr'>άλλης</span> <span class='ocrx_word' id='word_1_862' title='bbox 2275 4039 2585 4129; x_wconf 73' lang='grc' dir='ltr'>ὑποθέσεως</span> <span class='ocrx_word' id='word_1_863' title='bbox 2600 4043 2787 4115; x_wconf 86' lang='grc' dir='ltr'>ήλίκον</span> <span class='ocrx_word' id='word_1_864' title='bbox 2811 4044 2968 4129; x_wconf 81' lang='grc' dir='ltr'>τοῦτό</span> <span class='ocrx_word' id='word_1_865' title='bbox 2991 4050 3131 4105; x_wconf 87' lang='grc' dir='ltr'>ἐστι.</span> <span class='ocrx_word' id='word_1_866' title='bbox 3163 4050 3328 4117; x_wconf 88' lang='grc' dir='ltr'>Ποίας</span> <span class='ocrx_word' id='word_1_867' title='bbox 3346 4037 3411 4127; x_wconf 80' lang='grc' dir='ltr'>δὴ</span> <span class='ocrx_word' id='word_1_868' title='bbox 3432 4037 3671 4129; x_wconf 70' lang='grc' dir='ltr'>ταύτηςξ</span> 
     </span>
    </p>
   </div>
   <div class='ocr_carea' id='block_1_113' title="bbox 2091 4123 3668 4213">
    <p class='ocr_par' dir='ltr' id='par_1_113' title="bbox 2091 4123 3668 4213">
     <span class='ocr_line' id='line_1_113' title="bbox 2091 4123 3668 4213; baseline 0.013 -38"><span class='ocrx_word' id='word_1_869' title='bbox 2091 4123 2381 4213; x_wconf 26' lang='grc' dir='ltr'>ἶΈστιμτοῖς</span> <span class='ocrx_word' id='word_1_870' title='bbox 2423 4124 2703 4213; x_wconf 50' lang='grc' dir='ltr'>δικάζουσι</span> <span class='ocrx_word' id='word_1_871' title='bbox 2742 4128 2913 4183; x_wconf 85' lang='grc' dir='ltr'>πολλὰ</span> <span class='ocrx_word' id='word_1_872' title='bbox 2944 4123 3668 4213; x_wconf 68' lang='grc' dir='ltr'>βασανιστηρίωνέῖδη,ξύ-</span> 
     </span>
    </p>
   </div>
   <div class='ocr_carea' id='block_1_114' title="bbox 2086 4205 3678 4287">
    <p class='ocr_par' dir='ltr' id='par_1_114' title="bbox 2086 4205 3678 4287">
     <span class='ocr_line' id='line_1_114' title="bbox 2086 4205 3678 4287; baseline 0.014 -28"><span class='ocrx_word' id='word_1_873' title='bbox 2086 4205 2180 4260; x_wconf 87' lang='grc' dir='ltr'>λον</span> <span class='ocrx_word' id='word_1_874' title='bbox 2200 4245 2216 4272; x_wconf 92' lang='grc'>,</span> <span class='ocrx_word' id='word_1_875' title='bbox 2248 4207 2494 4278; x_wconf 88' lang='grc' dir='ltr'>ἰμάντες,</span> <span class='ocrx_word' id='word_1_876' title='bbox 2538 4209 2761 4281; x_wconf 86' lang='grc' dir='ltr'>δνυχες,</span> <span class='ocrx_word' id='word_1_877' title='bbox 2796 4213 3096 4284; x_wconf 85' lang='grc' dir='ltr'>μολιϐδίδες</span> <span class='ocrx_word' id='word_1_878' title='bbox 3120 4258 3133 4283; x_wconf 90' lang='grc'>,</span> <span class='ocrx_word' id='word_1_879' title='bbox 3166 4205 3351 4275; x_wconf 37' lang='grc' dir='ltr'>δι’Ἷῶν</span> <span class='ocrx_word' id='word_1_880' title='bbox 3392 4205 3570 4287; x_wconf 76' lang='grc' dir='ltr'>ξέουσι</span> <span class='ocrx_word' id='word_1_881' title='bbox 3591 4205 3678 4281; x_wconf 67' lang='grc' dir='ltr'>τὰ</span> 
     </span>
    </p>
   </div>
   <div class='ocr_carea' id='block_1_115' title="bbox 2089 4290 3673 4377">
    <p class='ocr_par' dir='ltr' id='par_1_115' title="bbox 2089 4290 3673 4377">
     <span class='ocr_line' id='line_1_115' title="bbox 2089 4290 3673 4377; baseline 0.011 -33"><span class='ocrx_word' id='word_1_882' title='bbox 2089 4290 2317 4377; x_wconf 40' lang='grc' dir='ltr'>σιτζματα</span> <span class='ocrx_word' id='word_1_883' title='bbox 2344 4290 2444 4377; x_wconf 62' lang='grc' dir='ltr'>καὶ</span> <span class='ocrx_word' id='word_1_884' title='bbox 2477 4291 2815 4363; x_wconf 76' lang='grc' dir='ltr'>διασχίζουσι</span> <span class='ocrx_word' id='word_1_885' title='bbox 2846 4297 2915 4352; x_wconf 83' lang='grc' dir='ltr'>τά</span> <span class='ocrx_word' id='word_1_886' title='bbox 2947 4299 3081 4372; x_wconf 89' lang='grc' dir='ltr'>μέλη</span> <span class='ocrx_word' id='word_1_887' title='bbox 3128 4303 3222 4356; x_wconf 88' lang='grc' dir='ltr'>καί</span> <span class='ocrx_word' id='word_1_888' title='bbox 3253 4303 3540 4377; x_wconf 83' lang='grc' dir='ltr'>ἐξαρτῶσι.</span> <span class='ocrx_word' id='word_1_889' title='bbox 3576 4310 3673 4375; x_wconf 82' lang='grc' dir='ltr'>Τίς</span> 
     </span>
    </p>
   </div>
   <div class='ocr_carea' id='block_1_116' title="bbox 2087 4371 3705 4453">
    <p class='ocr_par' dir='ltr' id='par_1_116' title="bbox 2087 4371 3705 4453">
     <span class='ocr_line' id='line_1_116' title="bbox 2087 4371 3705 4453; baseline 0.014 -30"><span class='ocrx_word' id='word_1_890' title='bbox 2087 4372 2219 4439; x_wconf 83' lang='grc' dir='ltr'>γοῦν</span> <span class='ocrx_word' id='word_1_891' title='bbox 2247 4371 2312 4425; x_wconf 75' lang='grc' dir='ltr'>ἂν</span> <span class='ocrx_word' id='word_1_892' title='bbox 2343 4373 2516 4427; x_wconf 74' lang='grc' dir='ltr'>ἕλοιτο</span> <span class='ocrx_word' id='word_1_893' title='bbox 2559 4378 2732 4430; x_wconf 82' lang='grc' dir='ltr'>ταῦτα</span> <span class='ocrx_word' id='word_1_894' title='bbox 2777 4381 2857 4442; x_wconf 81' lang='grc' dir='ltr'>εἰς</span> <span class='ocrx_word' id='word_1_895' title='bbox 2897 4371 3077 4437; x_wconf 89' lang='grc' dir='ltr'>οἰκίαν</span> <span class='ocrx_word' id='word_1_896' title='bbox 3108 4385 3335 4453; x_wconf 88' lang='grc' dir='ltr'>ἀγαγεῖν</span> <span class='ocrx_word' id='word_1_897' title='bbox 3354 4371 3380 4453; x_wconf 42' lang='lat'><strong>&#39;;</strong></span> <span class='ocrx_word' id='word_1_898' title='bbox 3418 4389 3502 4453; x_wconf 88' lang='grc' dir='ltr'>τίς</span> <span class='ocrx_word' id='word_1_899' title='bbox 3525 4390 3570 4443; x_wconf 89' lang='grc' dir='ltr'>δ’</span> <span class='ocrx_word' id='word_1_900' title='bbox 3605 4371 3674 4446; x_wconf 73' lang='grc' dir='ltr'>ἂν</span> <span class='ocrx_word' id='word_1_901' title='bbox 3701 4450 3705 4453; x_wconf 97' lang='lat'><em>_</em></span> 
     </span>
    </p>
   </div>
   <div class='ocr_carea' id='block_1_117' title="bbox 2089 4454 3676 4544">
    <p class='ocr_par' dir='ltr' id='par_1_117' title="bbox 2089 4454 3676 4544">
     <span class='ocr_line' id='line_1_117' title="bbox 2089 4454 3676 4544; baseline 0.013 -35"><span class='ocrx_word' id='word_1_902' title='bbox 2089 4454 2655 4544; x_wconf 48' lang='lat' dir='ltr'>icataﬁéiafto_15tpbg</span> <span class='ocrx_word' id='word_1_903' title='bbox 2679 4461 2919 4532; x_wconf 64' lang='grc' dir='ltr'>ἅψασθαι</span> <span class='ocrx_word' id='word_1_904' title='bbox 2955 4466 3064 4519; x_wconf 86' lang='grc' dir='ltr'>τῶν</span> <span class='ocrx_word' id='word_1_905' title='bbox 3081 4467 3255 4523; x_wconf 77' lang='grc' dir='ltr'>ταῦτα</span> <span class='ocrx_word' id='word_1_906' title='bbox 3285 4471 3676 4544; x_wconf 74' lang='grc' dir='ltr'>ἐργαζομένων</span> 
     </span>
    </p>
   </div>
   <div class='ocr_carea' id='block_1_118' title="bbox 2086 4538 3676 4625">
    <p class='ocr_par' dir='ltr' id='par_1_118' title="bbox 2086 4538 3676 4625">
     <span class='ocr_line' id='line_1_118' title="bbox 2086 4538 3676 4625; baseline 0.014 -35"><span class='ocrx_word' id='word_1_907' title='bbox 2086 4538 2380 4625; x_wconf 77' lang='grc' dir='ltr'>δημίων,ῆ</span> <span class='ocrx_word' id='word_1_908' title='bbox 2414 4539 2643 4625; x_wconf 83' lang='grc' dir='ltr'>πλησίον</span> <span class='ocrx_word' id='word_1_909' title='bbox 2682 4545 2934 4612; x_wconf 86' lang='grc' dir='ltr'>γενέσθαι</span> <span class='ocrx_word' id='word_1_910' title='bbox 2971 4549 3128 4616; x_wconf 86' lang='grc' dir='ltr'>ίδεῖν;</span> <span class='ocrx_word' id='word_1_911' title='bbox 3152 4551 3273 4624; x_wconf 72' lang='grc' dir='ltr'>οὐχὶ</span> <span class='ocrx_word' id='word_1_912' title='bbox 3312 4538 3676 4625; x_wconf 78' lang='grc' dir='ltr'>μυσάττονται</span> 
     </span>
    </p>
   </div>
   <div class='ocr_carea' id='block_1_119' title="bbox 2085 4621 3678 4712">
    <p class='ocr_par' dir='ltr' id='par_1_119' title="bbox 2085 4621 3678 4712">
     <span class='ocr_line' id='line_1_119' title="bbox 2085 4621 3678 4712; baseline 0.016 -40"><span class='ocrx_word' id='word_1_913' title='bbox 2085 4624 2134 4712; x_wconf 83' lang='grc' dir='ltr'>οἰ</span> <span class='ocrx_word' id='word_1_914' title='bbox 2167 4621 2399 4712; x_wconf 34' lang='grc' dir='ltr'>ῌπλείους</span> <span class='ocrx_word' id='word_1_915' title='bbox 2420 4666 2434 4688; x_wconf 91' lang='grc'>,</span> <span class='ocrx_word' id='word_1_916' title='bbox 2460 4622 2692 4712; x_wconf 35' lang='grc' dir='ltr'>ἐνιοι-δέ</span> <span class='ocrx_word' id='word_1_917' title='bbox 2741 4629 2835 4712; x_wconf 74' lang='grc' dir='ltr'>καὶ</span> <span class='ocrx_word' id='word_1_918' title='bbox 2865 4621 3250 4712; x_wconf 12' lang='grc' dir='ltr'>νοίωνίζονταιή,</span> <span class='ocrx_word' id='word_1_919' title='bbox 3286 4621 3379 4692; x_wconf 76' lang='grc' dir='ltr'>καὶ</span> <span class='ocrx_word' id='word_1_920' title='bbox 3414 4641 3535 4694; x_wconf 79' lang='grc' dir='ltr'>οὐδὲ</span> <span class='ocrx_word' id='word_1_921' title='bbox 3571 4643 3678 4712; x_wconf 78' lang='grc' dir='ltr'>τῆς</span> 
     </span>
    </p>
   </div>
   <div class='ocr_carea' id='block_1_120' title="bbox 2086 4705 3678 4794">
    <p class='ocr_par' dir='ltr' id='par_1_120' title="bbox 2086 4705 3678 4794">
     <span class='ocr_line' id='line_1_120' title="bbox 2086 4705 3678 4794; baseline 0.014 -37"><span class='ocrx_word' id='word_1_922' title='bbox 2086 4705 2253 4775; x_wconf 81' lang='grc' dir='ltr'>ἁφῆς,</span> <span class='ocrx_word' id='word_1_923' title='bbox 2283 4706 2405 4794; x_wconf 81' lang='grc' dir='ltr'>ούδέ</span> <span class='ocrx_word' id='word_1_924' title='bbox 2432 4706 2534 4777; x_wconf 82' lang='grc' dir='ltr'>τῆς</span> <span class='ocrx_word' id='word_1_925' title='bbox 2563 4707 2739 4794; x_wconf 64' lang='grc' dir='ltr'>ὅψεως</span> <span class='ocrx_word' id='word_1_926' title='bbox 2780 4711 3096 4783; x_wconf 86' lang='grc' dir='ltr'>ἀνέχονται;</span> <span class='ocrx_word' id='word_1_927' title='bbox 3122 4719 3182 4771; x_wconf 82' lang='grc' dir='ltr'>ού</span> <span class='ocrx_word' id='word_1_928' title='bbox 3216 4720 3406 4792; x_wconf 70' lang='grc' dir='ltr'>πόρρω</span> <span class='ocrx_word' id='word_1_929' title='bbox 3436 4705 3678 4794; x_wconf 54' lang='grc' dir='ltr'>φεύγούξ</span> 
     </span>
    </p>
   </div>
   <div class='ocr_carea' id='block_1_121' title="bbox 2089 4789 3679 4873">
    <p class='ocr_par' dir='ltr' id='par_1_121' title="bbox 2089 4789 3679 4873">
     <span class='ocr_line' id='line_1_121' title="bbox 2089 4789 3679 4873; baseline 0.015 -33"><span class='ocrx_word' id='word_1_930' title='bbox 2089 4805 2208 4853; x_wconf 88' lang='grc' dir='ltr'>σιν;</span> <span class='ocrx_word' id='word_1_931' title='bbox 2248 4789 2349 4873; x_wconf 79' lang='grc' dir='ltr'>οὐκ</span> <span class='ocrx_word' id='word_1_932' title='bbox 2374 4789 2777 4873; x_wconf 60' lang='grc' dir='ltr'>ἀποστρέφουσι</span> <span class='ocrx_word' id='word_1_933' title='bbox 2806 4795 2866 4847; x_wconf 90' lang='grc' dir='ltr'>τὸ</span> <span class='ocrx_word' id='word_1_934' title='bbox 2895 4794 3049 4867; x_wconf 85' lang='grc' dir='ltr'>δμμα</span> <span class='ocrx_word' id='word_1_935' title='bbox 3073 4814 3088 4864; x_wconf 90' lang='grc'>;</span> <span class='ocrx_word' id='word_1_936' title='bbox 3114 4789 3368 4857; x_wconf 76' lang='grc' dir='ltr'>Τοιοῦτον</span> <span class='ocrx_word' id='word_1_937' title='bbox 3396 4789 3459 4873; x_wconf 80' lang='grc' dir='ltr'>δή</span> <span class='ocrx_word' id='word_1_938' title='bbox 3492 4789 3679 4864; x_wconf 34' lang='grc' dir='ltr'>τινκαὶ</span> 
     </span>
    </p>
   </div>
   <div class='ocr_carea' id='block_1_122' title="bbox 2085 4867 3679 4961">
    <p class='ocr_par' dir='ltr' id='par_1_122' title="bbox 2085 4867 3679 4961">
     <span class='ocr_line' id='line_1_122' title="bbox 2085 4867 3679 4961; baseline 0.029 -54"><span class='ocrx_word' id='word_1_939' title='bbox 2085 4871 2364 4961; x_wconf 51' lang='grc' dir='ltr'>ῥστᾳυρδς</span> <span class='ocrx_word' id='word_1_940' title='bbox 2389 4867 2484 4961; x_wconf 36' lang='grc' dir='ltr'>ἦνῌ</span> <span class='ocrx_word' id='word_1_941' title='bbox 2495 4872 2556 4926; x_wconf 91' lang='grc' dir='ltr'>τὸ</span> <span class='ocrx_word' id='word_1_942' title='bbox 2589 4874 2851 4961; x_wconf 79' lang='grc' dir='ltr'>παλαιὸν,</span> <span class='ocrx_word' id='word_1_943' title='bbox 2868 4878 3068 4948; x_wconf 80' lang='grc' dir='ltr'>μᾶλλον</span> <span class='ocrx_word' id='word_1_944' title='bbox 3102 4881 3159 4935; x_wconf 87' lang='grc' dir='ltr'>δέ</span> <span class='ocrx_word' id='word_1_945' title='bbox 3186 4883 3389 4939; x_wconf 87' lang='grc' dir='ltr'>τούτων</span> <span class='ocrx_word' id='word_1_946' title='bbox 3416 4867 3548 4943; x_wconf 75' lang='grc' dir='ltr'>πολὺ</span> <span class='ocrx_word' id='word_1_947' title='bbox 3577 4908 3679 4961; x_wconf 81' lang='grc' dir='ltr'>χα-</span> 
     </span>
    </p>
   </div>
   <div class='ocr_carea' id='block_1_123' title="bbox 2085 4954 3677 5038">
    <p class='ocr_par' dir='ltr' id='par_1_123' title="bbox 2085 4954 3677 5038">
     <span class='ocr_line' id='line_1_123' title="bbox 2085 4954 3677 5038; baseline 0.013 -31"><span class='ocrx_word' id='word_1_948' title='bbox 2085 4954 2393 5038; x_wconf 85' lang='grc' dir='ltr'>λεπώτερος</span> <span class='ocrx_word' id='word_1_949' title='bbox 2420 4972 2432 5038; x_wconf 63' lang='grc' dir='ltr'>ς</span> <span class='ocrx_word' id='word_1_950' title='bbox 2459 4955 2596 5038; x_wconf 84' lang='grc' dir='ltr'>ὅπερ</span> <span class='ocrx_word' id='word_1_951' title='bbox 2627 4959 2735 5029; x_wconf 79' lang='grc' dir='ltr'>γὰρ</span> <span class='ocrx_word' id='word_1_952' title='bbox 2763 4959 2933 5032; x_wconf 77' lang='grc' dir='ltr'>ἔφθην</span> <span class='ocrx_word' id='word_1_953' title='bbox 2962 4962 3153 5029; x_wconf 88' lang='grc' dir='ltr'>εἰπὼν,</span> <span class='ocrx_word' id='word_1_954' title='bbox 3181 4967 3280 5038; x_wconf 81' lang='grc' dir='ltr'>οὐχ</span> <span class='ocrx_word' id='word_1_955' title='bbox 3300 4968 3483 5034; x_wconf 87' lang='grc' dir='ltr'>ἀπλῶς</span> <span class='ocrx_word' id='word_1_956' title='bbox 3511 4954 3677 5030; x_wconf 59' lang='grc' dir='ltr'>θανά-</span> 
     </span>
    </p>
   </div>
   <div class='ocr_carea' id='block_1_124' title="bbox 2086 5036 3674 5127">
    <p class='ocr_par' dir='ltr' id='par_1_124' title="bbox 2086 5036 3674 5127">
     <span class='ocr_line' id='line_1_124' title="bbox 2086 5036 3674 5127; baseline 0.014 -39"><span class='ocrx_word' id='word_1_957' title='bbox 2086 5055 2201 5127; x_wconf 42' lang='lat'>7—03,</span> <span class='ocrx_word' id='word_1_958' title='bbox 2246 5037 2381 5127; x_wconf 77' lang='grc' dir='ltr'>ἀλλά</span> <span class='ocrx_word' id='word_1_959' title='bbox 2411 5036 2643 5127; x_wconf 73' lang='grc' dir='ltr'>θανάτου</span> <span class='ocrx_word' id='word_1_960' title='bbox 2672 5039 2767 5093; x_wconf 79' lang='grc' dir='ltr'>τοῦ</span> <span class='ocrx_word' id='word_1_961' title='bbox 2791 5043 3067 5115; x_wconf 81' lang='grc' dir='ltr'>ἐπαράτου</span> <span class='ocrx_word' id='word_1_962' title='bbox 3096 5036 3255 5102; x_wconf 83' lang='grc' dir='ltr'>τοῦτο</span> <span class='ocrx_word' id='word_1_963' title='bbox 3272 5036 3551 5123; x_wconf 14' lang='grc' dir='ltr'>*σύμϐολον</span> <span class='ocrx_word' id='word_1_964' title='bbox 3578 5051 3674 5127; x_wconf 78' lang='grc' dir='ltr'>ἦν.</span> 
     </span>
    </p>
   </div>
   <div class='ocr_carea' id='block_1_125' title="bbox 2087 5114 3677 5206">
    <p class='ocr_par' dir='ltr' id='par_1_125' title="bbox 2087 5114 3677 5206">
     <span class='ocr_line' id='line_1_125' title="bbox 2087 5114 3677 5206; baseline 0.011 -32"><span class='ocrx_word' id='word_1_965' title='bbox 2087 5120 2258 5174; x_wconf 88' lang='grc' dir='ltr'>Πόθεν</span> <span class='ocrx_word' id='word_1_966' title='bbox 2306 5114 2418 5184; x_wconf 81' lang='grc' dir='ltr'>οὖν,</span> <span class='ocrx_word' id='word_1_967' title='bbox 2454 5122 2575 5174; x_wconf 84' lang='grc' dir='ltr'>εἰπέ</span> <span class='ocrx_word' id='word_1_968' title='bbox 2620 5140 2742 5193; x_wconf 90' lang='grc' dir='ltr'>μοι,</span> <span class='ocrx_word' id='word_1_969' title='bbox 2785 5114 2950 5181; x_wconf 80' lang='grc' dir='ltr'>πᾶσιν</span> <span class='ocrx_word' id='word_1_970' title='bbox 2989 5127 3131 5182; x_wconf 79' lang='grc' dir='ltr'>οὕτω</span> <span class='ocrx_word' id='word_1_971' title='bbox 3177 5130 3269 5185; x_wconf 82' lang='grc' dir='ltr'>νῦν</span> <span class='ocrx_word' id='word_1_972' title='bbox 3304 5114 3677 5206; x_wconf 69' lang='grc' dir='ltr'>περισπούδα-</span> 
     </span>
    </p>
   </div>
   <div class='ocr_carea' id='block_1_126' title="bbox 2088 5202 3675 5292">
    <p class='ocr_par' dir='ltr' id='par_1_126' title="bbox 2088 5202 3675 5292">
     <span class='ocr_line' id='line_1_126' title="bbox 2088 5202 3675 5292; baseline 0.013 -38"><span class='ocrx_word' id='word_1_973' title='bbox 2088 5220 2234 5268; x_wconf 87' lang='grc' dir='ltr'>στος,</span> <span class='ocrx_word' id='word_1_974' title='bbox 2264 5204 2429 5257; x_wconf 79' lang='grc' dir='ltr'>πᾶσιν</span> <span class='ocrx_word' id='word_1_975' title='bbox 2461 5202 2604 5258; x_wconf 71' lang='grc' dir='ltr'>οὕτω</span> <span class='ocrx_word' id='word_1_976' title='bbox 2639 5205 2886 5273; x_wconf 88' lang='grc' dir='ltr'>ποθεινὸς</span> <span class='ocrx_word' id='word_1_977' title='bbox 2920 5210 3132 5280; x_wconf 84' lang='grc' dir='ltr'>γέγονε,</span> <span class='ocrx_word' id='word_1_978' title='bbox 3153 5202 3675 5292; x_wconf 59' lang='grc' dir='ltr'>πάντωνπροτιμὸ-</span> 
     </span>
    </p>
   </div>
   <div class='ocr_carea' id='block_1_127' title="bbox 2084 5303 2272 5358">
    <p class='ocr_par' dir='ltr' id='par_1_127' title="bbox 2084 5303 2272 5358">
     <span class='ocr_line' id='line_1_127' title="bbox 2084 5303 2272 5358; baseline 0 -19"><span class='ocrx_word' id='word_1_979' title='bbox 2084 5303 2272 5358; x_wconf 86' lang='grc' dir='ltr'>τερος;</span> 
     </span>
    </p>
   </div>
   <div class='ocr_carea' id='block_1_128' title="bbox 2157 5369 3672 5456">
    <p class='ocr_par' dir='ltr' id='par_1_128' title="bbox 2157 5369 3672 5456">
     <span class='ocr_line' id='line_1_128' title="bbox 2157 5369 3672 5456; baseline 0.011 -33"><span class='ocrx_word' id='word_1_980' title='bbox 2157 5372 2298 5456; x_wconf 80' lang='grc' dir='ltr'>Αὐτὸ</span> <span class='ocrx_word' id='word_1_981' title='bbox 2311 5370 2383 5456; x_wconf 63' lang='grc' dir='ltr'>Δδέ</span> <span class='ocrx_word' id='word_1_982' title='bbox 2409 5369 2470 5422; x_wconf 87' lang='grc' dir='ltr'>τὸ</span> <span class='ocrx_word' id='word_1_983' title='bbox 2497 5369 2854 5456; x_wconf 27' lang='grc' dir='ltr'>ξύλον-έκεῖνο</span> <span class='ocrx_word' id='word_1_984' title='bbox 2875 5413 2889 5437; x_wconf 88' lang='grc'>,</span> <span class='ocrx_word' id='word_1_985' title='bbox 2916 5374 3045 5431; x_wconf 72' lang='grc' dir='ltr'>ἔνθα</span> <span class='ocrx_word' id='word_1_986' title='bbox 3073 5378 3133 5432; x_wconf 89' lang='grc' dir='ltr'>τὸ</span> <span class='ocrx_word' id='word_1_987' title='bbox 3167 5379 3323 5448; x_wconf 80' lang='grc' dir='ltr'>ἅγιον</span> <span class='ocrx_word' id='word_1_988' title='bbox 3358 5383 3520 5456; x_wconf 85' lang='grc' dir='ltr'>ἐτάθη</span> <span class='ocrx_word' id='word_1_989' title='bbox 3557 5386 3672 5440; x_wconf 83' lang='grc' dir='ltr'>σῶ-</span> 
     </span>
    </p>
   </div>
   <div class='ocr_carea' id='block_1_129' title="bbox 2089 5452 3668 5537">
    <p class='ocr_par' dir='ltr' id='par_1_129' title="bbox 2089 5452 3668 5537">
     <span class='ocr_line' id='line_1_129' title="bbox 2089 5452 3668 5537; baseline 0.011 -31"><span class='ocrx_word' id='word_1_990' title='bbox 2089 5471 2168 5524; x_wconf 87' lang='grc' dir='ltr'>μα</span> <span class='ocrx_word' id='word_1_991' title='bbox 2183 5455 2277 5507; x_wconf 79' lang='grc' dir='ltr'>καὶ</span> <span class='ocrx_word' id='word_1_992' title='bbox 2300 5452 2747 5537; x_wconf 82' lang='grc' dir='ltr'>ἀνεσκολοπίσθη,</span> <span class='ocrx_word' id='word_1_993' title='bbox 2764 5456 2883 5520; x_wconf 83' lang='grc' dir='ltr'>πῶς</span> <span class='ocrx_word' id='word_1_994' title='bbox 2911 5459 3028 5512; x_wconf 90' lang='grc' dir='ltr'>ἐστι</span> <span class='ocrx_word' id='word_1_995' title='bbox 3051 5463 3428 5535; x_wconf 85' lang='grc' dir='ltr'>περιμάχητον</span> <span class='ocrx_word' id='word_1_996' title='bbox 3456 5452 3668 5537; x_wconf 70' lang='grc' dir='ltr'>ἀπασις</span> 
     </span>
    </p>
   </div>
   <div class='ocr_carea' id='block_1_130' title="bbox 2085 5535 3670 5614">
    <p class='ocr_par' dir='ltr' id='par_1_130' title="bbox 2085 5535 3670 5614">
     <span class='ocr_line' id='line_1_130' title="bbox 2085 5535 3670 5614; baseline 0.013 -29"><span class='ocrx_word' id='word_1_997' title='bbox 2085 5542 2182 5594; x_wconf 66' lang='grc' dir='ltr'>καὶ</span> <span class='ocrx_word' id='word_1_998' title='bbox 2221 5536 2415 5606; x_wconf 84' lang='grc' dir='ltr'>μικρόν</span> <span class='ocrx_word' id='word_1_999' title='bbox 2451 5550 2504 5587; x_wconf 91' lang='grc' dir='ltr'>τι</span> <span class='ocrx_word' id='word_1_1000' title='bbox 2557 5535 2926 5605; x_wconf 83' lang='grc' dir='ltr'>λαμϐάνοντες</span> <span class='ocrx_word' id='word_1_1001' title='bbox 2971 5541 3032 5607; x_wconf 82' lang='grc' dir='ltr'>ἐξ</span> <span class='ocrx_word' id='word_1_1002' title='bbox 3076 5545 3285 5598; x_wconf 86' lang='grc' dir='ltr'>ἐκείνου</span> <span class='ocrx_word' id='word_1_1003' title='bbox 3327 5549 3538 5614; x_wconf 84' lang='grc' dir='ltr'>πολλοὶ,</span> <span class='ocrx_word' id='word_1_1004' title='bbox 3571 5535 3670 5606; x_wconf 71' lang='grc' dir='ltr'>καῖ</span> 
     </span>
    </p>
   </div>
   <div class='ocr_carea' id='block_1_131' title="bbox 2085 5619 3669 5698">
    <p class='ocr_par' dir='ltr' id='par_1_131' title="bbox 2085 5619 3669 5698">
     <span class='ocr_line' id='line_1_131' title="bbox 2085 5619 3669 5698; baseline 0.012 -26"><span class='ocrx_word' id='word_1_1005' title='bbox 2085 5619 2271 5692; x_wconf 85' lang='grc' dir='ltr'>χρυσῴ</span> <span class='ocrx_word' id='word_1_1006' title='bbox 2322 5619 2762 5685; x_wconf 85' lang='grc' dir='ltr'>κατακλείοντες,</span> <span class='ocrx_word' id='word_1_1007' title='bbox 2798 5624 2893 5677; x_wconf 74' lang='grc' dir='ltr'>καὶ</span> <span class='ocrx_word' id='word_1_1008' title='bbox 2924 5624 3117 5698; x_wconf 78' lang='grc' dir='ltr'>ἄνδρες</span> <span class='ocrx_word' id='word_1_1009' title='bbox 3142 5628 3231 5681; x_wconf 81' lang='grc' dir='ltr'>καὶ</span> <span class='ocrx_word' id='word_1_1010' title='bbox 3272 5634 3525 5698; x_wconf 87' lang='grc' dir='ltr'>γυναῖκες</span> <span class='ocrx_word' id='word_1_1011' title='bbox 3556 5635 3669 5691; x_wconf 84' lang='grc' dir='ltr'>τῶν</span> 
     </span>
    </p>
   </div>
   <div class='ocr_carea' id='block_1_132' title="bbox 2085 5701 3663 5787">
    <p class='ocr_par' dir='ltr' id='par_1_132' title="bbox 2085 5701 3663 5787">
     <span class='ocr_line' id='line_1_132' title="bbox 2085 5701 3663 5787; baseline 0.012 -35"><span class='ocrx_word' id='word_1_1012' title='bbox 2085 5703 2371 5775; x_wconf 78' lang='grc' dir='ltr'>τραχήλων</span> <span class='ocrx_word' id='word_1_1013' title='bbox 2425 5701 2695 5787; x_wconf 75' lang='grc' dir='ltr'>ἐξαρτῶσι</span> <span class='ocrx_word' id='word_1_1014' title='bbox 2744 5705 2853 5759; x_wconf 86' lang='grc' dir='ltr'>τῶν</span> <span class='ocrx_word' id='word_1_1015' title='bbox 2907 5708 3115 5762; x_wconf 81' lang='grc' dir='ltr'>ἑαυτῶν</span> <span class='ocrx_word' id='word_1_1016' title='bbox 3162 5711 3663 5787; x_wconf 77' lang='grc' dir='ltr'>καλλωπιζόμενοι,</span> 
     </span>
    </p>
   </div>
   <div class='ocr_carea' id='block_1_133' title="bbox 2086 5785 3662 5877">
    <p class='ocr_par' dir='ltr' id='par_1_133' title="bbox 2086 5785 3662 5877">
     <span class='ocr_line' id='line_1_133' title="bbox 2086 5785 3662 5877; baseline 0.008 -32"><span class='ocrx_word' id='word_1_1017' title='bbox 2086 5788 2263 5877; x_wconf 56' lang='grc' dir='ltr'>καίτοι</span> <span class='ocrx_word' id='word_1_1018' title='bbox 2293 5785 2589 5857; x_wconf 83' lang='grc' dir='ltr'>καταδίκης</span> <span class='ocrx_word' id='word_1_1019' title='bbox 2613 5785 2879 5859; x_wconf 86' lang='grc' dir='ltr'>σύμϐολον</span> <span class='ocrx_word' id='word_1_1020' title='bbox 2916 5792 2976 5844; x_wconf 80' lang='grc' dir='ltr'>τὸ</span> <span class='ocrx_word' id='word_1_1021' title='bbox 3005 5792 3161 5862; x_wconf 77' lang='grc' dir='ltr'>ξύλον</span> <span class='ocrx_word' id='word_1_1022' title='bbox 3184 5791 3274 5867; x_wconf 82' lang='grc' dir='ltr'>ἦν,</span> <span class='ocrx_word' id='word_1_1023' title='bbox 3304 5785 3490 5855; x_wconf 75' lang='grc' dir='ltr'>καίτοι</span> <span class='ocrx_word' id='word_1_1024' title='bbox 3510 5800 3662 5868; x_wconf 75' lang='lat'>[572]</span> 
     </span>
    </p>
   </div>
  </div>
