3920 6364
291 355 400 410 8'23

293 472 566 536 fruuntur,
591 483 678 525 res
699 481 883 523 eorum
903 466 1130 533 ﬂorent;
1155 466 1218 521 iis
1239 479 1366 521 vero
1390 465 1634 532 mortuis,
1658 475 1881 536 pereunt

296 573 350 619 et
379 563 578 617 omnia.
603 561 756 629 Quod
779 577 884 616 non
916 561 968 616 in
993 560 1155 616 divite
1174 601 1189 626 ,
1220 575 1396 631 neque
1421 561 1474 615 in
1501 559 1741 630 principe
1769 569 1884 614 tan-

298 667 433 724 tum,
457 656 554 712 sed
583 657 637 711 in
667 658 781 726 ipso
807 653 1134 724 lmperatore
1156 653 1567 709 animadvertas.
1593 655 1800 710 Etenim
1831 663 1885 709 et

296 749 445 820 leges
487 763 674 804 eorum
719 749 1063 818 abrogantur,
1104 755 1158 802 et
1197 748 1452 818 imagines
1494 748 1882 816 obscurantur,

296 838 561 894 memoria
601 852 788 892 eorum
818 836 1198 907 exstinguitur,
1227 853 1420 893 nomen
1467 839 1519 892 in
1561 838 1883 894 oblivionem

298 933 465 997 venit,
496 930 718 986 clientes
738 932 1103 1000 despiciuntur
1127 950 1140 986 :
1169 933 1378 987 illorum
1399 933 1604 988 scilicet
1626 933 1714 1004 qui
1742 934 1886 1002 prius

297 1039 449 1078 arma
481 1032 778 1091 moverant,
807 1024 894 1094 qui
926 1033 1054 1078 nutu
1082 1024 1200 1079 solo
1226 1026 1448 1094 populos
1468 1066 1482 1089 ,
1513 1025 1671 1080 urbes
1696 1040 1886 1093 resque

300 1115 543 1184 publicas
565 1123 918 1183 mutaverant,
943 1115 1132 1185 quibus
1154 1115 1344 1178 licebat
1367 1124 1420 1171 et
1443 1116 1708 1183 occidere,
1741 1125 1795 1171 et
1819 1117 1885 1171 ad

297 1209 619 1278 supplicium
656 1208 845 1264 ductos
889 1223 919 1262 a
965 1216 1138 1263 morte
1185 1208 1431 1264 liberare.
1477 1210 1730 1264 Attamen
1773 1208 1889 1264 haec

299 1303 481 1356 omnia
528 1309 784 1371 pereunt,
825 1301 946 1356 licet
991 1311 1148 1356 antea
1193 1302 1488 1356 ﬂoruerint.
1527 1303 1595 1357 At
1638 1317 1794 1357 secus
1834 1303 1886 1357 in

299 1393 518 1448 Christo
547 1411 560 1446 :
592 1410 715 1448 nam
741 1403 866 1448 ante
885 1409 1099 1448 crucem
1129 1395 1182 1448 in
1215 1394 1357 1448 luctu
1385 1408 1472 1449 res
1509 1403 1662 1450 erant
1682 1440 1696 1458 ,
1724 1394 1887 1450 Judas

303 1484 570 1554 prodidit,
605 1485 792 1539 Petrus
824 1485 1063 1555 negavit,
1096 1485 1282 1554 reliqui
1314 1484 1592 1555 fugerunt,
1623 1487 1768 1541 solus
1797 1487 1887 1541 ille

301 1576 446 1630 inter
471 1576 715 1631 inimicos
740 1577 1159 1647 comprehensus
1201 1585 1316 1642 est,
1359 1578 1512 1632 multi
1559 1595 1623 1632 ex
1669 1579 1765 1644 iis,
1798 1578 1886 1648 qui

301 1669 677 1736 crediderant,
729 1679 1024 1726 retrorsum
1072 1671 1334 1726 abierunt.
1375 1672 1663 1743 Postquam
1710 1681 1887 1727 autem

302 1762 512 1823 occisus
542 1763 702 1817 vitam
731 1763 941 1829 clausit,
971 1773 1029 1818 ut
1057 1764 1230 1820 discas
1271 1781 1427 1832 eum,
1469 1767 1557 1836 qui
1598 1767 1889 1822 cruciﬁxus

302 1861 408 1919 est,
443 1868 548 1908 non
579 1868 768 1922 purum
796 1853 1066 1908 hominem
1101 1853 1300 1920 fuisse,
1332 1869 1420 1910 res
1453 1857 1568 1926 ejus
1594 1856 1850 1911 clariores
1869 1899 1885 1924 ,

304 1947 622 2002 illustriores
662 1961 726 2000 ac
768 1947 1106 2001 sublimiores
1148 1955 1453 2002 evaserunt.
1495 1950 1632 2002 Ante
1675 1963 1889 2004 erucem

306 2040 555 2110 princeps
572 2039 959 2110 apostolorum,
985 2055 1052 2095 ne
1072 2040 1302 2098 ostiarius
1321 2041 1533 2112 quidem
1555 2043 1728 2096 minas
1750 2043 1887 2108 tulit,

302 2131 403 2188 sed
424 2142 547 2202 post
579 2141 776 2186 tantam
809 2133 1159 2189 initiationem
1182 2175 1197 2202 ,
1225 2135 1400 2190 aiebat
1435 2150 1495 2191 se
1532 2137 1742 2190 nescire
1770 2137 1890 2206 quis

305 2232 453 2277 esset
477 2241 490 2278 :
521 2232 639 2292 post
659 2239 872 2279 crucem
896 2240 1024 2279 vero
1050 2226 1236 2281 orbem
1268 2235 1527 2281 terrarum
1555 2228 1887 2296 peragravit:

306 2317 432 2370 hinc
463 2317 728 2371 innumeri
754 2319 934 2387 pepuli
964 2327 1255 2390 martyrum
1295 2319 1521 2390 jugulati
1563 2331 1707 2387 sunt,
1754 2336 1894 2390 pra:-

301 2414 552 2476 optantes
575 2406 780 2474 occidi,
812 2423 968 2478 quam
995 2424 1056 2464 ea
1086 2409 1230 2479 loqui
1255 2451 1270 2478 ,
1299 2426 1417 2480 quae
1449 2412 1697 2481 loquutus
1723 2412 1895 2467 fuerat

308 2499 556 2568 princeps
581 2500 966 2568 apostolorum,
997 2499 1156 2555 unius
1179 2502 1410 2556 ostiaria:
1434 2512 1638 2558 terrore
1675 2518 1896 2573 supera-

305 2603 414 2646 tus.
446 2591 578 2646 lliuc
607 2607 794 2647 omnes
820 2593 1083 2662 regiones,
1113 2600 1166 2647 et
1194 2607 1381 2648 onmes
1410 2594 1674 2662 civitates,
1699 2595 1888 2651 deser-

306 2694 450 2747 tum,
482 2682 713 2738 habitata
745 2682 797 2739 et
823 2683 1111 2739 inhabitata
1141 2693 1317 2750 terra,
1347 2687 1662 2741 cruciﬁxum
1701 2687 1894 2757 przedi-

303 2789 514 2829 camus.
557 2775 730 2845 Reges
752 2813 769 2842 ,
817 2775 1007 2841 duces,
1059 2777 1353 2847 principes,
1382 2779 1630 2833 consules
1651 2819 1666 2845 ,
1699 2779 1891 2848 liberi,

303 2881 472 2932 servn,
497 2865 695 2934 idiotas,
719 2867 1006 2936 sapientes,
1029 2867 1363 2936 insipientes,
1389 2867 1620 2937 barbari,
1644 2871 1894 2940 variaque

307 2957 584 3011 hominum
605 2972 823 3028 genera,
847 2958 1061 3014 demum
1088 2959 1355 3027 universa,
1377 2976 1531 3029 quam
1553 2962 1634 3016 sol
1658 2962 1891 3031 respicit,

309 3059 453 3104 terra
499 3061 602 3105 tam
636 3053 809 3122 ampla
838 3052 942 3108 hoc
973 3054 1188 3108 nomine
1214 3064 1268 3109 et
1297 3055 1412 3124 ejus
1441 3056 1752 3112 adoratione
1791 3056 1896 3112 fre-

307 3151 615 3210 quentatur,
639 3151 698 3196 ut
725 3142 900 3198 discas
930 3143 1054 3214 quid
1086 3145 1192 3209 sit,
1223 3141 1336 3198 Erit
1361 3148 1554 3218 requies
1577 3149 1686 3217 ejus
1710 3149 1891 3202 honor.

305 3233 482 3288 Locus
510 3242 712 3300 autem,
743 3235 831 3304 qui
860 3249 1054 3304 corpus
1079 3235 1208 3290 illud
1236 3237 1473 3291 occisura
1501 3239 1699 3307 recepit
1725 3281 1738 3306 ,
1773 3238 1896 3292 licet

306 3323 598 3379 admodum
627 3340 820 3395 parvus
846 3333 901 3381 et
925 3334 1200 3396 angustus,
1233 3329 1527 3384 innumeris
1554 3347 1735 3400 regum
1760 3332 1896 3387 aulis

305 3416 684 3484 venerabilior,
715 3416 949 3488 ipsisque
988 3419 1199 3488 regibus
1225 3421 1507 3490 pretiosior
1537 3438 1551 3474 :
1582 3421 1651 3475 Ει
1692 3424 1782 3476 erit
1811 3441 1895 3478 re-

305 3508 450 3578 quies
475 3509 582 3578 ejus
609 3508 790 3563 honor.
818 3510 1077 3579 Quodque
1106 3512 1349 3567 mirabile
1379 3513 1522 3568 dictu
1552 3523 1635 3569 est
1663 3533 1676 3569 :
1711 3516 1760 3570 id
1789 3531 1894 3570 non

307 3596 410 3669 ipsi
443 3607 666 3666 tantum,
699 3599 792 3654 sed
821 3601 979 3654 etiam
1007 3601 1285 3672 discipulis
1314 3602 1432 3674 ejus
1470 3605 1694 3674 contigit
1725 3624 1737 3660 :
1773 3622 1894 3661 nam

307 3690 809 3758 quividucebantur
824 3702 877 3746 et
900 3693 1418 3764 circumagebantur,
1442 3700 1757 3768 contempti,
1781 3699 1899 3752 vin-

306 3784 404 3849 cti,
439 3784 737 3840 innumeris
764 3786 918 3840 malis
946 3786 1122 3841 allecti
1148 3828 1161 3853 ,
1193 3799 1315 3857 post
1341 3801 1567 3844 mortem
1600 3791 1728 3860 ipsis
1754 3795 1894 3862 regi—

308 3877 413 3931 bus
442 3875 864 3933 honorabiliores
892 3886 1034 3932 sunt.
1065 3878 1118 3933 ld
1147 3881 1416 3949 quomodo
1454 3881 1543 3936 ﬁat
1585 3885 1851 3952 perpende
1881 3902 1893 3938 :

308 3968 365 4020 in
396 3968 536 4037 regia
567 3969 700 4022 urbe
724 3969 911 4035 Roma,
945 3967 1123 4024 missis
1149 3971 1269 4025 aliis
1298 3972 1548 4028 omnibus
1568 4015 1583 4040 ,
1616 3974 1680 4027 ad
1721 3976 1899 4044 sepul-

309 4074 404 4113 cra
435 4061 714 4128 piscatoris
743 4069 797 4115 et
838 4061 1189 4116 tentoriorum
1225 4064 1432 4133 opiﬁcis
1461 4077 1750 4121 accurrunt
1794 4069 1898 4122 lm-

310 4153 603 4222 peratores,
633 4155 901 4220 consules,
935 4157 1264 4210 exercituum
1295 4159 1457 4214 duces
1482 4178 1496 4213 :
1520 4161 1896 4215 Constantino-

307 4243 419 4314 poli
463 4260 594 4298 vero
626 4246 642 4276 ί
684 4261 788 4300 non
838 4261 1002 4316 prope
1047 4251 1317 4317 apostolos
1341 4293 1357 4315 ,
1405 4252 1498 4307 sed
1529 4253 1658 4308 foris
1690 4254 1755 4308 ad
1785 4255 1895 4325 ipsa

312 4336 494 4390 limina
543 4347 862 4407 optaverunt
905 4339 970 4404 ii,
1018 4341 1109 4410 qui
1154 4342 1452 4398 diademate
1498 4345 1891 4414 redimiuutur,

305 4444 537 4498 corpora
567 4445 661 4485 sua
690 4433 906 4501 sepeliri
934 4451 947 4487 :
972 4442 1131 4504 atque
1167 4435 1238 4489 ita
1288 4435 1640 4504 Imperatores
1666 4439 1898 4508 piscato-

308 4535 429 4575 rum
451 4523 652 4576 ostiarii
681 4522 804 4577 facti
834 4533 992 4578 sunt:
1017 4526 1093 4579 sic
1123 4527 1173 4580 in
1196 4526 1341 4580 obitu
1369 4527 1468 4582 hoc
1495 4543 1600 4582 non
1623 4528 1893 4596 dedecori,

309 4613 408 4666 sed
439 4612 626 4667 honori
655 4614 758 4669 sibi
785 4630 904 4670 esse
931 4624 1119 4684 putant
1149 4633 1252 4671 non
1277 4619 1447 4672 solum
1472 4619 1594 4688 ipsi,
1619 4620 1711 4674 sed
1735 4620 1894 4675 etiam

309 4721 500 4760 eorum
518 4717 760 4776 nepotes.
783 4707 847 4760 Et
863 4708 976 4774 erit,
998 4709 1186 4778 inquit,
1210 4712 1402 4780 requies
1419 4712 1528 4783 ejus
1545 4711 1724 4765 honor.
1748 4713 1898 4768 Tunc

308 4797 532 4852 honoris
545 4800 961 4869 magnitudinem
979 4801 1202 4869 videbis,
1222 4819 1341 4858 cum
1361 4805 1548 4859 mortis
1561 4806 1675 4874 ejus
1690 4807 1897 4876 symbo-

310 4893 422 4944 lum
469 4891 718 4946 didiceris
745 4911 758 4946 :
786 4893 972 4946 mortis
993 4935 1007 4959 ,
1054 4894 1266 4964 inquam
1292 4937 1307 4962 ,
1348 4897 1680 4964 maledictae,
1711 4899 1897 4952 mortis

311 4983 550 5039 omnium
581 4984 1116 5054 ignominiosissimm.
1150 4986 1261 5040 Hoc
1287 4988 1480 5056 quippe
1506 4989 1678 5043 solum
1711 4989 1896 5044 mortis

306 5091 482 5144 genus
524 5076 808 5131 maledicto
838 5077 1128 5132 obnoxium
1159 5090 1292 5134 erat.
1325 5081 1566 5151 Exempli
1595 5099 1754 5138 causa
1775 5125 1789 5150 ,
1822 5085 1897 5137 la-

306 5167 681 5222 ciuorosorum
704 5169 828 5222 olim
855 5169 942 5223 alii
973 5169 1442 5236 comburebantur,
1471 5173 1558 5226 alii
1586 5173 1897 5241 lapidaban-

311 5269 421 5324 tur,
468 5258 556 5312 alii
609 5259 713 5313 alio
761 5260 1004 5330 supplicii
1059 5277 1253 5330 genere
1306 5263 1465 5316 vitam
1521 5262 1892 5318 claudebant:

309 5350 603 5405 cruciﬁxus
647 5359 848 5417 autem,
896 5352 947 5406 in
995 5353 1138 5422 ligno
1187 5355 1444 5423 pendens,
1477 5372 1581 5410 non
1623 5357 1674 5410 id
1722 5359 1894 5414 solum

313 5441 442 5494 mali
471 5441 791 5511 patiebatur,
821 5444 964 5512 quod
991 5459 1108 5499 eam
1137 5446 1338 5500 subiret
1359 5447 1778 5515 damnationem,
1802 5454 1894 5507 sed

380 5605 396 5635 ⁸
432 5610 500 5653 De
531 5603 738 5654 Ecclesia
771 5611 842 5652 SS.
871 5601 1217 5670 Apostolorum,
1256 5607 1302 5654 in
1328 5606 1464 5668 cujus
1499 5609 1684 5670 porticu
1721 5608 1898 5670 sepulti

315 5675 459 5729 erant
490 5673 827 5728 Imperatores,
846 5680 1106 5729 _(ptatuque
1129 5667 1206 5716 alii
1225 5680 1251 5716 a
1274 5667 1595 5729 Constantino,
1618 5683 1647 5718 a
1668 5667 1896 5720 Constan-

315 5731 387 5775 tto
409 5725 489 5776 alii
522 5725 752 5778 structam
783 5725 963 5788 volunt,
1005 5725 1112 5778 vide
1145 5732 1372 5792 Cangium
1413 5731 1460 5779 in
1498 5725 1897 5796 ConstantinpOIi

320 5799 431 5838 sua.

867 351 1137 409 CONTRA
1174 348 1453 407 JUDIEOS
1489 346 1576 405 ET
1615 345 1976 412 GENTILES,
2016 345 2201 415 QUOD
2239 348 2574 410 CHRISTUS
2612 352 2717 410 SIT
2757 353 2950 412 DEUS.

3471 355 3595 409 8‘2";

1989 464 2128 534 quod
2154 465 2467 523 maledictus
2486 478 2661 525 esset:
2685 467 2986 524 Malea/ictus
3010 472 3175 538 enim,
3195 471 3381 543 inquit,
3405 477 3569 532 enini:

1985 557 2072 625 qui
2097 559 2277 626 pendet
2305 559 2356 612 in
2383 561 2542 630 tigno.
2573 561 2749 630 (Deut.
2783 563 2870 616 21.
2896 562 3010 634 25).
3050 565 3300 620 Attamen
3348 565 3570 622 maledi-

1985 657 2127 702 ctum
2159 649 2288 704 illud
2312 651 2668 718 exsecrabile,
2697 655 2923 708 extremi
2953 656 3200 725 supplicii
3231 657 3562 728 symbolum,

1987 755 2127 796 nunc
2151 740 2504 799 desiderabile
2528 744 2864 816 atnabileque
2891 747 3086 802 factum
3110 758 3213 804 est.

2057 830 2234 888 Crucis
2275 835 2407 906 signi
2435 853 2556 890 usus
2602 838 2780 908 ubique
2825 839 3275 909 frequentissimus.
3311 873 3386 886 —-
3427 845 3570 902 Nihil

1987 923 2131 978 enim
2172 925 2566 995 imperatoriam
2611 945 2860 984 coronam
2911 932 2988 987 sic
3033 945 3290 1002 exornat,
3347 946 3404 992 ut
3441 953 3568 994 crux

1989 1015 2238 1071 universo
2285 1017 2482 1073 mundo
2533 1021 2818 1090 pretiosior
2858 1040 2871 1077 :
2916 1033 2970 1078 et
3013 1025 3155 1094 quod
3201 1042 3390 1089 omnes
3440 1031 3568 1085 olim

1989 1106 2435 1163 exhorrescebant
2455 1149 2470 1174 ,
2497 1109 2612 1180 ejus
2641 1126 2783 1166 nunc
2821 1113 2984 1184 ﬁgura
3010 1116 3079 1170 ita
3110 1121 3350 1172 certatim
3380 1123 3571 1190 exqui-

1988 1198 2122 1252 ritur
2149 1199 2218 1255 ab
2249 1200 2514 1269 omnibus,
2555 1210 2613 1257 ut
2641 1204 2835 1274 ubique
2863 1207 3172 1276 reperiatur,
3199 1211 3336 1279 apud
3373 1211 3568 1280 princi-

1990 1307 2084 1361 pes
2109 1297 2162 1348 ει
2197 1293 2436 1350 subditos
2456 1336 2472 1363 ,
2504 1296 2643 1365 apud
2672 1298 2920 1353 mulieres
2943 1309 2996 1354 et
3025 1299 3166 1355 viros
3185 1343 3199 1368 ,
3245 1304 3383 1372 apud
3410 1305 3572 1375 virgi-

1989 1403 2083 1441 nes
2097 1397 2152 1443 et
2178 1399 2390 1459 nuptas,
2413 1391 2553 1460 apud
2577 1406 2760 1447 servos
2776 1400 2827 1448 et
2846 1393 3042 1450 liberos
3068 1412 3080 1447 :
3106 1411 3226 1449 nam
3246 1397 3370 1450 illud
3387 1413 3574 1452 omnes

1989 1481 2195 1550 signum
2222 1479 2528 1551 frequenter
2543 1483 2852 1553 imprimunt
2874 1486 2925 1540 in
2944 1487 3305 1541 membrorum
3327 1489 3571 1543 nobiliori

1990 1581 2140 1642 parte
2163 1589 2176 1638 ;
2204 1581 2257 1628 et
2285 1573 2337 1627 in
2369 1573 2542 1628 fronte
2562 1589 2660 1630 ceu
2679 1576 2730 1629 in
2757 1576 3000 1630 columna
3029 1576 3308 1646 ﬁguratum
3333 1578 3576 1648 quotidie

1990 1663 2391 1719 circumferunt.
2443 1665 2555 1719 Hoc
2586 1665 2638 1719 in
2669 1682 2820 1721 sacra
2848 1682 3032 1721 mensa
3057 1708 3072 1733 ,
3110 1669 3211 1724 hoc
3245 1670 3296 1722 in
3325 1670 3574 1726 sacerdo—

1993 1763 2101 1809 tum
2129 1755 2571 1823 ordinationibus,
2604 1757 2704 1812 hoc
2735 1773 2947 1813 rursum
2977 1774 3097 1813 cum
3126 1775 3349 1829 corpore
3379 1761 3578 1817 Christi

1992 1846 2045 1901 in
2089 1849 2311 1918 mystica
2353 1863 2504 1903 coena
2545 1849 2786 1920 refulget.
2844 1851 2955 1906 Hoc
3007 1852 3200 1922 ubique
3248 1854 3578 1910 celebratum

1990 1937 2171 1993 videre
2211 1948 2327 2007 est,
2360 1940 2411 1994 in
2437 1940 2715 2008 domibus,
2762 1942 2812 1995 in
2837 1943 2982 2007 foro,
3011 1944 3063 2011 in
3095 1944 3340 2010 desertis,
3373 1945 3422 1999 in
3452 1946 3573 2013 viis,

1993 2028 2048 2082 in
2094 2031 2398 2098 tuentibus,
2451 2032 2503 2085 in
2548 2031 2804 2098 saltihus,
2850 2034 2902 2087 in
2945 2034 3204 2101 collibus,
3235 2035 3286 2089 in
3317 2036 3489 2104 mari,
3523 2037 3576 2092 in

1993 2122 2236 2187 navibus,
2268 2123 2320 2177 in
2352 2124 2556 2190 insulis,
2577 2125 2630 2179 in
2657 2125 2826 2191 lectis,
2852 2127 2904 2181 in
2929 2128 3278 2193 vestimentis,
3312 2129 3364 2183 in
3388 2130 3576 2197 armis,

1994 2212 2047 2266 iu
2076 2213 2340 2279 thalamis,
2375 2216 2425 2269 in
2452 2217 2727 2283 conviviis,
2757 2217 2809 2271 iu
2841 2219 2980 2273 vasis
2998 2219 3265 2289 argenteis
3293 2229 3348 2274 et
3375 2221 3576 2288 aureis,

1994 2305 2049 2359 in
2065 2308 2391 2380 margaritis,
2407 2307 2459 2360 in
2472 2307 2741 2376 parietum
2755 2309 3006 2379 picturis,
3032 2312 3083 2364 in
3107 2312 3421 2380 corporibus
3444 2313 3578 2367 bru-

1995 2403 2169 2450 torum
2188 2397 2325 2452 male
2346 2397 2570 2466 allectis,
2600 2399 2649 2452 in
2672 2403 2984 2469 corporibus
3002 2415 3031 2454 a
3054 2401 3296 2458 daemone
3322 2403 3579 2469 obsessis,

1997 2486 2048 2539 in
2074 2485 2257 2554 bellis,
2289 2487 2344 2540 in
2376 2503 2538 2557 pace,
2565 2489 2617 2542 in
2647 2488 2864 2556 diebus,
2895 2490 2946 2543 in
2975 2490 3238 2557 noctibus,
3285 2492 3338 2546 in
3368 2492 3581 2548 choreis

1995 2577 2391 2647 tripudiautium
2417 2619 2431 2644 ,
2474 2578 2527 2633 in
2555 2578 2813 2633 sodalitiis
2839 2595 2958 2635 sese
2983 2582 3366 2636 macerantium
3391 2600 3407 2648 ;
3447 2583 3584 2639 adeo

1997 2669 2240 2725 certatim
2289 2671 2486 2725 donum
2530 2670 2632 2726 hoc
2675 2672 2914 2728 mirabile
2939 2714 2953 2738 ,
2999 2673 3221 2744 ejusque
3259 2674 3579 2731 ineffabilem

1995 2763 2219 2832 gratiam
2262 2777 2450 2818 onmes
2493 2764 2821 2834 perquirunt.
2869 2764 3037 2819 Nemo
3084 2765 3284 2834 pudore
3327 2766 3582 2836 afﬁcitur,

1999 2855 2079 2909 vel
2106 2855 2376 2909 erubescit
2403 2853 2528 2909 dum
2559 2856 2752 2926 cegitat
2779 2854 2881 2910 hoc
2907 2857 3203 2911 maledictae
3228 2859 3416 2913 mortis
3440 2873 3585 2930 sym-

2000 2945 2178 2999 bolum
2208 2960 2358 3013 esse;
2387 2945 2481 3001 sed
2513 2947 2602 3001 illo
2630 2961 2818 3002 omnes
2847 2949 3014 3018 magis
3041 2963 3396 3014 exornamur,
3427 2965 3585 3018 quam

1998 3039 2244 3104 coronis,
2285 3039 2692 3106 diadematibus,
2722 3048 2776 3094 et
2802 3041 2946 3094 mille
2974 3042 3377 3110 margaritarum
3408 3044 3579 3097 moni-

2001 3129 2179 3184 libus:
2212 3129 2282 3183 ita
2326 3144 2432 3184 non
2475 3130 2634 3184 modo
2687 3146 2791 3184 non
2836 3147 3145 3186 aversamur
3189 3148 3438 3198 crucem,
3490 3137 3586 3190 sed

1999 3222 2158 3276 etiam
2203 3221 2445 3275 amabilis
2490 3221 2577 3275 illa
2627 3222 3103 3292 desiderabilisque
3154 3225 3400 3278 omnibus
3454 3234 3582 3280 est:

2001 3310 2195 3380 ubique
2224 3311 2311 3365 illa
2336 3310 2538 3381 fulget,
2567 3311 2618 3365 in
2648 3312 2937 3380 parietibus
2961 3313 3238 3367 domorum
3263 3355 3278 3379 ,
3321 3313 3374 3367 in
3405 3316 3582 3379 tectis,

2000 3405 2052 3458 in
2089 3405 2236 3460 libris
2257 3448 2270 3470 ,
2315 3406 2369 3459 in
2394 3406 2615 3460 urbibus
2637 3449 2651 3472 ,
2695 3406 2746 3459 in
2776 3407 2905 3460 vicis
2926 3448 2940 3472 ,
2986 3408 3036 3460 in
3068 3407 3279 3461 incultis
3303 3449 3317 3473 ,
3351 3408 3404 3462 in
3431 3409 3586 3463 cultis

2001 3497 2154 3552 locis.
2185 3497 2282 3552 Hic
2321 3497 2548 3552 libenter
2572 3497 2835 3552 Geutilem
2863 3500 3242 3568 interrogarem
3271 3542 3285 3566 ,
3318 3500 3586 3555 undenam

2001 3586 2098 3653 ﬁt,
2129 3596 2184 3641 ut
2209 3588 2565 3642 damnationis
2601 3589 3000 3658 maledictaeque
3038 3591 3222 3644 mortis
3261 3591 3584 3662 symbolum,

2002 3678 2247 3732 omnibus
2272 3679 2342 3732 ita
2371 3679 2596 3733 amabile
2625 3679 2960 3749 optabileque
2990 3681 3096 3734 sit?

2076 3769 2163 3824 l0.
2207 3770 2359 3836 Quod
2394 3771 2437 3824 si
2487 3771 2617 3824 nihil
2647 3771 2746 3825 hoc
2773 3785 2892 3826 esse
2920 3781 3074 3841 putas
3098 3813 3113 3836 ,
3145 3772 3187 3826 si
3214 3775 3390 3829 adhuc
3420 3777 3591 3845 impu-

2002 3861 2134 3917 dens
2165 3878 2378 3928 mancs,
2408 3863 2788 3933 veritatemque
2817 3865 3101 3931 aversaris,
3132 3875 3288 3935 atque
3315 3869 3378 3920 ad
3410 3869 3585 3923 lumen

2003 3954 2216 4008 caacutis
2253 3973 2264 4006 :
2297 3969 2395 4024 age
2441 3954 2536 4008 tibi
2579 3955 2682 4009 alio
2720 3965 3034 4025 argumento
3083 3970 3585 4027 commonstramus,

2003 4054 2257 4112 quantum
2303 4047 2369 4099 sit
2408 4045 2556 4099 illud.
2613 4047 2778 4114 Quale
2826 4048 2954 4101 illud
2999 4052 3410 4118 argumentum?
3454 4053 3587 4106 Sunt

1998 4134 2267 4202 judicibus
2294 4136 2461 4189 multa
2502 4137 2880 4205 suppliciorum
2917 4153 3113 4207 genera
3135 4181 3147 4203 ,
3181 4140 3376 4209 lignum
3406 4183 3418 4205 ,
3452 4141 3583 4206 lora,

2004 4240 2227 4294 ungues,
2258 4226 2545 4294 plumbata,
2577 4228 2767 4296 quibus
2795 4243 3020 4298 corpora
3049 4230 3281 4284 lacerant
3305 4272 3317 4292 ,
3351 4231 3586 4285 membra

2003 4315 2312 4384 discerpunt
2353 4327 2510 4385 atque
2538 4319 2869 4387 suspendunt
2896 4338 2908 4372 :
2939 4321 3180 4389 quisnam
3209 4323 3367 4376 vellet
3393 4324 3506 4377 haec
3536 4325 3588 4379 iu

2002 4408 2218 4461 domum
2238 4423 2388 4462 suam
2418 4408 2660 4464 inferre?
2685 4411 2816 4476 Quis
2833 4412 2989 4465 vellet
3015 4411 3282 4466 carniﬁcis
3296 4412 3408 4467 hazc
3429 4430 3590 4484 agen-

2007 4498 2071 4551 tis
2111 4512 2326 4552 manum
2365 4500 2672 4570 contingere
2697 4542 2712 4566 ,
2768 4502 2851 4556 vel
2897 4510 2954 4555 ut
3000 4502 3051 4556 id
3091 4502 3324 4568 videret,
3372 4506 3590 4574 propius

2003 4588 2293 4643 accedere?
2336 4590 2527 4644 Annon
2569 4591 2809 4660 plerique
2837 4591 2950 4646 haec
2975 4602 3324 4648 exsecrantur
3346 4636 3360 4660 ,
3393 4596 3590 4666 aliique

2004 4678 2126 4733 hinc
2153 4679 2292 4734 male
2319 4682 2623 4736 omittantur
2642 4723 2654 4747 ,
2687 4697 2750 4736 ac
2778 4699 2946 4752 neque
2971 4693 3166 4739 tactum
3186 4726 3200 4749 ,
3235 4702 3405 4756 neque
3431 4703 3588 4757 aSpe-

2003 4780 2146 4825 ctum
2174 4770 2388 4826 ferunt?
2428 4775 2619 4828 Annon
2645 4773 2802 4827 etiam
2840 4775 3025 4843 procul
3055 4774 3290 4845 fugiunt,
3322 4786 3373 4830 ct
3402 4778 3590 4831 oculos

2004 4864 2282 4918 avertunt?
2310 4864 2454 4919 Talis
2469 4865 2596 4920 olim
2623 4881 2753 4920 crux
2771 4877 2905 4930 erat,
2934 4867 3156 4921 imoillis
3174 4868 3340 4922 multo
3353 4870 3589 4938 gravior.

2004 4954 2166 5021 Nam,
2199 4964 2257 5009 ut
2293 4966 2415 5011 ante
2456 4957 2562 5010 dixi
2587 4998 2602 5022 ,
2653 4972 2758 5011 non
2791 4967 2991 5013 tantum
3023 4959 3207 5012 mortis
3233 5001 3247 5025 ,
3291 4961 3384 5014 sed
3428 4961 3591 5015 etiam

2006 5044 2316 5114 maledictte
2349 5047 2534 5102 mortis
2573 5048 2871 5118 symbolum
2913 5057 3046 5101 erat.
3105 5049 3254 5104 Unde
3295 5065 3422 5118 ergo
3447 5092 3460 5113 ,
3505 5050 3592 5103 die

2006 5138 2174 5204 mihi,
2219 5138 2328 5207 jam
2377 5139 2447 5193 ita
2498 5139 2868 5195 desiderabilis
2905 5141 3254 5210 optabilis-quc
3300 5140 3431 5194 facta
3479 5152 3585 5206 est,

2007 5233 2361 5301 omnibusque
2391 5234 2719 5287 antefertur?

2086 5325 2228 5380 Vera:
2249 5327 2411 5378 crucis
2440 5326 2700 5393 particula:
2726 5325 2789 5378 ab
2814 5326 3041 5380 omnibus
3061 5325 3335 5394 exquisitas.
3353 5353 3422 5364 ——-
3453 5325 3582 5379 Illud

2006 5433 2135 5472 vero
2174 5418 2344 5486 ipsum
2387 5418 2622 5487 lignum,
2664 5417 2714 5470 in
2755 5432 2861 5486 quo
2899 5431 3107 5470 sacrum
3148 5430 3344 5484 corpus
3374 5431 3592 5486 passum

2009 5518 2063 5563 et
2091 5507 2401 5562 crucifixum
2442 5517 2556 5573 est,
2602 5524 2696 5562 cur
2721 5508 2960 5562 certatim
2993 5522 3180 5562 omnes
3217 5507 3457 5560 adeunt?
3491 5505 3598 5560 Cur

2011 5600 2322 5669 particulam
2359 5599 2474 5666 ejus
2512 5599 2662 5652 multi
2694 5608 2966 5652 sumentes
2992 5613 3122 5652 auro
3150 5598 3406 5652 inclusam
3432 5638 3446 5661 ,
3480 5606 3592 5651 tum

2011 5695 2105 5746 viri
2140 5701 2248 5746 tum
2296 5691 2546 5746 mulieres
2579 5707 2606 5744 a
2645 5691 2782 5744 collo
2819 5691 3148 5760 suspendunt
3187 5690 3254 5745 ad
3294 5701 3539 5746 ornatum
3574 5709 3589 5744 :

2012 5786 2110 5840 etsi
2146 5783 2500 5839 danmationis
2543 5792 2594 5838 ct
2643 5782 2857 5837 ultionis
2907 5783 3203 5853 symbolum
3251 5783 3349 5838 hoc
3391 5784 3590 5854 lignum
