3920 6396
391 359 493 413 δεῖ

386 481 587 539 ἴασι-1η
612 483 681 539 At
707 484 793 555 qui
822 483 997 539 omnia
1022 483 1164 548 facit,
1192 493 1248 539 et
1271 483 1512 539 immutat
1535 499 1632 549 ea,
1664 485 1753 555 qui
1781 485 1966 540 orbem

387 590 453 632 ex
482 583 625 631 tanta
655 575 889 645 nequitia
917 574 1220 640 transtulit,
1250 583 1306 630 et
1331 583 1525 630 terram
1551 577 1740 631 caelum
1767 576 1967 643 ell'ecit,

386 668 544 722 etiam
569 681 680 721 rem
704 667 840 722 hanc
859 666 1118 736 xitupcrio
1142 667 1374 736 plenam,
1402 675 1456 722 et
1480 677 1706 724 mortem
1734 669 1969 723 omnium

388 758 948 829 ignominiosissimam
977 773 1136 828 supra
1173 759 1335 815 caelos
1362 760 1598 815 adduxit.
1651 761 1775 816 llaec
1813 761 1972 831 igitur

385 853 563 908 omnia
607 852 905 923 pr.evidens
947 853 1205 923 propheta
1245 852 1459 908 dicebat
1484 871 1499 907 :
1526 852 1596 907 Et
1643 855 1736 909 erit
1773 854 1969 923 requies

384 945 492 1013 ejus
516 943 696 997 honor.
725 942 835 997 lloc
860 943 1053 1012 quippe
1078 943 1264 998 mortis
1285 944 1605 1016 symbolum.
1630 960 1803 1015 neque
1827 944 1969 1000 enim

386 1037 545 1088 linem
576 1032 765 1087 iaciam
787 1032 859 1087 ita
880 1032 1152 1103 loquendi,
1193 1034 1375 1089 multis
1403 1034 1786 1090 benedictionis
1809 1049 1971 1105 argu-

385 1134 621 1178 mentum
644 1122 889 1177 eﬂ'ectum
917 1131 1019 1189 est,
1049 1131 1104 1178 et
1126 1123 1447 1179 omnimodae
1474 1123 1738 1179 firmitatis
1766 1140 1970 1189 murus,

383 1214 581 1271 diaboli
629 1211 874 1268 lethifera
927 1214 1101 1284 plaga,
1149 1213 1454 1271 daemonum
1493 1214 1737 1279 lrmnum,
1788 1229 1973 1271 camus

384 1306 810 1360 adversariorum
856 1306 1130 1360 virtutum.
1172 1306 1286 1362 Hoc
1326 1315 1551 1362 mortem
1594 1307 1828 1374 sustulit,
1867 1306 1973 1363 hoc

386 1397 577 1453 inferni
630 1410 810 1467 portas
852 1414 1020 1453 aereas
1047 1398 1345 1469 confregit,
1390 1412 1570 1455 vectes
1612 1399 1815 1455 ferreos
1843 1415 1973 1454 con-

387 1488 566 1557 trivit,
594 1488 793 1547 diaboli
821 1503 998 1543 arcem
1026 1489 1328 1553 destruxit,
1364 1490 1565 1559 peccati
1601 1505 1794 1545 nervos
1824 1492 1973 1545 exci-

385 1578 502 1647 dit,
555 1588 721 1635 totum
777 1580 964 1636 orbem
1017 1578 1346 1635 damnationi
1398 1580 1695 1650 subjectum
1753 1581 1967 1650 eripuit,

386 1671 678 1726 immissum
723 1670 977 1727 divinitus
1024 1680 1228 1726 natura;
1272 1682 1469 1726 nostrae
1499 1674 1703 1743 plagam
1747 1673 1972 1729 curavit.

386 1762 524 1830 Quid
561 1761 717 1817 dico?
748 1761 900 1829 Quod
940 1777 1048 1816 non
1090 1770 1314 1832 potuere
1340 1777 1487 1818 mare
1513 1762 1742 1818 divisum
1765 1804 1781 1829 ,
1808 1772 1974 1834 petra:

386 1852 603 1920 scisste,
644 1868 739 1908 aer
780 1860 1053 1920 mutatus,
1096 1867 1290 1907 manna
1330 1852 1676 1924 quadraginta
1714 1855 1868 1908 annis
1900 1862 1977 1908 tot

388 1947 664 2002 hominum
694 1945 926 2001 millibus
952 1954 1225 2015 erogatum
1245 1986 1260 2011 ,
1289 1945 1372 2000 lex
1398 1954 1451 2000 et
1476 1945 1579 2000 alia
1603 1946 1751 2016 signa
1773 1961 1895 2000 eum
1922 1946 1975 2000 in

388 2037 602 2093 deserto
624 2077 641 2102 ,
683 2044 795 2090 tum
832 2036 884 2089 in
915 2034 1197 2089 Palmstina
1243 2035 1375 2089 facta
1397 2076 1413 2101 ,
1462 2034 1577 2091 haec
1618 2036 1789 2106 potuit
1822 2051 1976 2103 crux,

388 2142 495 2181 non
525 2126 578 2180 in
613 2140 716 2181 una
746 2134 905 2196 gente
925 2167 939 2192 ,
986 2124 1081 2180 sed
1121 2125 1173 2180 in
1202 2135 1313 2180 toto
1338 2126 1499 2191 orbe;
1531 2140 1659 2180 crux
1680 2168 1699 2193 ,
1740 2127 1975 2197 inquam,

390 2218 727 2275 maledictum
760 2218 1093 2290 symbolum,
1139 2219 1383 2273 omnibus
1411 2217 1756 2286 horrendum,
1805 2218 1980 2275 omni-

388 2310 490 2366 bus
513 2309 917 2373 exsecrandum,
948 2317 1066 2379 post
1093 2308 1334 2364 cruciﬁxi
1360 2317 1587 2365 mortem
1609 2311 1778 2379 potuit
1798 2310 1978 2366 omnia

390 2403 536 2458 nullo
566 2402 780 2473 negotio
811 2402 1088 2472 perlicere.
1128 2400 1311 2472 Neque
1340 2401 1455 2457 haec
1476 2401 1812 2458 solummodo
1837 2443 1852 2468 ,
1883 2401 1977 2458 sed

390 2510 476 2561 ea,
500 2508 617 2564 quae
648 2502 827 2564 postea
853 2502 1074 2564 sequuta
1095 2503 1238 2561 sunt,
1261 2493 1377 2563 ejus
1404 2494 1651 2549 virtutem
1674 2493 1975 2550 declarant.

391 2585 587 2642 Orbem
617 2584 757 2641 enim
806 2593 1065 2641 terrarum
1090 2625 1108 2653 ,
1153 2585 1245 2655 qui
1284 2585 1458 2655 quoad
1500 2585 1749 2641 virtutem
1781 2586 1980 2642 sterilis

391 2684 541 2743 erat,
586 2690 686 2731 nec
729 2675 918 2731 melius
946 2690 1006 2731 se
1031 2674 1297 2742 habebat,
1334 2690 1491 2746 quam
1521 2675 1788 2731 desertum
1813 2717 1828 2741 ,
1857 2691 1977 2731 cum

393 2782 500 2821 non
526 2775 707 2835 posset
746 2764 1018 2835 quidpiam
1050 2764 1174 2819 boni
1207 2780 1395 2835 parere
1418 2807 1433 2832 ,
1465 2767 1646 2822 statim
1675 2767 1977 2837 paradisum

391 2867 447 2913 et
490 2865 716 2912 matrem
758 2856 1190 2911 fecundissimam
1226 2856 1418 2913 eli‘ecit.
1470 2859 1536 2913 Et
1580 2858 1684 2914 hoc
1723 2858 1814 2913 diu
1854 2868 1980 2914 ante

393 2947 766 3019 praenuntiavit
818 2946 1075 3017 prepheta
1124 2946 1207 3002 his
1254 2947 1432 3004 verbis
1473 2966 1487 3003 :
1522 2947 1750 3015 Laetare,
1773 2949 1977 3015 sterilis,

389 3056 505 3111 qua
543 3057 645 3094 non
676 3040 814 3110 paris
836 3055 857 3093 :
885 3056 1093 3110 erumpe
1117 3050 1164 3094 et
1192 3040 1377 3109 clama,
1433 3055 1550 3112 qum
1590 3056 1693 3096 non
1731 3042 1975 3113 parturis,

390 3132 512 3199 quia
538 3130 683 3184 multi
723 3130 817 3200 ﬁlii
851 3129 1061 3183 deserta:
1100 3130 1260 3201 magis
1283 3171 1298 3198 ,
1338 3146 1491 3201 quam
1530 3129 1642 3200 ejus
1677 3145 1793 3200 qtae
1833 3131 1979 3186 habet

390 3222 554 3277 uirum
571 3219 772 3295 (Hesai.
788 3220 875 3276 54.
895 3221 969 3292 1).
985 3220 1135 3288 Quod
1154 3235 1281 3277 vero
1295 3234 1416 3276 cum
1435 3221 1591 3277 talem
1611 3235 1728 3277 eam
1744 3220 1976 3285 fecisset,

391 3312 561 3382 legem
602 3310 703 3382 ipsi
748 3308 955 3367 dederit
999 3310 1167 3366 multo
1204 3311 1628 3380 praestantiorem
1678 3310 1877 3381 priori,
1925 3310 1977 3366 id

393 3403 616 3459 minime
653 3409 929 3457 tacuerunt
957 3400 1228 3471 propheta:
1259 3418 1273 3455 :
1300 3415 1365 3455 ac
1393 3401 1514 3457 vide
1539 3400 1666 3472 quid
1696 3401 1975 3472 praesigni-

394 3494 669 3550 licaverint
702 3510 715 3547 :
747 3492 1029 3562 Disponam
1056 3493 1127 3547 eis
1156 3500 1503 3547 testamentum
1534 3508 1716 3546 novum
1735 3532 1751 3557 ,
1777 3508 1878 3546 non
1903 3508 1984 3547 se-

392 3585 614 3639 cundum
640 3592 986 3638 testamentum
1012 3623 1028 3649 ,
1058 3581 1193 3653 quod
1224 3581 1454 3653 disposui
1478 3580 1709 3653 patribus
1728 3598 1899 3637 eorum
1926 3582 1980 3636 in

394 3676 476 3730 die
500 3691 597 3745 qua
625 3690 834 3728 manum
863 3689 1033 3727 eorum
1069 3672 1413 3744 apprehendi,
1445 3681 1500 3727 ut
1527 3672 1787 3727 educerem
1807 3689 1891 3728 eos
1919 3672 1984 3726 de

394 3776 527 3820 terra
555 3763 772 3836 ngypti
796 3779 814 3818 :
835 3763 952 3832 quia
993 3762 1094 3832 ipsi
1133 3779 1234 3816 non
1269 3772 1563 3817 manserunt
1596 3764 1651 3817 in
1689 3772 1982 3818 testamento

394 3876 506 3914 meo
529 3898 545 3924 ,
589 3866 634 3911 et
664 3873 755 3927 ego
793 3856 987 3927 neglext
1024 3872 1143 3923 eos,
1185 3856 1306 3910 dicit
1335 3854 1606 3910 Dominus.
1642 3856 1773 3921 Quia
1797 3855 1892 3910 hoc
1912 3864 1984 3910 est

396 3961 743 4008 testamentum
759 3950 891 4022 quod
916 3950 1183 4019 disponam
1201 3949 1294 4015 eis,
1313 3948 1441 4002 dans
1461 3947 1592 4020 leges
1611 3965 1746 4003 meas
1761 3948 1813 4002 in
1825 3956 1986 4003 mente

393 4060 599 4110 eorum,
638 4052 684 4096 et
712 4042 764 4095 in
793 4041 944 4094 corde
976 4057 1146 4094 eorum
1182 4040 1451 4094 inscribam
1482 4055 1565 4093 eas
1590 4037 1721 4111 (Jer.
1749 4039 1838 4093 5|.
1867 4036 1982 4109 '52).

400 4134 599 4191 Deinde
626 4132 850 4187 subitam
880 4132 1226 4186 mutationem
1255 4139 1310 4185 et
1334 4130 1629 4185 doctrinam
1656 4128 1865 4185 facilem
1886 4129 1976 4185 de-

394 4227 605 4284 clarans
629 4226 703 4279 ait
732 4243 745 4279 :
778 4222 845 4280 Et
886 4240 987 4277 non
1028 4223 1273 4278 docebunt
1310 4223 1648 4295 unusquisque
1695 4223 1982 4292 proximam

394 4333 563 4382 suum,
603 4325 647 4371 et
681 4315 1021 4385 unusquisque
1063 4314 1273 4383 fratrem
1297 4329 1445 4366 suum
1463 4355 1477 4378 ,
1507 4313 1676 4367 dicens
1698 4355 1712 4380 ,
1741 4328 1984 4384 cognosce

398 4408 709 4473 Dominum,
736 4407 857 4475 quia
881 4422 1051 4460 omnes
1070 4406 1224 4460 scient
1254 4420 1333 4458 me
1352 4420 1383 4456 a
1403 4419 1557 4474 parvo
1576 4403 1802 4475 ipsorum
1829 4419 1983 4474 usque

397 4499 465 4551 ad
492 4513 731 4569 magnum
751 4497 990 4566 ipsorum.
1014 4494 1167 4562 Quod
1195 4495 1246 4550 in
1269 4494 1494 4549 adventu
1516 4509 1613 4550 suo
1640 4502 1981 4564 peccatorum

398 4589 605 4643 veniam
631 4585 849 4641 daturus
878 4596 1038 4650 esset,
1063 4585 1163 4639 hoc
1192 4585 1316 4639 item
1344 4585 1422 4639 sic
1448 4586 1826 4654 praenunciavit
1852 4600 1980 4654 pro-

401 4680 560 4750 pheta
586 4697 599 4733 :
636 4677 747 4732 Hoc
773 4678 864 4731 crit
900 4679 1021 4748 ipsis
1043 4695 1071 4730 a
1096 4694 1174 4730 me
1199 4686 1580 4743 testamentum,
1611 4693 1726 4730 cum
1751 4681 1982 4749 auferam

396 4771 685 4841 iniquitates
718 4770 978 4840 ipsorum,
1018 4777 1062 4821 et
1101 4778 1416 4838 peccatorum
1454 4783 1628 4821 eorum
1671 4784 1773 4823 non
1812 4784 1980 4821 recor-

400 4861 559 4915 dabar
582 4860 801 4929 amplius
834 4856 966 4928 (Jer.
998 4859 1086 4913 51.
1113 4858 1224 4928 54).
1274 4856 1409 4923 Quid
1440 4856 1539 4912 hac
1568 4872 1627 4913 re
1650 4857 1982 4913 manifestius

397 4968 519 5008 esse
545 4951 752 5021 possit?
780 4950 1124 5005 Vocationem
1152 4950 1347 5019 quippe
1375 4948 1607 5019 gentium
1627 4990 1644 5016 ,
1676 4965 1828 5006 nova:
1856 4951 1983 5021 legis

398 5058 558 5116 supra
575 5051 808 5098 veterem
830 5040 1217 5103 excellentiam,
1247 5037 1550 5094 facilitatem
1568 5054 1836 5108 accessus,
1865 5056 1983 5097 ere-

397 5135 637 5189 dentium
682 5133 903 5203 gratiam
924 5173 940 5199 ,
982 5140 1037 5186 et
1070 5129 1268 5186 donum
1305 5130 1358 5185 in
1384 5129 1651 5200 baptismo
1679 5131 1871 5186 factum
1902 5131 1984 5187 his

399 5226 664 5282 Vaticiniis
692 5224 1032 5294 significavit.

475 5319 560 5374 ll.
602 5316 752 5385 Quod
782 5331 910 5371 vero
937 5315 1025 5386 qui
1055 5313 1171 5369 haec
1209 5312 1365 5383 fecit,
1403 5313 1448 5368 is
1474 5313 1587 5383 ipse
1615 5321 1797 5382 postea
1820 5311 1983 5383 judex

399 5410 680 5465 adiuturus
704 5408 807 5474 sit,
839 5406 1108 5477 perpende
1131 5406 1396 5476 quomodo
1423 5418 1472 5460 et
1497 5406 1596 5459 hoc
1619 5405 1985 5477 prtenuneient

403 5500 683 5571 Propheta:
708 5539 724 5566 ,
763 5512 937 5568 neque
978 5498 1119 5552 enim
1166 5496 1215 5551 id
1253 5497 1464 5552 silentio
1510 5496 1981 5566 praetermiserunt,

405 5592 493 5648 alii
520 5590 732 5660 quidem
762 5588 1002 5644 videntes
1023 5603 1144 5643 eum
1172 5589 1221 5640 iu
1246 5602 1311 5642 eo
1336 5587 1451 5658 ipso
1480 5588 1662 5642 habitu
1679 5630 1693 5656 ,
1720 5603 1826 5656 quo
1852 5603 1984 5643 ven-

405 5694 554 5738 turus
593 5690 747 5746 erat;
792 5680 884 5735 alii
930 5680 1109 5736 verbis
1145 5694 1266 5734 eum
1309 5680 1801 5751 przcsignilieantes.
1852 5681 1985 5736 Nam

404 5769 586 5830 Daniel
616 5769 774 5828 etiam
805 5769 855 5825 in
894 5768 1070 5825 medio
1099 5769 1442 5827 barbarorum
1472 5770 1878 5844 Babyloniorum
1906 5772 1985 5831 vi-

1097 370 1156 427 S.
1193 367 1467 426 JOANNIS
1504 369 1974 429 CllRYSUS‘l‘UMl
2017 371 2334 428 ARCHIEP.
2375 374 2911 435 CONSTANTINOP.

3557 385 3662 444 828

2076 482 2166 538 det
2191 484 2361 555 ipsum
2384 487 2436 542 in
2461 489 2688 547 nubibus
2711 492 3006 549 venientem
3033 492 3191 549 :audi
3218 493 3360 550 illius
3379 495 3660 568 PrOpheue

2078 576 2239 629 verba
2266 592 2280 631 :
2309 578 2624 647 Aspiciebam
2643 624 2658 649 ,
2685 585 2884 654 inquit,
2914 592 2964 640 et
2978 602 3094 653 ecce
3115 588 3258 657 quasi
3286 588 3424 658 ﬁlius
3444 591 3663 646 hominis

2080 667 2279 720 ueniens
2306 669 2358 722 in
2393 671 2608 726 nubibus
2627 714 2641 737 ,
2669 683 2717 726 et
2739 676 2961 744 pervenit
2986 692 3143 748 usque
3166 676 3235 731 ad
3252 680 3515 747 antiquum
3543 681 3656 734 die-

2076 772 2191 809 rum
2209 798 2223 821 ,
2248 768 2298 812 et
2322 770 2443 814 ante
2471 778 2584 816 eum
2611 763 2809 820 oblatus
2836 776 2926 821 est.
2959 766 3027 821 Et
3052 769 3199 822 datus
3226 780 3299 823 est
3323 771 3369 822 ei
3397 773 3662 841 principa-

2077 856 2157 899 tus
2185 857 2231 901 et
2254 865 2463 918 regnum
2485 861 2533 905 et
2569 869 2740 908 omnes
2783 856 2983 925 populi,
3015 857 3192 924 tribus,
3224 859 3410 931 lingula
3430 862 3533 931 ipsi
3556 879 3665 916 ser-

2078 936 2208 990 vient
2232 937 2390 1007 (Dan.
2417 940 2469 994 7.
2504 938 2615 1009 15).
2648 938 2716 995 Et
2737 940 3004 1010 judicium
3039 947 3154 1017 ejus
3196 948 3268 1002 ita
3314 950 3615 1006 subindicat
3647 968 3663 1006 :

2077 1026 2390 1098 Aspiciebam
2417 1032 2575 1088 donec
2598 1035 2765 1089 throni
2785 1038 2936 1105 positi
2953 1047 3091 1106 sunt,
3123 1048 3171 1094 et
3195 1040 3309 1094 libri
3327 1043 3496 1110 aperti
3517 1053 3666 1098 sunt:

2078 1128 2127 1172 et
2172 1121 2357 1189 ﬂuvius
2400 1123 2578 1193 igneus
2627 1127 2866 1181 manabat
2911 1130 2966 1183 in
3012 1142 3278 1202 conspectu
3325 1135 3434 1205 ejus
3463 1149 3485 1188 :
3525 1135 3669 1190 mille

2081 1209 2240 1264 millia
2283 1214 2633 1269 ministrabant
2675 1218 2719 1271 ei
2742 1259 2758 1281 ,
2808 1228 2856 1272 et
2901 1219 3063 1274 d.‘cies
3107 1222 3291 1277 millies
3328 1224 3461 1278 dena
3502 1225 3667 1279 millia

2078 1300 2370 1355 assistebant
2406 1304 2471 1357 ei.
2521 1304 2701 1375 Neque
2740 1309 2841 1362 hoc
2869 1318 3072 1365 tantum
3108 1322 3325 1381 narrat,
3370 1315 3466 1370 sed
3507 1332 3669 1386 quem

2076 1388 2203 1456 justi
2234 1391 2459 1448 habituri
2483 1405 2607 1449 sunt
2632 1395 2889 1453 honorem
2912 1400 2990 1454 sic
3018 1400 3272 1457 describit
3291 1420 3307 1458 :
3326 1403 3393 1457 Et
3411 1404 3668 1476 judicium

2081 1479 2218 1534 dedit
2244 1484 2427 1538 sanctis
2453 1484 2696 1540 Altissimi
2720 1528 2735 1555 ,
2779 1500 2828 1542 et
2869 1506 3082 1561 regnum
3123 1493 3442 1549 obtinuerunt
3479 1499 3666 1553 sancti.

2082 1567 2366 1627 Malacltias
2397 1589 2523 1628 vero
2553 1574 2656 1631 hoc
2677 1576 2934 1646 judicium
2964 1595 3056 1649 per
3080 1581 3255 1652 ignem
3282 1582 3517 1640 futurum
3547 1602 3670 1643 esse

2082 1658 2317 1715 declarat
2356 1662 2439 1717 his
2481 1665 2657 1720 verbis
2689 1684 2702 1720 :
2731 1666 2863 1723 Ecce
2899 1671 3007 1741 ipse
3045 1671 3325 1742 ingreditur
3365 1675 3495 1729 sicut
3536 1677 3671 1746 ignis

2082 1750 2390 1819 con/latorii,
2423 1763 2469 1807 et
2489 1755 2618 1808 sicut
2644 1756 2797 1810 herba
2815 1758 3069 1827 fullonum
3103 1760 3354 1833 (Jlalaclt.
3383 1764 3436 1818 5.
3469 1763 3547 1838 2).
3584 1766 3672 1821 Vi-

2084 1839 2262 1895 distin’
2301 1843 2677 1913 prophetarum
2714 1850 3136 1917 accurationem,
3167 1852 3437 1923 quomodo
3463 1857 3667 1923 omnia,

2084 1948 2202 2002 qua:
2238 1931 2417 1989 futura
2460 1944 2616 2005 sunt,
2666 1940 2980 1994 annuntiare
3020 1943 3479 2013 prmoccuparint?
3522 1945 3672 2012 Quo-

2085 2022 2245 2078 modo
2265 2040 2393 2095 ergo
2424 2026 2598 2083 adhuc
2624 2028 2928 2086 incredulus
2965 2048 3182 2089 manere
3226 2034 3429 2103 audes,
3476 2036 3672 2090 talibus

2085 2116 2318 2186 acceptis
2357 2117 2473 2187 ejus
2511 2119 2724 2174 virtutis
2751 2122 3328 2191 demonstrationibus,
3354 2140 3476 2181 cum
3508 2127 3673 2182 verbo

2085 2203 2269 2260 videas
2296 2207 2494 2262 tamdiu
2521 2217 2646 2263 ante
2667 2212 3018 2281 pramuntiata
3041 2253 3058 2279 ,
3098 2228 3289 2284 resque
3314 2215 3494 2270 videas
3526 2217 3672 2271 acci-

2085 2296 2213 2352 dere
2258 2299 2435 2353 verbis
2478 2314 2741 2355 consonas
2763 2342 2780 2368 ,
2827 2302 2896 2357 ita
2925 2312 2982 2357 ut
3010 2304 3143 2358 nihil
3181 2306 3399 2360 omnino
3424 2307 3673 2362 excidat?

2086 2388 2342 2460 Quodque
2359 2390 2473 2445 haec
2496 2406 2601 2447 non
2621 2392 2868 2463 figmenta
2891 2404 3071 2449 nostra
3092 2396 3216 2462 sint,
3245 2397 3592 2453 testiﬁcantur
3611 2399 3669 2466 ii,

2085 2482 2173 2551 qui
2203 2482 2357 2552 primi
2381 2482 2545 2538 libros
2569 2493 2910 2553 acceperunt,
2937 2492 2992 2540 et
3018 2490 3307 2541 etiamnum
3327 2498 3668 2551 conservant,

2087 2572 2287 2627 inimici
2333 2574 2541 2641 nostri,
2589 2574 2989 2646 abnepotesque
3031 2592 3215 2631 eorum
3249 2578 3337 2648 qui
3389 2579 3672 2635 Dominum

2086 2665 2460 2720 crueilixerunt
2496 2682 2510 2720 :
2542 2667 2632 2737 qui
2671 2667 2837 2722 libros
2859 2709 2875 2737 ,
2911 2668 3158 2738 inquam,
3186 2668 3327 2738 apud
3355 2684 3413 2724 se
3441 2671 3674 2725 retinent

2086 2764 2142 2810 et
2183 2764 2524 2811 conservant.
2578 2757 2647 2812 Et
2683 2758 2771 2828 qui
2811 2757 2925 2813 ﬂeri
2970 2759 3166 2827 possit,
3215 2758 3358 2815 dicet
3384 2760 3671 2830 quispiam,

2089 2856 2148 2901 ut
2176 2847 2340 2902 libros
2361 2847 2620 2904 habentes
2637 2865 2743 2904 non
2767 2849 3022 2905 credant?
3051 2850 3183 2918 Quia
3202 2860 3324 2905 tunc
3345 2853 3529 2917 etiam,
3548 2867 3674 2907 cum

2087 2954 2208 2994 eum
2226 2939 2483 2995 mirabilia
2508 2951 2820 3011 operantem
2849 2942 3112 3009 viderent,
3145 2958 3250 2998 non
3280 2944 3623 2999 crediderunt
3648 2963 3663 2999 :

2088 3030 2184 3086 sed
2214 3030 2314 3085 hoc
2352 3045 2458 3085 non
2498 3041 2580 3086 est
2607 3033 2808 3088 crimen
2855 3033 2970 3102 ejus
2995 3033 3219 3088 cuinon
3257 3035 3525 3103 creditur,
3573 3037 3671 3091 sed

2088 3136 2271 3176 eorum
2293 3121 2483 3192 magis,
2505 3123 2594 3192 qui
2621 3124 2675 3178 in
2699 3122 2923 3178 meridie
2946 3126 3253 3181 ementium.
3285 3124 3417 3180 Nam
3443 3136 3498 3182 et
3529 3129 3676 3184 hunc

2089 3212 2342 3267 mundum
2393 3212 2447 3267 in
2492 3211 2671 3268 medio
2714 3213 3025 3284 proposuit,
3073 3214 3482 3271 instrumentum
3527 3220 3677 3272 omni

2088 3303 2447 3360 concinnitate
2472 3303 2825 3369 elaboratum,
2855 3319 3039 3360 vocem
3067 3305 3301 3376 undique
3325 3306 3598 3371 emittens,
3618 3318 3677 3363 et

2090 3405 2387 3452 creatorem
2433 3396 2729 3463 prmdicans
2770 3413 2785 3451 :
2826 3405 2880 3452 et
2933 3406 3107 3453 tamen
3156 3398 3371 3468 quidam
3426 3399 3680 3454 homines

2089 3497 2231 3554 sunt,
2263 3487 2354 3558 qui
2383 3487 2465 3542 vel
2495 3496 2766 3542 automata
2803 3501 2921 3543 esse
2946 3486 3125 3543 dicunt
3144 3529 3159 3554 ,
3192 3489 3278 3543 vel
3304 3489 3493 3544 borum
3520 3505 3678 3545 crea-

2092 3579 2288 3633 tionem
2330 3588 2488 3649 atque
2540 3577 2926 3649 providentiam
2976 3578 3281 3634 hominibus
3328 3582 3676 3649 adscribunt;

2090 3671 2177 3725 alii
2208 3686 2333 3726 vero
2361 3671 2582 3726 fortunm
2604 3713 2618 3738 ,
2653 3671 2777 3738 fato,
2806 3673 3008 3742 genesi,
3037 3672 3119 3726 vel
3145 3673 3415 3729 stellarum
3443 3689 3676 3729 convero

2090 3764 2347 3818 sionibus.
2394 3763 2588 3818 Verum
2637 3762 2738 3818 hoc
2766 3763 2968 3819 crimen
3012 3779 3118 3818 non
3149 3765 3201 3818 in
3230 3766 3477 3835 opiﬁcem
3506 3767 3676 3839 cadit,

2090 3854 2184 3910 sed
2216 3856 2266 3909 in
2298 3870 2423 3923 eos,
2452 3855 2540 3925 qui
2568 3856 2705 3911 inter
2744 3864 2823 3911 tot
2861 3855 3095 3911 remedia
3121 3856 3296 3913 adhuc
3317 3859 3574 3913 extremis
3603 3860 3681 3914 la-

2090 3945 2282 4001 borant
2321 3947 2538 4001 morbis.
2589 3946 3045 4014 Quemadmodum
3088 3947 3231 4003 enim
3279 3948 3415 4004 bene
3453 3948 3680 4005 allectus

2089 4039 2299 4093 animus
2343 4037 2467 4108 quid
2498 4038 2637 4093 facto
2656 4054 2793 4109 opus
2818 4041 2886 4094 sit
2926 4040 3107 4108 videt,
3136 4055 3237 4097 nec
3267 4041 3448 4096 multis
3475 4041 3543 4096 ad
3573 4047 3678 4098 hoc

2086 4138 2211 4202 eget
2237 4129 2557 4199 adjumcntis
2582 4147 2595 4196 ;
2628 4130 2706 4184 sic
2749 4129 3057 4201 imprudens
3081 4145 3145 4186 ac
3167 4131 3435 4202 stupidus,
3464 4132 3677 4187 etiamsi

2090 4222 2399 4276 innumeros
2446 4220 2637 4276 haheat
2675 4222 2987 4292 magistros,
3031 4221 3304 4279 aﬂ'ectibus
3334 4239 3675 4295 praeoccupa-

2093 4322 2197 4378 tus,
2230 4314 2282 4369 in
2312 4316 2551 4369 creeitate
2569 4321 2892 4384 perseverat.
2926 4313 3037 4370 lloc
3063 4314 3222 4385 igitur
3236 4330 3449 4386 semper
3467 4316 3677 4384 videas,

2090 4420 2197 4461 non
2229 4406 2280 4460 in
2312 4404 2409 4460 hac
2436 4420 2494 4460 re
2523 4406 2714 4469 solum,
2738 4405 2831 4460 sed
2863 4406 2915 4459 in
2943 4404 3062 4460 aliis
3092 4420 3322 4476 quoque.
3364 4405 3507 4472 Quot
3528 4406 3674 4461 enim

2091 4505 2248 4564 sunt,
2279 4497 2513 4568 quicum
2557 4496 2753 4551 nullam
2792 4496 3064 4551 audissent
3098 4497 3306 4567 legem,
3352 4499 3575 4554 honeste
3610 4512 3678 4554 ac

2090 4588 2324 4658 legitime
2364 4587 2651 4642 vixerunt?
2694 4588 2794 4641 Alii
2827 4602 2952 4643 vero
2978 4602 3007 4641 a
3038 4589 3258 4657 pueritia
3289 4586 3353 4642 ad
3379 4599 3674 4644 extremam

2090 4693 2261 4748 Usque
2300 4686 2628 4733 senectutem
2679 4677 2729 4731 in
2779 4678 2983 4748 legibus
3011 4678 3257 4746 educati,
3296 4694 3388 4734 eas
3439 4678 3675 4734 violandi

2091 4785 2377 4840 numquam
2406 4771 2563 4824 fmem
2593 4769 2849 4824 fecerunt.
2902 4768 3028 4825 Haec
3056 4778 3111 4824 et
3145 4769 3284 4839 apud
3314 4777 3522 4826 veteres
3544 4785 3677 4826 con-

2094 4862 2366 4931 tigerunt:
2397 4876 2517 4914 nam
2552 4859 2722 4915 Judasi
2768 4859 3062 4914 innumeris
3102 4860 3267 4930 signis
3305 4869 3359 4914 et
3405 4861 3680 4916 miraculis

2093 4970 2198 5008 non
2245 4953 2494 5007 meliores
2520 4951 2693 5007 effecti
2735 4960 2897 5016 sunt;
2947 4951 3189 5006 Ninivitae
3214 4967 3343 5007 vero
3372 4967 3473 5007 una
3503 4953 3678 5007 solum

2093 5046 2267 5101 audita
2300 5061 2427 5100 voce
2456 5045 2826 5115 resipuerunt,
2872 5056 2924 5101 et
2953 5062 2981 5099 a
3010 5046 3239 5116 peccatis
3285 5047 3489 5101 liberati
3530 5056 3673 5101 sunt.

2097 5136 2209 5190 Hoc
2236 5135 2394 5191 etiam
2423 5135 2604 5191 videre
2647 5143 2722 5190 est
2768 5152 2873 5190 non
2914 5137 2966 5190 in
2996 5136 3262 5191 nobilibus
3290 5146 3493 5191 tantum
3523 5137 3671 5203 viris,

2094 5226 2188 5283 sed
2229 5227 2388 5282 etiam
2437 5225 2490 5281 in
2539 5226 2766 5281 obscuro
2805 5228 2923 5283 loco
2974 5228 3132 5281 natis.
3179 5227 3386 5294 Quanta
3435 5227 3676 5284 doctrina

2096 5330 2201 5371 non
2232 5317 2462 5372 imbutus
2485 5324 2567 5371 est
2590 5315 2798 5372 Judas?
2824 5325 2878 5372 et
2907 5327 3082 5373 tamen
3112 5316 3352 5387 proditor
3381 5317 3553 5373 factus
3571 5328 3676 5373 est.

2092 5410 2259 5476 Quam
2301 5409 2716 5465 admonitionem
2749 5410 2930 5465 habuit
2970 5410 3148 5465 latro?
3183 5420 3416 5468 attamen
3446 5413 3497 5467 in
3522 5427 3681 5467 cruce

2093 5498 2361 5555 Christum
2387 5502 2660 5557 confessus
2683 5510 2765 5557 est
2785 5544 2799 5568 ,
2846 5511 2902 5557 et
2939 5518 3162 5573 regnum
3201 5503 3319 5572 ejus
3349 5503 3674 5574 pra-dicavit.

2093 5590 2171 5646 Ne
2198 5591 2356 5663 igitur
2383 5610 2412 5645 a
2438 5602 2807 5663 corruptorum
2842 5592 3113 5649 hominum
3154 5602 3335 5650 mente
3376 5608 3554 5649 rerum
3592 5594 3680 5663 ju-

2094 5681 2292 5737 dicium
2333 5682 2491 5738 facias
2517 5699 2532 5749 ;
2575 5684 2668 5739 sed
2698 5683 2766 5738 ab
2793 5684 2905 5753 ipsa
2933 5699 3109 5739 rerum
3137 5684 3359 5740 veritate
3382 5696 3681 5755 congruen-

2098 5785 2204 5834 tem
2248 5775 2508 5830 calculum
2557 5790 2721 5846 ponas
2748 5775 2810 5831 de
2856 5777 2956 5842 iis,
3006 5776 3093 5847 qui
3124 5784 3266 5831 recta
3294 5775 3512 5832 consilia
3556 5779 3677 5831 sunt
