3920 6404
1664 226 1699 233 .-.

300 333 413 390 827

303 448 620 518 τιμωρίας)
671 438 812 495 Ἀλλ’
845 442 874 495 0
910 440 1088 497 πάντα
1132 440 1303 496 ποιῶν
1341 441 1433 495 καὶ
1468 441 1894 512 μετασκευάζων

302 513 467 595 αὐτὰ,
486 529 515 582 0
537 513 635 598 τήν
660 524 987 597 οἰκουμένην
1004 525 1070 579 ἐκ
1089 524 1360 595 τοσαύτης
1388 525 1590 589 κακίας
1615 524 1893 596 μεταθεὶς,

300 615 401 668 καὶ
425 613 527 684 τὴν
555 610 661 680 γῆν
693 608 922 682 οὐρανὸν
944 609 1340 681 ἐργασάμενος,
1359 603 1513 671 οὗτος
1543 609 1636 662 καὶ
1660 607 1722 661 τὸ
1756 608 1898 677 πρᾶ-

301 715 424 768 γμα
455 693 617 748 τοῦτο
646 691 1011 746 ἐπονείδιστον
1038 690 1097 745 δν
1138 692 1235 746 καὶ
1273 692 1492 746 πάντων
1531 691 1777 745 θανάτων
1808 688 1893 742 at-

304 796 527 850 σχιστον
545 778 686 849 ὑπὲρ
707 775 817 829 τῶν
840 775 1087 846 οὐρανῶν
1112 776 1381 847 ἀνήγαγε.
1399 769 1667 828 Ταύτόὗν
1682 772 1899 826 ἅπαντα

306 862 561 935 προορῶν
586 862 616 916 0
656 861 943 932 προφήτης
983 859 1138 928 ἔλεγε
1162 878 1175 891 ο
1202 859 1313 915 Καὶ
1341 858 1516 913 ἔσται
1543 859 1582 927 τ)
1626 856 1900 912 ἀνάπαυ-

303 964 409 1014 σις
448 945 636 1000 αὑτοῦ
664 942 821 1013 τιμή.
864 940 1036 996 Τοῦτο
1063 941 1174 1014 γάρ
1207 941 1269 995 τὸ
1304 940 1399 996 τοῦ
1427 940 1661 995 θανάτου
1691 939 1897 1012 σύμϐο-

303 1030 400 1084 λον
422 1031 505 1097 (οὐ
532 1028 644 1099 γάρ
670 1026 953 1099 παύσομαι
987 1025 1228 1096 συνεχῶς
1268 1025 1428 1078 τοῦτο
1451 1024 1648 1095 λέγων)
1682 1024 1901 1094 ἐγένετο

306 1112 564 1182 εὐλογίας
590 1110 844 1174 ὑπόθεσις
866 1109 1090 1180 πολλῆς,
1106 1110 1201 1164 καὶ
1229 1108 1577 1180 παντοδαπῆς
1598 1107 1901 1178 ἀσφαλείας

305 1199 512 1268 τεῖχος,
530 1195 779 1250 διαϐόλου
811 1194 1004 1265 καιρία
1032 1191 1238 1264 πληγὴ,
1257 1191 1530 1262 δαιμόνων
1555 1191 1793 1261 χαλινὸς.
1811 1208 1904 1262 κη-

310 1281 416 1352 μὸς
445 1280 546 1352 τῆς
582 1277 692 1332 τῶν
712 1276 1106 1349 ἀντικειμένων
1135 1274 1422 1346 δυνάμεως
1440 1290 1454 1305 °
1484 1274 1643 1328 τοῦτο
1672 1273 1902 1329 θάνατον

304 1364 511 1430 ἀνεῖλε,
545 1362 706 1416 τοῦτο
730 1360 825 1415 τοῦ
860 1360 988 1432 ᾅδου
1011 1360 1112 1423 τάς
1138 1358 1347 1429 χαλκᾶς
1381 1357 1557 1421 πύλας
1581 1357 1898 1424 συνέκλασε,

302 1450 437 1512 τοὺς
477 1445 730 1518 σιδηροῦς
774 1445 1006 1515 μοχλοὺς
1037 1442 1361 1504 συνέθλασε,
1384 1442 1481 1496 τοῦ
1521 1442 1770 1496 διαϐόλου
1803 1442 1903 1513 τὴν

305 1530 606 1604 ἀκρόπολιν
636 1529 924 1586 κατέλυσε.
956 1527 1055 1598 τῆς
1088 1527 1366 1598 ἁμαρτιας
1403 1525 1474 1579 τά
1507 1525 1677 1597 νεῦρα
1721 1526 1904 1593 ἐξέκο-

304 1616 434 1686 ψεν,
460 1615 566 1669 ὐπὸ
585 1612 886 1683 καταδίκην
917 1611 1179 1683 κειμένην
1205 1610 1304 1682 τὴν
1320 1611 1650 1682 οἰκουμένην
1685 1609 1903 1663 ἃπασαν

308 1701 615 1772 ἐξήρπασε,
643 1697 904 1768 θεήλατον
924 1694 1232 1767 φερομένην
1257 1693 1400 1748 κατὰ
1430 1693 1533 1763 τῆς
1572 1692 1786 1762 φύσεως
1806 1693 1903 1764 τῆς

305 1785 586 1857 ἡμετέρας
604 1781 819 1854 πληγὴν
841 1778 1137 1835 ἀνέστειλε.
1154 1779 1219 1832 Τί
1235 1778 1378 1847 λέγω
1396 1795 1411 1843 ;
1431 1777 1573 1849 άπερ
1594 1777 1693 1831 οὐκ
1718 1776 1903 1848 ἴσχυσε

306 1870 557 1925 θάλασσα
585 1865 905 1937 σχιζομένη,
938 1864 1139 1935 πέτραι
1183 1861 1543 1934 ῥηγνύμεναι,
1575 1861 1685 1931 ἀὴρ
1735 1876 1904 1932 μετα-

306 1953 661 2025 ϐαλλόμενος,
691 1949 787 2003 καὶ
825 1949 998 2020 μάννα
1043 1947 1135 2001 ἐπὶ
1177 1945 1590 2017 τεσσαράκοντα
1622 1944 1768 1997 ἐτεσι
1800 1961 1906 1997 το-

309 2039 541 2102 σαύταις
580 2034 786 2109 χιλιάσι
823 2031 1208 2104 διαδιδόμενον,
1260 2032 1356 2085 καὶ
1386 2030 1579 2101 νόμος,
1613 2029 1708 2082 καὶ
1739 2028 1903 2099 ἓτερα

308 2124 516 2194 σημεῖα
551 2120 638 2175 καὶ
682 2120 741 2172 ἐν
783 2117 978 2191 ἐρήμῳ
1011 2117 1106 2171 καὶ
1139 2117 1196 2168 ἐν
1225 2112 1562 2185 Παλαιστίνῃ
1591 2112 1862 2182 γενόμενα
1887 2152 1902 2174 ,

306 2206 486 2261 ταῦτα
540 2206 762 2275 ἴσχυσεν
805 2202 833 2254 0
875 2200 1129 2271 σταυρὸς,
1169 2199 1270 2278 οὐκ
1297 2199 1357 2252 ἐν
1387 2198 1467 2251 ἐνί
1496 2195 1662 2260 ἔθνει,
1698 2194 1814 2278 ἀλλ’
1847 2195 1905 2247 ἐν

307 2292 460 2363 πάσῃ
484 2291 551 2361 τῇ
591 2286 908 2357 οἰκουμένῃ,
947 2282 1180 2354 σταυρὸς
1216 2277 1277 2335 τὸ
1305 2281 1581 2353 ἐπάρατον
1611 2277 1903 2363 σύμϐολον,

305 2376 370 2430 τὸ
403 2362 537 2429 πᾶσι
565 2370 817 2442 φευκτὸν,
834 2369 898 2423 τὸ
921 2368 1087 2421 πᾶσιν
1115 2364 1407 2426 ἀπευκτὸν,
1435 2363 1496 2418 τὸ
1517 2362 1901 2427 ἐπονείδιστον,

310 2460 524 2530 ἴσχυσε,
543 2455 682 2529 μετὰ
710 2454 773 2508 τὸ
802 2450 1130 2521 τελευτῆσαι
1159 2450 1251 2503 τὸν
1292 2448 1696 2521 σταυρωθέντα,
1726 2447 1906 2502 πάντα

307 2541 549 2605 εὐκόλως
569 2536 928 2611 ἐργάσασθαι.
952 2536 1026 2589 Οὐ
1045 2531 1221 2587 ταῦτα
1241 2532 1300 2586 δέ
1336 2532 1521 2603 μόνον,
1551 2531 1688 2585 ἀλλά
1711 2532 1804 2585 καὶ
1836 2530 1906 2584 τά

312 2624 455 2697 μετά
485 2622 659 2678 ταῦτα
680 2621 955 2675 δείκνυσιν
987 2616 1152 2672 αὐτοῦ
1186 2615 1287 2687 τὴν
1320 2614 1495 2685 ίσχύν.
1526 2613 1638 2686 Τὴν
1678 2613 1787 2697 γάρ
1829 2614 1907 2667 οίο

309 2696 586 2778 κουμένην
626 2706 819 2775 ἄγονον
847 2698 1012 2757 οὖσαν
1046 2700 1190 2756 κατά
1216 2700 1309 2753 τὸν
1349 2699 1449 2769 τῆς
1483 2697 1687 2769 ἀρετῆς
1724 2696 1904 2766 λόγον,

309 2794 408 2849 καὶ
433 2792 642 2864 ἐρήμου
676 2790 779 2860 γῆς
806 2786 960 2841 οὐδὲν
999 2786 1222 2854 ἄμεινον
1261 2782 1634 2852 διακειμένην,
1668 2780 1790 2834 οὐδὲ
1827 2782 1908 2844 είς

308 2878 373 2932 τὸ
400 2878 578 2931 τεκεῖν
614 2892 667 2928 τι
692 2870 930 2945 χρηστὸν
964 2867 1385 2940 προσδοκῶσαν,
1408 2864 1604 2935 ἀθρόον
1648 2864 1907 2936 παράδει-

312 2979 407 3017 σον
424 2961 517 3015 καὶ
549 2957 762 3031 μητέρα
788 2952 1093 3009 πολύπαιδα
1118 2949 1410 3021 πεποίηκε.
1434 2947 1545 3002 Καὶ
1567 2947 1727 3001 τοῦτο
1764 2947 1907 3001 ἀνω-

311 3046 405 3102 θεν
429 3041 803 3117 προεδήλωσεν
830 3041 858 3094 0
895 3038 1185 3111 προφήτης
1221 3035 1366 3090 οὐτω
1395 3033 1604 3117 λέγωνξ
1642 3031 1908 3117 Εὐφράν-

309 3115 725 3198 θητι,στεῖρα,
751 3124 790 3193 ἡ
828 3123 901 3177 οὐ
926 3122 1235 3176 τίκτουσα·
1258 3117 1458 3188 ῥῆξον
1501 3115 1601 3170 καὶ
1641 3115 1905 3198 βόησον,

307 3213 347 3281 ἠ
371 3196 483 3268 οὐκ
508 3208 832 3271 ὠδίνουσα,
864 3205 953 3261 ὅτι
990 3201 1194 3259 πολλὰ
1215 3201 1289 3256 τὰ
1319 3200 1504 3255 τέκνα
1530 3198 1642 3268 τῆς
1681 3196 1906 3281 ἐρήμου

310 3280 567 3361 μᾶλλον,
602 3292 642 3362 ἢ
672 3291 784 3360 τῆς
819 3289 1089 3360 ἐχούσης
1124 3286 1233 3341 τὸν
1261 3283 1472 3353 ἄνδρα.
1500 3283 1624 3335 ’Ότι
1649 3280 1907 3353 τοιαύτην

311 3379 708 3453 ἐργασάμενος,
738 3375 902 3446 νόμον
920 3372 1120 3426 ἔδωκεν
1147 3370 1286 3441 αὐτῇ
1315 3364 1613 3453 πολλῶτού
1638 3364 1905 3453 προτέρου

312 3449 577 3535 βελτίονα,
615 3459 738 3514 οὐδὲ
775 3457 932 3511 τοῦτο
959 3456 1222 3528 ἐσίγησαν
1258 3454 1308 3507 οἰ
1348 3452 1624 3524 προφῆται
1650 3467 1663 3480 ·
1691 3450 1785 3504 καὶ
1805 3449 1908 3535 ὅρα

312 3531 363 3602 τί
414 3540 933 3619 πρωναφωνοῦντες
970 3541 1226 3611 εἰρήκασι
1253 3554 1267 3569 ο
1306 3535 1673 3604 Διαθήσομαι
1702 3531 1909 3599 αὐτοῖς

312 3617 610 3700 διαθήκην
646 3627 885 3696 καινὴν,
918 3626 989 3679 οὐ
1027 3624 1179 3679 κατά
1205 3622 1321 3691 τὴν
1351 3620 1651 3689 διαθήκην
1677 3617 1758 3686 ἢν
1790 3617 1910 3672 διε-

313 3716 500 3786 θέμην
525 3713 653 3780 τοῖς
685 3709 988 3782 πατράσιν
1021 3706 1243 3772 αὐτῶν,
1284 3707 1355 3760 ἐν
1394 3703 1586 3774 ἡμέρα
1627 3703 1906 3786 ἐπιλαϐο-

312 3785 500 3871 μένου
525 3816 647 3869 μου
680 3795 793 3864 τὴς
840 3792 1041 3865 χειρὸς
1081 3791 1283 3846 αὐτῶν
1323 3786 1643 3871 ἐξαγαγεῖν
1684 3785 1909 3871 αὐτοὺς

312 3870 383 3939 ἐκ
416 3882 530 3954 γῆς
575 3881 880 3951 Αἰγύπτου
914 3895 929 3909 ’
964 3876 1057 3932 ὅτι
1104 3875 1275 3929 αὐτοὶ
1320 3875 1434 3929 οὐκ
1484 3870 1802 3942 ἐνέμειναν
1839 3870 1910 3923 ἐν

316 3966 391 4037 τῇ
411 3964 665 4033 διαθήκη
683 3981 824 4032 μου,
839 3958 1003 4031 κάγὼ
1031 3959 1313 4030 ἠμέλησα
1339 3955 1540 4012 αὐτῶν
1559 3996 1574 4020 ,
1605 3954 1768 4025 λέγει
1789 3954 1909 4037 Κύ-

313 4036 462 4118 ριος.
500 4051 633 4103 Ὅτι
649 4047 803 4115 αὕτη
821 4046 860 4115 ἠ
877 4040 1160 4113 διαθήκη,
1190 4040 1274 4109 ἣν
1297 4038 1659 4108 διαθήσομαι
1679 4036 1905 4103 αὐτοῖς,

314 4132 522 4200 διδοὺς
553 4133 779 4202 νόμους
814 4146 936 4200 μου
974 4130 1061 4194 εῖς
1105 4125 1221 4194 τὴν
1246 4123 1524 4179 διάνοιαν
1555 4119 1777 4202 αὐτῶν,
1810 4118 1911 4173 καί

314 4216 414 4271 ἐπὶ
452 4200 708 4286 καρδίαν
744 4212 946 4269 αὐτῶν
986 4207 1298 4282 ἐπιγράψω
1337 4207 1583 4272 αὐτούς.
1624 4200 1763 4260 Εἶτα
1814 4203 1907 4257 καὶ

314 4300 414 4373 τὴν
441 4300 643 4374 ἀθρόαν
681 4296 982 4370 μεταϐολὴν
1001 4337 1014 4358 ,
1043 4296 1138 4349 καὶ
1177 4295 1278 4365 τὴν
1319 4292 1436 4362 μετ’
1479 4286 1910 4374 εὐκολςαςιδιδα-

316 4369 545 4439 σκαλίαν
580 4369 906 4455 παραδηλῶν
952 4379 1106 4448 ἔλεγε
1140 4395 1153 4409 -
1182 4376 1291 4431 Καὶ
1332 4375 1405 4428 οὐ
1444 4371 1531 4443 μὴ
1580 4369 1911 4455 διδάξωσιν

316 4469 573 4536 ἕκαστος
619 4452 728 4521 τόν
782 4452 1052 4533 πλησίον
1082 4460 1267 4517 αὐτοῦ
1293 4503 1308 4527 ,
1353 4458 1450 4513 καὶ
1498 4456 1758 4521 ἕκαστος
1802 4452 1911 4507 τὸν

316 4552 588 4623 ἀδελφὸν
606 4548 817 4615 αὐτοῦ,
833 4547 1050 4618 λέγων,
1068 4543 1261 4600 Γνῶθι
1277 4543 1384 4596 τόν
1399 4542 1638 4609 Κύριον,
1658 4536 1748 4592 ὅτι
1767 4536 1911 4623 πάν-

318 4654 422 4704 τες
457 4620 780 4704 εὶδήσουσί
795 4649 873 4703 με
896 4629 1016 4686 ἀπὸ
1041 4628 1259 4700 μικροῦ
1280 4624 1478 4682 αὐτῶν
1507 4624 1618 4690 ἕως
1638 4620 1910 4704 μεγάλου

321 4703 543 4777 αὐτῶν.
573 4719 695 4772 Ὀτι
726 4715 1138 4790 ἁμαρτημάτων
1169 4710 1363 4783 ἔμελλε
1394 4707 1596 4762 διδόναι
1631 4703 1912 4790 συγχώρη-

324 4822 412 4859 σιν
442 4804 609 4858 ἀπασι
635 4785 1097 4871 παραγενόμενος,
1113 4797 1206 4850 καὶ
1230 4793 1389 4849 τοῦτο
1411 4792 1572 4847 πάλιν
1592 4785 1914 4871 πρωνεφώέ

318 4904 485 4959 νησεν
509 4887 538 4939 ό
557 4870 845 4957 προφήτης
870 4881 1043 4943 οὕτως
1062 4879 1262 4934 εἰπών·
1290 4878 1448 4946 Αὕτη
1476 4873 1686 4959 αὐτοῖς
1704 4873 1744 4939 ἡ
1774 4870 1912 4959 παρ’

318 4957 467 5040 ἐμοῦ
496 4967 773 5035 διαθήκη,
806 4965 953 5020 ὅταν
996 4963 1303 5033 ἀφέλωμαι
1350 4962 1458 5027 τὰς
1507 4957 1764 5040 ἀνομίας
1804 4957 1914 5040 αὺ-

318 5037 460 5113 ⁴ἑῶν,
490 5049 730 5105 καὶτῶν
762 5047 1060 5119 ἁμαρτιῶν
1077 5045 1275 5101 αὐτῶν
1296 5046 1369 5098 οὐ
1406 5041 1492 5113 μὴ
1518 5037 1773 5113 μνησθῶ
1804 5038 1910 5091 ἔτι.

319 5136 389 5190 Τί
414 5135 603 5189 τούτου
648 5133 983 5205 σαφέστερον
1017 5130 1218 5201 γένοιτ’
1246 5129 1312 5183 ἄν
1345 5145 1360 5193 ;
1397 5127 1508 5198 Τὴν
1559 5123 1755 5195 κλῆσιν
1805 5120 1913 5194 γὰρ

318 5219 432 5275 τῶν
476 5218 665 5283 ἐθνῶν,
700 5218 801 5289 τὴν
836 5213 1110 5287 ὑπεροχὴν
1160 5212 1253 5266 τοῦ
1290 5209 1476 5265 καινοῦ
1509 5208 1645 5280 πρὸς
1685 5206 1777 5260 τὸν
1822 5220 1918 5258 πα-

318 5301 473 5357 λαιὸν
506 5302 691 5373 νόμον,
720 5300 819 5371 τὴν
850 5298 1101 5353 εὐκολίαν
1130 5300 1228 5367 τῆς
1260 5293 1650 5367 προσαγωγῆς,
1680 5289 1789 5373 τῶν
1824 5306 1916 5373 πιζ

322 5366 667 5441 στευσάντων
692 5366 791 5455 τὴν
819 5382 1000 5454 χάριν,
1036 5381 1130 5435 καὶ
1178 5366 1276 5450 τὴν
1312 5366 1523 5448 δωρεὰν
1555 5375 1654 5446 τὴν
1694 5372 1784 5426 διά
1820 5366 1916 5423 τοῦ

323 5469 699 5541 βαπτίσματος
713 5466 1032 5538 γενομένην,
1046 5463 1133 5517 διά
1148 5462 1352 5516 τούτων
1373 5460 1600 5530 ἐνέφηνε
1620 5456 1728 5511 τῶν
1748 5457 1919 5528 προρ-

366 5554 559 5624 ήσεων.

404 5569 509 5606 σεω
546 5592 559 5607 .

326 5561 549 5709 ῥήμῑᾛῆ
574 5637 793 5692 ια’.”οτι
816 5633 978 5699 αὐτὸς
1001 5627 1154 5697 οὗτος
1168 5634 1196 5686 0
1210 5628 1382 5685 ταῦτα
1404 5625 1799 5709 ἐργασάμενος,
1823 5621 1921 5709 αὐτ-

322 5703 419 5783 '3’);-
442 5703 709 5791 παρέσται
734 5718 829 5771 καὶ¹
849 5715 1041 5789 κριτὴς
1068 5716 1206 5786 μετά
1219 5713 1410 5777 ταῦτα,
1425 5712 1527 5784 ὅρα
1542 5709 1658 5773 πῶς
1676 5707 1767 5761 καὶ¹
1788 5703 1920 5791 αύτδ

327 5789 781 5872 προαεδαφωνοῦσι
807 5818 820 5832 ³
850 5803 944 5854 καὶ
982 5801 1092 5873 γάρ
1123 5800 1242 5854 οὐδέ
1274 5796 1433 5853 τοῦτο
1475 5793 1843 5873 παρέδραμον,
1867 5789 1915 5841 οῖ

329 5871 432 5961 μὲν
467 5871 703 5963 ὁρῶντες
747 5888 907 5943 αὐτὸν
942 5887 998 5942 ἐν
1048 5871 1197 5957 αὐτῷ
1242 5883 1321 5959 τῷ
1357 5883 1624 5963 σχήματι,
1651 5871 1696 5947 ᾧ
1729 5874 1911 5949 μέλλει

808 5964 1055 5973 ,κη-οφ-υ-τ-
1078 5966 1087 5969 ν

875 325 1154 384 CONTRA
1188 324 1477 383 ,ιυῡιεοε
1517 325 1606 381 ΕΤ
1646 326 1906 383 (ΞΕΧΤΙΕ

2048 329 2238 399 QUOD
2276 333 2625 393 CHRISTUS
2662 335 2769 394 SIT
2807 337 3011 397 DEUS.

3478 340 3587 400 εει).

1999 445 2420 516 παραγίνεσθαι,
2451 449 2500 502 οῖ
2531 450 2589 503 δέ
2617 449 2707 505 διὰ
2745 452 3007 523 ῥημάτων
3042 451 3222 505 αὐτῶν
3262 468 3590 525 προαναφωο

1997 526 2232 593 νούντες.
2277 530 2338 585 Ὀ
2362 532 2461 602 μὲν
2482 534 2592 605 γὰρ
2619 534 2840 607 Δανιὴλ,
2863 534 2959 589 καὶ⁸
2986 534 3161 589 ταῦτα
3195 537 3253 589 ἐν
3278 535 3430 607 μέσῳ
3456 537 3576 609 βαρ·

1998 612 2183 684 ϐάρων
2203 614 2311 669 τῶν
2345 612 2725 678 Βαϐυλωνίων,
2749 621 2852 690 όρᾷ
2886 618 3047 672 αὐτὸν
3083 619 3176 673 ἐπὶ
3212 617 3321 672 τῶν
3348 621 3591 689 νεφελῶν

1998 695 2291 768 ἐρχόμενον
2313 714 2327 729 ⁶
2363 699 2456 753 καὶ
2485 700 2651 755 ἄκουε
2686 701 2794 756 τῶν
2819 702 3082 774 ῥημάτων
3116 703 3297 756 αὐτῶν
3326 702 3421 757 τοῦ
3452 720 3589 774 προ-

2000 781 2193 850 φήτουο
2240 782 2590 853 Ἐθεώρουν,
2620 785 2773 857 φησὶ,
2807 786 2905 839 καὶ
2936 785 3068 840 ἰδοὺ
3089 785 3171 853 ὡς
3207 786 3342 853 Υἱὸς
3370 787 3594 854 ἀνθρὼ-

1999 879 2120 919 που
2159 867 2482 937 ἐρχόμενος
2525 868 2623 923 ἐπὶ
2675 868 2797 923 τῶν
2841 868 3116 938 νεφελῶν
3135 910 3149 934 ,
3177 871 3275 925 καῖ
3322 870 3594 941 ἔφθασεν

1998 947 2112 1015 ἕως
2147 949 2254 1004 τοῦ
2295 951 2566 1006 Παλαιοῦ
2597 951 2718 1006 τῶν
2748 951 3007 1021 ἡμερῶν,
3051 953 3149 1007 καὶ
3183 952 3444 1007 ἐνώπιον
3487 956 3593 1008 αὐτο

1999 1032 2109 1087 τοῦ
2147 1033 2536 1105 προσηνέχθη
2561 1076 2575 1101 ,
2607 1035 2708 1088 καὶ
2745 1036 2906 1101 αὐτῷ
2935 1035 3113 1105 ἐδόθη
3157 1038 3190 1105 ἠ
3223 1037 3381 1107 ἀρχὴ
3412 1036 3510 1091 καὶ
3551 1039 3591 1107 ἡ

1994 1115 2308 1180 βασιλεία,
2352 1118 2450 1173 καὶ
2496 1116 2721 1184 πάντες
2765 1122 2820 1173 οἱ
2863 1119 3025 1183 λαοὶ,
3060 1119 3284 1189 φυλαὶ,
3316 1119 3594 1190 γλῶσσαι

2001 1195 2164 1263 αὐτῷ
2192 1197 2627 1255 δουλεύσουσι.
2655 1199 2763 1255 Καὶ
2790 1201 2853 1254 τὸ
2887 1203 3166 1275 κριτήριον
3186 1201 3245 1255 δέ
3269 1203 3436 1255 αὐτοῦ
3468 1203 3594 1255 01:0-

2000 1281 2230 1352 γράφων
2260 1284 2422 1354 φησίν
2444 1298 2458 1313 ·
2508 1283 2836 1353 Ἐθεώρουν
2856 1284 2968 1350 ἕως
3005 1284 3148 1340 ὅτου
3174 1285 3375 1354 θρόνοι
3400 1285 3595 1355 ἐτέθηι

2003 1379 2146 1431 σαν,
2181 1365 2283 1419 καὶ
2321 1367 2527 1431 βίϐλοι
2557 1365 2955 1435 ἀνεῴχθησαν
2980 1383 2993 1396 ·
3036 1368 3136 1421 καὶ
3185 1368 3449 1438 ποταμὸς
3488 1385 3595 1423 aw-

1995 1447 2109 1515 ρὸς
2154 1443 2360 1503 εἷλκεν
2406 1449 2753 1518 ἔμπροσθεν
2797 1449 2987 1505 αὐτοῦ
3018 1466 3033 1481 ’
3080 1451 3267 1521 χίλιαι
3322 1450 3591 1521 χιλιάδες

2002 1531 2426 1603 ἐλειτούργουν
2466 1533 2657 1599 αὐτῷ,
2691 1533 2792 1588 καὶ
2827 1535 3035 1603 μύριαι
3070 1533 3359 1604 μυριάδες
3396 1548 3593 1605 παρει-

2002 1614 2343 1681 στήκεισαν
2368 1614 2549 1681 αὐτῷ.
2585 1617 2659 1669 Οὐ
2691 1617 2852 1688 μόνον
2882 1615 2958 1675 δὲ.
2987 1615 3125 1670 ἀλλά
3158 1617 3253 1671 καὶ
3285 1618 3386 1691 τὴν
3429 1618 3593 1688 τιμὴν

2003 1697 2297 1764 δείκνυσιν,
2321 1700 2388 1771 ἣν
2424 1700 2712 1771 μέλλουσιν
2747 1699 2889 1771 ἔχειν
2912 1701 2961 1754 οἱ
2983 1701 3181 1755 δίκαιοι
3204 1739 3219 1763 ,
3246 1699 3419 1770 λέγων
3444 1719 3458 1731 ·
3481 1702 3592 1754 Καὶ

2003 1781 2069 1835 τὸ
2103 1781 2283 1851 κρῖμα
2311 1782 2535 1837 ἔδωκεν
2564 1786 2757 1855 ἁγίοις
2787 1784 3104 1852 Ὑψίστου,
3132 1783 3232 1838 καί
3275 1784 3393 1852 τὴν
3414 1785 3597 1849 βασι-

2002 1866 2178 1920 λείαν
2202 1867 2504 1937 κατέσχον
2540 1869 2594 1920 οἱ
2623 1866 2797 1937 ἅγιοι.
2841 1868 2898 1920 Ὁ
2929 1867 2987 1921 δέ
3022 1866 3310 1937 Μαλαχίας
3331 1910 3344 1928 ,
3381 1868 3477 1921 καὶ
3512 1868 3595 1922 ὅτι

2002 1948 2091 2003 διά
2119 1949 2289 2021 πυρὸς
2339 1949 2491 2004 ἔσται
2543 1950 2608 2004 τὸ
2651 1949 3001 2021 δικαστήριον
3049 1950 3247 2012 ἐκεῖνο,
3292 1951 3593 2024 παρίστησι

2004 2032 2206 2102 λέγων·
2250 2033 2407 2089 Ἰδοὺ
2439 2033 2626 2101 αὐτὸς
2656 2034 3071 2102 εἰσπορεύεται
3107 2035 3189 2101 ὡς
3218 2035 3339 2103 πῦρ
3380 2051 3598 2104 χωνευ-

2004 2120 2233 2186 τηρίου,
2272 2118 2370 2174 καὶ
2410 2120 2490 2186 ὡς
2532 2120 2651 2172 πόα
2690 2120 3071 2173 πλυνόντων.
3117 2115 3272 2181 Εἶδες
3309 2118 3598 2189 ἀκρίϐειαν

2007 2201 2324 2274 προφητῶν,
2370 2202 2488 2267 πῶς
2517 2204 2734 2257 ἅπαντα
2760 2201 3126 2272 προλαϐόντες
3155 2203 3495 2273 ἀνεκήρυξαν
3528 2202 3597 2256 τὰ

2008 2287 2188 2357 συμϐή
2198 2287 2384 2341 σεσθαι
2411 2286 2677 2358 μέλλοντα
2701 2303 2715 2351 ;
2735 2282 2863 2348 Πῶς
2883 2281 2976 2339 οὖν
2996 2284 3076 2339 ἔτι
3098 2285 3302 2358 τολμᾷς
3322 2288 3596 2349 ἀπιστεῖν,

2005 2372 2261 2436 τοιαύτας
2300 2371 2481 2425 λαϐὼν
2519 2369 2685 2424 αὐτοῦ
2717 2369 3022 2436 ἀποδείξεις
3047 2370 3147 2440 τῆς
3173 2369 3476 2440 δυνάμεως,
3502 2370 3600 2441 ῥή-

2009 2472 2157 2527 ματα
2182 2456 2289 2528 πρὸ
2315 2455 2571 2508 τοσούτου
2609 2454 2802 2525 χρόνου
2837 2453 3286 2523 ἀναφωνηθέντα,
3320 2452 3416 2505 καὶ
3457 2453 3600 2522 πρά-

2006 2556 2195 2610 γματα
2247 2541 2360 2602 τοῖς
2393 2540 2603 2610 ῥήμασι
2643 2536 3010 2608 συμϐαίνοντα
3062 2535 3297 2606 βλέπων,
3321 2538 3415 2590 καὶ
3445 2536 3598 2589 οὐδὲν

2005 2622 2142 2687 ὅλως
2168 2623 2453 2686 διαπεσόν;
2476 2621 2586 2675 Καὶ
2612 2622 2694 2674 ὅτι
2716 2621 2776 2674 οὐ
2803 2619 3101 2691 πλάσματα
3128 2620 3372 2691 ἡμέτερα
3394 2637 3601 2690 μαρτυ-

2009 2706 2196 2780 ροῦσιν
2229 2706 2280 2759 οί
2325 2705 2394 2760 τά
2438 2705 2617 2776 βιϐλία
2662 2704 2758 2758 καὶ
2799 2703 3009 2775 πρῶτοι
3048 2702 3333 2773 δεξάμενοι
3372 2704 3466 2755 καὶ
3503 2700 3601 2756 νῦν

2008 2789 2355 2860 κατέχοντες,
2382 2788 2567 2860 ἐχθροί
2602 2805 2662 2842 τε
2708 2787 2881 2852 ὄντες,
2911 2787 3007 2841 καὶ
3037 2786 3148 2840 τῶν
3173 2786 3601 2859 ἐσταυρωκότων

2009 2872 2243 2941 ἔκγονοι,
2284 2872 2378 2927 καὶ
2406 2871 2502 2925 νῦν
2536 2871 2676 2926 αὐτά
2714 2871 3039 2942 κατέχοντες
3068 2870 3163 2925 καὶ
3190 2869 3597 2942 διατηροῦντες.

2009 2957 2120 3010 Καὶ
2143 2957 2260 3021 πῶς
2291 2957 2353 3009 οὐ
2401 2956 2742 3022 πιστεύουσι,
2781 2957 2946 3026 φησὶν
2969 2997 2984 3019 ,
3015 2954 3231 3025 ἔχοντες
3262 2953 3332 3007 τὰ
3374 2952 3556 3024 βιϐλία
3582 2970 3598 3022 ;

2010 3041 2133 3095 Ὅτι
2164 3042 2259 3095 καὶ
2285 3040 2406 3093 τότε
2449 3040 2971 3110 θαυματουργοῦντα
3014 3037 3303 3108 βλέποντες
3332 3041 3433 3093 οὐκ
3481 3041 3602 3092 ἐπί-

2009 3139 2217 3177 στευον.
2253 3121 2416 3176 ’Δλλά
2441 3121 2602 3176 τοῦτο
2643 3124 2705 3176 οὐ
2735 3122 2831 3176 τοῦ
2871 3121 3276 3192 ἀπιστουμένου
3321 3121 3598 3195 ἔγκλημα,

2007 3206 2145 3261 ἀλλά
2186 3206 2295 3259 τῶν
2341 3206 2401 3259 ἐν
2436 3205 2755 3278 μεσημϐρία
2786 3204 2932 3278 μέσῃ
2977 3205 3398 3275 τυφλωττόντων
3423 3223 3436 3236 ·
3478 3208 3602 3262 ἐπεὶ

2008 3292 2101 3345 καὶ
2137 3289 2230 3343 τὸν
2256 3289 2459 3360 κόσμον
2496 3288 2687 3342 τοῦτον
2724 3291 2806 3353 είς
2855 3290 3017 3360 μέσον
3052 3287 3347 3360 προέθηκε,
3390 3306 3603 3363 παναρ-

2010 3376 2196 3445 μόνιον
2232 3373 2485 3445 ὖργανον,
2518 3373 2703 3443 φωνάς
2736 3372 3075 3444 πανταχόθεν
3109 3372 3358 3441 ἀφιέντα,
3386 3374 3479 3427 καὶ
3506 3374 3603 3428 τὸν

2007 3459 2339 3530 δημιουργὸν
2368 3456 2846 3529 ἀνακηρύττοντα·
2881 3459 2975 3511 καὶ
3011 3457 3162 3527 ὅμως
3193 3457 3337 3521 τινὲς
3373 3458 3483 3513 τῶν
3508 3460 3603 3513 ἀν⁴

2009 3542 2244 3615 θρώπων
2274 3541 2410 3595 εἰσὶν
2438 3544 2488 3594 οῖ
2519 3541 2618 3612 μὲν
2654 3540 2938 3612 αὐτόματα
2976 3541 3153 3595 πάντα
3174 3541 3446 3610 λέγοντες,
3477 3543 3602 3599 οἱδὶ

2008 3625 2281 3696 ἀγέννητα
2320 3624 2390 3678 τὰ
2418 3625 2699 3697 ὁρώμενα,
2725 3626 2773 3678 οί
2812 3625 2871 3678 δὲ
2910 3625 3158 3697 δαίμοσιν
3201 3626 3603 3697 ἐπιγράφοντες

2007 3712 2108 3780 τὴν
2137 3709 2341 3763 τούτων
2355 3708 2714 3780 δημιουργίαν
2744 3709 2840 3763 καὶ
2865 3708 3145 3779 πρόνοιαν,
3168 3707 3316 3762 ἄλλοι
3344 3708 3484 3783 τύχῃ
3506 3711 3603 3765 καὶ

2009 3792 2352 3866 εἱμαρμένῃ,
2401 3793 2498 3846 καὶ
2549 3791 2799 3862 γενέσει,
2833 3792 2927 3846 καὶ
2976 3792 3194 3863 ἄστρων
3250 3795 3594 3862 περιφοραῖς.

2022 3878 2161 3933 Ἀλλ’
2186 3878 2400 3933 οὐδέπω
2422 3875 2582 3931 τοῦτο
2616 3879 2710 3931 τοῦ
2750 3876 3082 3951 δημιουργοῦ
3106 3877 3273 3948 έγκλη
3283 3895 3359 3949 μα
3379 3918 3392 3939 ,
3423 3876 3540 3932 ἀλλ’
3564 3880 3600 3951 ἡ

2010 3962 2314 4035 κατηγορία
2358 3961 2469 4016 τῶν
2511 3960 2651 4033 μετὰ
2678 3961 2916 4015 τοσαῦτα
2954 3961 3225 4033 φάρμακα
3259 3962 3318 4015 ἐν
3342 3961 3601 4033 ἐσχάταις

2010 4046 2279 4119 κειμένων
2310 4045 2508 4109 νόσοις.
2542 4045 2754 4118 Ὥσπερ
2779 4044 2889 4114 γάρ
2932 4045 3060 4100 όταν
3095 4043 3394 4116 εὐγνώμων
3498 4044 3603 4115 ψυ-

2009 4130 2103 4201 χὴ,
2135 4129 2196 4183 τὸ
2222 4129 2342 4183 δέον
2380 4129 2602 4201 συνορᾷ,
2630 4129 2691 4182 οὐ
2731 4127 2945 4182 πολλῶν
2980 4127 3204 4200 δεομένη
3237 4126 3601 4199 βοηθημάτων

2010 4215 2089 4278 εἰς
2114 4213 2275 4267 τοῦτο
2288 4230 2304 4246 ο
2329 4211 2474 4267 οὕτω
2487 4213 2552 4284 δὴ
2580 4213 2674 4267 καὶ
2692 4213 2821 4267 ὅταν
2840 4211 3112 4283 ἀγνώμων
3133 4212 3229 4266 καὶ
3249 4210 3599 4281 ἀναίσθητος,

2009 4295 2113 4352 κᾶν
2132 4295 2361 4369 μυρίους
2389 4294 2491 4370 ἔχῃ
2518 4297 2645 4361 τοὺς
2672 4295 3170 4368 χειραγωγοῦντας,
3189 4293 3600 4366 προκατειλημ-

2015 4379 2151 4452 μένη
2194 4379 2426 4443 πάθεσι,
2465 4378 2619 4450 μένει
2659 4379 3062 4448 τυφλώττουσα.
3093 4380 3237 4449 Ὀρα
3280 4376 3410 4448 γοῦν
3442 4376 3602 4431 τοῦτο

2011 4463 2287 4534 πανταχοῦ
2319 4462 2636 4534 συμϐαῖνον.
2660 4465 2761 4517 οὐκ
2784 4463 2875 4518 ἐπὶ
2909 4464 3008 4535 τῆς
3033 4462 3342 4526 ὑποθέσεως
3370 4462 3598 4533 ταύτης,

2011 4546 2148 4600 ἀλλὰ
2164 4545 2259 4601 καὶ
2287 4545 2541 4618 ἀλλαχοῦ.
2570 4547 2735 4601 Πόσοι
2753 4546 2885 4616 γοῦν
2915 4548 3098 4618 νόμων
3122 4548 3222 4601 οὐκ
3244 4546 3596 4610 ἀκούσαντες,

2013 4629 2386 4702 ἐννομώτατον
2404 4630 2713 4685 διετέλεσαν
2743 4630 3180 4703 ἐπιδεικνύμενοι
3211 4630 3521 4701 βίον;άλλοι
3543 4629 3601 4684 δέ

2015 4713 2318 4786 ἐκπρώτης
2348 4714 2564 4786 ήλικίας
2602 4715 2787 4780 αὐτοῖς
2825 4715 3226 4790 συντραφέντες
3262 4717 3342 4778 είς
3376 4714 3603 4785 ἔσχατον

2014 4799 2084 4871 γῆ
2094 4816 2190 4871 ρας
2204 4801 2318 4863 τοῖς
2349 4800 2407 4854 νό
2417 4817 2558 4870 μοις.
2572 4801 2673 4854 οὐκ
2687 4800 2997 4854 ἐπαύσαντο
3017 4800 3216 4864 αὐτοὺς
3241 4817 3316 4852 πα
3324 4798 3598 4867 ραϐαίνον-

2011 4900 2122 4947 τες.
2140 4882 2327 4936 Ταῦτα
2350 4884 2445 4938 καὶ
2470 4885 2562 4937 ἐπὶ
2580 4884 2690 4939 τῶν
2710 4883 2954 4939 παλαιῶν
2979 4883 3405 4937 συνέϐαινε.Καὶ
3429 4882 3602 4953 γάροτ

2020 4967 2119 5037 μὲν
2146 4964 2407 5031 Ἰουδαῖοι,
2428 4968 2523 5021 καὶ
2548 4968 2788 5039 σημείων
2801 4968 2894 5022 καὶ
2920 4966 3214 5038 θαυμάτων
3243 4965 3452 5036 μυρίων
3468 4967 3578 5019 ἀπο

2017 5049 2316 5114 λαύσαντες
2335 5091 2348 5112 ,
2377 5051 2478 5105 οὐκ
2504 5053 2751 5120 ἐγένοντο
2785 5051 3056 5123 βελτίους·
3093 5051 3372 5105 Νινευῖται
3392 5047 3450 5103 δὲ
3476 5050 3603 5119 μιᾶς

2020 5134 2190 5205 μόνης
2223 5135 2407 5204 φωνῆς
2436 5134 2772 5201 ἀκούσαντες
2801 5135 3213 5206 μετεϐάλλοντο,
3245 5134 3339 5187 καὶ⁵
3368 5134 3467 5201 τῆς
3501 5150 3605 5188 κα⁶

2017 5216 2143 5281 κίας
2173 5216 2324 5291 [574]
2349 5218 2769 5290 ἀπηλλάγησαν.
2797 5219 2968 5273 Τοῦτο
2996 5218 3089 5273 καὶ
3127 5218 3213 5271 ἐπ’
3247 5216 3457 5288 ἀνδρῶν
3505 5217 3606 5271 ἴδοι

2015 5318 2099 5365 τις
2138 5301 2204 5354 ἂν
2235 5301 2531 5373 συμϐαῖνον
2562 5302 2815 5369 εὐτελῶν,
2849 5303 2950 5357 οὐκ
2979 5303 3265 5373 ἐπισήμων
3293 5302 3471 5373 μόνον.
3504 5299 3608 5354 Πό-

2020 5399 2120 5455 σης
2169 5383 2518 5449 διδασκαλίας
2565 5386 2666 5440 οὐκ
2706 5385 3012 5441 ἀπέλαυσεν
3052 5385 3274 5449 Ἰούδας,
3318 5384 3414 5439 καὶ
3457 5384 3609 5455 ὅμως

2018 5464 2285 5538 προδότης
2317 5467 2563 5536 ἐγένετοί
2598 5469 2757 5535 ποίας
2789 5469 2845 5523 δὲ
2886 5469 3261 5542 παραινέσεως
3302 5467 3613 5521 ἀπέλαυσεν

2019 5548 2050 5601 0
2081 5547 2305 5621 λῃστὴς,
2344 5549 2462 5604 ἀλλ’
2495 5553 2554 5605 ἐν
2585 5552 2804 5624 σταυρῷ
2833 5553 2993 5607 αὐτὸν
3017 5552 3359 5623 ὡμολόγησε,
3398 5551 3492 5605 καὶ
3510 5550 3612 5621 τὴν

2024 5631 2300 5703 βασιλείαν
2334 5635 2637 5706 ἀνεκήρυξε
2659 5636 2758 5706 τὴν
2783 5636 3014 5691 ἐκείνουι
3038 5636 3131 5706 Μὴ
3157 5635 3336 5690 τοίνυν
3366 5635 3478 5689 ἀπὸ
3498 5633 3611 5689 τῶν

2021 5715 2434 5788 διεφθαρμένων
2470 5719 2569 5784 τὰς
2605 5717 2831 5791 γνώμας
2875 5720 2976 5784 τάς
3028 5718 3241 5792 κρίσεις
3297 5723 3454 5772 ποιοῦ
3499 5715 3617 5773 τῶν

2026 5800 2389 5870 πραγμάτων,
2419 5801 2535 5855 ἀλλ’
2574 5802 2683 5857 ἀπὸ
2715 5803 2816 5874 τῆς
2851 5804 2962 5858 τῶν
2994 5804 3334 5876 πραγμάτων
3359 5800 3613 5872 ἀληθείας

2020 5885 2118 5954 τὴν
2156 5884 2541 5968 προσήκουσαν
2562 5886 2962 5968 ψῆφονέκφερε
3000 5887 3125 5961 περὶ
3147 5888 3254 5944 τῶν
3276 5884 3450 5959 ὀρθῶς
3484 5879 3609 5954 β⁰υ“
