3920 6436
369 332 471 389 6‘29

368 447 733 522 λευσαμένων.
759 449 872 504 Οὐκ
893 448 1220 503 ἐπίστευσαν
1246 450 1294 503 οἰ
1338 440 1597 513 Ἰουδαῖοι,
1623 448 1672 501 οἰ
1700 445 1759 512 ἐξ
1785 442 1953 498 ἐθνῶν

367 533 713 590 ἐπίστευσαν.
764 533 877 587 Kal
924 532 1046 586 οὐδέ
1087 532 1247 585 τοῦτο
1292 532 1597 602 σεσίγηται,
1644 529 1758 584 ἀλλ’
1803 527 1957 582 ἐνθεν

370 618 472 691 μὲν
493 620 522 673 ὁ
545 615 710 672 Δαυτδ
733 617 1095 688 προφητεύων
1123 617 1221 688 βοᾷ
1236 631 1248 645 ⁸
1295 616 1416 670 Υίοί
1443 616 1747 683 ἀλλότριοι
1772 612 1958 681 ἐψεύ-

366 703 563 757 σαντό
575 717 673 770 με,
699 699 818 755 υίοί
843 700 1150 769 ἀλλότριοι
1178 697 1667 767 ἐπαλαιώθησαν,
1698 696 1794 750 καὶ
1815 693 1960 765 ἐχώ-

368 790 568 841 λαναν
596 785 715 839 ἀπὸ
738 782 859 839 τῶν
889 784 1105 853 τρίϐων
1130 782 1363 838 αὐτῶν·
1390 782 1543 837 ἐνθεν
1574 782 1631 835 δὲ
1663 785 1692 836 ὁ
1733 780 1960 843 Ἡσαΐας

371 869 566 937 λέγων,
594 869 794 936 Κύριε,
816 868 906 933 τίς
935 868 1264 921 ἐπίστευσε
1297 865 1374 935 τῇ
1398 865 1554 935 ἀκοῇ
1579 864 1768 935 ἡμῶν,
1800 863 1901 918 καὶ
1926 865 1960 918 ό

370 955 640 1023 βραχίων
684 952 908 1019 Κυρίου
960 952 1080 1006 τίνι
1129 952 1571 1020 ἀπεκαλύφθη;
1617 950 1727 1005 Kal
1773 948 1958 1012 πάλιν,

368 1037 636 1106 Εὑρέθην
658 1035 783 1102 τοῖς
803 1034 909 1105 ἐμὲ
925 1035 1012 1104 μὴ
1040 1032 1343 1104 ζητοῦσιν,
1370 1034 1646 1105 ἐμφανὴς
1666 1034 1962 1105 ἐγενόμην

370 1121 496 1188 τοῖς
524 1119 631 1190 ἐμὲ
656 1118 744 1190 μὴ
775 1119 1133 1188 ἐπερωτῶσι.
1170 1118 1283 1173 Kal
1313 1121 1369 1173 ἐν
1402 1121 1537 1191 αὐτῇ
1567 1118 1624 1172 δὲ
1653 1121 1720 1189 τῇ
1749 1135 1961 1191 παρου-

372 1205 464 1277 σίᾳ
506 1204 672 1258 αὐτοῦ
722 1203 1007 1259 Χαναναία
1043 1205 1138 1258 καί⁸
1168 1205 1501 1276 Σαμαρεῖτις
1533 1203 1672 1275 γυνὴ
1710 1204 1963 1258 ἐπίστευ-

371 1304 502 1344 σαν’
540 1290 705 1360 ἰερεῖς
747 1288 805 1342 δὲ
850 1289 948 1341 καὶ
976 1288 1240 1361 ἄρχοντες
1281 1288 1587 1360 ἐπολέμουν
1614 1290 1708 1344 καὶ
1730 1287 1961 1343 ἐπεϐού-

370 1373 547 1438 λευον,
573 1372 669 1426 καί¹
700 1373 827 1436 τοὺς
856 1370 1050 1437 ἄλλους
1075 1372 1341 1444 ἀπεῖργον
1374 1374 1470 1426 ml
1498 1373 1962 1442 ἀποσυναγώγους

369 1456 589 1510 ἐπυίουν
611 1454 968 1519 πιστεύοντας
994 1457 1074 1517 εἰς
1097 1455 1280 1512 αὐτόν.
1305 1456 1488 1527 Μηδὲν
1506 1456 1688 1511 τοίνυν
1710 1455 1963 1523 ξενιζέτω

372 1557 430 1593 σε
461 1539 655 1595 ταῦτα.
682 1537 901 1595 Πολλῶν
932 1538 1316 1610 ἐμπέπλησται
1338 1539 1595 1593 τοιούτων
1628 1540 1963 1611 ὑποδειγμάυ⁸

368 1642 479 1678 των
510 1625 539 1677 ὁ
565 1623 681 1695 βίος
713 1623 874 1694 ήμῶν
908 1623 1002 1676 ml
1032 1624 1090 1675 ἐν
1116 1622 1195 1693 τῷ
1227 1623 1352 1676 καθ’
1386 1625 1535 1695 ἡμᾶς
1559 1624 1760 1696 χρόνῳ,
1789 1625 1885 1678 καὶ
1905 1624 1964 1679 ἐν

369 1711 483 1773 τοῖς
512 1707 824 1779 ἔμπροσθεν
852 1702 1002 1761 οὖσιν
1023 1724 1037 1737 ·
1071 1706 1249 1772 ἄλλως
1275 1706 1354 1773 δὲ,
1402 1710 1453 1762 εἰ
1496 1709 1591 1762 ml
1622 1709 1699 1781 μὴ
1738 1709 1961 1776 πάντες,

370 1792 507 1847 ἀλλά
543 1793 731 1847 πολλοί
756 1793 851 1847 ml
885 1792 943 1860 ἐξ
978 1792 1249 1847 Ἰουδαίων
1298 1794 1394 1847 καὶ
1434 1793 1555 1847 τότε
1597 1795 1691 1848 ml
1719 1793 1816 1848 νῦν
1844 1794 1967 1849 ἐπί-

371 1895 633 1933 στευσανο
674 1878 804 1932 εἰδέ
843 1877 918 1950 μὴ
959 1871 1182 1943 πάντες,
1220 1877 1374 1932 οὐδὲν
1413 1879 1600 1933 καινὸν
1627 1879 1751 1934 ούδέ
1784 1879 1966 1952 παρά-

368 1963 547 2030 δοξον,
569 1964 819 2018 Τοιοῦτον
838 1963 947 2035 γὰρ
975 1964 1008 2034 ἠ
1031 1962 1418 2035 ἀγνωμοσύνη,
1441 1963 1682 2019 τοιοῦτον
1705 1965 1739 2036 ἡ
1779 1964 1967 2034 ἀλόγι-

371 2063 495 2110 στος
518 2047 748 2111 διάνοια,
769 2047 1009 2101 τοιοῦτον
1029 2049 1062 2119 ἡ
1085 2047 1189 2100 ὑπὸ
1217 2047 1407 2102 παθῶν
1433 2048 1782 2121 κρατουμένη
1798 2048 1964 2120 ψυχή.

459 2131 599 2184 Ἀλλ’
633 2131 819 2201 ἐπειδὴ
844 2130 943 2195 τὰς
970 2133 1099 2203 περὶ
1128 2130 1294 2184 αὑτοῦ
1322 2133 1661 2204 προφητείας
1690 2135 1841 2204 παρά
1857 2133 1969 2187 τῶν

373 2215 670 2287 προφητῶν
697 2215 1017 2289 εἰρημένας,
1043 2217 1136 2270 ml
1171 2216 1275 2288 πρὸ
1299 2217 1571 2272 τοσούτων
1600 2218 1808 2289 χρόνων
1836 2219 1966 2273 ἀνα-

371 2299 742 2371 κηρυχθείσας
798 2300 1125 2372 εἰρήκαμεν,
1162 2300 1298 2373 φέρε
1360 2301 1455 2356 ml
1495 2302 1597 2367 τὰς
1636 2303 1728 2357 ὑπ’
1779 2302 1966 2371 αὑτοῦ,

372 2385 538 2456 ἡνίκα
567 2384 879 2457 περιεπόλει
918 2386 1018 2457 τὴν
1057 2385 1161 2455 γῆν
1188 2385 1283 2439 ml
1319 2385 1433 2451 τοῖς
1478 2385 1789 2460 ἀνθρώποις
1841 2406 1969 2442 συν-

372 2470 759 2541 ανεστρέφετο,
809 2469 940 2542 περὶ
983 2469 1288 2540 μελλόντων
1323 2471 1629 2542 εἰρημένας
1664 2473 1745 2535 εἰς
1805 2471 1970 2543 μέσον

373 2554 694 2626 ἀγάγωμεν,
753 2554 841 2608 ἵνα
888 2554 1184 2608 κάντεῦθεν
1238 2554 1408 2608 αὐτοῦ
1443 2554 1624 2628 μάθῃς
1653 2556 1755 2628 τὴν
1788 2556 1965 2628 ἰσχύν.

376 2638 831 2711 Παραγενόμενος
891 2638 998 2710 γὰρ
1057 2638 1202 2704 τότε,
1237 2638 1334 2692 ml
1368 2637 1467 2710 τὴν
1504 2639 1615 2693 τῶν
1665 2640 1971 2712 ἀνθρώπων

373 2722 903 2795 πραγματευόμενος
961 2722 1257 2793 σωτηρίαν.
1292 2721 1402 2775 τῶν
1443 2739 1504 2776 τε
1556 2723 1678 2778 κατ’
1727 2725 1972 2791 ἐκείνους

373 2806 542 2861 ὅντων
571 2808 700 2867 τοὺς
741 2807 989 2879 χρόνους,
1029 2806 1138 2860 τῶν
1169 2823 1228 2860 τε
1265 2805 1492 2878 ὕστερον
1529 2808 1826 2879 ἐσομένων,
1857 2828 1973 2864 ποι-

375 2891 543 2954 κίλως
572 2885 743 2962 αὐτὴν
785 2891 1178 2963 μεταχειρίζει.
1216 2892 1327 2945 Καὶ
1378 2891 1483 2964 ὃρα
1526 2892 1582 2946 τί
1631 2894 1796 2949 ποιεῖ.
1823 2893 1971 2948 Θαύ-

379 2992 527 3045 ματα
572 2974 891 3046 ἐργάζεται,
944 2975 1041 3029 ml
1096 2973 1356 3045 προλέγει
1408 2976 1533 3030 τινὰ
1583 2976 1694 3031 τῶν
1735 2976 1973 3051 μακροῖς

377 3059 606 3132 ὕστερον
640 3059 853 3135 χρόνρις
888 3058 1300 3130 ἐκϐησομένων,
1330 3059 1419 3115 διὰ
1459 3060 1560 3131 μέν
1597 3061 1708 3116 τῶν
1737 3063 1858 3117 τότε
1887 3080 1975 3133 γι-

375 3143 618 3214 νομένων
656 3141 756 3216 τὴν
794 3142 1055 3216 ἀλήθειαν
1084 3143 1195 3199 τῶν
1227 3142 1366 3215 μετά
1390 3143 1560 3199 πολὺν
1585 3147 1779 3218 χρόνον
1805 3147 1974 3221 ἐκϐη-

379 3225 621 3298 σομένων
644 3225 995 3298 ἐγγυώμενος
1023 3226 1176 3300 παρὰ
1204 3230 1316 3294 τοῖς
1348 3227 1472 3282 τότε
1507 3228 1829 3302 ἀκροαταῖς,
1857 3234 1973 3298 τοῖς

374 3327 435 3364 τε
461 3310 599 3381 μετά
626 3309 799 3364 ταῦτα
825 3310 1104 3381 ἐσομένοις
1132 3312 1198 3365 ἐκ
1222 3311 1333 3365 τῶν
1357 3313 1666 3386 εἰρημένων
1693 3316 1973 3371 ἐκϐάσεων

376 3393 667 3462 ἀξιόπιστα
693 3393 909 3458 δεικνὺς
943 3394 1039 3448 ml
1068 3393 1138 3448 τὰ
1168 3396 1228 3449 ἐν
1266 3396 1462 3466 ἐκείνῳ
1495 3396 1572 3469 τῷ
1603 3398 1782 3470 χρόνῳ
1808 3416 1970 3470 γεγε-

376 3476 586 3549 νημένα
607 3475 886 3548 θαύματα,
916 3477 1012 3531 καί¹
1039 3477 1149 3532 ἀπὸ
1170 3478 1270 3549 τῆς
1298 3478 1496 3550 διπλῆς
1522 3480 1729 3553 ταύτης
1759 3482 1975 3538 ἀποδεί-

379 3560 515 3628 ξεως
548 3564 644 3616 καῖ
660 3560 730 3614 τὰ
752 3578 819 3615 πε
830 3562 881 3633 pl
906 3562 1007 3631 τῆς
1041 3561 1321 3631 βασιλείας
1355 3565 1737 3637 πιστούμενος.

452 3646 540 3703 ιϐ’.
561 3646 672 3701 Kal
691 3645 803 3717 γὰρ
827 3645 1015 3700 διπλαῖ
1035 3646 1201 3700 αὐτοῦ
1222 3649 1277 3700 αἰ
1301 3650 1598 3723 πορρήσεις
1614 3646 1775 3723 ἦσαν,
1794 3655 1850 3708 αἰ
1875 3656 1975 3727 μὲν

378 3731 522 3786 κατὰ
547 3731 641 3785 τδν
683 3730 928 3802 παρόντα
962 3731 1298 3802 ἐκϐήσεσθαι
1334 3734 1626 3803 μέλλουσαι
1654 3736 1790 3807 βίον.
1823 3742 1876 3793 αἰ.
1916 3741 1975 3796 δὲ

382 3813 520 3886 μετὰ
549 3814 653 3886 τὴν
687 3814 1000 3869 συντέλειαν
1021 3815 1220 3887 αὑτήν·
1257 3818 1353 3870 καὶ
1375 3815 1581 3886 θατέρα
1609 3820 1709 3892 τὴν
1737 3821 1974 3895 θατέραν

380 3900 603 3971 συνίστη
665 3900 761 3954 ml
811 3899 1022 3955 ἐδείκνυ
1066 3901 1204 3972 μετά
1242 3902 1447 3973 πολλῆς
1505 3904 1606 3975 τῆς
1656 3908 1974 3978 περιουσίας

379 3981 773 4054 ἀληθεύουσαν.
801 3978 925 4038 Οἷόν
944 4001 998 4037 τι
1023 3984 1168 4054 λέγω
1186 4002 1200 4017 ·
1224 3986 1320 4039 ml
1350 3985 1461 4058 γὰρ
1484 3987 1703 4060 ἀσαφὴς
1731 3992 1758 4043 ὁ
1792 3989 1971 4060 λόγος,

378 4067 461 4120 διὸ
483 4067 576 4120 ml
621 4067 962 4140 σαφέστερον
1003 4068 1168 4123 αὑτὸν
1209 4072 1435 4142 ποιῆσαι
1467 4073 1841 4145 πειράσομαι·
1870 4074 1975 4128 δώ-

377 4150 512 4204 δεκα
555 4145 696 4222 ἦσαν
734 4150 993 4222 ἑπόμενοι
1021 4151 1173 4223 αὐτῷ
1222 4153 1499 4225 μαθηταίο
1549 4155 1883 4228 Ἐκκλησίας
1916 4159 1975 4214 δὲ

379 4235 615 4306 πρᾶγμα
656 4235 779 4288 οὐδὲ
816 4236 897 4300 εἰς
934 4235 1059 4289 νοῦν
1097 4253 1183 4300 τις
1215 4235 1494 4308 ἐλάμϐανε
1529 4239 1672 4304 τότε,
1701 4240 1818 4295 ἀλλ’
1851 4241 1972 4296 ούδέ

378 4318 583 4390 ὄνομα·
613 4319 647 4389 ή
674 4316 785 4389 γὰρ
819 4318 1113 4390 συναγωγὴ
1139 4314 1207 4392 ἦν
1239 4321 1478 4376 ἀνθοῦσα
1501 4322 1600 4380 ἐτι.
1635 4324 1702 4378 Τί
1730 4322 1824 4379 οῦν
1853 4320 1974 4379 εἷπε

380 4402 476 4455 ml
513 4399 870 4472 προεφώνησε
912 4402 1011 4473 τῆς
1036 4403 1369 4475 οἰκουμένης
1400 4406 1587 4478 σχεδὸν
1626 4407 1847 4481 ἀπάσης
1865 4408 1975 4464 ὑπὸ

380 4483 636 4547 ἀσεϐείας
659 4485 1067 4555 κατεχομένης;
1105 4486 1229 4540 Ἐπὶ
1259 4488 1448 4558 ταύτῃ
1486 4489 1563 4559 τῇ
1595 4491 1786 4561 πέτρᾳ
1816 4494 1976 4547 οἰκο-

379 4565 628 4636 δομήσω
647 4584 767 4636 μου
796 4567 914 4638 τὴν
955 4569 1340 4638 Ἐκκλησίαν,
1377 4572 1478 4626 καί
1515 4575 1703 4628 πύλαι
1730 4575 1879 4642 ᾅδου
1901 4577 1974 4631 οὐ

380 4651 873 4719 κατισχύσουσιν
903 4651 1117 4721 αὐτῆς.
1171 4654 1259 4718 Ὠς
1292 4653 1473 4725 βούλει
1517 4656 1678 4710 τοῦτο
1714 4657 1972 4729 βασάνιζε

379 4734 444 4787 τὸ
471 4734 645 4805 ῥῆμα,
695 4733 793 4788 καὶ
839 4734 962 4805 ὕψει
1012 4736 1429 4809 διαλάμπουσαν
1467 4738 1620 4814 [575]
1659 4741 1826 4796 αὐτοῦ
1873 4743 1974 4815 τὴν

381 4817 663 4889 ἀλήθειαν.
693 4818 767 4872 Οὐ
799 4816 909 4890 γὰρ
938 4817 1003 4888 δὴ
1040 4819 1201 4875 τοῦτο
1258 4821 1571 4895 θαυμαστόν
1624 4827 1741 4879 ἐστι
1789 4826 1971 4897 μόνον,

380 4903 464 4956 ὅτι
492 4899 846 4973 ᾠκοδόμησεν
874 4904 1046 4972 αὐτὴν
1073 4904 1215 4959 κατά
1247 4907 1346 4978 τὴν
1375 4908 1702 4979 οἰκουμένην
1731 4910 1971 4978 ἃπασαν,

381 4985 497 5041 ἀλλ’
534 4986 616 5040 ὅτι
668 4988 763 5041 καὶ
803 4987 1104 5059 ἀχείρωτον
1167 4990 1485 5062 εἰργάσατο,
1527 4994 1624 5047 καὶ
1677 4995 1974 5068 ἀχείρωτον

381 5071 488 5126 ύπδ
526 5070 802 5126 τοσούτων
831 5071 1228 5146 ἐνοχλουμένην
1268 5075 1559 5147 πολέμων·
1599 5078 1662 5131 τὸ
1695 5080 1823 5152 γὰρ,
1855 5081 1975 5134 Πύ-

377 5159 481 5210 λαι
508 5154 659 5222 ᾅδου
692 5158 765 5211 οὐ
793 5158 1281 5227 κατισχύσουσιν
1308 5159 1524 5228 αὐτῆς,
1563 5162 1800 5217 κίνδυνοί
1827 5164 1974 5217 ἐστιν

383 5240 464 5302 εἰς
497 5237 633 5310 ᾅδην
672 5239 1027 5308 κατάγοντες.
1083 5236 1237 5307 Εἶδες
1282 5245 1643 5316 προρρήσεως
1673 5246 1969 5318 ἀλήθειαν;

383 5320 524 5386 εἰδες
549 5321 833 5386 ἐκϐάσεως
868 5322 1058 5394 ἰσχύν;
1089 5320 1230 5390 εἶδες
1271 5327 1496 5397 ῥήματα
1527 5329 1621 5381 ἐπὶ
1669 5329 1779 5382 τῶν
1825 5347 1974 5402 πρα-

382 5405 611 5477 γμάτων
660 5405 1060 5476 διαλάμποντα,
1110 5409 1209 5462 καὶ
1261 5408 1494 5479 δύναμιν
1554 5412 1768 5483 ἄμαχον
1798 5415 1975 5468 πάντα

384 5490 646 5545 ποιοῦσαν
671 5491 936 5558 εύκόλως;
964 5493 1058 5563 Μὴ
1088 5492 1199 5565 γάρ
1226 5494 1415 5566 ἐπειδὴ
1443 5495 1598 5566 ῥῆμά
1629 5497 1746 5550 ἐστι
1776 5496 1972 5569 βραχὺ,

381 5575 464 5637 τὸ,
500 5575 892 5645 Οίκοδομήσω
931 5594 1050 5645 μου
1083 5576 1202 5643 τὴν
1251 5580 1641 5648 Ἐκκλησίαν,
1693 5582 1977 5656 παραδρά-

385 5672 495 5733 μῃς
521 5657 728 5723 ἀπλῶς,
764 5658 879 5712 ἀλλ’
912 5659 1223 5727 ἀνάπτυξον
1270 5664 1337 5732 τῇ
1386 5662 1619 5735 διανοίᾳ,
1667 5665 1763 5718 ml
1796 5666 1978 5735 ἐννόη-

386 5757 478 5795 σον
507 5741 696 5813 ἡλίκον
728 5743 844 5797 ἐστὶ
867 5743 969 5815 τὴν
998 5745 1088 5815 ὑφ’
1119 5745 1256 5818 ἡλίῳ
1285 5746 1548 5820 κειμένην
1593 5747 1812 5804 ἅπασαν
1847 5750 1972 5803 Ἐκ-

386 5825 626 5892 αλησιῶν
651 5829 710 5882 ἐν
743 5827 921 5898 χρόνῳ
957 5829 1153 5902 βραχεῖ
1181 5831 1448 5887 τοσούτων
1503 5833 1805 5906 ἐμπλῆσαι.
1838 5832 1965 5907 ἔθνη

1066 330 1123 387 S.
1163 328 1449 386 JOANNIS
1488 324 1979 386 CIIRYSOSTOMI
2024 325 2345 383 ARCHIEP.
2389 325 2945 385 CONSTANTINOP.

3541 332 3659 390 830

2066 442 2382 514 μεταθεῖναι
2414 443 2673 509 τοσαῦτα,
2711 448 3040 517 μεταπεῖσαι
3084 445 3314 517 δήμους,
3343 446 3442 519 ἔθη
3482 465 3669 505 κατα-

2056 526 2506 602 λῦσαιᾼπατρῷα,
2551 528 2840 602 συνήθειαν
2872 529 3270 602 ’ἐρριζωμένην
3312 530 3663 602 ἀνασπάσαι,

2057 594 2264 683 ήδονῆξ
2283 594 2597 684 τυραννίδα,
2633 594 2832 679 κακίας
2869 594 3240 687 ἰσχῦνγῶσπερ
3266 616 3416 671 κόνιν
3443 594 3650 672 άπελάί

2062 712 2173 758 σαι,
2198 697 2289 750 ml
2314 696 2533 768 βωμοὺς
2560 697 2657 751 καὶ
2673 699 2836 762 ναοὺς
2854 698 2949 752 ml
2982 697 3145 763 ξόανα
3166 699 3262 752 ml
3287 698 3534 765 τελετὰς,
3557 702 3667 756 ml

2059 777 2161 841 τὰς
2188 779 2403 847 ἐναγεῖς
2435 780 2651 853 ἐορτὰς,
2691 779 2788 834 ml
2815 780 2914 834 τὴν
2929 780 3239 853 ἀκάθαρτον
3284 782 3515 837 κνίσσαν
3547 782 3668 838 ῶσ-

2061 878 2169 933 περ
2193 864 2401 916 καπνόν
2416 880 2536 917 τινα
2559 864 2838 933 ἀφανίσαι,
2865 868 2959 920 καὶ
2986 865 3263 937 πανταχοῦ
3288 866 3667 940 θυσιαστήρια

2063 945 2394 1017 ἀναστῆσαι,
2424 948 2483 1001 ἐν
2500 950 2566 1019 τῇ
2600 946 2889 1018 Ῥωμαίων
2923 947 3100 1021 χώρᾳ,
3131 952 3191 1003 ἐν
3216 953 3284 1022 τῇ
3314 952 3563 1023 Περσῶν,
3595 953 3666 1006 ἐν

2061 1032 2129 1101 τῇ
2164 1030 2412 1095 Σκυθῶν,
2442 1031 2502 1085 ἐν
2539 1034 2606 1104 τῇ
2638 1031 2902 1103 Μαύρων,
2935 1033 2994 1086 ἐν
3020 1037 3086 1105 τῇ
3134 1033 3309 1088 Ἰνδῶν
3329 1053 3342 1066 ·
3370 1036 3425 1090 τί
3474 1036 3664 1106 λέγω;

2066 1112 2209 1184 ὑπὲρ
2262 1114 2365 1187 τὴν
2406 1114 2740 1185 οἰκουμένην
2788 1115 2889 1186 τὴν
2932 1115 3056 1170 καθ’
3085 1118 3253 1188 ἡμᾶς.
3290 1119 3402 1172 Καὶ
3432 1118 3545 1191 γὰρ
3598 1121 3665 1173 αι

2064 1197 2393 1269 Βρετανικαί
2437 1199 2613 1271 νῆσοι,
2650 1201 2704 1253 αἰ
2758 1199 2860 1270 τῆς
2890 1199 3162 1272 θαλάττης
3207 1202 3365 1266 ἐκτὸς
3403 1205 3666 1274 κείμεναι

2064 1280 2288 1355 ταύτης,
2327 1285 2421 1337 ml
2470 1285 2529 1338 ἐν
2576 1283 2725 1355 αὐτῷ
2769 1281 2926 1339 οὖσαι
2974 1284 3054 1358 τῷ
3079 1285 3330 1360 ὠκεανῷ,
3360 1287 3463 1359 τῆς
3494 1287 3667 1343 δυνά-

2068 1382 2215 1436 μεως
2246 1365 2340 1419 τοῦ
2376 1369 2622 1439 ῥήματος
2650 1367 2912 1440 ᾔσθοντο·
2947 1371 3040 1423 καὶ
3070 1368 3180 1443 γὰρ
3220 1372 3383 1425 κάκεῖ
3431 1370 3665 1441 Ἐκκλη-

2069 1449 2182 1502 σίαι
2214 1451 2308 1505 ml
2344 1451 2708 1524 θυσιαστήρια
2755 1455 3090 1526 πεπήγασιν.
3134 1457 3342 1511 Ἐκεῖνο
3372 1454 3434 1510 τὸ
3482 1456 3662 1527 ῥῆμα,

2067 1532 2205 1607 ὅπερ
2251 1535 2558 1607 ἐφθέγξατο
2586 1539 2729 1602 τότε,
2761 1537 2923 1593 τοῦτο
2961 1540 3018 1593 ἐν
3047 1543 3169 1605 ταῖς
3197 1541 3456 1596 ἀπάντων
3488 1540 3668 1611 πεφύ-

2066 1634 2257 1672 τευται
2284 1619 2506 1690 ψυχαῖς,
2540 1622 2599 1674 ἐν
2620 1624 2730 1685 τοῖς
2754 1622 3013 1676 ἀπάντων
3053 1624 3286 1695 στόμασι
3314 1627 3517 1679 κεῖται.
3550 1625 3666 1678 Καὶ

2070 1704 2242 1769 πᾶσα,
2270 1704 2347 1769 ὡς
2377 1707 2575 1772 εἰπεῖν,
2607 1707 2641 1777 ὴ
2668 1706 2740 1777 γῆ
2779 1706 3121 1780 ἐξεκαθάρθη
3163 1708 3416 1765 ἀκανθῶν
3448 1708 3667 1782 πεπλη-

2072 1787 2313 1860 ρωμένη,
2327 1790 2422 1844 ml
2441 1788 2662 1861 καθαρά
2683 1791 2907 1861 γέγονεν
2919 1793 3149 1866 ἄρουρα,
3169 1794 3264 1848 καὶ
3279 1793 3347 1848 τὰ
3365 1793 3668 1867 σπέρματα

2069 1872 2169 1943 τῆς
2200 1873 2485 1939 εὐσεϐείας
2526 1875 2766 1940 ἐδέξατο.
2801 1876 2962 1947 Μέγα
3004 1877 3106 1949 μὲν
3142 1874 3256 1943 οὖν,
3286 1879 3459 1944 ὅντως
3493 1879 3665 1951 μέγα,

2076 1958 2279 2030 μᾶλλον
2308 1959 2365 2013 δὲ
2396 1961 2664 2031 μεγέθους
2704 1961 3015 2034 ὑπερϐολὴν
3056 1960 3154 2017 καὶ
3202 1963 3352 2029 θείας
3378 1964 3668 2035 δυνάμεως

2072 2043 2348 2109 ἀπόδειξιν
2382 2044 2526 2116 ἔχον,
2550 2045 2613 2099 τὸ
2655 2046 2747 2099 καὶ
2786 2047 3014 2118 μηδενὸς
3041 2048 3406 2121 ἐνοχλοῦντος,
3440 2050 3560 2104 ἀλλ’
3587 2052 3671 2103 εἰ-

2077 2130 2247 2202 ρήνης
2282 2128 2471 2200 οὔσης,
2513 2130 2610 2185 ml
2642 2131 2857 2185 πολλῶν
2900 2132 3011 2187 τῶν
3055 2135 3521 2206 συμπραττόντων
3551 2153 3669 2189 κειο

2077 2214 2277 2285 μένων,
2307 2214 2725 2286 ἐναντιουμένου
2750 2214 2807 2269 δὲ
2835 2215 3085 2289 μηδενὸς,
3112 2217 3410 2289 δυνηθῆναι
3458 2220 3666 2273 τοσαύ-

2076 2316 2174 2370 την
2208 2299 2536 2372 οἰκουμένην
2561 2298 2758 2372 ἀθρόον
2788 2300 3099 2367 ἀπαλλάξαι
3130 2303 3229 2374 μὲν
3259 2302 3360 2374 τῆς
3392 2306 3451 2357 ἐν
3472 2303 3669 2357 τοσού-

2073 2399 2151 2452 τῳ
2206 2382 2386 2455 χρόνῳ
2438 2382 2948 2455 προκατειληφυίας
2992 2385 3168 2459 αὐτὴν
3241 2388 3489 2460 πονηρᾶς
3536 2405 3667 2442 συν-

2072 2464 2282 2537 ηθείας,
2311 2464 2706 2536 μεταθεῖναιδέ
2735 2469 2815 2531 εἰς
2853 2469 3046 2541 ἑτέραν
3067 2471 3202 2525 πολὺ
3231 2470 3665 2544 δυσκολωτέραν.

2074 2552 2151 2603 υύ
2187 2550 2297 2624 γᾲρ
2322 2551 2584 2623 συνηθείᾳ
2621 2551 2782 2623 μόνον
2806 2552 3150 2623 ἠναντιοῦτο,
3181 2553 3320 2608 ἀλλά
3349 2554 3443 2609 ml
3473 2555 3669 2628 ἡδονὴν

2074 2636 2316 2705 κατεῖχε,
2346 2634 2440 2688 δύο
2472 2636 2774 2708 τυραννικά
2812 2638 3136 2710 πράγματα.
3170 2641 3237 2692 Ἀ
3261 2639 3369 2712 γὰρ
3397 2641 3505 2694 ἀπὸ
3542 2641 3671 2694 πολ-

2074 2719 2182 2773 λῶν
2204 2718 2337 2773 ἐτῶν
2360 2719 2514 2793 παρὰ
2544 2721 2797 2793 πατέρων
2825 2723 2920 2777 ml
2943 2724 3185 2779 πάππων
3206 2725 3303 2778 ml
3328 2717 3670 2782 ἐπιπάππων

2074 2804 2171 2858 καὶ
2202 2803 2314 2857 τῶν
2338 2804 2601 2877 ἀνωτέρω
2635 2808 2940 2877 προγόνων,
2972 2810 3066 2863 ml
3095 2808 3403 2881 φιλοσόφων
3441 2812 3538 2864 ml
3567 2814 3671 2884 ρη-

2072 2888 2249 2961 τόρων
2314 2884 2456 2962 ἦσαν
2506 2890 2929 2964 παρειληφότες,
2970 2892 3146 2948 ταῦτα
3204 2893 3487 2949 ἐπείθοντο
3532 2896 3673 2950 ἀπο-

2077 2973 2269 3029 πτύειν
2284 2990 2300 3007 ο
2328 2975 2533 3046 καίπερ
2547 2972 2615 3048 ἦν
2631 2977 3063 3044 δυσκολώτατον,
3087 2979 3183 3033 ml
3208 2979 3401 3053 ἑτέραν
3417 2980 3673 3052 δέχεσθαι

2078 3058 2366 3132 συνήθειαν
2405 3060 2600 3131 καινὴν
2643 3061 3091 3130 ἐπεισελθοῦσαν,
3118 3064 3300 3119 καὶτὸ
3323 3064 3387 3137 δὴ
3426 3066 3674 3138 χαλεπώ-

2073 3161 2255 3217 τερον,
2278 3145 2413 3200 πολὺ
2437 3146 2497 3200 τὸ
2520 3145 2779 3202 ἐπίπονον
2796 3146 3048 3219 ἔχουσαν.
3077 3149 3283 3221 Ἀπῆγε
3308 3150 3416 3223 γὰρ
3434 3152 3671 3222 τρυφῆς,

2075 3231 2171 3285 καὶ
2196 3230 2394 3302 ἐνῆγεν
2420 3232 2501 3295 εἰς
2529 3231 2813 3301 νηστείανο
2844 3232 3028 3303 ἀπῆγε
3073 3233 3531 3307 φιλοχρηματίας,
3578 3236 3675 3290 ml

2076 3314 2273 3386 ἐνῆγεν
2328 3317 2411 3379 εἰς
2455 3315 2886 3389 ἀκτημοσύνην⁶
2936 3316 3153 3389 ἀπῆγεν
3202 3318 3513 3389 ἀσελγείας,
3575 3323 3676 3377 ml

2075 3398 2271 3470 ἐνῆγεν
2294 3400 2375 3464 εἰς
2400 3399 2784 3471 σωφροσύνην·
2810 3399 2994 3472 ἀπῆγε
3024 3399 3219 3472 θυμοῦ,
3242 3403 3338 3457 ml
3367 3403 3560 3473 ἐνῆγεν
3591 3406 3675 3470 εἰς

2077 3484 2363 3556 πραότητα
2383 3499 2399 3514 '
2430 3484 2610 3557 ἀπῆγε
2640 3483 2862 3555 φθόνου,
2891 3485 3203 3561 καὶοένῆγεν
3228 3487 3311 3551 εἰς
3351 3487 3677 3559 φιλοφροσύ-

2076 3585 2175 3640 νην
2198 3585 2212 3599 ·
2246 3568 2428 3639 ἀπῆγε
2470 3568 2569 3640 τῆς
2597 3567 2864 3632 πλατείας
2911 3568 3033 3624 ὁδοῦ
3070 3571 3166 3626 καὶ
3204 3571 3541 3645 εύρυχώρου,
3576 3576 3675 3628 ml

2077 3651 2275 3723 ἐνῆγεν
2297 3652 2377 3715 εἰς
2402 3651 2504 3723 τὴν
2535 3653 2730 3723 στενὴν
2750 3653 2843 3706 ml
2862 3654 3233 3728 τεθλιμμένην
3284 3659 3378 3712 ml
3432 3659 3674 3733 ἀπόκρηο

2080 3753 2233 3806 μνον,
2273 3735 2369 3789 ml
2392 3735 2593 3811 ἐνῆγεν
2622 3735 2699 3800 ὡς
2727 3737 3039 3809 τραφέντας
3067 3742 3133 3812 τῇ
3164 3740 3413 3815 πλατείᾳ.
3449 3744 3525 3797 Οὐ
3558 3744 3669 3816 γὰρ

2075 3818 2140 3891 δὴ
2171 3818 2365 3882 ἄλλους
2394 3818 2717 3891 ἀνθρώπους
2740 3819 2921 3875 λαϐὼν
2965 3821 3070 3888 ἐξω
3100 3824 3202 3896 τῆς
3228 3826 3551 3899 οἰκουμένης
3573 3831 3670 3884 ml

2075 3903 2178 3974 τῆς
2209 3903 2503 3976 συνηθείας
2529 3903 2757 3975 ταύτης,
2796 3904 2911 3958 ἀλλ’
2951 3906 3150 3973 αὐτοὺς
3185 3910 3430 3976 ἐκείνους
3457 3914 3586 3978 τοὺς
3611 3915 3670 3967 ἐν

2076 3986 2287 4047 τούτοις
2320 3987 2748 4052 κατασαπέντας
2778 3990 2873 4043 ml
2908 3990 3083 4062 πηλοῦ
3128 3992 3461 4065 γενομένους
3498 3997 3672 4067 μαλα-

2077 4069 2376 4142 κωτέρους,
2408 4069 2633 4135 τούτους
2666 4072 2923 4127 ἐκέλευσε
2965 4074 3064 4146 τὴν
3098 4075 3291 4149 στενὴν
3329 4081 3425 4134 ml
3450 4081 3674 4153 τεθλιμ-

2080 4152 2250 4223 μένην
2290 4153 2498 4207 ὁδεύειν
2534 4155 2676 4218 ὁδὸν,
2722 4157 2823 4227 τὴν
2866 4161 3127 4230 τραχεῖαν
3159 4161 3255 4215 ml
3285 4161 3551 4234 σκληρὰν,
3580 4165 3675 4218 ml

2077 4236 2284 4295 ἔπειθε.
2314 4239 2427 4293 Kal
2441 4238 2646 4304 πόσους
2669 4239 2887 4297 ἔπειθεν
2908 4259 2922 4308 ;
2952 4243 3015 4297 οὐ
3040 4240 3135 4297 δύο
3154 4246 3248 4299 ml
3271 4244 3402 4300 δέκα
3424 4247 3676 4302 καίεῐκο-

2080 4337 2135 4373 σι
2161 4321 2254 4405 ml
2276 4322 2495 4389 ἐκατὸν,
2527 4323 2666 4379 ἀλλά
2690 4326 2905 4391 πάντας
2930 4328 3115 4399 σχεδὸν
3136 4330 3264 4393 τοῦς
3291 4330 3389 4403 τὴν
3418 4331 3676 4405 ὕφ’ῆλιον

2077 4404 2381 4488 οἰκοῦντας.
2414 4408 2527 4461 Kal
2564 4407 2653 4462 διὰ
2702 4407 2864 4464 τίνων
2890 4408 3112 4481 έπειθε;
3143 4411 3232 4467 διά
3264 4404 3567 4488 ἀνθρώπων
3599 4417 3678 4471 ἐν·

2076 4487 2234 4556 δεκα,
2292 4490 2705 4563 ἀγραμμάτων,
2757 4492 3004 4560 ἰδιωτῶν,
3053 4496 3370 4565 ἀγλώττων,
3420 4500 3673 4572 ἀσήμων,

2080 4574 2351 4645 πενήτων,
2382 4575 2444 4629 οὐ
2479 4575 2747 4649 πατρίδας
2772 4578 3028 4648 ἐχόντων,
3061 4579 3216 4654 [576]
3252 4584 3314 4637 οὐ
3356 4587 3678 4656 περιουσίας

2078 4658 2402 4745 χρημάτων,
2449 4661 2511 4715 οὐ
2552 4661 2815 4745 σώματος
2854 4664 3105 4737 δύναμιν,
3155 4670 3215 4723 οὐ
3260 4670 3421 4742 δόξης
3448 4674 3678 4745 περιφά-

2078 4759 2258 4828 νειαν,
2288 4742 2671 4828 οὑᾲπρογόνων
2708 4746 3096 4822 λαμπρότητα,
3150 4753 3212 4806 ού
3260 4754 3436 4825 λόγων
3497 4742 3674 4828 ἰσχὺν,

2080 4824 2140 4912 ού
2165 4826 2460 4912 ῥητορείας
2478 4828 2781 4912 δεινότητα,
2813 4832 2873 4885 ού
2895 4833 2994 4905 τὴν
3020 4834 3130 4889 ἀπὸ
3154 4824 3411 4906 γνώσεως
3437 4824 3649 4912 προσ-τα
3665 4869 3679 4883 -

2082 4908 2222 4974 σίαν,
2245 4906 2391 4962 ἀλλὰ
2415 4910 2631 4979 ἀλιέων,
2663 4917 3026 4986 σκηνοποιῶν,
3063 4906 3505 4991 ἐτερογλώσσων.
3542 4924 3679 4980 Οὐδὲ

2078 4993 2188 5064 γὰρ
2217 4993 2490 5079 ὁμόφωνοι
2513 4999 2625 5079 τοῖς
2654 4998 2998 5070 πειθομένοις
3020 4997 3183 5074 ἦσαν,
3207 5004 3346 5059 ἀλλά
3372 5007 3530 5079 ξένην
3552 5009 3677 5064 τινὰ

2080 5079 2175 5163 καὶ
2201 5076 2669 5163 παρηλλαγμένην
2699 5082 2850 5154 παρὰ
2885 5085 3067 5150 πάσας
3091 5087 3191 5152 τὰς
3211 5088 3455 5158 γλώττας
3475 5076 3673 5163 κεκτη-

2083 5159 2235 5245 μένοι
2261 5160 2465 5245 φωνὴν,
2502 5162 2603 5233 τὴν
2633 5164 2889 5237 Ἐϐραῖδα
2916 5170 3078 5239 λέγω,
3112 5172 3209 5225 καὶ
3235 5172 3302 5225 δι’
3331 5174 3511 5227 αὐτῶν
3531 5159 3674 5245 ᾠκο-

2078 5242 2284 5328 δόμησε
2307 5244 2408 5316 τὴν
2438 5246 2770 5318 Ἐκκλησίαν
2798 5250 3025 5323 ταύτην,
3050 5254 3152 5327 τὴν
3185 5255 3295 5309 ἀπὸ
3318 5242 3573 5328 περάτων
3595 5259 3674 5319 εἰς

2080 5327 2296 5400 πέρατα
2334 5331 2660 5403 τεταμένην.

2154 5416 2240 5478 ιγ’.
2257 5411 2369 5464 Kal
2404 5412 2466 5465 οὐ
2496 5412 2656 5493 τοῦτο
2688 5416 2850 5487 μόνον
2879 5419 2998 5473 ἐστί
3020 5419 3081 5473 τὸ
3097 5419 3432 5493 θαυμαστδν,
3456 5422 3575 5477 ἀλλ’
3594 5424 3681 5479 ὅτι

2079 5496 2127 5547 οἰ
2163 5494 2372 5548 ἰδιῶται
2398 5495 2462 5567 δὴ
2491 5491 2635 5552 οῦτοι
2667 5502 2760 5554 ml
2781 5502 3012 5574 πένητες
3028 5506 3124 5558 καὶ
3146 5491 3316 5574 ὀλίγοι
3345 5507 3444 5560 καὶ
3469 5508 3673 5579 ἄσημοι

2079 5580 2175 5634 καὶ
2221 5580 2581 5653 ἀγράμματοι
2631 5585 2727 5639 ml
2780 5587 3020 5653 εὐτελεῖς
3055 5589 3153 5643 ml
3197 5590 3529 5662 ἐτερόφωνοι
3581 5592 3673 5646 ml

2079 5666 2576 5749 εὐκαταφρόνητοι,
2613 5669 2712 5742 τῆς
2759 5672 3088 5744 οἰκουμένης
3125 5674 3348 5747 ἀπάσης
3379 5677 3479 5749 τὴν
3528 5677 3671 5749 διόρ-

2081 5748 2249 5805 θωσιν
2276 5752 2729 5825 ἐγχειρισθέντες,
2754 5756 2850 5810 ml
2870 5757 2967 5810 ἐπὶ
2989 5757 3058 5811 τά
3084 5758 3264 5832 πολλῷ
3293 5748 3671 5834 δυσκολώτερα

2084 5836 2388 5909 πράγματα
2422 5837 2577 5909 ἄγειν
2596 5839 2779 5915 ,αὐτὴν
2806 5841 3212 5913 κελευσθέντες,
3253 5845 3370 5901 ούδέ
3390 5846 3447 5903 ἐν
3474 5847 3667 5921 εἰρήνῃ
