3920 6366
199 341 297 399 8‘29

196 464 445 536 amplexi.
478 461 589 516 Non
624 455 966 513 crediderunt
992 447 1196 515 Judaei,
1227 443 1569 502 crediderunt
1595 437 1778 494 Genti-

198 565 291 617 les.
318 553 472 626 Quod
503 554 672 622 ipsum
699 563 806 604 non
835 544 1050 600 silentio
1081 538 1498 612 praetermissum
1526 542 1607 588 est
1642 549 1653 584 :
1687 527 1780 582 sed

200 620 362 707 David
387 620 598 716 quidem
628 641 756 696 dicit
786 657 798 691 ε
826 635 948 691 Filii
975 633 1126 688 alieni
1155 630 1348 685 mentiti
1372 637 1486 681 sunt
1512 624 1655 687 milii,
1690 620 1784 688 mu

139 731 141 733 ’
199 739 348 795 alieni
378 733 639 790 inveterati
683 739 833 795 sunt,
879 736 925 780 et
950 724 1357 779 claudicaverunt
1389 735 1421 771 a
1455 716 1642 770 semitis
1680 713 1784 765 suis

202 830 370 901 (Psal.
408 829 498 880 l7.
529 824 620 893 i6)
652 839 666 874 ε
699 819 916 875 Hesaias
944 831 1071 870 vero
1107 832 1122 868 :
1152 811 1391 875 Domine,
1423 808 1534 878 quis
1574 802 1784 858 credidit

203 921 394 974 auditni
429 925 597 969 nostro
616 953 630 975 ,
679 921 724 965 et
763 909 1022 964 brachium
1052 903 1255 959 Domini
1301 901 1384 955 cui
1412 897 1687 952 revelatum
1714 903 1785 948 est

193 1003 400 1076 (Ilesai.
426 1000 584 1068 53.1)
603 998 625 1051 ?
645 995 708 1050 Et
726 1007 946 1050 rursum
973 1009 989 1046 :
1016 989 1262 1045 Inventus
1281 1004 1398 1042 sum
1421 987 1484 1040 ab
1508 987 1575 1040 iis
1593 987 1682 1056 qui
1697 1003 1776 1041 me

194 1115 292 1153 non
319 1089 626 1166 qumrebant
657 1105 675 1142 :
697 1085 1006 1154 conspicuus
1033 1081 1208 1151 factus
1223 1096 1339 1134 sum
1368 1079 1434 1133 iis
1450 1081 1539 1149 qui
1566 1095 1646 1134 me
1673 1096 1776 1134 non

194 1187 586 1258 interrogabant
619 1182 827 1255 (Hesai.
859 1180 947 1234 65.
977 1179 1050 1245 i).
1086 1179 1264 1247 Atque
1295 1178 1347 1230 in
1375 1175 1495 1245 ipso
1521 1175 1640 1244 ejus
1677 1177 1777 1230 ad-

206 1290 362 1337 ventu
390 1278 691 1335 Chananaza
720 1281 777 1330 et
800 1271 1131 1329 Samaritana
1174 1267 1365 1322 mulier
1408 1263 1751 1320 crediderunt
1775 1277 1788 1312 :

209 1368 511 1426 sacerdotes
561 1373 738 1420 autem
785 1372 839 1418 et
885 1361 1154 1432 principes
1213 1357 1412 1412 bellum
1468 1352 1792 1420 insidiasque

211 1460 499 1531 parabant,
545 1456 783 1524 aliosque
808 1452 1086 1522 abigebant
1111 1492 1125 1516 ,
1153 1457 1206 1503 et
1242 1463 1308 1502 ex
1337 1458 1602 1518 synagoga
1633 1442 1793 1512 pelle-

214 1554 488 1616 banteos,
531 1549 620 1618 qui
663 1548 715 1602 in
765 1547 937 1616 ipsum
980 1543 1278 1599 crederent.
1327 1539 1404 1594 Ne
1433 1538 1591 1608 igitur
1618 1545 1669 1590 te
1696 1536 1803 1588 ista

214 1643 528 1699 conturbent
558 1658 572 1694 :
605 1637 788 1694 multis
835 1634 1137 1707 hujusmodi
1183 1632 1444 1701 exemplis
1491 1632 1643 1699 plena
1689 1627 1798 1681 vita

218 1745 389 1792 nostra
411 1743 494 1789 est
518 1774 534 1800 ,
566 1740 675 1786 tum
703 1739 887 1785 nostro
915 1739 1023 1784 tum
1053 1727 1323 1798 prmterito
1351 1733 1607 1792 tempore.
1648 1720 1796 1774 Alio—

216 1827 334 1896 quin
374 1841 504 1880 vero
527 1867 544 1891 ,
580 1823 627 1878 si
667 1837 771 1877 non
811 1834 1032 1884 omnes,
1078 1817 1226 1872 multi
1257 1823 1404 1872 certe
1432 1831 1498 1870 ex
1524 1811 1722 1868 Iudaeis
1745 1819 1799 1866 et

219 1930 334 1975 tunc
378 1928 431 1974 et
475 1928 663 1973 nostro
709 1926 946 1985 tempore
985 1911 1347 1969 crediderunt.
1401 1907 1550 1976 Quod
1594 1905 1638 1960 si
1694 1919 1799 1957 non

219 2026 395 2066 omnes
438 2009 576 2065 nihil
611 2024 739 2064 sane
779 2022 976 2062 novum
1007 2012 1097 2059 aut
1124 2001 1368 2057 mirabile
1401 2019 1413 2055 :
1445 1999 1566 2054 talis
1606 1997 1801 2068 quippe

220 2114 294 2159 est
321 2105 558 2175 ingratus
585 2102 793 2156 animus
812 2141 829 2168 ,
870 2099 987 2154 talis
1014 2112 1166 2152 mens
1206 2095 1412 2150 ratione
1440 2106 1602 2146 vacua
1623 2131 1641 2160 ,
1685 2090 1802 2144 talis

221 2196 383 2248 anima
413 2191 572 2248 malis
601 2191 875 2247 affectibus
905 2195 1182 2256 occupata.

287 2285 650 2340 Prtedictiones
675 2301 706 2337 a
729 2282 928 2338 Christo
953 2281 1168 2352 prolata:
1191 2280 1300 2351 ejus
1334 2277 1608 2348 potentiam
1638 2283 1807 2329 osten-

225 2379 356 2433 dunt.
381 2407 450 2418 —
488 2377 761 2432 Cancrum
787 2375 910 2446 quia
941 2372 1248 2444 prephetias
1277 2370 1345 2426 de
1388 2369 1600 2424 Christo
1647 2367 1807 2422 tantis

227 2479 366 2523 antea
395 2467 729 2539 temporibus
747 2481 778 2521 a
805 2464 1078 2536 prophetis
1103 2461 1408 2519 enuntiatas
1438 2459 1758 2530 protulimus
1789 2475 1802 2510 :

226 2577 314 2632 age
335 2563 384 2616 in
405 2563 646 2619 medium
672 2561 958 2617 alferamus
976 2574 1090 2626 eas,
1113 2574 1232 2629 qua:
1261 2556 1327 2612 de
1349 2557 1438 2611 illo
1463 2570 1584 2612 cum
1613 2566 1806 2610 terram

229 2654 478 2722 circuiret,
503 2663 698 2710 etcum
718 2649 1023 2708 hominibus
1046 2660 1454 2706 eouversaretur
1473 2647 1628 2703 edita:
1646 2655 1770 2702 sunt
1795 2663 1808 2701 :

231 2754 281 2800 ut
311 2745 428 2801 hinc
456 2746 624 2801 etiam
649 2745 764 2815 ejus
811 2744 1099 2814 potentiam
1125 2743 1349 2798 ediscas.
1400 2741 1530 2795 Cum
1559 2739 1810 2794 advenis-

231 2847 304 2892 set
325 2838 479 2909 igitur
498 2879 514 2904 ,
549 2846 608 2892 et
635 2837 821 2891 salutis
852 2835 1126 2890 hominum
1148 2833 1418 2903 negotium
1446 2843 1626 2902 ageret
1650 2873 1666 2900 ,
1699 2840 1809 2885 tum

233 2943 401 2984 eorum
422 2971 436 2995 ,
467 2929 564 3000 qui
598 2937 720 2984 tunc
751 2928 804 2982 in
825 2927 989 2993 vivis,
1017 2933 1128 2981 tum
1155 2925 1314 2980 etiam
1339 2939 1546 2986 eorum,
1580 2924 1669 2994 qui
1691 2929 1813 2992 post

237 3020 381 3076 futuri
425 3029 610 3087 erant,
666 3020 826 3074 variis
869 3019 1012 3073 illam
1053 3017 1226 3073 modis
1269 3016 1604 3086 procurabat.
1656 3013 1808 3080 Vide,

238 3129 439 3182 quaeso,
503 3113 638 3184 quid
695 3111 870 3168 faciat.
948 3111 1198 3165 Miracula
1247 3109 1397 3176 edit,
1457 3117 1511 3163 et
1563 3106 1809 3176 qurcdam

238 3205 456 3274 praedicit
497 3205 675 3275 longis
717 3214 902 3275 postea
945 3203 1273 3273 temporibus
1300 3210 1554 3256 eventura
1576 3242 1591 3266 ,
1623 3214 1686 3254 ac
1719 3214 1814 3268 per

243 3313 298 3351 ea
324 3315 434 3368 qua:
464 3310 594 3355 tunc
623 3298 856 3366 fiebant,
888 3299 952 3353 iis
975 3313 1094 3367 quae
1126 3297 1214 3352 diu
1243 3304 1425 3365 postea
1463 3294 1636 3348 futura
1665 3301 1819 3347 erant

239 3389 560 3448 auditoribus
609 3391 960 3461 praesentibus
1001 3390 1157 3445 fidem
1199 3388 1402 3443 faciens
1431 3405 1446 3443 :
1475 3385 1664 3441 futuris
1688 3400 1821 3455 quo-

241 3495 332 3549 que
365 3498 430 3538 ex
461 3491 660 3538 eventu
691 3482 1093 3553 praedictionum
1124 3479 1399 3537 credibilia
1445 3478 1678 3534 reddens
1716 3476 1819 3531 mi-

243 3577 400 3630 racula
453 3579 549 3632 illo
603 3586 847 3646 tempore
893 3577 1033 3632 edita
1083 3593 1097 3631 :
1145 3583 1307 3644 atque
1355 3589 1421 3628 ex
1469 3572 1570 3627 hac
1621 3570 1822 3641 duplici

244 3667 686 3727 demonstratione
727 3670 887 3726 fidem
927 3670 1128 3726 faciens
1173 3669 1276 3734 iis,
1321 3682 1440 3739 qua:
1489 3666 1556 3722 ad
1599 3680 1822 3737 regnum

247 3763 591 3827 pertinebant.

310 3854 390 3907 12.
419 3855 556 3910 Nam
586 3855 826 3925 duplices
863 3865 1017 3910 erant
1047 3854 1162 3924 ejus
1187 3852 1593 3923 praidictiones,
1643 3859 1699 3906 et
1742 3849 1827 3905 ha:

247 3944 445 4011 quidem
485 3949 539 4002 in
581 3947 832 4016 prtesenti
870 3946 979 4001 vita
1024 3953 1294 4003 eventura:
1335 3952 1521 4009 erant,
1569 3943 1673 3997 illa:
1700 3956 1828 3996 vero

250 4044 358 4102 post
399 4038 569 4109 ipsam
619 4037 1136 4093 consummationem
1169 4037 1393 4106 aliaeque
1433 4035 1661 4088 aliarum
1688 4032 1827 4087 veri-

249 4133 398 4182 tatem
444 4130 748 4186 lueulenter
791 4128 1303 4184 commonstrabant.
1359 4125 1600 4194 Exempli
1645 4139 1823 4190 causa,

252 4231 362 4272 nam
387 4220 673 4276 obscurum
703 4220 901 4274 dictum
941 4220 1156 4288 planum
1185 4217 1361 4273 facere
1384 4223 1623 4284 satagam
1648 4231 1663 4280 ;
1693 4215 1830 4269 duo-

252 4307 409 4366 decim
440 4313 612 4382 ipsum
643 4311 886 4382 discipuli
933 4309 1294 4380 sequebantur
1321 4325 1334 4360 :
1364 4307 1658 4364 Ecclesiam
1703 4319 1830 4359 vero

255 4415 399 4457 nemo
427 4407 510 4461 vel
539 4419 598 4460 re
628 4404 710 4458 vel
739 4404 952 4458 nomine
992 4412 1193 4457 tantum
1225 4409 1482 4455 noverat:
1515 4413 1636 4452 nam
1663 4397 1833 4468 Syna-

254 4507 374 4566 goga
403 4497 626 4554 florebat
657 4496 848 4552 adhuc.
907 4495 1042 4564 Quid
1074 4496 1233 4565 igitur
1275 4495 1438 4558 dixit,
1471 4502 1525 4548 et
1553 4492 1682 4547 orbe
1724 4492 1836 4545 fere

258 4593 359 4641 toto
379 4589 428 4644 in
455 4591 726 4660 impietate
747 4589 962 4645 detento
991 4587 1272 4658 przedixit?
1298 4587 1467 4657 Super
1489 4587 1621 4640 hanc
1642 4595 1837 4655 petram

256 4678 503 4748 tediﬁcabo
531 4681 811 4735 Ecclesiam
842 4697 1003 4734 meam
1023 4722 1037 4746 ,
1069 4688 1115 4734 et
1145 4689 1304 4749 portae
1337 4679 1487 4750 inferi
1515 4694 1617 4731 non
1643 4691 1838 4748 prtcva-

260 4767 417 4826 lcbunt
453 4775 693 4828 adversus
735 4789 847 4826 eam
895 4770 1108 4842 (Matth.
1143 4771 1228 4825 16.
1260 4770 1374 4838 l8).
1431 4769 1686 4823 Examina
1735 4765 1840 4821 hoc

262 4859 447 4919 dictum
473 4875 529 4920 ut
545 4865 694 4930 libet,
718 4871 771 4918 et
786 4863 1066 4919 veritatem
1095 4862 1210 4933 ejus
1230 4861 1582 4931 ref'ulgentem
1609 4857 1837 4913 videbis.

267 4951 370 5009 Non
397 4959 534 5013 enim
562 4957 690 5013 illud
739 4957 912 5013 solum
960 4955 1237 5022 mirabile,
1283 4952 1424 5023 quod
1462 4965 1581 5007 eam
1626 4950 1678 5004 in
1725 4949 1843 5004 uni-

265 5057 413 5103 verso
443 5051 569 5106 orbe
609 5048 984 5112 aedificaverit,
1033 5046 1130 5102 sed
1173 5044 1314 5116 quod
1354 5044 1604 5112 invictam
1635 5039 1841 5104 fecerit,

269 5149 316 5189 et
343 5149 414 5194 tot
433 5143 680 5212 agitatam
709 5141 864 5196 bellis
889 5139 1160 5194 invictam.
1190 5136 1324 5190 Illud
1349 5135 1490 5190 enim
1523 5152 1536 5189 :
1569 5132 1742 5188 Porta:
1765 5133 1847 5184 in-

273 5228 479 5325 feri‘nen
504 5233 848 5304 prrevalebunt
871 5231 1110 5286 adversus
1139 5246 1280 5295 cani,
1312 5226 1550 5297 pericula
1577 5233 1702 5280 sunt
1728 5238 1848 5293 quae

275 5316 319 5370 iu
360 5320 618 5378 infernum
649 5323 938 5379 deducunt.
993 5319 1239 5375 Vidistin’
1266 5316 1626 5389 przedietionis
1651 5315 1850 5369 verita-

277 5416 374 5507 tem
392 5410 441 5507 ?_
473 5414 716 5470 Vidistin’
741 5423 964 5469 eventus
1006 5411 1208 5467 robur?
1238 5408 1477 5464 Vidistin’
1503 5405 1665 5462 verba
1690 5404 1853 5460 rebus

280 5497 397 5566 ipsis
430 5503 656 5562 lucentia
683 5546 696 5570 ,
724 5513 780 5561 et
802 5505 908 5558 vim
936 5501 1347 5573 insuperabilem
1377 5498 1555 5554 omnia
1583 5497 1728 5552 nullo
1755 5510 1852 5550 ne-

283 5594 414 5656 llotio
458 5595 776 5655 facientem?
827 5595 939 5652 Etsi
966 5596 1110 5652 enim
1154 5594 1318 5650 breve
1345 5592 1544 5647 dictum
1586 5590 1658 5645 sit
1702 5587 1853 5654 illud,

285 5681 560 5754 ίΕάίβεαΙιο
589 5689 870 5747 Ecclesiam
891 5706 1054 5746 meam
1071 5732 1084 5756 ,
1113 5704 1180 5744 ne
1209 5685 1520 5758 simpliciter
1548 5694 1856 5755 prastereas,

290 5778 375 5833 sed
401 5779 452 5836 in
488 5794 664 5841 mente
697 5782 911 5840 revolve
938 5821 955 5850 ,
1003 5791 1058 5838 ct
1093 5781 1266 5853 cogita
1309 5790 1564 5852 quantum
1591 5776 1661 5834 sit
1692 5786 1858 5832 totum

726 328 999 391 CONTRA
1039 320 1317 380 JUDJEOS
1358 320 1443 376 ΕΤ
1485 313 1849 381 GENTILES,
1889 310 2073 380 QUOD
2113 309 2449 366 CHRISTUS
2488 307 2591 361 SIT
2634 301 2833 360 DbUS.

3376 289 3478 342 830

1891 430 2077 485 orbem
2125 439 2232 484 tam
2261 428 2405 483 brevi
2438 435 2678 495 tempore
2710 415 2962 476 Eeclesiis
2991 411 3283 485 replevisse
3305 453 3317 472 ,
3357 417 3475 462 tau-

1891 533 1970 576 tas
1985 521 2312 576 convertisse
2339 526 2544 588 gentes,
2564 512 2772 584 populis
2788 506 3141 579 persuasisse,
3162 510 3221 558 ut
3241 504 3479 570 paternis

1890 613 2076 667 solutis
2107 610 2308 679 legibus
2356 607 2644 662 radicatam
2684 597 3126 657 consuetudinem
3160 590 3475 655 evellereut,

1892 703 2180 773 voluptatis
2225 698 2596 771 tyrannidem,
2644 693 2894 763 nequitia:
2937 689 3042 742 vim
3073 700 3168 740 seu
3209 683 3480 752 pulverem

1892 795 2181 866 ejicerent,
2215 807 2335 846 aras
2357 833 2372 858 ,
2415 788 2611 857 templa
2638 828 2653 852 ,
2686 783 2826 838 idola
2852 823 2866 846 ,
2898 775 3149 851 mysteria
3177 816 3190 838 ,
3229 772 3479 843 profanas

1893 886 2301 949 solemnitates,
2353 881 2729 949 impurumque
2773 871 3039 934 nidorem,
3082 863 3233 936 quasi
3278 862 3483 916 fumum

1897 977 2176 1049 quemdam
2206 975 2484 1036 delerent;
2517 969 2710 1037 ubique
2749 963 2934 1018 altaria
2965 959 3288 1018 excitarent,
3317 955 3369 1006 in
3398 968 3482 1006 re-

1895 1073 2054 1142 gione
2073 1068 2456 1128 Romanorum,
2479 1052 3131 1123 Persarum,Scytharum,
3156 1047 3483 1107 Maurorum,

1899 1162 2146 1218 Indorum
2174 1177 2188 1213 :
2216 1155 2342 1227 quid
2370 1154 2485 1209 dico
2505 1153 2527 1206 ‘t
2551 1151 2632 1204 vel
2659 1157 2808 1203 extra
2839 1145 3024 1198 orbem
3060 1147 3320 1194 nostrum.
3352 1133 3483 1188 Nam

1898 1263 1953 1308 et
1980 1250 2292 1306 Britannicae
2324 1244 2542 1308 insulae,
2588 1255 2706 1310 quae
2741 1246 2890 1291 extra
2923 1234 3022 1287 hoc
3050 1244 3197 1286 mare
3223 1228 3338 1281 sitae
3363 1234 3487 1279 sunt

1899 1354 1955 1400 et
1997 1345 2048 1398 in
2096 1343 2213 1411 ipso
2241 1339 2455 1394 Oceano
2475 1376 2490 1400 ,
2529 1333 2634 1386 vim
2679 1327 2828 1382 verbi
2859 1331 3138 1379 senserunt
3169 1338 3182 1373 :
3211 1319 3318 1373 illic
3345 1315 3486 1370 enim

1903 1405 2156 1490 Ecclesiae
2181 1440 2234 1487 et
2261 1428 2446 1484 altaria
2468 1432 2650 1480 erecta
2679 1420 2853 1475 fuere.
2884 1416 3120 1470 Verbum
3158 1409 3285 1466 illud
3306 1449 3320 1473 ,
3349 1405 3489 1477 quod

1902 1536 2029 1583 tunc
2054 1525 2144 1580 ille
2169 1520 2421 1592 protulit,
2453 1518 2506 1572 in
2549 1513 2787 1570 omnium
2831 1506 3024 1563 animis
3066 1504 3359 1574 plantatum
3385 1503 3488 1558 est,

1903 1634 1998 1689 per
2023 1616 2261 1672 omnium
2291 1627 2384 1668 ora
2413 1609 2582 1665 fertur
2613 1623 2627 1659 :
2665 1613 2720 1659 et
2748 1612 2886 1657 terra
2909 1641 2924 1665 ,
2951 1609 3010 1653 ut
3037 1597 3107 1650 ita
3136 1594 3309 1648 dicam
3336 1631 3349 1653 ,
3376 1587 3494 1642 uui-

1903 1724 2078 1775 versa,
2105 1705 2270 1776 spinis
2290 1701 2494 1772 repleta
2511 1694 2795 1754 emundata
2821 1699 2923 1755 est,
2947 1703 3072 1757 ager
3095 1699 3257 1755 purus
3277 1679 3495 1736 effectus

1906 1811 2008 1866 est,
2032 1798 2349 1869 pietatisque
2373 1791 2578 1847 semina
2609 1784 2860 1855 suscepit.
2909 1781 3094 1848 Magna
3125 1791 3254 1828 sane
3275 1787 3361 1826 res
3389 1779 3494 1833 est,

1909 1905 2120 1960 magna,
2152 1889 2365 1957 inquam
2386 1925 2400 1951 ,
2433 1883 2540 1937 imo
2567 1892 2792 1934 summa:
2821 1867 3200 1942 magnitudinis
3222 1872 3277 1919 et
3303 1863 3496 1918 divina:

1908 1981 2119 2037 virtutis
2146 1983 2514 2048 argumentum
2548 1990 2562 2026 :
2587 1969 2802 2025 nemine
2829 1965 3012 2020 turbas
3037 1967 3320 2020 movente,
3366 1966 3501 2022 pace

1912 2087 2118 2130 summa
2138 2111 2154 2136 ,
2187 2070 2313 2124 licet
2351 2064 2508 2120 multi
2534 2058 2918 2118 conturbarent
2943 2062 2997 2108 et
3024 2065 3181 2105 nemo
3208 2046 3501 2101 reluctare-

1913 2175 1997 2220 tur
2018 2205 2035 2232 ,
2082 2161 2315 2233 potuisse
2359 2164 2563 2213 tantum
2593 2152 2778 2208 orbem
2817 2143 3096 2203 confestim
3123 2155 3153 2194 a
3183 2151 3343 2208 prava
3373 2133 3503 2188 tanti

1915 2253 2170 2324 temporis
2213 2246 2601 2306 consuetudine
2649 2238 2901 2303 liberari,
2948 2236 3000 2288 in
3030 2233 3190 2296 aliam
3218 2242 3344 2282 vero
3371 2239 3504 2279 con-

1911 2323 2245 2403 suetudinem
2282 2343 2438 2411 longe
2459 2335 2810 2393 difficiliorem
2834 2327 3054 2384 traduci.
3096 2323 3277 2392 Neque
3301 2329 3506 2373 tantum

1913 2438 2244 2502 consuetudo
2271 2433 2680 2496 adversabatur,
2713 2425 2808 2482 sed
2835 2425 2995 2479 etiam
3026 2419 3270 2487 voluptas
3295 2412 3508 2468 detine-

1915 2539 2038 2604 bat,
2085 2534 2192 2589 duo
2243 2526 2506 2602 tyrannici
2550 2523 2776 2579 obices:
2812 2531 2934 2572 nam
2978 2529 3096 2584 qua:
3143 2526 3173 2564 a
3220 2507 3508 2562 multoruut

1915 2643 2176 2686 annorum
2216 2620 2481 2680 curriculo
2505 2634 2536 2675 a
2563 2614 2799 2687 patribus
2821 2652 2835 2676 ,
2864 2607 2976 2662 avis
3001 2647 3015 2671 ,
3044 2603 3225 2658 abavis
3245 2643 3260 2667 ,
3290 2597 3508 2667 majori-

1918 2725 2018 2780 bus
2040 2763 2055 2788 ,
2089 2716 2422 2792 philosophis
2441 2722 2497 2769 et
2517 2708 2822 2766 rhetoribus
2849 2707 3200 2770 acceperant,
3232 2709 3295 2750 ea
3323 2706 3511 2761 reSpu-

1919 2785 2182 2883 ere,-q'u2e
2209 2785 2610 2864 res—admodum
2643 2794 2873 2853 difficilis
2897 2799 3015 2848 erat
3038 2830 3051 2855 ,
3081 2785 3431 2848 docebantur,
3460 2788 3514 2834 et

1919 2919 2110 2960 novam
2135 2901 2377 2969 accipere
2408 2888 2850 2950 consuetudinem
2875 2926 2889 2950 ,
2933 2894 3158 2950 eamque
3183 2919 3197 2942 ,
3226 2873 3369 2945 quod
3393 2886 3516 2942 gra-

1921 2998 2038 3052 vius
2073 3005 2192 3050 erat
2214 3034 2229 3060 ,
2261 2990 2417 3044 valde
2445 2988 2635 3042 duram
2663 2991 2717 3037 et
2743 2979 3046 3035 molestam.
3095 2970 3332 3026 Abduxit
3361 2982 3391 3020 a
3419 2981 3514 3018 vo-

1923 3093 2160 3160 luptate,
2207 3093 2263 3141 et
2292 3081 2498 3138 induxit
2541 3078 2596 3131 in
2642 3074 2904 3145 jejunium
2934 3087 2947 3121 :
2980 3065 3202 3120 abduxit
3239 3061 3308 3115 ab
3333 3072 3515 3112 amore

1923 3183 2303 3256 pecuniarum,
2352 3183 2406 3230 et
2443 3170 2650 3227 induxit
2687 3170 2740 3222 in
2789 3168 3188 3235 paupertatem;
3238 3152 3514 3208 ahduxita

1925 3243 2139 3329 iascivia
2161 3312 2176 3337 ,
2216 3277 2272 3324 et
2296 3263 2500 3321 induxit
2527 3261 2580 3314 in
2609 3253 3013 3326 temperantiam
3039 3266 3052 3300 :
3077 3245 3296 3302 abduxit
3315 3243 3382 3296 ab
3413 3243 3512 3304 ira,

1925 3375 1980 3421 et
2004 3333 2212 3418 induxit
2239 3360 2294 3414 in
2319 3351 2784 3412 mansuetudinem
2817 3364 2828 3397 :
2863 3340 3082 3398 abduxit
3116 3338 3183 3392 ab
3208 3333 3422 3398 invidia,
3459 3340 3516 3386 et

1927 3455 2134 3514 induxit
2175 3454 2228 3508 in
2276 3447 2654 3520 benignitatem
2689 3461 2702 3496 :
2731 3438 2950 3496 abduxit
2978 3450 3007 3487 a
3042 3433 3125 3487 via
3157 3431 3261 3484 lata
3297 3435 3352 3482 et
3397 3440 3519 3496 spa-

1929 3551 2083 3614 tiosa,
2117 3557 2168 3602 et
2196 3543 2402 3600 induxit
2427 3543 2480 3595 in
2510 3546 2786 3609 angustam
2809 3574 2824 3600 ,
2865 3537 3066 3585 arctam
3094 3534 3146 3582 et
3177 3528 3520 3595 prmruptam,

1929 3641 2157 3705 induxit,
2209 3640 2422 3707 inquam
2449 3675 2463 3699 ,
2491 3637 2733 3687 assuetos
2763 3625 2860 3680 viae
2887 3623 3028 3676 latae.
3080 3617 3195 3672 Non
3226 3614 3367 3670 enim
3391 3611 3523 3665 alios

1930 3729 2217 3800 assumpsit
2252 3727 2496 3782 homines
2523 3733 2671 3778 extra
2702 3715 2959 3772 mundum
2988 3720 3042 3767 et
3079 3710 3216 3765 hanc
3238 3711 3523 3762 consuetu-

1932 3827 2110 3883 dinem
2136 3825 2404 3885 viveutes;
2436 3815 2530 3872 sed
2559 3828 2652 3870 eos
2683 3813 2824 3882 ipsos
2849 3805 2940 3878 qui
2979 3803 3088 3874 jam
3117 3803 3172 3856 in
3214 3814 3276 3854 ea
3301 3810 3525 3864 compu-

1935 3926 2192 3980 truerant,
2212 3925 2265 3970 et
2290 3914 2401 3969 luto
2422 3909 2691 3964 molliores
2707 3910 2881 3967 erant,
2903 3899 3002 3954 hos
3018 3895 3178 3967 jussit
3206 3893 3258 3948 in
3278 3897 3524 3959 angusta,

1934 4025 2123 4081 aspera
2171 4019 2226 4063 et
2273 4013 2420 4060 arcta
2469 3998 2718 4055 incedere
2760 3994 2882 4059 via,
2938 4001 2994 4044 et
3044 3987 3096 4042 id
3134 3981 3398 4056 persuasit
3426 3979 3524 4033 eis.

1936 4072 2078 4172 Quot
2103 4097 2410 4155 hominibus
2454 4093 2506 4148 id
2549 4084 2856 4162 persuasit?
2907 4081 3024 4137 Non
3065 4077 3187 4140 uni,
3217 4074 3298 4129 vel
3319 4072 3526 4134 decem,

1937 4199 2019 4254 vel
2045 4195 2255 4266 viginti,
2284 4190 2365 4246 vel
2392 4195 2604 4243 centum
2627 4177 2954 4242 hominibus,
2978 4171 3072 4228 sed
3097 4167 3346 4225 omnibus
3362 4162 3531 4218 ferme

1939 4290 2038 4345 sub
2066 4286 2182 4342 sole
2225 4278 2605 4336 habitantibus.
2659 4273 2898 4340 Quorum
2928 4278 3090 4336 opera
3129 4259 3182 4315 id
3224 4254 3530 4330 persuasit?

1941 4381 2198 4440 Uudecim
2246 4389 2409 4444 Opera
2436 4371 2748 4433 hominum,
2781 4364 3150 4418 illiteratorum
3173 4397 3188 4422 ,
3223 4353 3532 4412 idiotarum,

1943 4469 2362 4544 ineloquentium
2383 4509 2398 4534 ,
2430 4460 2739 4535 ignobilium
2759 4500 2774 4524 ,
2806 4467 3116 4526 pauperum,
3148 4445 3339 4518 patria,
3370 4456 3534 4514 opum

1944 4535 2280 4621 facultatibus
2303 4600 2319 4627 ,
2371 4559 2566 4612 robore
2603 4549 2843 4619 corporis
2872 4587 2886 4611 ,
2931 4543 3114 4615 glorim
3152 4535 3532 4610 praecellentia,

1945 4659 2156 4732 generis
2180 4651 2486 4725 splendore,
2513 4647 2564 4702 vi
2593 4644 2902 4707 verborum,
2935 4637 3228 4694 rhetorices
3252 4630 3534 4702 gravitate,

1945 4750 2182 4808 scientiae
2208 4741 2671 4803 commendatione
2707 4734 3032 4795 carentium;
3073 4726 3167 4782 sed
3197 4726 3538 4796 piscatorum,

1953 4842 2419 4902 tabernaculorum
2446 4833 2694 4906 Opificum
2713 4871 2726 4894 ,
2771 4827 2860 4898 qui
2891 4825 3116 4880 diversae
3143 4821 3334 4889 lingua:
3365 4823 3543 4871 erant.

1953 4936 2140 5004 Neque
2165 4933 2353 4988 eadem
2379 4929 2450 4983 illi
2471 4941 2574 4997 qua
2599 4921 2871 4978 auditores
2892 4917 3065 4984 lingua
3098 4907 3339 4965 instructi
3368 4914 3542 4970 erant,

1956 5002 2345 5098 sedﬁperegrina
2367 5029 2526 5089 atque
2541 5018 2608 5072 ab
2619 5015 2737 5069 aliis
2751 5008 2996 5066 omnibus
3013 5005 3228 5060 diversa
3242 5002 3415 5070 lingua
3431 5006 3544 5052 ute-

1956 5121 2170 5184 bantur,
2187 5115 2436 5171 nimirum
2453 5108 2729 5166 llebraica.
2744 5105 2845 5159 Per
2858 5100 2956 5155 hos
2969 5097 3106 5152 hanc
3120 5092 3414 5148 Ecclesiam
3425 5088 3548 5142 nidi.

1961 5211 2157 5274 licavit,
2185 5222 2304 5278 quae
2333 5221 2364 5260 a
2391 5202 2584 5258 finibus
2605 5210 2771 5268 usque
2798 5193 2864 5248 ad
2886 5190 3021 5245 ﬁnes
3047 5195 3204 5241 terra:
3223 5180 3549 5238 extenditur.

2029 5271 2324 5358 15.'1i1ira
2387 5290 2654 5364 Evangelii
2710 5283 3029 5359 propagatio.
3079 5306 3152 5319 --
3208 5275 3391 5345 Neque
3452 5271 3555 5326 hoc

1963 5393 2136 5450 solum
2183 5387 2427 5445 mirabile
2477 5392 2596 5444 est;
2647 5379 2741 5436 sed
2790 5374 2931 5447 quod
2976 5371 3195 5434 idiotai,
3247 5377 3554 5437 pauperes,

1962 5485 2152 5557 pauci,
2214 5479 2515 5552 ignobiles,
2573 5471 2806 5530 illiterati
2854 5483 2918 5522 ac
2969 5465 3132 5529 viles,
3190 5458 3408 5514 alterius
3449 5455 3556 5512 lin-

1969 5599 2120 5656 guze,
2160 5549 2623 5650 despicabilesque
2664 5567 2938 5630 homines,
2983 5559 3176 5631 quibus
3212 5554 3382 5610 totius
3412 5549 3562 5606 orbis

1969 5642 2279 5736 emendatio
2297 5642 2584 5726 commissa
2611 5664 2802 5727 fuerat,
2839 5659 3152 5726 jussumque
3169 5649 3342 5705 fuerat
3369 5644 3435 5699 ad
3459 5642 3563 5698 dif-

1981 5771 2201 5830 ficiliora
2220 5768 2395 5840 ipsum
2426 5761 2700 5818 traducere
2721 5798 2736 5826 ,
2773 5769 2880 5812 non
2904 5748 3030 5809 illud
3052 5749 3104 5804 in
3131 5759 3266 5817 pace
3305 5738 3522 5798 fecerint
3543 5775 3564 5802 ,
