3920 6436
342 339 435 394 831

350 461 447 516 sed
492 459 791 516 innumeris
817 458 1051 529 tmdiqne
1080 457 1233 513 bellis
1256 457 1526 527 exagitati.
1562 455 1663 511 Per
1705 452 1944 523 singulas

349 554 548 623 quippe
583 562 768 623 gentes
809 561 864 606 et
900 553 1095 616 urbes,
1135 559 1190 606 et
1226 551 1351 621 quid
1394 550 1514 604 dico
1569 564 1660 619 per
1707 545 1946 617 singulas

353 654 540 712 gentes
572 651 626 697 et
655 643 851 697 urbes?
881 658 976 713 per
1001 641 1238 711 singulas
1263 641 1424 695 etiam
1444 639 1633 694 domos
1655 637 1790 694 bella
1816 653 1946 693 con-

354 746 432 790 tra
460 737 604 805 ipsos
632 735 1003 790 movebantur.
1053 735 1295 803 Ingressa
1330 747 1559 802 namque
1588 731 1853 795 doctrina,
1883 729 1946 783 li-

353 824 590 896 liumque
615 840 645 878 a
673 834 823 892 patrc
850 839 993 893 smpe
1023 823 1286 887 dividens,
1319 839 1506 877 nurum
1533 839 1564 878 a
1591 838 1747 876 socru
1766 863 1780 886 ,
1835 820 1944 875 fra-

355 928 492 972 trem
523 933 553 971 a
581 915 766 982 fratre,
797 933 1012 971 servum
1031 916 1312 983 adornino,
1338 916 1604 971 subditum
1629 931 1658 969 a
1682 915 1942 984 principe,

355 1009 526 1061 virum
553 1008 620 1062 ab
649 1023 835 1073 uxore,
866 1022 1084 1062 uxorem
1115 1023 1144 1061 a
1173 1008 1306 1071 viro,
1338 1017 1541 1076 patrem
1583 1023 1612 1060 a
1643 1007 1802 1069 ﬁliis;
1835 1021 1942 1060 non

352 1101 494 1156 enim
522 1100 679 1155 simul
706 1116 892 1155 omnes
910 1100 1232 1168 credebant;
1263 1100 1602 1170 quotidianus
1620 1099 1944 1166 inimicitias,

357 1195 491 1248 bella
521 1192 840 1264 frequentia,
885 1194 1029 1248 mille
1056 1203 1256 1249 mortes
1284 1194 1413 1263 ipsis
1460 1193 1782 1258 inducebat,
1829 1193 1946 1248 efﬁ-

354 1287 634 1355 ciebatque
690 1295 748 1340 ut
805 1300 926 1342 sese
969 1297 1154 1340 mutuo
1197 1285 1345 1354 quasi
1394 1301 1709 1340 communes
1765 1286 1945 1340 hostes

353 1385 746 1432 aversarentur.
773 1377 987 1432 Etenim
1015 1392 1108 1432 eos
1147 1376 1416 1446 pellebant
1447 1375 1684 1431 universi
1709 1417 1725 1442 ,
1757 1391 1941 1446 reges,

350 1471 641 1542 principes,
672 1470 871 1537 idioL‘B,
903 1469 1078 1536 liberi,
1108 1469 1270 1536 servi,
1311 1469 1510 1540 populi,
1539 1471 1781 1524 civitates
1807 1487 1820 1523 :
1853 1484 1947 1524 ne-

353 1578 458 1631 que
487 1562 606 1616 illos
637 1571 864 1630 tantum,
895 1562 990 1616 sed
1028 1563 1168 1632 quod
1193 1564 1410 1633 gravius
1452 1573 1567 1617 erat
1587 1605 1601 1628 ,
1647 1562 1946 1634 neophytos

355 1656 408 1710 in
461 1655 598 1722 ﬁde,
649 1670 783 1725 quos
831 1655 904 1709 illi
949 1655 1315 1710 instituebant.
1363 1656 1662 1710 Commune
1715 1670 1948 1726 namque

356 1748 552 1802 bellum
579 1757 634 1802 et
656 1748 968 1804 doctoribus
997 1756 1052 1802 et
1077 1747 1352 1818 discipulis
1372 1747 1722 1810 excitabatur,
1753 1748 1948 1818 quippe

353 1855 474 1894 cum
500 1840 742 1894 doctrina
775 1840 862 1894 illa
894 1850 946 1894 ct
975 1841 1136 1909 regiis
1161 1840 1525 1894 sanctionibus
1564 1849 1618 1894 et
1657 1848 1947 1894 consuetu-

355 1930 488 1996 dini,
532 1939 588 1986 et
607 1930 842 2000 paternis
877 1931 1118 1984 moribus
1145 1930 1419 1986 adversari
1442 1930 1733 1985 videretur.
1765 1929 1948 2000 Siqui-

353 2025 476 2079 dem
506 2024 857 2078 hortabantur
887 2033 944 2079 ut
962 2025 1030 2079 ab
1059 2023 1214 2080 idolis
1241 2024 1582 2090 absisterent,
1612 2039 1735 2078 aras
1767 2024 1949 2094 despi-

353 2127 559 2182 cerent,
583 2133 715 2187 quas
751 2127 807 2172 et
845 2127 1024 2187 patres
1051 2125 1107 2172 ct
1134 2118 1367 2188 majores
1412 2133 1600 2173 eorum
1650 2119 1946 2187 coluerant,

355 2210 424 2262 ab
455 2209 677 2278 impuris
705 2209 1045 2279 dogmatibus
1079 2211 1373 2273 resilirent,
1416 2211 1651 2267 riderent
1697 2211 1952 2267 solemni-

358 2309 516 2363 tates,
550 2300 875 2357 initiationes
897 2313 1234 2372 respuerent,
1266 2319 1386 2374 qua:
1430 2303 1560 2374 ipsis
1583 2305 1813 2360 maxime
1842 2311 1951 2360 tre-

356 2391 548 2446 menda
578 2401 631 2448 et
655 2392 1013 2449 formidabilia
1044 2394 1400 2450 videbantur:
1458 2411 1556 2466 pro
1593 2397 1786 2467 quibus
1834 2397 1952 2452 ani-

361 2499 501 2538 mam
529 2483 660 2540 dare
688 2485 1021 2552 maluissent,
1049 2502 1209 2556 quam
1235 2502 1423 2543 eorum
1457 2488 1598 2543 dicta
1641 2489 1947 2558 admittere,

359 2585 412 2630 et
444 2576 498 2630 in
523 2585 703 2632 natum
734 2594 797 2632 ex
821 2578 983 2633 Maria
1012 2580 1258 2647 credere,
1289 2582 1379 2650 qui
1412 2582 1476 2636 ad
1503 2582 1748 2653 prmsidis
1777 2583 1949 2638 tribu-

357 2667 441 2722 nal
464 2667 678 2733 ductus,
706 2669 875 2738 sputis
894 2668 1300 2737 dehonestatus,
1329 2672 1716 2744 innumeraque
1739 2690 1947 2744 passus,

357 2759 686 2814 exsecranda
710 2769 882 2815 morte
905 2761 1148 2827 aﬂ'ectus,
1175 2763 1522 2834 sepultusque
1548 2767 1948 2822 resurrexisset.

357 2851 619 2921 Quodque
661 2851 983 2922 stupendum
1030 2862 1144 2908 erat
1172 2895 1186 2919 ,
1231 2855 1502 2910 cruciatus
1544 2857 1796 2912 omnibus
1841 2859 1951 2913 noti

354 2955 531 3009 erant,
562 2944 766 3015 ﬂagella
796 2961 988 3018 nempe
1007 2989 1022 3013 ,
1051 2946 1285 3018 eolapbi,
1310 2950 1652 3005 contumelia:
1669 2951 1778 3005 oris
1796 2961 1953 3021 sputo

361 3037 720 3119 dehonestati,
756 3041 943 3110 plagm,
973 3055 1101 3096 crux
1124 3083 1139 3109 ,
1187 3042 1434 3097 cachinni
1463 3044 1648 3110 multi,
1688 3046 1950 3102 comoedia

358 3133 608 3188 on'mibns
632 3133 830 3199 oblata,
861 3135 1133 3204 sepultura
1157 3136 1309 3204 quasi
1340 3137 1524 3207 gratim
1547 3136 1763 3194 nomine
1793 3140 1956 3209 impe-

359 3235 534 3291 Irata;
582 3226 675 3281 sed
702 3243 823 3297 qua:
872 3227 939 3282 ad
983 3229 1434 3284 resurrectionem
1486 3231 1799 3300 spectabant
1843 3247 1949 3288 non

358 3316 523 3371 item:
557 3317 659 3371 illis
685 3318 828 3371 enim
873 3318 1006 3373 solis
1038 3328 1156 3388 post
1197 3322 1645 3377 resurrectionem
1684 3325 1949 3393 apparuit.

360 3408 612 3462 Attamen
642 3407 757 3462 haec
781 3409 1010 3463 dicendo
1032 3409 1445 3478 persuadebant,
1473 3420 1528 3467 et
1554 3413 1631 3467 sic
1658 3413 1951 3468 Ecclesium

359 3500 716 3554 :cdiﬁcabant.
755 3501 872 3569 Quo
901 3511 1056 3571 pacto
1085 3511 1137 3557 ct
1165 3518 1271 3573 qua
1315 3503 1567 3560 ratione?
1617 3503 1823 3560 Virtute
1863 3506 1950 3574 ju-

359 3594 576 3650 bentis:
610 3594 723 3664 ipsc
746 3610 976 3664 namque
1003 3596 1140 3650 viam
1173 3599 1427 3666 parabat,
1462 3597 1574 3667 ipse
1609 3598 1788 3652 omnia
1813 3598 1954 3653 difﬁ-

358 3682 673 3739 cilia-facilia
689 3684 968 3740 reddebat.
993 3685 1106 3740 Nisi
1139 3687 1280 3741 enim
1307 3687 1485 3741 divina
1518 3688 1764 3758 quaedam
1783 3689 1953 3745 virtus

362 3774 478 3829 lucc
495 3784 874 3844 perpetrasset,
904 3791 972 3830 ne
995 3777 1077 3832 vel
1105 3777 1419 3848 principium
1447 3778 1664 3848 quidem
1690 3789 1956 3836 autexor-

360 3865 508 3920 dium
542 3867 656 3920 htcc
687 3865 1020 3921 habuissent.
1039 3868 1157 3934 Quo
1186 3869 1400 3924 enimid
1433 3870 1592 3926 modo
1610 3871 1727 3926 ﬁeri
1751 3873 1955 3942 potuis-

361 3957 481 4011 set?
507 3955 705 4011 Vernm
729 3959 775 4010 is
803 3958 893 4027 qui
911 3957 1142 4025 dixerat,
1185 3958 1302 4014 Fiat
1325 3962 1527 4026 cazlum,
1565 3971 1769 4032 et0pus
1796 3963 1955 4019 exhi-

360 4048 502 4104 buit:
536 4061 610 4114 et,
628 4049 880 4105 fundctur
903 4059 1068 4120 terra,
1093 4051 1208 4121 ejus
1221 4052 1571 4107 substantiam
1587 4054 1856 4123 produxit;
1877 4064 1951 4121 et,

361 4142 539 4198 luceat
571 4142 673 4209 sol,
711 4153 765 4198 et
789 4153 993 4197 astrum
1033 4143 1307 4209 ostendit;
1349 4147 1551 4216 quique
1575 4145 1754 4201 omnia
1789 4147 1954 4202 verbo

359 4244 613 4306 cperatns
642 4245 747 4302 est,
780 4235 871 4292 ille
917 4237 1080 4292 etiam
1121 4236 1216 4291 has
1251 4237 1518 4293 Ecclesias
1559 4239 1838 4311 plantavit.
1887 4239 1954 4295 Et

362 4327 583 4382 verbum
607 4326 758 4395 illud,
784 4327 1085 4396 ﬁdi/icabo
1109 4328 1393 4384 Ecclesium
1422 4347 1608 4395 nteant,
1637 4331 1754 4388 ha'c
1774 4333 1954 4388 omnia

360 4427 638 4488 operatum
667 4428 770 4474 est.
821 4418 969 4474 Talia
1014 4421 1214 4490 quippe
1257 4431 1382 4476 sunt
1419 4423 1581 4477 verba
1625 4423 1755 4490 Dei,
1789 4440 1954 4494 opera

359 4509 638 4575 exhibent,
657 4525 819 4580 opera
837 4511 1100 4567 mirabilia
1117 4523 1277 4582 atque
1300 4515 1584 4584 stupenda.
1608 4514 1740 4569 Nam
1767 4533 1955 4586 quem-

361 4601 650 4657 admodum
683 4602 854 4656 dixit:
885 4602 1140 4658 Germinct
1161 4613 1296 4658 terra
1331 4604 1537 4659 herbam
1562 4607 1686 4677 fruiti
1709 4605 1870 4678 (Gen.
1896 4610 1948 4663 1.

361 4695 475 4764 11),
526 4703 580 4749 et
627 4694 805 4749 omnia
853 4711 980 4750 mox
1029 4695 1217 4751 hortus
1262 4697 1446 4765 fuere,
1489 4699 1666 4753 omnia
1706 4711 1949 4769 pratum,

361 4796 614 4857 terraque
669 4786 978 4842 mandatum
1047 4789 1322 4858 excipiens
1379 4789 1602 4845 inﬁnitis
1664 4793 1955 4848 ornabatur

361 4878 590 4950 plantis;
629 4879 707 4933 sic
747 4887 802 4932 et
835 4894 979 4934 nunc
1016 4879 1106 4935 ubi
1146 4880 1298 4947 dixit,
1339 4880 1635 4950 IEdi/icabo
1670 4881 1953 4938 Ecclesium

362 4988 529 5026 meam
553 5013 568 5039 ,
603 4970 654 5026 id
701 4970 850 5025 nullo
895 4973 1108 5043 negotio
1138 4971 1335 5027 factum
1365 4981 1484 5028 est:
1517 4983 1678 5044 atque
1711 4977 1952 5046 tyrannis

360 5064 619 5119 adversus
661 5079 782 5118 eam
829 5063 1025 5119 bellum
1070 5065 1450 5126 excitantibus.
1499 5067 1756 5123 militibus
1803 5084 1952 5125 arma

360 5156 720 5222 moventibus,
739 5158 950 5228 pepulis
963 5157 1130 5212 instar
1148 5155 1285 5228 ignis
1298 5156 1614 5225 furentibus,
1629 5158 1952 5216 adversante

360 5248 774 5316 consuetudine,
805 5249 1079 5318 etiamque
1109 5248 1434 5316 rhetoribus,
1459 5251 1738 5320 sophistis,
1783 5250 1953 5305 diviti-

364 5340 489 5407 bus,
535 5338 740 5401 idiotis,
786 5339 1156 5411 principibus,
1195 5341 1317 5412 igne
1363 5350 1544 5398 tamen
1578 5342 1951 5398 vehementius

361 5432 584 5488 verbum
607 5433 793 5501 spinrs
821 5433 1178 5502 consumpsit,
1202 5448 1362 5505 agros
1390 5434 1669 5504 purgavit,
1700 5435 1952 5505 praedica-

364 5525 524 5581 tionis
544 5524 843 5580 doctrinam
875 5525 1198 5580 seminavit:
1223 5541 1286 5580 ac
1315 5525 1440 5580 dum
1468 5543 1531 5581 ex
1562 5526 1626 5581 iis
1660 5529 1749 5598 qui
1783 5528 1952 5583 credi-

363 5617 554 5674 derant
583 5617 674 5673 alii
701 5617 754 5671 in
781 5631 1000 5672 carcere
1027 5617 1349 5684 habitarent,
1387 5619 1477 5672 alii
1509 5619 1562 5674 in
1587 5618 1835 5675 exsilium
1862 5621 1952 5676 ab-

363 5711 509 5767 ducti
536 5719 736 5774 essent,
760 5711 850 5766 alii
873 5710 1117 5782 pecuniis
1138 5711 1398 5777 mulctati,
1428 5710 1520 5766 alii
1565 5713 1759 5781 occisi,
1800 5721 1858 5769 et
1895 5715 1948 5769 in

365 5802 535 5858 frusta
552 5803 771 5874 concisi,
796 5805 886 5860 alii
902 5804 1023 5876 igne
1037 5804 1361 5876 consumpti,
1379 5805 1468 5861 alii
1487 5804 1720 5863 demersi
1741 5817 1944 5877 essent,

1087 341 1146 398 S.
1188 339 1463 398 JO.\-.\‘NlS
1499 333 1972 394 CIIRYSOSTOMI
2003 331 2323 390 ARCHIEP.
2363 335 2902 397 CONSTJNTINOP.

3543 341 3667 400 8.3-2

2057 448 2146 502 alii
2173 463 2334 505 omne
2355 465 2522 520 genus
2549 453 2792 526 supplicii
2820 455 3086 522 subirent,
3134 458 3424 531 ignominia
3450 463 3670 528 allecti,

2055 541 2223 610 pulsi,
2265 544 2420 613 quasi
2463 559 2777 603 communes
2818 547 3002 604 hostes
3044 550 3277 623 undique
3307 553 3504 624 eiecti;
3553 557 3663 611 alii

2057 649 2281 690 numero
2329 637 2509 706 plures
2554 652 2935 710 accesserunt,
2979 660 3080 700 nec
3119 646 3280 701 modo
3320 664 3384 704 ex
3415 650 3668 706 aliorum

2055 726 2380 782 cruciatibus
2408 729 2576 784 nihilo
2598 733 2874 801 segniores
2903 746 3196 792 evaserunt
3219 738 3286 792 ad
3336 739 3494 795 ﬁdem
3537 757 3664 796 am-

2061 819 2418 887 plectendam,
2450 823 2542 878 sed
2567 825 2737 878 multo
2765 826 3054 882 alacriores
3085 830 3318 894 fuerunt,
3348 843 3403 888 et
3431 833 3483 888 in
3528 835 3668 905 pul-

2053 910 2238 964 chram
2268 910 2407 966 hanc
2429 922 2704 984 capturam
2748 916 3086 984 insilierunt;
3133 921 3318 992 sicque
3354 938 3383 976 a
3423 926 3678 994 piscato-

2055 1001 2200 1056 ribus
2249 1003 2616 1072 capiebantur,
2646 1023 2755 1062 non
2782 1010 2954 1064 coacti
2981 1011 3075 1066 sed
3102 1024 3444 1070 accnrrentes
3463 1058 3480 1083 ,
3527 1032 3654 1086 gra-

2055 1093 2289 1166 tiamque
2311 1097 2564 1153 habentes
2590 1099 2675 1166 iis,
2698 1101 2788 1170 qui
2813 1114 2872 1157 se
2902 1101 2955 1156 in
2985 1103 3121 1159 hanc
3149 1121 3262 1160 rem
3280 1106 3610 1164 deducerent
3629 1159 3651 1183 ,

2053 1201 2117 1243 ac
2127 1203 2249 1242 cum
2271 1190 2588 1261 sanguiuum
2608 1202 2873 1250 torrentes
2895 1211 2961 1251 ex
2977 1196 3086 1266 jam
3106 1199 3449 1257 credentibus
3465 1218 3657 1258 erum-

2056 1289 2243 1348 pc..tcs
2287 1293 2604 1351 cernerent,
2656 1286 3008 1344 l'erventiores
3053 1290 3464 1365 ﬁdentioresque
3506 1296 3660 1356 circa

2055 1371 2214 1427 ﬁdem
2245 1383 2415 1429 erant.
2443 1376 2684 1447 Cumque
2704 1394 2808 1433 non
2833 1388 3036 1434 tantum
3065 1383 3335 1455 discipuli,
3367 1387 3460 1442 sed
3488 1389 3662 1446 etiam

2055 1467 2314 1536 magistri,
2344 1467 2433 1522 alii
2462 1469 2644 1534 vincti,
2671 1471 2759 1525 alii
2795 1473 2928 1541 pulsi
2951 1517 2966 1538 ,
3006 1476 3095 1530 alii
3135 1477 3400 1532 verberati
3430 1489 3616 1534 essent
3635 1523 3656 1546 ,

2053 1557 2143 1611 alii
2171 1557 2386 1612 demum
2410 1559 2688 1617 innumera
2721 1573 3032 1632 paterentur
3063 1568 3198 1622 mala
3224 1611 3238 1636 ,
3269 1569 3517 1641 discipuli
3566 1584 3662 1626 ta-

2054 1666 2178 1704 men
2205 1662 2258 1706 et
2287 1653 2467 1722 plures
2504 1664 2559 1709 et
2602 1655 2957 1712 ferventiores
2999 1659 3216 1715 ﬁebant.
3259 1662 3416 1718 Certe
3455 1664 3660 1720 Paulus

2055 1743 2280 1799 clamat:
2316 1744 2401 1799 Ita
2427 1757 2480 1800 ut
2503 1747 2676 1817 plures
2706 1753 2928 1820 fratrum
2949 1751 3002 1804 in
3029 1750 3248 1807 Domino
3273 1795 3288 1820 ,
3341 1756 3664 1824 confidentes

2055 1835 2268 1891 uinculis
2292 1838 2436 1905 meis,
2469 1839 2809 1896 abundantius
2829 1843 3074 1898 auderent
3103 1845 3212 1900 sine
3239 1848 3418 1902 timore
3445 1848 3663 1903 verbum

2056 1929 2192 1999 loqui
2223 1928 2479 2001 (Philipp.
2506 1933 2558 1986 1.
2592 1933 2728 2002 ll):
2778 1943 2834 1990 et
2883 1935 3008 1989 alibi
3063 1951 3315 1992 rursum:
3356 1937 3457 1994 Vos
3513 1941 3660 1996 enim

2056 2021 2334 2076 imitatores
2353 2024 2474 2094 facti
2495 2024 2616 2077 estis
2647 2022 2995 2080 Ecclesiarum
3023 2025 3140 2094 Dei,
3168 2044 3282 2097 qua:
3320 2039 3436 2083 sunt
3465 2031 3519 2084 in
3545 2030 3660 2084 Ju-

2058 2114 2192 2179 dwa,
2219 2114 2341 2185 quia
2388 2115 2565 2170 eadem
2603 2119 2742 2188 passi
2772 2119 2892 2172 estis
2920 2129 2968 2173 et
2993 2137 3080 2174 vos
3113 2137 3144 2173 a
3172 2122 3541 2178 contribulibus
3567 2140 3660 2178 ve-

2057 2206 2192 2270 stris,
2217 2207 2642 2278 quemadmodum
2666 2220 2711 2264 et
2731 2211 2829 2280 ipsi
2845 2229 2876 2265 a
2890 2211 3108 2280 ludatis,
3135 2215 3219 2285 qui
3238 2213 3514 2270 Dominum
3535 2234 3661 2272 cru-

2057 2299 2347 2366 ciﬁxerunt,
2377 2309 2425 2354 et
2449 2317 2540 2354 nos
2565 2302 2848 2372 impediunt
2876 2304 3014 2369 loqui
3038 2305 3266 2374 gentibus
3294 2348 3308 2372 ,
3357 2315 3410 2360 ut
3439 2307 3649 2363 salven-

2059 2399 2143 2442 lur
2173 2390 2247 2460 (1.
2274 2388 2452 2444 Thess.
2476 2390 2530 2444 2.
2565 2393 2651 2447 14.
2702 2392 2815 2463 15).
2852 2391 2987 2447 Aliis
3015 2409 3232 2450 rursum
3275 2396 3517 2453 scribens
3573 2400 3659 2456 sic

2059 2479 2333 2550 loquitur:
2366 2480 2793 2538 Rememorantini
2819 2485 3056 2554 pristinos
3089 2486 3194 2541 dies
3213 2528 3226 2552 ,
3259 2488 3312 2540 in
3328 2489 3504 2557 quibus
3529 2490 3660 2544 illn-

2060 2573 2238 2626 minati
2258 2572 2473 2627 multum
2498 2584 2750 2628 certamen
2771 2577 3083 2631 sustinuistis
3109 2579 3422 2647 passionum,
3440 2581 3658 2637 scientes

2047 2649 2194 2718 ὶοὺξε
2212 2665 2468 2718 meliorem
2488 2665 2821 2719 substantiam
2837 2667 2889 2720 in
2911 2667 3067 2733 cwlis,
3081 2677 3129 2722 et
3151 2680 3433 2724 manentem
3463 2668 3655 2743 (Hebr.

2061 2754 2146 2810 10.
2175 2754 2265 2812 52.
2287 2756 2401 2827 54).
2436 2756 2623 2812 Viden’
2657 2760 3018 2828 praestantiam
3048 2761 3256 2814 virtutis
3297 2761 3412 2832 ejus
3456 2761 3546 2831 qui
3574 2770 3658 2816 ta-

2060 2848 2128 2902 lia
2159 2857 2412 2918 operatus
2436 2850 2555 2906 est?
2586 2852 2717 2906 Nam
2745 2854 2832 2922 qui
2861 2862 3004 2908 tanta
3041 2854 3398 2923 patiebantur,
3429 2871 3533 2910 non
3561 2870 3660 2911 so-

2061 2940 2170 2995 lum
2203 2957 2309 2996 non
2333 2957 2478 3014 aegre
2502 2943 2744 2999 ferebant
2768 2947 2853 3000 vel
2879 2944 3219 3012 deﬁciebant,
3249 2947 3342 3001 sed
3368 2956 3422 3002 et
3447 2947 3657 3018 gaude-

2059 3031 2208 3100 bant,
2239 3034 2556 3104 gestiebant,
2585 3036 2942 3091 exsultabant.
2962 3037 3031 3091 Et
3051 3037 3117 3093 de
3140 3038 3419 3108 discipulis
3436 3039 3656 3110 quidem

2059 3125 2188 3180 dicit
2225 3126 2334 3194 ille,
2366 3127 2508 3197 quod
2534 3130 2842 3184 facultatum
2876 3131 3293 3202 publicationem
3340 3147 3464 3188 cum
3494 3134 3659 3188 volu-

2062 3226 2208 3288 ptate
2240 3219 2676 3289 acceperintzde
2706 3222 2973 3292 magistris
3017 3240 3146 3278 vero
3195 3225 3366 3279 Lucas
3417 3226 3469 3280 in
3517 3226 3661 3283 libro

2059 3313 2289 3364 Actuum
2319 3310 2680 3380 apostolorum
2700 3313 2773 3366 ait
2799 3314 2916 3383 (Act
2952 3315 3005 3370 5.
3026 3313 3139 3387 41),
3159 3331 3254 3371 eos
3271 3332 3516 3372 reversos
3532 3331 3660 3373 esse

2058 3402 2353 3472 gaudentes
2377 3418 2408 3458 a
2435 3414 2726 3475 conspectu
2755 3407 2967 3461 concilii
2989 3404 3014 3474 ,’
3035 3409 3288 3477 quoniam
3311 3409 3452 3479 digni
3485 3409 3657 3464 habiti

2062 3495 2269 3550 fuerant
2300 3512 2395 3566 pro
2420 3498 2636 3553 nomine
2659 3497 2858 3553 Christi
2888 3501 3267 3555 contumeliam
3303 3503 3430 3571 pati.
3460 3502 3534 3556 De
3561 3517 3658 3557 se-

2063 3587 2177 3656 ipso
2203 3604 2416 3643 rursum
2440 3589 2635 3644 Paulus
2660 3608 2674 3644 :
2706 3589 2937 3658 Gaudeo,
2966 3593 3058 3656 ait,
3089 3592 3141 3645 in
3169 3592 3488 3663 passionibus
3504 3595 3658 3660 meis,

2061 3688 2106 3732 et
2127 3679 2384 3750 adimpleo
2413 3697 2528 3749 qua:
2551 3681 2732 3736 desunt
2757 3683 3166 3737 tribulationibus
3193 3683 3382 3738 Christi
3420 3685 3473 3738 in
3499 3701 3660 3739 carne

2061 3787 2171 3824 mea
2199 3770 2392 3841 (Calas.
2423 3771 2475 3826 1.
2510 3769 2575 3826 24
2611 3772 2649 3841 ).
2683 3772 2884 3843 Ecquid
2914 3773 3148 3841 miraris,
3178 3775 3319 3846 quod
3357 3775 3408 3830 in
3447 3777 3660 3845 passio-

2061 3862 2219 3917 nibus
2244 3863 2524 3934 gauderet.
2556 3866 2773 3935 quando
2798 3875 3028 3922 mortem
3057 3867 3334 3923 subiturus
3362 3883 3468 3922 non
3492 3869 3658 3923 modo

2059 3956 2357 4024 gaudebat,
2406 3956 2501 4012 sed
2527 3957 2688 4012 etiam
2715 3957 3007 4028 discipulos
3033 3960 3083 4013 in
3113 3960 3292 4031 gaudii
3324 3962 3657 4016 consortium

2061 4050 2304 4116 vocabat,
2355 4051 2495 4120 quod
2541 4061 2659 4107 crat
2705 4053 2868 4107 animi
2921 4067 3081 4124 supra
3129 4053 3348 4109 modum
3382 4055 3652 4110 laetantis:

2063 4140 2291 4208 Gaudeo,
2327 4142 2516 4213 inquit,
2551 4153 2598 4197 et
2641 4145 2968 4215 congratulor
2997 4147 3230 4200 omnibus
3267 4147 3404 4200 vobis
3430 4163 3448 4202 :
3479 4146 3658 4200 itidem
3703 4197 3706 4200 .

2061 4246 2106 4289 et
2125 4253 2209 4290 ros
2225 4237 2460 4308 gaudete,
2478 4246 2527 4292 et
2542 4238 2966 4309 congratulamini
3003 4240 3129 4293 mihi
3147 4239 3316 4311 (Phil.
3338 4241 3393 4294 2.
3421 4242 3506 4295 17.
3537 4243 3655 4307 18).

2064 4327 2129 4382 Et
2159 4326 2286 4398 quid
2317 4327 2512 4382 factum
2540 4337 2643 4396 est,
2676 4329 2761 4383 die
2791 4330 2944 4395 mihi,
2971 4330 3114 4399 quod
3146 4342 3297 4386 tanto
3323 4332 3518 4402 gaudio
3558 4349 3653 4387 re-

2065 4419 2240 4490 pletus
2269 4435 2328 4475 es
2356 4420 2379 4474 ?
2407 4418 2536 4490 Ego,
2566 4420 2757 4490 inquit,
2777 4424 2891 4492 jam
2917 4422 3131 4489 delibor,
3156 4433 3206 4478 et
3235 4434 3432 4494 tempus
3452 4423 3656 4479 resolu-

2061 4512 2212 4566 tionis
2242 4527 2366 4566 mew
2392 4513 2546 4566 instat
2582 4512 2659 4583 (2.
2696 4512 2827 4566 Tim.
2855 4514 2909 4568 4.
2939 4514 3020 4585 6).

2133 4603 2220 4658 M.
2254 4601 2344 4658 Sic
2365 4603 2526 4674 igitur
2550 4619 2646 4674 per
2668 4605 2971 4659 universum
2995 4605 3180 4661 orbem
3205 4606 3497 4662 Ecclesiam
3524 4607 3661 4662 :cdi-

2061 4694 2310 4750 ﬁcabant.
2339 4695 2497 4767 Atqui
2529 4710 2596 4751 ne
2631 4696 2886 4765 parietem
2916 4697 3131 4766 quidem
3173 4713 3336 4752 unum
3372 4700 3657 4769 quisquam

2060 4788 2232 4857 possit
2258 4797 2538 4843 exstruere
2566 4787 2828 4857 lapidibus
2847 4797 2902 4842 ct
2925 4789 3069 4843 calce
3092 4797 3267 4855 utens,
3292 4791 3337 4844 si
3359 4791 3660 4860 expellatur

2060 4892 2113 4936 et
2139 4881 2460 4950 impediatur
2487 4897 2501 4934 :
2532 4879 2585 4933 hi
2613 4894 2742 4935 vero
2769 4888 2846 4934 tot
2870 4880 3140 4935 Ecclesias
3171 4880 3364 4951 ubique
3391 4889 3655 4936 terrarum

2060 4974 2413 5037 mdiﬁcarunt,
2446 4973 2702 5042 percussi,
2736 4972 2920 5038 vincti,
2951 4973 3124 5042 pulsi,
3154 4972 3352 5043 fugati,
3385 4972 3656 5028 facultati-

2060 5067 2162 5121 bus
2188 5065 2444 5131 mulctati,
2473 5064 2721 5132 ﬁagcllati
2744 5107 2758 5130 ,
2785 5065 3010 5136 jugulati
3035 5104 3050 5132 ,
3083 5065 3350 5120 combusti
3375 5109 3390 5131 ,
3421 5067 3654 5122 demersi

2059 5169 2163 5208 una
2187 5167 2306 5208 cum
2328 5151 2622 5221 discipulis.
2648 5150 2715 5206 Et
2739 5151 3096 5215 aediﬁcabant,
3121 5167 3226 5206 non
3253 5152 3536 5221 lapidibus,
3559 5153 3654 5206 sed

2059 5243 2336 5300 animabus
2356 5252 2412 5299 et
2437 5244 2711 5309 institutis,
2736 5245 2875 5314 quod
2899 5244 3056 5316 plane
3079 5239 3350 5300 difﬁcilius
3369 5253 3474 5311 est,
3493 5260 3652 5315 quam

2059 5337 2322 5407 lapidibus
2346 5347 2680 5392 construere.
2711 5336 2825 5391 Non
2853 5337 2996 5391 enim
3026 5352 3122 5406 par
3158 5347 3239 5391 est
3269 5333 3480 5396 murum
3517 5353 3649 5392 con-

2060 5441 2300 5492 struere,
2330 5438 2383 5484 et
2411 5429 2642 5482 animam
2678 5437 2826 5482 tanto
2855 5437 3094 5496 tempore
3120 5442 3150 5481 a
3175 5427 3510 5483 daemonibus
3536 5428 3650 5498 agi-

2061 5530 2224 5575 tatam
2248 5521 2315 5574 ad
2341 5519 2760 5590 resipiscendum
2791 5517 3136 5588 persuadere,
3160 5527 3218 5571 ut
3239 5517 3308 5572 ab
3333 5518 3537 5573 insania
3566 5519 3649 5572 illa

2011 5643 2016 5648 -
2059 5615 2311 5680 desistat,
2340 5622 2395 5670 et
2418 5612 2486 5668 ad
2513 5621 2712 5667 tantam
2738 5612 3012 5682 perveniat
3038 5611 3464 5682 temperantiam.
3497 5613 3649 5666 Atta-

2059 5725 2182 5765 men
2211 5709 2312 5764 hoc
2333 5715 2619 5778 potuerunt
2639 5706 2763 5762 nudi
2785 5714 2842 5761 et
2860 5705 3051 5760 calceis
3069 5714 3333 5769 carentes,
3354 5719 3456 5758 una
3482 5703 3646 5759 induti

2060 5804 2237 5859 tunica
2266 5819 2358 5874 per
2383 5801 2691 5858 universum
2716 5799 2898 5858 orbem
2921 5798 3319 5854 circumcumcs
3343 5814 3355 5850 :
3382 5797 3649 5857 habebant
