3920 6358
244 339 340 392 851

247 464 426 520 ταῦτα
448 464 738 538 ἔπραττον,
795 466 1179 540 ἀλλὰμυρίων
1210 469 1551 540 πανταχόθεν
1587 469 1841 540 πολέμων

247 551 434 612 αὐτοῖς
479 549 870 621 ἐγειρομένων.
928 551 1085 603 Κατὰ
1130 551 1240 622 γὰρ
1273 552 1424 616 ἔθνος
1471 551 1846 615 ἓκαστον,καλ

245 632 392 686 κατά
439 632 632 685 πόλιν·
667 633 721 686 τί
765 633 908 702 λέγω
952 633 1097 687 κατὰ
1144 633 1296 698 ἔθνος
1329 637 1423 687 καὶ
1475 635 1620 688 κατὰ
1650 635 1841 700 πόλιν;

244 717 393 770 κατὰ
445 717 626 771 οἰκίαν
657 718 897 788 ἑκάστην
945 717 1182 789 πόλεμος
1219 719 1403 779 αὑτοῖς
1433 719 1843 791 ἀνερριπίζετο.

250 800 512 855 Είσιοῦσα
542 803 652 872 γὰρ
690 801 1089 874 ήδιδασκαλία,
1128 803 1226 856 καὶ
1270 801 1646 874 ἀποσχίζουσα
1679 804 1848 857 παῖδα

250 884 520 948 πολλάκις
549 885 775 956 πατρὸς,
819 885 914 938 καὶ
963 883 1185 956 νύμφην
1237 886 1529 957 πενθερᾶς,
1566 887 1660 940 καὶ
1693 886 1849 939 ἀδελ-

253 969 354 1038 φὺν
389 968 646 1038 ἀδελφοῦ,
677 969 770 1022 καὶ
821 968 1010 1021 δοῦλον
1061 969 1349 1032 δεσπότου,
1405 970 1500 1023 καὶ
1543 969 1849 1040 ἀρχόμενον

252 1053 540 1123 ἄρχοντος,
575 1051 667 1105 καὶ
715 1051 889 1122 ἄνδρα
927 1051 1209 1119 γυναικὸς,
1246 1053 1342 1106 καὶ
1369 1055 1606 1120 γυναῖκα
1634 1049 1848 1123 ἀνδρὸς,

253 1135 350 1188 καὶ
384 1136 600 1206 πατέρα
627 1135 854 1198 παίδων,
872 1135 934 1188 οὑ
961 1135 1071 1206 γὰρ
1094 1134 1291 1208 ἁθρόον
1315 1135 1517 1199 πάντες
1547 1135 1849 1198 ἐπείθοντο,

253 1219 636 1292 καθημερινὰς
675 1220 994 1290 ἀπεχθείας,
1022 1223 1268 1291 συνεχεῖς
1301 1219 1592 1291 πολέμους,
1625 1219 1854 1292 μυρίους

253 1303 442 1366 αὐτοῖς
470 1305 646 1374 ἐπῆγε
697 1304 986 1370 θανάτους,
1017 1305 1112 1358 καὶ
1145 1305 1222 1368 ὼς
1255 1306 1470 1368 κοινοὺς
1500 1304 1732 1376 ἐχθροὺς
1759 1304 1854 1358 καὶ

255 1388 558 1458 πολεμίους
612 1389 1059 1460 ἀποστρέφεσθαι
1110 1389 1517 1461 παρεσκεύασε.
1570 1389 1682 1443 Καὶ
1742 1389 1854 1462 γάρ

256 1471 462 1535 πάντες
491 1472 690 1533 αὐτοὺς
720 1472 974 1544 ῆλαυνον,
1003 1472 1266 1542 βασιλεῖς,
1303 1473 1584 1544 ἄρχοντες,
1621 1471 1851 1540 ἰδιῶται,

257 1557 564 1628 ἐλεύθεροι,
622 1556 820 1622 δοῦλοι,
870 1559 1053 1628 δῆμοι,
1103 1557 1320 1621 πόλεις·
1355 1559 1450 1611 καὶ
1503 1558 1604 1611 οὑκ
1658 1556 1857 1620 αὐτοὺς

260 1641 446 1712 μόνον,
484 1640 619 1693 ἀλλὰ
653 1640 714 1694 τὸ
741 1639 806 1711 δὴ
839 1639 1245 1712 χαλεπώτερον,
1290 1643 1419 1704 τους
1454 1641 1534 1694 ἔτι
1565 1643 1858 1709 νεοπαγεῖς

258 1725 317 1776 ἐν
340 1727 409 1796 τῇ
449 1724 652 1787 πίστει,
692 1728 819 1788 τοὺς
850 1725 943 1778 ὑπ’
965 1725 1146 1780 αὑτῶν
1176 1726 1638 1796 κατηχουμένους.
1665 1724 1858 1788 Κοινὺς

257 1806 369 1879 γὰρ
411 1807 648 1879 πόλεμος
678 1810 772 1862 καὶ
798 1811 912 1872 τοῖς
945 1808 1218 1880 μαθηταῖς
1245 1811 1339 1862 καὶ
1374 1813 1489 1873 τοῖς
1515 1809 1854 1872 διδασκάλοις

259 1891 503 1960 ἐγένετο,
535 1892 631 1945 ἀτε
672 1892 773 1962 τῆς
809 1892 1158 1956 διδασκαλίας
1191 1893 1525 1957 άπεναντίας
1554 1893 1650 1948 καὶ
1673 1893 1859 1947 διατά-

261 1991 440 2045 γμασι
495 1973 798 2044 βασιλικοῖς
843 1976 939 2028 καὶ
979 1976 1242 2048 συνηθείᾳ
1275 1979 1369 2030 καὶ
1404 1977 1552 2030 ἔθεσι
1583 1974 1861 2049 πατρῴοις

264 2059 623 2130 φαινομένης.
664 2061 952 2132 Παρῄνουν
979 2060 1089 2134 γὰρ
1124 2061 1359 2116 εἰδώλων
1409 2062 1734 2132 ἀπέχεσθαι,
1769 2079 1864 2114 κα-

263 2146 558 2214 ταφρονεῖν
594 2143 814 2215 βωμῶν,
848 2144 941 2208 οὓς
971 2147 1018 2198 οἰ
1055 2145 1292 2218 πατέρες
1313 2147 1495 2200 αὑτῶν
1519 2146 1614 2200 καὶ
1643 2147 1692 2200 οἰ
1723 2144 1862 2216 πρό-

265 2243 418 2296 γονοι
459 2227 659 2292 πάντες
706 2228 1108 2300 ἐθεράπευσαν,
1151 2231 1488 2300 ἀφίστασθαι
1526 2231 1638 2284 τῶν
1692 2247 1866 2302 μυσα-

273 2313 382 2383 ρῶν
410 2311 717 2383 δογμάτων,
750 2313 1062 2386 καταγελᾷν
1091 2315 1314 2386 ἑορτῶν,
1336 2314 1620 2369 διαπτύειν
1648 2314 1747 2378 τὰς
1776 2331 1867 2367 τε-

267 2393 462 2458 λετάς·
496 2397 531 2448 a
562 2397 980 2468 φρικωδέστατα
1012 2398 1189 2452 ἐδόκει
1219 2396 1360 2452 εἰναι
1387 2399 1619 2463 ἐκείνοις
1647 2399 1742 2452 καὶ
1773 2413 1868 2466 φοι

273 2478 586 2550 σερώτατα,
615 2481 709 2534 καὶ
745 2481 886 2551 ὑπὲρ
907 2474 982 2535 ὧν
1002 2481 1069 2535 ἂν
1095 2483 1191 2535 καὶ
1216 2483 1315 2553 τὴν
1330 2482 1509 2554 ψυχὴν
1529 2481 1864 2553 προήκαντο,

271 2561 306 2632 ἢ
326 2563 601 2634 αἱρεῖσθαι
630 2564 698 2617 τὰ
728 2566 856 2635 παρ’
882 2563 1064 2618 αὐτῶν
1097 2564 1388 2636 λεγόμενα,
1443 2565 1540 2618 καὶ
1590 2563 1869 2619 πιστεύειν

274 2650 356 2710 εἰς
381 2648 474 2701 τὸν
502 2647 610 2701 ἀπὸ
634 2648 854 2720 Μαρίας
880 2648 1166 2719 τεχθέντα,
1197 2650 1290 2703 τὸν
1342 2652 1401 2703 ἐν
1433 2649 1754 2722 ἡγεμονικῷ
1789 2647 1871 2700 δι-

275 2733 566 2806 καστηρίῳ
592 2734 970 2803 παραστάντα,
1003 2735 1096 2788 τὸν
1126 2735 1526 2806 ἐμπτυσθέντα,
1553 2736 1645 2788 τὸν
1701 2734 1872 2806 μυρία

278 2819 525 2872 παθόντα
556 2819 725 2885 δεινά,
753 2819 844 2872 τδν
877 2819 1108 2872 θάνατον
1157 2819 1432 2891 ἐπάρατον
1479 2818 1870 2890 ὑπομείναντα,

278 2904 372 2956 τδν
406 2902 668 2972 ταφέντα,
703 2901 794 2955 τὸν
827 2902 1160 2961 ἀναστάντα,
1206 2905 1316 2958 Καὶ
1345 2903 1408 2958 τὸ
1439 2903 1765 2975 παράδοξον,
1794 2903 1874 2955 ὅτι

280 2987 350 3040 τά
386 2985 486 3055 μὲν
524 2985 634 3040 τῶν
673 2986 864 3038 παθῶν
911 2986 1045 3057 δῆλα
1077 2989 1242 3041 πᾶσιν
1271 2983 1360 3058 ἦν,
1402 2990 1458 3041 αἰ
1501 2987 1788 3060 μάστιγες,
1820 2988 1876 3040 αἱ

284 3070 379 3124 ἐπὶ
410 3071 615 3144 κόρρης
658 3071 885 3142 πληγαὶ,
925 3073 980 3125 αἰ
1013 3074 1092 3135 εἰς
1115 3072 1406 3144 πρόσωπον
1440 3072 1626 3144 ὕϐρεις
1656 3072 1742 3126 διὰ
1770 3071 1879 3125 τῶν

285 3155 702 3226 ἐμπτυσμάτων
746 3156 1054 3226 γινόμεναι,
1089 3155 1159 3209 τὰ
1190 3155 1530 3228 ῥαπίσματα,
1567 3159 1594 3210 6
1623 3155 1875 3227 σταυρὸς,

285 3243 319 3311 ἡ
351 3240 520 3312 πολλὴ
561 3239 847 3311 χλευασία,
884 3242 917 3311 ή
948 3239 1101 3312 παρὰ
1150 3239 1369 3293 πάντων
1415 3240 1696 3310 κωμῳδία,
1733 3243 1760 3293 6
1793 3240 1880 3293 τά·

289 3341 390 3394 φος
409 3325 438 3376 6
468 3325 525 3376 ἐν
557 3322 712 3395 μέρει
741 3323 964 3396 χάριτος
988 3324 1310 3395 γενόμενος·
1335 3323 1401 3375 τά
1429 3323 1486 3376 δὲ
1513 3323 1614 3392 τῆς
1641 3323 1882 3377 άναστά·

291 3423 433 3469 σεως
475 3406 698 3458 οὑκέτι·
757 3409 944 3470 αὑτοῖς
986 3407 1096 3479 γὰρ
1156 3407 1340 3477 μόνοις
1394 3407 1634 3469 ἀναστὰς
1671 3409 1882 3476 ἐφάνη·

292 3488 410 3544 ἀλλ’
444 3491 592 3560 ὅμως
615 3489 708 3542 κα¹ι
737 3489 912 3544 ταῦτα
940 3490 1193 3559 λέγοντες
1222 3489 1460 3556 ἔπειθον,
1493 3490 1585 3543 καὶ
1619 3489 1763 3543 οὑτω
1789 3490 1887 3560 τὴν

307 3573 636 3648 Ἐκκλησίαν
666 3574 998 3647 ᾠκοδόμουν.
1032 3574 1158 3639 Πῶς
1179 3575 1275 3629 καὶ
1304 3575 1412 3629 τίνι
1437 3576 1657 3646 τρόπῳ;
1695 3574 1775 3645 Τῇ
1806 3574 1892 3627 δυ-

295 3659 460 3730 νάμει
482 3657 576 3712 τοῦ
599 3659 771 3713 ταῦτα
800 3659 1180 3722 κελεύσαντος·
1207 3659 1367 3723 αὐτὸς
1393 3659 1502 3730 γάρ
1525 3658 1892 3732 προοδοποιῶν

295 3737 390 3813 ῆν,
425 3744 588 3807 αὑτὸς
638 3744 816 3798 πάντα
869 3745 966 3797 καὶ
1010 3742 1077 3796 τὰ
1113 3742 1353 3796 δύσκολα
1401 3744 1560 3814 ῥᾴδια
1608 3743 1799 3797 ποιῶν.
1829 3744 1892 3796 El

299 3828 409 3899 γάρ
449 3827 524 3900 μὴ
557 3827 678 3880 θεία
721 3844 807 3892 τις
857 3826 1089 3898 δύναμις
1133 3823 1201 3899 ἦν
1231 3829 1264 3900 ή
1292 3828 1468 3882 ταῦτα
1519 3827 1890 3900 κατορθοῦσα,

299 3911 413 3964 οὐδ’
450 3910 515 3964 ἂν
549 3911 857 3983 προοίμιον,
893 3912 1001 3965 οὐδ’
1039 3912 1107 3965 ἂν
1141 3913 1317 3984 ἀρχὴν
1347 3911 1522 3966 ταῦτα
1549 3912 1742 3967 ἔλαϐε·
1778 3911 1897 3972 πῶς

301 3996 446 4067 γάρ;
496 3995 636 4048 Ἀλλ’
672 3999 878 4059 ἐκεῖνος
910 3998 939 4049 6
966 3995 1160 4060 εἰπὼν,
1193 3996 1483 4068 Γενηθήτω
1519 3997 1768 4070 οὐρανὸς,
1804 3998 1900 4051 καὶ

302 4081 485 4146 δείξας
517 4081 577 4133 τὸ
607 4081 767 4152 ἔργον
787 4098 801 4112 ·
835 4081 951 4146 καὶ,
985 4081 1386 4154 Θεμελιωθήτω
1413 4083 1446 4153 ή
1471 4081 1564 4152 γῆ,
1599 4082 1693 4134 καὶ
1720 4099 1900 4155 παρα-

304 4167 494 4234 γαγὼν
516 4167 614 4238 τήν
633 4166 840 4221 οὐσίαν·
865 4167 979 4232 καὶ,
1008 4165 1287 4234 Λαμπέτω
1315 4167 1484 4236 ἥλιος,
1509 4165 1603 4219 καὶ
1633 4165 1812 4230 δείξας
1842 4165 1901 4218 τὸ

305 4251 530 4322 ἄστρον,
568 4252 664 4304 καὶ
715 4250 896 4304 πάντα
957 4251 1332 4322 ἐργασάμενος
1361 4249 1513 4323 [577]
1553 4250 1718 4322 λόγῳ,
1747 4245 1902 4313 οὗτος

305 4335 407 4388 καὶ
430 4333 527 4399 τὰς
575 4333 900 4406 Ἐκκλησίας
930 4334 1136 4397 ταύτας
1179 4333 1474 4402 ἐφύτευσε·
1519 4333 1614 4389 καὶ
1658 4334 1720 4386 τὸ
1750 4334 1903 4406 ῥῆμα

308 4420 512 4485 ἐκεῖνο,
539 4419 622 4486 τὸ,
649 4417 1038 4488 Οἰκοδομήσω
1065 4435 1187 4488 μου
1213 4418 1330 4486 τὴν
1371 4417 1762 4487 Ἐκκλησίαν,
1788 4416 1905 4470 τοῦ·

307 4522 375 4557 το
396 4504 573 4558 πάντα
596 4505 912 4576 εἰργάσατο.
939 4503 1186 4557 Τοιοῦτοι
1219 4503 1329 4574 γάρ
1353 4503 1404 4554 οἰ
1441 4502 1535 4556 τοῦ
1565 4501 1701 4555 Θεοῦ
1731 4502 1902 4571 λόγοι,

312 4589 493 4661 ἐργων
525 4587 872 4659 δημιουργοὶ,
921 4586 1101 4658 ἔργων
1147 4585 1481 4657 θαυμαστῶν
1533 4586 1628 4639 καὶ
1664 4585 1907 4657 παραδό-

312 4673 442 4739 ξων.
469 4672 677 4743 Ὥσπερ
705 4673 814 4744 γὰρ
848 4667 990 4735 εἰπε,
1019 4670 1433 4739 Βλαστησάτω
1456 4670 1494 4737 ἡ
1532 4668 1608 4741 γῆ
1636 4669 1908 4736 βοτάνην

314 4756 557 4827 χόρτου,
577 4758 672 4810 καὶ
691 4756 869 4810 πάντα
900 4756 1095 4827 ἀθρόον
1127 4755 1454 4828 παράδεισος
1478 4751 1568 4828 ἦν,
1606 4756 1702 4808 καὶ
1730 4755 1908 4809 πάντα

313 4839 604 4911 λειμῶνες,
654 4842 750 4894 καὶ⁴
790 4841 1006 4912 μυρίοις
1038 4840 1215 4910 ἐκόμα
1248 4842 1435 4908 φυτοῖς
1467 4841 1499 4911 ἡ
1527 4839 1799 4912 δεξαμένη
1848 4839 1910 4892 τὸ

317 4927 602 4996 ἐπίταγμα
629 4927 732 4996 γῆ·
785 4926 930 4978 οὑτω
980 4924 1075 4978 καὶ
1119 4924 1216 4978 νῦν
1263 4920 1457 4977 εἶπεν·
1520 4923 1910 4994 Οίκοδομήσω

314 5025 437 5080 μου
479 5009 594 5076 τὴν
659 5009 1047 5076 Ἐκκλησίαν,
1083 5009 1179 5061 καὶ
1239 5007 1376 5079 μετά
1423 5007 1626 5079 πολλῆς
1655 5007 1910 5070 εὐκολίας

315 5091 482 5146 τοῦτο
510 5091 751 5161 ἐγίνετο·
787 5093 881 5146 καὶ
933 5091 1214 5162 τυράννων
1251 5091 1371 5144 κατ’
1417 5093 1589 5163 αὐτῆς
1626 5090 1912 5162 ὁπλιζομέ-

319 5195 452 5243 νων,
506 5177 602 5231 καῖ
659 5175 1010 5248 στρατιωτῶν
1066 5175 1206 5229 ὅπλα
1237 5175 1552 5240 κινούντων,
1594 5177 1689 5230 καὶ¹
1723 5177 1912 5248 δήμων

321 5263 498 5335 πυρὸς
527 5260 886 5332 σφοδρότερον
915 5260 1278 5332 μαινομένων,
1314 5258 1411 5312 καὶ
1446 5259 1737 5332 συνηθείας
1766 5261 1916 5312 ἀντι-

323 5346 838 5419 παραταττομένης,
893 5345 990 5399 καὶ
1025 5345 1291 5417 ρητόρων,
1337 5343 1431 5396 καὶ
1479 5343 1773 5413 σοφιστῶν,
1820 5345 1914 5397 καὶ

324 5429 726 5510 πλουτούνιτων,
750 5428 846 5482 καὶ
884 5428 1135 5494 ἰδιωτῶν,
1185 5428 1281 5481 καὶ
1310 5427 1588 5498 ἀρχόντων
1617 5428 1916 5498 ἀνισταμέ-

325 5531 455 5579 νων,
705 5511 1062 5584 σφοδρότερον
1112 5509 1282 5564 ἐπιὼν
1302 5511 1330 5562 6
1355 5509 1512 5579 λόγος
1541 5511 1641 5573 τὰς
1675 5510 1917 5573 ἀκάνθας

332 5596 602 5668 ἀνήλωσε,
662 5595 764 5658 τὰς
806 5594 1048 5666 ἀρούρας
1119 5593 1487 5664 ἐξεκάθηρεν,
1542 5593 1765 5666 ἔσπειρε
1820 5592 1916 5647 τοῦ

332 5680 693 5752 κηρύγματος
761 5679 856 5733 τὸν
927 5679 1112 5748 λόγον·
1172 5678 1270 5732 καὶ
1336 5677 1446 5731 τῶν
1507 5678 1919 5734 πιστευσάντων

333 5766 443 5818 τῶν
495 5767 592 5836 μὲν
635 5763 1011 5835 δεσμωτήριον
1055 5763 1368 5826 οἰκούντων,
1428 5761 1539 5815 τῶν
1595 5761 1651 5814 δέ
1709 5765 1789 5827 εἰς
1822 5763 1920 5836 τὴν

335 5851 630 5922 ὑπερορίαν
681 5849 1112 5922 μεθισταμένων,
1140 5848 1248 5902 τῶν
1276 5848 1333 5900 δὲ
1375 5848 1443 5900 τά
1475 5848 1734 5918 χρήματα
1756 5848 1921 5917 ἀφαι-

821 345 1100 402 CONTRA
1139 345 1432 403 ἰυῡῶοὸ
1467 347 1552 402 ET
1594 345 1960 412 GENTILES,
2001 345 2192 414 QUOD
2234 346 2582 404 CllRlSTUS
2618 348 2726 405 SIT
2770 347 2971 403 DEUS.

3435 349 3542 402 83?.

1950 471 2149 537 μένων,
2179 469 2288 522 τῶν
2317 469 2374 523 δὲ
2406 469 2540 541 πυρὶ
2589 467 3062 540 παραδιδομένων,
3113 467 3222 520 τῶν
3263 466 3319 519 δὲ
3371 485 3543 521 κατα-

1947 553 2352 624 ποντιζομένων
2387 553 2482 606 καὶ
2518 555 2626 605 πᾶν
2661 549 2800 614 εἶδος
2835 551 3107 622 τιμωρίας
3139 550 3544 620 ὑπομενόντων,

1946 635 2352 708 ἀτιμουμένων,
2395 637 2793 708 ἐλαυνομένων,
2835 637 2908 699 ὡς
2945 634 3139 688 κοινῶν
3172 633 3384 705 ἐχθρῶν
3424 634 3548 688 διω-

1946 719 2194 788 κομένων
2248 720 2534 783 πάντοθεν,
2587 721 2767 791 ἕτεροι
2818 719 3035 784 πλείους
3085 717 3428 790 προσῄεσαν,
3484 718 3546 770 οὑ

1950 802 2110 873 μόνον
2133 803 2306 870 οὐδὲν,
2333 804 2424 873 ἀφ’
2443 797 2519 857 ῶν
2545 804 2783 874 ἔπασχον
2818 804 3015 876 ἕτεροι,
3049 805 3128 866 εἰς
3155 802 3216 854 τὺ
3255 801 3547 872 πεισθῆναι

1948 889 2301 959 όκνηρότεροι
2331 889 2630 960 γινόμενοι,
2670 888 2807 942 ἀλλὰ
2856 890 2952 941 καὶ
2986 888 3418 958 προθυμότεροι,
3452 885 3550 940 καὶ

1955 973 2156 1041 μᾶλλον
2189 973 2562 1043 ἐπιπηδῶντες
2592 976 2658 1044 τῇ
2691 973 2832 1044 καλῇ
2863 971 3039 1045 ταύτῃ
3055 971 3220 1042 θήρᾳ·
3246 971 3340 1023 καὶ
3372 968 3551 1033 οὑτως

1953 1055 2253 1127 ήλιεύοντο,
2296 1057 2395 1110 οὑκ
2431 1056 2891 1128 ἀναγκαζόμενοι,
2939 1059 3000 1110 οὑ
3040 1055 3374 1125 βιαζόμενοι,
3414 1051 3552 1106 ἀλλὰ

1956 1141 2407 1212 προστρέχοντες,
2435 1142 2596 1212 χάριν
2626 1143 2826 1205 εἰδότες
2852 1144 2963 1206 τοῖς
3001 1141 3094 1193 ἐπὶ
3127 1139 3287 1192 τοῦτο
3320 1139 3548 1206 ἄγουσι·

1956 1224 2051 1277 καὶ
2079 1225 2413 1296 χειμάρρους
2443 1225 2692 1296 αἱμάτων
2717 1224 2954 1296 ὁρῶντες
2985 1223 3094 1278 ἀπὸ
3121 1222 3230 1275 τῶν
3253 1221 3351 1293 ήδη
3386 1239 3552 1275 πεπι-

1959 1307 2262 1362 στευκότων
2287 1309 2679 1381 ἀπορρέοντας,
2717 1308 3038 1378 θερμότεροι
3073 1307 3201 1377 περὶ
3238 1304 3337 1376 τὴν
3368 1305 3554 1358 πίστιν

1957 1391 2199 1459 ἐγίνοντο
2229 1391 2324 1444 καὶ
2365 1390 2807 1462 θαρσαλεώτεροι
2829 1407 2840 1418 ·
2875 1391 2970 1443 καὶ
2999 1389 3118 1459 οὐχὶ
3154 1388 3263 1441 τῶν
3297 1385 3557 1460 μαθητῶν

1961 1476 2143 1546 μόνον,
2180 1475 2317 1530 ἀλλὰ
2359 1479 2453 1531 καὶ
2487 1477 2594 1532 τῶν
2638 1475 3001 1539 διδασκάλων,
3050 1473 3160 1527 τῶν
3199 1474 3297 1544 μὲν
3335 1471 3557 1543 δεδεμέο

1959 1577 2086 1622 νων,
2123 1560 2231 1613 τῶν
2263 1559 2319 1614 δέ
2347 1559 2746 1632 ἐλαυνομένων,
2779 1560 2888 1612 τῶν
2911 1559 2968 1612 δέ
2990 1556 3424 1629 μαστιζομένων,
3447 1555 3556 1608 τῶν

1959 1642 2016 1696 δὲ
2055 1643 2222 1715 ἔτερα
2256 1644 2428 1714 μυρία
2465 1644 2785 1714 πασχόντων
2823 1641 2991 1704 κακὰ,
3035 1641 3254 1704 πλείους
3287 1641 3337 1692 οἰ
3383 1638 3560 1709 μαθη-

1959 1728 2242 1798 τευόμενοι
2281 1730 2376 1784 καὶ
2421 1728 2832 1798 σπουδαιότεροι
2885 1725 3090 1797 μᾶλλον
3133 1725 3397 1792 ἐγίνοντο.
3450 1723 3560 1775 Καὶ

1964 1813 2064 1882 βοᾷ
2129 1811 2343 1875 Παῦλος
2393 1811 2602 1881 λέγων·
2659 1812 2839 1863 Ὥστε
2894 1809 3038 1875 τοὺς
3095 1810 3386 1873 πλείονας
3439 1803 3560 1859 τῶν

1962 1896 2245 1965 ἀδελφῶν
2268 1897 2338 1950 ἐν
2363 1898 2580 1964 Κυρίῳ,
2609 1895 2971 1960 πεποιθότας
2999 1893 3125 1958 τοῖς
3150 1891 3397 1960 δεσμοῖς
3417 1907 3558 1958 μου,

1962 1979 2406 2048 περισσοτέρως
2438 1978 2672 2047 τολμᾷν
2706 1979 2943 2047 ἀφόϐως
2969 1976 3076 2030 τὸν
3104 1976 3293 2044 λόγον
3321 1971 3556 2028 λαλεῖν.

1963 2064 2075 2118 Καὶ
2104 2063 2340 2134 ἀλλαχοῦ
2382 2063 2564 2127 πάλιν,
2599 2062 2784 2132 Ὑμεῖς
2820 2062 2928 2134 γὰρ
2950 2061 3197 2132 μιμηταὶ
3239 2056 3563 2127 ἐγενήθητε

1963 2145 2084 2200 τῶν
2146 2145 2520 2217 Ἐκκλησιῶν
2573 2147 2680 2201 τοῦ
2740 2145 2889 2201 Θεοῦ
2947 2143 3068 2199 τῶν
3118 2141 3324 2200 οὐσῶν
3373 2141 3443 2197 ἐν
3485 2137 3560 2207 τῇ

1977 2229 2250 2297 Ἰουδαίᾳ,
2277 2229 2366 2284 ὅτι
2390 2231 2463 2284 τὰ
2486 2233 2639 2285 αὐτὰ
2666 2228 2917 2283 ἐπάθετε
2947 2228 3048 2282 καί
3082 2226 3250 2297 ὑμεῖς
3281 2225 3401 2280 ὑπὸ
3439 2222 3563 2277 τῶν

1968 2313 2134 2367 ἰδίων
2182 2315 2610 2384 συμφυλετῶν,
2664 2313 2862 2379 καθὼς
2908 2314 3005 2367 καὶ
3049 2311 3221 2366 αὐτοὶ
3270 2309 3391 2365 ὑπὸ
3440 2305 3561 2361 τῶν

1979 2397 2278 2452 Ἰουδαίων
2320 2397 2437 2452 τῶν
2487 2398 2588 2452 καὶ
2639 2397 2744 2451 τὸν
2784 2398 3008 2465 Κύριον
3051 2392 3560 2450 ἀποκτεινάντων.

1967 2481 2066 2534 καὶ
2097 2479 2255 2550 ἡμᾶς
2284 2482 2644 2535 κωλυόντων
2696 2481 2823 2547 τοῖς
2873 2479 3079 2533 ἔθνεσι
3119 2475 3417 2546 λαλῆσαι,
3461 2475 3564 2528 ἵνα

1970 2563 2268 2620 σωθῶσιν.
2313 2565 2552 2637 Ἐτέροις
2584 2566 2642 2618 δέ
2689 2565 2849 2618 πάλιν
2875 2565 3104 2636 γράφων
3140 2563 3312 2625 οὑτως
3339 2560 3526 2629 ἔλεγεν
3545 2576 3560 2590 ·

1986 2649 2534 2719 Ἀναμιμνήσκεσθε
2585 2649 2692 2715 τὰς
2741 2647 3034 2716 προτέρας
3073 2646 3320 2716 ἡμέρας,
3359 2643 3429 2698 ὲν
3467 2637 3566 2709 αἷς

1973 2732 2374 2802 φωτισθέντες
2403 2733 2646 2800 πολλὴν
2685 2732 2951 2799 ἄθλησιν
2975 2730 3333 2800 ὑπεμείνατε
3374 2729 3567 2792 παθη-

1971 2815 2199 2886 μάτων,
2248 2817 2650 2887 γινώσκοντες
2689 2815 2930 2881 ἑαυτοῖς
2963 2814 3276 2883 κρείττονα
3304 2809 3570 2879 ὕπαρξιν

1976 2901 2048 2954 ὲν
2108 2901 2408 2970 οὐρανοῖς,
2485 2901 2582 2955 καί
2648 2901 2989 2972 μένουσαν.
3071 2895 3226 2962 Εἶδες
3288 2896 3571 2966 δυνάμεως

1981 2984 2288 3056 ὑπερϐολὴν
2324 2984 2420 3038 τοῦ
2446 2984 2621 3038 ταῦτα
2654 2984 3066 3054 ἐργασαμένου;
3127 2982 3201 3033 Οὑ
3250 2980 3359 3052 γὰρ
3413 2981 3572 3050 μόνον

1981 3069 2078 3120 οὑκ
2114 3068 2380 3139 ἠθύμουν,
2434 3068 2556 3121 οὑδὲ
2592 3067 2751 3138 μόνον
2794 3067 2894 3119 οὑκ
2940 3065 3216 3118 ἐθλίϐοντο
3257 3063 3431 3117 ταῦτα
3463 3062 3572 3114 πά-

1985 3169 2224 3223 σχοντες,
2269 3152 2408 3205 ἀλλά
2444 3151 2539 3205 καὶ
2574 3150 2818 3222 ἔχαιρον,
2862 3149 3155 3220 ἐσκίρτων,
3190 3148 3427 3218 ἐπήδων.
3464 3145 3577 3199 Καὶ

1985 3238 2114 3310 περὶ
2140 3238 2236 3308 μὲν
2261 3235 2467 3289 τούτων
2499 3230 2651 3298 οὗτος
2681 3234 2856 3288 ταῦτα
2887 3233 3056 3302 λέγει,
3083 3233 3165 3285 ὅτι
3189 3231 3286 3302 τὴν
3312 3231 3577 3302 δήμευσιν

1984 3323 2084 3392 τῆς
2110 3321 2298 3384 οὐσίας
2334 3321 2454 3391 μεθ’
2483 3320 2680 3391 ἡδονῆς
2709 3317 2963 3382 ἐδέξαντο
2982 3333 2996 3347 ·
3047 3315 3174 3388 περί
3207 3315 3263 3368 δέ
3295 3314 3403 3367 τῶν
3432 3314 3580 3368 διδα-

1990 3405 2203 3460 σκάλων
2241 3407 2268 3458 6
2303 3405 2519 3468 Λουκᾶς
2570 3405 2627 3456 ἐν
2674 3405 2739 3472 τῇ
2782 3401 2890 3454 τῶν
2941 3400 3201 3472 Πράξεων
3261 3398 3448 3470 βίϐλῳ,
3499 3400 3582 3453 ὅτι

1991 3490 2331 3562 ὑπέστρεφον
2373 3490 2437 3542 ἐκ
2481 3486 2776 3560 προσώπου
2813 3485 2908 3538 τοῦ
2963 3483 3242 3556 συνεδρίου
3275 3483 3581 3564 χαίροντες,

1991 3575 2074 3628 ὅτι
2102 3571 2522 3644 κατηξιώθησαν
2583 3571 2725 3640 ὑπὲρ
2757 3567 2852 3622 τοῦ
2896 3569 3162 3640 ὀνόματος
3203 3567 3298 3619 τοῦ
3345 3565 3584 3639 Χριστοῦ

1993 3657 2379 3729 ἀτιμασθῆναι.
2407 3656 2542 3728 Περὶ
2572 3655 2630 3708 δέ
2659 3652 2854 3708 ἐαυτοῦ
2879 3655 3040 3708 πάλιν
3065 3653 3093 3704 ὁ
3117 3651 3360 3714 Παῦλος·
3393 3650 3588 3718 Χαίρω

1993 3742 2064 3797 ἐν
2112 3741 2239 3807 τοῖς
2297 3739 2612 3810 παθήμασί
2667 3756 2808 3809 μου,
2873 3737 2974 3791 καὶ
3015 3732 3459 3802 ἀνταναπληρῶ
3517 3734 3590 3786 τὰ

1995 3825 2376 3897 ὑστερήματα
2405 3825 2523 3878 τῶν
2545 3825 2811 3893 θλίψεων
2830 3821 2936 3876 τοῦ
2958 3819 3216 3889 Χριστοῦ
3230 3819 3299 3872 ἐν
3322 3816 3396 3886 τῇ
3411 3815 3591 3885 σαρκί

1991 3930 2132 3984 μου.
2167 3913 2276 3964 Καὶ
2302 3911 2355 3964 τί
2385 3909 2709 3980 θαυμάζεις,
2739 3909 2788 3962 εἰ
2819 3909 2913 3960 καὶ
2944 3907 3038 3959 ἐπὶ
3084 3904 3408 3975 παθήμασιν
3438 3901 3592 3972 ἔχαι-

2001 4014 2116 4071 ρεν,
2152 3998 2286 4049 ὅπου
2316 4012 2380 4063 γε
2413 3995 2510 4048 καὶ
2545 3993 2775 4046 θάνατον
2818 3990 3031 4062 μέλλων
3069 3988 3366 4059 ὑπομένειν
3399 3987 3460 4038 οὑ
3497 3984 3591 4071 μό-

2001 4068 2090 4133 νον
2144 4079 2387 4151 ἔχαιρεν,
2435 4078 2573 4130 ἀλλὰ
2607 4076 2703 4129 καὶ
2735 4076 2861 4139 τοὺς
2915 4071 3166 4144 μαθητὰς
3195 4072 3275 4134 εἰς
3305 4068 3594 4123 κοινωνίαν

2001 4165 2099 4234 τῆς
2119 4161 2462 4234 εὐφροσύνης
2499 4161 2705 4223 ἐκάλει,
2756 4160 2892 4228 ὅπερ
2922 4153 2990 4228 ῆν
3030 4153 3182 4234 [578]
3237 4151 3588 4221 ὑπερϐαλλόν·

2002 4230 2110 4311 τῶς
2141 4230 2577 4318 εὑ-φραινομένης
2617 4243 2819 4314 ψυχῆς,
2861 4239 3005 4293 οὑτω
3031 4230 3236 4306 λέγῶν·
3277 4236 3470 4304 Χαίρω
3499 4235 3597 4290 καὶ

2003 4332 2312 4401 συγχαίρω
2328 4328 2522 4382 πᾶσιν
2539 4326 2701 4396 ὑμῖν,
2721 4325 2788 4379 τὸ
2807 4323 2874 4377 δὲ
2895 4323 3042 4378 αὐτὸ
3061 4321 3160 4375 καί
3183 4319 3352 4389 ὑμεῖς
3365 4320 3599 4390 χαίρετε

2007 4415 2107 4468 καί
2139 4411 2500 4483 συγχαίρετέ
2529 4428 2652 4481 μοι.
2680 4410 2746 4462 Τί
2774 4408 3021 4478 γέγονεν,
3055 4405 3195 4469 εἰπὲ,
3224 4405 3305 4458 ὅτι
3325 4404 3599 4475 τοσαύτης

2006 4497 2343 4569 ἐνεπλήσθης
2377 4499 2586 4569 χαρᾶςς
2638 4493 2801 4563 Ἐγὼ,
2842 4493 3007 4563 φησὶν
3029 4532 3044 4554 ,
3095 4489 3212 4558 ἤδη
3243 4488 3600 4557 σπένδομαι,

2007 4582 2106 4637 καὶ
2154 4585 2188 4637 ό
2225 4581 2432 4650 καιρὸς
2478 4578 2586 4646 τῆς
2633 4575 2782 4648 ὲμῆς
2835 4575 3191 4639 ἀναλύσεως
3240 4572 3600 4642 ἐφέστηκεν.

2057 4752 2138 4805 ιδ’.
2152 4749 2309 4805 Οὑτω
2321 4747 2501 4802 τοίνυν
2514 4743 2824 4816 ᾠκοδόμουν
2838 4741 2934 4814 τὴν
2949 4739 3224 4812 πανταχοῦ
3241 4739 3572 4811 Ἐκκλησίαν
3582 4779 3596 4794 .

2009 4836 2204 4891 Καίτοι
2233 4851 2296 4904 γε
2326 4835 2504 4902 τοῖχον
2522 4831 2619 4883 ένα
2636 4829 2810 4892 οὐδεὶς
2837 4825 2903 4880 ἂν
2922 4825 3178 4896 δυνηθείη
3209 4825 3587 4894 οἰκοδομῆσαι,

2009 4921 2099 4976 διὰ
2123 4919 2272 4972 λίθου
2289 4914 2660 4971 καὶάσόέστου
2684 4911 2951 4972 συντιθεὶς
2977 4910 3075 4979 τὴν
3100 4908 3413 4978 οἰκοδομὴν,
3443 4907 3603 4960 ἐλαυ-

2011 5005 2255 5076 νόμενος,
2285 4999 2655 5070 κωλυόμενος·
2697 4987 2844 5048 οὗτοι
2880 4993 2937 5045 δέ
2969 4991 3299 5061 Ἐκκλησίας
3333 4989 3602 5054 τοσαύτας

2013 5073 2290 5158 πανταχοῦ
2313 5086 2412 5155 τῆς
2434 5081 2757 5152 οἰκουμένης
2781 5079 3158 5151 ᾠκοδόμησαν,
3189 5073 3604 5145 κατακοπτόμε-

2012 5191 2114 5239 νοι,
2132 5168 2331 5242 δεσμού
2341 5185 2513 5240 μενοι,
2533 5163 2878 5232 διωκόμενοι,
2900 5161 3348 5232 φυγαδευόμενοι,
3369 5158 3602 5228 δημευό-

2017 5273 2189 5328 μενοι,
2211 5249 2658 5324 μαστιγούμενοι,
2690 5247 3074 5317 σφαττόμενοι,
3102 5244 3406 5313 καιόμενοι,
3431 5258 3601 5295 κατα-

2015 5327 2388 5408 ποντιζόμενοι
2421 5334 2558 5407 μετά
2585 5332 2693 5386 τῶν
2731 5329 3010 5403 μαθητῶν·
3047 5329 3140 5384 καὶ
3160 5327 3515 5400 ᾠκοδόμησαν
3537 5327 3601 5382 οὑ

2015 5425 2102 5479 διὰ
2126 5424 2307 5487 λίθων,
2342 5419 2478 5478 ἀλλὰ
2501 5416 2591 5471 διὰ
2629 5415 2818 5486 ψυχῶν
2871 5415 2966 5469 καὶ
3014 5413 3410 5485 προαιρέσεων,
3462 5411 3602 5482 ὅπερ

2015 5506 2418 5577 δυσκολώτερον
2449 5499 2634 5571 πολλῷ
2671 5500 2764 5554 τοῦ
2799 5498 2888 5552 διὰ
2928 5498 3092 5552 λίθων
3119 5495 3491 5565 οἰκοδομῆσαι.
3523 5495 3602 5548 Οὐ

2017 5596 2125 5666 γάρ
2185 5594 2335 5644 ἐστιν
2389 5589 2502 5641 ἴσον
2565 5584 2836 5639 συνθεῖναι
2885 5585 3099 5666 τοῖχον,
3140 5581 3232 5634 καὶ
3280 5579 3459 5666 ψυχήν
3510 5578 3607 5666 ἐπὶ

2017 5663 2293 5739 τοσούτοις
2325 5672 2539 5745 χρόνοις
2573 5668 2678 5723 ὑπὸ
2703 5667 2974 5737 δαιμόνων
3004 5663 3469 5734 ἐκϐακχευθεῖσαν
3490 5665 3607 5718 πεῖ-

2024 5779 2114 5816 σαι
2151 5757 2504 5832 μεταστῆναι,
2530 5754 2626 5808 καὶ
2659 5754 2757 5823 τῆς
2799 5750 2994 5822 μανίας
3025 5750 3330 5818 ἁποστῖςναι
3364 5747 3602 5817 ἐκείνης,

2025 5843 2278 5916 καὶπρὸς
2313 5840 2579 5911 τοσαύτην
2625 5837 2797 5891 ἐλθεῖν
2852 5833 3226 5905 σωφροσύνην.
3277 5832 3416 5886 Ἀλλ’
3457 5832 3606 5902 ὅμως

341 5917 612 6006 ρουμένων
634 5977 649 6003 ,
684 5917 814 5990 ’τῶν
867 5917 928 5987 δε
981 5933 1388 6003 ἀναιρουμένων
1433 5917 1528 5987 καί
1583 5946 1926 5986 κατακοπτο-
2030 5933 2257 5997 ἴσχυσαν
2286 5927 2482 5998 γυμνοὶ
2513 5923 2608 5981 καὶ
2641 5919 2974 5986 ἀνυπόδετοι,
3011 5918 3366 5991 μονοχίτωνες
3395 5917 3491 5982 τὴν
3519 5918 3600 5971 0i-
