3920 6398
409 358 517 414 8ὖῦ

413 499 562 553 enim
589 493 1023 550 commilitantem
1054 494 1169 563 ejus
1194 494 1442 549 virtutem
1465 536 1477 557 ,
1504 494 1591 564 qui
1622 494 1752 549 dixit
1782 513 1794 547 :
1826 494 1993 564 Super

411 587 545 639 hanc
569 595 761 656 petram
783 585 1042 654 wdiﬁcabo
1071 583 1346 639 Ecclesiam
1370 601 1528 637 meam
1550 626 1565 650 ,
1594 596 1639 638 et
1666 595 1825 655 porta:
1846 585 1994 656 inferi

411 693 515 730 non
541 675 878 743 praevalebunt
895 675 1130 728 adversus
1156 691 1265 728 eam
1289 674 1497 746 (Matth.
1523 675 1608 728 16.
1633 675 1742 743 18).
1765 674 1992 728 Numera

411 773 545 836 quot
571 767 778 834 tyranni
804 766 871 819 ab
896 766 986 819 illo
1013 774 1251 834 tempore
1277 765 1531 819 adversus
1557 766 1699 819 illam
1723 766 1958 820 instruxe
1975 797 1990 809 -

416 869 540 912 runt
573 860 778 924 aciem,
810 866 938 928 quot
963 859 1298 927 gravissimas
1329 860 1762 928 persequutiones
1791 861 1991 914 excita-

415 957 574 1004 runt:
595 965 699 1020 quo
722 951 770 1004 in
793 961 931 1004 statu
953 951 1082 1006 fides
1106 951 1263 1006 fuerit
1283 960 1394 1006 toto
1420 953 1528 1015 illo,
1551 952 1690 1022 quod
1715 952 1986 1021 praeteriit,

416 1048 660 1110 tempore
685 1057 696 1092 :
721 1041 929 1110 quando
954 1057 1140 1096 recens
1171 1043 1400 1111 plantata
1428 1051 1543 1097 erat
1565 1085 1578 1108 ,
1607 1043 1819 1113 quando
1841 1053 1986 1098 tene-

415 1130 591 1186 riores
616 1141 767 1186 erant
792 1131 1062 1186 hominum
1096 1142 1318 1188 mentes.

491 1224 580 1277 15.
605 1222 940 1294 Imperatores
963 1242 1131 1280 omnes
1151 1236 1324 1280 contra
1347 1225 1655 1280 Christianos
1677 1227 1856 1281 bellum
1879 1231 1990 1299 fru-

419 1321 526 1366 stra
543 1323 883 1384 susceperunt.
905 1315 1229 1370 —Gentiles
1255 1329 1402 1371 erant
1430 1317 1798 1386 Imperatores,
1820 1319 1994 1388 Augu-

418 1414 551 1471 stus,
572 1405 833 1473 Tiberius,
851 1405 1028 1472 Caius,
1047 1407 1206 1473 Nero,
1226 1407 1601 1476 Vespasianus,
1621 1408 1788 1474 Titus,
1809 1416 1998 1478 etpost

419 1496 563 1548 illum
595 1513 778 1551 otniies
809 1511 973 1567 usque
1001 1499 1065 1552 ad
1105 1506 1313 1567 tempus
1351 1500 1491 1554 beati
1529 1497 1857 1555 Constantini
1887 1501 1991 1555 lm-

419 1587 680 1655 peratoris
703 1604 716 1652 ;
745 1603 1033 1658 omnesque
1061 1588 1156 1654 illi,
1184 1589 1270 1642 alii
1297 1592 1490 1654 minus,
1519 1589 1605 1644 alii
1629 1591 1994 1645 vehementius

421 1677 712 1732 Ecelesiam
751 1681 1156 1750 oppugnabant;
1184 1681 1557 1751 oppugnabant
1586 1692 1760 1737 tamen
1786 1697 1994 1737 omnes.

419 1768 569 1834 Quod
599 1769 642 1823 si
671 1771 755 1839 qui
785 1784 968 1825 eorum
997 1771 1093 1825 visi
1127 1780 1250 1825 sunt
1277 1773 1456 1826 mitius
1485 1787 1660 1842 agere,
1695 1771 1797 1828 hoc
1827 1774 1995 1842 ipsum

417 1873 596 1918 tatncu
624 1863 762 1932 quod
790 1863 1140 1933 Imperatores
1176 1865 1348 1935 palam
1371 1866 1422 1918 in
1450 1866 1714 1934 impietate
1736 1866 1993 1932 viverent,

419 1954 638 2006 materia
661 1953 924 2008 bellorum.
939 1964 1071 2019 erat,
1091 1970 1211 2009 eum
1234 1956 1343 2020 alii,
1363 1957 1451 2026 qui
1473 1957 1600 2025 ipsis
1619 1955 1993 2022 adulabantur,

417 2044 638 2113 gratiam
668 2044 880 2098 illorum
911 2056 1184 2115 captantes
1212 2047 1458 2101 Ecclesia:
1491 2046 1684 2101 bellum
1718 2046 1995 2100 inferrent.

417 2137 669 2192 Attamen
703 2153 888 2192 omnes
919 2139 1218 2208 hujusmodi
1247 2139 1450 2193 insidia:
1480 2149 1636 2209 atque
1661 2140 1904 2193 incursus
1926 2137 2000 2191 fa-

417 2229 573 2283 cilius
609 2244 765 2299 quam
806 2245 1014 2284 aranea:
1057 2231 1159 2284 tela
1194 2231 1433 2300 dissipati
1468 2241 1623 2298 sunt,
1651 2232 1805 2286 citius
1843 2247 1999 2301 quam

419 2319 595 2374 fumus
623 2321 782 2376 soluti
812 2330 956 2388 sunt,
993 2324 1229 2378 velocius
1263 2339 1419 2394 quam
1450 2325 1618 2394 pulvis
1655 2325 1999 2380 transierunt.

417 2411 551 2466 Nam
591 2427 711 2466 cum
750 2413 956 2468 insidiis
997 2416 1104 2470 suis
1145 2415 1399 2484 majorem
1440 2426 1731 2487 martyrum
1776 2417 2001 2472 chorum

413 2503 712 2571 effecerint,
736 2505 1173 2577 immortalesque
1200 2507 1317 2561 illos
1339 2507 1591 2563 Ecclesia:
1618 2509 1892 2563 thesauros
1918 2525 2001 2563 re-

419 2595 705 2664 liquerint,
736 2597 1012 2652 columnas
1056 2609 1213 2668 atque
1255 2609 1427 2654 turres
1453 2640 1468 2665 ,
1503 2600 1576 2654 illi
1621 2617 1724 2654 non
1766 2601 2002 2655 viventes

418 2686 615 2753 modo,
647 2688 738 2742 sed
777 2689 937 2744 etiam
979 2692 1211 2757 mortui,
1244 2691 1469 2760 posteris
1513 2707 1716 2760 magnze
1756 2692 1995 2746 utilitatis

419 2781 640 2833 materia
671 2779 790 2834 facti
816 2791 958 2835 sunt.
995 2781 1219 2835 Videsne
1246 2783 1349 2836 vim
1384 2782 1777 2851 praedictionis?
1801 2781 1864 2834 Et
1885 2798 2002 2853 por-

418 2879 486 2922 ta:
512 2871 661 2940 inferi
689 2888 787 2925 non
815 2873 1146 2941 praevalebunt
1174 2873 1410 2927 adversus
1439 2890 1569 2927 eam.
1597 2862 1678 2928 Al)
1708 2874 1792 2928 his
1821 2875 1886 2929 de
1917 2874 2000 2928 fu-

420 2964 554 3017 turis
580 2964 758 3028 crede,
791 2965 988 3019 nullum
1020 2966 1132 3020 fore
1157 2967 1243 3035 qui
1271 2966 1512 3020 obsistat.
1536 2965 1590 3021 Si
1619 2967 1759 3020 enim
1787 2981 1905 3020 cum
1936 2981 2001 3021 ex

419 3057 605 3127 paucis
633 3065 903 3111 constaret
928 3099 944 3124 ,
975 3074 1094 3112 cum
1128 3073 1260 3111 nova
1289 3072 1374 3112 res
1403 3073 1521 3112 esse
1549 3046 1816 3112 videretur
1838 3100 1852 3123 ,
1881 3073 2001 3112 cum

418 3162 590 3215 nuper
615 3149 842 3216 plantata
863 3149 1098 3203 doctrina
1124 3157 1285 3213 esset,
1310 3165 1431 3203 cum
1459 3157 1534 3202 tot
1560 3148 1696 3202 bella
1722 3148 1995 3213 instarent,

419 3247 501 3293 tot
527 3239 759 3309 undique
795 3242 1076 3295 commissa
1103 3241 1283 3310 praelia
1320 3239 1449 3293 nihil
1480 3247 1800 3310 potuerunt,
1831 3253 2002 3309 neque

417 3331 846 3400 prtevaluerunt;
887 3342 1086 3402 quanto
1137 3332 1305 3403 magis
1348 3346 1490 3386 nunc
1535 3345 1656 3385 cum
1700 3330 2002 3385 universam

419 3431 614 3475 terram
645 3431 901 3493 occupat,
933 3438 1253 3494 omnemque
1292 3423 1487 3488 locum,
1514 3431 1726 3478 montes
1746 3464 1762 3490 ,
1793 3423 1958 3477 saltus
1984 3464 1998 3488 ,

415 3515 619 3582 colles;
657 3516 853 3570 etenim
891 3525 948 3571 et
986 3517 1152 3571 maria
1191 3525 1244 3570 et
1284 3524 1469 3586 gentes
1506 3515 1604 3570 sub
1645 3517 1760 3571 sole
1800 3516 2000 3586 positas

416 3619 606 3658 omnes
637 3605 1017 3675 apprehendit;
1048 3622 1170 3662 cum
1210 3607 1453 3676 impietas
1493 3607 1632 3676 apud
1669 3622 1864 3676 paucos
1891 3607 1999 3676 jam

417 3695 694 3762 obtineat,
737 3704 895 3766 atque
938 3713 1079 3764 arte,
1123 3699 1354 3768 templa,
1395 3698 1532 3752 idola
1573 3700 1751 3752 omnia
1795 3699 2000 3754 sublata

416 3784 635 3851 fuerint,
666 3786 799 3844 festa
825 3789 970 3856 item,
1002 3790 1356 3857 initiationes,
1389 3789 1583 3857 fumus,
1615 3791 1770 3846 nidor
1794 3799 1846 3846 et
1874 3805 2000 3860 pro-

417 3878 557 3934 fante
585 3882 886 3936 conciones.
929 3883 1205 3950 Quomodo
1237 3884 1396 3954 igitur
1425 3884 1544 3938 talis
1583 3893 1833 3954 tantaque
1874 3898 1959 3938 res
1983 3923 1999 3951 ,

418 3978 501 4023 tot
524 3971 716 4026 oblatis
745 3972 1138 4041 impedimentis
1162 4015 1177 4040 ,
1211 3982 1316 4028 tam
1343 3975 1688 4044 conspicuum
1715 3974 1872 4029 finem
1904 3973 2001 4029 ha-

419 4061 613 4126 buerit,
637 4071 690 4116 et
715 4061 913 4116 exitum
940 4063 1145 4118 veritati
1177 4063 1335 4119 fidem
1362 4063 1664 4130 facientem,
1689 4065 1789 4118 nisi
1814 4065 1996 4119 divina

417 4153 659 4222 quaedam
689 4163 743 4210 et
768 4155 962 4210 invicta
991 4156 1157 4210 virtus
1183 4165 1324 4212 esset
1347 4157 1482 4225 ejus,
1507 4157 1596 4226 qui
1624 4158 1738 4211 haec
1759 4157 2002 4226 praedixit

417 4253 476 4298 et
503 4245 757 4313 perfecit?
785 4246 953 4301 Nemo
981 4261 1110 4302 sane
1140 4247 1218 4301 his
1247 4247 1647 4313 contradixcrit,
1679 4249 1782 4303 nisi
1811 4248 1991 4302 admo-

417 4334 546 4388 dum
577 4336 833 4402 insaniat,
868 4352 931 4392 ac
956 4349 1132 4393 mente
1180 4347 1364 4408 captus
1401 4339 1488 4394 sit.
1525 4339 1706 4409 Neque
1741 4340 1855 4394 haec
1884 4349 2000 4394 tan-

419 4436 532 4482 tum
559 4469 572 4494 ,
601 4428 696 4483 sed
725 4429 885 4483 etiam
915 4430 1016 4484 alia
1043 4431 1290 4487 vaticinia
1320 4431 1434 4499 ejus
1469 4430 1716 4484 invictam
1747 4431 1999 4486 virtutem

418 4521 797 4589 praanuntiant.
826 4520 956 4576 Nam
983 4537 1102 4576 cum
1129 4523 1276 4577 omni
1295 4522 1518 4577 veritate
1546 4520 1716 4576 futura
1737 4523 2000 4592 prtedixit,

419 4622 479 4667 et
514 4612 580 4666 ad
623 4613 781 4667 finem
811 4613 1072 4679 deduxit,
1105 4629 1278 4684 neque
1308 4615 1420 4669 ﬁeri
1449 4623 1624 4685 potest
1649 4623 1707 4669 ut
1733 4615 2002 4685 quidpiam

418 4720 486 4759 ex
529 4704 684 4760 dictis
731 4705 846 4775 ejus
887 4706 1114 4762 excidat.
1162 4707 1274 4762 lmo
1312 4707 1469 4762 citius
1507 4707 1697 4776 peribit
1733 4707 1920 4762 caelum
1949 4716 2005 4764 et

423 4804 584 4861 terra,
604 4809 761 4866 quam
786 4796 997 4867 aliquod
1027 4799 1306 4853 verborum
1337 4806 1428 4853 aut
1455 4797 1851 4868 praedictionum
1880 4799 1996 4869 ejus

421 4887 542 4947 falsi
571 4895 840 4958 arguatur.
870 4889 1021 4956 Quod
1052 4890 1223 4959 ipsum
1265 4891 1354 4945 ille
1382 4898 1504 4944 ante
1541 4905 1718 4944 rerum
1756 4896 2003 4944 eventum

421 4990 708 5044 euuntians
727 5031 743 5056 ,
775 4990 853 5044 sic
895 4989 1040 5045 clare
1067 4989 1136 5044 de
1165 4990 1339 5044 verbis
1367 4991 1478 5044 suis
1512 4990 1745 5060 loquitur
1772 5007 1784 5043 :
1812 4989 2005 5046 Civium

420 5091 472 5137 et
508 5092 641 5136 terra
683 5083 996 5148 transibunt,
1032 5081 1180 5136 verba
1223 5091 1389 5136 autem
1429 5097 1541 5135 mea
1581 5099 1683 5136 non
1724 5083 2005 5136 transibunt

421 5176 443 5245 (
469 5172 652 5227 Matth.
679 5172 769 5228 24.
799 5171 922 5246 55).
952 5171 1112 5242 quue
1131 5173 1254 5243 jure
1279 5172 1467 5226 merito
1495 5190 1510 5228 :
1538 5188 1642 5227 non
1671 5173 1814 5228 enim
1843 5173 2004 5229 verba

423 5277 630 5322 tantum
659 5275 802 5333 sunt,
835 5266 928 5321 sed
959 5267 1050 5321 Dei
1081 5266 1240 5320 verba
1258 5306 1273 5331 ,
1305 5280 1401 5335 per
1428 5279 1546 5334 qua:
1571 5279 1658 5320 res
1686 5264 2002 5318 conduntur.

421 5359 513 5414 Sic
541 5359 729 5414 cadum
755 5357 900 5427 fecit,
934 5357 1012 5413 sic
1030 5366 1248 5424 terram,
1279 5371 1446 5422 mare,
1472 5355 1659 5422 solem,
1690 5357 1768 5410 sic
1791 5356 2006 5426 angelo-

423 5469 543 5509 rum
571 5452 783 5518 cboros,
817 5451 894 5506 sic
920 5451 1052 5506 alias
1080 5448 1370 5504 invisibiles
1395 5448 1637 5512 virtutes,
1663 5447 1802 5517 quod
1829 5447 2006 5502 decla-

423 5559 552 5601 rans
579 5546 838 5616 pr0pheta
867 5542 1076 5598 dicebat
1103 5559 1116 5594 :
1147 5541 1267 5612 Ipse
1294 5541 1442 5609 dixit,
1473 5548 1520 5592 et
1550 5542 1687 5610 facta
1715 5547 1869 5605 sunt;
1899 5540 2006 5610 ipse

425 5637 705 5704 mandavit,
727 5644 774 5689 et
798 5644 964 5688 creata
987 5642 1100 5687 sunt
1124 5630 1291 5704 (Psat.
1320 5630 1443 5686 148.
1469 5630 1524 5700 5)
1553 5648 1566 5685 :
1591 5630 1656 5684 de
1681 5630 1826 5684 omni
1847 5629 2004 5684 simul

423 5738 689 5794 creatura,
708 5736 818 5782 tum
841 5740 1090 5798 superna,
1114 5735 1221 5780 tum
1245 5723 1378 5780 infra
1395 5723 1582 5796 posita,
1609 5730 1717 5777 tum
1741 5721 2000 5784 sensibili,

435 5817 904 5876 tumiutellectuali
926 5859 942 5883 ,
967 5825 1077 5872 tum
1106 5829 1358 5886 corporea
1379 5858 1394 5884 ,
1425 5826 1532 5870 tum
1564 5815 1870 5885 incorporea
1892 5855 1907 5881 ,
1939 5827 1999 5868 ea

983 375 1259 436 CONTRA
1296 373 1573 432 JUDIEOS
1612 379 1698 434 ET
1736 379 2088 446 GENTILES,
2129 380 2313 448 QUOD
2352 383 2687 442 CHRISTUS
2725 387 2826 443 SIT
2867 389 3060 445 DEUS.

3570 388 3675 443 854

2102 498 2469 566 pronuntians.
2496 498 2622 554 lllud
2647 501 2802 571 igitur
2822 503 2887 558 de
2911 505 3142 559 Ecclesia
3167 507 3467 561 vaticinium
3495 519 3674 562 osten-

2099 587 2193 652 dit,
2215 597 2270 641 ut
2293 604 2449 656 supra
2479 590 2608 657 dixi,
2635 593 2891 659 veritatis,
2923 595 3288 666 providentite,
3315 597 3566 652 bonitatis
3586 613 3682 652 cu-

2100 693 2277 747 rteque
2301 679 2415 748 ejus
2439 682 2850 749 magnitudinem
2880 693 2935 738 et
2963 687 3358 741 excellentiam.

2171 767 2256 823 16.
2299 771 2410 837 Age
2448 786 2573 841 ergo
2613 780 2667 826 et
2708 775 2861 827 aliam
2902 777 3301 846 prtedictionem
3347 786 3633 833 tractemus
3659 821 3674 844 ,

2101 874 2218 928 qua:
2245 861 2356 915 sole
2386 862 2455 915 sit
2479 863 2692 930 clarior,
2722 865 2987 935 radiisque
3013 868 3126 936 ejus
3153 869 3500 939 splendidior,
3532 886 3679 941 quze-

2099 966 2203 1020 que
2232 960 2353 1006 ante
2380 955 2615 1008 omnium
2648 957 2831 1010 oculos
2862 959 2961 1012 sita
2984 1001 2996 1023 ,
3027 960 3093 1013 ad
3131 975 3318 1016 omnes
3347 961 3552 1015 futuras
3580 977 3676 1032 ge-

2101 1043 2400 1096 nerationes
2427 1047 2756 1111 extendatur,
2787 1047 2921 1102 sicut
2949 1059 3000 1102 et
3027 1051 3187 1117 prior.
3217 1051 3362 1105 Talia
3385 1052 3524 1106 enim
3552 1065 3676 1107 sunt

2105 1131 2351 1202 pleraque
2376 1135 2490 1203 ejus
2510 1137 2755 1190 vaticinia
2785 1155 2797 1190 :
2824 1155 2927 1192 non
2952 1140 3103 1194 brevi
3130 1151 3367 1211 tempore
3389 1147 3680 1196 terminan-

2103 1229 2218 1286 tur,
2251 1239 2420 1292 neque
2456 1225 2508 1277 in
2541 1242 2638 1278 una
2671 1229 3012 1296 generatione
3037 1232 3407 1300 complentur;
3436 1232 3528 1286 sed
3560 1247 3678 1288 0m-

2102 1312 2258 1367 nibus
2288 1313 2589 1370 hominibus
2609 1359 2623 1383 ,
2655 1327 2764 1372 tum
2795 1320 3091 1377 viventibus
3111 1363 3125 1387 ,
3158 1333 3266 1376 tum
3301 1339 3423 1377 mox
3455 1324 3678 1391 futuris,

2104 1410 2214 1456 tum
2255 1407 2595 1474 sequentibus
2621 1450 2636 1475 ,
2669 1417 2722 1463 et
2751 1410 2839 1479 qui
2878 1426 3044 1480 usque
3073 1413 3136 1466 ad
3169 1414 3682 1468 consummationem

2101 1506 2278 1560 erunt,
2305 1498 2540 1552 veritatis
2561 1515 2670 1554 suae
2692 1502 2930 1555 notitiam
2954 1505 3209 1572 praebent,
3234 1505 3679 1574 quemadmodum

2102 1594 2156 1640 et
2184 1589 2329 1656 prius
2358 1590 2681 1645 vaticinium.
2711 1593 2842 1648 Nam
2870 1610 2900 1648 a
2929 1610 3031 1663 qua
3065 1595 3150 1650 die
3177 1597 3373 1650 dictum
3402 1606 3484 1651 est
3513 1613 3683 1666 usque

2103 1677 2168 1730 ad
2197 1681 2708 1736 consummationem
2737 1685 2915 1738 saeculi
2944 1685 3093 1739 ﬁrma
3119 1687 3440 1756 immotaque
3465 1688 3680 1753 mansit,

2103 1768 2318 1834 florens,
2339 1771 2562 1841 fulgens,
2584 1773 2633 1826 in
2656 1775 2770 1829 dies
2789 1791 3055 1840 crescens,
3071 1779 3189 1848 plus
3209 1779 3415 1834 roboris
3437 1794 3680 1842 sumens,

2103 1866 2156 1912 et
2181 1861 2425 1915 omnibus
2450 1864 2536 1931 qui
2567 1865 2633 1918 ab
2661 1864 2751 1918 illo
2772 1865 2858 1920 die
2881 1881 3044 1937 usque
3069 1868 3134 1921 ad
3165 1869 3371 1922 Domini
3394 1869 3676 1925 adventum

2104 1948 2261 2004 futuri
2310 1963 2434 2006 sunt
2479 1964 2738 2022 praestans
2763 1999 2778 2022 ,
2810 1967 2864 2011 ut
2903 1959 3163 2013 maximos
3193 1960 3314 2014 inde
3353 1963 3588 2025 fructus,
3628 1971 3683 2015 et

2103 2039 2424 2096 ineffabilem
2466 2045 2741 2099 utilitatem
2773 2047 3002 2116 capiant.
3030 2049 3160 2102 Nam
3187 2052 3274 2119 qui
3306 2059 3427 2105 ante
3468 2067 3566 2105 nos
3586 2094 3599 2118 ,
3631 2064 3684 2107 et

2103 2133 2192 2200 qui
2224 2143 2347 2188 ante
2375 2136 2491 2190 illos
2515 2177 2530 2203 ,
2562 2147 2615 2192 et
2645 2138 2732 2207 qui
2765 2139 2919 2208 longe
2948 2143 3190 2210 superius
3219 2143 3362 2196 fuere
3383 2184 3396 2206 ,
3427 2145 3543 2212 ejus
3572 2145 3683 2198 vir-

2107 2230 2272 2278 tutem
2300 2237 2682 2295 cognoverunt,
2707 2229 2843 2284 bella
2872 2230 3114 2286 videntes
3143 2233 3193 2286 in
3219 2248 3336 2287 eam
3365 2235 3680 2302 ingruentia,

2106 2314 2339 2382 pericula
2358 2355 2373 2381 ,
2403 2317 2655 2373 tumultus
2675 2359 2690 2385 ,
2723 2320 2974 2389 strepitus
2996 2361 3010 2386 ,
3037 2321 3228 2375 fluctus
3253 2362 3267 2388 ,
3297 2332 3639 2393 tempestates
3670 2341 3683 2377 :

2107 2405 2274 2474 ipsam
2311 2421 2438 2462 vero
2467 2424 2640 2478 neque
2668 2411 2745 2465 sic
2773 2413 3063 2482 submergi,
3095 2413 3253 2476 vinci,
3287 2415 3560 2484 superari,
3591 2424 3684 2469 aut

2105 2497 2403 2567 exstingui;
2433 2499 2527 2553 sed
2565 2499 2756 2555 florere
2777 2543 2792 2567 ,
2823 2516 3066 2558 crescere
3088 2544 3102 2571 ,
3133 2503 3198 2556 ad
3231 2505 3486 2574 majorem
3515 2505 3685 2560 subli-

2106 2590 2342 2646 mitatem
2368 2593 2518 2662 erigi.
2547 2594 2612 2647 Et
2636 2593 2740 2648 hoc
2759 2595 3084 2657 vaticinium,
3111 2595 3251 2666 quod
3279 2613 3419 2651 nunc
3444 2598 3686 2653 dicturus

2106 2696 2245 2748 sum,
2270 2682 2514 2737 idoneum
2544 2693 2625 2738 est
2650 2685 2714 2739 ad
2742 2685 3000 2740 dictorum
3023 2687 3128 2741 vim
3157 2696 3210 2741 et
3235 2689 3510 2743 veritatem
3539 2704 3686 2743 com-

2107 2773 2526 2830 monstrandam.
2564 2776 2840 2844 Quodnam
2883 2787 2963 2833 est
3003 2779 3132 2833 illud
3175 2780 3520 2834 vaticinium?
3555 2781 3686 2836 Cum

2107 2868 2375 2940 ingressus
2405 2873 2688 2935 aliquando
2714 2882 2853 2928 esset
2882 2875 2932 2928 in
2962 2875 3211 2946 templum
3239 2876 3536 2942 Judaicuzn,
3561 2886 3687 2932 tunc

2105 2962 2321 3028 florens,
2349 2978 2484 3020 auro
2504 2966 2738 3035 fulgens,
2759 2979 2975 3022 necnon
2999 2965 3393 3036 pulchritudine
3424 2970 3687 3039 magnitu-

2105 3053 2334 3123 dineque
2373 3055 2755 3123 aedificiorum,
2793 3057 2892 3110 alia
2933 3072 3143 3126 quoque
3185 3060 3494 3114 instructum
3539 3062 3685 3114 omni

2105 3142 2312 3196 artiﬂcii
2345 3145 2688 3214 malerimque
2716 3147 2968 3199 varietate
2987 3187 3001 3211 ,
3031 3147 3344 3203 mirantibus
3373 3148 3646 3217 discipulis
3668 3191 3682 3212 ,

2105 3231 2230 3302 quid
2257 3232 2424 3285 dixit?
2445 3232 2629 3286 Nonne
2652 3235 2826 3288 videlfs
2843 3239 2949 3288 licet:
2973 3235 3141 3288 omnia
3159 3235 3185 3287 .9
3209 3238 3365 3289 Amen
3390 3236 3502 3289 dico
3525 3239 3686 3304 vobis,

2105 3338 2206 3376 non
2232 3325 2449 3377 manebit
2475 3325 2604 3392 lapis
2631 3340 2784 3394 super
2807 3325 3029 3394 lapidem
3055 3327 3072 3393 (
3096 3325 3283 3379 Matth.
3311 3315 3400 3380 94.
3429 3325 3464 3378 2
3485 3325 3503 3394 )
3521 3366 3536 3390 ,
3568 3328 3689 3398 ejus

2105 3413 2520 3470 destructionem
2549 3414 2776 3470 futuram
2803 3417 3076 3471 declarans
3098 3459 3111 3482 ,
3141 3417 3523 3472 desolationem
3545 3458 3560 3482 ,
3588 3432 3685 3468 va-

2105 3507 2336 3560 stitatem
2357 3547 2372 3570 ,
2401 3507 2606 3560 ruinam
2626 3549 2641 3574 ,
2674 3523 2792 3577 quae
2817 3523 2956 3562 nunc
2981 3507 3326 3579 Jerosolymis
3356 3517 3437 3562 est
3465 3524 3477 3560 :
3507 3507 3684 3562 omnia

2105 3598 2244 3653 enim
2275 3597 2495 3652 :edificia
2526 3599 2609 3653 illa
2644 3602 2899 3668 praeclara
2928 3601 3318 3670 conspicuaque
3344 3601 3512 3654 diruta
3539 3609 3682 3655 sunt.

2107 3687 2267 3743 Vides
2297 3688 2350 3743 in
2386 3699 2612 3759 utroque
2639 3706 2883 3761 magnam
2919 3700 2972 3746 et
3002 3691 3318 3746 ineffabilem
3349 3692 3465 3763 ejus
3491 3703 3680 3763 poten-

2107 3779 2254 3846 tiam,
2287 3781 2337 3834 in
2363 3795 2429 3835 eo
2455 3781 2596 3850 quod
2629 3795 2688 3836 se
2725 3783 2962 3837 colentes
2995 3783 3337 3838 aedificaverit
3373 3793 3427 3838 et
3459 3784 3684 3848 auxerit,

2104 3880 2158 3924 et
2184 3871 2235 3924 in
2263 3886 2327 3924 eo
2351 3871 2490 3940 quod
2514 3872 2755 3928 inimicos
2779 3889 2905 3929 suos
2930 3874 3284 3929 humiliaVerit
3301 3917 3315 3940 ,
3342 3875 3683 3942 destruxerit,

2106 3961 2463 4032 radicitusque
2500 3965 2811 4020 sustulerit?
2849 3965 3121 4036 Nusquam
3161 3968 3302 4021 enim
3350 3967 3472 4021 huic
3513 3968 3686 4022 simile

2107 4053 2359 4120 templum
2389 4061 2506 4106 erat
2535 4062 2640 4107 tam
2667 4054 2879 4109 celebre
2901 4095 2918 4122 ,
2951 4065 3096 4110 tanto
3125 4056 3267 4109 cultu
3299 4057 3522 4126 insigne.
3555 4057 3684 4111 Nam

2105 4152 2363 4213 quotquot
2392 4144 2585 4214 ubique
2610 4160 2706 4215 per
2733 4147 2917 4200 orbem
2943 4155 3095 4201 erant
3121 4145 3319 4210 Judzei,
3347 4147 3506 4200 etiam
3537 4149 3588 4202 in
3622 4149 3683 4200 ti-

2106 4235 2260 4290 nibus
2301 4246 2456 4291 terrae
2485 4237 2663 4305 positi,
2692 4239 2826 4292 istuc
2851 4239 2976 4292 olim
3007 4239 3495 4308 proficiscebantur,
3519 4239 3680 4304 dona,

2106 4327 2327 4394 hostias,
2359 4328 2690 4396 oblationes,
2718 4330 2977 4399 primitias
3006 4339 3060 4384 et
3089 4330 3252 4384 multa
3282 4331 3378 4384 alia
3410 4329 3642 4384 ferentes
3665 4373 3681 4395 ,

2106 4418 2358 4489 orbisque
2396 4419 2593 4474 divitiis
2632 4421 2883 4489 templum
2923 4419 3270 4484 decorantes,
3301 4435 3592 4489 omnesque
3620 4435 3686 4474 eo

2109 4509 2340 4577 undique
2364 4509 2704 4564 conﬂuebant
2732 4510 2898 4564 Judaai
2929 4510 3165 4564 advenas.
3195 4510 3411 4564 Multum
3442 4519 3557 4564 erat
3587 4511 3686 4564 loci

2107 4614 2322 4665 nomen,
2355 4607 2409 4654 et
2445 4616 2610 4670 usque
2647 4600 2712 4655 ad
2751 4611 2991 4655 eXtrema
3028 4601 3173 4655 orbis
3210 4609 3542 4669 pervenerat.
3583 4597 3686 4654 Sed

2110 4709 2270 4748 unum
2301 4693 2498 4747 Christi
2534 4693 2750 4748 verbum
2790 4694 2874 4747 illa
2913 4693 3086 4748 omnia
3119 4693 3314 4747 delevit
3337 4702 3390 4747 et
3418 4691 3685 4762 perdidit,

2107 4800 2171 4841 ac
2204 4795 2470 4856 tamquam
2502 4787 2774 4857 pulverem
2813 4785 2880 4841 de
2916 4785 3091 4840 medio
3127 4786 3355 4840 sustulit.
3385 4787 3462 4839 Ac
3490 4800 3594 4854 quo
3621 4801 3690 4838 ne

2107 4876 2304 4932 Judzeis
2325 4877 2533 4948 quidem
2552 4878 2816 4944 omnibus,
2837 4876 2941 4932 imo
2956 4892 3056 4930 nec
3075 4875 3458 4940 sacerdotibus,
3478 4874 3572 4930 sed
3591 4876 3684 4928 soli

2109 4983 2317 5024 summo
2341 4969 2600 5024 sacerdoti
2628 4969 2826 5040 ingredi
2857 4969 3068 5036 licebat,
3095 4967 3250 5038 idque
3280 4967 3442 5021 semel
3470 4967 3522 5020 in
3547 4981 3688 5019 anno

2110 5069 2311 5115 tantum
2336 5105 2351 5128 ,
2380 5077 2501 5116 cum
2535 5063 2668 5116 stola
2693 5103 2709 5128 ,
2741 5061 2952 5117 coronis
2990 5068 3045 5115 et
3079 5060 3234 5113 mitra
3253 5100 3269 5124 ,
3300 5059 3508 5128 alioque
3535 5072 3688 5113 sacro

2108 5153 2458 5219 vestimento;
2496 5167 2634 5206 nunc
2660 5161 2712 5206 et
2738 5152 2946 5215 scortis,
2975 5159 3028 5204 et
3056 5149 3305 5207 mollibus
3333 5157 3386 5204 et
3409 5147 3688 5202 effemina-

2112 5244 2178 5299 tis
2206 5254 2261 5299 et
2283 5245 2503 5300 mtechis
2525 5253 2671 5315 patet
2691 5244 2863 5298 aditus
2889 5244 3096 5298 nemine
3121 5242 3452 5312 prohibente.
3477 5240 3608 5295 Nam
3633 5250 3691 5295 nt

2114 5338 2332 5392 verbum
2365 5336 2489 5391 illud
2519 5335 2750 5402 advenit,
2782 5335 2959 5390 omnia
2988 5335 3183 5390 delevit
3210 5342 3264 5390 et
3290 5333 3498 5389 sustulit
3531 5350 3544 5385 :
3571 5341 3688 5386 tan-

2111 5436 2329 5496 tumque
2371 5427 2439 5482 de
2485 5427 2680 5496 templo
2722 5434 3001 5495 superest,
3047 5432 3300 5495 quantum
3338 5425 3468 5480 satis
3507 5432 3591 5478 est
3633 5432 3692 5477 ut

2111 5520 2442 5582 ostendatur,
2469 5518 2684 5572 ubinam
2713 5518 2964 5588 templum
2994 5518 3119 5572 olim
3150 5526 3312 5572 esset.

2179 5613 2348 5670 Judaei
2360 5613 2596 5685 templum
2606 5621 2887 5667 restaurare
2901 5625 2998 5667 non
3012 5606 3548 5679 potuerunt.—Cogita
3564 5621 3693 5676 ergo

2080 5696 2083 5697 ν
2111 5719 2323 5779 quantae
2359 5718 2413 5764 et
2440 5708 2540 5762 hoc
2575 5707 2645 5760 sit
2685 5707 2913 5759 virtutis.
2945 5703 3151 5759 Etenim
3179 5703 3267 5772 qui
3297 5700 3422 5756 olim
3453 5708 3559 5754 tam
3591 5713 3688 5766 p0-

2113 5810 2287 5857 tentes
2313 5809 2483 5866 erant,
2511 5799 2598 5869 qui
2627 5806 2810 5868 gentes
2836 5805 2888 5853 et
2915 5809 3070 5866 reges
3084 5789 3434 5863 superabant,
3451 5788 3540 5859 qui
3557 5788 3680 5843 abs-
