3920 6386
419 338 523 391 833

421 462 526 512 que
551 446 806 516 sanguine
836 446 1146 517 plerumque
1179 447 1484 515 vincebant,
1517 457 1819 519 troptcaque
1845 448 2002 502 innu-

423 553 567 592 mera
595 553 727 592 nova
751 547 805 593 et
823 538 1152 592 admirabilia
1175 539 1469 607 erigebant,
1494 539 1545 592 hi
1569 539 1820 608 templum
1846 554 2006 592 unum

422 629 490 681 ab
516 628 608 683 illo
632 644 800 698 usque
830 630 895 683 ad
923 629 1026 683 hoc
1050 639 1255 698 tempus
1281 629 1545 683 aediﬁcare
1570 645 1674 683 non
1702 638 2005 699 potuerunt.

425 719 677 785 Quamvis
709 729 787 773 tot
812 735 964 788 reges
991 719 1181 774 fuerint
1210 721 1296 788 qui
1329 721 1430 774 illis
1457 735 1613 789 opem
1643 719 1863 782 ferrent,
1894 729 2011 774 tan-

427 818 584 878 taque
607 809 886 863 multitudo
911 827 1003 878 per
1026 811 1208 866 Orbem
1231 810 1440 874 dill'usa,
1465 821 1644 880 totque
1667 812 2009 880 pecuniarum

427 917 558 970 opes
585 902 854 956 adessent.
895 902 1079 956 Viden’
1114 903 1382 970 quomodo
1422 919 1539 972 qua:
1576 903 1664 958 ille
1691 902 2008 966 tediﬁcavit,

429 1007 588 1047 nemo
607 993 888 1058 destruxit,
909 1005 960 1048 et
981 1011 1096 1063 qua:
1119 996 1206 1050 ille
1226 994 1506 1058 destruxit,
1527 1010 1684 1048 nemo
1701 994 2012 1049 :ediﬁcavit?

429 1082 731 1138 Ediﬁcavit
751 1085 1068 1150 Ecclesiam,
1086 1095 1140 1140 et
1160 1101 1318 1139 nemo
1339 1086 1505 1155 ipsam
1526 1085 1730 1140 destrur
1749 1102 1800 1140 re
1816 1085 2010 1155 possit;

427 1174 690 1229 destruxit
720 1177 972 1245 templum
998 1218 1013 1240 ,
1043 1187 1097 1231 et
1126 1193 1284 1232 nemo
1311 1179 1480 1247 ipsum
1510 1187 1812 1233 restaurare
1843 1179 2011 1243 valet,

431 1263 588 1333 idque
616 1275 720 1319 tam
748 1266 1000 1320 diuturno
1027 1276 1264 1336 tempore
1293 1285 1306 1320 :
1334 1268 1575 1338 quamvis
1608 1269 1747 1322 illam
1774 1270 2017 1322 destrue-

432 1371 490 1408 re
520 1359 862 1421 teutaverint,
895 1374 998 1412 non
1028 1369 1247 1428 potuere
1278 1369 1490 1422 tamen;
1521 1360 1762 1429 quamvis
1790 1359 1888 1414 hoc
1915 1359 2013 1414 de-

433 1461 540 1499 nuo
566 1448 798 1502 excitare
826 1451 998 1502 conati
1025 1452 1152 1513 sint,
1181 1450 1232 1504 id
1263 1449 1459 1505 frustra
1487 1452 1652 1506 moliti
1679 1462 1821 1506 sunt.

498 1535 740 1593 Julianus
792 1539 1037 1607 Apostata
1085 1541 1140 1593 id
1186 1544 1378 1611 frustra
1417 1544 1641 1596 tentavit.
1671 1570 1738 1583 -ο
1791 1542 1845 1596 ld
1889 1558 2018 1597 vero

433 1630 747 1696 prrmissum
778 1630 874 1684 fuit
915 1646 982 1686 ne
1007 1632 1096 1700 qui
1135 1631 1334 1686 diceret
1359 1674 1375 1698 ,
1398 1633 1440 1687 si
1472 1633 1522 1687 id
1558 1643 1811 1687 tentatum
1843 1645 2015 1699 esset,

433 1722 545 1775 ﬁeri
591 1727 862 1791 potuisse:
894 1739 1020 1778 ecce
1065 1733 1433 1791 tentaveruut,
1477 1734 1531 1780 et
1577 1742 1680 1780 uon
1712 1734 2017 1794 potuerunt.

431 1810 562 1866 Nam
605 1821 762 1867 a-tate
806 1823 989 1868 nostra
1018 1813 1347 1883 Imperator,
1385 1814 1474 1883 qui
1516 1830 1704 1870 omnes
1750 1815 2020 1884 impietate

431 1906 738 1972 superabat,
795 1913 847 1958 et
895 1904 1199 1959 facultatem
1244 1915 1369 1959 tunc
1409 1905 1556 1959 dedit
1596 1916 1651 1960 et
1704 1916 2021 1975 coopemtus

435 2003 539 2047 est.
589 1994 734 2064 Opus
778 1991 1027 2064 incepere
1051 2035 1066 2058 ,
1097 2009 1160 2048 ac
1203 2011 1270 2049 ne
1309 1995 1392 2049 vel
1421 1996 1696 2050 minimum
1736 1997 1870 2050 ultra
1898 2011 2022 2064 pro-

433 2084 582 2152 gredi
640 2096 896 2152 potuere;
925 2085 1020 2139 sed
1060 2085 1196 2155 ignis
1241 2101 1272 2139 a
1325 2085 1682 2140 fundamentis
1722 2087 1973 2140 exsiliens
1998 2125 2016 2152 ,

434 2187 621 2229 omnes
650 2175 869 2245 fugavit.
896 2175 1046 2243 Quod
1087 2185 1265 2231 autem
1293 2176 1590 2242 voluerint,
1635 2179 1734 2231 hoc
1771 2177 2020 2232 indicium

433 2275 555 2332 est,
600 2267 740 2336 quod
787 2267 1047 2322 hactenus
1075 2267 1418 2322 fundamenta
1466 2268 1661 2323 nudata
1711 2277 2015 2339 appareant,

435 2364 494 2410 ut
523 2357 702 2411 videas
723 2357 865 2426 ipsos
885 2357 1097 2428 quidem
1125 2357 1307 2413 fodere
1335 2361 1563 2429 coepisse
1585 2400 1600 2424 ,
1629 2359 1723 2414 sed
1757 2359 2020 2414 aediﬁcare

436 2464 541 2503 non
570 2451 804 2519 potuisse
828 2490 843 2515 ,
893 2451 1184 2505 obsistente
1224 2451 1421 2505 Christi
1448 2452 1733 2506 sententia.
1766 2449 2019 2518 Quamvis

434 2554 610 2594 autem
637 2540 744 2610 jam
791 2542 917 2595 olim
969 2542 1297 2598 destructum
1345 2542 1531 2597 fuisset
1571 2543 1672 2597 hoc
1724 2543 2016 2612 templum,

435 2640 491 2684 at
522 2633 584 2685 iis
627 2641 746 2700 post
785 2648 954 2687 annos
981 2636 1312 2704 septuaginta
1344 2634 1574 2688 reversis
1602 2675 1619 2700 ,
1667 2635 1842 2688 statim
1887 2634 2023 2688 exci-

438 2731 604 2776 tatum
651 2732 776 2788 est,
828 2732 888 2779 et
937 2726 1116 2793 priore
1163 2724 1493 2793 splendidius
1543 2725 1654 2778 luit.
1688 2723 1840 2794 Quod
1891 2739 2022 2779 sane

439 2814 712 2883 prolihetai
762 2814 1040 2877 dixerant,
1083 2824 1136 2868 ct
1187 2826 1472 2885 antequam
1521 2815 1670 2869 ﬁeret
1698 2815 2022 2885 praenuntia-

438 2912 579 2956 rant.
617 2903 766 2959 Nunc
793 2913 969 2958 autem
1005 2905 1126 2976 plus
1153 2921 1310 2974 quam
1340 2905 1895 2975 quadringentesimus
1921 2921 2022 2958 an-

435 3011 538 3050 nus
563 3005 678 3062 est,
708 3007 760 3051 et
787 2997 927 3051 nulla
950 2999 1226 3065 CogittttiO,
1265 2999 1404 3051 nulla
1438 2999 1763 3068 exspectatio
1792 2998 1870 3051 vel
1901 3012 2023 3067 spes

436 3087 687 3152 est,illnd
720 3087 856 3141 ultra
890 3088 1287 3143 instaurandum
1318 3089 1694 3158 fore.Atqni,si
1720 3103 1824 3142 non
1845 3087 2022 3143 divina

441 3179 606 3232 virtus
633 3177 1015 3243 obluctaretur,
1033 3179 1157 3248 quid
1205 3181 1440 3234 obstaret
1465 3179 1490 3233 ?
1518 3181 1707 3235 Annon
1739 3193 1925 3250 magna
1945 3179 2023 3233 vis

446 3269 786 3336 pecuniarum
815 3284 977 3337 penes
999 3269 1114 3323 illos
1141 3270 1262 3323 est?
1284 3269 1472 3323 Annon
1495 3269 1562 3322 ab
1588 3269 1836 3324 omnibus
1867 3268 2022 3322 undi-

446 3376 549 3430 que
578 3361 768 3413 tributa
800 3361 1053 3430 colligens
1087 3360 1382 3429 patriarcha
1413 3365 1428 3392 ¹
1456 3361 1747 3415 immensos
1787 3360 2024 3430 possidet
2051 3390 2066 3399 -

443 3453 768 3507 thesauros?
799 3456 990 3506 Annon
1020 3453 1190 3506 audax
1221 3453 1308 3506 illa
1337 3453 1479 3508 natio
1523 3453 1642 3507 est?
1679 3467 1855 3507 annon
1920 3454 2022 3507 im-

445 3543 670 3611 pudens,
725 3545 1078 3608 contentiosa,
1130 3542 1431 3607 temeraria,
1478 3543 1778 3598 seditiosa?
1831 3546 2021 3598 Annon

444 3637 596 3688 multi
640 3635 841 3688 suntin
872 3636 1190 3690 Palatstina?
1229 3651 1406 3689 annon
1441 3637 1590 3689 multi
1627 3636 1680 3689 in
1730 3636 2025 3690 Phoenicia?

444 3743 619 3780 annon
653 3727 802 3780 multi
843 3726 1077 3796 ubique?
1115 3726 1395 3794 Quomodo
1439 3741 1566 3796 ergo
1597 3741 1701 3781 non
1742 3737 2027 3797 potuerunt

444 3832 608 3872 unum
643 3818 822 3872 denuo
858 3827 1171 3872 construere
1200 3819 1453 3887 templum
1474 3858 1488 3882 ,
1523 3819 1815 3887 prtesertim
1844 3819 2028 3873 viden-

444 3921 525 3964 tes
556 3911 769 3964 ‘cultum
812 3925 965 3964 suum
1007 3909 1131 3964 hinc
1187 3909 1384 3978 ubique
1432 3909 1723 3978 impediri,
1777 3908 2026 3964 Judaicos

446 4003 577 4057 ritus
623 4001 864 4068 aboleri,
903 4001 1195 4067 sacriﬁcia,
1227 4001 1558 4064 oblationes,
1599 4011 1899 4071 cmteraqne
1927 4001 2024 4055 bu-

436 4092 670 4163 jusmodi
700 4092 886 4162 legalia
915 4091 982 4146 de
1024 4092 1200 4146 medio
1248 4092 1389 4157 tolli,
1418 4091 1742 4158 omninoque
1785 4091 2023 4146 cessare?

441 4183 623 4253 Neque
661 4183 802 4237 enim
857 4183 958 4237 illis
989 4184 1068 4238 vel
1115 4198 1262 4236 aram
1291 4182 1525 4236 excitare
1550 4223 1564 4247 ,
1593 4181 1676 4235 vel
1707 4181 2022 4236 sacriﬁcium

443 4273 674 4337 offerre,
703 4273 788 4327 Vel
838 4273 1036 4337 libare,
1084 4273 1170 4328 vel
1213 4287 1367 4328 ovem
1421 4273 1692 4342 imponere
1738 4280 1831 4325 aut
1871 4271 2024 4326 sufﬁ-

447 4373 556 4416 tum
577 4403 593 4426 ,
624 4363 710 4416 vel
739 4363 906 4432 legem
935 4364 1163 4417 recitare
1191 4401 1208 4427 ,
1238 4361 1320 4416 vel
1363 4361 1558 4417 festum
1601 4361 1873 4416 celebrare
1893 4403 1908 4428 ,
1939 4361 2023 4416 vel

444 4453 715 4522 quidpiam
742 4453 914 4508 simile
944 4452 1120 4506 facere
1148 4452 1338 4507 licebat
1361 4462 1510 4507 extra
1533 4453 1620 4506 illa
1643 4452 1849 4507 limina.

520 4537 607 4597 17.
651 4541 793 4597 Sane
820 4557 938 4596 eum
989 4542 1259 4614 Babylone
1311 4552 1524 4610 essent,
1557 4551 1610 4597 ct
1661 4544 1728 4597 ab
1782 4543 2025 4598 hostibus

445 4641 808 4702 cogerentur,
865 4640 922 4686 ut
983 4633 1308 4702 psallerent,
1365 4648 1471 4687 non
1541 4634 2020 4702 obtemperarunt,

447 4739 624 4794 neque
675 4738 879 4778 morem
936 4734 1254 4794 gesserunt,
1299 4725 1503 4780 tametsi
1549 4725 1743 4793 captivi
1787 4734 1841 4779 et
1885 4726 2026 4780 servi

449 4825 642 4881 erant,
698 4815 1034 4886 dominisque
1081 4831 1140 4871 se
1182 4817 1497 4872 vexantibus
1564 4816 1838 4870 suberant.
1919 4817 2024 4872 Sed

450 4906 657 4964 etiamsi
703 4922 733 4960 a
784 4907 949 4976 patria
985 4915 1039 4962 et
1080 4923 1110 4961 a
1163 4907 1409 4962 libertate
1447 4907 1809 4972 excidissent,
1859 4916 1914 4962 et
1958 4907 2026 4963 de

447 4999 558 5067 ipsa
615 4997 721 5050 vita
775 4997 1235 5068 periclitarentur,
1291 5006 1345 5051 et
1409 4997 1558 5066 quasi
1607 4997 1797 5068 laqueo
1865 5014 2026 5053 manu

509 5090 526 5120 ι
563 5089 883 5138 Patriarcbam
915 5089 1187 5150 Judqeorum
1227 5087 1365 5150 multi
1407 5089 1669 5150 scriptores
1705 5089 2026 5140 Ecclesiastici

440 5157 727 5199 memorant.
763 5151 1000 5213 Origenes
1021 5146 1072 5199 in
1095 5148 1344 5213 opusculo,
1377 5146 1683 5212 quod'nuper
1727 5151 2027 5213 typisrdedi-

441 5223 551 5260 mus
573 5217 679 5271 post
713 5209 1045 5272 luscininaria
1065 5209 1378 5272 ad‘ttexapla,
1395 5209 1512 5260 dicit
1542 5209 1609 5260 se'
1620 5225 1729 5260 cum
1750 5209 2028 5262 'tiatriarcba

437 5270 711 5321 Judaeorum
731 5270 857 5320 Jullo
875 5285 1191 5322 congressum
1215 5270 1342 5322 esse.
1371 5273 1682 5321 Patriarcbam
1706 5274 1822 5322 item
1843 5273 2030 5321 Judzeo-

439 5345 547 5396 rum
568 5339 839 5396 memorant
865 5333 1064 5396 gyrillus
1093 5333 1316 5396 terosol.,
1354 5335 1683 5396 Hieronymus,
1718 5334 2029 5396 maximeque

440 5394 774 5456 't‘heodorctus
792 5393 910 5442 Dial;
935 5401 966 5443 ι.
992 5407 1052 5442 ex
1078 5395 1214 5456 cujus
1233 5395 1373 5456 dictis
1395 5393 1611 5456 arguitur
1634 5395 1927 5443 Patriarchas
1946 5393 2030 5444 Ju-

439 5453 655 5504 dteorum
677 5468 734 5518 se
771 5469 831 5503 ex
859 5457 1093 5518 progenie
1117 5453 1302 5504 liavidis
1327 5469 1439 5505 esse
1453 5453 1594 5518 't'_also
1615 5517 1618 5518 ν
1629 5455 1903 5518 jactitasse.
1929 5463 2030 5505 Duo

442 5523 584 5579 erant
595 5515 875 5579 audaeoruni
914 5515 1209 5576 t’azriarchae,
1235 5528 1439 5579 quorum
1461 5515 1587 5579 alter
1610 5515 1659 5564 in
1693 5516 1854 5565 .ludrea
1875 5515 2029 5579 dege-

441 5577 541 5641 bat,
565 5576 690 5641 alter
714 5577 965 5641 Babylone.
990 5585 1059 5641 pe
1095 5576 1376 5641 Patriai'cbis
1407 5577 1678 5641 Judzeorum
1711 5586 1862 5641 agunt
1887 5578 1921 5626 ii
1944 5576 2028 5640 qui

441 5636 507 5700 de
529 5636 1079 5700 Judeorum‘republica
1112 5636 1401 5700 tractavere.
1437 5638 1553 5686 Vide
1591 5636 1864 5700 pra-serum
1894 5636 2029 5689 Peta-

446 5697 574 5766 ylum
598 5698 647 5766 in
671 5700 802 5766 notis
816 5699 877 5748 ad
893 5697 1240 5766 Epiphaniam
1267 5710 1320 5750 et
1340 5706 1434 5750 Jac.
1460 5697 1800 5751 Gothofredum
1823 5701 1882 5750 ad
1913 5702 2026 5750 Cod.

439 5758 913 5822 'lheodosianum,T.
937 5758 1006 5821 Vt,
1031 5775 1078 5823 p.
1103 5761 1195 5810 213

1087 308 1150 362 S.
1202 307 1486 364 J’JANNIS
1525 310 2015 366 (IllltYSOSTOMl
2057 313 2379 372 ARCHIEP.
2422 317 2972 374 CONSTANTINOP.

3591 343 3701 398 836

2120 445 2353 501 [Iastium
2381 447 2775 518 detinerentur,
2793 451 2926 520 jussi
2955 451 3219 506 anticum
3252 455 3471 524 organis
3497 467 3705 508 canere

2114 535 2191 589 sic
2218 535 2510 593 dicebant:
2545 537 2714 609 Super
2756 542 2970 610 ﬂumina
3011 540 3284 612 Babylonis
3324 544 3432 596 illic
3476 545 3708 598 sedimus

2113 635 2162 678 et
2202 627 2451 694 ﬂeuimus.
2494 630 2628 693 Quia
2683 632 3114 701 interrogaverunt
3153 651 3244 687 nos
3268 677 3284 700 ,
3338 635 3428 704 qui
3473 642 3708 696 captivos

2116 715 2364 770 duxerunt
2406 737 2497 772 nos
2521 762 2535 784 ,
2567 721 2715 774 verba
2740 725 3046 776 cantionum.
3093 724 3358 790 Quomodo
3387 728 3710 782 cantabimus

2116 809 2364 860 canticum
2409 808 2612 862 Domini
2648 812 2701 864 in
2740 822 2872 866 terra
2917 815 3084 868 aliena
3128 815 3311 883 (Psal.
3349 818 3470 871 156.
3511 819 3556 872 1.
3588 820 3710 889 4)ἳ

2116 897 2226 952 Nec
2276 911 2447 968 potest
2495 906 2773 971 quisquam
2825 904 3005 958 dicere
3055 905 3199 974 ipsos
3251 906 3323 959 ob
3374 923 3707 977 organorum

2119 993 2394 1060 penuriam
2416 1009 2521 1046 non
2543 995 2802 1050 cecinisse
2828 1013 2841 1048 :
2865 1011 3077 1050 causam
3108 997 3249 1050 enim
3269 999 3340 1052 illi
3365 999 3710 1068 protulerunt

2118 1081 2358 1136 dicentes
2395 1100 2408 1135 :
2455 1082 2719 1146 Quomodo
2758 1085 3066 1139 cantabimus
3098 1088 3351 1141 canticum
3401 1088 3617 1142 Domini
3648 1091 3708 1144 in

2120 1180 2252 1224 terra
2298 1172 2511 1227 aliena?
2554 1172 2762 1243 Organa
2805 1190 2934 1229 vero
2972 1191 3139 1246 penes
3181 1191 3240 1231 se
3294 1177 3608 1233 habebant:
3641 1179 3709 1234 In

2119 1265 2375 1329 salicibus,
2411 1266 2577 1329 aiunt,
2615 1269 2668 1319 in
2712 1270 2875 1320 medio
2894 1285 3065 1321 eorum
3089 1310 3104 1334 ,
3132 1271 3485 1338 suspendimus
3516 1288 3707 1340 organa

2122 1365 2318 1409 nostra.
2352 1357 2460 1411 Sed
2489 1373 2663 1426 neque
2699 1358 2945 1427 jejunare
2967 1359 3159 1413 licebat
3187 1361 3289 1413 illis
3313 1400 3327 1424 ,
3350 1360 3493 1429 quod
3524 1360 3704 1415 decla-

2122 1462 2248 1501 rans
2277 1447 2533 1516 propheta
2554 1447 2764 1502 dicebat
2806 1468 2819 1503 :
2855 1447 3118 1517 Numquid
3142 1451 3396 1519 jejunium
3433 1453 3704 1521 jejunastis

2122 1538 2247 1590 mihi
2273 1539 2422 1592 annis
2458 1541 2775 1610 septuaginta
2797 1581 2812 1603 ,
2863 1541 2985 1594 dicit
3010 1539 3260 1594 Dominus
3307 1541 3492 1614 (Zach.
3524 1545 3578 1600 7.
3608 1543 3703 1613 5)?

2122 1629 2272 1695 Quod
2299 1639 2475 1684 autem
2515 1631 2614 1684 illis
2642 1645 2740 1685 nec
2782 1632 3082 1685 sacriﬁcare
3111 1648 3209 1686 nec
3236 1633 3402 1688 libare
3429 1633 3512 1691 fas
3541 1643 3698 1699 esset,

2122 1718 2244 1772 audi
2299 1729 2407 1774 tres
2437 1734 2628 1788 pueros
2671 1720 2912 1776 dicentes
2943 1739 2956 1774 :
2992 1721 3112 1774 Non
3140 1731 3213 1776 est
3254 1723 3517 1793 princeps,
3551 1739 3706 1791 neque

2123 1806 2368 1880 propheta
2391 1853 2406 1878 ,
2455 1828 2611 1882 neque
2657 1813 2795 1877 dux,
2825 1830 2984 1884 neque
3025 1815 3164 1868 locus
3213 1815 3281 1866 ad
3315 1816 3703 1882 sacrificandum

2123 1917 2292 1953 coram
2318 1913 2366 1954 te
2385 1943 2400 1966 ,
2432 1913 2479 1955 et
2508 1904 2856 1958 inveniendum
2893 1905 3288 1958 miscricordiam
3317 1905 3475 1975 (Dan.
3509 1907 3562 1960 3.
3589 1907 3698 1975 38).

2122 1990 2238 2044 Non
2269 1992 2554 2058 dixerunt,
2585 2009 2688 2047 non
2718 2004 2798 2048 est
2848 1995 3135 2056 sacerdos;
3163 1995 3385 2049 aderant
3431 1997 3573 2050 enim
3614 2012 3701 2052 sa-

2123 2082 2409 2137 cerdotes:
2443 2083 2538 2138 sed
2584 2094 2640 2138 ut
2688 2085 2862 2139 discas
2914 2085 2982 2139 de
3030 2085 3146 2138 loco
3196 2095 3398 2138 tantum
3443 2086 3563 2155 agi,
3621 2095 3702 2139 to-

2126 2182 2339 2242 tamque
2381 2173 2550 2243 legem
2601 2190 2663 2229 ea
2699 2175 2750 2229 in
2805 2191 2864 2230 re
2894 2175 3202 2228 obstrictum
3250 2189 3392 2241 esse,
3435 2175 3698 2241 dicebant,

2127 2261 2247 2316 Non
2275 2274 2348 2316 est
2379 2264 2536 2318 locus.
2573 2267 2635 2319 Et
2677 2266 2802 2335 quid
2832 2266 2898 2319 de
2938 2266 3202 2320 sacrilicio
3243 2275 3298 2320 et
3334 2265 3403 2320 de
3454 2266 3702 2323 libatiOne

2125 2352 2358 2424 loquor?
2397 2355 2474 2408 Ne
2501 2355 2716 2424 quidem
2767 2357 2992 2410 recitare
3042 2355 3211 2424 legem
3271 2355 3462 2408 licebat
3516 2356 3644 2425 ipsis
3685 2375 3697 2409 :

2125 2444 2266 2515 quod
2311 2447 2640 2515 exprobrans
2668 2448 2805 2502 alius
2857 2447 3112 2517 prepheta
3155 2446 3405 2500 dicebat:
3458 2448 3525 2500 Et
3567 2450 3701 2520 tege-

2124 2546 2241 2590 runt
2266 2539 2390 2609 foris
2420 2539 2576 2608 legem
2601 2581 2616 2602 ,
2646 2549 2693 2592 et
2719 2541 3087 2594 advocaverunt
3119 2544 3484 2613 confessionem
3534 2544 3703 2613 (Amos

2125 2629 2177 2683 4.
2211 2627 2289 2695 5).
2319 2628 2438 2684 Non
2483 2630 2683 2685 Pascha
2705 2674 2721 2698 ,
2748 2648 2858 2687 non
2906 2633 3254 2690 Pentecosten
3285 2678 3300 2701 ,
3350 2652 3458 2690 non
3507 2636 3702 2691 Scene-

2127 2719 2366 2790 pegiam,
2417 2735 2521 2774 non
2552 2722 2696 2776 aliud
2724 2725 2850 2793 quid
2893 2724 3069 2780 simile
3131 2727 3406 2782 celebrare
3444 2736 3698 2796 poterant.

2126 2813 2375 2867 Attamen
2401 2815 2500 2868 etsi
2542 2817 2787 2870 noverint
2823 2831 2882 2872 se
2929 2828 3148 2888 propter
3195 2820 3294 2874 loci
3321 2820 3700 2876 desolationem

2126 2905 2196 2960 ab
2249 2907 2330 2960 his
2357 2908 2602 2963 omnibus
2635 2911 2879 2979 excludi,
2911 2921 2965 2968 et
3007 2928 3066 2967 se
3090 2955 3104 2977 ,
3146 2915 3190 2968 si
3239 2914 3366 2984 quid
3405 2930 3588 2986 eorum
3615 2930 3703 2985 ago

2125 2997 2430 3068 grediautur
2448 3041 2463 3066 ,
2492 3000 2660 3071 legem
2687 3002 2980 3072 transgredi
3009 3019 3298 3074 poenasque
3327 3004 3546 3059 daturos
3565 3019 3699 3072 esse,

2129 3107 2233 3145 non
2266 3101 2486 3160 potuere
2519 3092 2693 3147 locum
2718 3134 2734 3162 ,
2783 3096 2834 3148 in
2882 3110 2988 3164 quo
3036 3095 3228 3150 licebat
3268 3097 3380 3150 haec
3421 3097 3601 3149 omnia
3629 3095 3704 3150 le-

2126 3181 2311 3253 gitime
2357 3181 2584 3249 facere,
2630 3184 2835 3254 erigere
2883 3196 2938 3241 et
2984 3197 3303 3242 restaurare.
3358 3186 3490 3240 Nam
3544 3187 3706 3240 virtus

2127 3273 2322 3329 Christi
2354 3317 2369 3341 ,
2403 3291 2521 3346 qua:
2571 3276 2868 3331 Ecclesium
2908 3277 3222 3344 :edilicavit,
3261 3278 3448 3332 eadem
3489 3287 3543 3332 et
3586 3287 3707 3331 tem-

2132 3367 2276 3436 plum
2322 3367 2602 3422 destruxit.
2662 3368 2928 3438 Propheta
2972 3378 3118 3424 certe
3161 3370 3441 3439 praedixit,
3481 3378 3536 3424 et
3578 3385 3708 3424 ven-

2131 3469 2306 3514 turum
2333 3459 2604 3515 Christum
2633 3502 2647 3523 ,
2680 3469 2734 3514 et
2765 3461 2878 3515 lucc
2901 3471 3264 3530 operaturum,
3293 3460 3499 3514 etiamsi
3530 3461 3574 3513 is
3595 3469 3712 3529 post

2128 3553 2484 3621 captivitatem
2535 3551 2730 3615 fuerit;
2782 3552 2904 3606 audi
2947 3551 3075 3622 quid
3131 3552 3323 3606 dicat:
3371 3550 3435 3603 Et
3487 3552 3541 3603 in
3577 3550 3710 3604 vobis

2131 3645 2496 3699 concludantur
2527 3647 2706 3715 jauuaz
2732 3687 2747 3709 ,
2789 3655 2835 3698 et
2877 3661 2978 3698 non
3018 3645 3316 3698 accendatur
3341 3644 3503 3696 altare
3547 3658 3710 3694 meum

2128 3737 2306 3806 gratis.
2371 3735 2493 3789 Non
2549 3747 2620 3790 est
2689 3737 2813 3789 mihi
2863 3737 3092 3789 voluntas
3149 3737 3203 3788 in
3252 3734 3420 3800 vobis,
3477 3735 3594 3804 quia
3646 3732 3710 3785 ab

2133 3830 2334 3883 Oriente
2369 3831 2490 3882 solis
2518 3845 2672 3898 usque
2699 3829 2768 3881 ad
2798 3829 3116 3882 Occidentem
3141 3843 3318 3880 nomen
3358 3842 3521 3878 meum
3556 3825 3712 3895 glori-

2129 3922 2331 3989 [iratum
2376 3933 2449 3975 est
2480 3923 2530 3974 in
2556 3922 2785 3991 gentibus
2806 3961 2821 3986 ,
2843 3931 2888 3974 et
2915 3921 2966 3973 in
3001 3921 3137 3974 omni
3155 3919 3263 3972 loco
3293 3919 3551 3971 incensum
3587 3916 3711 3968 mihi

2129 4012 2379 4078 offertur,
2427 4021 2473 4065 et
2523 4012 2825 4081 sacriﬁcium
2867 4028 3050 4082 purum
3099 4009 3354 4078 (Malacli.
3403 4007 3565 4062 1.10.
3595 4007 3708 4075 11).

2131 4105 2290 4159 Vides
2331 4105 2600 4174 quomodo
2629 4103 2909 4158 manifeste
2959 4111 3014 4157 ct
3052 4101 3380 4156 Judaismnm
3425 4098 3612 4168 ejccit,
3653 4107 3713 4151 et

2129 4196 2592 4252 Christianismum
2641 4193 2978 4263 elfulgentem
3027 4191 3373 4255 monstravit,
3423 4197 3480 4242 et
3519 4187 3717 4253 ubique

2131 4296 2391 4340 terrarum
2418 4285 2706 4339 diﬁ‘usum?
2731 4284 2916 4339 Cultus
2948 4299 3075 4337 vero
3104 4282 3360 4334 rationem
3388 4280 3522 4332 alius
3549 4278 3718 4346 signi-

2132 4380 2302 4435 ﬁcavit
2332 4380 2414 4432 bis
2436 4377 2704 4432 verbiszEt
2729 4375 3008 4430 adorabunt
3029 4391 3140 4428 eum
3167 4374 3503 4443 unusquisque
3521 4387 3580 4424 ex
3602 4370 3718 4423 loco

2129 4489 2238 4538 suo,
2265 4482 2310 4528 et
2337 4473 2547 4526 servient
2576 4472 2621 4524 ei
2650 4471 2744 4524 sub
2768 4471 2898 4541 jugo
2920 4485 3018 4522 uno
3046 4467 3232 4538 (Soph.
3263 4468 3314 4521 3.
3337 4465 3424 4535 10)
3456 4483 3468 4518 :
3496 4475 3549 4520 et
3575 4462 3720 4516 alius

2132 4565 2364 4618 iterum:
2407 4561 2559 4632 Virgo
2616 4561 2782 4615 Israel
2849 4561 2994 4630 lapsa
3051 4569 3161 4621 est,
3203 4574 3302 4611 non
3357 4565 3576 4624 resurget
3603 4569 3723 4605 am-

2132 4655 2264 4724 plius
2291 4653 2468 4722 (Amos
2499 4654 2550 4708 5.
2578 4653 2659 4723 2).
2689 4651 2873 4706 Daniel
2916 4660 3092 4704 autem
3147 4649 3260 4702 hazc
3305 4646 3481 4702 omnia
3530 4653 3720 4713 aperte

2130 4757 2313 4801 narrat
2337 4764 2349 4800 :
2377 4747 2624 4800 universa
2651 4758 2844 4812 nempe
2885 4741 3113 4798 tollenda
3141 4755 3259 4795 esse
3283 4781 3297 4804 ,
3344 4739 3570 4793 hostiam
3595 4777 3610 4802 ,
3635 4736 3716 4789 li-

2132 4839 2355 4904 bamen,
2397 4835 2703 4891 unctionem
2729 4875 2744 4898 ,
2784 4833 3060 4904 judicium.
3107 4832 3298 4886 Verum
3322 4830 3437 4884 hcce
3457 4869 3472 4894 ,
3505 4825 3725 4897 quando

2130 4935 2386 4986 adversus
2458 4927 2672 4984 Judazos
2721 4941 3023 5004 sermonem
3094 4924 3471 4986 instituemus,
3522 4918 3727 4974 clarius

2132 5021 2408 5092 fusiusque
2460 5018 2864 5089 explicabimus.
2918 5016 3132 5071 Interim
3179 5028 3306 5069 vero
3354 5013 3404 5066 in
3449 5009 3717 5065 destinata

2135 5126 2415 5184 pergamus
2438 5113 2522 5166 via
2542 5151 2558 5177 ,
2589 5110 2987 5179 Gentiliumque
3025 5107 3419 5166 contentionem
3461 5100 3719 5155 retunda-

2132 5221 2277 5260 mus.
2308 5203 2423 5258 Non
2472 5203 2564 5258 tibi
2592 5203 2698 5256 dixi
2729 5209 2969 5256 mortuos
3012 5197 3295 5254 suscitatos
3314 5235 3329 5259 ,
3362 5194 3444 5248 vel
3475 5193 3719 5262 leprosos

2134 5296 2417 5352 muudatos
2442 5337 2457 5362 ,
2507 5309 2575 5348 ne
2619 5293 2826 5348 diceres
2863 5293 2977 5344 bzec
3018 5287 3293 5343 mendacia
3337 5299 3492 5350 esse,
3521 5283 3715 5336 fastum

2132 5397 2188 5444 et
2218 5386 2440 5441 fabulas.
2471 5382 2599 5451 Quis
2631 5382 2806 5436 vidit?
2847 5381 2968 5451 quis
3019 5377 3260 5432 audivit?
3290 5375 3456 5430 lidem
3502 5372 3600 5442 ipsi
3627 5385 3717 5442 qm

2135 5484 2414 5530 narrarunt
2457 5474 2766 5534 cruciﬁxum
2816 5479 2867 5525 et
2906 5469 3144 5539 colaphis
3172 5481 3370 5522 caesum
3395 5508 3410 5531 ,
3442 5465 3514 5519 illi
3557 5463 3716 5517 etiam

2138 5568 2253 5625 hazc
2281 5567 2547 5622 dixerunt.
2575 5565 2680 5620 Cur
2729 5579 2856 5634 ergo
2887 5563 2989 5617 ﬁde
3031 5562 3220 5633 dignos
3263 5563 3315 5612 in
3374 5559 3477 5612 illis
3519 5565 3712 5626 putas,

2137 5660 2189 5714 in
2236 5658 2351 5712 istis
2395 5671 2523 5712 vero
2585 5655 2727 5710 dicta
2777 5652 3121 5723 reprehendis
3161 5651 3312 5720 quasi
3391 5648 3500 5701 brec
3564 5655 3710 5711 gesta

2140 5767 2246 5807 non
2281 5750 2429 5804 sint?
2457 5748 2611 5819 Atqui
2639 5747 2683 5801 si
2721 5746 2787 5801 ad
2815 5744 3050 5815 magistri
3081 5739 3304 5809 gratiam
3337 5737 3453 5792 hzec
3483 5732 3710 5803 scripse—
