3920 6360
181 419 303 475 855
764 414 1043 472 CONTRA
1082 413 1374 472 Π]οΕοὸ
1412 413 1503 470 ΕΤ
1538 411 1902 481 GENTILES,
1942 413 2135 483 QUOD
2172 413 2524 472 CHRISTUS
2564 412 2922 473 81Τ,Ι)Ευ5.
3356 414 3462 469 836

186 528 628 601 περιγενόμενοι,
649 528 744 584 καὶ
776 528 1048 602 ἀναιμωτί
1072 524 1339 601 πολλαχοῦ
1369 524 1623 602 πολέμων
1642 520 1779 604 κραὶ
1886 532 2008 587 τῶν
2036 531 2318 602 ποταμῶν
2362 529 2725 596 Βαϐυλῶνος
2762 530 2890 584 ἐκεῖ
2931 528 3320 598 ἐκαθίσαμιν,
3367 529 3467 581 καὶ

180 620 481 690 τήσαντες,
512 618 607 704 καί
639 619 876 692 τρόπαια
923 622 1094 694 μυρία
1136 623 1434 694 στήσαντες
1474 623 1637 677 καινὰ
1685 618 1780 677 καὶ
1885 625 2290 694 ἐκλαύσαμεν,
2330 623 2418 677 ὅτι
2451 622 2848 690 ἐπηρώτησαν
2884 620 3043 704 ἡμᾶς
3079 622 3134 673 οἱ
3171 620 3469 689 αἰχμαλω-

184 711 497 784 παράδοξα,
530 702 679 765 οὗτοι
706 712 834 766 ναὸν
866 711 966 766 ἕνα
1002 710 1065 778 ἐξ
1093 704 1501 786 ἐκείνουμέχρι
1545 714 1645 785 τῆς
1682 714 1781 786 σή·
1810 722 1846 785 ς
1884 717 2208 783 τεύσαντες
2235 713 2394 786 ἡμᾶς
2426 715 2650 786 λόγους
2686 712 2874 781 ᾠδῶν.
2921 702 3054 779 Πῶς
3088 711 3319 782 ᾅσομεν
3352 709 3471 778 τὴν

186 819 363 875 μερον
399 802 753 875 οἰκοδομῆσαι
780 803 881 856 οὐκ
910 802 1139 873 ἴσχυσαν
1160 822 1174 837 ο
1218 807 1314 859 καί¹
1361 805 1539 859 ταῦτα
1585 804 1779 858 τοσού-
1883 805 2050 875 ᾠδὴν
2099 806 2323 875 Κυρίου
2351 805 2451 859 ἐπὶ
2500 804 2614 876 γῆς
2646 804 2971 872 ἀλλοτρίας
2991 820 3011 868 ;
3054 802 3166 856 Καὶ
3202 802 3322 855 οὐδὲ
3356 802 3469 871 ἔχει

184 912 302 948 των
329 892 600 966 βασιλέων
625 894 934 965 γενομένων
959 898 1052 951 καί
1086 898 1549 969 συμπραττόντων
1571 897 1777 963 αὐτοῖς,
1882 915 1966 961 τις
1993 900 2189 964 εἰπεῖν,
2227 898 2308 952 ὃτι
2345 897 2437 951 διὰ
2474 896 2573 968 τὴν
2611 897 2847 969 ἀπορίαν
2878 895 2985 949 τῶν
3024 895 3269 967 ὀργάνων
3308 894 3471 948 τοῦτο

184 987 290 1040 καὶ
322 986 560 1057 πλήθους
586 970 842 1042 τοσούτου
893 989 1038 1043 κατὰ
1081 989 1181 1061 τὴν
1224 988 1551 1061 οἰκουμένην
1617 1006 1780 1060 κεχυ-
1884 990 2134 1044 ἐποίουν·
2178 992 2275 1045 καὶ
2304 991 2415 1064 γὰρ
2447 990 2604 1045 αὐτοὶ
2632 990 2910 1044 τεθείκασι
2932 988 3030 1060 τὴν
3062 987 3243 1042 αἰτίαν
3288 987 3474 1041 mm.

188 1078 386 1150 μένου,
434 1079 530 1132 καὶ
572 1079 871 1151 χρημάτων
925 1081 1196 1136 τοσούτων
1242 1082 1425 1146 αὐτοῖς
1470 1081 1775 1154 παρόντων.
1880 1100 1974 1148 τες
1992 1099 2007 1114 ο
2032 1081 2169 1150 Πῶς
2190 1080 2424 1152 ᾆσομεν
2452 1081 2568 1152 τὴν
2588 1081 2755 1151 ᾠδὴν
2774 1081 2998 1151 Κυρίου
3019 1079 3117 1135 ἐπὶ
3148 1078 3264 1150 τῆς
3281 1079 3471 1134 ἀλλα

183 1165 350 1234 Εἶδες
387 1169 505 1234 πῶς
538 1170 682 1243 ἅπερ
722 1172 1095 1245 ᾠκοδόμησεν,
1152 1172 1331 1238 οὐδεὶς
1374 1173 1629 1239 καθεῖλε,
1681 1172 1779 1227 καὶ
1881 1173 2086 1241 τρίας;
2116 1173 2228 1226 Καὶ
2254 1172 2326 1227 τὰ
2358 1172 2567 1244 ὄργανα
2612 1172 2670 1226 δέ
2708 1172 2825 1243 μετ’
2867 1171 3049 1226 αὐτῶν
3081 1166 3170 1242 ἦν.
3210 1170 3309 1222 Ἐν
3353 1168 3468 1239 γὰρ

184 1262 341 1333 ειπερ
372 1262 642 1328 καθεῖλεν,
671 1264 847 1329 οὐδεὶς
887 1265 1265 1339 ᾠκοδόμησεν;
1312 1266 1642 1339 ’ῼκοδόμησε
1676 1266 1778 1338 τὴν
1879 1265 2012 1332 ταῖς
2035 1264 2216 1334 ἰτέαις
2235 1266 2489 1337 ἐνμέσῳ
2504 1263 2705 1320 αὐτῶν
2718 1263 3136 1335 ἐκρεμάσαμεν
3150 1263 3222 1318 τὰ
3241 1262 3468 1333 ὄργανα

196 1353 555 1426 Ἐκκλησίαν,
582 1356 679 1410 καὶ
713 1356 890 1421 οὐδεὶς
927 1358 1098 1429 αὐτὴν
1138 1357 1389 1413 καθελεῖν
1438 1356 1644 1414 δύναιτ’
1669 1357 1776 1413 ἀν’
1879 1356 2071 1428 ἡμῶν,
2101 1358 2285 1431 φησίν.
2339 1357 2480 1412 Ἀλλ’
2512 1348 2653 1412 ούδέ
2675 1356 2936 1429 νηστείαν
2981 1354 3264 1427 νηστεύειν
3306 1354 3459 1425 ἐξῆν.

184 1446 458 1501 κατέλυσε
476 1448 569 1501 τὸν
591 1448 740 1516 ναὸν,
776 1450 870 1503 καὶ
884 1450 1063 1514 οὐδεὶς
1092 1450 1257 1505 αὑτὸν
1281 1451 1585 1522 ἀναστῆσαι
1614 1449 1779 1505 δύνα-
1880 1450 1994 1505 Καὶ
2018 1450 2178 1506 τοῦτο
2205 1450 2382 1524 δηλῶν
2409 1451 2595 1516 αὐτοῖς
2622 1452 2651 1505 6
2678 1451 2966 1523 προφήτης
2995 1449 3148 1520 ἔλεγε
3169 1467 3184 1480 ·
3220 1449 3277 1505 Μ
3281 1452 3320 1521 ἡ
3364 1469 3466 1520 νη-

182 1553 302 1601 ται,
343 1539 438 1592 καὶ
464 1538 639 1594 ταῦτα
683 1542 742 1595 ἐν
779 1542 957 1615 χρόνῳ
988 1540 1134 1596 οὕτω
1189 1542 1406 1616 μακρῷ.
1456 1544 1651 1599 Καίτοι
1679 1542 1775 1597 καὶ
1879 1539 2092 1595 στείαν
2118 1540 2563 1619 νενηστεύκατέ
2583 1558 2687 1611 μοι
2721 1539 2826 1611 ἐτη
2849 1540 3280 1611 ἐϐδομήκοντα,
3302 1538 3469 1611 λέγει

182 1629 398 1703 ταύτην
445 1630 695 1686 καθελεῖν
747 1634 1131 1705 ἐπεχείρησαν,
1186 1634 1303 1689 ἀλλ’
1361 1635 1464 1690 οὐκ
1517 1634 1773 1707 ίσχυσανο
1877 1632 2132 1702 Κύριος;
2160 1632 2283 1686 Ὅτι
2333 1631 2392 1686 δὲ
2443 1631 2566 1688 οὐδὲ
2617 1631 2801 1697 θύειν,
2834 1632 2957 1686 οὐδὲ
3015 1628 3264 1687 σπένδειν
3314 1630 3465 1703 ἐξῆν,

185 1723 445 1776 κάκεῖνον
489 1724 790 1796 ἀναστῆσαι
848 1726 1208 1796 ἐσπούδασαν,
1254 1725 1374 1783 ἀλλ’
1425 1726 1527 1784 οὐκ
1585 1727 1776 1805 ἐδυνή-
1878 1724 2113 1780 ἄκουσον
2143 1724 2254 1780 τῶν
2275 1725 2442 1798 τριῶν
2480 1724 2688 1780 παίδων
2712 1725 3001 1795 λεγόντων,
3024 1727 3147 1781 Οὐκ
3168 1725 3342 1781 ἔστιν
3362 1725 3467 1794 ἄρα

186 1814 387 1887 θησαν.
1878 1834 2022 1889 χων,
2057 1817 2201 1873 οὐδὲ
2227 1817 2562 1888 προφήτης,
2615 1817 2760 1873 οὐδὲ
2807 1819 3164 1890 ἡγούμενος,
3189 1816 3333 1872 οὐδέ
3376 1816 3468 1872 τό·

1877 1929 1995 1980 πος
2027 1913 2135 1967 τοῦ
2163 1912 2474 1982 καρπῶσαι
2498 1911 2757 1967 ἐνώπιόν
2785 1926 2902 1967 σου
2928 1911 3030 1966 καὶ
3052 1911 3249 1981 εὑρεῖν
3266 1911 3462 1977 ἕλεος.

1879 2004 1995 2058 Οὐκ
2039 1999 2212 2070 εἶπεν,
2247 2005 2364 2060 Οὐκ
2404 2004 2555 2060 ἐστιν
2595 2004 2795 2077 ἱερεὺς,
2832 2004 3089 2077 παρῆσαν
3120 2003 3227 2076 γὰρ
3266 2004 3462 2075 ἱερεῖς·

1878 2094 1996 2151 ἀλλ’
2024 2096 2113 2150 ἵνα
2144 2096 2325 2169 μάθῃς
2349 2098 2433 2151 ὅτι
2456 2097 2519 2150 τὸ
2538 2098 2648 2150 πᾶν
2672 2094 2767 2150 τοῦ
2798 2095 2965 2149 τόπου
3001 2090 3090 2166 ἦν,
3121 2094 3216 2148 καλ⁵
3244 2096 3278 2167 ή
3309 2108 3468 2164 νομο-

1878 2193 2033 2243 θεσία
2064 2192 2217 2244 πᾶσα
2236 2172 2361 2243 ἐκεῖ
2381 2188 2710 2252 συνεδέδετο,
2741 2182 2917 2252 εἷπεν,
2952 2188 3076 2241 Οὐκ
3095 2185 3228 2240 ἐστι
3255 2184 3462 2251 τόπος.

1877 2281 1990 2335 Καὶ
2024 2281 2077 2335 τί
2109 2281 2256 2351 λέγω
2284 2281 2434 2335 θύειν
2466 2280 2564 2335 καὶ
2615 2281 2900 2349 σπένδέιν;
2935 2278 3058 2333 οὐδὲ
3095 2276 3285 2341 ἁπλῶς
3324 2278 3465 2331 ἀνα-

1876 2372 2080 2443 γνῶναι
2101 2373 2192 2429 τὸν
2211 2374 2517 2447 νόμονέξῆν
2540 2373 2746 2437 αὐτοῖς·
2772 2374 2867 2428 καὶ⁸
2888 2370 3197 2443 τοῦτόςπστε
3212 2369 3466 2441 ἐγκαλῶν

1876 2465 2064 2537 ἕτερος
2095 2467 2379 2539 προφήτης
2396 2467 2579 2537 ἔλεγε·
2608 2466 2716 2523 Kal
2731 2465 3087 2537 ἀνέγνωσαν
3107 2464 3225 2531 ἔξω
3250 2463 3462 2534 νόμον,

1877 2557 1978 2611 καί
1993 2557 2444 2613 ἐπεκαλέσαντο
2462 2559 2789 2631 ὁμολογίαν
2802 2577 2815 2590 ·
2831 2558 2892 2611 06
2910 2557 3113 2629 πάσχα,
3125 2556 3187 2610 06
3204 2573 3467 2627 πεντηκο-

1879 2648 2032 2720 στὴν,
2061 2649 2124 2704 οὐ
2150 2650 2552 2721 σκηνοπηγίαν,
2579 2651 2679 2705 οὐκ
2701 2650 2830 2705 ἀλλο
2854 2650 2962 2705 τῶν
2986 2649 3246 2705 τοιούτων
3277 2651 3464 2704 ἐπιτε-

1875 2740 2032 2796 λέσαι
2069 2741 2245 2797 οὐδέν.
2303 2743 2444 2798 Ἀλλ’
2482 2743 2631 2815 ὅμως
2682 2743 2906 2809 εἰδότες,
2941 2745 3024 2799 ὅτι
3055 2743 3231 2799 ταῦτα
3280 2741 3464 2798 πάντα

1875 2832 2200 2890 ἀπέκλεισεν
2229 2834 2417 2899 αὐτοῖς
2450 2837 2484 2907 ή
2524 2832 2674 2908 [582]
2702 2834 2797 2889 τοῦ
2829 2835 2997 2890 τόπου
3026 2837 3330 2908 ἐρήμωσις,
3356 2837 3464 2893 κᾶν

257 1951 621 2025 Συνεχωρήθη
646 1952 703 2009 δὲ
730 1954 828 2009 καὶ
855 1953 1012 2009 τοῦτο
1030 1995 1045 2021 ,
1084 1955 1172 2011 ἵνα
1213 1955 1402 2028 μηδεὶς
1427 1955 1523 2030 ἔχῃ
1548 1956 1729 2029 λέγειν
1753 1996 1771 2024 ,

180 2042 269 2097 ὅτι
304 2046 354 2096 εἰ
383 2044 747 2117 ἐπεχείρησαν
768 2085 784 2110 ,
817 2045 1042 2116 ἴσχυσαν
1080 2045 1164 2100 ἄν.
1207 2046 1340 2100 Ἰδοὺ
1376 2047 1507 2117 γοῦν
1530 2049 1625 2101 καὶ
1648 2050 1774 2103 ἐπε-

179 2138 473 2210 χείρησαν,
517 2141 613 2194 καὶ
654 2140 806 2193 οὐδὲν
843 2140 1207 2213 ἠδυνήθησαν.
1237 2141 1348 2194 Καὶ
1378 2140 1488 2213 γὰρ
1531 2140 1625 2193 ἐπὶ
1672 2138 1776 2210 τῆς

181 2233 383 2299 γενεᾶς
409 2230 508 2304 τῆς
541 2233 813 2305 ἡμετέρας
834 2233 863 2285 ό
901 2234 1110 2309 πάντας
1138 2230 1218 2298 εἰς
1244 2233 1496 2287 ἀσέϐειαν
1543 2234 1772 2304 νικήσας

184 2323 447 2395 βασιλεὺς
484 2326 578 2378 καὶ
625 2325 825 2380 ἔδωκεν
876 2325 1125 2392 ἐξουσίαν
1163 2325 1287 2380 τότε
1314 2327 1408 2380 καὶ
1440 2324 1768 2397 συνέπραξε,

182 2419 282 2473 καὶ
324 2419 422 2472 106
465 2419 628 2491 ἔργου
657 2419 886 2489 ἥψαντο,
919 2420 1014 2474 καὶ
1043 2418 1166 2473 οὐδὲ
1216 2420 1413 2492 μικρὸν
1452 2418 1772 2493 προσελθεῖν

184 2511 556 2581 ἠδυνήθησαν,
587 2512 723 2567 ἀλλά
754 2512 868 2585 πῦρ
887 2514 996 2567 ἀπὸ
1025 2511 1133 2565 τῶν
1165 2511 1431 2584 θεμελίων
1454 2511 1772 2584 ἐκπηδῆσαν

185 2604 400 2668 πάντας
427 2605 626 2669 αὖτοὺς
656 2606 957 2677 ἀπήλασεν.
997 2607 1123 2660 Ὀτι
1155 2606 1212 2660 δὲ
1244 2605 1645 2678 ἠϐουλήθησαν,
1675 2603 1772 2659 καὶ

183 2696 376 2751 τούτου
407 2697 608 2767 δεῖγμά
628 2699 774 2752 ἐστιν
805 2698 910 2762 ἕως
934 2698 1026 2752 τοῦ
1060 2698 1155 2753 νῦν
1193 2698 1264 2753 τὰ
1303 2698 1532 2771 θεμέλια
1550 2714 1773 2770 γυμνω-

184 2787 370 2854 θέντα,
411 2788 498 2842 ῖνα
545 2789 713 2861 εἰδῇς,
745 2790 826 2843 ὅτι
855 2789 1221 2862 ἐπεχείρησαν
1249 2791 1348 2861 μὲν
1389 2790 1772 2860 διασκάπτειν,

180 2880 621 2951 οἰκοδομῆσαιδέ
646 2881 745 2935 οὐκ
782 2882 1032 2951 ίσχυσαν,
1070 2880 1173 2951 τῆς
1199 2882 1528 2951 ἀποφάσεως
1564 2882 1773 2955 ταύτης

179 2971 653 3044 ἀντιπραττούσης
683 2973 885 3037 αὐτοῖς.
923 2972 1118 3028 Καίτοι
1146 2990 1210 3042 γε
1241 2974 1334 3027 καὶ
1365 2973 1465 3045 ήδη
1496 2974 1767 3047 κατελύθη

179 3064 212 3117 6
228 3064 360 3127 ναὸς
379 3056 555 3128 οὗτος,
573 3063 666 3117 καὶ
686 3064 824 3135 μετὰ
845 3063 1215 3136 ἐϐδομήκοντα
1229 3064 1323 3136 ἐτη
1342 3064 1767 3133 ἐπανελθόντων,

181 3155 392 3220 εὐθέως
419 3155 640 3228 ἀνέστη,
676 3156 769 3210 καὶ
811 3155 1188 3227 λαμπρότερος
1243 3156 1337 3210 τοῦ
1386 3157 1652 3230 προτέρου
1678 3158 1767 3227 γέ-

183 3266 309 3319 γονε
330 3263 344 3276 ·
372 3250 468 3302 καὶ
511 3248 729 3318 λέγουσι
764 3248 957 3314 τοῦτο,
990 3247 1142 3322 [581]
1189 3251 1284 3304 καὶ
1315 3251 1767 3322 προαναφωνοῦσι

185 3341 316 3411 πρὶν
349 3339 604 3409 γενέσθαι
644 3342 695 3394 οἱ
726 3343 1023 3413 προφῆται.
1066 3343 1180 3397 Νῦν
1208 3343 1266 3397 δὲ
1317 3342 1767 3416 τετρακοσιοστὸν

180 3431 303 3496 ῑτος
337 3432 611 3505 ὑπερέϐη,
652 3434 749 3489 καὶ
775 3434 895 3488 ούδέ
921 3434 1099 3489 ἔννοιά
1138 3453 1243 3499 τις,
1286 3435 1409 3489 οὐδὲ
1446 3435 1764 3506 προσδοκία,

177 3512 302 3579 οὐδὲ
331 3524 486 3588 ἐλπὶς
521 3525 616 3579 τοῦ
651 3525 933 3595 φανεῖσθαι
981 3527 1143 3581 πάλιν
1180 3528 1364 3583 αὐτόν.
1395 3528 1587 3582 Καίτοι
1619 3529 1673 3582 τί
1704 3530 1767 3585 τὺ

180 3618 395 3672 κωλῦον
419 3613 507 3691 ἦν.
533 3619 583 3673 εἰ
611 3619 685 3691 μὴ
712 3619 832 3676 θεία
852 3619 1080 3692 δύναμις
1103 3616 1172 3694 ἦν
1190 3624 1221 3693 ή
1242 3621 1675 3690 ἀντιπίπτουσας
1702 3623 1763 3678 06

177 3710 481 3782 χρημάτων
535 3712 823 3783 περιουσία
874 3713 1043 3786 πολλὴ
1081 3715 1211 3787 παρ’
1262 3716 1487 3783 αὑτοῖς;
1537 3717 1599 3770 ού
1639 3717 1766 3783 τοὺς

177 3803 441 3858 ἁπάντων
486 3804 827 3875 πανταχόθεν
875 3805 1073 3877 φόρους
1124 3807 1371 3877 συνάγων
1425 3811 1454 3863 6
1494 3809 1766 3882 πατριάρ-

180 3910 287 3965 χης
311 3932 329 3957 ,
355 3892 620 3965 ἀπείρους
656 3891 922 3966 κέκτηται
953 3894 1298 3968 θησαυρούς;
1342 3897 1443 3952 οὐκ
1483 3900 1674 3971 ἰταμὸν
1701 3900 1764 3954 τὸ

1873 3017 2030 3090 δίκην
2077 3017 2269 3071 τούτου
2300 3017 2558 3082 διδόασιν,
2598 3019 2701 3072 οὐκ
2738 3017 2964 3088 ἴσχυσαν
2990 3018 3083 3072 τὸν
3109 3016 3294 3086 τόπον,
3338 3013 3462 3090 ἐνῷ

1871 3111 2046 3165 ταῦτα
2069 3111 2247 3165 πάντα
2292 3108 2420 3183 ἐξῆν
2445 3109 2589 3164 κατά
2609 3110 2773 3182 νόμον
2805 3110 3165 3182 πράττεσθαι,
3214 3114 3460 3184 ἀναστῆ-

1875 3219 1967 3257 σαι
1994 3202 2089 3256 καὶ
2124 3202 2339 3274 στῆσαι.
2388 3202 2456 3255 'H
2479 3201 2590 3274 γὰρ
2620 3201 2850 3271 δύναμις
2882 3202 2975 3257 τοῦ
3018 3204 3257 3277 Χριστοῦ
3282 3207 3317 3277 ή
3356 3206 3461 3279 τὴν

1886 3295 2213 3368 Ἐκκλησίαν
2246 3295 2673 3368 οἰκοδομήσασα,
2701 3295 2840 3369 αὕτη
2868 3298 2963 3352 καὶ
2997 3297 3187 3353 τοῦτον
3214 3298 3458 3356 καθεῖλε.

1872 3388 1985 3443 Καὶ
2040 3391 2270 3459 προεῖπε
2301 3390 2396 3443 καὶ
2454 3386 2615 3443 τοῦτο
2660 3391 2689 3445 6
2727 3390 3034 3463 προφήτης,
3063 3390 3147 3446 ὅτι
3185 3391 3281 3446 καὶ
3317 3410 3461 3465 παρ-

1872 3481 2029 3535 έσται
2071 3482 2100 3534 6
2137 3479 2373 3552 Χριστὸς
2422 3481 2519 3536 καὶ
2551 3479 2727 3536 ταῦτα
2754 3481 3073 3552 ἐργάσεται,
3103 3482 3284 3537 καίτοι
3314 3483 3460 3555 μετά

1870 3573 1971 3643 τὴν
2003 3571 2381 3644 αἰχμαλωσίαν
2403 3572 2715 3644 γενόμενος.
2747 3573 2949 3627 Ἄκουε
2972 3573 3030 3628 δὲ
3073 3574 3169 3629 καὶ
3203 3575 3259 3629 τί
3284 3592 3420 3647 φησι
3439 3591 3455 3607 ·

1870 3664 1985 3719 Καὶ
2029 3664 2101 3717 ἐν
2149 3663 2294 3734 ὑμῖν
2347 3663 2941 3733 συγκλεισθήσονται
2973 3665 3179 3733 θύραι,
3212 3665 3313 3720 καὶ
3340 3668 3456 3721 οὐκ

1871 3753 2166 3823 ἁνάψεται
2195 3752 2262 3808 τὸ
2292 3754 2730 3825 θυσιαστήριόν
2750 3775 2866 3825 μου
2904 3757 3154 3825 δωρεάν.
3187 3760 3308 3814 Οὐκ
3322 3760 3459 3815 ἐστι

1864 3863 1966 3916 μοι
1987 3847 2215 3916 θέλημα
2231 3846 2301 3902 ἔν
2323 3847 2485 3918 ὑμῖν,
2508 3847 2598 3903 ὅτι
2611 3848 2727 3902 ἀπὸ
2750 3846 3063 3905 ἀνατολῶν
3076 3848 3259 3918 ἡλίου
3276 3850 3457 3922 μέχρι

1869 3938 2121 4009 δυσμῶν
2143 3941 2211 3995 τὸ
2234 3941 2424 4011 ὄνομά
2450 3960 2565 4012 μου
2587 3941 2947 4007 δεδόξασται
2976 3945 3048 3998 ἐν
3070 3945 3195 4012 τοῖς
3223 3944 3454 4012 ἔθνεσι,

425 3984 438 4001 ο
950 3986 963 4006 ,
1122 3988 1134 4002 .
1406 3991 1419 4008 ,
1869 3982 2102 4009 νυνεηνυ
2147 3982 2209 3995 ’ν
2234 3982 2287 3995 ν’
2307 3982 2424 4011 Vr"
2450 3982 2561 4012 μνυ
2587 3982 2947 4007 νννυιιυυυιυη
2976 3982 3031 3998 ππ
3074 3982 3187 4012 ινα.
3223 3982 3395 4001 συισυ
3411 3982 3454 4012 ιο

179 3982 371 4105 Ξένῑῖλ
384 3983 1334 4105 3:?f::f.°¥”::i‘°::3:;‘99::“:in
1362 3991 1761 4105 giae???
1869 4032 1970 4086 και
1992 4031 2062 4085 έν
2091 4031 2272 4086 nam
2314 4033 2476 4096 τάπερ
2515 4033 2797 4103 θυμίαμά
2813 4051 2917 4103 μοι
2946 4034 3312 4105 προσάγεται
3352 4037 3456 4093 και

177 4074 242 4128 06
277 4073 684 4145 πολεμοποιόν;
725 4076 787 4129 06
828 4075 1014 4130 πολλοὶ
1054 4076 1196 4131 κατά
1225 4079 1326 4151 τὴν
1362 4080 1760 4153 Παλαιστίνην;

176 4165 242 4219 06
277 4165 462 4219 πολλοί
493 4166 638 4221 κατά
677 4165 777 4239 τὴν
811 4168 1095 4241 Φοινίκην,
1125 4170 1185 4223 06
1228 4170 1414 4226 πολλοὶ
1448 4175 1759 4244 πανταχῶς

181 4257 309 4322 Πῶς
340 4254 432 4313 οὖν
456 4260 557 4314 οὐκ
587 4258 813 4330 ἴσχυσαν
846 4261 941 4315 ἐνα
964 4263 1267 4334 ἀναστῆσαι
1295 4265 1440 4331 ναὸν,
1466 4268 1559 4321 καὶ
1586 4267 1762 4322 ταῦτα

176 4348 417 4419 δρῶντες
467 4350 568 4422 τὴν
630 4350 885 4424 λατρείαν
935 4353 1119 4416 αὐτοῖς
1169 4353 1418 4409 ἐντεῦθεν
1482 4357 1759 4429 πανταχοῦ

177 4439 584 4513 πεπεδημένην,
613 4443 708 4497 καὶ
732 4444 803 4499 τὰ
839 4444 1104 4500 Ἰουδαϊκὰ
1137 4445 1233 4517 ἔθη
1260 4448 1626 4521 ήφανισμένα,
1666 4451 1761 4506 καὶ

175 4531 247 4586 τὰ
274 4531 383 4585 τῶν
410 4532 630 4599 θυσιῶν,
653 4535 747 4588 καὶ
771 4533 842 4590 τά
883 4535 994 4591 τῶν
1023 4539 1370 4611 προσφορῶν,
1419 4540 1515 4594 καὶ
1559 4542 1628 4596 τά
1652 4541 1761 4597 τῶν

177 4620 353 4675 ἀλλων
394 4622 502 4677 τῶν
548 4624 806 4679 τοιούτων
849 4626 1097 4699 νομίμων
1151 4630 1494 4703 ἀνῃρημένα,
1548 4650 1764 4688 πεπαυ-

183 4714 500 4789 μένα;ούτε
533 4717 642 4792 γὰρ
669 4718 865 4789 στῆσαι
894 4719 1099 4791 βωμὸν,
1131 4721 1255 4776 οὔτε
1298 4722 1489 4778 θυσίαν
1539 4726 1760 4798 ἀνενεγ-

180 4811 320 4874 κεῖν,
356 4810 417 4863 06
449 4811 689 4878 σπεῖσαι,
711 4811 770 4864 06
793 4810 1061 4883 πρόϐατον
1086 4814 1372 4880 ἐπιθεῖναι,
1394 4816 1454 4869 06
1487 4817 1756 4890 θυμίαμα,

177 4901 280 4955 οὐκ
332 4901 642 4971 ἀναγνῶναι
689 4903 873 4975 νόμον,
906 4905 1006 4977 οὐχ
1037 4907 1230 4980 ἑορτὴν
1285 4908 1615 4979 ἐπιτελέσαι,
1658 4911 1758 4967 οὐκ

178 4992 307 5047 ἄλλο
336 5011 390 5047 τι
427 4993 534 5048 τῶν
568 4994 828 5052 τοιούτων
877 4996 1063 5062 αὐτοῖς
1090 5000 1249 5064 ἐκτὸς
1296 5000 1408 5056 τῶν
1462 5003 1753 5078 προθύρων

176 5086 404 5142 ἐκείνων
424 5088 571 5160 ἐξῆν.

1869 4126 2053 4181 θυσία
2088 4125 2337 4195 καθαρά.
2370 4120 2523 4189 Εἶδες
2550 4125 2667 4188 πῶς
2693 4125 2882 4196 σαφῶς
2910 4126 3003 4180 καὶ
3027 4125 3120 4180 τὸν
3145 4127 3454 4200 ἰουδαῖσμδν

1869 4216 2113 4281 ἐξέϐαλε,
2140 4218 2235 4271 καὶ
2270 4217 2363 4271 τὸν
2391 4214 2803 4287 χριστιανισμὸν
2851 4215 3018 4281 ἔδειξε
3056 4216 3452 4288 διαλάμποντα,

1868 4307 1961 4362 καὶ
1989 4305 2264 4377 πανταχοῦ
2290 4306 2390 4376 τῆς
2426 4307 2530 4377 γῆς
2569 4306 2967 4377 ἐκτεταμένον;
2998 4309 3107 4362 Καὶ
3131 4308 3222 4363 τὸν
3250 4310 3453 4381 τρόπον

1867 4397 1924 4451 δέ
1945 4398 2042 4469 τῆς
2078 4397 2332 4470 λατρείας
2378 4397 2647 4468 ἐδήλωσεν
2678 4396 2865 4469 ἕτερος
2902 4398 3095 4453 πάλιν·
3129 4401 3244 4455 Καὶ
3272 4418 3456 4471 προσῇ

1868 4486 2253 4558 κυνήσουσιν
2306 4487 2468 4556 αὐτῷ
2520 4488 2778 4554 ἕκαστος
2799 4491 2869 4544 ἐκ
2892 4491 2998 4546 τοῦ
3018 4491 3206 4548 τόπου
3237 4495 3450 4563 αὑτοῦ,

1867 4579 1969 4633 καὶ
1993 4574 2441 4634 δουλεύσωσιν
2470 4579 2630 4646 αὐτῷ
2662 4582 2783 4634 ὑπὸ
2827 4578 3004 4652 ζυγὸν
3032 4581 3144 4637 ἕνα
3162 4600 3177 4615 ⁸
3210 4585 3307 4638 καὶ
3332 4585 3454 4640 ἔτεα

1869 4688 1962 4744 ρος
1986 4670 2174 4724 πάλιν·
2204 4670 2505 4739 Παρθένος
2545 4669 2650 4725 τοῦ
2693 4669 2944 4739 Ἰσραὴλ
2986 4673 3335 4743 έσφαλλεν·
3374 4679 3449 4732 οὐ

1860 4765 1947 4836 μὴ
1978 4760 2219 4832 ἀναστῇ
2264 4762 2373 4817 ἔτι.
2430 4763 2539 4816 Καὶ
2597 4762 2627 4815 6
2659 4763 2860 4835 Δανιὴλ
2910 4763 2967 4817 δὲ
2997 4765 3184 4834 σαφῶς
3231 4766 3450 4823 ἅπαντα

1864 4858 2038 4911 ταῦτα
2067 4856 2354 4928 διηγεῖται,
2388 4855 2472 4909 ὅτι
2491 4853 2668 4909 πάντα
2697 4855 3017 4928 ἀρθήσεται,
3051 4857 3147 4911 καὶ
3172 4857 3333 4914 θυσία
3355 4861 3450 4914 καὶ

1867 4950 2095 5022 σπονδὴ,
2127 4949 2222 5003 καὶ
2254 4946 2462 5020 χρίσμα
2508 4946 2604 5001 καὶ
2638 4949 2833 5018 κρῖμα.
2878 4946 3042 5002 ’Λλλά
3098 4949 3273 5003 ταῦτα
3311 4951 3444 5022 μὲν,

1864 5043 2027 5115 ἡνίκα
2065 5043 2131 5096 ἂν
2168 5041 2305 5113 πρὸς
2344 5040 2631 5104 Ἰουδαίους
2662 5039 2932 5111 λέγωμεν,
2981 5042 3312 5115 σαφέστερον
3351 5045 3448 5098 καὶ

1863 5136 2153 5208 εὐρύτερον
2191 5134 2607 5205 ἀναπτύξομενι
2656 5134 2795 5198 τέως
2827 5136 2884 5189 δὲ
2929 5136 3028 5206 τῆς
3072 5136 3446 5210 προκειμένης

1783 5201 1813 5231 ι’
1863 5201 2117 5299 ἐχῶμεθα
2138 5224 2406 5291 ὀδοῦ,τῶν
2424 5201 2665 5297 ἀνοήτων
2693 5225 2959 5297 Ἑλλήνιον
3113 5201 3443 5298 φιλονεικίαν

247 5223 332 5290 ιζ’.
350 5224 509 5279 Ἀλλὰ
527 5228 620 5281 καὶ
637 5228 696 5280 ἐν
710 5226 991 5284 Βαϐυλῶνι
1007 5246 1138 5283 ποτε
1155 5232 1456 5303 γενόμενοι,
1471 5237 1570 5290 καὶ
1586 5208 1757 5306 ἀναγί

173 5318 462 5389 καζόμενοι
486 5319 641 5392 παρά
674 5319 783 5372 τῶν
829 5319 1105 5392 πολεμίων
1143 5321 1367 5391 ψάλλειν
1386 5364 1400 5385 ,
1436 5325 1536 5378 οὐκ
1562 5322 1715 5394 εἶξαν
1733 5368 1749 5393 ,
1858 5319 2213 5390 διορθοῦντες.
2235 5317 2374 5373 Οὖτε
2404 5319 2487 5372 σοὶ
2505 5320 2732 5390 νεκροὺς
2761 5314 2915 5372 εἶπον
2944 5320 3286 5392 ἐγερθέντας,
3317 5321 3443 5376 οὔτε

172 5411 294 5466 οὐδὲ
340 5413 678 5483 ὑπήκουσαν,
714 5412 1052 5484 αἰχμάλωτοι
1099 5415 1194 5468 καὶ
1233 5414 1410 5470 δοῦλοι
1439 5416 1590 5481 ὄντες
1634 5422 1748 5482 τοῖς
1857 5414 2092 5485 λεπροὺς
2124 5412 2572 5485 καθαρισθέντας,
2606 5413 2692 5466 ἵνα
2724 5415 2798 5484 μὴ
2824 5414 3009 5487 λέγῃς,
3029 5415 3211 5487 Ψευδῆ
3242 5415 3438 5482 ταῦτα,

174 5503 454 5567 δεσπόταις
501 5504 890 5558 κακοποιοῦσιν
924 5504 1151 5568 αὐτούς’
1188 5505 1324 5559 ἀλλά
1366 5507 1457 5559 καὶ
1492 5509 1748 5577 πατρίδος
1858 5506 2090 5577 κόμπος,
2122 5505 2318 5576 μῦθος,
2356 5503 2440 5567 τίς
2480 5500 2619 5570 εἶδες
2660 5505 2744 5568 τις
2781 5505 3049 5576 ἦκουσεν;
3085 5508 3147 5561 Οἰ
3190 5506 3440 5574 εἰπόντες

174 5593 494 5658 ἐκπεσόντες
534 5595 630 5649 καὶ
677 5593 1009 5666 ἐλευθερίας,
1052 5596 1149 5650 καὶ
1205 5596 1333 5667 περὶ
1368 5595 1430 5649 τὸ
1474 5596 1573 5669 ζῇν
1611 5598 1744 5651 αὐτὸ
1854 5597 1936 5651 ὅτι
1962 5595 2303 5668 ἐσταυρώθη,
2330 5595 2424 5649 καὶ
2459 5596 2553 5649 ἐπὶ
2583 5597 2789 5668 κόρρης
2821 5597 3035 5669 πληγὰς
3055 5597 3266 5664 ἐλαϐεν,
3289 5594 3437 5655 οῦτοι

174 5684 587 5750 κινδυνεύοντες,
613 5685 707 5739 καὶ
733 5686 809 5750 ὡς
836 5688 894 5740 ἐν
925 5686 1066 5759 μέσῃ
1093 5687 1281 5757 παγίδι
1306 5690 1426 5751 ταῖς
1451 5689 1608 5759 χερσί
1633 5689 1743 5743 τῶν
1852 5687 2028 5743 ταῦτα
2074 5688 2328 5758 εἰρήκασι
2351 5702 2364 5716 ο
2398 5684 2524 5748 Πῶς
2569 5679 2669 5740 οὖν
2723 5688 2783 5740 ἐν
2827 5688 3057 5753 ἐκείνοις
3090 5689 3437 5754 ἀξιοπίστους

171 5775 440 5830 λαϐόντων
467 5777 888 5848 ἀπειλημμένοι,
924 5778 1270 5849 κελευόμενοι
1304 5782 1401 5851 τὴν
1428 5781 1571 5853 ᾠδὴν
1596 5780 1741 5852 ᾄδειν
1852 5774 1995 5833 εἶναι
2021 5777 2275 5848 νομίζων,
2308 5779 2367 5831 ἐν
2382 5776 2591 5842 τούτοις
2615 5778 2964 5852 ἐπιλαμϐάνῃ
2982 5779 3090 5833 τῶν
3105 5780 3432 5854 εἰρημένων,

172 5867 382 5935 ἐκείνην
423 5868 520 5934 τὴν
540 5870 629 5924 διὰ
668 5870 775 5923 τῶν
821 5871 1089 5935 ὀργάνων.
1128 5872 1301 5937 οὕτως
1348 5874 1558 5938 ἔλεγον·
1606 5876 1736 5930 Ἑπί
1852 5870 1929 5937 ὡς
1958 5871 2018 5925 οὗ
2041 5868 2454 5941 γεγενημένων;
2480 5870 2672 5924 καίτοι
2705 5886 2768 5942 τε
2795 5872 2845 5925 εἶ
2873 5873 3008 5943 πρὸς
3042 5865 3204 5937 Χάριν
3234 5865 3329 5923 τοῦ
3347 5867 3428 5923 δι’

525 5964 799 6025 Ρλτιιοι..
847 5964 964 6025 Gn.
1017 5964 1065 6020 Χ
1082 5963 1205 6022 L\'l
1222 5963 1294 6023 il.

2830 5978 2837 5985 ί
3061 5971 3144 6031 20

1874 2926 2195 3000 ἐπιχειρῶσί
2246 2943 2378 2991 τισι,
2442 2926 2888 3000 παρανομοῦντες
2941 2928 3314 3001 ἐπιχειροῦσι,
3364 2931 3464 2985 καὶ
3564 2934 3571 2941 ’
