3920 6360
171 425 284 486 857

165 547 294 591 rum
322 595 334 604 ,
390 551 462 590 ac
503 544 708 591 temere
749 535 1052 605 frustraque
1087 532 1436 598 jactitarunt,
1473 545 1535 585 ea
1582 530 1780 584 tacuis-

163 637 322 690 sent,
374 642 502 698 quae
531 627 696 681 tristia
729 626 1188 696 ignominiosaque
1231 622 1374 692 apud
1422 622 1618 676 multos
1675 619 1790 674 lia-‘

168 718 475 772 Lebantur.
495 717 612 771 Jam
646 732 772 771 vero
792 717 867 771 illi
897 716 1085 771 borum
1109 714 1387 770 veritatem
1417 711 1777 778 declarantes,

165 808 222 863 in
281 808 398 862 illis
439 807 669 863 maxime
708 804 973 862 immorati
1000 815 1144 872 sunt,
1176 804 1463 873 omniaque
1501 802 1782 870 diligenter

166 899 510 968 COpioseque
541 906 875 966 tractarunt,
925 913 1027 953 nec
1056 913 1218 968 parvo
1253 911 1358 954 nec
1400 910 1592 964 magno
1641 907 1777 963 quo-

171 989 318 1056 piam
385 991 751 1056 prmtcrmisso
777 1029 794 1055 ,
848 989 943 1045 sed
987 990 1229 1060 insignis
1271 999 1325 1044 et
1373 987 1640 1040 miraculis
1666 985 1782 1056 plu-

169 1079 308 1133 rima
363 1088 692 1145 tacuerunt;
737 1081 791 1135 in
843 1080 1164 1135 cruciatibus
1192 1091 1369 1136 autem
1404 1087 1463 1132 et.
1514 1078 1609 1143 iis,
1661 1092 1780 1148 qua:

169 1171 542 1241 ignominiosa
603 1171 961 1240 videbantur,
1029 1173 1320 1242 plurimum
1379 1173 1778 1236 implorantes,

170 1263 358 1315 omnia
411 1276 603 1318 omnes
640 1271 887 1318 accurate
925 1272 1230 1318 narrarunt.
1261 1262 1456 1318 Verum
1491 1275 1620 1331 ergo
1651 1260 1781 1315 nihil

174 1353 376 1407 borum
408 1352 552 1422 apud
599 1362 651 1408 te
688 1369 1160 1423 commemorans,
1201 1354 1372 1425 signa,
1419 1355 1672 1424 inquam,
1728 1361 1783 1407 et

175 1445 445 1499 miracula
476 1485 491 1510 ,
521 1454 578 1500 ut
621 1460 686 1501 ex
742 1445 1033 1501 abundanti
1062 1460 1275 1502 omnem
1331 1444 1658 1514 impudentis
1683 1443 1784 1496 lin-

178 1553 298 1607 gua:
329 1537 576 1592 furorem
621 1534 964 1607 'compescam
993 1579 1010 1605 ,
1058 1553 1122 1593 ea
1170 1553 1290 1608 quae
1338 1553 1481 1592 nunc
1507 1537 1778 1600 videntur,

179 1645 302 1699 quum
346 1646 467 1699 pra:
510 1631 748 1684 omnium
798 1631 966 1687 oculis
1009 1631 1180 1699 posita
1254 1640 1378 1686 sunt
1407 1671 1422 1694 ,
1480 1645 1598 1699 quae
1665 1628 1784 1684 sole

183 1720 452 1794 clariora,
484 1736 608 1791 qua:
653 1722 850 1791 ubique
892 1723 946 1777 in
994 1731 1107 1777 toto
1161 1722 1292 1778 orbe
1338 1722 1616 1792 dispersa,
1661 1735 1780 1790 qua:

184 1815 504 1866 universum
567 1821 829 1882 occupant
873 1813 1165 1879 mundum,
1219 1822 1490 1883 totamque
1536 1822 1780 1866 naturam

185 1903 457 1958 excedunt
481 1942 499 1969 ,
545 1912 694 1973 gesta
721 1943 736 1968 ,
776 1919 894 1972 qua:
923 1904 1080 1957 unius
1125 1904 1216 1958 Dei
1243 1912 1398 1968 sunt,
1429 1919 1512 1968 ea,
1542 1903 1777 1972 inquam,

188 1994 239 2046 in
285 1993 530 2046 medium
563 1992 776 2047 adduxi.
823 1993 956 2059 Quid
980 1992 1114 2048 dicis
1139 2029 1155 2061 ,
1195 2009 1302 2047 non
1345 1993 1615 2048 suscitavit
1642 2008 1782 2048 mor-

191 2083 351 2137 uos?
379 2082 526 2136 Num
566 2083 695 2137 illud
739 2083 899 2138 etiam
942 2083 1122 2138 dicere
1174 2091 1359 2153 potes,
1408 2083 1678 2139 Ecclesiae
1728 2084 1782 2138 in

191 2173 321 2227 orbe
384 2188 497 2227 non
551 2175 723 2228 esse?
771 2176 854 2229 Au
901 2174 1050 2230 dicas
1080 2175 1285 2230 insidiis
1339 2191 1444 2230 non
1521 2176 1783 2245 appetitas

194 2278 352 2331 esse,
403 2281 517 2320 non
557 2281 839 2336 superasse
883 2281 983 2322 nec
1028 2267 1303 2324 victoriam
1356 2267 1672 2338 reportare?
1716 2271 1787 2326 At

197 2356 652 2437 quemadmodum
691 2357 798 2414 diei
837 2373 941 2414 non
969 2366 1145 2428 potest
1178 2360 1348 2414 solem
1393 2375 1498 2415 non
1525 2375 1679 2429 csse,
1708 2361 1787 2417 sic

198 2461 370 2520 neque
413 2450 538 2512 haec
578 2449 690 2506 dici
732 2459 976 2522 possunt.
1009 2450 1150 2519 Quid
1203 2454 1375 2523 ergo?
1419 2453 1610 2509 Annon
1639 2452 1787 2508 vides

755 419 1034 476 CONTRA
1072 417 1358 477 JUDAZOS
1397 422 1485 478 ET
1526 421 1891 488 CENTILES,
1930 418 2122 486 QUOD
2162 408 2510 474 CHRISTUS
2547 409 2655 465 Sl'l‘
2690 408 2891 465 DEUS.

3351 407 3460 464 838

1885 526 2092 582 Judaicl
2142 525 2328 596 templi
2384 526 2593 580 ruinam
2641 525 2694 579 in
2745 526 2906 580 totius
2963 524 3108 580 orbis
3178 537 3467 595 conspectu

1885 610 2154 688 positam?
2191 617 2300 672 Cur
2343 631 2450 671 non
2505 624 2682 671 tecum
2735 616 2838 671 hoc
2885 626 3138 686 reputas:
3171 617 3273 670 nisi
3327 617 3470 672 Deus

1885 718 2064 776 esset,
2094 709 2337 778 Deusque
2366 707 2518 762 fortis
2543 746 2560 774 ,
2587 705 2857 778 quomodo
2884 708 3118 762 cultores
3147 706 3262 777 ejus
3289 708 3466 763 vexati

1883 800 2209 870 etexagitatl
2236 801 2308 853 ita
2351 807 2682 864 creverunt,
2715 798 2804 868 qui
2845 807 3024 853 autem
3051 799 3200 853 illum
3255 801 3466 854 crucili-

1884 900 2119 956 xerunt,
2172 900 2224 945 et
2284 891 2578 956 lmseruut‘,
2650 890 2725 944 ita
2765 889 2959 958 deiecti
3026 900 3195 956 sunt,
3251 897 3310 943 ut
3361 900 3468 944 tota

1884 982 2156 1053 republica
2205 998 2299 1036 sua
2335 980 2686 1046 exciderent,
2730 988 2786 1034 et
2836 980 2987 1048 vagi,
3043 995 3296 1043 errones,
3343 995 3469 1048 pro-

1883 1074 1995 1146 fugi
2017 1075 2378 1140 circumeant,
2409 1088 2507 1127 nec
2551 1073 2888 1143 quantumvis
2915 1072 3166 1127 diuturno
3227 1081 3470 1141 tempore

1883 1169 2196 1225 alterutrum
2238 1181 2424 1223 eorum
2463 1166 2696 1222 solutum
2725 1173 3092 1234 mutatumque
3144 1165 3266 1218 est?
3307 1165 3470 1233 Atqui

1883 1263 2140 1318 adversus
2159 1261 2459 1316 Romanum
2477 1259 2754 1329 imperium
2777 1257 2852 1324 bi,
2879 1257 3066 1320 Judaai,
3094 1257 3330 1326 inquam,
3360 1255 3473 1309 bcl-

1884 1355 1994 1409 lum
2023 1361 2409 1424 susceperunt,
2454 1366 2605 1405 arma
2657 1357 2970 1413 moverunt,
3016 1347 3288 1416 multoque
3331 1356 3471 1400 tem—

1882 1459 2016 1515 pore
2059 1445 2186 1500 illud
2240 1450 2650 1513 oppugnarunt,
2693 1441 2800 1495 imo
2875 1437 3158 1508 aliquando
3204 1438 3469 1502 vicerunt,

1884 1551 1985 1591 nec
2028 1551 2190 1605 parva
2220 1536 2431 1605 negotia
2463 1535 2702 1589 fecerunt
2727 1531 2976 1601 Augustis
3007 1530 3145 1584 illius
3171 1527 3427 1597 temporis
3447 1543 3472 1585 :

1887 1637 2028 1681 tanta
2077 1638 2231 1682 erant
2297 1627 2534 1696 potentia
2594 1625 2863 1680 instructi.
2919 1626 3167 1678 Attamen
3215 1620 3305 1690 qui
3353 1634 3475 1674 cum

1887 1725 1966 1772 tot
1991 1716 2404 1788 lmperatoribus
2429 1716 2569 1772 bella
2617 1723 2944 1787 gesserunt,
2991 1713 3081 1783 qui
3128 1721 3269 1766 tanta
3316 1725 3478 1782 pecu-

1883 1809 2096 1865 niarum
2130 1848 2146 1874 ,
2203 1823 2522 1876 armorum,
2589 1807 2817 1861 militum
2889 1806 2940 1858 vi
3008 1803 3314 1874 pollebant,
3385 1801 3480 1870 qui

1882 1903 2050 1958 duces
2100 1901 2410 1956 innumeros
2454 1900 2801 1969 repulerunt,
2845 1912 3007 1952 unum
3049 1897 3285 1952 excitare
3337 1905 3478 1949 tem-

1881 1995 2035 2065 plum
2087 2007 2192 2045 non
2236 1999 2565 2061 potuerunt;
2615 1989 2708 2044 sed
2755 2001 3051 2060 synagogas
3103 1985 3317 2055 quidem
3379 1998 3478 2054 per

1884 2087 2045 2141 urbes
2071 2090 2390 2140 exstruxere
2431 2082 2659 2146 multas;
2692 2080 2865 2135 locum
2911 2092 3037 2132 vero
3065 2075 3213 2130 illum
3256 2074 3345 2144 qui
3376 2074 3480 2128 rei-

1890 2178 2115 2250 publica:
2167 2189 2278 2230 Sua:
2323 2173 2525 2244 praebet
2553 2171 2923 2227 auctoritatem
2950 2210 2966 2236 ,
2995 2167 3085 2223 ubi
3121 2181 3334 2222 omnem
3364 2165 3482 2220 cul-

1889 2278 2000 2324 tum
2048 2270 2362 2339 persolvere
2415 2272 2842 2330 consueverant,
2913 2271 3073 2332 atque
3112 2257 3253 2314 unde
3299 2255 3481 2313 Judai-

1889 2373 2038 2414 smus
2057 2358 2432 2428 constituitur,
2466 2355 2606 2412 hunc
2625 2396 2641 2426 ,
2672 2354 2888 2425 inquam
2918 2393 2932 2422 ,
2961 2351 3136 2408 solum
3183 2350 3483 2405 instaurare

1892 2468 1998 2510 non
2038 2461 2345 2524 potuerunt.
