3920 6370
454 417 555 469 ΕΞΤ)

1240 423 1528 477 δολδχιδ
1567 423 2059 482 cumsosrotu
2101 428 2420 484 ARClllEP.
2465 429 3016 490 CONSTANTINOP.

3597 441 3705 513 διο,

456 600 3674 670 W

454 628 2628 654 Ἦ

988 857 1109 943 ΙΝ
1211 857 1642 950 LIBROS
1721 857 2040 950 OCTO
2133 857 2616 958 CONTRA
2699 863 3196 960 JUDIEOS

1152 1232 1164 1264 ι
1717 1147 2434 1269 MONITUM.

531 1605 641 1660 llas
691 1613 881 1660 contra
933 1605 1152 1662 Iudaeos
1211 1611 1648 1668 concertationes
1708 1622 2033 1669 memoratas

457 1709 694 1764 vidimus
731 1709 869 1762 libro
902 1711 1252 1778 praecedenti,
1281 1727 1389 1766 non
1421 1715 1579 1784 quasi
1605 1715 1720 1785 jam
1753 1715 2035 1770 institutas

457 1818 510 1866 et
545 1812 597 1865 in
629 1812 860 1880 publicis
884 1814 1241 1868 conciouibus
1279 1816 1515 1882 habitas,
1565 1817 1661 1872 sed
1701 1818 1862 1888 quasi
1897 1833 2035 1888 prae-

457 1921 681 1981 paratas
713 1930 726 1966 :
766 1911 958 1967 Daniel
984 1923 1186 1976 autem,
1226 1914 1406 1984 inquit
1442 1915 1891 1988 Chrysostomus,
1924 1921 2035 1973 lucc

457 2013 636 2064 omnia
672 2023 848 2080 aperte
874 2023 1088 2077 narrat,
1123 2016 1363 2068 universa
1403 2032 1583 2085 nempe
1614 2017 1847 2072 tollenda
1899 2035 2031 2085 esse,

458 2113 708 2175 hostiam,
741 2112 988 2178 libamen,
1019 2115 1338 2179 unctionem,
1362 2114 1650 2184 judicium.
1680 2115 1872 2170 Verum
1901 2119 2035 2187 Itarc,

456 2213 672 2280 quando
730 2213 983 2266 adversus
1033 2212 1251 2268 Judwos
1318 2232 1609 2270 sermonem
1670 2219 2029 2287 instituemus,

458 2315 661 2366 clarius
697 2314 971 2385 fusiusque
1026 2317 1407 2384 explicabimus
1431 2334 1450 2372 :
1490 2317 1647 2372 Ἀλλὰ
1679 2319 1850 2373 ταῦτα
1911 2319 2036 2390 μὲν,

457 2418 622 2487 ἡνίκα
665 2416 730 2470 ἂν
766 2419 904 2489 πρὸς
923 2420 1050 2481 τοὺς
1073 2419 1359 2484 Ἰουδαίους
1391 2420 1671 2493 λέγωμεν,
1699 2425 2035 2497 σαφέστερον

457 2519 552 2571 καὶ
581 2518 875 2591 εὐρύτερον
912 2521 1314 2594 ἀναπτὺξομεν.
1359 2521 1510 2579 Hanc
1541 2541 1669 2580 vero
1701 2537 2035 2597 postremam

457 2619 812 2675 Judaicorum
849 2623 1052 2678 rituum
1098 2625 1542 2694 reprobationem
1595 2627 2038 2699 solutionemque

459 2724 770 2790 advenisse,
801 2722 941 2790 fuse,
973 2734 1035 2780 ut
1075 2725 1352 2796 pollicitus
1379 2739 1518 2794 erat,
1551 2728 1898 2786 demonstrat
1945 2731 2036 2786 ille

461 2825 513 2877 in
554 2825 638 2880 his
670 2835 862 2880 contra
893 2824 1111 2882 Judmos
1164 2829 1430 2892 homiliis,
1489 2830 1726 2884 maxime
1782 2846 1912 2885 vero
1982 2831 2037 2886 in

457 2927 706 2998 quinque
767 2929 1004 2995 ultimis,
1043 2931 1169 2996 ubi,
1222 2933 1445 2988 homilia
1482 2950 1679 3004 nempe
1711 2934 1926 3004 quinta,
1968 2951 2036 2990 ex

464 3028 687 3086 Datiiele
740 3033 1044 3102 pnesertim
1097 3035 1202 3090 hoc
1233 3046 1617 3106 argumentum
1653 3038 2031 3108 prosequitur.

463 3130 557 3186 liae
590 3143 772 3188 autem
813 3137 1054 3207 quinque
1081 3136 1286 3192 ultima:
1314 3153 1481 3203 anno,
1524 3147 1586 3193 ut
1624 3147 1902 3209 putamus,
1935 3139 2042 3195 587

463 3235 663 3290 habitae
698 3247 846 3292 sunt.
881 3237 1014 3294 Vide
1048 3241 1101 3294 in
1132 3239 1338 3295 hlonito
1369 3241 1721 3311 przecedenti.

535 3337 897 3394 Homiliarum
931 3340 1067 3395 ordo
1116 3357 1225 3396 non
1272 3357 1416 3399 unus
1483 3344 1738 3414 idemque
1795 3343 2038 3408 occurrit

463 3447 572 3491 tam
605 3440 658 3491 in
692 3440 874 3504 editis,
927 3456 1092 3510 quam
1137 3441 1192 3494 in
1239 3442 1648 3511 manuscriptis.
1701 3441 1874 3498 David
1908 3441 2041 3498 llat-

457 3538 724 3604 schelius,
775 3554 936 3608 quem
980 3551 1202 3597 secutus
1243 3552 1329 3596 est
1373 3540 1580 3597 Fronto
1641 3541 1892 3612 Ducazus,
1943 3559 2041 3601 sex

463 3654 865 3715 consequenter
895 3655 1087 3702 contra
1125 3645 1349 3702 Judzeos
1401 3647 1556 3716 ponit
1606 3646 1904 3714 homilias;
1955 3649 2043 3702 ni-

465 3746 664 3799 mirum
695 3747 927 3816 primam
948 3763 1090 3813 eam,
1124 3764 1244 3815 qua:
1273 3747 1487 3818 incipit,
1535 3746 1869 3821 Ἐϐουλόμην
1901 3750 2031 3821 ὑμῖν

461 3845 794 3901 ἁποδοῦναιτ
839 3848 1160 3916 secundam,
1190 3847 1360 3902 Πάλιν
1397 3850 1447 3901 οἱ
1489 3847 1712 3903 δείλαιοι
1741 3868 1756 3906 :
1783 3849 1997 3905 tertiam
2025 3887 2043 3915 ,

465 3947 636 4000 Πόοεν
660 3950 792 4018 ἡμῖν
812 3949 920 4021 ἄρα
946 3967 960 4002 :
991 3957 1269 4020 quartam,
1291 3950 1372 4003 Τὰ
1398 3950 1564 4021 θηρία
1593 3949 1737 4015 Eme:
1768 3952 2042 4022 quintam,

461 4041 612 4116 ’Ἄρα
637 4048 797 4120 κόρον
827 4049 1048 4104 ὲλάὅετε
1074 4069 1088 4106 :
1114 4060 1348 4119 sextam,
1383 4052 1670 4124 Παρῆλθεν
1710 4054 1742 4125 ὴ
1795 4055 2042 4124 νηστεία.

463 4148 668 4206 Eodem
701 4161 884 4208 autem
917 4153 1026 4208 ritu
1054 4168 1134 4209 ea:
1165 4155 1439 4210 habentur
1485 4154 1541 4210 in
1575 4154 1857 4222 erunibus,
1900 4170 2043 4226 quos

464 4254 877 4321 quatuordecim
908 4270 1140 4311 numero
1170 4256 1433 4321 vidimus,
1479 4257 1888 4327 manuscriptis,
1933 4272 2046 4311 uno

462 4363 693 4416 excepto
720 4353 910 4425 Regio,
937 4355 1102 4421 2900,
1134 4357 1229 4426 qui
1263 4357 1449 4428 priore
1472 4358 1860 4427 praetermissa,
1885 4364 2045 4428 cujus

465 4444 706 4519 in'iiium,
754 4454 1086 4527 Ἐϐουλόμην
1141 4457 1268 4527 ὑμῖν
1323 4458 1635 4529 ἀποδοῦναι,
1687 4477 1720 4516 a
1783 4462 2043 4528 secunda,

463 4556 629 4626 cujus
672 4557 1038 4627 primordium
1080 4568 1184 4627 est,
1222 4559 1392 4615 Πάλιν
1423 4563 1473 4615 oi
1524 4562 1772 4628 δείλαιοι,
1824 4562 2044 4617 initium

463 4663 639 4728 ducit,
703 4677 941 4732 eamque
990 4647 1225 4732 primam
1282 4665 1557 4731 inscribit,
1627 4674 1796 4736 atque
1849 4665 2042 4720 eodem

466 4771 658 4835 postea
690 4764 1018 4820 numerandi
1046 4765 1240 4822 ordine
1266 4767 1551 4838 procedit;
1583 4766 1658 4820 ita
1681 4775 1740 4820 ut
1759 4780 1876 4836 quae
1896 4773 2046 4820 sexta

465 4879 551 4924 est
577 4869 630 4923 in
674 4869 1001 4925 recensione
1033 4885 1198 4940 supra
1248 4878 1302 4926 et
1335 4871 1392 4926 in
1436 4869 1701 4926 tredecim
1738 4869 2048 4923 manuscri-

471 4973 598 5042 ptis,
639 4971 832 5041 quinta
888 4971 961 5026 ibi
1017 4981 1356 5028 numeretur.
1415 4970 1578 5027 Hunc
1620 4985 1754 5026 vero
1797 4970 2047 5024 ordinem

470 5075 646 5128 secuti
695 5075 862 5128 etiam
900 5082 1031 5128 sunt
1077 5071 1340 5130 Erasmus
1379 5081 1434 5129 et
1467 5072 1737 5128 Henricus
1787 5069 2046 5136 Savilius,

469 5175 568 5244 qui
595 5185 908 5243 postremus
932 5175 1041 5230 illis
1069 5175 1315 5246 quinque
1344 5177 1590 5232 homiliis
1635 5191 1760 5232 eam
1815 5175 2050 5245 subjun-

471 5277 570 5346 git,
618 5291 742 5345 qua:
776 5275 834 5330 in
873 5277 1269 5348 manuscriptis
1320 5279 1603 5342 omnibus,
1655 5292 1768 5332 uno
1817 5287 2049 5348 excepto

473 5377 668 5449 Regio,
729 5379 906 5448 prima
941 5379 1176 5447 locatur,
1235 5395 1403 5449 quam
1455 5390 1637 5435 tamen
1682 5389 1890 5435 sextam
1936 5395 2050 5435 non

474 5483 729 5540 inscribit
760 5482 1022 5548 Savilius,
1050 5483 1211 5554 quasi
1261 5496 1415 5541 extra
1466 5499 1755 5540 numerum
1792 5483 2050 5553 positam.

473 5586 631 5644 Hunc
657 5603 827 5659 porro
850 5588 1098 5644 ordinem
1133 5605 1202 5644 ex
1261 5590 1436 5645 tribus
1493 5589 1878 5661 Manuscriptis
1925 5605 2047 5645 mu-

473 5699 688 5747 tuatum
733 5707 794 5748 se
832 5706 956 5747 esse
1002 5692 1344 5749 testiﬁcatur.
1408 5691 1516 5748 Sex
1567 5693 1808 5750 homiliis
1859 5705 2054 5750 contra

473 5794 694 5854 Judacos
731 5797 1045 5870 septimam,
1096 5798 1250 5856 nullo
1299 5806 1480 5856 tamen
1517 5813 1749 5857 numero
1781 5806 2050 5866 notatam,

1590 5986 1612 6024 \

2056 1443 2133 1470 η

2139 1620 2325 1690 adjicit
2353 1621 2593 1682 Savilius
2619 1643 2739 1683 eam
2781 1646 2905 1702 qua!
2936 1633 3278 1706 inscribitur,
3319 1649 3506 1698 contra
3526 1660 3608 1700 eos
3621 1640 3720 1718 qui‘

2138 1723 2195 1776 in
2250 1721 2816 1799 Paschatejejununt:
2861 1751 2984 1805 qua:
3033 1737 3089 1792 in
3113 1737 3285 1811 Regio
3326 1743 3492 1800 etiam
3534 1747 3701 1804 codice

2143 1824 2282 1879 1965
2333 1837 2457 1896 post
2516 1846 2615 1885 sex
2664 1842 2854 1890 contra
2901 1834 3122 1896 Judacos
3171 1842 3434 1902 homilias
3483 1845 3699 1906 locatur.

2139 1927 2407 1984 Octavam
2465 1933 2680 2002 deinde,
2741 1937 2892 1993 nullo
2925 1947 3108 1996 tamen
3165 1945 3422 2014 apposito
3467 1963 3700 2016 numero,

2140 2030 2285 2085 locat
2318 2031 2557 2090 Savilius
2582 2051 2729 2103 eam,
2752 2038 2842 2094 cui
2868 2039 3083 2108 titulus,
3108 2043 3310 2099 Contra
3346 2061 3435 2102 eos
3479 2050 3566 2118 qui
3610 2048 3702 2105 Ju-

2140 2133 2379 2190 dworum
2396 2138 2668 2208 jejunium
2687 2141 2959 2211 jejunant.
2995 2144 3107 2202 Has
3133 2162 3264 2204 vero
3319 2149 3460 2206 duas
3508 2161 3702 2222 postre-

2139 2248 2258 2289 mas
2283 2235 2485 2294 Fronto
2510 2240 2741 2297 Ducaeus
2780 2244 2973 2313 procul
3015 2245 3086 2301 ab
3113 2247 3243 2302 aliis
3283 2259 3475 2304 contra
3506 2249 3708 2306 ludens

2138 2337 2380 2393 homiliis
2413 2339 2466 2394 in
2499 2341 2752 2410 quintum
2778 2354 2988 2401 tomum
3015 2347 3314 2419 ablegavit.

2213 2437 2313 2493 Hic
2353 2456 2603 2512 magnam
2661 2446 2844 2503 cernis
2900 2448 3222 2506 varietatem
3289 2460 3456 2525 atque
3511 2449 3702 2512 ordinis

2141 2541 2636 2613 perturbationem,
2668 2560 2800 2602 casu
2845 2549 3030 2617 potius
3062 2566 3231 2620 quam
3270 2555 3508 2612 consilio
3556 2555 3702 2611 indu-

2141 2649 2307 2693 ctam.
2380 2637 2452 2696 Ut
2517 2657 2650 2698 vero
2701 2652 2909 2701 tantam
2980 2649 3272 2720 caliginem
3319 2654 3698 2711 discuteremus

2143 2760 2250 2798 non
2275 2760 2469 2815 parum
2523 2747 2902 2806 desudandum
2968 2752 3130 2811 nobis
3176 2754 3328 2826 fuit;
3382 2756 3495 2814 Deo
3541 2766 3699 2814 tamen

2149 2844 2334 2912 dante,
2361 2856 2416 2902 et
2449 2848 2629 2905 locum
2654 2859 2708 2906 et
2733 2853 2981 2910 ordinem
3006 2855 3276 2927 cujusque
3301 2874 3407 2916 nos
3426 2860 3702 2932 deprehen-

2154 2946 2303 3003 disse
2325 2957 2605 3018 putamus.
2639 2949 2881 3009 Primam
2913 2954 3099 3026 itaque
3137 2959 3532 3016 constituimus
3574 2973 3700 3025 eam,

2146 3065 2312 3120 quam
2341 3060 2397 3106 et
2435 3050 2608 3109 David
2643 3052 2992 3130 llmschelius
3024 3069 3080 3113 et
3105 3057 3316 3115 Fronto
3341 3061 3567 3118 Ducaeus
3603 3059 3702 3132 pri-

2145 3166 2292 3206 mam
2321 3168 2576 3223 posuerc,
2600 3155 2762 3226 cuius
2786 3156 3030 3222 initium,
3067 3158 3412 3234 Ἐϐουλόμην
3437 3163 3563 3234 ὑμῖν
3586 3161 3704 3215 ἀπο-

2148 3253 2373 3312 δοῦναιε
2410 3259 2709 3315 secundam
2745 3259 2996 3316 locamus
3029 3275 3175 3330 eam,
3221 3278 3351 3334 quae
3393 3263 3474 3320 sic
3516 3261 3705 3333 incipit,

2159 3352 2224 3407 'H
2275 3357 2374 3426 μὲν
2431 3355 2748 3428 παράνομος
2768 3359 2863 3412 καὶ
2890 3358 3206 3432 ἀκάθαρτος
3229 3404 3244 3430 ,
3271 3378 3442 3435 quam
3493 3360 3705 3417 Savilius

2147 3462 2343 3508 octavo
2378 3454 2500 3509 loco
2535 3456 2741 3526 posuit,
2777 3457 2985 3514 Fronto
3013 3457 3248 3515 Ducaaus
3276 3468 3465 3515 autem
3488 3459 3543 3514 in
3565 3453 3706 3526 quin-

2149 3563 2262 3609 tum
2307 3565 2515 3610 tomum
2542 3558 2812 3629 ablegavit
2838 3577 2852 3614 :
2880 3559 3098 3615 tertiam
3120 3575 3267 3624 eam,
3315 3575 3443 3633 quae
3473 3559 3551 3617 sic
3586 3555 3706 3622 init,

2148 3654 2320 3708 Πάλιν
2368 3656 2528 3726 χρεία
2563 3674 2670 3723 τις,
2712 3673 2879 3728 quam
2921 3657 3161 3718 Savilius
3200 3661 3494 3732 septimam
3524 3655 3706 3730 posuit.

2149 3754 2302 3828 [584]
2342 3755 2573 3813 Ducaeus
2613 3770 2795 3815 autem
2839 3761 2896 3815 in
2934 3762 3189 3832 quintum
3241 3772 3454 3819 tomum
3493 3759 3703 3833 rejecit:

2147 3867 2398 3928 quartam
2455 3861 2604 3915 illam
2639 3862 2802 3932 cujus
2856 3863 3112 3930 initium,
3174 3865 3350 3920 Πάλιν
3389 3866 3440 3920 ot
3487 3864 3705 3924 δείλαιοι,

2148 3976 2315 4031 quam
2346 3960 2552 4017 Fronto
2591 3962 2820 4019 Ducaeus
2847 3965 3173 4031 secundam,
3205 3964 3450 4024 Savilius
3497 3965 3706 4037 primam

2151 4063 2456 4118 constituit.
2485 4063 2748 4137 Reliquas
2785 4081 2918 4122 vero
2947 4076 3358 4139 consequenter
3401 4068 3618 4130 damus,
3659 4069 3708 4116 ut

2151 4163 2206 4219 in
2237 4165 2401 4221 editis
2423 4167 2683 4222 omnibus
2701 4167 2976 4224 habentur
3003 4186 3020 4236 ;
3049 4169 3125 4226 ita
3169 4180 3231 4226 ut
3278 4186 3407 4242 qua;
3455 4169 3604 4226 tertia
3638 4170 3709 4220 est

2149 4267 2293 4328 apud
2346 4267 2637 4336 Ducaeum,
2671 4279 2727 4326 et
2757 4270 3000 4327 secunda
3068 4271 3213 4343 apud
3272 4271 3561 4332 Savilium,
3610 4267 3709 4338 jam

2149 4375 2342 4441 quinta
2377 4381 2634 4441 ponatur,
2667 4382 2724 4429 et
2752 4382 3045 4446 sequentes
3093 4375 3288 4431 eadem
3325 4371 3602 4431 varietatis
3629 4383 3710 4424 ra-

2148 4473 2298 4527 tione
2330 4484 2710 4531 numerentur.

2222 4570 2380 4627 Hunc
2415 4589 2581 4644 porro
2602 4591 2807 4631 novum
2840 4575 3094 4633 ordinem
3124 4592 3237 4634 non
3276 4587 3481 4634 temere
3523 4569 3709 4632 consti-

2154 4682 2332 4728 tutum
2373 4688 2496 4729 esse
2521 4675 2867 4745 probandum
2914 4677 3078 4733 nobis
3112 4677 3403 4734 incumbit.
3437 4677 3512 4732 De
3549 4673 3706 4746 prima

2150 4774 2311 4844 cujus
2357 4774 2596 4842 initium,
2657 4775 2992 4849 Ἐϐουλόμην
3047 4779 3177 4851 ὑμῖν
3227 4780 3538 4842 ἀποδοῦναι,
3577 4771 3708 4830 nulla

2150 4879 2256 4930 erit
2295 4878 2547 4948 quaestio,
2594 4877 2641 4933 si
2676 4888 2906 4935 caeteras
2967 4895 3092 4936 eam
3129 4882 3289 4952 sequi
3344 4881 3540 4937 debere
3572 4889 3710 4932 com-

2152 4989 2542 5034 monstremus.
2572 4979 2808 5034 Primam
2851 4979 3018 5051 igitur
3040 4982 3328 5037 homiliam
3359 4979 3547 5038 habuit
3573 4980 3710 5048 post-

2151 5096 2314 5151 quam
2349 5082 2653 5137 eertamina
2694 5092 2883 5139 contra
2931 5085 3234 5141 Anommos
3279 5099 3462 5146 orsus,
3512 5088 3710 5146 unaque

2151 5184 2264 5254 jam
2288 5183 2473 5239 habita
2505 5184 2792 5250 concione,
2825 5184 3162 5241 instantibus
3187 5184 3505 5241 Judaaorum
3549 5177 3705 5237 I'eriis,

2155 5282 2534 5354 Scenopegia,
2581 5285 2846 5355 jejuniis,
2902 5287 3106 5355 quibus
3152 5283 3454 5342 Christiani
3506 5278 3703 5351 quidam

2153 5385 2506 5451 Antiocheni,
2539 5387 2739 5457 partim
2781 5388 3088 5457 spectandi,
3140 5390 3337 5458 partim
3397 5389 3556 5444 etiam
3613 5397 3702 5436 una

2150 5489 2472 5548 celebrandi
2513 5498 2678 5558 atque
2701 5489 2987 5561 jejunaudi
3031 5505 3221 5555 causa,
3279 5491 3536 5546 interesse
3579 5481 3703 5538 sole-

2151 5595 2309 5658 bant,
2340 5592 2470 5648 huic
2501 5592 2591 5646 ille
2620 5591 2814 5646 morbo
2839 5597 2900 5644 ut
2942 5591 3272 5656 mederetur,
3303 5581 3698 5648 concertationis

2150 5704 2345 5752 contra
2384 5695 2686 5750 Anomoeos
2751 5709 2976 5750 cursum
3040 5695 3348 5766 intercepit,
3392 5705 3456 5747 ac
3502 5685 3692 5744 ludat-os

2153 5794 2586 5868 Judazorumque
2636 5810 2900 5867 sequaces
2962 5795 3190 5853 adortus
3235 5803 3336 5853 cst.
3387 5790 3440 5849 Id
3494 5778 3694 5852 contigit
