3920 6380
230 351 351 413 839‘

230 489 371 535 anno
401 463 527 527 586,
588 466 651 516 ut
674 452 922 510 diximus
955 447 1010 502 in
1046 442 1253 500 Monito
1289 437 1363 495 ad
1421 431 1680 491 homilias
1720 427 1793 481 De

230 556 760 639 incomprehensibili,
789 562 843 608 et
873 565 940 605 ex
971 561 1096 603 mox
1124 539 1372 599 dicendis
1418 534 1636 607 planius
1667 527 1793 589 erit,

1138 304 1153 319 ‘
1238 308 1611 374 sovensus
1646 302 1955 363 ιυοιεοε.
1996 328 2065 341 -
2105 289 2449 352 ΜΟΝΠἙΜ.

3351 280 3478 365 ειυς

1901 421 2059 491 quasi
2092 420 2336 476 incertus
2361 416 2484 489 ejus
2525 414 2668 469 situs
2702 418 2867 475 esset,
2898 407 2951 461 in
2981 405 3234 481 quintum
3270 411 3478 457 tomum

1900 524 2267 595 ablegaverat.
3450 493 3468 500 '-

235 674 346 739 Qua
373 620 502 723 vrere
540 659 671 716 anni
700 658 1021 725 tempestate
1053 647 1168 700 hate
1200 633 1520 697 concionari
1549 628 1796 701 eruperit,

1972 634 2212 691 Tertiam
2252 633 2633 688 incunctanter
2658 624 2916 698 ponimus
2961 621 3245 677 homiliam
3301 620 3353 673 in
3385 634 3481 673 cos

235 736 350 844 ipse
374 765 534 839 paulo
562 768 690 834 post
722 756 938 813 initium
975 748 1214 806 homilire
1251 743 1441 815 primae
1474 736 1800 794 testificatur

232 834 319 930 liis
346 834 574 924 verbis:
633 856 854 932 Ἐορταὶ
900 853 1009 911 τῶν
1072 847 1275 904 ἀθλίων
1321 843 1416 899 καὶ
1435 834 1800 906 ταλαιπώρων

242 970 504 1031 Ἰουδαίων
531 964 783 1038 μέλλουσι
806 954 1196 1032 προσελαύνειν
1241 946 1483 1016 συνεχεῖς
1512 941 1605 996 καὶ
1629 936 1799 992 ἐπάλ-

226 1077 395 1149 ληλοι,
449 1070 506 1127 αἱ
545 1067 868 1135 σάλπιγγες,
914 1061 971 1114 αἱ
1008 1051 1397 1128 σκηνοπηγίαι,
1440 1047 1497 1102 αἱ
1529 1043 1798 1116 νηστεῖαι.

227 1175 401 1233 Feriw
455 1162 766 1226 miserorum
802 1171 960 1233 atque
1010 1166 1435 1214 aarumnosorum
1486 1145 1800 1202 Judreorum

228 1278 488 1339 continui:
524 1281 573 1329 et
622 1270 918 1341 frequentes
969 1266 1197 1326 instant,
1233 1257 1393 1321 tuba,
1453 1249 1801 1321 scenopegiae,

224 1376 448 1449 jejunia.
492 1371 589 1427 llis
623 1377 842 1425 notatur
871 1364 1018 1420 haud
1049 1361 1217 1417 dubie
1246 1356 1453 1414 mensis
1494 1352 1638 1409 Tisri
1685 1350 1802 1407 sive

225 1474 563 1548 September,
590 1471 761 1540 cujus
783 1466 996 1523 decimo
1021 1464 1216 1534 quinto
1236 1459 1325 1516 die
1346 1454 1639 1528 incipiebat
1669 1449 1800 1506 Sce-

225 1576 469 1647 u0pegia,
509 1588 605 1628 seu
655 1568 858 1625 festum
906 1560 1439 1620 Tabernaculorum.
1480 1555 1581 1611 Illo
1617 1562 1801 1609 autem

225 1686 406 1729 mense
434 1671 594 1742 plura
631 1666 776 1738 apud
812 1664 1035 1720 Judaeos
1068 1658 1433 1717 occurrebant
1455 1656 1801 1726 festa,quam

229 1772 555 1843 inquolibet
579 1770 693 1826 alio
725 1767 893 1825 totius
929 1768 1081 1831 anni,
1125 1774 1184 1820 υι
1232 1762 1419 1819 videas
1458 1757 1602 1829 apud
1652 1756 1801 1809 Bur-

224 1869 446 1935 torfum,
512 1866 867 1922 Leusdenum
900 1874 956 1919 et
1005 1862 1164 1931 alios,
1196 1859 1344 1931 quod
1378 1858 1544 1914 etiam
1600 1856 1804 1912 indicat

222 1971 648 2042 Chrysostomus
693 1981 820 2023 cum
861 1965 996 2021 dicit
1046 1963 1293 2034 συνεχεῖς
1346 1960 1441 2016 καὶ
1484 1956 1801 2028 ἐπάλληλοι.

229 2073 379 2131 lianc
433 2071 846 2129 solemnitatum
905 2066 1274 2140 frequentiam
1333 2062 1544 2135 aliquot
1604 2060 1805 2117 diebus

118 2159 127 2163 θ
224 2173 582 2231 antevertisse
619 2170 1077 2243 Chrysostomum
1129 2182 1254 2221 cum
1320 2161 1604 2236 prmmissa
1635 2162 1798 2216 verba

222 2275 532 2338 declarant,
571 2280 684 2328 tum
719 2285 846 2325 mox
878 2266 1155 2324 aderenda
1204 2263 1590 2320 testiﬁcantur.
1618 2260 1802 2327 Quare
1833 2292 1839 2312 .

229 2391 410 2433 mense
466 2374 725 2446 Augusto
777 2372 1009 2442 primam
1059 2366 1343 2423 homiliam
1404 2362 1664 2419 habuisse
1711 2361 1803 2416 vi-

223 2477 397 2532 detur.

292 2588 607 2646 Secundam
639 2584 949 2650 homiliam,
983 2597 1105 2639 eam
1151 2594 1368 2650 nempe,
1409 2594 1528 2650 quae
1557 2577 1637 2635 sic
1662 2575 1809 2633 inci-

224 2692 321 2764 pit,
356 2691 426 2761 ,Ἦ
470 2690 583 2763 μὲν
628 2688 948 2760 παράνομος
993 2685 1088 2739 καὶ
1131 2681 1460 2751 ἀκάθαρτος,
1494 2679 1681 2735 decem
1710 2685 1809 2732 aut

230 2794 470 2866 pluribus
501 2789 720 2862 elapsis
752 2804 787 2845 a
818 2787 996 2859 prima
1036 2784 1238 2841 diebus
1289 2782 1504 2846 habuit,
1560 2780 1809 2852 quinque

225 2894 408 2949 diebus
436 2898 579 2946 ante
606 2903 770 2960 quam
795 2884 1113 2941 Judaeorum
1137 2880 1410 2952 jejunium
1456 2878 1696 2943 adesset,
1747 2882 1811 2930 ut

223 2995 299 3048 sic
334 2992 449 3062 ipse
495 2989 756 3047 declarat
802 2986 1003 3051 initio,
1042 2982 1105 3038 ἸΙ
1164 2983 1262 3055 μὲν
1322 2975 1418 3036 οὖν
1486 2978 1807 3052 παράνομος

226 3092 392 3147 αὐτῶν
416 3089 656 3165 νηστεία
687 3088 824 3161 μετὰ
864 3087 1026 3142 πέντε
1052 3084 1239 3139 λοιπὸν
1261 3082 1475 3154 ἡμέρας
1496 3080 1804 3150 ἐφίσταται·

234 3192 339 3264 ἐγὼ
373 3194 431 3247 δὲ
472 3192 588 3265 apo
612 3190 747 3246 δέκα
783 3188 1007 3262 ἡμερῶν
1034 3186 1070 3259 ἢ
1099 3185 1193 3240 καὶ
1234 3183 1495 3240 πλειόνων
1520 3179 1808 3254 προλαϐὼν

236 3294 576 3365 ἐποιησάμην
624 3290 725 3363 τὴν
772 3288 1137 3361 παραίνεσιν,
1193 3284 1332 3339 ὥστέ
1407 3277 1813 3351 ἀσφαλίσασθαι

234 3395 353 3459 τοὺς
379 3393 651 3465 ἀδελφοὺς
697 3392 825 3455 τοὺς
874 3387 1206 3461 ὑμετέρους·
1260 3384 1609 3456 Illegitimum
1647 3382 1813 3451 igitur

236 3495 460 3564 ipsorum
482 3493 759 3566 jejunium
778 3501 894 3562 post
924 3491 1152 3561 quinque
1177 3488 1290 3543 dies
1332 3487 1575 3556 deinceps
1602 3485 1809 3547 instat;

236 3607 288 3652 et
312 3615 400 3670 ego
431 3608 553 3654 ante
586 3599 768 3653 decem
797 3596 911 3650 dies
945 3593 1024 3649 vel
1068 3592 1246 3663 plures
1287 3590 1703 3647 cohortationent
1743 3587 1815 3642 ad

237 3715 319 3753 eos
340 3700 527 3767 habui,
556 3708 619 3754 ut
651 3698 846 3768 fratres
883 3704 1083 3751 vestros
1112 3693 1510 3763 prarmuniresn.
1560 3689 1639 3745 Ne
1684 3701 1819 3744 vero

240 3799 446 3856 dubites
469 3799 622 3855 hanc
644 3798 823 3869 ipsam
847 3810 967 3853 esse
990 3810 1156 3866 quam
1179 3791 1476 3849 secundam
1502 3798 1693 3852 contra
1719 3785 1819 3842 lu-

239 3898 378 3956 dazos
411 3899 628 3967 habuit,
649 3899 775 3955 vide
806 3895 1088 3969 quomodo
1128 3894 1204 3951 ibi
1223 3894 1297 3950 de
1330 3894 1511 3964 prima
1558 3892 1821 3962 loquatur

240 4013 384 4054 num.
409 4001 442 4055 5
466 4019 481 4056 :
505 4000 634 4055 Οὐκ
655 3999 897 4073 ἤκουσας
944 3999 1004 4053 ὲν
1024 3999 1092 4069 τῇ
1108 3995 1353 4068 προτέρα
1372 3994 1609 4062 διαλέξει
1629 3993 1819 4064 σαφῶς

240 4098 618 4169 ἀποδείξαντος
644 4102 782 4173 ἡμῖν
808 4100 905 4155 τοῦ
926 4099 1111 4169 λόγου,
1145 4099 1229 4153 δτι
1261 4098 1358 4152 καὶ
1382 4096 1483 4161 τὰς
1518 4094 1696 4167 ψυχὰς
1718 4095 1820 4149 αὐ-

241 4198 332 4265 τὰς
364 4202 471 4257 τῶν
528 4203 800 4260 Ἰουδαίων
828 4200 925 4257 καὶ
942 4201 1071 4266 τοὺς
1100 4201 1301 4263 τόπους
1326 4199 1385 4252 ὲν
1416 4190 1498 4261 οἷς
1537 4194 1825 4264 συλλέγον-

240 4315 327 4354 ται
381 4302 638 4373 δαίμονες
692 4300 1055 4369 ita-reticebat;
1118 4295 1245 4354 Non
1305 4295 1506 4351 audisti
1554 4295 1607 4351 in
1653 4293 1825 4364 priori

242 4403 482 4458 concione
509 4418 671 4475 quam
723 4402 868 4457 clare
902 4401 1068 4472 fuerit
1098 4400 1337 4455 oratione
1374 4398 1823 4461 demonstratum,

245 4502 384 4572 ipsas
416 4504 628 4559 animas
660 4502 998 4568 Judworum,
1031 4511 1080 4558 et
1110 4500 1229 4557 loca
1255 4499 1345 4556 ubi
1369 4505 1758 4569 congregantur
1788 4513 1826 4555 α

244 4603 568 4664 άωιηωιὶὺιιε
624 4607 904 4662 habitari?
958 4603 1013 4661 Id
1046 4620 1200 4672 vero,
1262 4620 1459 4675 nempe
1508 4610 1565 4659 et
1611 4603 1828 4662 animas

247 4709 582 4777 .ludzeorum,
619 4717 674 4767 et
712 4710 833 4767 loca
877 4708 1199 4766 earumdem
1231 4725 1262 4765 a
1290 4709 1636 4766 daemonibus
1670 4708 1829 4764 habi-

247 4812 371 4878 tari,
402 4812 706 4882 conspicue
733 4819 789 4867 et
822 4811 944 4868 fuse
980 4811 1179 4881 probat
1229 4811 1323 4868 ille
1368 4811 1596 4868 homilia
1646 4810 1825 4883 prima

244 4922 424 4970 contra
453 4914 676 4972 Judwos
707 4930 840 4970 num
870 4912 926 4981 6,
956 4914 1030 4969 ita
1062 4922 1124 4970 ut
1148 4921 1301 4970 certo
1327 4914 1533 4970 certius
1557 4914 1648 4981 sit,
1679 4912 1829 4969 illam

246 5026 365 5068 esse
400 5021 590 5069 contra
626 5012 852 5069 Judwos
879 5010 1138 5083 primam,
1170 5012 1312 5066 hanc
1334 5025 1466 5067 vero
1497 5008 1831 5067 secundam.

247 5125 410 5181 quam
444 5112 696 5169 dolemus
740 5112 810 5167 ad
848 5126 952 5167 nos
1008 5109 1257 5167 mutilam
1307 5108 1638 5175 devenisse;
1692 5106 1833 5163 nihil

249 5222 394 5272 certe
430 5231 542 5272 non
569 5217 810 5288 egimus,
842 5224 905 5271 ut
944 5229 1067 5270 eam
1100 5222 1305 5268 sartam
1333 5220 1388 5268 ct
1411 5220 1612 5267 tectam
1635 5211 1827 5265 edere-

1901 740 2000 811 qu'r
2023 738 2201 809 primo
2246 733 2459 790 Pascha
2500 733 2774 805 jejunant,
2808 728 2970 800 cujus
3013 726 3227 782 initium
3260 744 3274 780 :
3311 722 3483 777 Πάλιν

1899 841 2059 915 χρεία
2086 857 2170 905 τις
2195 837 2469 908 ἀναγκαία
2519 837 2613 891 καὶ
2651 832 3089 902 κατεπείγουσα,
3130 829 3240 883 τῶν
3288 826 3480 900 πρώην

1902 943 2207 1019 εἰρημένων
2239 941 2339 1014 τὴν
2360 938 2681 994 ἀκολουθίαν
2722 934 3028 1005 διακόψασα
3055 974 3070 997 ,
3106 933 3244 1005 πρὸς
3281 922 3481 1001 ἑαυτὴν

1901 1046 2205 1101 ἐπισπᾶται
2231 1043 2321 1099 τὸν
2350 1041 2530 1111 λόγον,
2555 1039 2650 1093 καὶ
2680 1038 2789 1092 τῶν
2827 1037 2964 1108 πρὸς
3005 1037 3132 1100 τοὺς
3174 1036 3483 1107 αἱρετικοὶς

1901 1148 2052 1221 ἡμᾶς
2079 1145 2282 1215 ἀπάγει
2311 1142 2725 1213 παλαισμάτων.
2791 1140 2982 1210 Ἡμεῖς
3021 1139 3124 1210 μὲν
3169 1138 3282 1209 γὰρ
3320 1138 3483 1207 πάλιν

1902 1249 2031 1322 περὶ
2063 1247 2161 1319 τῆς
2185 1245 2279 1302 τοῦ
2308 1244 2642 1315 Μονογενοῦς
2664 1243 2822 1314 δόξης
2842 1241 3186 1313 διαλεχθῆναι
3217 1242 3355 1312 πρὸς
3385 1240 3485 1311 τὴν

1904 1350 2175 1423 ὑμετέραν
2204 1349 2427 1421 ἀγάπην
2470 1345 2994 1420 παρεσκευαζόμεθα
3048 1347 3109 1407 ΙιΙΔ
3144 1357 3248 1410 est,
3283 1344 3483 1399 Rursus

1903 1451 2259 1511 necessarium
2285 1446 2556 1519 quoddam
2583 1454 2635 1501 et
2702 1462 2905 1516 urgens.
2963 1444 3259 1515 negotium,
3300 1458 3484 1507 eorum

1902 1572 2021 1633 qua:
2074 1568 2237 1625 nuper
2260 1553 2404 1607 dicta
2445 1559 2567 1607 sunt
2628 1550 2814 1605 seriem
2869 1548 3252 1618 interrumpens
3296 1546 3365 1600 ad
3404 1564 3484 1603 88-1

1901 1659 2077 1728 ipsum
2106 1655 2403 1709 orationem
2427 1652 2681 1719 traducit,
2707 1661 2752 1704 et
2781 1668 2815 1704 α
2841 1651 3095 1718 susceptis
3123 1666 3242 1704 cum
3277 1650 3488 1704 Ita'reti~

1908 1758 1983 1812 cis
2015 1753 2389 1811 certaminibus
2429 1752 2580 1808 hodie
2606 1769 2698 1807 nos
2722 1752 2964 1809 abducit.
2986 1751 3131 1808 Nam
3158 1768 3260 1807 nos
3272 1753 3487 1823 quidem

1910 1874 2098 1913 rursus
2117 1859 2179 1911 de
2210 1854 2480 1926 Unigeniti
2502 1854 2671 1926 gloria
2696 1857 2852 1909 verba
2880 1855 3054 1925 facere
3071 1856 3141 1908 ad
3170 1855 3486 1908 clmritatem

1901 1969 2127 2017 vestram
2166 1958 2344 2028 parati
2380 1973 2616 2013 eramus.
2650 1955 2747 2011 llis
2797 1971 2963 2026 porro
2986 1956 3230 2012 declarat
3255 1971 3316 2010 se
3369 1956 3486 2024 jam

1906 2062 2151 2117 secundo
2219 2060 2584 2117 Homiliarum
2639 2072 2841 2116 contra.
2890 2060 3188 2117 Anommos
3252 2074 3480 2115 cursum

1907 2162 2294 2232 interpellare,
2347 2163 2496 2231 quod
2563 2176 2622 2216 se
2674 2158 2857 2231 primo
2905 2158 3103 2215 fecisse
3141 2158 3284 2213 dixit
3328 2157 3493 2211 initio

1906 2265 2194 2323 homiliaet
2251 2273 2437 2319 contra
2488 2261 2727 2317 Ιαάίεοε.
2792 2260 3007 2315 Etenim
3064 2276 3191 2315 cum
3247 2259 3488 2328 primum

1906 2374 2100 2423 contra
2127 2367 2424 2422 Anomazos
2467 2366 2584 2421 sive
2611 2365 2679 2419 de
2707 2362 3250 2434 incomprehensibiii
3282 2361 3509 2422 oratio-_

1906 2484 2031 2529 nam
2065 2469 2369 2535 habuisset,
2418 2484 2641 2525 cursum
2682 2467 2878 2523 sistere
2932 2473 3162 2522 coactus
3213 2471 3317 2526 est,
3375 2477 3485 2515 non

1906 2574 2072 2629 modo
2111 2580 2172 2628 ut
2199 2580 2392 2628 contra
2424 2569 2645 2626 Judaeos
2677 2575 3044 2633 concertaret,
3090 2566 3238 2636 quod
3272 2563 3493 2618 duabus

1906 2671 2151 2729 homiliis
2179 2670 2458 2743 prestitit,
2489 2671 2584 2728 sed
2613 2680 2673 2726 ut
2704 2680 2886 2741 patres
2920 2667 3189 2740 quosdam
3227 2665 3487 2736 spiritua-

1910 2772 2009 2837 les,
2047 2772 2132 2827 sic
2164 2771 2278 2836 ille,
2333 2770 2427 2841 qui
2458 2770 2808 2827 Antiochiam
2867 2778 3135 2826 venerant
3187 2769 3484 2839 exciperet,

1910 2888 1977 2943 ac
2011 2884 2200 2946 postea
2228 2884 2582 2930 occurrentes
2627 2873 2830 2930 multas
2874 2880 3177 2944 martyrum
3224 2870 3489 2927 solemni-

1909 2984 2050 3033 tates
2089 2976 2415 3033 celebraret.
2445 2974 2568 3041 His,
2600 2975 2849 3047 inquam,
2873 2975 3134 3031 omnibus
3180 2973 3500 3041 Interpella—

1910 3091 1999 3135 tus
2024 3087 2111 3134 est
2162 3093 2190 3133 a
2222 3088 2404 3147 carpta
2461 3086 2651 3133 contra
2683 3076 2985 3131 Anommos
3038 3089 3245 3145 pugna,
3295 3073 3373 3128 ita
3430 3082 3491 3128 ut

1912 3195 2025 3237 non
2051 3180 2329 3236 modicum
2366 3177 2628 3248 temporis
2653 3177 3004 3234 intervallum
3049 3175 3218 3231 fuerit
3260 3176 3494 3245 primam

1912 3285 2054 3340 inter
2078 3282 2363 3340 homiliam
2392 3289 2589 3338 contra
2626 3279 2928 3336 Anomoeos
2966 3286 3023 3335 et
3054 3278 3295 3334 tertiam.
3344 3276 3501 3333 Cum

1912 3394 2099 3441 autem
2130 3383 2366 3453 primam
2399 3388 2594 3437 contra
2649 3376 2873 3435 Judazos
2908 3377 3188 3432 homiliam
3242 3376 3501 3431 habuerit

1914 3502 2103 3544 mense
2123 3484 2372 3556 Augusto
2401 3482 2532 3539 anni
2568 3482 2698 3548 586,
2752 3490 2816 3537 ut
2868 3497 3036 3552 supra
3091 3481 3357 3545 diximus,
3409 3496 3501 3536 sc-

1917 3591 2154 3648 cundam
2207 3603 2339 3646 vero
2398 3588 2623 3643 ineunte
2673 3585 2895 3641 circiter
2932 3583 3264 3655 Septembri,
3297 3583 3496 3649 decem,

1915 3696 1994 3761 ait
2028 3694 2138 3758 ille,
2155 3709 2217 3747 ac
2229 3690 2468 3761 pluribus
2482 3689 2663 3745 diebus
2683 3696 2809 3760 post
2830 3687 3087 3759 primam,
3104 3700 3354 3756 magnam
3372 3685 3511 3756 Scpw

1918 3793 2155 3852 tembris
2186 3801 2399 3863 partem
2438 3789 2797 3859 insumpserit
2846 3787 3000 3861 [585]
3032 3787 3373 3858 excipiendis
3395 3787 3507 3847 illis

1918 3892 2160 3965 patribus
2213 3889 2621 3962 spiritualibus,
2675 3903 2741 3945 ac
2799 3886 3143 3944 celebrandis
3200 3893 3507 3955 martyrum

1922 3996 2408 4061 solemnitatibus,
2478 4006 2810 4062 rursumque
2884 3988 3194 4061 Septembri
3274 3999 3509 4045 exeunte

1924 4117 2117 4160 mense
2155 4115 2394 4171 pugnam
2431 4113 2558 4154 cum
2594 4095 2881 4153 Anomwis
2915 4093 3301 4162 resumpserit,
3335 4107 3507 4163 quam

1920 4206 2121 4264 iterum
2154 4202 2240 4257 vel
2286 4200 2529 4259 nondum
2590 4208 2790 4256 exacto
2828 4195 3162 4268 Septembri,
3214 4195 3301 4251 vel
3350 4194 3515 4253 initio

1924 4304 2180 4364 Octobris
2217 4301 2597 4367 intermiserit,
2630 4307 2885 4370 urgente,
2916 4306 2978 4353 ut
3008 4296 3100 4351 ille
3126 4294 3227 4363 ait,
3261 4295 3511 4350 successi-

1923 4419 2037 4470 tate
2068 4417 2131 4464 ut
2189 4413 2384 4463 contra
2414 4403 2637 4465 Judzeos
2698 4401 2899 4457 iterum
2929 4407 3209 4456 certamen
3263 4395 3513 4453 haberet.

1924 4514 2008 4569 An
2035 4526 2166 4568 vero
2198 4517 2324 4580 post
2361 4503 2660 4563 secundam
2695 4510 2888 4558 contra
2940 4500 3247 4557 Anomoeos
3293 4498 3517 4554 concio-

1925 4620 2052 4663 nem
2090 4604 2234 4658 hanc
2264 4599 2482 4655 tertiam
2518 4603 2708 4652 contra
2738 4592 2961 4650 Judaeos
2987 4592 3262 4658 habuerit,
3290 4605 3359 4646 au
3389 4598 3517 4661 post

1926 4699 2144 4759 tertiam
2175 4696 2261 4752 vel
2294 4702 2421 4767 post
2446 4699 2726 4764 quartam,
2761 4690 2816 4746 id
2850 4689 3016 4760 plane
3050 4690 3325 4747 incertum
3378 4695 3508 4743 est:

1928 4799 2106 4872 neque
2139 4798 2243 4854 hac
2274 4796 2344 4852 de
2380 4809 2441 4852 re
2470 4791 2753 4865 quidpiam
2809 4790 2948 4847 certi
2977 4790 3148 4847 statui
3203 4802 3366 4861 posse
3425 4787 3513 4841 vi-

1927 4900 2115 4958 detur.

1999 4999 2080 5056 Ne
2110 5009 2292 5056 autem
2323 5000 2466 5058 hanc
2492 5000 2711 5058 tertiam
2738 5004 2933 5054 contra
2972 4992 3191 5049 Judaeos
3229 4987 3517 5046 homiliam

1928 5104 2026 5161 diu
2061 5111 2187 5175 post
2227 5102 2602 5181 Septembrem
2635 5101 3064 5159 constituamus,
3111 5092 3403 5165 prohibere
3439 5091 3521 5175 vi—I

1932 5209 2095 5267 detur
2153 5207 2587 5279 Chrysostomus
2655 5202 2881 5258 humilia
2933 5197 2990 5254 in
3049 5196 3194 5251 diem
3268 5189 3519 5246 Natalem
3617 5227 3626 5233 .

251 5330 413 5375 mus:
446 5334 546 5388 per
575 5334 771 5376 omnes
800 5318 973 5375 ferme
1000 5317 1238 5386 Europae
1283 5313 1642 5370 bibliothecas
1687 5311 1834 5368 amis
1933 5310 2159 5376 Christi,
2189 5324 2357 5381 quam
2386 5308 2577 5364 habuit
2604 5320 2751 5362 anno
2776 5303 2906 5368 ⁸586,
2939 5301 3027 5358 die
3060 5296 3321 5368 vigesima
3352 5295 3523 5367 quin-

251 5435 438 5477 corum
472 5437 645 5493 opera
667 5438 789 5478 eam
821 5423 879 5478 in
916 5417 1307 5488 manuscriptis
1357 5414 1604 5488 perquiri
1639 5392 1874 5470 homi-.
1936 5418 1989 5466 ta
2036 5408 2354 5465 Decembris
2385 5425 2401 5463 :
2438 5406 2664 5476 Tempus
2720 5412 2898 5459 autem
2953 5411 3067 5457 tum
3122 5407 3257 5464 erat,
3316 5394 3520 5463 inquit,

252 5518 378 5578 liam
397 5524 719 5583 curavimus
732 5524 861 5589 sised
890 5522 1098 5578 frustra
1124 5534 1340 5576 cessere
1360 5526 1593 5575 conatus
1611 5531 1835 5574 omnes.
1937 5514 2060 5591 {esti
2096 5510 2578 5568 Tabernacalorum
2601 5519 2651 5564 et
2674 5506 2901 5577 iejunii:
2929 5504 3026 5558 hoc
3062 5502 3205 5558 enim
3238 5498 3335 5553 illa
3364 5495 3523 5552 verba

263 5618 408 5677 lianc
428 5622 737 5688 homiliam,
765 5632 824 5680 ut
845 5637 1012 5692 supra
1035 5619 1295 5686 diximus,
1317 5615 1558 5672 Savilius
1582 5623 1835 5673 octavam
1940 5612 2044 5679 sibi
2075 5613 2282 5681 volunt,
2307 5608 2605 5665 llumiliate
2634 5606 2851 5662 animas
2877 5610 3110 5667 vestras,
3152 5598 3309 5669 idque
3361 5612 3393 5649 a
3424 5594 3527 5668 ,Ιυτ

265 5728 545 5791 posuerat,
584 5720 787 5783 Fronto
816 5730 1002 5779 autem
1058 5720 1292 5778 Dircaeus
1329 5715 1526 5790 procul
1562 5715 1633 5772 ab
1685 5714 1837 5789 aliis,
1937 5716 2068 5781 datis
2101 5714 2246 5771 circa
2264 5713 2422 5785 linem
2452 5711 2642 5767 mensis
2670 5708 2923 5799 Goipiwi,
2968 5706 3024 5762 id
3050 5713 3147 5771 est,
3176 5698 3531 5773 Septembris,
