3920 6366
412 313 516 395 sti

414 435 559 504 quod
604 442 652 490 et
712 451 802 490 eos
846 438 1149 503 testamini,
1207 424 1591 493 celebrabatur.
1660 436 1809 492 Tunc
1857 435 1996 490 enim

1127 320 1187 377 S.
1222 319 1507 381 JOANNIS
1542 302 2027 379 CHRYSOSTOHI
2062 302 2385 371 ARCHIEP.
2423 310 2972 371 CONSTANTINOP.

3576 320 3681 379 819

2103 431 2215 489 cari
2263 431 2319 488 in
2394 430 2515 502 ipsa
2580 428 3023 502 Quadragesima
3072 429 3319 489 habitam
3390 433 3678 492 bomiliant

415 533 609 587 multos
626 535 967 605 prolixosque
999 553 1265 591 sermones
1312 546 1498 591 contra
1523 530 1745 592 Iudicas
1789 537 2047 591 iusum-~
2098 530 2296 591 fuisse.
2320 532 2438 590 Non
2492 532 2712 589 videtur
2756 539 2938 587 autem
2996 531 3130 589 hinc
3162 532 3289 604 plus
3323 535 3555 589 subsidii
3594 553 3677 590 re-

413 635 641 702 primus,
695 636 1054 703 importunum
1108 654 1293 692 eorum
1349 637 1620 707 jejunium
1663 647 1994 692 accusantes.
2033 645 2059 680 ὶ
2096 633 2284 691 ferre:
2319 649 2446 691 nam
2504 634 2593 690 bis
2634 633 2931 705 signiﬁcari
2980 641 3186 706 potest,
3223 634 3325 691 hos
3375 634 3445 689 de
3476 635 3677 705 quibus

415 733 496 789 Eo
528 736 715 804 igitur,
748 747 812 791 ut
844 753 944 793 nos
969 740 1380 804 constituimus,
1435 748 1680 809 tempore
1724 740 1826 794 bas
1877 747 1989 794 tres

414 842 608 889 contra
638 831 862 890 Judatos
888 839 1184 893 conciones
1212 838 1424 893 habuit.
1468 838 1654 910 Neque
1704 855 1886 895 tamen
1920 843 1996 896 ita

414 948 606 988 mense
640 931 944 1004 Septembri
977 935 1192 990 habitas
1241 938 1374 992 dicit
1437 940 1537 995 has
1589 941 1792 996 multas
1821 941 1986 1012 proli-

413 1052 625 1106 xasque
662 1038 939 1105 bomilias,
973 1049 1035 1094 ut
1062 1040 1266 1096 nullam
1301 1050 1446 1105 ante,
1481 1043 1683 1098 nullam
1703 1052 1825 1114 post
1858 1042 1996 1113 Sep-

416 1137 684 1194 tembrem
756 1142 1151 1210 pronuntiarit.
1188 1141 1321 1197 Nam
1366 1159 1492 1197 cum
1525 1145 1623 1209 ait,
1679 1155 1803 1199 tunc
1854 1146 1995 1199 enim

415 1239 610 1294 mltos
644 1241 984 1313 prolixaeque
1024 1259 1290 1299 sermones
1320 1255 1506 1299 contra
1540 1242 1760 1300 Iudaeos
1808 1244 1999 1298 habui-

411 1356 550 1403 mus,
576 1350 796 1412 tempus
834 1343 1056 1399 circiter
1090 1353 1345 1407 annotat.
1376 1360 1555 1416 neque
1588 1345 1846 1402 homilias
1871 1346 1995 1402 illas

412 1458 607 1499 omnes
638 1459 826 1501 mense
878 1442 1187 1516 Septembri
1220 1446 1670 1503 circumscribit:
1705 1462 1814 1501 non
1844 1447 1991 1503 enim

413 1545 555 1599 solet
581 1544 1012 1616 Chrysostomns
1040 1556 1195 1604 tanto
1225 1548 1485 1619 scrupulo
1503 1555 1663 1605 notas
1681 1556 1992 1619 temporum

413 1644 758 1714 consignare,
829 1652 889 1699 ut
949 1647 1153 1715 passim
1213 1647 1648 1703 observavimus.
1678 1646 1816 1703 Cum
1861 1662 1995 1705 vero

413 1742 563 1808 dicit,
619 1742 816 1798 multos
874 1746 1215 1816 prolixosque
1260 1763 1563 1815 sermones,
1610 1747 1861 1812 πολλοὺς“
1891 1749 1993 1803 καὶ

416 1843 661 1914 μακροὺς
703 1842 915 1912 λόγους,
941 1843 1044 1905 has
1068 1853 1181 1908 tres
1205 1844 1459 1900 ltomilias
1483 1844 1727 1901 indicare
1756 1846 1993 1912 videtur,

414 1942 697 2011 etiamque
749 1940 1006 2000 fortassis
1049 1943 1209 2008 alias,
1250 1960 1372 2014 qua:
1430 1944 1634 2015 injuria
1683 1954 1995 2018 temporum

414 2043 838 2099 iuterciderint:
879 2059 1076 2115 parum
1129 2045 1275 2102 enim
1310 2044 1523 2110 abfuit,
1573 2046 1707 2118 quin
1757 2047 1997 2104 secunda

413 2147 582 2201 etiam
610 2147 836 2202 humilia
867 2149 1109 2216 perierit.
1142 2157 1334 2219 utpote
1362 2162 1486 2220 quae
1535 2150 1593 2205 in
1620 2166 1735 2206 uno
1785 2159 1998 2208 tantum

415 2244 642 2310 Codice,
685 2258 995 2318 magnaque
1047 2248 1132 2304 sui
1168 2260 1325 2320 parte
1381 2249 1576 2309 mutila
1630 2259 1841 2323 reperta
1896 2253 1990 2312 sit.

414 2343 532 2399 luto
568 2358 701 2400 vero
749 2358 961 2402 certum
1006 2348 1224 2404 videtur
1252 2350 1462 2421 aliquot
1506 2367 1571 2406 cx
1608 2350 1679 2408 iis
1731 2367 1870 2424 quas
1907 2356 1995 2411 bie

417 2454 711 2509 memorat.
745 2449 1006 2506 homilias
1051 2450 1400 2508 intercidisse
1431 2473 1443 2508 :
1496 2469 1621 2508 nam
1657 2453 1713 2509 in
1748 2455 1855 2511 line
1885 2463 1997 2511 ter-

415 2545 505 2600 tiae
531 2546 666 2602 dicit
690 2568 704 2603 :
738 2548 1201 2615 Quemadmodum
1221 2552 1723 2620 demonstravimus,
1752 2568 1869 2607 cum
1894 2554 1996 2609 hac

415 2651 481 2704 de
510 2667 568 2705 re
603 2655 760 2706 multi
792 2654 965 2708 habiti
1025 2656 1221 2723 fuerint
1252 2671 1286 2707 α
1320 2670 1404 2710 me
1440 2671 1724 2723 sermones,
1767 2654 1998 2721 πολλοὺς

410 2751 664 2823 ἀνήλωσα
721 2754 956 2824 λόγουςε
1014 2770 1123 2811 non
1160 2756 1242 2811 sic
1267 2755 1575 2820 locuturus,
1609 2756 1654 2811 si
1700 2756 1843 2812 duos
1872 2764 1997 2813 tan-

414 2862 530 2905 tum
570 2854 672 2906 hac
702 2853 770 2909 de
801 2868 859 2909 re
889 2870 1174 2911 sermones
1214 2856 1514 2911 habuisset.
1548 2853 1652 2909 Sed
1686 2871 1816 2911 cave
1836 2867 1996 2928 putes

411 2968 537 3009 eum
575 2953 851 3013 Fietttone
881 2958 1081 3015 Dueao
1115 2959 1372 3013 bomilias
1416 2960 1663 3029 quinque
1702 2970 1997 3031 sequentes

411 3053 501 3109 his
530 3054 912 3128 Chrysostomi
945 3059 1150 3123 verbis,
1183 3058 1368 3130 longos
1412 3060 1753 3131 prolixosqvue
1796 3077 1996 3118 sermo-

414 3156 905 3227 nes,signiﬁc:tri:
967 3160 1089 3216 illas
1149 3161 1423 3232 siquidem
1477 3162 1671 3217 habuit
1724 3161 1819 3219 diu
1873 3174 1999 3234 post

412 3254 707 3317 liomitiam
738 3260 795 3314 in
822 3258 1071 3316 Natalem
1117 3260 1360 3327 Domini,
1394 3277 1540 3320 anno
1579 3260 1689 3318 386
1727 3264 1995 3334 habitam,

413 3355 563 3411 unde
598 3370 854 3429 excerpta
887 3361 976 3415 illa
1004 3362 1170 3417 verba
1206 3372 1359 3427 sunt,
1408 3373 1467 3418 ut
1499 3380 1627 3421 mox
1663 3380 1840 3436 neque
1886 3368 1997 3421 du-

412 3455 519 3522 biis
547 3460 891 3526 argumentis
930 3460 1111 3530 palam
1147 3460 1437 3519 faciemus.

488 3568 680 3627 Restat
708 3579 771 3626 ut
808 3573 1138 3643 quibusdam
1171 3591 1202 3630 a
1254 3575 1603 3633 Tillemontio
1640 3577 1786 3634 circa
1831 3578 1999 3650 hujus

411 3670 658 3727 humilia
731 3679 948 3740 tempus
1000 3675 1295 3744 propositis
1371 3676 1555 3733 dubiis
1610 3692 1991 3733 occurramus.

412 3772 567 3840 Quod
610 3773 686 3828 ait
718 3773 1152 3845 Chrysostosuus
1200 3777 1255 3831 in
1306 3776 1412 3833 hac
1457 3778 1708 3843 humilia,
1756 3778 1993 3848 primum

412 3875 555 3929 diem
586 3872 924 3945 Azymorum
965 3875 1071 3931 hoc
1101 3890 1249 3931 anno
1278 3878 1523 3933 incidere
1544 3877 1599 3932 in
1629 3877 1996 3945 Dominicam,

414 3975 468 4030 id
497 3976 689 4046 utique
726 3990 876 4031 anno
907 3977 1014 4037 5.81
1042 3978 1297 4050 contigit.
1322 3972 1435 4036 Nec
1477 3981 1605 4038 inde
1635 3991 1819 4037 tamen
1858 3980 2000 4038 infe-

411 4090 507 4132 ras
528 4078 723 4140 eodem
760 4092 908 4133 anno
942 4079 1071 4146 587,
1102 4082 1325 4151 qualem
1364 4098 1724 4140 numeramus
1757 4099 1789 4140 a
1819 4085 1997 4155 prima

413 4174 657 4232 Ianuarii
688 4178 812 4241 die,
843 4179 1255 4248 pronuntiatam
1287 4179 1459 4237 fuisse
1498 4180 1641 4239 hanc
1672 4183 1992 4239 homiliam:

411 4284 547 4333 nam
581 4288 948 4350 praeterquam
979 4281 1129 4351 quod
1170 4294 1203 4336 a
1231 4282 1539 4354 Septembri
1597 4299 1788 4342 mense
1816 4300 2000 4343 annos

416 4381 474 4435 in
528 4378 774 4434 Ecclesia
839 4379 1028 4436 Grieca
1086 4383 1422 4448 inchoatur,
1468 4384 1608 4439 nihil
1653 4385 1999 4457 frequentius

415 4482 559 4551 apud
588 4482 812 4538 Gracos
837 4482 1030 4539 Patres
1070 4493 1126 4540 et
1158 4487 1460 4557 scriptores
1507 4497 1595 4542 est
1623 4501 1791 4557 quam
1848 4487 1997 4560 quod

413 4580 520 4637 hoc
544 4596 690 4637 anno
718 4596 833 4636 rem
861 4586 1180 4656 quampiam
1213 4601 1509 4644 occurrere
1537 4588 1744 4655 dicant,
1775 4588 2001 4659 quando

416 4680 485 4736 ad
516 4696 630 4737 rem
664 4683 851 4739 minus
890 4699 1057 4755 quam
1092 4688 1260 4743 unius
1289 4690 1418 4744 anni
1452 4691 1691 4760 spatium
1727 4691 1998 4746 intercute

411 4785 509 4840 rit.
549 4786 917 4852 Quamobrem
946 4788 1151 4858 optime
1173 4787 1374 4845 dixerit
1406 4806 1550 4846 anno
1578 4790 1705 4858 386,
1737 4789 1987 4861 Septem-

416 4889 502 4944 bri
536 4905 747 4956 mense,
774 4889 1207 4962 Chrysostomus
1234 4895 1471 4964 primum
1497 4896 1641 4949 diem
1662 4895 1997 4967 Azymorum

417 4990 526 5049 hoc
560 5009 711 5075 anno
741 4996 983 5052 incidere
1003 4996 1058 5052 in
1087 4997 1233 5052 diem
1266 4998 1632 5067 Dominicam,
1660 5001 1893 5072 loquens
1923 5003 1993 5058 de

411 5094 587 5170 primo
613 5097 703 5153 die
731 5097 1072 5170 Azymorum
1112 5100 1244 5155 anni
1313 5099 1443 5156 387.
1504 5097 1695 5172 Itaque
1739 5103 1786 5159 si
1832 5101 1999 5160 Tille-

312 5204 317 5207 ‘
410 5197 681 5263 montius,
740 5201 835 5269 qui
882 5198 1045 5269 paulo
1087 5207 1215 5255 ante
1257 5198 1750 5273 Quadragesimam
1795 5204 1877 5260 vel
1938 5205 1993 5262 in

411 5294 532 5362 ipsa
554 5295 982 5365 Quadragcsixna
1025 5298 1154 5351 anni
1181 5294 1286 5354 587
1323 5299 1466 5354 hanc
1512 5299 1819 5356 institutam
1871 5317 1995 5358 esse

413 5398 731 5451 coneimicm
771 5398 1128 5467 probabiliter
1160 5399 1443 5458 existimat
1466 5443 1480 5467 ,
1523 5398 1626 5459 hac
1671 5401 1999 5476 Cbrysosto-

415 5498 487 5549 mi
519 5496 777 5567 loquendi
816 5501 1026 5554 ratione
1050 5500 1280 5563 nitatur,
1302 5516 1335 5555 a
1363 5516 1533 5573 scopo
1562 5503 1723 5573 plane
1750 5505 1994 5559 aberrat.

415 5596 577 5652 Aliud
606 5600 750 5655 eruit
778 5612 1165 5671 argumentum
1187 5617 1255 5659 ex
1277 5603 1365 5659 his
1386 5606 1588 5670 verbis,
1611 5606 1711 5672 τὰς
1735 5608 1835 5678 μὲν
1861 5607 1999 5662 ταύ-

410 5709 511 5761 τας
547 5699 780 5769 ἡμέρας,
824 5702 918 5756 has
957 5703 1029 5758 40
1055 5704 1193 5771 dies,
1251 5705 1453 5776 quibus
1487 5706 1806 5777 suspicatur
1846 5706 1994 5763 indi-

2096 736 2320 806 loquor,
2373 745 2719 799 nouantem,
2781 736 2883 791 hos
2927 735 2983 791 in
3028 736 3232 807 quibus
3281 750 3567 791 versamur
3608 736 3677 790 et)

2096 835 2235 891 dies.
2264 835 2428 890 Certe
2455 820 2610 891 huic.
2640 834 2889 905 opinioni
2939 834 3205 904 refragari
3257 835 3475 891 videtur
3500 837 3677 908 Chry-

2095 946 2380 993 sostomus
2406 952 2533 993 cum
2566 935 2725 991 initio
2758 935 2927 1007 hujus
2967 935 3208 992 homilia:
3247 936 3382 992 dicit
3434 952 3496 993 se
3544 954 3678 993 con-

2095 1036 2319 1091 cionum
2359 1045 2554 1092 contra
2603 1036 2906 1094 Anomoeos
2946 1038 3145 1094 seriem
3188 1024 3369 1094 denuo
3418 1039 3680 1109 interpelq

2094 1133 2211 1189 lare
2237 1135 2381 1205 cogi,
2423 1144 2479 1190 ct
2524 1149 2592 1190 ex
2643 1137 2810 1192 modo
2858 1136 3108 1192 ordiendi
3153 1137 3383 1202 indicat,
3415 1154 3477 1193 se
3537 1139 3685 1193 Itane

2096 1235 2317 1290 tertiam
2366 1238 2688 1293 concionem
2742 1247 2933 1293 contra
2982 1237 3236 1303 Iudaeos,
3284 1241 3504 1297 modico
3552 1250 3683 1310 post

2095 1333 2394 1390 secundam
2421 1335 2609 1406 elapso
2635 1345 2881 1407 tampore
2923 1339 3205 1407 habuisse,
3250 1356 3374 1411 qua:
3426 1340 3673 1396 secunda

2097 1438 2155 1493 in
2190 1453 2437 1494 mensem
2473 1438 2851 1510 Septembrem
2900 1440 3047 1496 haud
3077 1441 3243 1498 dubie
3273 1441 3582 1509 referenda,
3616 1453 3683 1497 ut
3768 1432 3773 1436 ’

2095 1553 2265 1609 supra
2297 1539 2558 1595 vidimus.
2590 1539 2654 1594 Et
2682 1555 2816 1596 sane
2838 1555 2964 1601 cum
2989 1542 3419 1614 Chrysostomus
3450 1544 3682 1599 ltotnilia

2096 1641 2151 1697 in
2185 1643 2275 1698 die
2311 1638 2486 1697 Natali
2515 1642 2721 1699 Christi
2752 1643 2882 1698 anni
2915 1642 3023 1700 386
3055 1644 3203 1699 dicat
3234 1660 3294 1700 se
3322 1661 3509 1701 mense
3563 1648 3681 1700 cir-

2095 1744 2237 1800 Citer
2264 1746 2576 1816 Septembri
2607 1747 2812 1803 multos
2836 1746 3193 1818 prolixosque
3219 1763 3503 1803 sermones
3543 1765 3683 1803 crin-

2098 1853 2180 1900 tra
2206 1844 2428 1902 Iudaeos
2463 1847 2795 1914 instituisse,
2828 1849 3224 1920 congruentius
3264 1849 3319 1902 iu
3355 1847 3487 1903 illud
3517 1848 3686 1903 circi-

2097 1954 2181 2001 ter
2243 1956 2462 2017 tempus
2525 1947 2669 2003 Itanc
2729 1947 2945 2002 tertiam
3009 1947 3296 2003 homiliam
3349 1947 3631 2016 rejicimus
3659 1987 3687 2014 ,

2094 2057 2391 2119 postquam
2454 2049 2541 2105 vel
2602 2050 2902 2105 secundam
2956 2059 3152 2107 contra
3206 2051 3540 2112 Anomteos,
3588 2052 3685 2110 vel

2096 2146 2260 2203 aliam
2292 2162 2362 2202 ex
2392 2149 2752 2219 sequentibus
2783 2149 3053 2204 habuerat
3085 2167 3100 2204 :
3136 2166 3247 2205 non
3279 2150 3424 2204 enim
3459 2160 3693 2205 constar

2097 2263 2350 2321 quaenam
2382 2265 2449 2307 ex
2477 2251 2588 2307 illis
2624 2250 2769 2305 hanc
2798 2249 3014 2305 tertiam
3061 2258 3253 2305 contra
3295 2246 3513 2305 Iudaeos
3539 2258 3694 2319 prae:

2096 2354 2346 2412 cesserit.
2378 2354 2458 2409 Ad
2494 2355 2613 2410 haec
2667 2368 2801 2408 vero
2856 2353 2903 2409 si
2963 2353 3017 2408 in
3045 2352 3477 2426 Quadragesima
3533 2355 3683 2409 hunc

2096 2455 2384 2511 homiliam
2417 2454 2620 2510 dictam
2674 2453 2846 2511 fuisse
2880 2462 3210 2522 statuamus,
3271 2472 3336 2511 ea
3389 2458 3498 2512 erit
3529 2455 3693 2523 Qua-‘

2096 2556 2410 2629 dragcsima
2436 2555 2584 2610 baud
2616 2556 2780 2610 dubie
2806 2555 2936 2610 anni
2969 2555 3076 2611 387
3102 2572 3117 2623 ;
3153 2555 3209 2610 in
3245 2555 3336 2611 illa
3367 2572 3496 2612 vero
3526 2557 3678 2622 Qua-

2096 2656 2409 2729 dragcsima
2458 2673 2685 2715 cursum
2749 2657 3099 2712 homiliarum
3146 2665 3337 2712 contra
3375 2658 3693 2714 Anomceos’

2098 2759 2469 2830 interceperit,
2499 2768 2563 2815 ut
2595 2759 2738 2813 hanc
2758 2767 2952 2814 contra
2982 2755 3205 2814 Judzros
3246 2758 3489 2813 haberet.
3520 2756 3681 2824 Quo-

2097 2857 2263 2911 modo
2295 2865 2477 2911 autem
2518 2857 2636 2912 haec
2682 2857 2976 2912 convenire
3006 2857 3220 2926 possint
3267 2857 3322 2911 in
3351 2855 3675 2928 Quadrage-

2096 2959 2292 3014 simam
2325 2959 2455 3014 anni
2495 2957 2626 3025 381,
2657 2973 2757 3029 per
2787 2973 2954 3028 quam
2984 2965 3155 3012 totam
3189 2959 3260 3013 de
3290 2959 3489 3013 statuis
3514 2972 3681 3014 ever-

2097 3059 2175 3115 sis
2223 3060 2590 3116 concionatus
2617 3058 3051 3131 Chrysostomus
3104 3066 3213 3123 est,
3248 3067 3381 3116 tunc
3438 3067 3587 3114 totus
3621 3060 3683 3114 in

2097 3161 2474 3219 describendis
2515 3162 2981 3233 deplorandisque
3029 3160 3494 3216 Antiocbeuorum
3525 3161 3679 3216 cala-

2097 3264 2407 3329 mitatibus,
2436 3264 2639 3335 quibus
2667 3263 2939 3318 medicam
2991 3272 3220 3317 manum
3255 3263 3544 3318 admovere
3576 3278 3680 3318 co—

2098 3364 2380 3424 nubatur?
2404 3364 2575 3434 Cujus
2608 3365 2913 3435 argumenti
2936 3363 3044 3418 vim
3069 3366 3131 3418 ut
3154 3364 3352 3418 melius
3384 3362 3683 3433 intelligas,

2097 3465 2416 3521 consideres
2451 3464 2635 3531 velim,
2700 3463 2756 3518 in
2788 3463 3213 3534 Quadragesima
3263 3462 3393 3517 anni
3437 3462 3539 3517 ’587
3575 3464 3678 3516 lto-

2098 3567 2281 3623 milias
2308 3565 2502 3637 viginti
2531 3574 2586 3621 et
2613 3578 2781 3621 unam
2812 3564 3028 3620 habitas
3070 3564 3261 3630 fuisse,
3307 3578 3432 3636 qum
3480 3565 3677 3618 etiam-

2098 3680 2232 3724 num
2267 3675 2585 3737 supersunt,
2618 3672 2859 3736 totaeque
2888 3668 2943 3719 in
2988 3664 3339 3735 deplorandis
3382 3663 3675 3718 Antioche-

2099 3771 2187 3825 nis
2212 3768 2618 3825 calamitatibus
2645 3774 2956 3831 versantur,
2992 3766 3047 3819 in
3079 3776 3383 3834 earumque
3433 3764 3677 3819 exordiis

2100 3875 2162 3923 ut
2215 3867 2517 3938 plurimum
2565 3866 2634 3922 de
2683 3864 3121 3936 precedentibus
3184 3864 3423 3918 bomiiiis
3474 3864 3675 3934 agitur.

2101 3967 2494 4036 Quamobrem,
2529 3967 2578 4023 si
2617 3968 3007 4024 controversis:
3063 3966 3132 4021 de
3189 3966 3360 4038 gloria
3398 3963 3685 4035 Unigeniti

2100 4079 2157 4127 et
2204 4079 2400 4127 contra
2455 4071 2758 4127 Auomazos
2820 4080 2952 4126 tunc
3009 4070 3333 4139 viguissent,
3366 4078 3421 4125 et
3457 4071 3503 4124 si
3562 4069 3677 4124 inec

2101 4182 2295 4229 contra
2320 4171 2541 4228 Judees
2572 4179 2706 4227 tunc
2755 4171 2939 4225 habita
2972 4168 3193 4234 luisset,
3243 4171 3294 4224 id
3327 4171 3381 4223 in
3438 4170 3679 4240 quodam

2098 4275 2370 4347 prooemio
2408 4275 2554 4330 haud
2590 4274 2756 4329 dubie
2787 4279 3193 4328 memoraturus
3236 4280 3374 4327 erat.
3427 4272 3507 4325 Ad
3563 4272 3679 4327 hac

2102 4392 2234 4434 vero
2267 4378 2395 4449 quis
2453 4385 2628 4448 putet,
2678 4376 2737 4431 in
2801 4376 3063 4431 extremis
3117 4375 3376 4447 periculis
3430 4382 3487 4428 ct
3518 4374 3678 4427 malis

2100 4490 2356 4537 versante
2384 4481 2630 4545 civitate,
2660 4479 3115 4551 Cbrysostomum
3163 4489 3352 4532 contra
3383 4475 3677 4531 Anonth

2098 4588 2155 4638 et
2179 4581 2401 4638 Iudaeos
2427 4582 2837 4638 controversias
2877 4581 3172 4642 excitasse,
3208 4593 3329 4646 qua:
3359 4578 3677 4632 auditorqu

2099 4691 2156 4740 et
2180 4678 2355 4739 otium
2386 4691 2444 4737 et
2470 4683 2716 4738 sedatam
2745 4690 2983 4736 mentem
3024 4678 3394 4750 postulabant.

2169 4793 2328 4868 [586]
2361 4791 2547 4865 Longe
2578 4791 2937 4849 diﬁciliorem
2993 4793 3156 4847 aliam
3189 4800 3373 4846 movet
3416 4791 3673 4862 qumstio-

2099 4908 2223 4951 nem
2251 4893 2660 4959 Tillemontius,
2715 4908 2838 4963 quae
2873 4908 3027 4948 suam
3081 4885 3284 4963 psi-iter
3317 4902 3371 4947 et
3426 4901 3673 4946 nostram

2100 4980 2431 5053 sententiam
2463 4995 2711 5064 impetat,
2744 5009 2976 5066 quaeque
3010 4994 3331 5060 huiusmodi
3371 5004 3473 5048 cst.
3502 4991 3675 5062 Hujus

2100 5096 2341 5153 bomilize
2370 5096 2562 5154 titulus
2588 5106 2690 5164 est,
2718 5099 2815 5161 Εἰς
2842 5100 2969 5161 τοὺς
3009 5096 3081 5152 τὰ
3127 5097 3322 5168 πρῶτα.
3362 5095 3546 5165 πάσχα
3581 5112 3674 5164 νη-

2103 5198 2414 5262 στεύοντας,
2450 5194 2517 5252 In
2539 5213 2625 5253 eos
2651 5198 2743 5269 qui
2778 5200 2949 5266 primo
2980 5196 3192 5252 Pascha
3213 5195 3485 5266 jejunum.
3517 5193 3671 5261 Quod

2101 5310 2283 5356 autem
2321 5301 2427 5356 hoc
2458 5301 2577 5371 ipso
2607 5316 2752 5356 anno
2801 5300 2859 5365 ii,
2891 5297 2983 5367 qui
3035 5294 3349 5353 Judmorum
3403 5295 3672 5350 calculum

2099 5400 2155 5455 in
2185 5400 2452 5456 Paschate
2491 5401 2880 5472 sequebantur,
2917 5400 2970 5454 in
3003 5401 3125 5471 ipso
3158 5396 3429 5455 Pascbate
3452 5397 3672 5467 jejuna-

2098 5505 2207 5558 turi
2233 5514 2440 5570 essent,
2487 5504 2568 5560 sic
2600 5505 2847 5560 declarat
2902 5494 3334 5575 Chrysostomus
3384 5517 3541 5557 num.
3594 5496 3674 5556 5-:

2102 5601 2240 5660 Erue
2266 5618 2489 5675 namque
2539 5607 2743 5675 primus
2775 5606 2887 5660 dies
2934 5607 3256 5674 'Azymorum
3310 5603 3406 5657 hac
3443 5616 3581 5655 anno
3616 5600 3673 5653 in

2100 5702 2440 5761 Dominirunt
2468 5705 2608 5759 diem
2656 5705 2865 5772 incidit,
2912 5714 2961 5758 et
2986 5704 3197 5759 asinino
3229 5714 3431 5758 necesse
3456 5708 3556 5767 est,
3612 5704 3683 5751 ιι·
