3920 6358
221 231 374 296 841⁸⁴

225 362 334 407 tota
369 350 1036 422 Itebdomadajejunemus,
1064 361 1112 406 st
1153 367 1271 406 cum
1328 350 1518 406 Passio
1576 360 1800 420 prater-

221 453 368 515 ierit,
402 460 452 506 et
479 467 614 506 crux
643 452 912 507 aduenerit
943 461 992 506 et
1016 453 1346 516 resurrectio,
1390 468 1482 506 nos
1508 451 1680 505 adhuc
1711 451 1800 522 je—

210 548 472 618 junantes
512 563 843 609 maneamus.
887 551 954 608 Et
991 564 1343 624 saepenumero
1380 555 1522 608 istud
1575 557 1800 618 accidit,

223 669 285 710 ut
319 667 445 726 post
508 673 736 722 crucem,
794 666 911 724 post
972 660 1429 726 resurrectionem,
1476 659 1801 713 hebdomada

221 760 460 812 nondum
495 759 759 820 absoluta,
783 760 1047 830 jejunium
1081 762 1428 817 observemus.
1460 759 1584 816 Haec
1614 771 1802 817 contra

222 874 319 912 eos
355 859 652 926 dicuntur,
686 862 776 929 qui
815 861 1087 929 jejunium
1123 862 1355 920 Iudaico
1407 879 1560 919 more
1612 880 1801 919 serva-

223 960 380 1023 bant,
425 961 634 1032 quique
685 964 980 1032 aliquando
1019 967 1072 1018 in
1115 968 1236 1035 ipso
1287 963 1556 1021 Paschate
1585 965 1803 1036 jejuna-

223 1062 379 1126 bant,
428 1063 652 1133 quando
706 1067 916 1121 sr-ilicet
970 1065 1285 1122 Judzeorum
1321 1067 1564 1122 calculus
1595 1065 1805 1121 Pascha

225 1166 548 1236 assignabat
583 1177 709 1236 post
737 1167 1178 1223 Christianorum
1205 1169 1432 1224 Pascha.
1473 1168 1627 1225 Tunc
1660 1170 1804 1223 enim

225 1267 531 1322 Christiani
565 1269 641 1322 illi
679 1269 772 1338 qui
805 1267 1036 1325 Iudaico
1068 1272 1170 1325 ritu
1201 1271 1470 1340 jejunium
1495 1271 1805 1336 servabant,

226 1370 322 1423 illo
359 1369 449 1424 die
480 1371 947 1441 jejunabantquo
1001 1365 1178 1427 οπωτῖ
1239 1363 1537 1426 Christiani
1598 1371 1808 1428 Pascha

225 1469 596 1526 celebrarent.
644 1471 812 1542 Atqui
878 1473 1180 1528 secundum
1231 1461 1470 1529 Tabulas
1517 1471 1808 1544 paschale!

226 1589 372 1627 anno
461 1574 566 1628 ’587
661 1573 872 1630 Pascha
917 1576 1107 1631 incidit
1139 1577 1192 1630 in
1230 1577 1304 1630 ‘25
1350 1577 1573 1646 Aprilis,
1616 1591 1810 1645 nempe

226 1691 390 1746 quam
422 1675 740 1730 tardissime
766 1687 941 1746 potest
965 1693 1254 1732 occurrere
1282 1697 1296 1732 :
1348 1678 1623 1748 quomodo
1679 1694 1810 1748 ergo

227 1785 488 1846 poterant
527 1777 632 1830 hoc
670 1791 814 1829 anno
846 1775 1198 1832 Judaizantes
1238 1779 1310 1831 illi
1351 1779 1404 1830 in
1435 1776 1699 1833 Paschate
1723 1779 1810 1847 je-

225 1876 599 1946 junare,cum
663 1872 874 1928 Pascha
929 1872 1245 1928 inda-orum
1301 1890 1578 1943 nunquam
1639 1875 1812 1943 possit

229 1980 370 2034 ultra
400 1977 473 2032 25
509 1979 717 2048 Aprilis
741 1978 1077 2032 occurrere?
1105 1977 1298 2048 Ingens
1324 1992 1456 2031 sane
1480 1976 1770 2030 diﬁicultas
1795 1992 1808 2040 ;

229 2087 320 2142 sed
356 2102 480 2156 quae
522 2096 702 2140 tamen
733 2093 912 2141 certas
943 2085 1207 2154 temporis
1241 2093 1398 2138 notas
1444 2099 1474 2137 a
1508 2082 1667 2138 nobis
1719 2099 1813 2138 su-

230 2203 323 2257 pra
367 2187 582 2257 positas
613 2189 858 2240 evertere
885 2191 1142 2254 nequeat.
1185 2183 1320 2237 Nam
1377 2193 1558 2237 utrum
1595 2193 1811 2252 seraper

228 2289 559 2342 Antiocheni
593 2287 905 2341 invariabill
961 2287 1080 2355 lege
1109 2283 1605 2339 Alexandrinorum
1667 2283 1810 2338 circa

228 2387 431 2443 Pascha
475 2386 698 2441 Domini
731 2387 1005 2442 calculum
1041 2387 1213 2441 secuti
1252 2386 1380 2447 sint.
1415 2387 1466 2440 id
1511 2401 1644 2440 sane
1703 2402 1811 2441 non

229 2504 400 2557 usque
422 2489 566 2543 adeo
595 2489 756 2543 nobis
820 2497 1162 2557 compertum
1189 2497 1316 2544 est:
1371 2495 1535 2556 atque
1597 2485 1812 2540 etiamsi

229 2606 443 2661 semper
473 2591 653 2646 secuti
687 2591 832 2654 sint,
885 2606 953 2644 an
1007 2589 1277 2644 afﬁrmare
1326 2603 1619 2658 possumus
1660 2603 1814 2642 nun-

230 2710 388 2759 quam
425 2708 678 2749 errorem
733 2693 785 2746 in
828 2692 1040 2747 calculo
1077 2690 1462 2747 intercidisse?
1515 2688 1673 2743 Certe
1728 2686 1814 2742 l‘a-
1856 2743 1866 2752 τ

232 2803 409 2847 tentur
503 2793 612 2846 viri
675 2793 1017 2848 calculorum
1075 2793 1418 2862 paschalium
1489 2790 1814 2861 peritissimi

230 2911 470 2950 errorem
514 2895 790 2949 interdum
823 2895 874 2947 in
934 2895 1162 2949 calculis
1218 2893 1534 2963 hujusmodi
1591 2894 1814 2950 contin-

234 3012 376 3065 gere,
413 3011 522 3050 nec
558 2995 742 3050 multis
787 2995 989 3050 abhinc
1049 2994 1212 3048 annis
1264 2993 1582 3063 contigisse,
1639 3009 1818 3062 neque

234 3102 402 3148 tutum
437 3110 662 3164 semper
697 3110 820 3149 esse
849 3104 1009 3149 notas
1040 3094 1326 3164 paschales
1355 3095 1480 3149 aliis
1507 3104 1815 3164 temporum

233 3197 370 3250 notis
399 3205 758 3264 anteponere.
794 3193 939 3249 Sane
975 3204 1125 3248 tanta
1167 3194 1386 3251 videtur
1437 3209 1628 3249 eorum
1651 3235 1664 3258 ,
1696 3205 1818 3265 quae

232 3315 388 3368 supra
418 3299 693 3366 diximus,
731 3298 984 3362 ﬁrmitas,
1020 3309 1078 3350 ut.
1102 3299 1280 3368 potius
1317 3313 1381 3353 ex
1411 3299 1820 3368 computatione

235 3408 414 3453 nostra
447 3406 646 3452 contra
676 3395 948 3452 calculum
977 3397 1291 3466 paschalem
1323 3395 1618 3465 ejusmodi,
1654 3413 1818 3466 quam

236 3516 298 3555 ex
327 3502 548 3557 calculo
580 3500 825 3572 paschali
850 3509 1043 3556 contra
1073 3500 1540 3569 computationem
1570 3509 1817 3555 nostram

235 3605 409 3660 liceat.

311 3721 432 3777 ﬂare
465 3723 538 3778 de
573 3719 752 3775 tribus
779 3718 1057 3790 prioribus
1088 3728 1278 3772 contra
1311 3715 1531 3773 Iudaeos
1557 3718 1816 3772 homiliis.

237 3823 488 3894 Quinque
553 3835 686 3878 vero
743 3830 1036 3892 sequentes
1108 3821 1202 3876 diu
1262 3831 1388 3892 post
1443 3821 1818 3876 intermissam

237 3924 471 3992 priorem
510 3923 777 3977 adversus
815 3922 1037 3977 eosdem
1082 3922 1548 3977 concertationem
1607 3923 1822 3978 habitas

242 4024 408 4080 fuisse
443 4024 762 4078 subindieat
802 4023 920 4094 ipse
959 4017 1390 4093 Chrysostomus
1427 4023 1581 4077 initio
1613 4027 1822 4092 quarta:

243 4121 323 4178 his
350 4125 575 4179 verbis:
615 4122 823 4177 Rursus
865 4122 1101 4191 infelices
1139 4122 1220 4175 illi
1263 4124 1671 4194 mortaliumque
1706 4141 1820 4178 om-

243 4226 382 4278 nium
442 4226 732 4280 miserrimi
800 4225 982 4280 ,Ιαίίιεὶ
1029 4227 1332 4295 jejunaturi
1398 4237 1567 4281 sunt:
1632 4245 1817 4281 rursus

242 4325 440 4383 Christi
473 4347 681 4401 gregem
730 4332 1035 4384 muniautus
1085 4347 1290 4384 necesse
1326 4340 1427 4386 est.
1489 4329 1591 4385 Sed
1635 4342 1819 4400 aperte

245 4426 486 4485 declarat
512 4419 742 4486 ‘homilia
767 4440 919 4486 sexta
957 4447 1108 4487 num.
1142 4432 1175 4486 6
1203 4449 1214 4485 :
1252 4431 1392 4496 Quid
1421 4441 1597 4484 autent
1631 4431 1819 4500 loquor

1253 225 1623 285 ADVERSUS
1659 224 1976 285 JUDAEOS.
2012 257 2082 271 —
2113 227 2458 287 MONITU‘M.

3303 249 3305 252 ⁴
3361 233 3488 288 8η.

1905 347 1972 401 de
2003 350 2342 418 pradonibus
2369 351 2396 405 ?
2442 349 2690 421 Profecto
2738 351 2886 406 scitis
2921 367 3098 406 omnes
3139 367 3200 404 ac
3251 353 3488 417 memini,

1907 454 2122 523 quando
2147 454 2290 524 apud
2321 471 2416 509 nos
2455 456 2701 510 scelerati
2723 455 2942 527 quidam
2989 463 3040 509 et
3070 455 3486 525 praestigiator“

1907 561 2117 607 statuas
2145 557 2404 624 principis
2431 553 2751 626 defecerunt,
2782 573 2885 626 quo
2922 566 3076 626 pacto
3103 571 3204 610 non
3249 555 3330 608 illi
3365 567 3490 608 tan--

1909 665 2018 707 tum
2048 657 2139 726 qui
2192 657 2399 726 facinus
2423 659 2545 712 ausi
2596 659 2830 728 fuerant,
2867 659 2957 712 sed
2995 667 3252 729 quotquot
3291 656 3490 726 simpli-

1909 758 2042 810 citer
2073 770 2363 828 pra'sentes
2399 763 2664 830 conspecti
2696 773 2868 826 erant,
2899 764 3150 832 quoniam
3179 761 3492 815 uidebuntur

1911 857 2021 911 illis
2070 861 2340 924 assentiri,
2401 861 2457 913 in
2505 861 2770 930 judicium
2811 862 3013 930 abrepti
3073 859 3338 930 simulque
3370 875 3491 912 cum

1909 959 2021 1014 illis
2049 959 2264 1014 abducti
2303 973 2536 1016 extremo
2563 965 2821 1032 supplicio
2851 965 2954 1018 sint
3007 963 3205 1032 offecti.
3241 960 3339 1015 Hic
3379 977 3492 1016 mc-

1913 1073 2181 1118 moratam
2214 1063 2466 1118 videmus
2494 1065 2640 1118 illam
2669 1064 3014 1134 tragoediam,
3044 1079 3165 1134 quae
3190 1079 3289 1134 per
3320 1071 3489 1116 totam

1915 1165 2405 1234 Quadragesimam
2447 1165 2576 1219 anni
2638 1165 2742 1219 587
2804 1165 3097 1220 occasione
3155 1165 3492 1236 dt-jectarum

1916 1277 2225 1324 statuarum
2254 1268 2563 1322 Antiochia:
2593 1269 2837 1324 exhibita
2868 1281 2972 1335 est,
2998 1270 3065 1324 de
3095 1284 3200 1340 qua
3243 1269 3495 1338 pluribus

1918 1370 2075 1424 initio
2115 1369 2246 1424 tomi
2312 1369 2612 1440 sequentis.
2654 1368 2778 1424 llaec
2833 1379 2999 1440 porro
3057 1383 3210 1426 sexta
3269 1371 3494 1426 homilia

1918 1471 2103 1527 habita
2149 1467 2250 1528 luit
2291 1475 2410 1545 ipso
2455 1473 2652 1545 jrjnnii
2703 1473 3019 1531 Judteomm
3074 1475 3185 1542 die;
3249 1484 3313 1532 ut
3379 1473 3514 1546 ipso'

1917 1573 2348 1644 Chrysostomus
2387 1576 2522 1630 dicit
2551 1578 2602 1631 in
2640 1577 2746 1632 line
2777 1597 2789 1632 :
2823 1587 3019 1648 quarta
3051 1578 3239 1632 decem
3281 1579 3496 1634 circiter

1917 1673 2112 1730 diebus
2143 1685 2270 1730 ante
2314 1675 2630 1746 jejunium:
2669 1679 2863 1748 quinta
2917 1680 3258 1746 intermedio,
3321 1693 3378 1735 ut
3430 1695 3495 1734 ex

1917 1775 2168 1829 ordiendi
2195 1778 2360 1832 modo
2392 1779 2582 1848 liquet,
2609 1787 2895 1848 tempore:
2944 1781 3197 1850 septima,
3257 1781 3496 1835 nondum

1918 1877 2170 1931 absoluto
2223 1875 2538 1933 Iudaeorum
2583 1878 2760 1934 festo:
2805 1889 2997 1936 octava
3057 1890 3182 1951 post
3226 1881 3496 1952 jejunium

1917 1985 1972 2030 et
1997 1973 2234 2044 festum;
2271 1975 2343 2029 ita
2378 1985 2438 2030 ut
2467 1991 2533 2030 ex
2562 1975 2943 2048 Chrysostomi
2980 1980 3160 2034 verbis
3206 1979 3350 2034 clare
3386 1982 3502 2034 eol-

1917 2074 2121 2145 ligatur
2161 2092 2284 2130 cum
2327 2076 2542 2142 minus,
2583 2092 2747 2146 quam
2807 2077 2997 2148 viginti
3047 2079 3257 2133 dierum
3299 2081 3498 2148 Spatio,

1915 2176 2165 2245 quinque
2191 2184 2497 2245 postremas
2525 2186 2717 2231 contra
2757 2173 2975 2231 Iudaeos
3006 2175 3260 2231 homilias
3309 2178 3500 2234 absol-

1919 2278 2084 2331 visse.
2123 2275 2234 2331 liae
2259 2277 2330 2332 de
2379 2293 2438 2332 re
2473 2277 2766 2352 difficultas
2803 2279 2948 2333 nulla
2992 2280 3230 2335 sithoriri
3296 2292 3499 2352 potest.

1923 2375 2118 2432 Utrum
2151 2389 2330 2432 autem
2364 2395 2508 2432 anno
2537 2379 2664 2444 ⁸587,
2695 2380 2884 2434 eodem
2927 2389 3243 2435 recurrentc
3263 2381 3496 2451 jejunio,

1921 2481 2082 2550 cujus
2121 2496 2289 2536 causa
2348 2490 2457 2536 tres
2508 2481 2722 2552 priores
2764 2480 3022 2535 homilias
3063 2495 3211 2535 anno
3247 2484 3502 2552 proximo

1922 2583 2211 2648 habuerat,
2248 2583 2345 2639 has
2390 2584 2634 2654 quinque
2699 2585 2994 2640 conciones
3029 2585 3361 2655 instituerit,
3395 2589 3501 2643 etsi

1919 2699 2031 2758 non
2065 2685 2290 2754 perinde
2319 2693 2530 2738 certum
2573 2683 2842 2750 videatur,
2880 2686 3107 2741 omnino
3156 2694 3336 2742 tamen
3378 2705 3505 2759 pro-

1924 2785 2105 2840 babile
2132 2796 2254 2841 est:
2287 2787 2339 2840 in
2371 2787 2566 2841 harum
2599 2787 2798 2857 quippe
2850 2788 3200 2844 homiliarum
3267 2792 3502 2849 decursu

1925 2895 2231 2956 martyrum
2264 2886 2561 2941 memorias
2603 2902 2898 2942 occurrere
2937 2889 3070 2946 dicit
3121 2901 3346 2950 sanctus
3405 2896 3505 2950 do-

1927 2995 2066 3050 ctor,
2101 2988 2566 3056 quemadmodum
2592 2999 2645 3042 et
2685 2989 2738 3042 in
2771 2989 3050 3057 prioribus
3081 2991 3188 3047 illis
3219 2993 3504 3048 concioni-

1919 3092 2023 3146 bus
2046 3093 2174 3145 anni
2207 3091 2344 3154 586,
2378 3109 2518 3162 quas
2568 3109 2755 3147 mense
2785 3094 3005 3148 circiter
3060 3095 3366 3162 Septembri
3403 3097 3505 3151 ha-

1925 3191 2112 3246 buisse
2167 3207 2226 3247 se
2282 3193 2627 3247 testiticatur.
2683 3191 3020 3263 Videturque
3076 3194 3506 3266 Chrysostomus

1919 3292 2213 3348 Judaicum
2275 3293 2572 3359 morbum,
2641 3293 3082 3348 Christianorum
3135 3298 3502 3366 quorumdam

1922 3395 2124 3450 animis
2161 3395 2338 3449 adhuc
2363 3399 2682 3459 haerentem,
2713 3397 2800 3450 cui
2843 3381 3106 3451 medicam
3145 3413 3310 3452 manu
3357 3414 3506 3455 anim

1920 3496 2026 3551 586
2057 3497 2394 3562 admoverat,
2419 3512 2562 3552 anno
2589 3496 2755 3550 etiam
2789 3497 3099 3568 insequenti
3145 3500 3366 3569 penitus
3401 3516 3500 3555 cu-

1922 3613 2046 3655 rare
2082 3600 2347 3664 voluisse,
2372 3601 2660 3670 ipsumque
2691 3601 2932 3655 humilia:
2953 3611 3165 3670 quartae
3194 3602 3502 3665 exordium,

1923 3700 2126 3757 Rursus
2183 3703 2363 3758 Juda’i
2391 3703 2697 3774 jejunaturi
2753 3713 2897 3768 sunt,
2957 3705 3204 3759 eamdem
3260 3705 3505 3775 proxime

1922 3817 2299 3862 recurrentem
2361 3807 2488 3862 anni
2535 3814 2920 3878 tempestatem
2989 3822 3220 3878 prorsus
3277 3807 3491 3877 signiti-

1925 3927 2050 3967 care
2081 3910 2318 3966 videtur.

1997 4026 2515 4096 interpretationem
2554 4025 2805 4082 Latinam
2848 4027 3042 4096 primae
3072 4024 3314 4080 homilia:
3344 4025 3505 4079 ador-

1925 4129 2081 4182 navit
2114 4126 2284 4182 David
2321 4125 2694 4192 iloeschelius,
2722 4126 2978 4184 secundae
3009 4137 3062 4181 et
3109 4127 3282 4180 tertia:
3331 4125 3507 4178 homi-

1926 4229 2014 4282 lize
2037 4227 2243 4284 Fronto
2279 4229 2524 4296 Ducmus,
2550 4232 2792 4300 quinque
2821 4231 3186 4299 posteriorum
3222 4226 3503 4291 Erasmus,

1913 4341 2067 4404 quas
2092 4331 2576 4401 interpretationes
2602 4332 2813 4401 aliquot
2846 4332 2899 4385 in
2941 4330 3078 4386 locis
3117 4331 3434 4384 emendatas
3475 4342 3508 4381 ι

1928 4433 2150 4501 regione
2189 4432 2361 4488 Graeci
2395 4439 2574 4488 textus
2607 4434 2914 4503 posuimus.
