3920 6386
172 408 278 466 845

168 550 310 595 mine
337 534 408 588 ab
441 532 675 587 Ecclesia
700 529 815 585 volo
840 544 1042 585 arcere.
1061 528 1191 584 Nam
1210 527 1370 583 verba
1397 538 1579 583 contra
1608 531 1755 584 Ano-

165 641 342 682 mueos
395 627 509 679 alio
558 638 794 692 tempore
842 624 951 678 fieri
1000 633 1278 692 poterunt,
1326 636 1427 678 nec
1472 621 1760 692 quidquam

166 716 348 771 damni
405 725 629 784 propter
683 730 885 767 tnoram
934 712 1166 777 facietis;
1220 712 1528 766 Iudaeorum
1582 721 1758 765 autem

166 808 361 865 morbo
393 817 673 871 Correptos
711 805 808 858 nisi
831 805 939 872 jam
966 805 1326 858 curaverimus
1345 844 1358 868 ,
1382 805 1507 858 dum
1539 819 1648 873 prae
1678 801 1758 857 fo-

165 900 316 955 ribus
359 898 578 952 illorum
621 896 764 952 ferite
792 910 1060 967 pr0peque
1085 895 1296 958 adsunt,
1324 910 1512 949 vereor
1540 910 1605 949 ne
1629 895 1762 948 forte

172 991 391 1062 quidam
449 991 815 1057 intempestiva
857 988 1239 1042 consuetudine
1285 999 1577 1056 magnaque
1614 985 1764 1054 igno-

169 1081 341 1135 rantia
366 1080 582 1134 illorum
607 1079 851 1148 nequitiae
871 1084 1147 1133 oonsortes
1170 1080 1316 1138 tiant,
1339 1084 1496 1143 atque
1512 1074 1762 1141 deinceps

170 1170 367 1224 frustra
398 1169 471 1224 de
500 1169 581 1223 his
607 1170 766 1222 verba
794 1167 1068 1222 faciamus.
1090 1166 1145 1221 Si
1173 1167 1312 1219 enim
1337 1165 1467 1218 nihil
1496 1164 1761 1218 audiendo

172 1260 332 1315 hodie
361 1277 488 1315 cum
518 1262 622 1316 illis
650 1260 955 1329 jejunarint,
987 1266 1293 1330 perpetrato
1318 1268 1556 1327 peceato,
1590 1271 1764 1311 reme—

172 1350 314 1406 dium
349 1351 554 1405 frustra
581 1350 966 1404 adhibebimus.
993 1349 1164 1415 Quare
1192 1346 1255 1401 ad
1289 1346 1761 1417 pra-occupandum

170 1445 440 1514 impellor.
472 1444 615 1498 Idem
643 1444 802 1497 etiam
843 1441 1037 1496 medici
1067 1442 1117 1493 in
1151 1440 1461 1510 urgentibus
1489 1446 1543 1492 et
1567 1437 1762 1500 acutis-

172 1534 319 1589 simis
342 1535 555 1588 morbis
576 1536 880 1599 observant,
908 1549 1043 1602 quos
1065 1533 1205 1600 prius
1230 1546 1418 1585 curare
1446 1529 1759 1583 instituunt:

170 1627 387 1681 omnino
434 1637 617 1680 autem
669 1626 770 1681 hoc
816 1635 1086 1680 certamen
1133 1625 1292 1693 priori
1333 1628 1416 1676 est
1453 1631 1759 1692 cognatum.

171 1717 305 1788 Quia
337 1718 486 1772 enim
522 1718 767 1791 impietas
787 1714 1091 1772 indecorum
1118 1724 1172 1770 et
1199 1717 1576 1769 Anommorum
1604 1711 1763 1766 affine

171 1811 291 1880 quid
326 1808 520 1870 habet,
553 1811 847 1862 certamina
889 1807 1046 1861 etiam
1078 1821 1237 1864 nunc,
1263 1805 1524 1873 prioribus
1549 1802 1759 1867 aflinia,

170 1903 325 1955 nobis
355 1916 483 1956 sese
504 1899 757 1955 offerunt.
789 1898 919 1952 Nam
950 1898 1090 1967 quod
1118 1896 1284 1951 Judaei
1312 1897 1512 1949 crimen
1544 1893 1762 1961 objiciev

172 1993 316 2056 haut,
352 1993 499 2045 idem
533 1992 800 2045 intentant
833 2004 1045 2060 quoque
1084 1988 1349 2042 Anommi.
1377 1986 1513 2057 Quid
1549 1985 1760 2040 crimini

174 2077 373 2130 dabant
426 2079 557 2131 illi?
596 2080 750 2142 Quod
784 2078 1037 2133 Christus
1070 2078 1239 2130 lleutn
1279 2075 1493 2128 Patrem
1528 2075 1757 2135 diceret,

174 2182 332 2237 seque
368 2170 554 2236 ipsum
586 2167 675 2222 Dei
710 2169 970 2238 aequalem
1010 2167 1210 2221 laceret
1255 2165 1437 2236 (Joan.
1472 2180 1522 2223 ν,
1559 2162 1669 2235 18).
1703 2162 1759 2217 Id

172 2260 225 2312 in
255 2260 465 2314 crimen
504 2261 674 2314 etiam
718 2260 773 2314 hi
821 2260 1049 2315 trahunt
1087 2277 1100 2314 ι
1142 2259 1269 2327 quin
1304 2264 1487 2327 potius
1521 2272 1628 2309 non
1653 2264 1763 2308 tra-

176 2351 329 2418 hunt,
362 2352 459 2407 sed
496 2352 707 2406 dictum
745 2352 976 2423 ejusque
1010 2351 1341 2405 sententiam
1387 2348 1594 2413 delent,
1634 2347 1762 2404 licet

177 2457 280 2499 non
318 2458 515 2503 manu.
547 2454 602 2498 at
628 2444 967 2505 cogitatione
987 2449 1152 2504 atque
1184 2443 1389 2496 animo.
1529 2453 1532 2456 ‘

244 2532 296 2587 2.
338 2531 527 2601 Neque
578 2548 707 2586 vero
751 2531 1051 2596 miremini,
1095 2530 1235 2601 quotl
1284 2530 1495 2584 Jutlrcos
1538 2528 1762 2583 miseros

180 2622 416 2678 dixerim.
447 2624 664 2678 Revera
698 2624 838 2677 enim
878 2623 1057 2677 miseri
1088 2631 1212 2677 sunt
1236 2632 1394 2690 atque
1432 2621 1717 2674 :erumnosi
1742 2661 1759 2687 ,

183 2718 262 2785 qui
293 2725 366 2771 tot
393 2716 765 2781 bonaeatlitus
780 2715 878 2768 sibi
908 2716 959 2768 in
984 2715 1169 2767 man‘us
1194 2714 1363 2767 delata
1391 2713 1759 2782 repudiarunt,

184 2806 461 2876 deditoque
490 2821 657 2873 opera
685 2806 1004 2874 rejecerunt.
1034 2803 1195 2858 Ortus
1230 2813 1312 2856 est
1340 2804 1443 2855 illis
1473 2804 1762 2856 matutinus

185 2896 387 2964 iustitiae
421 2898 528 2964 sol,
562 2908 618 2951 et
646 2897 743 2966 ipsi
782 2897 994 2966 quidem
1017 2938 1031 2958 ,
1061 2896 1223 2949 radiis
1254 2895 1499 2962 repulsis,
1531 2894 1582 2947 in
1615 2903 1764 2948 tene—

186 2987 285 3044 bris
320 2991 510 3046 sedent
544 3009 559 3044 :
592 3001 646 3043 at
683 3006 778 3044 nos
814 2992 895 3043 his
934 2990 1173 3043 innutriti
1204 2989 1376 3042 lucem
1417 2987 1483 3040 ad
1521 3002 1617 3041 nos
1660 2987 1759 3055 ipsi

187 3084 563 3149 pertraximus,
609 3084 914 3149 erroristjue
942 3082 1165 3150 caligine
1205 3080 1409 3133 liberati
1442 3093 1645 3131 sumus.
1682 3076 1762 3131 Ilii

186 3172 367 3230 radicis
393 3182 601 3227 sancta:
639 3173 772 3226 rami
799 3182 983 3235 erant,
1017 3171 1107 3224 sed
1139 3170 1286 3223 fracti
1313 3177 1437 3222 sunt
1471 3167 1643 3239 (Rom.
1673 3169 1757 3222 11.

188 3261 269 3319 16.
297 3262 383 3336 17)
410 3284 423 3318 :
453 3279 562 3318 nos
588 3279 691 3316 non
720 3275 931 3318 eramus
963 3263 1156 3317 radicis
1196 3262 1474 3331 participes
1494 3303 1509 3325 ,
1553 3271 1606 3315 et
1649 3262 1759 3314 frn-

188 3363 317 3406 Ctum
346 3356 562 3422 pietatis
592 3353 827 3407 tulimus.
855 3352 929 3408 Illi
955 3353 1240 3423 prophetas
1268 3352 1334 3404 ab
1362 3352 1577 3407 ineunte
1606 3358 1763 3406 aetate

188 3440 447 3511 legerunt,
484 3453 545 3498 et
576 3445 866 3514 prophetiis
904 3446 1233 3498 enuntiatum
1262 3444 1402 3497 cruci
1434 3443 1715 3497 afﬁxerunt
1743 3459 1758 3499 :

189 3544 297 3595 nos,
334 3537 417 3603 qui
471 3535 611 3589 nihil
654 3535 720 3589 de
769 3534 938 3588 sacris
977 3533 1145 3591 literis
1198 3534 1569 3595 audieramus,
1621 3533 1762 3587 hunc

193 3620 348 3688 ipsum
377 3625 739 3679 adoravimus.
788 3624 912 3678 Ideo
961 3624 1140 3678 miseri
1183 3625 1278 3686 illi,
1310 3625 1431 3693 quia
1475 3626 1631 3677 missa
1661 3623 1761 3681 sibi

194 3710 342 3779 bona,
371 3717 488 3770 aliis
517 3714 850 3784 rapientibus
877 3725 1038 3784 atque
1065 3715 1129 3767 ad
1159 3730 1278 3769 sese
1310 3706 1758 3783 pet-trahentibus,

193 3801 282 3871 ipsi
300 3809 491 3876 repulet
511 3817 629 3861 unt.
654 3809 729 3862 Ac
753 3807 823 3861 illi
853 3807 1062 3878 quidem
1085 3808 1148 3861 ad
1172 3810 1397 3863 liliorttttt
1420 3810 1759 3878 ad0ptionein

197 3897 375 3960 vocati,
408 3900 459 3952 in
506 3913 670 3954 canes
698 3899 1087 3968 degenerarunt
1120 3918 1132 3953 :
1168 3916 1283 3966 nos,
1318 3902 1404 3971 qui
1447 3917 1608 3956 canes
1644 3918 1760 3955 era-

198 3997 324 4045 mus,
353 3987 566 4042 brutam
617 4001 854 4043 naturam
883 3991 1055 4044 dii-ina
1087 3993 1250 4061 gratia
1286 4009 1482 4047 exuere
1510 4002 1666 4064 atque
1694 3994 1759 4048 ad

199 4072 409 4131 ﬁliorum
448 4082 707 4134 honorem
735 4081 1024 4134 ascendere
1059 4084 1347 4149 potuimus.
1382 4081 1529 4135 Unde
1562 4084 1660 4136 hoc
1696 4084 1759 4136 li-

200 4166 346 4232 quet?
374 4168 491 4223 Non
515 4179 589 4223 est
615 4168 819 4233 bonum,
851 4172 1016 4241 inquit
1048 4172 1363 4226 Chananzere
1379 4172 1643 4236 Christus,
1670 4191 1761 4242 pa-

202 4266 302 4306 nem
326 4258 549 4324 filiorum
568 4275 762 4329 capere,
788 4271 834 4312 ct
853 4262 1043 4314 catellis
1064 4262 1274 4330 objicere
1293 4262 1499 4328 (Matth.
1529 4264 1610 4318 1'5.
1629 4264 1719 4334 26)
1744 4281 1757 4317 :

205 4340 313 4400 illos
338 4346 489 4413 ﬁlios,
523 4365 587 4403 ex
628 4350 874 4421 gentibus
906 4365 1034 4404 vero
1062 4351 1339 4411 oriundos,
1369 4366 1531 4406 canes
1560 4367 1763 4406 nuncu-

206 4442 339 4500 pans.
366 4439 580 4506 Verum,
605 4458 708 4510 quo
736 4443 892 4496 modo
921 4444 992 4496 sit
1014 4444 1254 4498 inversus
1285 4445 1453 4510 ordo,
1486 4447 1625 4510 vide,
1657 4448 1760 4500 illi-

204 4536 295 4590 que
321 4542 496 4597 canes,
516 4546 616 4586 nos
642 4532 795 4587 liberi
824 4532 947 4587 facti
964 4535 1149 4588 simus.
1187 4533 1358 4588 Videte
1373 4552 1538 4602 canes,
1568 4536 1635 4591 de
1657 4537 1761 4591 illis

204 4616 269 4669 ait
304 4618 516 4687 Paulus,
550 4624 709 4677 videte
731 4626 892 4679 malos
921 4627 1208 4694 operarios.
1233 4628 1764 4691 videteconcisionem.

208 4699 311 4756 Nos
330 4708 462 4761 enim
496 4724 680 4764 sumus
702 4708 1055 4766 circumcisio.
1075 4698 1528 4788 (Philipp.5.2.3).
1573 4718 1759 4775 Cernis

207 4800 455 4857 quomodo
484 4803 631 4858 liberi
661 4805 805 4872 prius
827 4820 989 4859 canes
1017 4807 1321 4861 evaserint?
1351 4809 1508 4863 Visne
1533 4825 1760 4879 cognos-

202 4894 333 4949 cere,
354 4890 438 4956 qui
471 4906 568 4945 nos
590 4894 859 4948 ceanihns
889 4895 977 4949 lilii
1007 4893 1126 4949 facti
1157 4898 1362 4952 simus?
1390 4899 1641 4970 Quotquot
1660 4916 1759 4954 au-

207 4977 293 5024 tem
316 4991 599 5049 receperunt
629 5001 765 5049 eum,
791 4985 982 5055 inquit,
1014 4987 1151 5039 dedit
1175 4989 1246 5042 eis
1277 4998 1589 5056 potestatem,
1623 4992 1756 5058 ﬁlios

209 5057 288 5115 bri
310 5067 413 5133 fieri
443 5072 595 5141 (Jotm
650 5078 700 5131 1.
738 5076 848 5145 1‘2).
880 5077 1019 5131 Nihil
1052 5078 1166 5131 istis
1195 5080 1469 5143 miserius,
1501 5083 1589 5149 qui
1624 5057 1756 5138 nus-

206 5164 346 5215 rl'lftm
387 5175 486 5215 non
528 5166 684 5219 saluti
731 5179 842 5219 suae
888 5167 1103 5221 adversi
1147 5182 1386 5222 currunt.
1436 5171 1565 5224 Dum
1613 5175 1754 5226 enim

203 5237 357 5308 "‘30!"
380 5255 580 5309 Servari
611 5257 879 5324 oportuit,
908 5260 1287 5310 coneulearunt
1319 5276 1333 5310 :
1367 5260 1450 5313 illa
1482 5277 1620 5314 nunc
1643 5277 1757 5316 t‘cs-

199 5338 360 5425 ξλίξὶθ,
392 5346 738 5404 pertinaciter
781 5346 1024 5400 eamdem
1065 5347 1197 5399 tueri
1245 5350 1589 5403 contendunt.
1620 5351 1754 5418 Quid

198 5419 312 5482 ipsis
335 5440 486 5494 queat
523 5435 882 5489 miserabilius
910 5451 1052 5502 esse,
1080 5439 1168 5505 qui
1199 5453 1301 5489 non
1333 5443 1755 5508 transgressione

198 5509 366 5596 stilum,
393 5521 573 5579 sedet
606 5527 978 5581 observatione
1021 5527 1152 5596 legis
1195 5528 1356 5581 Deum
1398 5532 1756 5584 exaeerhant‘!

196 5594 304 5654 Ideo
343 5607 475 5664 Dum
518 5619 734 5683 mica,
768 5619 955 5686 inquit,
1002 5628 1049 5671 et
1093 5621 1437 5673 incircumciso
1479 5623 1629 5676 corde
1669 5641 1755 5678 vos

217 5706 371 5757 οιπρεν
396 5698 623 5769 Spiritui
654 5718 827 5761 sancto
855 5709 1082 5762 resistitis
1104 5709 1237 5773 (Act.
1268 5709 1319 5764 7.
1347 5712 1437 5779 5|)
1464 5729 1474 5763 :
1511 5724 1612 5766 nan
1637 5715 1751 5767 vioo

206 5772 349 5839 δυὰς)
389 5790 535 5861 leges
576 5798 867 5865 dumtaxat,
897 5798 990 5853 sed
1031 5809 1086 5853 et
1122 5800 1495 5871 intempestive
1535 5819 1751 5861 seri-are

1426 416 1788 475 ADVERSUS
1821 414 2125 476 JUDAEOS.
2165 414 2209 473 1.
2675 410 2679 413 ’
2920 440 2996 456 *ν-

3342 423 3453 481 846

1870 533 1986 588 illas
2012 534 2295 607 cupiendo.
2320 532 2447 595 Duri
2468 539 2697 610 cervice,
2717 540 2886 613 probe
2908 543 2987 601 sic
3006 559 3099 602 eos
3122 548 3443 619 appellarit:

1869 640 1973 677 non
2001 627 2142 679 enim
2174 626 2361 697 jugum
2387 627 2583 685 Christi
2606 642 2903 702 portarunt,
2932 635 3056 691 licet
3082 652 3248 695 suave
3268 651 3443 709 esset,

1866 727 1965 766 nec
2016 715 2302 784 quidquam
2346 719 2523 773 oneris
2572 729 2664 775 aut
2713 723 2970 778 molestia:
3019 724 3262 783 haberet.
3313 729 3445 787 Nam

1866 799 2055 855 Discite
2086 820 2117 855 a
2143 820 2238 868 me,
2269 805 2457 876 inquit,
2480 809 2597 879 quia
2626 811 2760 865 mitis
2802 828 2943 880 sum,
2971 824 3017 868 et
3037 814 3240 873 Immitis
3264 821 3439 888 corde,

1862 901 1938 954 et,
1971 891 2154 947 Tollite
2169 895 2354 966 jugum
2382 914 2546 953 meum
2587 916 2739 971 super
2763 918 2882 969 vos,
2919 905 3038 975 quia
3059 908 3245 979 jugum
3279 927 3446 967 meum

1865 998 2015 1035 suave
2041 994 2133 1049 est,
2156 995 2203 1038 et
2229 1002 2355 1039 onus
2382 1004 2546 1042 meum
2567 990 2672 1046 leue
2699 991 2914 1062 (Matth.
2946 994 3034 1050 11.
3063 997 3155 1053 29.
3185 999 3299 1072 50).
3328 1002 3445 1058 Non

1867 1072 2158 1126 tolerarunt
2196 1084 2391 1142 tamen,
2420 1079 2488 1133 ob
2513 1080 2738 1135 cervicis
2767 1082 3011 1140 duritiem
3042 1105 3058 1142 :
3086 1104 3257 1160 neque
3287 1093 3446 1149 modo

1865 1176 1970 1214 non
2001 1164 2315 1230 tolerarunt,
2342 1168 2438 1222 sed
2461 1179 2514 1222 et
2532 1170 2905 1242 confregerunt
2930 1185 2984 1231 et
3005 1189 3280 1248 ruperunt.
3311 1180 3444 1237 Nam

1870 1252 1915 1306 Α
1941 1258 2148 1321 swculo,
2182 1258 2371 1327 inquit,
2402 1264 2693 1332 confregisti
2707 1266 2893 1336 jugum
2922 1277 3099 1336 tuum;
3124 1274 3306 1341 rupisti
3331 1275 3444 1329 vin-

1864 1345 1980 1435 cula
2010 1355 2096 1398 tua
2120 1347 2328 1414 (Jerem.
2353 1347 2408 1402 2.
2431 1351 2521 1405 20.
2549 1352 2661 1406 vide
2683 1363 2728 1407 et
2756 1355 2808 1409 5.
2836 1355 2890 1410 5.
2912 1357 3028 1410 item
3047 1357 3193 1413 Psal.
3220 1359 3274 1414 2.
3297 1377 3346 1415 υ.
3363 1362 3441 1435 5).

1865 1434 1979 1489 Non
2011 1436 2159 1491 Pauli
2186 1438 2300 1494 [nec
2321 1451 2445 1495 sunt
2473 1443 2630 1498 verba
2651 1486 2666 1511 ,
2699 1445 2790 1499 sed
2818 1447 3074 1517 propheta
3104 1452 3330 1519 clamat,
3352 1453 3444 1522 ju-

1864 1541 1985 1595 gum
2025 1532 2079 1582 et
2118 1530 2326 1584 vincula
2376 1533 2583 1601 imperii
2628 1546 2782 1591 notas
2821 1536 3044 1594 dicens:
3086 1542 3205 1610 quia
3245 1543 3445 1600 Christi

1865 1612 2160 1673 dominium
2206 1619 2375 1676 Judtei
2418 1634 2755 1694 reSpuerunt,
2802 1642 2923 1682 cum
2972 1629 3215 1687 dicerent
3260 1652 3276 1689 :
3321 1633 3445 1691 Non

1865 1708 2102 1764 habemus
2146 1729 2344 1782 regem,
2389 1715 2485 1768 nisi
2514 1714 2761 1770 Ctesarcm
2803 1716 2982 1787 (Joan.
3026 1722 3111 1778 19.
3145 1725 3254 1797 15).
3299 1722 3444 1782 Con-

1862 1797 2064 1867 fregisti
2090 1798 2299 1869 jugum,
2328 1802 2571 1872 dirupisti
2606 1804 2894 1872 vinculum,
2941 1824 2972 1862 e
2996 1825 3162 1881 regno
3190 1813 3443 1870 caelorum

1864 1890 2093 1960 teipsum
2117 1893 2342 1961 ejecisti,
2371 1904 2425 1948 et
2453 1898 2699 1963 potestati
2733 1897 2979 1955 humanae
3007 1902 3303 1973 subjeeisti.
3338 1906 3444 1963 Ve-

1864 1978 1955 2035 lim
1990 1981 2075 2037 hic
2101 1984 2227 2038 mihi
2270 1986 2578 2042 consideres
2599 2030 2611 2051 ,
2639 2004 2797 2058 quam
2828 1990 3011 2047 solerti
3058 1996 3339 2066 tenigmate
3368 1998 3446 2054 ef-

1861 2071 2125 2128 frenatam
2179 2076 2388 2131 illurum
2456 2082 2691 2133 animum
2746 2082 3074 2153 significarit.
3133 2088 3249 2142 Non
3300 2090 3442 2147 enim

1863 2163 2054 2234 inquit,
2078 2166 2259 2236 jugum
2291 2167 2551 2237 dejecisti,
2574 2171 2669 2225 sed
2697 2171 3029 2243 confregisti.
3049 2178 3189 2247 quod
3216 2188 3297 2232 est
3320 2178 3448 2235 bru-

1862 2262 2037 2308 torum
2063 2258 2393 2324 animalium,
2418 2268 2711 2329 eorumque
2739 2264 3068 2330 petulcorum
3097 2266 3301 2332 vitium,
3325 2285 3446 2338 qua:

1864 2342 2076 2398 frenum
2116 2356 2414 2414 respuunt,
2460 2349 2854 2421 imperiumque
2893 2352 3215 2409 detrectant.
3250 2356 3443 2413 Verum

1860 2432 2020 2487 unde.
2051 2434 2164 2490 haec
2200 2435 2307 2489 illis
2354 2436 2618 2493 durities?
2668 2438 2746 2494 Ex
2764 2439 3011 2511 “crapula
3060 2453 3115 2498 et
3161 2445 3442 2502 ebrietate.

1858 2522 1991 2588 Quis
2037 2524 2110 2576 ait
2161 2522 2294 2580 hoc?
2335 2524 2454 2597 ipse
2501 2528 2695 2583 Moses.
2746 2528 2971 2586 Comedt‘t
3020 2533 3218 2602 Israel,
3272 2546 3319 2591 et
3361 2554 3441 2591 re-

1863 2617 2025 2684 pletus
2077 2625 2124 2674 et
2182 2618 2527 2688 impiuguatus
2571 2629 2678 2685 est,
2738 2632 2786 2676 et
2849 2626 3180 2680 recalcitravit
3234 2630 3446 2685 dilectus

1863 2704 2040 2775 (Deut.
2060 2706 2150 2761 ⁸52.
2179 2711 2291 2780 15).
2312 2709 2770 2778 Quemadmodum
2786 2716 2927 2768 enim
2954 2719 3246 2775 animantia
3268 2720 3444 2788 bruta,

1860 2796 2106 2853 uberiore
2131 2800 2321 2866 pabulo
2353 2801 2581 2855 distenta
2603 2844 2617 2866 ,
2649 2803 2817 2873 magis
2844 2804 3151 2861 refractaria
3180 2818 3339 2879 atque
3365 2810 3448 2865 in-

1858 2886 2062 2940 domita
2097 2889 2247 2953 fiunt,
2277 2899 2331 2945 et
2366 2907 2538 2960 neque
2563 2894 2745 2963 jugum
2765 2935 2781 2957 ,
2827 2910 2927 2950 nec
2965 2895 3203 2963 frenum,
3234 2914 3331 2954 nec
3353 2915 3448 2955 auo

1860 2978 1991 3045 rigte
2047 2993 2262 3031 manum
2314 2979 2488 3034 ferunt
2533 2997 2547 3034 :
2594 2983 2666 3036 ita
2710 2991 2765 3037 et
2810 2985 3036 3054 populus
3083 2986 3332 3042 .ludaicus
3378 3005 3446 3044 ex

1861 3068 2119 3122 ebrietate
2164 3077 2219 3122 et
2267 3070 2427 3125 nimia
2459 3073 2699 3140 corporis
2740 3074 3003 3128 obesitate
3038 3075 3103 3129 ad
3145 3086 3442 3132 extremam

1860 3160 2230 3233 prmclpitatus
2253 3162 2533 3228 malitiam,
2561 3163 2810 3228 lasciviit,
2843 3178 3018 3234 neque
3046 3165 3240 3220 Christi
3256 3168 3443 3236 jugum

1861 3251 2173 3319 acceptavit,
2198 3266 2371 3320 neque
2396 3251 2657 3306 doctrina:
2681 3263 2916 3308 aratrum
2937 3255 3107 3308 duxit.
3137 3255 3286 3323 Quod
3308 3259 3444 3314 alius

1860 3345 2022 3398 etiam
2051 3342 2304 3413 propheta
2336 3344 2678 3399 subindicans
2715 3346 2887 3402 dixit:
2935 3347 3076 3402 Sicut
3103 3351 3259 3401 vitula
3296 3359 3443 3406 (nstro

1865 3436 2051 3504 percita
2076 3436 2282 3490 insaniit
2315 3435 2483 3490 Israel
2508 3437 2660 3509 (Osee
2704 3440 2759 3493 4.
2816 3440 2925 3511 16).
2967 3441 3115 3495 Alius
3157 3442 3300 3509 ipsos
3341 3440 3436 3495 Vi-

1864 3529 2023 3582 tulum
2046 3542 2148 3581 non
2164 3529 2394 3581 edoctum
2408 3529 2542 3598 ferre
2547 3530 2731 3601 jugum
2751 3532 2960 3585 vocavit
2982 3530 3172 3602 (Je'rem
3209 3532 3296 3586 51.
3327 3534 3440 3605 18).

1863 3619 2007 3675 Talia
2031 3634 2158 3676 vero
2182 3622 2336 3677 bruta
2363 3623 2670 3686 animantia,
2693 3623 2759 3677 ad
2780 3632 2971 3691 operas
2998 3624 3194 3693 inepta,
3232 3625 3298 3679 ad
3332 3625 3444 3679 mal

1863 3714 2118 3767 claudum
2143 3724 2262 3767 sunt
2287 3724 2430 3784 apta.
2457 3713 2607 3780 Quod
2640 3713 2722 3771 his
2749 3718 2906 3769 etiam
2926 3716 3114 3769 accidit
3142 3734 3154 3769 :
3185 3733 3302 3769 nam
3321 3732 3442 3773 cum

1860 3803 1961 3872 ipsi
1995 3819 2114 3858 sese
2163 3803 2226 3856 ad
2254 3806 2590 3874 operationes
2621 3805 2838 3859 inutiles
2867 3805 3178 3868 redderent,
3213 3808 3298 3876 qui
3330 3822 3442 3860 ma-

1862 3904 2136 3951 ctareutur
2153 3899 2259 3966 apti
2291 3896 2517 3951 fuerunt.
2537 3896 2711 3962 Quare
2734 3898 2976 3952 Christus
2997 3901 3176 3961 etiam,
3204 3897 3442 3955 Inimicos

1862 4005 1999 4047 meos
2025 3988 2161 4055 illos,
2192 3991 2376 4058 inquit,
2406 3991 2490 4059 qui
2517 3988 2782 4047 noluerunt
2824 4006 2901 4041 me
2924 4007 3132 4059 regnare
3156 3992 3207 4043 in
3238 4009 3316 4052 se,
3345 3993 3441 4042 ad,

1864 4081 2027 4133 ducite
2072 4082 2169 4134 huc
2211 4121 2226 4145 ,
2254 4092 2300 4135 et
2346 4090 2560 4134 mactate
2609 4083 2726 4134 illos
2782 4080 2931 4152 (Luc.
2975 4082 3061 4136 19.
3109 4080 3222 4154 Q7).
3268 4082 3444 4147 Tum,

1854 4170 2067 4232 'Judzec,
2097 4172 2375 4240 oportebat
2416 4182 2466 4224 te
2494 4172 2769 4238 jejunare,
2824 4184 2942 4225 cum
2971 4171 3199 4225 ebrietas
3247 4171 3359 4225 istis
3390 4182 3442 4225 te

1858 4261 2016 4313 malis
2044 4260 2299 4323 alliceret,
2328 4277 2447 4313 cum
2480 4262 2804 4328 impietatem
2830 4271 3033 4330 pareret
3059 4260 3307 4329 crapula,
3333 4278 3449 4321 mm,

1858 4352 1988 4420 jam.
2020 4350 2170 4405 Nunc
2195 4353 2337 4406 enim
2362 4350 2621 4421 jejunium
2652 4360 2735 4405 est
2766 4351 3195 4420 intempestivum
3225 4363 3271 4406 et
3304 4352 3445 4405 aho-.

1864 4442 2188 4496 minandutn.
2221 4442 2335 4509 Quo
2356 4442 2612 4495 auctore?
2646 4441 2854 4499 llesaia,
2883 4442 2973 4510 qui
3002 4458 3132 4494 voce
3159 4442 3296 4494 edita
3329 4443 3437 4494 cla.

1864 4543 1973 4587 mat
1999 4551 2014 4586 :
2057 4530 2178 4586 Non
2208 4535 2301 4586 hoc
2325 4534 2579 4603 jejunium
2609 4534 2752 4603 elegi.
2786 4533 2921 4602 Quid
2960 4536 3073 4587 ita?
3103 4533 3230 4599 Quia
3274 4535 3324 4586 iu
3345 4522 3449 4606 ⁶ᾔει-ἧν.

1858 4626 1997 4679 dicio
2023 4635 2069 4678 et
2099 4641 2294 4695 pugnas
2324 4627 2600 4694 jejunatis,
2643 4630 2689 4678 et
2719 4627 2974 4694 percutitis
3012 4643 3178 4696 pugno
3217 4626 3452 4687 subditos,

1865 4716 2066 4787 (Hesai.
2088 4717 2175 4772 58.
2212 4719 2264 4770 4.
2296 4716 2373 4787 5).
2408 4717 2556 4783 Quod
2598 4717 2667 4783 si,
2698 4733 2816 4769 cum
2864 4717 3101 4783 pulsarcs
3128 4730 3451 4786 conservosb

1862 4807 2179 4863 dcteStahile
2210 4818 2355 4861 tttum
2397 4807 2492 4861 fuit
2528 4807 2819 4876 jejunium,
2851 4807 3074 4864 Domino
3122 4807 3218 4860 abs
3246 4817 3296 4860 te
3327 4824 3447 4861 ηιςιιν.

1860 4908 2023 4963 Ctatn,
2052 4910 2325 4966 acceptum
2356 4899 2443 4967 qui
2477 4896 2666 4951 fuerit?
2688 4913 2787 4966 qua
2818 4896 3055 4950 ratione?

1932 4989 2131 5060 Jejunii
2177 4990 2419 5053 frnctuosi
2475 4988 2672 5041 modus.
2719 5017 2792 5028 -—
2837 4988 3010 5047 Eum,
3059 4985 3147 5053 qui
3194 4984 3449 5053 jejunat-t

1860 5079 2216 5146 compositum
2247 5092 2366 5132 esse
2389 5078 2561 5141 decet,
2593 5079 2901 5141 eontritum,
2934 5078 3259 5128 humiliatnm
3281 5118 3294 5140 ,
3331 5091 3437 5129 non

1850 5169 1936 5222 ira
1965 5168 2168 5222 ebrium
2195 5184 2209 5221 :
2252 5177 2305 5221 et
2331 5180 2621 5221 conservos
2666 5167 2878 5236 pulsas?
2904 5167 3037 5219 Olim
3082 5168 3236 5235 igitur
3275 5167 3323 5219 in
3348 5167 3435 5234 ju-

1861 5262 1996 5313 dicia
2025 5270 2078 5313 et
2107 5270 2306 5329 pugnas
2331 5261 2637 5327 jejunarunt
2663 5277 2674 5312 :
2706 5274 2846 5313 nunc
2876 5260 2939 5311 ad
2982 5258 3325 5328 petulantiam
3357 5268 3436 5309 at-

1861 5369 1963 5423 que
2002 5364 2295 5407 extremam
2333 5351 2819 5420 intemperantiam,
2851 5350 2974 5403 dum
3021 5350 3174 5403 nudis
3215 5349 3437 5419 pedibus

1854 5445 1912 5499 in
1943 5443 2054 5497 foro
2082 5443 2490 5509 saltant,jejuuii
2518 5443 2727 5510 quidem
2754 5451 3032 5510 pra-textu,
3056 5441 3149 5495 sed
3169 5441 3436 5495 ebriorum

1859 5552 2027 5589 more.
2060 5535 2192 5588 Audi
2216 5550 2322 5604 quo
2345 5543 2497 5603 pacto
2534 5534 2783 5604 propheta
2801 5534 3045 5601 jcjnuare
3065 5533 3264 5599 iubeat.
3301 5530 3436 5585 San-

1856 5629 2072 5694 ctiﬁcate
2100 5627 2376 5695 jejunium,
2405 5626 2595 5694 inquit,
2631 5641 2734 5678 non
2766 5640 2883 5679 cum
2926 5623 3168 5693 tripudiis
3195 5620 3438 5678 celebra-

1858 5728 1907 5771 te
1937 5734 1949 5769 ε
1986 5717 2264 5771 Pra'dicate
2297 5717 2507 5781 (ultum,
2536 5728 2832 5787 rongrcgute
2869 5734 3007 5769 senes
3041 5713 3182 5784 (Joel
3234 5715 3285 5769 1.
3323 5714 3435 5777 ii).

1857 5809 1923 5862 At
1968 5809 2019 5862 hi
2049 5809 2241 5862 choros
2277 5808 2511 5861 mollium
2557 5817 2780 5878 cogunt,
2814 5809 3208 5874 rolluviemque
3238 5794 3435 5876 stupro
