3920 6420
441 383 550 443 ΒΗ

446 511 839 583 inquinatarutn
872 505 1188 571 mulierum;
1219 504 1486 559 theatrum
1515 501 1820 556 universum
1849 509 1902 554 et
1933 497 2021 552 ho-

444 605 622 658 mines
642 601 882 655 scenicos
909 597 975 652 ad
1002 595 1335 667 Synagogam
1366 591 1675 662 pertrahunt
1697 631 1711 656 ,
1739 592 2026 667 nam‘inter

734 697 788 744 et
813 656 1059 759 ipsornni
1077 655 1408 757 Syinagogant
1436 681 1567 736 nihil
1602 655 1840 736 interest.
1870 655 2027 748 liqui-

444 783 567 837 tlem
593 781 729 848 scio,
757 777 872 835 fore
895 777 984 848 qui
1014 793 1096 830 me
1127 773 1440 829 temeritatis
1461 780 1702 841 arguant,
1723 769 1863 840 quod
1891 769 2030 823 inter

443 872 714 928 theatrum
753 879 914 939 atque
953 867 1283 938 Synagogam
1325 863 1613 932 quidquam
1649 861 1904 915 interesse
1932 874 2028 913 ne-

443 963 646 1032 garim,
667 969 721 1016 at
744 974 842 1028 ego
869 957 988 1012 illos
1007 955 1242 1011 audaciae
1257 953 1577 1018 condemno,
1609 953 1661 1006 ni
1693 952 1762 1006 ita
1781 953 2028 1005 sentiant.

448 1053 672 1117 Damna,
691 1050 736 1106 si
760 1066 825 1104 ex
836 1065 926 1104 me
939 1047 1128 1104 isthmc
1147 1045 1431 1117 pronuntio
1449 1060 1467 1112 ;
1488 1044 1569 1099 sin
1584 1042 1856 1115 prophetae
1871 1040 2033 1097 verba

444 1143 589 1211 dico,
615 1141 943 1198 enuntiatum
964 1139 1222 1210 approba.

516 1233 572 1290 3.
593 1230 761 1298 Multi,
789 1230 901 1285 scio
920 1269 936 1297 ,
966 1238 1278 1284 reverentur
1310 1225 1552 1294 Judaeos,
1583 1241 1876 1296 eorumque
1905 1225 2036 1280 ritus

443 1323 738 1380 hodiernos
760 1329 983 1378 censent
1006 1335 1127 1376 esse
1145 1319 1437 1386 honestos;
1467 1334 1574 1389 quo
1605 1319 1720 1389 ipso
1753 1318 1820 1373 ad
1861 1319 2038 1388 perni-

443 1415 649 1470 ciosam
679 1413 836 1468 istam
857 1411 1162 1482 opinionem
1193 1410 1448 1466 radicitus
1472 1409 1799 1464 evellendam
1823 1409 2037 1464 incitor.

444 1503 646 1576 Negavi
676 1502 885 1559 theatro
917 1501 1207 1574 quidquam
1248 1508 1506 1571 praestare
1541 1498 1912 1570 Synagogam;
1941 1497 2040 1553 ad-

443 1596 642 1652 ducam
673 1593 948 1664 propheta:
980 1592 1341 1648 testimonium
1369 1609 1382 1644 :
1411 1607 1516 1645 non
1559 1599 1682 1645 sunt
1714 1589 1883 1646 Judaei
1914 1604 2040 1660 pro-

448 1685 627 1757 phctis
649 1684 751 1741 ﬁde
767 1684 1058 1754 digniores.
1083 1681 1220 1749 Quid
1241 1681 1399 1751 igitur
1424 1680 1552 1736 ille?
1575 1679 1745 1734 Frons
1771 1680 2043 1736 meretricis

449 1779 590 1853 facta
601 1786 672 1832 est
685 1777 774 1832 tibi
790 1776 1010 1840 ,'desiisti
1021 1775 1303 1829 erubescere
1317 1774 1456 1845 apud
1471 1789 1642 1828 omnes
1656 1773 1868 1845 (Jerem.
1889 1774 1942 1829 5.
1963 1771 2041 1845 5).

457 1870 554 1926 Ubi
575 1884 704 1926 vero
718 1878 952 1924 scortum
967 1868 1319 1939 prostituitur,
1339 1868 1382 1921 is
1401 1868 1550 1922 locus
1568 1876 1650 1922 est
1673 1867 2043 1938 prostibulum.

454 1963 567 2018 lmo
595 1977 702 2017 non
733 1961 1085 2032 prostibulum
1113 1959 1389 2014 dumtaxat
1429 1961 1797 2029 theatrumque
1831 1967 1913 2014 est
1939 1959 2042 2028 Sy-

455 2043 678 2125 nagoga,
706 2067 890 2108 verum
912 2051 1072 2107 etiam
1101 2051 1354 2120 spelunca
1380 2049 1666 2117 latronum,
1695 2059 1749 2104 et
1770 2048 2046 2104 latibulum

457 2147 712 2206 ferarum.
735 2143 867 2200 Nam
896 2144 1138 2214 spelunca
1167 2144 1362 2214 hyaenae
1396 2146 1534 2213 facta
1575 2152 1649 2196 est
1677 2141 1820 2206 mihi,
1853 2140 2043 2211 inquit,

455 2235 638 2290 domus
683 2244 847 2290 vestra
893 2233 1006 2304 (Id.
1051 2234 1105 2288 7.
1144 2234 1234 2304 11)
1285 2250 1298 2288 :
1339 2247 1440 2288 nec
1479 2232 1791 2302 simpliciter
1831 2231 2047 2299 bestiae,

459 2326 555 2382 sed
606 2325 794 2382 bestiae
839 2325 1081 2395 impurae.
1122 2325 1193 2378 At
1244 2338 1494 2389 rursum,
1546 2321 1800 2390 Dereliqui
1845 2321 2050 2376 domum

459 2433 645 2483 meam,
691 2415 892 2475 deserui
935 2415 1262 2470 hereditatem
1299 2431 1463 2469 meam
1509 2413 1618 2483 (Id.
1644 2414 1730 2469 l2.
1779 2415 1853 2485 7).
1899 2413 2051 2483 Quod

461 2510 508 2565 si
535 2510 679 2565 Deus
705 2508 1072 2579 dereliquerit,
1105 2524 1224 2578 quae
1253 2509 1438 2564 salutis
1466 2523 1592 2580 spes
1615 2509 1855 2580 reliqua?
1881 2508 1937 2564 Si
1960 2510 2052 2565 de-

459 2600 693 2657 seruerit
717 2601 878 2668 Deus,
911 2601 1061 2656 locus
1105 2601 1196 2657 ille
1235 2601 1292 2656 ﬁt
1334 2600 1590 2657 habitatio
1629 2602 1954 2659 daemonum.
1982 2605 2054 2658 At

459 2691 680 2746 omnino
706 2707 766 2747 se
789 2707 1000 2762 quoque
1022 2692 1189 2748 Deum
1217 2692 1444 2750 adorare
1463 2693 1666 2748 dicunt.
1695 2694 1800 2750 Sed
1828 2695 1970 2750 absit
1993 2703 2053 2750 ut

459 2780 566 2836 hoc
617 2782 896 2836 dicamus:
932 2796 1089 2837 nemo
1114 2781 1330 2838 Judaeus
1372 2785 1538 2839 Deum
1568 2784 1776 2840 adorat.
1821 2785 1951 2852 Quis
1977 2785 2052 2841 ait

463 2870 711 2927 hoc?Dei
737 2871 927 2928 Filius.
955 2871 1016 2927 Si
1041 2874 1173 2926 enim
1209 2871 1416 2927 Patrem
1443 2891 1608 2929 meum
1633 2876 1874 2942 nossetis,
1903 2885 1948 2930 et
1979 2893 2056 2932 me

460 2962 674 3016 nossetis
702 2977 722 3018 :
745 2978 904 3032 neque
921 2979 1035 3018 vero
1053 2981 1130 3018 me
1147 2966 1320 3032 nostis,
1343 2981 1432 3019 nec
1449 2964 1652 3019 Patrem
1666 2965 1846 3036 (Joan.
1865 2967 1920 3022 8.
1942 2967 2054 3038 19).

461 3053 616 3122 Quod
647 3055 1009 3110 testimonium
1036 3055 1139 3112 hoc
1168 3057 1272 3112 ﬁde
1299 3057 1508 3128 dignius
1534 3059 1838 3114 adducam?

535 3145 815 3220 Synttgoga
861 3147 1166 3202 Judworum
1200 3149 1510 3204 diversorum
1548 3150 1960 3206 daemonium.—
1999 3154 2055 3208 Si

462 3233 675 3290 Patrem
725 3253 830 3293 non
877 3248 1102 3306 norunt,
1146 3239 1340 3294 Filium
1388 3240 1799 3309 cruciﬁxerunt,
1829 3241 2058 3313 Spiritus

460 3327 716 3382 auxilium
739 3328 1069 3398 repulerunt,
1100 3330 1218 3400 quis
1239 3331 1415 3386 locum
1438 3331 1597 3386 istum
1619 3347 1738 3388 esse
1754 3333 2057 3388 daemonum

460 3416 816 3473 diversorium
846 3420 1118 3475 afﬁrmare
1164 3436 1272 3476 non
1318 3421 1498 3476 ausit?
1537 3422 1654 3478 Non
1691 3423 1948 3480 aduratur
1989 3424 2059 3479 ibi

464 3507 630 3575 Deus,
663 3507 842 3564 absit:
871 3509 968 3564 sed
1009 3509 1325 3566 idololatriae
1362 3510 1616 3582 deinceps
1650 3513 1796 3569 locus
1827 3523 1910 3570 est
1940 3529 1955 3568 :
2007 3522 2060 3569 et

464 3605 643 3652 tamen
669 3597 830 3668 aliqui
856 3598 961 3652 illis
994 3607 1260 3669 tamquam
1289 3603 1536 3656 sacrariis
1576 3603 1874 3660 adurerent.

538 3685 769 3742 Historia
793 3687 885 3741 viri
913 3687 1188 3743 Christiani
1221 3693 1478 3746 mulierem
1507 3693 1559 3747 in
1578 3692 1738 3747 eadem
1764 3693 2060 3750 Iudaeorum

465 3778 536 3832 ad
553 3779 840 3849 jurandum
869 3779 1060 3834 intrare
1087 3783 1329 3852 cogentis.
1356 3785 1620 3854 —Atque
1645 3784 1760 3840 haec
1790 3802 1896 3840 non
1923 3801 2057 3841 con-

465 3869 691 3940 jecturis
729 3869 988 3926 adductus
1024 3871 1175 3939 dico,
1208 3874 1303 3928 sed
1331 3874 1444 3945 ipsa
1468 3875 1690 3932 edoctus
1711 3879 2058 3948 experientia.

467 3959 602 4014 Nam
645 3968 769 4014 ante
797 3959 897 4015 hoc
942 3961 1194 4029 triduum,
1228 3964 1354 4018 mihi
1399 3965 1620 4032 credite,
1664 3983 1768 4021 non
1809 3969 2059 4036 mentior,

469 4058 768 4104 matronam
785 4050 1066 4119 quamdam
1091 4051 1392 4121 lumestam,
1409 4055 1712 4125 ingenuam,
1736 4059 2054 4127 modestam,

471 4147 532 4193 et
560 4138 773 4193 fidelem
812 4138 949 4208 vidi,
975 4155 1134 4210 quam
1175 4141 1335 4199 homo
1364 4145 1580 4214 quidam
1619 4145 1881 4217 impurus,
1908 4150 2063 4205 stoli-

473 4227 615 4294 dus,
663 4229 914 4299 opinione
959 4230 1327 4300 Christianus,
1385 4232 1544 4307 (talia
1593 4238 1736 4293 enim
1777 4241 2061 4295 audentem

472 4320 742 4376 sincerum
792 4321 1156 4378 Christianum
1215 4340 1319 4380 non
1374 4327 1661 4400 dixerim),
1716 4330 2062 4387 Hebraeorum

475 4412 646 4468 sedem
697 4413 930 4478 intrare,
975 4415 1153 4486 ibique
1193 4417 1564 4488 jusjurandum
1609 4421 1676 4478 de
1702 4423 1928 4494 negotiis
1963 4424 2064 4480 sibi

476 4504 845 4559 controversis
873 4504 1002 4560 dare
1027 4507 1271 4578 cogebat.
1302 4509 1373 4565 Ut
1409 4526 1536 4566 vero
1567 4512 1654 4567 illa
1683 4527 1840 4582 opem
1869 4514 2064 4585 implo-

473 4594 648 4660 rabat,
671 4603 726 4650 et
751 4596 854 4650 vim
881 4598 1193 4654 sceleratam
1224 4601 1434 4656 amoliri
1463 4603 1740 4672 cupiebat;
1768 4605 1868 4659 sibi
1893 4606 2060 4674 enim,

475 4699 598 4753 quae
640 4685 944 4742 divinorum
975 4692 1352 4759 mysteriorum
1399 4693 1665 4762 particeps
1708 4692 1846 4748 facta
1884 4705 2062 4762 esset,

475 4775 628 4831 illum
659 4776 832 4832 locum
853 4777 1002 4833 adire
1023 4778 1170 4834 nefas
1195 4795 1316 4836 esse
1339 4799 1353 4836 :
1382 4782 1629 4837 incensus
1649 4798 1749 4854 ego
1771 4785 1885 4839 zelo
1905 4794 2066 4855 atque

474 4866 673 4922 ardens
697 4869 936 4934 surrexi,
975 4884 1075 4924 nec
1111 4869 1253 4924 illam
1281 4884 1440 4940 porro
1481 4871 1546 4925 ad
1577 4873 2064 4942 praevaricationem

475 4958 616 5014 trahi
643 4974 759 5014 sum
786 4974 994 5030 passus,
1017 4962 1292 5032 eripuiqne
1311 4963 1378 5016 ab
1401 4963 1576 5032 iniqua
1604 4965 1701 5018 ista
1723 4965 2062 5028 abductione.

480 5049 673 5106 Postea
696 5065 840 5118 eum,
875 5052 965 5121 qui
1005 5059 1239 5106 traxerat
1271 5052 1437 5118 illam,
1469 5051 1872 5110 Christianusne
1899 5066 2062 5124 esset,

479 5142 684 5212 rogavi.
722 5142 819 5196 Cui
852 5143 1124 5197 confitenti
1162 5143 1392 5214 graviter
1429 5144 1614 5209 institi,
1651 5145 1946 5203 fatuitatem
1975 5164 2067 5204 ex-

481 5232 745 5301 probrans
786 5241 1190 5304 extremamque
1234 5233 1587 5305 dementiam,
1621 5246 1675 5292 et
1715 5237 1879 5292 asinis
1919 5240 2066 5294 illum

475 5323 764 5392 quidquam
807 5335 1062 5392 praestare
1091 5325 1314 5396 negavi,
1347 5327 1391 5380 si
1433 5325 1703 5383 Christum
1751 5344 1811 5385 se
1839 5329 2065 5389 adorare

481 5411 776 5480 protitens,
807 5411 874 5466 ad
915 5410 1260 5481 Judaeorum,
1301 5416 1390 5485 qui
1433 5417 1605 5486 ipsum
1642 5421 2028 5476 eruciﬁxissent

479 5500 762 5570 speluncas
793 5516 1110 5572 quemquam
1159 5503 1414 5559 traheret.
1447 5505 1818 5579 Productoquc
1858 5510 2066 5581 longius

481 5604 735 5645 sermone
761 5591 988 5661 primum
1019 5608 1236 5662 prorsus
1257 5610 1361 5648 non
1385 5595 1546 5651 licere
1568 5596 1749 5667 jurare
1767 5641 1782 5666 ,
1806 5616 1977 5670 neque
2001 5602 2068 5658 ad

480 5679 854 5750 jusjurandum
877 5699 1196 5754 queinquam
1225 5685 1448 5742 incitare
1469 5728 1483 5754 ,
1512 5703 1576 5744 ex
1603 5705 1756 5745 sacro
1782 5692 2066 5762 Evangelio

479 5767 696 5837 (Matth.
729 5771 784 5829 5.
830 5772 925 5845 54)
951 5773 1124 5830 docui.
1155 5776 1384 5846 Deinde,
1417 5793 1524 5835 non
1555 5779 1763 5838 ﬁdelem
1798 5793 1851 5840 et
1884 5785 2063 5842 initia-

1189 394 1246 450 S.
1285 388 1564 448 JOANNIS
1590 385 2060 446 CllRYSOSTOMl
2101 384 2417 441 AliClllEP.
2459 383 2991 441 CONSTANTINOP.

2047 5463 2136 5510 ’ὃ

3615 373 3736 430 818

2136 508 2282 566 tam,
2331 498 2458 568 quin
2495 513 2666 568 neque
2713 513 2871 564 etnn,
2926 496 3016 568 qui
3057 495 3288 551 nondum
3335 497 3405 553 sit
3447 496 3726 564 initiatus,

2131 588 2186 643 in
2207 589 2360 644 istam
2382 590 2752 645 necessitatem
2772 587 3084 644 trahendum
3110 587 3293 644 fuisse.
3318 589 3606 658 Pestquam
3626 589 3726 644 diu

2134 679 2468 750 multumque
2516 679 2766 750 loquutus
2805 680 3040 733 animum
3087 678 3204 750 ejus
3253 679 3322 733 ab
3367 695 3555 734 errore
3600 682 3726 749 opi-

2137 770 2312 825 nionis
2341 771 2582 838 liberavi,
2610 786 2823 825 causam
2851 770 3154 824 sciscitatus
3183 786 3322 834 sum,
3355 787 3451 824 cur
3481 769 3729 824 Ecclesia

2138 861 2326 917 relicta
2351 863 2419 916 ad
2458 861 2766 917 Iudaeorum
2804 861 3026 931 collegia
3074 861 3217 916 illam
3257 861 3496 916 traxerit.
3541 862 3605 914 At
3639 862 3733 916 ille

2141 952 2339 1008 multos
2368 953 2468 1007 sibi
2498 952 2696 1008 dixisse
2726 952 3029 1022 inquiebat,
3058 951 3452 1022 jusjurandum,
3483 953 3627 1022 quod
3656 953 3730 1006 ibi

2137 1044 2374 1112 daretur,
2402 1045 2568 1115 magis
2591 1043 2978 1099 formidandum
2998 1059 3137 1100 esse.
3159 1045 3239 1100 0b
3266 1059 3383 1116 quae
3411 1045 3730 1114 ingemisce-

2138 1138 2282 1204 bam,
2328 1136 2509 1206 iraque
2556 1135 2899 1202 incendebar,
2935 1136 3190 1205 deinceps
3229 1152 3414 1191 rursus
3461 1135 3728 1192 ridebam.

2140 1226 2376 1282 Cernens
2411 1227 2551 1281 enim
2595 1227 2793 1281 diaboli
2833 1227 3080 1284 astutiam
3103 1269 3116 1294 ,
3149 1227 3414 1297 ingemui,
3442 1227 3590 1297 quod
3633 1227 3726 1282 hoc

2141 1317 2370 1374 minibus
2388 1317 2439 1372 id
2459 1318 2781 1387 persuadere
2809 1328 3016 1388 posset:
3039 1317 3374 1374 considerata
3397 1334 3524 1373 vero
3544 1333 3732 1374 eorum

2141 1408 2233 1480 qui
2259 1409 2630 1479 deciperentur
2667 1409 2944 1475 socordia,
2991 1410 3251 1464 excandui
3280 1428 3294 1464 :
3324 1419 3380 1466 et
3417 1411 3734 1466 earumdem

2144 1509 2343 1571 quanta
2389 1511 2530 1556 esset
2576 1503 2806 1556 amentia
2848 1517 3058 1556 mecum
3106 1513 3400 1571 reputans,
3443 1503 3561 1558 risi.
3613 1504 3735 1558 llaec

2146 1589 2300 1647 vobis
2328 1591 2438 1648 dixi
2463 1601 2516 1648 et
2544 1593 2752 1647 narravi
2777 1634 2793 1659 ,
2820 1595 2943 1663 quia
2969 1594 3148 1648 animo
3185 1609 3308 1663 erga
3335 1609 3430 1650 eos
3449 1635 3464 1659 ,
3494 1595 3584 1666 qui
3612 1593 3734 1648 talia

2145 1691 2202 1737 et
2226 1693 2536 1753 perpetrant
2570 1692 2623 1738 et
2653 1685 3031 1754 experiuntur,
3063 1684 3192 1738 estis
3223 1685 3377 1756 plane
3419 1685 3736 1750 inhumano,

2147 1789 2248 1829 nec
2274 1773 2559 1845 quidquam
2582 1776 2645 1831 iis
2671 1778 2953 1832 moremini
2978 1794 2994 1833 :
3015 1778 3166 1848 sique
3185 1777 3404 1833 fratrem
3430 1780 3740 1849 quempiam

2146 1873 2387 1920 vestrum
2423 1866 2477 1920 in
2522 1865 2825 1936 hujusmodi
2871 1878 3145 1938 peccatum
3194 1869 3433 1924 incidere
3477 1869 3740 1936 videatis,

2153 1955 2426 2022 alienam,
2471 1974 2577 2012 non
2621 1961 2892 2030 propriam
2945 1961 3303 2016 calamitatem
3346 1976 3466 2018 esse
3513 1962 3739 2017 ducitis.

2154 2043 2370 2116 Vosque
2391 2049 2660 2102 accusanti
2681 2059 2930 2118 purgatos
2945 2050 3284 2116 existimatis,
3309 2051 3536 2106 dicendo
3563 2071 3576 2106 :
3605 2053 3743 2121 Quid

2155 2135 2284 2191 mihi
2312 2150 2457 2191 cura:
2493 2139 2610 2193 est?
2637 2154 2757 2208 quae
2793 2140 2929 2194 ratio
2971 2141 3248 2196 mihicum
3286 2143 3378 2197 illo
3403 2144 3744 2198 communis?

2151 2229 2282 2297 Quae
2307 2230 2468 2286 verba
2505 2233 2729 2300 capitale
2766 2233 2945 2288 odium
2979 2234 3033 2288 in
3070 2234 3313 2291 homines
3351 2244 3400 2291 et
3445 2238 3746 2292 satanicam

2151 2321 2516 2378 crudelitatem
2545 2331 2756 2378 sonant.
2788 2324 2926 2391 Quid
2965 2327 3063 2390 afs,
3103 2325 3263 2380 homo
3300 2342 3419 2382 cum
3463 2329 3559 2391 sis,
3589 2329 3738 2397 ejus-

2153 2410 2382 2484 demque
2419 2425 2622 2469 natura:
2653 2416 2918 2485 particeps
2938 2460 2953 2485 ,
2983 2417 3252 2486 quinimo,
3285 2419 3328 2472 si
3362 2428 3562 2473 naturae
3588 2435 3743 2474 cont—

2153 2507 2337 2562 munio
2379 2505 2604 2562 dicenda
2643 2515 2757 2570 est,
2801 2509 2887 2562 cui
2931 2525 3092 2562 unum
3138 2519 3299 2578 caput
3339 2521 3422 2565 est
3465 2512 3746 2576 Christus;

2159 2595 2341 2651 dicere
2358 2596 2546 2665 audes,
2579 2597 2711 2652 nihil
2739 2599 2830 2653 tibi
2857 2614 2977 2653 cum
3017 2601 3274 2656 membris
3312 2603 3417 2657 tuis
3443 2617 3561 2656 csse
3595 2619 3746 2656 COIII-

2155 2687 2364 2742 mune?
2413 2687 2690 2755 Quomodo
2745 2689 2905 2759 igitur
2950 2689 3220 2745 Christum
3271 2691 3525 2746 Ecclesiae
3579 2703 3748 2763 caput

2157 2777 2470 2833 confiteris?
2493 2779 2626 2834 Nam
2652 2790 2810 2850 caput
2831 2791 3018 2835 natura
3050 2783 3226 2836 omnia
3255 2783 3489 2837 membra
3509 2784 3749 2851 copulat,

2157 2877 2214 2924 et
2238 2869 2304 2923 ad
2356 2884 2415 2925 se
2464 2870 2746 2940 diligenter
2774 2874 3079 2936 convertit,
3128 2874 3465 2944 colligatque.
3518 2875 3574 2929 Si
3617 2874 3748 2928 nihil

2160 2961 2255 3017 tibi
2301 2977 2585 3019 commune
2635 2974 2716 3018 est
2756 2979 2875 3019 cum
2930 2966 3168 3020 membro
3221 2975 3340 3033 tuo,
3393 2982 3567 3035 neque
3612 2982 3737 3021 eum

2159 3053 2326 3110 fratre
2373 3053 2500 3125 quid
2551 3070 2834 3111 commune
2878 3064 2961 3110 est
2992 3057 3125 3121 tibi,
3171 3071 3343 3126 neque
3384 3066 3545 3127 caput
3585 3056 3750 3110 habes

2161 3145 2453 3201 Christum.
2483 3144 2652 3200 Judaei
2691 3162 2786 3201 vos
2815 3157 3082 3216 tamquam
3130 3147 3380 3216 parvulus
3417 3163 3610 3217 pueros
3639 3157 3748 3202 trr-

2161 3247 2312 3302 rent,
2367 3247 2424 3291 et
2471 3253 2579 3292 non
2627 3237 3070 3293 animadvertitis.
3118 3238 3250 3294 Nam
3301 3224 3751 3309 quemadmodum

2162 3327 2399 3398 parvulis
2445 3326 2550 3381 illis
2591 3328 2743 3382 multi
2785 3329 3029 3384 scelerati
3065 3330 3203 3384 servi
3249 3330 3422 3384 larvas
3461 3325 3754 3385 ostendunt

2164 3417 2431 3473 terribiles
2458 3427 2511 3472 et
2537 3417 2817 3480 ridiculas.
2851 3435 2969 3490 quae
3005 3429 3190 3474 natura
3235 3436 3337 3474 non
3365 3429 3492 3476 sunt
3537 3423 3750 3485 terrori,

2163 3508 2260 3564 sed
2305 3507 2637 3578 simplicibus
2676 3508 2868 3563 animis
2913 3509 3046 3564 tales
3089 3509 3354 3578 videntur,
3393 3526 3755 3580 magnumque

2163 3600 2330 3654 risum
2363 3608 2581 3654 movent
2611 3619 2624 3655 ε
2656 3601 2734 3654 sic
2762 3599 2932 3655 Judaei
2970 3600 3211 3656 rudiores
3235 3601 3568 3657 Christianos
3594 3603 3756 3657 larvis

2163 3693 2274 3749 suis
2315 3692 2586 3747 territant.
2643 3692 2922 3760 Quomodo
2967 3695 3108 3748 enim
3164 3695 3407 3749 terricula
3458 3697 3568 3749 sint
3614 3697 3754 3765 apud

2164 3782 2308 3853 ipsos
2332 3797 2414 3847 ea,
2445 3798 2562 3852 qum
2585 3799 2778 3854 magno
2803 3784 3068 3856 dedecore
3093 3794 3146 3839 et
3169 3786 3279 3839 risu
3306 3786 3460 3855 plena
3483 3828 3497 3850 ,
3526 3804 3755 3858 quaeque

2165 3871 2444 3926 hominum
2482 3873 2923 3943 impingentium,
2965 3888 3086 3929 cum
3118 3875 3404 3945 ignominia
3432 3877 3754 3946 rejectorum

2166 3973 2220 4020 ct
2247 3964 2617 4019 damnatorum
2644 3966 2806 4020 sunt?

2235 4057 2289 4111 4.
2320 4057 2508 4111 Nostra
2549 4057 2689 4112 haud
2737 4067 2859 4113 sunt
2906 4060 3030 4114 talia
3064 4076 3078 4112 :
3111 4059 3203 4115 sed
3247 4074 3430 4115 revera
3474 4061 3752 4126 terribilia,

2165 4158 2220 4206 et
2262 4149 2499 4204 horroris
2539 4151 2716 4219 plena.
2758 4151 2858 4208 Ubi
2901 4153 3044 4206 enim
3092 4153 3233 4208 Deus
3275 4162 3356 4208 est
3402 4154 3489 4223 qui
3532 4154 3658 4208 vitae
3697 4169 3756 4207 ac

2165 4241 2312 4296 necis
2352 4250 2666 4310 potestatem
2709 4241 2887 4309 habet,
2917 4242 2964 4297 is
2999 4242 3144 4296 locus
3169 4254 3249 4298 est
3277 4243 3754 4317 terribilis(Mutth.

2167 4334 2256 4391 10.
2301 4334 2394 4405 28)
2424 4352 2436 4389 :
2471 4336 2558 4389 ubi
2605 4350 2881 4391 sermones
2929 4334 3190 4391 habentur
3233 4337 3421 4391 infiniti
3469 4338 3539 4392 de
3586 4339 3756 4409 poenis

2167 4425 2405 4489 aeternis,
2435 4424 2502 4479 de
2527 4425 2831 4480 fluminibus
2877 4426 3078 4496 igneis,
3127 4426 3194 4481 de
3238 4437 3496 4483 venenato
3535 4445 3753 4495 verme,

2166 4514 2234 4570 de
2261 4515 2485 4570 vinculis
2526 4517 2698 4584 rumpi
2743 4517 2958 4581 nesciis,
2983 4517 3050 4572 de
3091 4517 3329 4572 tenebris
3383 4522 3753 4579 exterioribus

2168 4604 2296 4677 (Id.
2327 4605 2419 4659 22.
2454 4606 2586 4677 l3).
2636 4607 2714 4662 llli
2754 4623 2882 4662 vero
2931 4607 3062 4661 nihil
3104 4607 3291 4662 horum
3331 4623 3398 4663 ne
3441 4610 3758 4664 somniando

2171 4698 2386 4768 quidem
2417 4700 2622 4765 sciunt,
2657 4699 2826 4755 ventri
2856 4699 3054 4767 dediti,
3086 4701 3437 4769 praesentibus
3465 4702 3752 4766 inhiantes,

2169 4790 2346 4859 porcis
2373 4791 2644 4860 hircisque
2670 4790 2838 4845 nihilo
2859 4791 3106 4847 meliores
3127 4807 3235 4861 pra:
3255 4793 3468 4853 lascivia
3487 4793 3760 4863 nimiaque

2167 4882 2403 4950 crapula.
2442 4881 2657 4951 llocque
2688 4897 2851 4936 unum
2891 4892 3108 4950 norunt,
3135 4883 3310 4938 ventri
3357 4882 3580 4947 servire,
3628 4887 3762 4939 ebrii

2167 4987 2308 5039 esse,
2340 4987 2437 5042 pro
2462 4972 2802 5029 saltatoribus
2826 4975 3099 5040 contundi,
3126 4991 3221 5046 pro
3249 4977 3447 5046 aurigis
3466 4978 3760 5032 vulnerari.

2170 5064 2416 5118 llaeccine
2459 5073 2582 5119 sunt
2620 5065 2798 5134 gravia
2829 5074 2883 5121 et
2906 5067 3204 5120 terribilia?
3235 5066 3365 5133 Quis
3392 5067 3493 5121 hoc
3526 5068 3760 5122 dixerit?

2173 5153 2325 5211 Unde
2367 5170 2495 5226 ergo
2533 5156 2686 5210 nobis
2722 5155 2833 5210 visa
2882 5165 3007 5211 sunt
3054 5157 3330 5225 terribilia,
3361 5157 3463 5212 nisi
3489 5166 3544 5212 et
3571 5175 3758 5213 servos

2172 5245 2456 5316 ignominia
2482 5255 2714 5312 notatos,
2739 5247 2929 5316 quibus
2959 5247 3102 5301 nulla
3128 5256 3211 5302 est
3233 5248 3483 5318 loquendi
3515 5249 3752 5313 libertas,

2167 5337 2367 5407 quique
2389 5336 2548 5390 domo
2576 5337 2732 5393 herili
2757 5338 3090 5406 exciderunt,
3123 5341 3314 5394 terrori
3339 5355 3462 5395 esse
3490 5341 3641 5396 dicas
3672 5343 3753 5406 iis,

2170 5426 2258 5495 qui
2303 5435 2430 5481 sunt
2478 5429 2721 5483 honorati
2747 5437 2800 5484 et
2826 5429 3070 5486 libertate
3113 5432 3372 5486 utuntur?
3411 5431 3606 5488 Verum
3645 5435 3758 5491 haec

2169 5531 2276 5570 non
2296 5518 2364 5571 ita
2377 5532 2437 5572 se
2458 5517 2675 5586 habent,
2693 5533 2796 5574 non
2820 5519 2890 5574 ita
2912 5535 3041 5576 sane
3056 5537 3114 5577 se
3136 5522 3409 5579 habent.Si
3425 5523 3641 5593 quidem
3660 5541 3756 5580 nec

2170 5621 2425 5675 cauponae
2463 5610 2626 5678 regiis
2663 5609 2800 5664 aulis
2832 5609 3104 5680 digniores
3125 5622 3284 5678 sunt;
3311 5614 3437 5683 quin
3463 5615 3757 5671 diversorio

2171 5699 2358 5767 quovis
2403 5700 2551 5757 locus
2588 5701 2882 5772 Synagogze
2936 5703 3266 5760 inhonestior
3306 5715 3409 5762 est.
3449 5706 3566 5762 Non
3613 5709 3753 5762 enim

2175 5787 2462 5857 latronum,
2511 5806 2681 5862 neque
2723 5808 3019 5866 cauponula
3065 5795 3396 5867 simpliciter,
3424 5798 3517 5854 sed
3562 5800 3755 5857 daemo-
