3920 6410
134 346 267 407 847

138 459 353 528 μένων
385 457 698 527 γυναικῶν
723 455 1012 530 συρφετὸν,
1034 458 1097 513 :6
1126 457 1354 531 θέατρον
1380 460 1526 515 ἅπαν
1548 462 1644 515 καί
1670 464 1795 528 τοὺς

132 538 259 590 ἀπὸ
294 540 422 609 τῆς
460 540 686 609 σκηνῆς
708 540 789 602 εἰς
813 537 911 610 τὴν
940 539 1261 611 συναγωγὴν
1293 540 1613 613 ἐπισύρουσι
1634 557 1649 571 ο
1674 541 1799 595 θεάο
1830 550 1833 553 ’

130 631 285 686 τρου
322 617 462 686 γὰρ
511 616 615 670 καὶ
649 617 973 687 συναγωγῆς
1019 617 1173 672 οὐδὲν
1213 619 1277 672 τὸ
1310 620 1492 690 μέσον.
1539 621 1650 673 Καὶ
1680 617 1796 674 οἶδα

136 695 252 765 μὲν
283 693 386 746 ὅτι
428 693 601 758 τινὲς
627 693 834 766 τόλμαν
870 696 1344 766 καταγινώσκουσι
1370 697 1466 752 τοῦ
1508 698 1688 769 λόγου,
1715 699 1798 751 ὅτι

135 770 343 835 εἷπον,
384 772 665 845 Θεάτρου
697 773 793 828 καὶ
823 776 1150 846 συναγωγῆς
1182 777 1335 831 οὐδὲν
1373 778 1436 831 τὸ
1470 779 1655 850 μέσον⁶
1687 777 1799 847 ἐγὼ

134 852 197 905 δὲ
224 851 449 905 αὐτῶν
475 853 698 925 τόλμαν
721 854 1119 924 καταγινώσκω
1147 868 1195 921 ιι,
1227 856 1325 910 ἐάν
1367 857 1442 929 μὴ
1471 856 1615 912 οὕτω
1639 856 1798 927 νομί-

140 932 357 996 ζωσιν.
374 932 455 984 Εἰ
476 933 592 1002 μὲν
608 933 716 1005 γὰρ
730 933 942 988 οἴκοθεν
963 936 1357 1008 ἀποφαίνομαι,
1377 937 1689 1006 κατάγνωθι
1707 952 1725 968 ·
1749 938 1800 989 εί

139 1010 202 1063 δὲ
226 1009 339 1062 τοῦ
360 1013 681 1089 προφήτου
709 1012 851 1081 λέγω
867 1014 935 1069 τὰ
952 1015 1194 1086 ῥήματα,
1210 1016 1361 1082 δέξαι
1375 1016 1474 1089 τὴν
1502 1017 1796 1088 ἀπόφασιν.

217 1089 298 1156 γ’.
324 1087 489 1145 Οἶδα
525 1093 612 1168 ὅτι
632 1091 820 1145 πολλοὶ
840 1093 1115 1147 αἰδοῦνται
1145 1087 1450 1159 Ἰουδαίους,
1476 1097 1572 1150 καὶ
1594 1097 1798 1168 σεμνὴν

144 1168 516 1239 νομίζουσιν
551 1162 693 1221 εἶναι
726 1168 824 1241 τὴν
853 1169 1080 1224 ἐκείνων
1114 1172 1389 1228 πολιτείαν
1419 1172 1515 1226 νῦν
1535 1189 1549 1203 ⁸
1591 1162 1673 1227 6:6
1699 1162 1798 1245 τῆν

144 1245 434 1318 ὀλεθρίαν
475 1246 760 1317 ὑπόληψιν
802 1248 1102 1321 πρόρριζον
1139 1250 1451 1305 ἀνασπάσαι
1484 1251 1796 1323 ἐπείγομαι.

152 1324 339 1381 Εἶπον
372 1328 474 1382 ὃτι
521 1327 759 1398 θεάτρου
790 1329 823 1398 ἠ
856 1330 1145 1402 συναγωγὴ
1171 1330 1322 1384 οὐδὲν
1346 1332 1568 1403 ἄμεινον
1595 1332 1803 1386 διάκει-

147 1421 268 1472 ται,
310 1407 424 1460 καὶ
455 1406 583 1460 ἀπὸ
610 1411 889 1478 προφήτου
923 1410 1158 1480 παράγω
1190 1411 1289 1482 τὴν
1321 1412 1627 1484 μαρτυρίαν
1651 1428 1665 1442 ⁶
1700 1414 1801 1466 οὐκ

152 1487 300 1540 εἰσὶν
342 1485 627 1539 Ἰουδαῖοι
662 1486 771 1539 τῶν
801 1487 1097 1559 προφητῶν
1133 1489 1584 1562 ἀξιοπιστότεροι.
1617 1489 1683 1544 Τί
1706 1487 1801 1546 οὖν

154 1569 184 1619 ὁ
240 1567 577 1639 προφήτης
626 1566 822 1636 φησίν;
872 1568 1050 1636 Ὂψις
1094 1571 1328 1639 πόρνης
1371 1569 1614 1640 ἐγένετό
1661 1586 1796 1626 σοι·

96 1696 109 1713 κ
152 1646 800 1715 ἀπηναισχύντησας
838 1647 986 1714 πρὸς
1034 1648 1288 1717 πάντας.
1329 1651 1503 1706 Ἔνθα
1533 1651 1591 1705 δὲ
1624 1651 1800 1725 πόρνη

158 1728 410 1798 ἕστηκεν
441 1726 503 1791 h,
549 1727 802 1798 πορνεῖόν
851 1728 1000 1781 ἐστιν
1041 1730 1071 1781 6
1106 1729 1306 1794 τόπος*
1351 1730 1552 1801 μᾶλλον
1580 1730 1638 1785 δέ
1679 1732 1802 1803 οὐχὶ

160 1809 439 1877 πορνεῖον
471 1807 584 1860 καὶ
613 1807 842 1877 θέατρον
879 1806 1039 1878 μόνον
1071 1809 1221 1863 ἐστὶν
1255 1811 1289 1881 ή
1323 1810 1639 1883 συναγωγὴ,
1662 1811 1802 1866 ἀλλά

162 1889 262 1942 καὶ
290 1888 599 1959 σπήλαιον
622 1887 858 1960 λῃστῶν,
882 1888 979 1941 καὶ
1003 1889 1349 1959 καταγώγιον
1373 1889 1581 1963 θηρίων
1599 1909 1613 1923 ·
1638 1891 1800 1961 Σπή-

161 1971 350 2021 λαιον
383 1970 550 2041 γάρ,
604 1968 807 2039 φησὶν,
856 1969 1076 2036 ὑαίνης
1122 1968 1365 2038 ἐγένετό
1406 1988 1511 2040 μοι
1560 1974 1595 2027 ό
1635 1967 1801 2040 οἶκος

161 2044 361 2116 ὑμῶν’
380 2047 525 2100 οὐδὲ
542 2045 735 2110 ἁπλῶς
747 2045 960 2119 θηρίου,
978 2046 1118 2100 ἀλλά
1133 2046 1323 2119 θηρίου
1340 2050 1672 2122 ἀκαθάρτου.
1687 2051 1801 2105 Καὶ

168 2127 360 2194 πάλιν,
401 2126 654 2196 Ἇφῆκα
680 2126 789 2180 τὸν
807 2123 981 2181 οἶκόν
1002 2144 1147 2197 μου,
1169 2128 1648 2198 ἐγκαταλέλοιπα
1683 2131 1802 2199 τὴν

166 2207 615 2278 κληρονομίαν
640 2224 782 2276 μου.
814 2207 983 2260 Ὅταν
998 2207 1056 2261 δὲ
1081 2209 1110 2260 ὁ
1132 2206 1266 2272 Θεὸς
1290 2209 1428 2282 ἀφῇ,
1465 2211 1597 2265 ποία
1614 2211 1801 2267 λοιπὸν

173 2287 467 2358 σωτηρίας
506 2285 704 2353 ἐλπίς;
742 2287 913 2339 Ὅταν
940 2287 970 2339 6
1018 2286 1152 2352 Θεὸς
1190 2288 1327 2364 ἀφῇ,
1360 2288 1631 2361 δαιμόνων
1666 2308 1801 2347 κατ-

169 2367 513 2437 οικητήριον
543 2365 759 2435 γίνεται
800 2366 977 2419 ἐκεῖνο
1012 2366 1074 2419 :6
1112 2367 1333 2439 χωρίον.
1377 2368 1538 2423 Ἀλλὰ
1579 2371 1800 2435 πάντως

172 2446 424 2521 ἐροῦσιν,
460 2447 555 2499 ὅτι
599 2445 697 2499 καὶ
731 2445 888 2499 αὐτοὶ
911 2444 1004 2498 τὸν
1031 2446 1164 2500 Θεὸν
1195 2448 1593 2518 προσκυνοῦσιν
1612 2465 1625 2480 ·
1660 2450 1800 2505 ἀλλά

177 2527 252 2597 μὴ
282 2526 516 2595 γένοιτο
546 2523 711 2577 τοῦτο
742 2524 950 2577 εἰπεῖνί
984 2525 1176 2588 Οὐδεὶς
1208 2526 1461 2592 Ἰουδαῖος
1500 2533 1799 2601 προσκυνεῖ

173 2606 263 2661 τὸν
292 2606 460 2661 Θεόν.
506 2604 616 2668 Τίς
655 2603 833 2657 ταῦτά
877 2621 1075 2674 φησιν;
1120 2606 1177 2660 Ὁ
1209 2606 1337 2672 Υἱὸς
1384 2609 1480 2662 τοῦ
1518 2609 1677 2666 Θεοῦ.
1727 2613 1799 2666 El

178 2686 282 2740 τὸν
294 2685 555 2754 Πατέρα
583 2682 699 2754 γάρ
721 2700 844 2753 μου
875 2684 1092 2753 ᾔδειτε,
1118 2688 1443 2757 φησὶ,κάμὲ
1471 2690 1669 2760 ᾔδειτε
1697 2691 1796 2747 ἄν·

178 2767 314 2821 οὔτε
347 2765 422 2819 δὲ
451 2764 571 2835 ἐμὲ
610 2762 832 2828 οἴδατε,
869 2763 1009 2818 οὔτε
1037 2765 1147 2819 τὸν
1170 2767 1404 2836 Πατέρα
1423 2786 1545 2839 μου
1572 2772 1797 2827 οἴδατε.

179 2846 343 2900 Ποίαν
358 2844 585 2915 ταύτης
614 2844 1063 2915 ἀξιοπιστοτέραν
1080 2846 1389 2919 μαρτυρίαν
1410 2850 1721 2921 παραγάγω
1738 2861 1760 2889 ο
1779 2866 1796 2912 ς

248 2928 313 2980 Εί
348 2927 547 2980 τοίνυν
588 2922 681 2976 τὸν
713 2923 936 2995 Πατέρα
969 2926 1246 2992 ἀγνοοῦσι,
1293 2926 1386 2979 τὸν
1427 2928 1556 2983 Υίὸν
1602 2929 1799 2984 ἐσταύ-

186 3019 389 3074 ρωσαν,
433 2999 539 3055 τοῦ
584 2997 902 3070 Ιίνεύματος
940 3000 1041 3071 τὴν
1081 3000 1336 3073 βοήθειαν
1366 3004 1797 3077 ἀπεκρούσαντο,

184 3086 265 3147 τίς
290 3084 394 3137 οὐκ
424 3082 494 3135 ἂν
523 3078 753 3152 θαρρῶν
779 3079 1156 3150 ἀποφήνηται,
1181 3081 1292 3135 τῶν
1322 3082 1597 3154 δαιμόνων
1626 3102 1799 3141 κατα-

185 3164 381 3233 γώγιον
417 3158 573 3218 εἶναι
607 3161 700 3215 τὸν
731 3159 933 3226 τόπον;
967 3161 1040 3213 06
1078 3166 1467 3234 προσκυνεῖται
1500 3164 1633 3230 Θεὸς
1661 3168 1797 3232 ἐκεῖ,

192 3243 264 3314 μὴ
317 3243 585 3313 γένοιτο*
634 3239 751 3294 ἀλλ’
801 3239 1251 3320 εἰδωλολατρείας
1280 3244 1456 3297 ἐκεῖνο
1505 3244 1567 3298 τὸ
1599 3247 1801 3320 χωρίον

189 3323 371 3378 λοιπόν
403 3320 573 3395 [591]
600 3321 751 3373 ἐστιν
770 3335 784 3349 ·
812 3318 928 3373 ἀλλ’
962 3321 1113 3393 ὅμως
1141 3322 1286 3387 τινὲς
1311 3322 1388 3387 ὡς
1411 3328 1631 3395 σεμνοῖς
1659 3318 1803 3380 ἐκεί-

189 3421 296 3469 νοις
323 3408 441 3468 τοῖς
462 3403 669 3464 τόποις
701 3400 1056 3474 προσέχουσι.

208 3534 215 3541 .
258 3488 369 3540 Καὶ
394 3485 589 3540 ταῦτα
622 3482 746 3553 οὐχὶ
776 3483 1173 3565 στοχαζόμενος
1201 3484 1368 3555 λέγω,
1409 3486 1526 3543 ἀλλ’
1558 3490 1696 3561 αὐτῇ
1731 3493 1798 3565 τῇ

194 3568 357 3641 πείρᾳ
380 3565 610 3640 μαθών.
632 3563 869 3644 καὶγὰρ
897 3565 1003 3637 πρὸ
1020 3564 1227 3620 τούτων
1256 3567 1366 3622 τῶν
1385 3571 1554 3641 τριῶν
1575 3563 1803 3644 ἡμερῶν

198 3647 579 3718 (πιστεύσατε,
593 3646 656 3698 οὐ
676 3643 969 3723 ψεύδομαι)
987 3646 1223 3714 γυναῖκά
1245 3664 1366 3700 τινα
1382 3650 1552 3721 εὑσχή
1561 3643 1698 3721 μονα
1708 3654 1804 3707 καὶ

197 3727 510 3801 ἐλευθέραν,
541 3725 788 3805 κοσμίαν
823 3726 918 3779 καὶ
943 3727 1163 3798 πιστὴν,
1187 3723 1328 3782 εἶδον
1350 3731 1804 3805 ἀναγκαζομένην

201 3807 300 3861 ὑπό
333 3825 482 3871 τινος
523 3802 731 3879 μιαροῦ
788 3806 883 3859 καὶ
928 3806 1292 3879 ἀναισθήτου,
1328 3802 1807 3877 δοκοῦποςίεῖναι

200 3886 532 3957 Χριστιανοῦ
571 3884 691 3957 (οὑν
715 3883 825 3955 γὰρ
856 3885 922 3939 ἂν
963 3888 1179 3959 εἴποιμι
1212 3888 1304 3941 τὸν
1332 3889 1403 3943 τὰ
1429 3892 1654 3946 τοιαῦτα
1686 3894 1807 3948 τολ-

207 3966 386 4036 μῶντα
424 3965 766 4039 Χριστιανὸν
800 3964 1127 4038 εἰλικρινῆ),
1160 3968 1242 4033 εἰς
1275 3967 1345 4022 τά
1385 3970 1494 4025 τῶν
1539 3972 1807 4044 Ἐϐραίων

206 4045 488 4113 εἰσελθεῖν,
524 4044 697 4098 κάκεῖ
741 4048 1048 4124 παρασχεῖν
1105 4046 1268 4117 ὅρκον
1304 4049 1434 4119 περὶ
1475 4051 1582 4105 τῶν
1634 4055 1808 4124 ἀμφι⁸

209 4127 599 4197 σϐητουμένων
627 4123 777 4195 αὐτῷ
810 4124 1157 4196 πραγμάτων
1178 4142 1192 4156 ·
1234 4126 1310 4190 ὡς
1338 4127 1397 4180 δέ
1430 4123 1806 4201 προσελθοῦσα

211 4204 243 4274 ή
272 4206 407 4278 γυνὴ
433 4207 580 4278 πρὸς
613 4205 937 4276 συμμαχίαν
965 4206 1176 4282 ἐκάλει,
1197 4208 1293 4261 καὶ
1321 4206 1420 4280 τήν
1447 4210 1647 4281 ἄνομον
1683 4212 1806 4282 βίαν

212 4281 499 4339 κωλῦσαιά
547 4283 711 4356 ἠξίου
763 4285 865 4354 (06
897 4284 1009 4357 γάρ
1056 4281 1196 4340 εἶναι
1243 4287 1462 4356 θεμιτὸν
1508 4291 1646 4361 αὐτῇ
1686 4281 1806 4346 τῶν

214 4361 365 4419 θείων
425 4364 786 4438 μετασχούσῃ
842 4364 1201 4437 μυστηρίων,
1257 4366 1396 4439 πρὸς
1460 4369 1668 4423 ἐκεῖνον
1714 4371 1808 4425 τὸν

215 4442 372 4498 τόπον
394 4446 637 4519 ἐλθεῖν),
674 4446 1018 4518 ἐμπρησθεὶς
1052 4443 1147 4500 οῦν
1182 4447 1287 4501 61:6
1314 4447 1480 4519 ζήλου
1504 4470 1539 4514 ,ι
1558 4452 1656 4503 καὶ
1702 4468 1808 4503 πυ-

220 4524 430 4592 ρωθεὶς,
458 4528 557 4581 καὶ
581 4526 900 4591 διαναστὰς,
930 4526 1137 4600 ταύτην
1171 4527 1270 4599 μὲν
1299 4528 1400 4580 οὐκ
1427 4529 1586 4582 εἴασα
1622 4529 1809 4587 λοιπὸν

221 4603 307 4681 ἐπὶ
333 4606 430 4677 τὴν
457 4605 810 4679 παρανομίαν
841 4607 1170 4678 ἑλκυσθῆναι
1201 4608 1438 4679 ἐκείνην,
1472 4609 1759 4681 ἐξήρπασα
1782 4621 1807 4651 ⁸

220 4679 273 4735 δέ
290 4685 386 4755 τῆς
405 4687 597 4743 ἀδίκου
620 4684 827 4756 ταύτης
853 4686 1183 4759 ἀπαγωγῆς.
1216 4688 1367 4742 Ἐπεὶ
1390 4687 1448 4742 δέ
1469 4688 1560 4743 τὸν
1573 4679 1810 4745 ἕλκοντα

224 4762 427 4842 ᾐρόμην
480 4770 530 4821 εί
584 4766 913 4839 Χριστιανὸς
953 4767 1071 4840 εῖη,
1122 4769 1377 4832 κάκεῖνος
1422 4768 1805 4842 ὡμολόγησεν,

225 4840 513 4925 ἐπεκείμην
567 4846 849 4919 σφοδρῶς,
899 4847 1256 4916 ἀναισθησίαν
1296 4847 1547 4918 ἐγκαλῶν
1580 4840 1676 4904 καί
1709 4853 1810 4925 τὴν

226 4920 449 4996 ἐσχάτην
477 4929 697 4993 ἄνοιαν,
732 4928 829 4980 καὶ
868 4927 1004 4983 δνων
1032 4927 1186 4982 οὐδὲν
1229 4930 1453 5000 ἄμεινον
1503 4920 1808 4985 διακεῖσθαι

230 5002 491 5085 ἐλεγον,κεί
515 5012 609 5065 τὸν
636 5012 873 5083 Χριστὸν
894 5011 1069 5081 λέγων
1091 5016 1438 5084 προσκυνεῖν.
1466 5015 1558 5067 ἐπὶ
1578 5015 1650 5068 τὰ
1671 5016 1811 5085 σπήο

228 5081 349 5166 λαιά
372 5087 478 5141 τῶν
520 5081 811 5153 Ἰουδαίων,
842 5092 953 5146 τῶν
987 5081 1419 5166 παυρωσάντων
1451 5095 1636 5161 αὐτὸν,
1662 5081 1810 5150 ἐλκοι

233 5164 370 5246 τινὰ·
394 5169 487 5222 καὶ
505 5172 715 5243 μακρὸν
740 5173 1027 5226 κατέτεινα
1048 5164 1184 5244 πρὸς
1210 5174 1372 5227 αὐτὸν
1394 5173 1570 5244 λόγον,
1594 5176 1811 5246 πρῶτον

234 5242 349 5326 μὲν,
370 5247 448 5299 ὅτι
473 5250 533 5304 o6
563 5242 721 5323 θέμις
745 5251 882 5316 ὅλως
905 5242 1288 5324 ὀμνύναι,οὑδέ
1313 5242 1560 5326 ἀνάγκην
1581 5242 1811 5324 ἐπάγειν

232 5319 699 5393 ὄρκων,διδάσκων
731 5332 841 5388 ἀπὸ
867 5319 977 5387 τῶν
1007 5333 1167 5388 θείων
1191 5319 1541 5403 Εὑαγγελίων
1559 5352 1573 5366 ο
1596 5319 1808 5404 ἐπείτα,

298 5474 773 5573 ὶᾩνιξὲεωὲελιεδοιέι
783 5480 962 5551 τόλμαν
982 5488 1159 5550 μᾶλλον
1179 5504 1371 5551 καταγ,
1393 5488 1568 5540 elSav.
1587 5489 1637 5538 in
1656 5503 1808 5555 marg.

348 5539 595 5614 Iresimss.
618 5539 906 5614 προέστηκὲ.

1411 345 1787 404 ADVERSUS
1822 346 2132 409 JUD/EOS‘.
2150 352 2191 409 Ι.

3387 352 3493 410 θίθ

1898 468 1981 520 ὅτι
2005 469 2067 522 06
2098 469 2262 540 μόνον
2285 466 2303 505 ί
2331 467 2456 540 οὐχὶ
2477 468 2678 541 πιστὴν
2702 467 2795 525 καὶ
2826 466 3210 540 μεμυημένην.
3234 466 3351 521 ἀλλ’
3370 469 3494 541 0666

1897 547 2147 617 ἀμύητόν
2168 564 2290 601 τινα
2313 548 2452 620 πρὸς
2473 540 2680 620 ταύτην
2701 549 2881 602 ἕλκειν
2902 549 3071 619 ἐχρῆν
3097 546 3197 619 τὴν
3223 540 3494 619 ἀνάγκηνῗ

1910 626 1997 688 Ὡς
2025 627 2083 679 δέ
2119 625 2373 691 ἐξέϐαλον
2410 626 2500 681 διὰ
2543 628 2756 682 πολλῶν
2787 627 2882 681 καὶ
2922 625 3153 698 μακρῶν
3189 625 3364 695 λόγων
3395 625 3498 698 τὴν

1901 704 2329 780 πεπλανημένην
2359 706 2620 762 ὑπόνοιαν
2650 708 2751 779 τῆς
2782 707 2995 761 ἐκείνου
3027 704 3226 777 ψυχῆς,
3262 703 3497 778 ἠρώτων

1896 781 1995 853 τὴν
2023 784 2224 848 αἰτίαν,
2259 786 2327 839 δι’
2348 786 2416 855 ἢν
2443 786 2544 858 τὴν
2578 786 2910 858 Ἐκκλησίαν
2949 785 3131 856 ἀφεὶς,
3162 784 3257 838 ἐπὶ
3287 785 3358 839 τά
3384 783 3497 839 τῶν

1911 859 2177 941 Ἑϐραίων
2210 863 2357 919 εἷλκε
2386 867 2412 905 ⁸
2447 864 2720 941 συνέδρια.
2761 869 2821 921 ὐ
2846 866 2905 920 δὲ
2947 865 3177 929 πολλοὺς
3216 863 3324 935 ἔφη
3355 865 3497 935 πρὸς

1898 940 2060 993 αὑτὸν
2094 941 2399 1013 εἰρηκέναι,
2428 943 2838 1017 φοϐερωτέρους
2872 945 2998 1010 τοὺς
3027 945 3145 998 ἐκεῖ
3172 942 3496 1015 γινομένους

1898 1018 2095 1090 ὅρκους
2133 1017 2296 1077 εῖναι.
2332 1023 2456 1076 Ἐπὶ
2479 1023 2692 1086 τούτοις
2716 1023 3005 1089 ἐστέναξα,
3031 1024 3125 1078 καὶ
3148 1021 3496 1095 ἐνεπρήσθην

1900 1099 2006 1153 61:6
2037 1100 2235 1172 θυμοῦ,
2275 1103 2370 1155 καὶ
2407 1101 2548 1173 μετὰ
2574 1101 2750 1156 ταῦτα
2789 1103 2996 1172 ἐγέλων
3030 1102 3215 1159 πάλιν.
3250 1102 3363 1174 Τὴν
3396 1101 3497 1173 μὲν

1898 1177 2008 1252 γὰρ
2052 1179 2147 1234 τοῦ
2185 1180 2434 1235 διαϐόλου
2478 1182 2817 1253 κακουργίαν
2848 1181 2991 1254 ὁρῶν
3010 1223 3025 1248 ,
3055 1181 3373 1247 ἐστέναζον,
3404 1175 3497 1234 οἷα

1898 1259 2024 1322 τοὺς
2049 1257 2373 1330 ἀνθρώπους
2398 1260 2715 1315 ἀναπείθειν
2750 1261 2938 1333 ἴσχυσε
2959 1278 2974 1294 ο
3007 1261 3106 1334 τὴν
3138 1261 3195 1315 δέ
3218 1258 3495 1333 ρᾳθυμίαν

1898 1336 2005 1392 τῶν
2031 1338 2414 1410 ἀπατωμένων
2435 1339 2802 1412 λογιζόμενος,
2825 1342 3252 1413 ἐνεπιμπράμην
3273 1340 3377 1394 ὑπὸ
3396 1336 3494 1394 τοῦ

1900 1416 2074 1488 θυμοῦ
2095 1435 2109 1449 ο
2140 1419 2233 1473 καὶ
2275 1419 2374 1492 τὴν
2420 1420 2606 1475 ἄνοιαν
2633 1422 2797 1476 πάλιν
2825 1422 2935 1477 τῶν
2973 1423 3363 1493 ἀπατηθέντων
3390 1419 3496 1489 ὅση

1898 1499 1995 1552 καὶ
2026 1496 2190 1569 ἡλίκη
2222 1516 2309 1564 τις
2353 1495 2425 1572 ἦν
2457 1501 2679 1555 σκοπῶν
2698 1542 2716 1569 ,
2750 1501 2976 1572 ἐγέλων.
3017 1500 3206 1555 Ταῦτα
3232 1500 3291 1554 δέ
3340 1494 3495 1552 εἶπον

1900 1576 2047 1654 πρὸς
2068 1578 2213 1648 ὑμᾶς
2255 1578 2351 1632 καὶ
2410 1578 2765 1654 διηγησάμην
2793 1624 2807 1649 ,
2856 1580 3046 1654 ἐπειδὴ
3099 1581 3238 1653 πρὸς
3272 1580 3399 1643 τοὺς
3426 1577 3501 1632 τά

1897 1653 2124 1711 τοιαῦτα
2157 1657 2254 1711 καὶΙ
2282 1657 2574 1722 ποιοῦντας
2611 1653 2727 1712 καί
2750 1653 3064 1731 πάσχοντας
3108 1657 3499 1729 ἀπανθρώπως

1901 1737 1995 1791 καὶ
2025 1736 2345 1809 ἀναλγήτως
2373 1736 2651 1791 διάκεισθε
2672 1754 2686 1768 ·
2729 1737 2836 1794 κᾶν
2871 1739 3019 1809 ἴδητέ
3051 1755 3176 1793 τινα
3208 1737 3318 1791 τῶν
3343 1735 3500 1790 ἀδελ-

1902 1816 2019 1886 φῶν
2043 1815 2152 1870 τῶν
2183 1815 2467 1889 ὑμετέρων
2505 1818 2587 1880 είς
2635 1816 2987 1889 παρανομίας
3043 1817 3300 1880 τοιαύτας
3331 1815 3498 1887 ἐμπί-
3612 1834 3617 1845 '

1901 1913 2126 1963 πτοντα,
2144 1895 2454 1967 ἀλλοτρίαν,
2479 1896 2580 1949 οὐκ
2603 1897 2811 1952 οἰκείαν
2839 1897 3060 1968 ήγεῖσθε
3083 1896 3184 1970 τὴν
3209 1913 3271 1949 συ
3280 1894 3500 1969 μφοράν

1899 1970 2065 2039 εἶναι,
2084 1975 2182 2029 καὶ
2213 1974 2351 2046 πρὸς
2378 1975 2506 2039 τοὺς
2530 1974 2905 2045 ἐγκαλοῦντας
2931 1974 3317 2044 ἀπολογεῖσθαι
3342 1974 3500 2046 νομί-

1899 2055 2044 2121 ζετε,
2075 2052 2348 2123 λέγοντες,
2386 2053 2542 2125 Ἐμοὶ
2573 2053 2683 2127 γάρ
2711 2054 2763 2107 τί
2801 2055 2985 2127 μέλει;
3006 2054 3090 2119 τίς
3109 2055 3166 2109 δέ
3198 2073 3288 2126 μοι
3316 2054 3498 2124 κοινδς

1900 2132 2037 2205 πρὸς
2066 2133 2271 2187 ἐκεῖνόν
2296 2133 2414 2186 ἐστι
2449 2131 2608 2201 λόγος
2633 2149 2648 2195 ;
2675 2133 2914 2204 ἐσχάτης
2953 2131 3372 2206 μισανθρωπίας
3402 2132 3502 2187 καὶ

1900 2211 2208 2284 Σατανικῆς
2247 2209 2532 2283 ὠμότητος
2566 2209 2935 2283 φθεγγόμενοι
2968 2214 2997 2254 ιι
3028 2214 3271 2286 ῥήματα.
3310 2211 3378 2265 Τί
3408 2210 3501 2265 λέ-

1898 2306 2053 2361 γεις;
2090 2290 2379 2363 ἄνθρωπος
2400 2288 2497 2349 ὢν.
2521 2292 2619 2345 καὶ
2639 2291 2741 2362 τῆς
2766 2292 2938 2365 αὐτῆς
2960 2292 3235 2348 κοινωνῶν
3259 2289 3499 2363 φύσεως,

1903 2368 2107 2441 μᾶλλον
2135 2367 2211 2437 δέ,
2247 2368 2296 2421 εἰ
2327 2367 2409 2421 δεῖ
2445 2367 2665 2439 φύσεως
2697 2374 2991 2429 κοινωνίαν
3019 2372 3219 2438 εἰπεῖν,
3252 2369 3498 2443 κεφαλὴν

1902 2448 2031 2521 μίαν
2063 2447 2202 2519 ἔχων
2235 2446 2328 2501 τὸν
2363 2446 2622 2520 Χριστὸν,
2651 2447 2858 2521 τολμᾷς
2891 2451 3089 2514 εἰπεῖν,
3123 2449 3204 2503 ὅτι
3231 2448 3383 2502 οὐδέν
3414 2465 3501 2502 σοι

1900 2527 2079 2584 κοινόν
2111 2529 2229 2580 ἐστι
2263 2527 2400 2599 πρὸς
2427 2527 2497 2582 τὰ
2531 2526 2668 2601 μέλη
2700 2528 2773 2582 τὰ
2813 2528 2923 2597 σάς
2952 2528 3075 2594 Πῶς
3107 2523 3200 2582 οῦν
3233 2528 3327 2581 τὸν
3356 2529 3499 2600 Χρι-

1902 2607 2029 2663 στὸν
2072 2606 2357 2678 ὁμολογεῖς
2397 2608 2463 2661 σὺ
2502 2606 2745 2681 κεφαλὴν
2789 2605 2935 2665 εῖναι
2982 2609 3082 2678 τῆς
3128 2606 3500 2677 Ἐκκλησίας;

1901 2688 1997 2743 καὶ
2020 2686 2136 2759 γὰρ
2164 2690 2198 2755 ἡ
2229 2686 2441 2759 κεφαλὴ
2473 2687 2651 2741 πάντα
2673 2687 2745 2742 τά
2776 2688 2911 2760 μέλη
2939 2688 3233 2741 συνάπτειν
3261 2687 3501 2756 πέφυκε,

1900 2767 2160 2837 καὶπρὸς
2203 2765 2376 2819 ἐλυτά
2406 2765 2548 2836 μετά
2577 2760 2865 2840 ἀκριϐείας
2913 2765 3266 2838 ἐπιστρέφειν
3302 2782 3363 2819 τε
3402 2766 3502 2819 καὶ

1902 2846 2133 2900 συνδεῖν.
2166 2844 2230 2897 Εἰ
2254 2843 2312 2897 δὲ
2346 2846 2514 2915 μηδὲν
2544 2846 2725 2900 κοινὸν
2750 2846 2896 2918 έχεις
2928 2845 3066 2913 πρὸς
3088 2845 3152 2899 τὸ
3189 2843 3349 2916 μέλος
3379 2859 3503 2907 σου,

1898 2927 2022 2982 οὐδέ
2045 2923 2182 2997 πρὸς
2217 2923 2308 2977 τὸν
2344 2923 2575 2995 ἀδελφόν
2611 2942 2706 2979 σου
2745 2925 2892 2997 ἔχεις
2924 2943 2978 2979 τι
3010 2925 3215 2989 κοινὸν,
3255 2923 3376 2977 οὐδέ
3403 2939 3500 2976 κεο

1901 3005 2078 3076 φαλὴν
2111 3003 2255 3076 ἐχεις
2281 3002 2373 3056 τὸν
2405 3005 2664 3075 Χριστόν.
2700 3002 2789 3068 Ὦς
2816 3005 3005 3059 παιδία
3041 3003 3215 3076 μικρά
3240 3000 3502 3072 φοϐοῦσιν

1901 3086 2047 3158 ὑμᾶς
2078 3083 2356 3151 Ἰουδαῖοι,
2390 3087 2487 3136 καὶ
2531 3086 2635 3138 οὐκ
2685 3084 3027 3139 αἰσθάνεσθε.
3081 3084 3349 3153 Καθάπερ
3389 3081 3500 3153 γὰρ

1901 3168 2012 3228 τοῖς
2064 3162 2299 3225 παιδίοις
2343 3161 2577 3227 ἐκείνοις
2628 3166 2950 3234 προσωπεῖα
2989 3160 3144 3236 [592]
3188 3158 3500 3236 δεικνύντες

1902 3242 2110 3317 φοϐερὰ
2139 3241 2235 3295 καὶ
2265 3240 2651 3310 καταγέλαστα
2680 3241 2790 3296 τῶν
2813 3235 3028 3314 μιαρῶν
3054 3238 3282 3293 οἰκετῶν
3311 3235 3502 3317 πολλοι

1904 3324 2004 3395 (06
2038 3314 2146 3392 γάρ
2180 3323 2297 3374 ἐστι
2346 3318 2510 3389 φύσει
2544 3319 2789 3393 φοϐερὰ,
2823 3318 2960 3375 ἀλλά
3009 3319 3096 3373 διά
3133 3318 3193 3371 :6
3226 3316 3445 3378 εὐτελὲς
3475 3314 3494 3356 ί

1899 3404 2002 3476 τῆς
2020 3400 2259 3464 διανοίας
2277 3399 2503 3454 τοιαῦτα
2520 3400 2799 3470 φαίνεται)
2822 3401 2990 3455 πολὺν
3028 3397 3239 3454 κινοῦσι
3261 3395 3496 3476 γέλωτα·

1901 3474 2043 3537 οὕτω
2067 3481 2132 3554 δὴ
2160 3481 2404 3541 καὶτοὺς
2437 3480 2833 3553 ἀτελεστέρους
2860 3478 2971 3533 τῶν
2999 3474 3342 3550 Χριστιανῶν
3374 3490 3503 3545 μορ-

1907 3561 2264 3635 μολύττονται
2300 3559 2563 3614 Ἰουδαῖοι.
2601 3558 2726 3624 Πῶς
2761 3561 2870 3633 γάρ
2899 3558 2969 3614 :6
3015 3560 3145 3630 παρ’
3182 3557 3363 3616 αὐτοῖς
3402 3569 3501 3635 <90-

1905 3632 2067 3712 6596,
2105 3640 2173 3693 τὰ
2209 3638 2413 3710 πολλῆς
2444 3638 2711 3711 αἰσχύνης
2738 3632 3100 3705 καίγέλωτος
3133 3637 3395 3709 γέμοντα,
3431 3632 3503 3688 :6

1905 3722 2015 3775 τῶν
2044 3718 2591 3792 προσκεκρουκότων,
2632 3719 2701 3773 :6
2725 3717 2836 3771 τῶν
2865 3717 3253 3790 ήτιμωμένων,
3288 3712 3358 3768 τά
3390 3713 3501 3769 τῶν

1906 3802 2227 3857 καταδίκων
2243 3816 2258 3867 ;

1978 3884 2041 3938 δ’.
2078 3878 2219 3936 Ἀλλ’
2245 3880 2305 3935 οὐ
2335 3877 2405 3934 :6
2433 3878 2681 3952 ἡμέτερα
2700 3876 2945 3949 τοιαῦτα,
2970 3878 3086 3934 ἀλλ’
3104 3876 3272 3943 ὅντως
3299 3877 3508 3953 φοϐερά

1909 3964 2006 4020 καὶ
2032 3963 2233 4035 φρίκης
2267 3962 2572 4032 ἀνάμεστα.
2596 3960 2767 4014 Ἔνθα
2788 3960 2897 4033 γὰρ
2920 3960 3052 4023 Θεός
3088 3961 3207 4013 ἐστι
3241 3958 3385 4029 ζωῆς
3407 3957 3503 4011 καὶ

1908 4043 2143 4099 θανάτου
2172 4040 2421 4107 ἐξουσίαν
2446 4039 2611 4111 ἐχων,
2644 4035 2799 4105 οὗτος
2830 4039 3062 4112 φοϐερὸς
3094 4041 3123 4093 ὁ
3152 4038 3315 4102 τόπος
3334 4056 3348 4069 ο
3373 4037 3503 4092 ἔνθα

1910 4124 2099 4196 μυρίοι
2127 4121 2257 4192 περὶ
2290 4118 2564 4173 κολάσεων
2591 4118 2877 4174 ἀθανάτων
2900 4119 3069 4190 λόγοι,
3101 4118 3232 4190 1:591
3260 4118 3369 4171 τῶν
3386 4133 3504 4196 πυ-

1909 4195 2073 4279 ρίνων
2120 4199 2424 4272 ποταμῶν,
2463 4200 2594 4271 περὶ
2637 4200 2733 4254 τοῦ
2787 4197 3070 4272 σκώληκος
3114 4198 3211 4279 τοῦ
3269 4195 3500 4279 ίοϐόλου,

1906 4278 2037 4354 1:591
2071 4280 2181 4335 τῶν
2211 4279 2431 4351 δεσμῶν
2464 4279 2575 4333 τῶν
2610 4281 2939 4353 ἀρῤήκτων,
2972 4280 3101 4350 περὶ
3128 4278 3224 4332 τοῦ
3274 4278 3502 4340 σκότους

1907 4365 2002 4418 τοῦ
2030 4360 2323 4435 ἐξωτέρου.
2362 4361 2592 4418 Ἐκεῖνοι
2617 4361 2674 4414 δέ
2696 4360 2903 4415 τούτων
2933 4361 3032 4432 μὲν
3061 4358 3214 4413 οὐδὲν
3244 4357 3349 4411 οὐδ’
3370 4357 3504 4428 ὄναρ
3619 4428 3623 4431 _

1910 4444 2075 4512 ίσασι,
2094 4445 2160 4514 τῇ
2186 4441 2388 4513 γαστρὶ
2420 4440 2646 4506 ζῶντες,
2668 4440 2807 4510 πρὸς
2826 4440 2895 4494 τὰ
2916 4439 3159 4511 παρόντα
3194 4438 3506 4511 κεχηνότες,

1859 4542 1865 4548 '
1908 4525 2019 4579 ὑῶν
2050 4527 2144 4578 καὶ
2171 4524 2391 4594 τράγων
2422 4522 2574 4575 οὐδὲν
2602 4521 2825 4593 ἄμεινον
2855 4521 3210 4593 διακείμενοι,
3238 4522 3379 4575 κατά
3408 4519 3503 4573 τὸν

1908 4607 2007 4677 τῆς
2040 4603 2334 4673 ἀσελγείας
2376 4601 2533 4670 λόγον
2581 4603 2678 4655 καὶ
2718 4603 2819 4673 τὴν
2851 4602 2950 4673 τῆς
2987 4602 3298 4674 ἀδηφαγίας
3329 4602 3504 4672 ὑπερ-ο

1910 4685 2109 4756 ϐολήν·
2164 4684 2223 4737 ἐν
2270 4682 2329 4736 δέ
2363 4682 2686 4737 ἐπίστανται
2736 4683 2921 4756 μόνον,
2966 4684 3360 4755 γαστρίζεσθαι
3407 4682 3506 4737 καὶ

1913 4764 2156 4837 μεθύειν,
2188 4764 2329 4833 ὑπὲρ
2360 4760 2645 4835 ὀρχηστῶν
2676 4764 3143 4829 κατακόπτεσθαι,
3180 4764 3320 4837 ὑπὲρ
3353 4763 3503 4835 ήνιό-

1908 4863 2020 4917 χων
2046 4843 2541 4917 τραυματίζεσθαι.
2575 4843 2764 4898 Ταῦτα
2808 4839 2925 4909 οὖν,
2967 4844 3093 4898 εἰπέ
3153 4862 3277 4915 μοι,
3328 4840 3506 4916 σεμνά

1910 4927 2005 4982 καὶ
2034 4926 2278 4999 φοϐερά;
2304 4927 2400 4979 καὶ
2423 4926 2505 4991 τίς
2530 4925 2597 4981 ἂν
2620 4926 2781 4981 τοῦτο
2803 4928 2983 4992 είποι;
3011 4925 3180 4981 Πόθεν
3201 4922 3295 4980 οὖν
3322 4928 3492 4997 ἡμῖνι

1909 5007 2095 5075 ἔδοξαν
2135 5005 2276 5061 εἶναι
2306 5006 2537 5079 φοϐερὰ,
2578 5005 2719 5080 πλὴν
2742 5009 2791 5061 εί
2828 5007 2904 5079 μὴ
2933 5007 3028 5061 καὶ
3063 5008 3190 5071 τοὺς
3220 5008 3505 5078 ἠτιμωμέ-

1909 5105 2033 5150 νους
2062 5088 2171 5142 τῶν
2204 5087 2451 5155 οἰκετῶν,
2470 5088 2565 5142 καὶ
2595 5089 2723 5150 τοὺς
2743 5088 3251 5160 ἀπαρῤησιάστους,
3282 5087 3503 5160 καὶτῆς

1909 5171 2240 5243 δεσποτικῆς
2290 5171 2469 5236 οίκίας
2500 5171 2871 5237 ἐκπεσόντας,
2923 5173 3190 5246 φοϐερούς
3232 5192 3316 5239 τις
3358 5170 3503 5229 εἶναι

1909 5252 2058 5322 λέγοι
2083 5254 2193 5316 τοῖς
2227 5250 2577 5323 εὐδοκιμοῦσι
2603 5251 2700 5305 καὶ
2731 5254 3048 5325 παρρησίαν
3071 5255 3319 5326 ἐχουσιν;
3359 5256 3499 5310 Ἀλλ’

1909 5334 2010 5388 οὐκ
2039 5332 2155 5387 ἔστι
2179 5331 2372 5397 ταῦτα,
2402 5331 2505 5384 οὐκ
2535 5330 2682 5384 ἐστιν
2700 5348 2715 5364 ·
2745 5331 2868 5387 ἐπεὶ
2897 5334 3033 5405 μηδὲ
3070 5337 3364 5407 πανδοχεῖα
3392 5337 3503 5391 τῶν

1913 5414 2215 5487 βασιλικῶν
2248 5410 2428 5467 αὐλῶν
2462 5411 2797 5483 σεμνότερα,
2833 5414 3034 5485 μᾶλλον
3077 5414 3136 5470 δέ
3171 5417 3266 5471 καὶ
3301 5417 3501 5472 πανδο·

1908 5496 2057 5569 χείου
2085 5492 2286 5557 παντὸς
2318 5492 2647 5566 ἀτιμότερον
2675 5493 2738 5548 :6
2788 5496 2889 5566 τῆς
2933 5494 3260 5567 συναγωγῆς
3300 5498 3505 5571 χωρίον

297 5596 429 5675 [βία
450 5596 607 5675 δεινῇ,
629 5596 1091 5675 ίὸ-ίὲίιῦξᾘοτει.
1136 5615 1190 5661 et
1211 5613 1421 5675 maxima
1457 5625 1571 5674 pars
1588 5626 1736 5675 mss.;
1760 5612 1811 5664 in
1864 5636 1907 5670 ι..

228 5665 371 5738 ³33Ϊὲ
396 5673 572 5738 “Em.
589 5674 751 5738 Savil._
764 5682 818 5723 et
833 5665 931 5738 δυο
952 5675 1302 5738 Ψω-παράξω.
1328 5665 1671 5736 Infra'quidam
1691 5665 1807 5725 nisa.

237 5714 593 5800 ἀπξφιῇναὲξδέτῗὸ
614 5714 872 5799 δαιμόνιον..
911 5735 1038 5785 Infra
1061 5735 1091 5782 2
1111 5714 1415 5793 εἶδές-ὁπως
1438 5714 1808 5800 προστρέχοςοσὶ

239 5755 377 5783 “”’⁷Υ⁵Ι
386 5755 593 5796 ’νιξιυξτο
614 5755 872 5799 οαιμονιον.
912 5755 1038 5785 Inlra
1063 5755 1091 5782 Ζ
1111 5755 1224 5785 ωδε.
1250 5755 1415 5793 τοποις
1503 5755 1808 5816 οστρεχουσθ.

291 5782 314 5819 ά
338 5783 395 5833 Si
428 5789 476 5838 11·
517 5805 587 5848 et
621 5800 842 5860 quinque
877 5810 993 5847 mss.
1019 5800 1102 5847 καὶ
1141 5800 1229 5858 τήν
1251 5755 1569 5862 ἀνομονπὲίαν
1591 5797 1809 5848 κωλῦσαι

239 5839 371 5898 ‘W
392 5858 703 5898 “caminum!
746 5860 914 5898 Mnrnl,
959 5866 1007 5898 el
1047 5861 1130 5898 alii
1179 5861 1256 5898 Ind
1291 5862 1379 5898 τὴν
1404 5859 1604 5898 ἀνομίαν
1645 5863 1738 5898 τυ.ιῦ
1750 5860 1805 5898 ὖ-

226 5846 371 5903 ιίςηοά
392 5846 707 5920 τπερείἡηὼ).
746 5846 916 5909 ιιοτθι.
938 5846 1131 5910 ειιιιιι
1177 5846 1257 5910 ἰαὶ
1291 5846 1604 5922 τήνενὸμίαν
1630 5846 1805 5910 ’ᾖώὶζῦξ

234 5914 318 5983 θαι
332 5910 568 5983 (ξιέίρηιιπ.
591 5920 792 5983 editum)

302 5965 318 5988 ⁶
340 5959 429 6023 Mn
448 5959 1058 6048 ὶίὲὶᾃτῖνῗᾚῐίέεὴρπασα.
1098 5984 1217 6036 Ibid.
1242 5985 1328 6036 alii
1355 5984 1432 6034 ἐπὶ
1455 5985 1505 6034 ει
1526 5983 1605 6035 τὸν
1628 5986 1733 6035 ἕλκ.

1975 5672 1994 5711 τ
2018 5674 2101 5742 εἰς
2123 5689 2268 5742 unus_
2287 5677 2401 5742 cth
2425 5677 2481 5728 In
2501 5679 2613 5729 aliis
2635 5678 2986 5731 omnibustum
3009 5680 3147 5742 edd.,
3171 5685 3275 5730 tum
3298 5693 3419 5730 mss.
3441 5683 3504 5733 οὗ

1910 5737 2051 5807 μόνον
2063 5739 2222 5807 θεεδι.
2238 5737 2338 5807 8εᾴ
2354 5741 2440 5807 illq
2452 5754 2513 5807 εξ
2522 5750 2705 5807 puncto
2716 5745 2875 5807 oratio
2889 5757 3090 5805 prorsus
3099 5737 3271 5795 manca
3282 5745 3393 5794 vide
3400 5752 3499 5795 tur.

1975 5802 1999 5840 Β
2023 5801 2123 5849 Alii
2151 5813 2261 5849 cum
2285 5801 2459 5852 Morel.
2487 5801 2564 5852 ἐπὶ
2587 5805 2648 5853 τὰ
2671 5805 2854 5854 τούτων
2873 5801 3019 5856 εἰλκε.

1968 5860 1998 5930 1}
2022 5862 2136 5930 1316
2147 5863 2472 5930 φθεγγόμενος,
2495 5866 2576 5915 alii
2596 5867 2917 5930 φθεγγόμενοι.

1975 5923 1996 5963 ί
2025 5922 2177 5972 Savil.
2205 5922 2480 5986 et'qhidam
2507 5922 2624 5977 mss".
2647 5922 2728 5977 διά
2745 5922 2801 5978 τὸ
2823 5930 3004 5985 ἀτελές.

1976 5985 1992 6038 i
2026 5986 2128 6035 Alii
2154 5985 2371 6050 6951,11
2394 6002 2503 6039 mox
2531 5991 2851 6056 9065906910
2874 5992 3066 6063 916196.
