3920 6384
173 403 271 458 849

176 540 298 582 num
337 530 423 581 est
467 519 742 578 habitatio.
771 519 884 578 lmo
931 534 1036 576 non
1085 517 1378 592 Synagogm
1421 518 1614 583 solum,
1660 516 1755 573 sed

73 674 77 678 ,
176 618 303 687 ipsa!
319 615 484 670 etiam
507 611 810 669 Judreorum
838 611 1028 667 animae
1061 627 1075 664 :
1102 610 1244 681 quod
1269 609 1526 664 orationis
1545 610 1756 681 epilogo

176 704 407 762 conabor
430 704 817 759 demonstrare.
842 702 1018 772 Quare
1041 716 1136 757 vos
1161 700 1366 768 hortor,
1393 710 1450 756 ut
1475 699 1631 771 hujus
1658 717 1754 773 po-

181 799 439 855 tissimum
483 796 880 866 disceptationis
921 795 1291 850 memineritis.
1339 792 1457 849 Non
1500 794 1644 849 enim
1689 791 1757 847 ad

174 889 600 956 ostentationem,
632 901 805 958 neque
849 896 1065 957 propter
1107 886 1420 958 applausum
1450 900 1594 940 nunc
1617 883 1755 939 dici-

177 997 290 1038 mus
315 999 330 1037 :
357 981 454 1038 sed
483 992 536 1037 ut
564 979 873 1038 medeamur
898 979 1091 1034 animis
1119 979 1331 1035 vestris.
1369 977 1502 1034 Nam
1532 978 1651 1049 quis
1677 985 1761 1032 est

178 1074 319 1129 vobis
339 1086 522 1129 sermo
542 1072 900 1128 excusationis
935 1073 1201 1142 reliquus,
1234 1073 1279 1128 si
1310 1073 1362 1127 in
1395 1080 1539 1126 tanta
1585 1071 1757 1126 medi-

176 1182 350 1220 cnnnn
377 1164 537 1234 cepia
561 1163 722 1233 aliqui
752 1162 1048 1232 argrotent?
1460 1228 1467 1235 κ

242 1257 413 1327 Major
434 1272 555 1327 pars
581 1255 719 1310 urbis
746 1255 1028 1309 Antiochia
1054 1254 1341 1309 Christiana
1368 1263 1493 1307 erat.
1516 1284 1588 1294 —
1612 1254 1757 1308 Duo-

179 1349 341 1404 decim
389 1356 543 1403 erant
582 1347 831 1420 apostoli.
861 1356 915 1402 et
939 1347 1246 1402 universum
1277 1345 1531 1401 mundum
1560 1345 1761 1401 allcxe-

178 1450 296 1497 runt
321 1459 335 1495 :
367 1440 541 1510 major
584 1455 708 1511 pars
732 1441 880 1495 urbis
904 1450 987 1495 est
1010 1440 1339 1507 Christiana,
1370 1448 1423 1494 et
1447 1438 1620 1493 adhuc
1640 1439 1761 1509 qui-

180 1535 292 1589 dam
345 1533 536 1593 morbo
580 1532 839 1589 Judaismi
897 1531 1164 1586 laborant.
1215 1532 1277 1586 Et
1321 1546 1423 1601 qua
1485 1545 1586 1585 nos
1647 1531 1763 1586 sani

180 1625 481 1681 defensione
503 1623 753 1680 utemur?
781 1624 930 1694 Digni
960 1639 1091 1678 sane
1130 1622 1288 1679 etiam
1329 1622 1513 1694 ingrati
1544 1622 1614 1676 illi
1640 1632 1764 1678 sunt

181 1715 391 1772 crimine
434 1734 448 1770 :
492 1714 589 1772 sed
636 1731 808 1785 neque
854 1731 952 1770 nos
990 1726 1242 1770 vacamus
1288 1715 1482 1785 culpa,
1533 1714 1661 1785 ipsis
1708 1715 1760 1771 in

182 1808 356 1863 morbo
379 1807 661 1878 neglectis.
682 1806 779 1862 Vix
811 1807 951 1862 enim
979 1823 1041 1862 ac
1069 1823 1138 1861 ne
1169 1807 1253 1861 vix
1280 1807 1492 1877 quidem
1524 1808 1567 1861 si
1597 1807 1763 1862 multa

184 1911 353 1957 nostra
378 1917 507 1957 cura
540 1900 862 1967 fruerentur,
887 1901 1082 1955 infirmi
1113 1916 1231 1957 esse
1262 1910 1560 1971 pergerent.
1580 1900 1757 1969 Quare

182 1993 465 2063 anticipans
508 1992 625 2047 hazc
651 2007 793 2047 nunc
822 1991 962 2057 dico,
992 2002 1050 2047 ut
1076 1992 1299 2062 quilibet
1322 2000 1557 2045 vestrum
1596 2000 1764 2044 attra-

185 2082 266 2137 hat
292 2082 531 2149 fratrem,
564 2084 725 2139 etiam
752 2081 796 2138 si
823 2083 1112 2138 necessitas
1143 2080 1460 2151 imponenda
1489 2082 1577 2148 sit,
1604 2082 1763 2136 etiam

185 2174 225 2231 si
267 2176 347 2231 vis
383 2175 648 2241 facienda,
679 2175 838 2231 etiam
878 2175 924 2230 si
957 2175 1296 2231 contumeliis
1332 2183 1388 2230 et
1421 2175 1765 2230 contentione

188 2267 330 2323 fuerit
353 2283 489 2340 opus
523 2285 541 2325 :
570 2283 784 2323 omnem
828 2275 1041 2324 moveto
1078 2267 1334 2340 lapidem,
1364 2266 1535 2337 ipsum
1563 2276 1621 2321 ut
1649 2266 1767 2321 dia-

187 2361 283 2415 boli
316 2360 507 2440 laqueo
533 2360 759 2423 eximas,
802 2358 1103 2429 liberesque
1132 2374 1161 2412 a
1191 2358 1513 2413 commercio
1554 2372 1761 2423 eorum,

189 2451 267 2523 qui
308 2451 581 2508 Christum
621 2452 741 2508 neci
784 2451 1065 2507 dederunt.
1093 2450 1148 2507 Si
1180 2452 1389 2506 videres
1417 2452 1469 2506 in
1496 2451 1611 2506 foro
1640 2450 1764 2508 duci

187 2544 471 2614 quempiam
498 2543 570 2598 ad
613 2543 950 2614 supplicium,
998 2542 1204 2599 calculo
1238 2541 1386 2613 justo
1431 2542 1763 2617 damnatum,

187 2633 372 2705 tibique
410 2636 641 2691 liberum
684 2642 827 2690 esset
868 2633 937 2689 de
982 2633 1249 2689 carnificis
1299 2633 1549 2689 manibus
1592 2634 1767 2704 ipsum

189 2741 377 2795 rapere,
408 2740 592 2781 annon
623 2724 832 2797 quidvis
861 2723 1087 2790 faceres,
1122 2735 1181 2779 ut
1203 2723 1594 2797 abduceretur?
1616 2724 1770 2781 Nunc

188 2832 293 2872 cum
322 2834 512 2875 cernas
546 2818 759 2872 fratrem
787 2826 932 2872 tuum
959 2833 1067 2872 non
1092 2832 1118 2868 a
1146 2816 1355 2883 lictore,
1381 2817 1475 2873 sed
1502 2832 1529 2871 a
1556 2816 1768 2873 diabolo

192 2911 249 2965 ad
276 2912 590 2981 perditionis
632 2910 941 2966 barathrum
969 2921 1155 2965 contra
1177 2909 1265 2981 jus
1294 2918 1349 2965 et
1375 2909 1453 2965 fas
1480 2909 1654 2975 trahi,
1682 2909 1767 2965 vel

191 3006 464 3076 symbolam
496 3006 740 3077 gravaris
764 3006 915 3068 dare,
943 3020 1046 3076 qua
1096 3005 1269 3075 ipsum
1316 3003 1605 3075 iniquitatis
1647 3004 1767 3058 vin-

192 3099 296 3152 rnlu
331 3100 557 3153 cximas.
592 3097 658 3152 Et
698 3095 965 3167 quomodo
1003 3095 1158 3150 venia
1188 3093 1262 3149 sis
1290 3091 1637 3164 dignus?Sed
1667 3108 1762 3147 va—

192 3191 365 3247 lentior
403 3202 452 3248 te
493 3199 606 3258 est,
641 3197 695 3244 et
720 3189 1009 3260 potentior.
1061 3187 1186 3243 Mihi
1233 3186 1406 3257 ipsum
1448 3186 1761 3242 ostendito:

193 3283 462 3351 periculum
512 3281 708 3352 capitis
747 3280 939 3335 subibo
978 3279 1173 3350 potius,
1203 3294 1362 3349 quam
1390 3288 1446 3333 ut
1474 3278 1645 3348 patiar
1674 3291 1764 3333 sa-

192 3388 383 3428 crurum
428 3373 585 3428 illum
640 3370 841 3442 ingredi
888 3370 1188 3437 vestibula,
1231 3369 1277 3425 si
1322 3370 1667 3440 pertinaciter
1715 3369 1768 3424 in

194 3467 446 3533 proposito
491 3464 773 3521 manserit.
799 3462 937 3532 Quid
978 3461 1121 3518 enim
1154 3461 1251 3516 tibi
1278 3452 1399 3516 cum
1425 3460 1617 3521 libera.
1645 3475 1771 3515 cum

192 3557 372 3613 rzclesti
414 3554 717 3613 Jerusalem
757 3552 1079 3608 commune?
1123 3551 1377 3622 Delegisti
1428 3561 1768 3619 terrestrem;

193 3648 299 3700 eum
327 3662 385 3701 ea
438 3644 646 3703 servito
675 3662 690 3700 :
720 3658 840 3698 nam
868 3649 923 3698 et
960 3643 1071 3711 ipsa
1115 3656 1238 3697 cum
1282 3641 1405 3699 filiis
1447 3641 1557 3701 suis
1601 3642 1770 3698 servit

194 3739 466 3794 secundum
500 3736 749 3808 Apostoli
777 3736 937 3792 verba
965 3734 1163 3806 (Galat.
1191 3735 1244 3790 4.
1265 3734 1382 3807 25).
1401 3734 1619 3806 Jejunas
1645 3751 1768 3791 cum

192 3827 414 3886 inducis?
440 3831 664 3898 Depone
709 3828 885 3883 soleas
931 3842 1144 3898 quoque
1195 3842 1316 3883 cum
1361 3827 1497 3896 istis,
1517 3837 1571 3884 et
1614 3828 1770 3884 nudis

194 3912 240 3972 iu
268 3922 372 3975 foro
398 3923 624 3991 pedibus
649 3921 860 3977 ambula
905 3923 1171 3994 particeps
1216 3921 1454 3979 indecori
1497 3933 1679 3994 gestus
1715 3932 1771 3978 et

194 4011 315 4069 risus
343 4031 552 4071 eorum.
580 4014 694 4070 Hoc
734 4014 876 4070 haud
925 4015 1101 4071 facere
1142 4015 1336 4087 gesties
1366 4034 1379 4071 :
1413 4015 1578 4085 pudet
1601 4016 1766 4085 enim,

196 4113 242 4156 et
267 4105 452 4160 rubore
473 4104 821 4162 sufl‘undcris.
841 4104 958 4160 Jam
988 4104 1223 4176 gestibus
1251 4120 1437 4160 eorum
1461 4105 1538 4159 uti
1563 4105 1726 4174 pudet
1751 4123 1767 4163 :

196 4192 465 4263 impietatis
494 4211 626 4251 vero
651 4195 963 4252 eorumdem
994 4196 1170 4251 socius
1199 4210 1318 4250 esse
1346 4210 1450 4251 non
1472 4195 1769 4251 erubescis.

196 4286 318 4351 Quid
361 4298 541 4343 autem
574 4288 744 4342 venite
768 4286 1098 4357 impetrabis,
1130 4301 1251 4341 cum
1279 4285 1355 4340 sis
1382 4285 1769 4341 scmichristia~

197 4379 318 4431 nus?
353 4378 406 4433 lu
433 4379 625 4450 capitis
663 4378 953 4433 discrimen
1000 4378 1149 4449 prius
1193 4376 1469 4446 adducar,
1516 4377 1720 4434 credite
1750 4420 1766 4446 ,

196 4482 343 4537 quam
380 4472 548 4526 ullum
593 4471 887 4525 istiusmodi
917 4470 1105 4526 morbo
1133 4484 1447 4541 oppressum
1477 4470 1765 4541 negligam,

198 4558 239 4613 si
265 4561 476 4629 videro;
500 4563 583 4618 sin
610 4577 698 4617 me
726 4562 931 4630 latcbit,
966 4562 1107 4620 Deus
1132 4562 1350 4616 omnino
1366 4562 1625 4634 ignoscet.
1646 4562 1770 4618 Haec

198 4664 365 4706 secum
392 4655 618 4724 quisque
658 4653 818 4709 etiam
863 4661 1098 4709 vestrum
1144 4657 1374 4724 reputet,
1401 4637 1653 4708 nee-rem
1699 4654 1770 4708 ita

199 4738 358 4797 levem
383 4745 637 4816 quasique
653 4744 826 4820 obiter
845 4744 1133 4801 curandam
1155 4745 1443 4801 existimet.
1463 4743 1579 4801 Non
1600 4754 1774 4802 atten-

200 4830 342 4887 distis
369 4835 492 4904 quid
511 4837 564 4890 in
590 4849 739 4890 sacra
768 4836 965 4907 Synaxi
991 4836 1257 4892 Diaconos
1287 4834 1516 4892 subinde
1540 4836 1772 4903 clamet?

200 4923 296 4977 Alii
317 4928 442 4983 alios
469 4929 654 4983 noscite
682 4944 701 4983 :
727 4927 996 4999 quomodo
1023 4929 1078 4984 in
1105 4927 1295 4984 fratres
1327 4928 1566 4985 studiose
1594 4929 1772 5000 inqui-

200 5015 339 5070 rendi
369 5017 668 5075 facultatem
693 5019 840 5075 vobis
862 5018 1132 5090 prmbeat?
1162 5020 1306 5076 Idem
1323 5020 1376 5075 in
1396 5020 1500 5077 illis
1524 5021 1771 5078 observa.

199 5103 249 5159 Si
275 5122 430 5176 quem
454 5112 700 5182 cognoris
716 5109 1077 5182 judaizantem
1097 5154 1111 5178 ,
1137 5111 1427 5181 prehende,
1453 5120 1635 5170 notum
1666 5111 1769 5178 fac,

200 5208 263 5248 ne
274 5194 409 5252 idem
425 5198 538 5269 ipse
551 5216 761 5272 quoque
778 5202 1067 5272 periculum
1084 5197 1297 5257 subeas.
1308 5201 1439 5256 Nam
1452 5213 1503 5259 et
1521 5203 1573 5258 in
1586 5203 1775 5259 castris

203 5296 513 5357 exterarum,
541 5293 585 5347 si
613 5292 732 5362 quis
779 5295 934 5350 miles
965 5291 1398 5363 deprehendatur
1424 5295 1771 5351 barbarorum

205 5375 575 5454 Persarumque
605 5384 797 5453 fautor,
830 5401 937 5440 non
964 5387 1077 5456 ipse
1102 5384 1276 5442 solum
1302 5385 1476 5456 capite
1503 5387 1771 5456 periclitao

206 5478 303 5533 tur,
326 5473 420 5527 sed
464 5477 682 5545 quilibet
720 5476 837 5549 ejus
860 5477 937 5534 rei
985 5480 1252 5544 conscius,
1276 5491 1377 5532 nec
1401 5476 1523 5532 duci
1569 5477 1775 5533 exerci-

206 5574 284 5621 tus
311 5568 454 5626 illum
482 5575 728 5642 prodens.
762 5576 892 5632 Cum
921 5575 1081 5648 igitur
1104 5585 1160 5631 et
1187 5590 1281 5632 vos
1303 5575 1419 5632 sitis
1452 5574 1650 5634 Christi
1666 5589 1773 5634 'cx—

206 5658 423 5726 ercitus,
467 5665 675 5722 curiose
717 5680 780 5723 ac
823 5665 1108 5738 diligenter
1149 5666 1432 5738 inquirite,
1481 5683 1607 5722 num
1655 5668 1774 5737 quis

208 5748 484 5822 alienigena
515 5759 661 5814 vobis
680 5760 746 5817 sit
765 5759 1054 5827 admixtus,
1080 5761 1304 5833 ejusque
1333 5777 1529 5817 nomen
1550 5761 1771 5829 deferte,

211 5852 310 5896 non
332 5854 387 5898 ut
410 5849 729 5916 occidamus,
754 5851 899 5910 velut
936 5852 1049 5921 illi;
1077 5866 1247 5923 neque
1278 5861 1334 5909 ut
1363 5867 1520 5924 pana
1567 5854 1771 5923 suppli-

1379 404 1735 461 ADVERSUS
1772 403 2072 463 JUDIEOS.
2115 407 2156 463 1.

3343 419 3452 475 850

1863 518 2016 575 ciuve
2041 519 2337 576 afficiamus
2361 540 2375 578 :
2398 521 2493 578 sed
2525 533 2780 582 utcrrore
2811 533 2968 597 atque
2989 524 3259 595 impietate
3279 527 3454 597 ipsum

1863 607 2171 674 liberemus,
2221 612 2537 683 penitusque
2583 625 2826 669 nostrum
2874 615 3180 672 reddamus.
3220 616 3373 686 Quod
3404 620 3455 675 si

1863 701 2065 767 nolitis,
2106 702 2443 773 scientesque
2489 704 2694 771 celetis,
2746 709 2962 764 easdem
2990 726 3118 776 vos,
3163 726 3296 781 quas
3343 712 3452 779 illi,

1865 807 2051 862 pinnas
2076 793 2294 851 daturos
2310 810 2449 859 esse,
2475 798 2641 866 probe
2666 799 2834 853 nostis
2860 842 2875 858 .
2903 801 3102 861 Paulus
3122 804 3453 878 (Rom.‘l.52)

1864 887 2062 941 etenim
2093 902 2198 942 non
2226 903 2321 943 eos
2364 890 2557 956 solum,
2587 892 2676 961 qui
2721 891 2861 945 mala
2908 901 3237 963 perpetrant,
3264 910 3453 951 verum

1865 987 1921 1033 et
1960 978 2343 1049 approbatores
2398 997 2571 1052 pusum
2610 995 2666 1038 et
2700 984 2962 1054 supplicio
2999 985 3233 1056 subjicit.
3280 987 3456 1058 Atque

1865 1073 2024 1126 etiam
2055 1072 2311 1142 propheta
2331 1072 2658 1144 (Psalm.49.
2680 1077 2772 1147 18)
2804 1091 2908 1131 ιιοη
2941 1076 3085 1133 fures
3113 1080 3457 1148 tantum,scd

1864 1173 1920 1220 et
1962 1180 2083 1220 cum
2128 1166 2230 1220 illis
2272 1176 2548 1222 currentes
2592 1168 2767 1224 eidem
2816 1184 2989 1241 paena:
3031 1171 3247 1239 addicit,
3296 1173 3458 1244 idque

1866 1260 2078 1314 merito.
2109 1260 2240 1315 Nam
2262 1263 2352 1331 qui
2377 1263 2590 1333 culpam
2635 1263 2855 1319 alterius
2893 1267 3138 1321 conscius
3178 1267 3373 1324 occulit
3400 1278 3456 1325 et

1866 1352 2015 1421 tegit,
2043 1352 2298 1422 majorem
2341 1353 2415 1407 illi
2459 1354 2550 1409 dat
2589 1356 2850 1410 socordiae
2879 1371 3085 1425 ansam,
3113 1367 3272 1430 atque
3295 1374 3461 1417 secu-

1868 1444 2069 1499 riorem
2099 1445 2151 1499 in
2178 1445 2577 1500 committendis
2603 1446 2812 1502 delictis
2841 1448 3038 1503 reddit.

1938 1534 1993 1589 5.
2025 1534 2218 1588 Verum
2249 1534 2315 1589 ad
2343 1546 2578 1605 aegrotos
2618 1552 2806 1591 rursus
2835 1537 3186 1593 redeundum.
3217 1538 3459 1611 Cogitate

1867 1624 2045 1695 igitur,
2074 1625 2386 1695 quibuscum
2413 1625 2449 1680 ii
2479 1627 2861 1681 commercium
2906 1626 3158 1693 habeant,
3190 1631 3280 1700 qui
3320 1645 3460 1686 nunc

1866 1719 2115 1790 jejunant
2141 1738 2153 1773 :
2179 1735 2301 1772 cum
2326 1720 2395 1774 iis
2417 1723 2507 1788 qui
2529 1721 2858 1786 clamarunt,
2884 1720 3170 1793 Cruci/ige,
3195 1723 3449 1792 cruci/iga

1871 1810 2024 1882 (Luc.
2045 1811 2253 1876 25,21‘;
2271 1811 2361 1880 qui
2378 1812 2654 1876 dixerunt,
2677 1812 2907 1884 Sanguis
2931 1813 3045 1883 ejus
3077 1829 3233 1881 super
3260 1821 3447 1877 nos,et

1867 1901 2641 1973 superﬁliosnostros(Matth.
2684 1902 2775 1958 27.
2805 1904 2894 1961 25.
2943 1904 3449 1977 ‘25.)Siquityran~

1866 1993 2012 2049 nidis
2037 1993 2303 2048 affectata:
2319 1994 2648 2049 reidamnati
2686 2003 2894 2059 essent,
2917 1994 3163 2066 nunquid
3186 1995 3449 2051 accedere

1866 2095 1922 2142 et
1956 2101 2263 2141 sermonem
2288 2101 2410 2140 cum
2432 2085 2540 2142 illis
2554 2084 2813 2141 conferre
2831 2085 3106 2143 auderes?
3137 2086 3255 2140 Non
3287 2086 3447 2157 equi-

1864 2173 1987 2231 dem
2008 2183 2160 2247 puto.
2192 2176 2390 2231 Annon
2417 2176 2586 2246 igitur
2606 2177 2934 2243 absurdum,
2965 2194 3061 2233 eos
3083 2177 3178 2247 qui
3205 2179 3257 2231 in
3277 2175 3451 2232 homi-

1863 2281 1987 2323 nem
2025 2267 2327 2338 peccarint,
2360 2275 2472 2321 tam
2505 2267 2755 2325 studiose
2784 2268 3011 2340 fugere;
3038 2286 3163 2325 cum
3189 2269 3257 2324 iis
3290 2282 3445 2335 vero,

1862 2357 1954 2429 qui
1973 2358 2359 2415 contumeliosi
2379 2359 2434 2414 in
2458 2360 2640 2431 ipsum
2661 2359 2830 2417 Deum
2857 2359 3102 2420 fuerunt.
3123 2360 3448 2416 societatem

1871 2446 2006 2502 inire
2036 2462 2052 2502 :
2079 2455 2133 2502 et
2174 2445 2485 2501 crucifixum
2533 2445 2819 2500 adorantes
2843 2484 2860 2512 ,
2911 2460 3031 2500 cum
3078 2446 3143 2499 iis
3184 2446 3277 2516 qui
3320 2446 3466 2502 cruci

1870 2537 2019 2592 illum
2046 2536 2266 2594 affixere
2293 2536 2510 2593 feriari?
2535 2536 2689 2605 Quod
2713 2552 2818 2591 non
2845 2535 3131 2593 dementia;
3157 2537 3349 2604 solum,
3371 2537 3468 2593 sed

1871 2636 2125 2683 extremae
2150 2627 2309 2682 etiam
2337 2633 2420 2683 est
2441 2626 2680 2681 insaniae.
2709 2624 2971 2693 Quoniam
3018 2641 3150 2681 vero
3194 2627 3475 2683 nonnullis

1871 2721 2149 2794 Synagoga
2170 2736 2382 2792 quoque
2401 2720 2718 2776 venerabilis
2743 2720 2892 2777 locus
2909 2720 3138 2789 videtur,
3160 2722 3469 2778 necessario

1872 2828 2040 2884 pauca
2062 2813 2222 2868 etiam
2241 2820 2427 2867 contra
2444 2812 2561 2868 illos
2578 2811 2823 2868 dicenda.
2844 2811 2950 2867 Cur
2964 2813 3106 2867 enim
3124 2812 3300 2869 locum
3319 2812 3471 2868 illum

1874 2903 2229 2971 veneraniini,
2245 2904 2333 2974 qui
2352 2904 2795 2970 contemnendus,
2824 2902 3234 2969 abominandus,
3255 2912 3310 2959 et
3325 2902 3478 2963 unde

1871 2995 2218 3050 resiliendum
2264 2996 2450 3051 esset?
2487 2996 2620 3063 Lex,
2666 2996 2863 3065 inquis,
2909 2998 3145 3067 reposita
3186 2997 3259 3053 ibi
3284 3004 3393 3066 est,
3414 3005 3475 3053 et

1872 3085 1991 3139 libri
2022 3084 2338 3156 prephetici.
2388 3084 2526 3154 Quid
2571 3085 2722 3143 tum?
2764 3085 2984 3142 Librine
3024 3087 3346 3155 istiusmodi,
3376 3084 3477 3141 ubi

1871 3187 2014 3243 sunt,
2042 3178 2162 3233 loco
2202 3179 2539 3234 sanctitatem
2584 3177 2900 3235 conferunt?
2942 3179 3311 3252 Nequaquam.
3357 3181 3468 3252 Ego

1870 3285 2001 3325 vero
2025 3269 2095 3325 ob
2122 3269 2225 3326 hoc
2252 3271 2424 3342 ipsum
2458 3270 2625 3341 magis
2650 3271 2739 3326 odi
2760 3270 3094 3342 Synagogam
3119 3286 3468 3344 aversorque,

1872 3362 2013 3433 quod
2042 3361 2328 3432 prophetas
2355 3361 2587 3431 habent,
2616 3378 2719 3420 nec
2763 3363 2829 3419 iis
2865 3363 3092 3420 credunt
3121 3382 3134 3418 :
3162 3365 3349 3421 literas
3386 3379 3477 3421 sa-

1872 3467 1990 3508 cras
2012 3454 2213 3524 legunt,
2233 3468 2332 3509 nec
2347 3453 2654 3509 testimonia
2681 3463 2961 3525 acceptant
2988 3473 3001 3509 :
3024 3454 3167 3526 quod
3190 3455 3479 3513 hominum

1872 3555 1955 3602 est
2002 3561 2161 3618 supra
2212 3545 2429 3602 modum
2477 3547 2877 3617 injuriosorum.
2919 3547 3053 3603 Nam
3078 3548 3201 3616 ,dic
3235 3547 3390 3615 mihi,
3424 3549 3472 3604 si

1873 3640 2237 3696 venerabilem
2270 3639 2577 3711 quemdam,
2606 3639 2891 3712 insignem,
2920 3649 3081 3711 atque
3106 3640 3369 3696 illustrem
3391 3641 3473 3697 vi-

1872 3749 1992 3789 rum
2016 3734 2068 3789 in
2095 3748 2390 3803 cauponam
2435 3732 2579 3801 duci,
2622 3744 2714 3790 aut
2750 3732 2803 3789 in
2830 3734 3138 3805 speluncam
3178 3734 3470 3803 latronum,

1873 3836 2058 3898 postea
2097 3827 2455 3892 contumeliis,
2495 3827 2837 3896 verberibus,
2871 3837 3031 3899 atque
3081 3828 3291 3899 injuriis
3330 3829 3473 3888 affici

1873 3920 2128 3976 extremis
2176 3935 2429 3976 cerneres
2466 3939 2479 3976 :
2523 3920 2909 3977 admirandane
2958 3921 3050 3976 tibi
3097 3936 3337 3992 caupona
3378 3931 3472 3978 aut

1873 4014 2125 4083 spelunca
2160 4013 2450 4075 videretur,
2494 4026 2560 4068 eo
2598 4011 2740 4081 quod
2786 4013 3072 4083 prmclarus
3100 4012 3191 4068 ille
3217 4029 3473 4084 magnus-

1873 4121 1979 4175 que
2023 4106 2168 4160 intus
2214 4104 2442 4170 steterit,
2475 4112 2531 4160 et
2559 4105 2950 4161 contumeliose
2987 4113 3246 4161 tractatus
3280 4105 3483 4161 fuerit?

1872 4195 1988 4251 Non
2024 4195 2258 4252 arbitror
2282 4195 2567 4265 equidem;
2599 4195 2692 4250 sed
2723 4194 2823 4250 hac
2869 4195 2980 4265 ipsa
3011 4194 3078 4250 de
3119 4210 3277 4251 causa
3324 4196 3472 4252 illam

1872 4288 2206 4358 potissimum
2228 4285 2436 4341 odisses
2452 4295 2834 4356 aversatusque
2850 4299 3019 4341 esses.
3040 4286 3180 4341 Idem
3212 4285 3478 4356 judicium

1873 4378 1939 4434 de
1963 4377 2239 4450 Synagoga
2270 4385 2408 4434 esto.
2434 4376 2569 4433 Nam
2603 4376 2889 4448 prephetas
2927 4386 2982 4431 et
3023 4376 3240 4449 Moysen
3286 4393 3477 4434 secum“

1874 4468 1998 4524 illuc
2019 4471 2392 4539 importarent,
2424 4481 2533 4522 non
2561 4476 2618 4522 ut
2640 4467 2988 4532 honorarent,
3012 4467 3105 4523 sed
3133 4478 3191 4522 ut
3215 4467 3481 4539 injuriose'

1871 4576 2102 4633 cumque
2121 4560 2408 4631 ignominia
2431 4567 2740 4615 tractarent.
2760 4558 2896 4615 Cum
2917 4559 3059 4614 enim
3082 4574 3178 4615 eos
3197 4559 3477 4616 Christum

1876 4652 2113 4718 novisse,
2137 4661 2192 4707 et
2211 4650 2280 4707 de
2301 4650 2419 4722 ejus
2442 4650 2675 4706 adventu
2701 4649 2992 4722 quidquam
3023 4648 3224 4707 dixisse
3252 4659 3469 4722 negent,

1875 4762 1978 4817 qua
2009 4745 2213 4817 majore
2236 4744 2429 4816 injuria
2455 4752 2655 4815 queant
2681 4752 2896 4799 sanctos
2914 4743 3034 4798 illos
3054 4742 3291 4810 afficere,
3311 4759 3474 4814 quam

1877 4838 2212 4903 accusando,
2261 4852 2418 4893 suum
2458 4837 2604 4906 ipsos
2645 4835 2927 4890 Dominum
2971 4835 3264 4902 ignorasse,
3294 4844 3349 4892 et
3369 4835 3472 4890 im-

1878 4925 2091 4997 pietatis
2132 4922 2308 4980 socios
2335 4919 2673 4977 asserenda?
2701 4920 2887 4987 Quare
2909 4919 3030 4975 ideo
3055 4919 3224 4989 magis
3247 4928 3302 4974 et
3326 4919 3477 4990 ipsos

1876 5026 1933 5074 et
1956 5017 2289 5089 Syuagogam
2330 5006 2627 5082 oderimus,
2659 5014 2802 5084 quod
2831 5014 2885 5069 in
2913 5021 3128 5069 sanctos
3169 5000 3292 5068 illos
3334 5013 3475 5068 adeo

1876 5109 2296 5166 debacchentur.
2316 5107 2386 5162 At
2405 5105 2533 5177 quid
2547 5106 2615 5161 de
2630 5104 2778 5160 libris
2798 5119 2863 5160 ac
2878 5104 3010 5160 locis
3025 5104 3148 5159 dico
3162 5103 3187 5157 ?
3202 5103 3331 5160 Tem
3339 5118 3473 5174 pore

1877 5201 2350 5274 persequutionum
2378 5197 2658 5255 carniﬁces
2682 5212 2907 5268 corpora
2936 5206 3231 5267 martyrum
3251 5205 3469 5264 tenent,

1879 5293 2132 5359 lacerant,
2161 5290 2384 5362 flagellis
2412 5288 2623 5345 caedunt
2655 5306 2669 5342 :
2696 5303 2822 5343 num
2864 5287 3023 5359 igitur
3051 5301 3240 5342 manus
3279 5301 3469 5344 eorum

1878 5393 2075 5441 sancta:
2099 5426 2115 5452 ,
2165 5382 2310 5454 quod
2345 5390 2642 5453 martyrum
2681 5394 2907 5452 corpora
2966 5380 3287 5437 tenuerint?
3325 5378 3475 5436 Nihil

1878 5480 2072 5534 minus.
2102 5474 2218 5534 Iam
2267 5489 2479 5543 manus,
2508 5490 2627 5544 quae
2668 5483 2972 5530 sanctorum
3012 5488 3237 5544 corpora
3280 5483 3471 5531 tenue.

1878 5584 2021 5639 runt,
2040 5574 2110 5629 im
2118 5572 2216 5643 pia:
2237 5577 2475 5637 manent,
2490 5566 2611 5625 ideo
2632 5568 2811 5640 utique
2826 5567 2965 5639 quod
2985 5567 3147 5639 impie
3160 5576 3468 5634 tenuerunt;

1879 5678 1932 5724 et
1958 5669 2015 5732 ii,
2040 5668 2131 5737 qui
2156 5666 2350 5737 scripta
2385 5671 2692 5721 sanctorum
2722 5671 2951 5718 tractant
2968 5676 3089 5718 cum
3110 5661 3301 5730 injuria
3320 5703 3337 5727 ,
3360 5676 3473 5719 non

1878 5760 2056 5814 minus
2079 5773 2237 5828 quam
2262 5754 2541 5812 carnifices
2570 5763 2864 5826 martyrum
2892 5768 3113 5826 corpora
3133 5793 3150 5818 ,
3176 5752 3474 5806 venerandi

1882 5858 2159 5923 propterea
2189 5846 2383 5907 erunt?
2410 5846 2603 5905 Annon
2632 5832 3009 5905 extremzeho'c
3025 5842 3186 5900 fuerit
3208 5838 3475 5901 insaniae?
