  <div class='ocr_page' id='page_1' title='image "/cluster/home/n/w/nwhite01/storage/ocr_20150623/48:no.1:pt.2/coo.31924054869478/329.png"; bbox 0 0 3920 6386; ppageno 0'>
   <div class='ocr_carea' id='block_1_1' title="bbox 456 340 553 393">
    <p class='ocr_par' dir='ltr' id='par_1_1' title="bbox 456 340 553 393">
     <span class='ocr_line' id='line_1_1' title="bbox 456 340 553 393; baseline -0.01 0"><span class='ocrx_word' id='word_1_1' title='bbox 456 340 553 393; x_wconf 59' lang='grc' dir='ltr'>ςῖιι</span> 
     </span>
    </p>
   </div>
   <div class='ocr_carea' id='block_1_2' title="bbox 455 465 2039 533">
    <p class='ocr_par' dir='ltr' id='par_1_2' title="bbox 455 465 2039 533">
     <span class='ocr_line' id='line_1_2' title="bbox 455 465 2039 533; baseline -0.006 -10"><span class='ocrx_word' id='word_1_2' title='bbox 455 468 508 524; x_wconf 92' lang='lat' dir='ltr'><strong>Si</strong></span> <span class='ocrx_word' id='word_1_3' title='bbox 542 469 682 522; x_wconf 88' lang='lat' dir='ltr'><strong>enim</strong></span> <span class='ocrx_word' id='word_1_4' title='bbox 713 479 913 524; x_wconf 89' lang='lat' dir='ltr'><strong>tantum</strong></span> <span class='ocrx_word' id='word_1_5' title='bbox 963 467 1130 532; x_wconf 73' lang='lat' dir='ltr'><strong>abest,</strong></span> <span class='ocrx_word' id='word_1_6' title='bbox 1161 467 1193 520; x_wconf 94' lang='lat' dir='ltr'><strong>ii</strong></span> <span class='ocrx_word' id='word_1_7' title='bbox 1221 469 1386 520; x_wconf 83' lang='lat' dir='ltr'><strong>sancti</strong></span> <span class='ocrx_word' id='word_1_8' title='bbox 1415 477 1470 520; x_wconf 83' lang='grc' dir='ltr'><strong>ιιι</strong></span> <span class='ocrx_word' id='word_1_9' title='bbox 1499 467 1643 530; x_wconf 78' lang='lat' dir='ltr'><strong>finiit,</strong></span> <span class='ocrx_word' id='word_1_10' title='bbox 1688 465 1775 533; x_wconf 92' lang='lat' dir='ltr'><strong>qui</strong></span> <span class='ocrx_word' id='word_1_11' title='bbox 1819 477 2039 532; x_wconf 90' lang='lat' dir='ltr'><strong>corpora</strong></span> 
     </span>
    </p>
   </div>
   <div class='ocr_carea' id='block_1_3' title="bbox 457 555 2045 626">
    <p class='ocr_par' dir='ltr' id='par_1_3' title="bbox 457 555 2045 626">
     <span class='ocr_line' id='line_1_3' title="bbox 457 555 2045 626; baseline -0.003 -15"><span class='ocrx_word' id='word_1_12' title='bbox 457 559 619 626; x_wconf 85' lang='lat' dir='ltr'><strong>impie</strong></span> <span class='ocrx_word' id='word_1_13' title='bbox 666 569 968 622; x_wconf 84' lang='lat' dir='ltr'><strong>tenuerunt,</strong></span> <span class='ocrx_word' id='word_1_14' title='bbox 999 568 1055 611; x_wconf 93' lang='lat' dir='ltr'><strong>ut</strong></span> <span class='ocrx_word' id='word_1_15' title='bbox 1094 557 1260 626; x_wconf 77' lang='lat' dir='ltr'><strong>magis</strong></span> <span class='ocrx_word' id='word_1_16' title='bbox 1297 559 1454 610; x_wconf 87' lang='lat' dir='ltr'><strong>etiam</strong></span> <span class='ocrx_word' id='word_1_17' title='bbox 1502 557 1844 624; x_wconf 83' lang='lat' dir='ltr'><strong>polluantur:</strong></span> <span class='ocrx_word' id='word_1_18' title='bbox 1879 555 2045 607; x_wconf 91' lang='lat' dir='ltr'><strong>multo</strong></span> 
     </span>
    </p>
   </div>
   <div class='ocr_carea' id='block_1_4' title="bbox 456 646 2048 748">
    <p class='ocr_par' dir='ltr' id='par_1_4' title="bbox 456 646 2048 748">
     <span class='ocr_line' id='line_1_4' title="bbox 456 646 2048 748; baseline -0.002 -46"><span class='ocrx_word' id='word_1_19' title='bbox 456 650 633 703; x_wconf 90' lang='lat' dir='ltr'><strong>minus</strong></span> <span class='ocrx_word' id='word_1_20' title='bbox 658 651 848 718; x_wconf 88' lang='lat' dir='ltr'><strong>scripta</strong></span> <span class='ocrx_word' id='word_1_21' title='bbox 877 651 990 703; x_wconf 89' lang='lat' dir='ltr'><strong>sine</strong></span> <span class='ocrx_word' id='word_1_22' title='bbox 1018 652 1118 704; x_wconf 87' lang='lat' dir='ltr'><strong>lidc</strong></span> <span class='ocrx_word' id='word_1_23' title='bbox 1149 650 1280 702; x_wconf 87' lang='lat' dir='ltr'><strong>lecta</strong></span> <span class='ocrx_word' id='word_1_24' title='bbox 1305 649 1590 702; x_wconf 87' lang='lat' dir='ltr'><strong>lectoribus</strong></span> <span class='ocrx_word' id='word_1_25' title='bbox 1616 646 2048 748; x_wconf 51' lang='lat' dir='ltr'><strong>ltlnqttatll-pl&#39;Qti-</strong></span> 
     </span>
    </p>
   </div>
   <div class='ocr_carea' id='block_1_5' title="bbox 454 739 2046 812">
    <p class='ocr_par' dir='ltr' id='par_1_5' title="bbox 454 739 2046 812">
     <span class='ocr_line' id='line_1_5' title="bbox 454 739 2046 812; baseline -0.004 -16"><span class='ocrx_word' id='word_1_26' title='bbox 454 757 574 797; x_wconf 86' lang='lat' dir='ltr'><strong>esse</strong></span> <span class='ocrx_word' id='word_1_27' title='bbox 601 752 869 812; x_wconf 82' lang='lat' dir='ltr'><strong>poterunt.</strong></span> <span class='ocrx_word' id='word_1_28' title='bbox 904 743 1012 795; x_wconf 92' lang='lat' dir='ltr'><strong>lloc</strong></span> <span class='ocrx_word' id='word_1_29' title='bbox 1063 743 1232 810; x_wconf 90' lang='lat' dir='ltr'><strong>ipsum</strong></span> <span class='ocrx_word' id='word_1_30' title='bbox 1273 741 1429 810; x_wconf 79' lang='lat' dir='ltr'><strong>igitur</strong></span> <span class='ocrx_word' id='word_1_31' title='bbox 1457 740 1674 808; x_wconf 83' lang='lat' dir='ltr'><strong>majoris</strong></span> <span class='ocrx_word' id='word_1_32' title='bbox 1713 739 1830 792; x_wconf 90' lang='lat' dir='ltr'><strong>illos</strong></span> <span class='ocrx_word' id='word_1_33' title='bbox 1859 739 2046 806; x_wconf 85' lang='lat' dir='ltr'><strong>impie-</strong></span> 
     </span>
    </p>
   </div>
   <div class='ocr_carea' id='block_1_6' title="bbox 460 829 2034 931">
    <p class='ocr_par' dir='ltr' id='par_1_6' title="bbox 460 829 2034 931">
     <span class='ocr_line' id='line_1_6' title="bbox 460 829 2034 931; baseline -0.004 -45"><span class='ocrx_word' id='word_1_34' title='bbox 460 835 584 886; x_wconf 84' lang='lat' dir='ltr'><strong>tatis</strong></span> <span class='ocrx_word' id='word_1_35' title='bbox 623 833 920 890; x_wconf 84' lang='lat' dir='ltr'><strong>Convincit.</strong></span> <span class='ocrx_word' id='word_1_36' title='bbox 968 833 1129 886; x_wconf 88' lang='lat' dir='ltr'><strong>libros</strong></span> <span class='ocrx_word' id='word_1_37' title='bbox 1157 847 1220 886; x_wconf 91' lang='lat' dir='ltr'><strong>eo</strong></span> <span class='ocrx_word' id='word_1_38' title='bbox 1248 831 1470 885; x_wconf 76' lang='lat' dir='ltr'><strong>censi-lio</strong></span> <span class='ocrx_word' id='word_1_39' title='bbox 1515 831 1807 898; x_wconf 84' lang='lat' dir='ltr'><strong>possidere.</strong></span> <span class='ocrx_word' id='word_1_40' title='bbox 1854 829 2034 931; x_wconf 74' lang='lat' dir='ltr'><strong>Neque</strong></span> 
     </span>
    </p>
   </div>
   <div class='ocr_carea' id='block_1_7' title="bbox 455 920 2044 990">
    <p class='ocr_par' dir='ltr' id='par_1_7' title="bbox 455 920 2044 990">
     <span class='ocr_line' id='line_1_7' title="bbox 455 920 2044 990; baseline -0.003 -13"><span class='ocrx_word' id='word_1_41' title='bbox 455 924 598 977; x_wconf 84' lang='lat' dir='ltr'><strong>enim</strong></span> <span class='ocrx_word' id='word_1_42' title='bbox 630 932 831 977; x_wconf 84' lang='lat' dir='ltr'><strong>tantum</strong></span> <span class='ocrx_word' id='word_1_43' title='bbox 859 932 1185 974; x_wconf 81' lang='lat' dir='ltr'><strong>mererentur</strong></span> <span class='ocrx_word' id='word_1_44' title='bbox 1201 922 1422 982; x_wconf 89' lang='lat' dir='ltr'><strong>crimen,</strong></span> <span class='ocrx_word' id='word_1_45' title='bbox 1442 921 1484 973; x_wconf 92' lang='lat' dir='ltr'><strong>si</strong></span> <span class='ocrx_word' id='word_1_46' title='bbox 1518 920 1889 990; x_wconf 88' lang='lat' dir='ltr'><strong>pr0phetarum</strong></span> <span class='ocrx_word' id='word_1_47' title='bbox 1908 920 2044 972; x_wconf 88' lang='lat' dir='ltr'><strong>scri-</strong></span> 
     </span>
    </p>
   </div>
   <div class='ocr_carea' id='block_1_8' title="bbox 459 1008 2040 1082">
    <p class='ocr_par' dir='ltr' id='par_1_8' title="bbox 459 1008 2040 1082">
     <span class='ocr_line' id='line_1_8' title="bbox 459 1008 2040 1082; baseline -0.002 -18"><span class='ocrx_word' id='word_1_48' title='bbox 459 1013 563 1082; x_wconf 95' lang='lat' dir='ltr'><strong>ptis</strong></span> <span class='ocrx_word' id='word_1_49' title='bbox 601 1014 928 1075; x_wconf 82' lang='lat' dir='ltr'><strong>caruissent;</strong></span> <span class='ocrx_word' id='word_1_50' title='bbox 975 1026 1078 1065; x_wconf 93' lang='lat' dir='ltr'><strong>non</strong></span> <span class='ocrx_word' id='word_1_51' title='bbox 1124 1021 1228 1064; x_wconf 89' lang='lat' dir='ltr'><strong>tam</strong></span> <span class='ocrx_word' id='word_1_52' title='bbox 1276 1011 1466 1078; x_wconf 90' lang='lat' dir='ltr'><strong>impuri</strong></span> <span class='ocrx_word' id='word_1_53' title='bbox 1504 1019 1558 1065; x_wconf 91' lang='lat' dir='ltr'><strong>et</strong></span> <span class='ocrx_word' id='word_1_54' title='bbox 1593 1008 1795 1079; x_wconf 80' lang='lat' dir='ltr'><strong>profani</strong></span> <span class='ocrx_word' id='word_1_55' title='bbox 1841 1017 2040 1075; x_wconf 88' lang='lat' dir='ltr'><strong>essent,</strong></span> 
     </span>
    </p>
   </div>
   <div class='ocr_carea' id='block_1_9' title="bbox 457 1100 2044 1171">
    <p class='ocr_par' dir='ltr' id='par_1_9' title="bbox 457 1100 2044 1171">
     <span class='ocr_line' id='line_1_9' title="bbox 457 1100 2044 1171; baseline -0.003 -14"><span class='ocrx_word' id='word_1_56' title='bbox 457 1104 555 1157; x_wconf 90' lang='lat' dir='ltr'><strong>nisi</strong></span> <span class='ocrx_word' id='word_1_57' title='bbox 586 1103 747 1156; x_wconf 86' lang='lat' dir='ltr'><strong>libros</strong></span> <span class='ocrx_word' id='word_1_58' title='bbox 792 1103 1063 1171; x_wconf 91' lang='lat' dir='ltr'><strong>legissent.</strong></span> <span class='ocrx_word' id='word_1_59' title='bbox 1109 1101 1261 1156; x_wconf 86' lang='lat' dir='ltr'><strong>Nunc</strong></span> <span class='ocrx_word' id='word_1_60' title='bbox 1301 1101 1441 1155; x_wconf 84' lang='lat' dir='ltr'><strong>nulla</strong></span> <span class='ocrx_word' id='word_1_61' title='bbox 1472 1100 1598 1170; x_wconf 87' lang='lat' dir='ltr'><strong>ipsis</strong></span> <span class='ocrx_word' id='word_1_62' title='bbox 1624 1101 1823 1168; x_wconf 89' lang='lat' dir='ltr'><strong>reliqua</strong></span> <span class='ocrx_word' id='word_1_63' title='bbox 1846 1108 1927 1154; x_wconf 87' lang='lat' dir='ltr'><strong>est</strong></span> <span class='ocrx_word' id='word_1_64' title='bbox 1953 1113 2044 1152; x_wconf 90' lang='lat' dir='ltr'><strong>ve-</strong></span> 
     </span>
    </p>
   </div>
   <div class='ocr_carea' id='block_1_10' title="bbox 453 1188 2040 1259">
    <p class='ocr_par' dir='ltr' id='par_1_10' title="bbox 453 1188 2040 1259">
     <span class='ocr_line' id='line_1_10' title="bbox 453 1188 2040 1259; baseline -0.001 -15"><span class='ocrx_word' id='word_1_65' title='bbox 453 1193 562 1257; x_wconf 77' lang='lat' dir='ltr'><strong>nia,</strong></span> <span class='ocrx_word' id='word_1_66' title='bbox 587 1206 858 1259; x_wconf 73' lang='lat' dir='ltr'><strong>praecones</strong></span> <span class='ocrx_word' id='word_1_67' title='bbox 879 1191 1116 1245; x_wconf 81' lang='lat' dir='ltr'><strong>veritatis</strong></span> <span class='ocrx_word' id='word_1_68' title='bbox 1132 1207 1252 1245; x_wconf 89' lang='lat' dir='ltr'><strong>cum</strong></span> <span class='ocrx_word' id='word_1_69' title='bbox 1282 1191 1532 1257; x_wconf 82' lang='lat' dir='ltr'><strong>habeant,</strong></span> <span class='ocrx_word' id='word_1_70' title='bbox 1556 1200 1609 1243; x_wconf 89' lang='lat' dir='ltr'><strong>et</strong></span> <span class='ocrx_word' id='word_1_71' title='bbox 1635 1199 1738 1243; x_wconf 87' lang='lat' dir='ltr'><strong>tam</strong></span> <span class='ocrx_word' id='word_1_72' title='bbox 1762 1188 1864 1243; x_wconf 73' lang='lat' dir='ltr'><strong>illis</strong></span> <span class='ocrx_word' id='word_1_73' title='bbox 1885 1203 2040 1258; x_wconf 87' lang='lat' dir='ltr'><strong>quam</strong></span> 
     </span>
    </p>
   </div>
   <div class='ocr_carea' id='block_1_11' title="bbox 455 1282 2044 1350">
    <p class='ocr_par' dir='ltr' id='par_1_11' title="bbox 455 1282 2044 1350">
     <span class='ocr_line' id='line_1_11' title="bbox 455 1282 2044 1350; baseline 0.001 -17"><span class='ocrx_word' id='word_1_74' title='bbox 455 1283 662 1336; x_wconf 76' lang='lat' dir='ltr'><strong>veritati</strong></span> <span class='ocrx_word' id='word_1_75' title='bbox 690 1283 866 1336; x_wconf 89' lang='lat' dir='ltr'><strong>hostili</strong></span> <span class='ocrx_word' id='word_1_76' title='bbox 893 1283 1070 1336; x_wconf 89' lang='lat' dir='ltr'><strong>animo</strong></span> <span class='ocrx_word' id='word_1_77' title='bbox 1098 1284 1364 1337; x_wconf 88' lang='lat' dir='ltr'><strong>resistant.</strong></span> <span class='ocrx_word' id='word_1_78' title='bbox 1387 1283 1642 1348; x_wconf 82' lang='lat' dir='ltr'><strong>Quocirca</strong></span> <span class='ocrx_word' id='word_1_79' title='bbox 1655 1297 1720 1336; x_wconf 95' lang='lat' dir='ltr'><strong>eo</strong></span> <span class='ocrx_word' id='word_1_80' title='bbox 1737 1282 1902 1350; x_wconf 83' lang='lat' dir='ltr'><strong>magis</strong></span> <span class='ocrx_word' id='word_1_81' title='bbox 1923 1295 2044 1350; x_wconf 90' lang='lat' dir='ltr'><strong>pro-</strong></span> 
     </span>
    </p>
   </div>
   <div class='ocr_carea' id='block_1_12' title="bbox 451 1373 2040 1446">
    <p class='ocr_par' dir='ltr' id='par_1_12' title="bbox 451 1373 2040 1446">
     <span class='ocr_line' id='line_1_12' title="bbox 451 1373 2040 1446; baseline 0 -20"><span class='ocrx_word' id='word_1_82' title='bbox 451 1373 556 1427; x_wconf 88' lang='lat' dir='ltr'><strong>fani</strong></span> <span class='ocrx_word' id='word_1_83' title='bbox 579 1383 739 1444; x_wconf 88' lang='lat' dir='ltr'><strong>atque</strong></span> <span class='ocrx_word' id='word_1_84' title='bbox 769 1373 958 1444; x_wconf 90' lang='lat' dir='ltr'><strong>impuri</strong></span> <span class='ocrx_word' id='word_1_85' title='bbox 1005 1383 1145 1437; x_wconf 92' lang='lat' dir='ltr'><strong>sunt,</strong></span> <span class='ocrx_word' id='word_1_86' title='bbox 1177 1376 1316 1444; x_wconf 90' lang='lat' dir='ltr'><strong>quod</strong></span> <span class='ocrx_word' id='word_1_87' title='bbox 1355 1374 1641 1446; x_wconf 79' lang='lat' dir='ltr'><strong>prophetas</strong></span> <span class='ocrx_word' id='word_1_88' title='bbox 1673 1373 1888 1438; x_wconf 82' lang='lat' dir='ltr'><strong>habent,</strong></span> <span class='ocrx_word' id='word_1_89' title='bbox 1919 1386 2040 1426; x_wconf 89' lang='lat' dir='ltr'><strong>eos-</strong></span> 
     </span>
    </p>
   </div>
   <div class='ocr_carea' id='block_1_13' title="bbox 449 1463 2043 1536">
    <p class='ocr_par' dir='ltr' id='par_1_13' title="bbox 449 1463 2043 1536">
     <span class='ocr_line' id='line_1_13' title="bbox 449 1463 2043 1536; baseline -0.001 -19"><span class='ocrx_word' id='word_1_90' title='bbox 449 1481 552 1536; x_wconf 81' lang='lat' dir='ltr'><strong>quo</strong></span> <span class='ocrx_word' id='word_1_91' title='bbox 604 1465 864 1521; x_wconf 80' lang='lat' dir='ltr'><strong>hostiliter</strong></span> <span class='ocrx_word' id='word_1_92' title='bbox 911 1475 1153 1520; x_wconf 78' lang='lat' dir='ltr'><strong>tractant.</strong></span> <span class='ocrx_word' id='word_1_93' title='bbox 1193 1466 1367 1533; x_wconf 86' lang='lat' dir='ltr'><strong>Quare</strong></span> <span class='ocrx_word' id='word_1_94' title='bbox 1392 1474 1449 1519; x_wconf 89' lang='lat' dir='ltr'><strong>ut</strong></span> <span class='ocrx_word' id='word_1_95' title='bbox 1491 1464 1699 1534; x_wconf 82' lang='lat' dir='ltr'><strong>fugiatis</strong></span> <span class='ocrx_word' id='word_1_96' title='bbox 1736 1463 1956 1528; x_wconf 84' lang='lat' dir='ltr'><strong>hortor,</strong></span> <span class='ocrx_word' id='word_1_97' title='bbox 1987 1470 2043 1516; x_wconf 90' lang='lat' dir='ltr'><strong>et</strong></span> 
     </span>
    </p>
   </div>
   <div class='ocr_carea' id='block_1_14' title="bbox 449 1554 2044 1624">
    <p class='ocr_par' dir='ltr' id='par_1_14' title="bbox 449 1554 2044 1624">
     <span class='ocr_line' id='line_1_14' title="bbox 449 1554 2044 1624; baseline -0.002 -13"><span class='ocrx_word' id='word_1_98' title='bbox 449 1559 518 1611; x_wconf 80' lang='lat' dir='ltr'><strong>ab</strong></span> <span class='ocrx_word' id='word_1_99' title='bbox 535 1573 722 1613; x_wconf 90' lang='lat' dir='ltr'><strong>eorum</strong></span> <span class='ocrx_word' id='word_1_100' title='bbox 749 1558 1127 1611; x_wconf 90' lang='lat' dir='ltr'><strong>conventiculis</strong></span> <span class='ocrx_word' id='word_1_101' title='bbox 1142 1557 1410 1611; x_wconf 90' lang='lat' dir='ltr'><strong>resiliatis.</strong></span> <span class='ocrx_word' id='word_1_102' title='bbox 1434 1556 1546 1610; x_wconf 88' lang='lat' dir='ltr'><strong>Non</strong></span> <span class='ocrx_word' id='word_1_103' title='bbox 1572 1571 1786 1624; x_wconf 87' lang='lat' dir='ltr'><strong>parvum</strong></span> <span class='ocrx_word' id='word_1_104' title='bbox 1807 1554 1927 1608; x_wconf 88' lang='lat' dir='ltr'><strong>hinc</strong></span> <span class='ocrx_word' id='word_1_105' title='bbox 1940 1554 2044 1608; x_wconf 82' lang='lat' dir='ltr'><strong>fra-</strong></span> 
     </span>
    </p>
   </div>
   <div class='ocr_carea' id='block_1_15' title="bbox 452 1645 2044 1710">
    <p class='ocr_par' dir='ltr' id='par_1_15' title="bbox 452 1645 2044 1710">
     <span class='ocr_line' id='line_1_15' title="bbox 452 1645 2044 1710; baseline -0.002 -9"><span class='ocrx_word' id='word_1_106' title='bbox 452 1649 622 1702; x_wconf 83' lang='lat' dir='ltr'><strong>tribus</strong></span> <span class='ocrx_word' id='word_1_107' title='bbox 641 1646 1018 1704; x_wconf 84' lang='lat' dir='ltr'><strong>intirmioribus</strong></span> <span class='ocrx_word' id='word_1_108' title='bbox 1035 1648 1305 1710; x_wconf 88' lang='lat' dir='ltr'><strong>damnum,</strong></span> <span class='ocrx_word' id='word_1_109' title='bbox 1325 1662 1422 1702; x_wconf 89' lang='lat' dir='ltr'><strong>nec</strong></span> <span class='ocrx_word' id='word_1_110' title='bbox 1445 1646 1648 1701; x_wconf 87' lang='lat' dir='ltr'><strong>modica</strong></span> <span class='ocrx_word' id='word_1_111' title='bbox 1671 1645 1773 1702; x_wconf 90' lang='lat' dir='ltr'><strong>illis</strong></span> <span class='ocrx_word' id='word_1_112' title='bbox 1812 1646 1935 1700; x_wconf 92' lang='lat' dir='ltr'><strong>hinc</strong></span> <span class='ocrx_word' id='word_1_113' title='bbox 1954 1659 2044 1698; x_wconf 90' lang='lat' dir='ltr'><strong>su-</strong></span> 
     </span>
    </p>
   </div>
   <div class='ocr_carea' id='block_1_16' title="bbox 453 1734 2040 1807">
    <p class='ocr_par' dir='ltr' id='par_1_16' title="bbox 453 1734 2040 1807">
     <span class='ocr_line' id='line_1_16' title="bbox 453 1734 2040 1807; baseline 0.001 -18"><span class='ocrx_word' id='word_1_114' title='bbox 453 1739 646 1806; x_wconf 69' lang='lat' dir='ltr'><strong>perbia:</strong></span> <span class='ocrx_word' id='word_1_115' title='bbox 670 1753 819 1791; x_wconf 91' lang='lat' dir='ltr'><strong>ansa.</strong></span> <span class='ocrx_word' id='word_1_116' title='bbox 844 1737 972 1792; x_wconf 86' lang='lat' dir='ltr'><strong>Nam</strong></span> <span class='ocrx_word' id='word_1_117' title='bbox 995 1739 1038 1792; x_wconf 91' lang='lat' dir='ltr'><strong>si</strong></span> <span class='ocrx_word' id='word_1_118' title='bbox 1057 1737 1286 1792; x_wconf 88' lang='lat' dir='ltr'><strong>viderint</strong></span> <span class='ocrx_word' id='word_1_119' title='bbox 1303 1738 1519 1807; x_wconf 87' lang='lat' dir='ltr'><strong>vos,qui</strong></span> <span class='ocrx_word' id='word_1_120' title='bbox 1537 1734 2040 1791; x_wconf 88' lang='lat' dir='ltr'><strong>adoratisChristum</strong></span> 
     </span>
    </p>
   </div>
   <div class='ocr_carea' id='block_1_17' title="bbox 449 1828 2042 1897">
    <p class='ocr_par' dir='ltr' id='par_1_17' title="bbox 449 1828 2042 1897">
     <span class='ocr_line' id='line_1_17' title="bbox 449 1828 2042 1897; baseline 0.001 -17"><span class='ocrx_word' id='word_1_121' title='bbox 449 1829 516 1880; x_wconf 89' lang='lat' dir='ltr'><strong>ab</strong></span> <span class='ocrx_word' id='word_1_122' title='bbox 543 1828 672 1896; x_wconf 84' lang='lat' dir='ltr'><strong>ipsis</strong></span> <span class='ocrx_word' id='word_1_123' title='bbox 707 1829 1038 1893; x_wconf 77' lang='lat' dir='ltr'><strong>crucifixum,</strong></span> <span class='ocrx_word' id='word_1_124' title='bbox 1082 1828 1411 1884; x_wconf 87' lang='lat' dir='ltr'><strong>ceremonias</strong></span> <span class='ocrx_word' id='word_1_125' title='bbox 1451 1829 1660 1882; x_wconf 91' lang='lat' dir='ltr'><strong>illorum</strong></span> <span class='ocrx_word' id='word_1_126' title='bbox 1706 1829 1948 1897; x_wconf 88' lang='lat' dir='ltr'><strong>persequi</strong></span> <span class='ocrx_word' id='word_1_127' title='bbox 1987 1836 2042 1882; x_wconf 88' lang='lat' dir='ltr'><strong>et</strong></span> 
     </span>
    </p>
   </div>
   <div class='ocr_carea' id='block_1_18' title="bbox 456 1919 2042 1987">
    <p class='ocr_par' dir='ltr' id='par_1_18' title="bbox 456 1919 2042 1987">
     <span class='ocr_line' id='line_1_18' title="bbox 456 1919 2042 1987; baseline 0.001 -16"><span class='ocrx_word' id='word_1_128' title='bbox 456 1919 584 1972; x_wconf 85' lang='lat' dir='ltr'><strong>tanti</strong></span> <span class='ocrx_word' id='word_1_129' title='bbox 615 1919 790 1974; x_wconf 83' lang='lat' dir='ltr'><strong>facere</strong></span> <span class='ocrx_word' id='word_1_130' title='bbox 818 1936 832 1972; x_wconf 90' lang='lat'><strong>:</strong></span> <span class='ocrx_word' id='word_1_131' title='bbox 865 1919 1131 1987; x_wconf 90' lang='lat' dir='ltr'><strong>quomodo</strong></span> <span class='ocrx_word' id='word_1_132' title='bbox 1160 1935 1263 1972; x_wconf 92' lang='lat' dir='ltr'><strong>non</strong></span> <span class='ocrx_word' id='word_1_133' title='bbox 1293 1919 1697 1987; x_wconf 65' lang='lat' dir='ltr'><strong>prarclarissime</strong></span> <span class='ocrx_word' id='word_1_134' title='bbox 1722 1921 1898 1973; x_wconf 88' lang='lat' dir='ltr'><strong>omnia</strong></span> <span class='ocrx_word' id='word_1_135' title='bbox 1923 1933 1952 1972; x_wconf 88' lang='lat' dir='ltr'><strong>a</strong></span> <span class='ocrx_word' id='word_1_136' title='bbox 1982 1933 2042 1974; x_wconf 90' lang='lat' dir='ltr'><strong>se</strong></span> 
     </span>
    </p>
   </div>
   <div class='ocr_carea' id='block_1_19' title="bbox 450 2009 2038 2078">
    <p class='ocr_par' dir='ltr' id='par_1_19' title="bbox 450 2009 2038 2078">
     <span class='ocr_line' id='line_1_19' title="bbox 450 2009 2038 2078; baseline 0.004 -18"><span class='ocrx_word' id='word_1_137' title='bbox 450 2017 596 2076; x_wconf 88' lang='lat' dir='ltr'><strong>gesta</strong></span> <span class='ocrx_word' id='word_1_138' title='bbox 619 2023 736 2062; x_wconf 82' lang='lat' dir='ltr'><strong>esse</strong></span> <span class='ocrx_word' id='word_1_139' title='bbox 765 2010 1044 2077; x_wconf 90' lang='lat' dir='ltr'><strong>putabunt,</strong></span> <span class='ocrx_word' id='word_1_140' title='bbox 1073 2018 1356 2078; x_wconf 84' lang='lat' dir='ltr'><strong>nostraque</strong></span> <span class='ocrx_word' id='word_1_141' title='bbox 1385 2009 1577 2063; x_wconf 92' lang='lat' dir='ltr'><strong>nullius</strong></span> <span class='ocrx_word' id='word_1_142' title='bbox 1604 2010 1757 2077; x_wconf 88' lang='lat' dir='ltr'><strong>pretii</strong></span> <span class='ocrx_word' id='word_1_143' title='bbox 1782 2050 1796 2074; x_wconf 92' lang='lat'><strong>,</strong></span> <span class='ocrx_word' id='word_1_144' title='bbox 1825 2026 1943 2065; x_wconf 89' lang='lat' dir='ltr'><strong>cum</strong></span> <span class='ocrx_word' id='word_1_145' title='bbox 1973 2024 2038 2066; x_wconf 89' lang='lat' dir='ltr'><strong>ea</strong></span> 
     </span>
    </p>
   </div>
   <div class='ocr_carea' id='block_1_20' title="bbox 449 2098 2037 2170">
    <p class='ocr_par' dir='ltr' id='par_1_20' title="bbox 449 2098 2037 2170">
     <span class='ocr_line' id='line_1_20' title="bbox 449 2098 2037 2170; baseline 0.004 -20"><span class='ocrx_word' id='word_1_146' title='bbox 449 2098 636 2150; x_wconf 87' lang='lat' dir='ltr'><strong>colatis</strong></span> <span class='ocrx_word' id='word_1_147' title='bbox 659 2107 712 2152; x_wconf 87' lang='lat' dir='ltr'><strong>et</strong></span> <span class='ocrx_word' id='word_1_148' title='bbox 739 2098 1032 2152; x_wconf 82' lang='lat' dir='ltr'><strong>observetis</strong></span> <span class='ocrx_word' id='word_1_149' title='bbox 1075 2098 1308 2167; x_wconf 86' lang='lat' dir='ltr'><strong>quidem,</strong></span> <span class='ocrx_word' id='word_1_150' title='bbox 1335 2099 1427 2154; x_wconf 90' lang='lat' dir='ltr'><strong>sed</strong></span> <span class='ocrx_word' id='word_1_151' title='bbox 1463 2115 1584 2153; x_wconf 90' lang='lat' dir='ltr'><strong>cum</strong></span> <span class='ocrx_word' id='word_1_152' title='bbox 1615 2101 1700 2166; x_wconf 91' lang='lat' dir='ltr'><strong>iis,</strong></span> <span class='ocrx_word' id='word_1_153' title='bbox 1733 2101 1822 2170; x_wconf 90' lang='lat' dir='ltr'><strong>qui</strong></span> <span class='ocrx_word' id='word_1_154' title='bbox 1851 2101 2037 2156; x_wconf 89' lang='lat' dir='ltr'><strong>eadem</strong></span> 
     </span>
    </p>
   </div>
   <div class='ocr_carea' id='block_1_21' title="bbox 450 2188 2039 2261">
    <p class='ocr_par' dir='ltr' id='par_1_21' title="bbox 450 2188 2039 2261">
     <span class='ocr_line' id='line_1_21' title="bbox 450 2188 2039 2261; baseline 0.005 -19"><span class='ocrx_word' id='word_1_155' title='bbox 450 2188 747 2254; x_wconf 88' lang='lat' dir='ltr'><strong>destruunt,</strong></span> <span class='ocrx_word' id='word_1_156' title='bbox 781 2189 1042 2244; x_wconf 89' lang='lat' dir='ltr'><strong>curratis?</strong></span> <span class='ocrx_word' id='word_1_157' title='bbox 1068 2189 1129 2244; x_wconf 92' lang='lat' dir='ltr'><strong>Si</strong></span> <span class='ocrx_word' id='word_1_158' title='bbox 1171 2191 1304 2261; x_wconf 85' lang='lat' dir='ltr'><strong>quis,</strong></span> <span class='ocrx_word' id='word_1_159' title='bbox 1333 2192 1502 2261; x_wconf 90' lang='lat' dir='ltr'><strong>inquit</strong></span> <span class='ocrx_word' id='word_1_160' title='bbox 1529 2193 1833 2260; x_wconf 76' lang='lat' dir='ltr'><strong>Apostolus,</strong></span> <span class='ocrx_word' id='word_1_161' title='bbox 1861 2196 2039 2250; x_wconf 82' lang='lat' dir='ltr'><strong>viderit</strong></span> 
     </span>
    </p>
   </div>
   <div class='ocr_carea' id='block_1_22' title="bbox 452 2280 2038 2349">
    <p class='ocr_par' dir='ltr' id='par_1_22' title="bbox 452 2280 2038 2349">
     <span class='ocr_line' id='line_1_22' title="bbox 452 2280 2038 2349; baseline 0.007 -17"><span class='ocrx_word' id='word_1_162' title='bbox 452 2289 499 2333; x_wconf 78' lang='lat' dir='ltr'><strong>te</strong></span> <span class='ocrx_word' id='word_1_163' title='bbox 541 2280 628 2349; x_wconf 88' lang='lat' dir='ltr'><strong>qui</strong></span> <span class='ocrx_word' id='word_1_164' title='bbox 673 2280 824 2334; x_wconf 85' lang='lat' dir='ltr'><strong>habes</strong></span> <span class='ocrx_word' id='word_1_165' title='bbox 864 2283 1122 2336; x_wconf 73' lang='lat' dir='ltr'><strong>scientiam</strong></span> <span class='ocrx_word' id='word_1_166' title='bbox 1158 2283 1209 2336; x_wconf 90' lang='lat' dir='ltr'><strong>in</strong></span> <span class='ocrx_word' id='word_1_167' title='bbox 1239 2282 1406 2336; x_wconf 88' lang='lat' dir='ltr'><strong>idolio</strong></span> <span class='ocrx_word' id='word_1_168' title='bbox 1436 2285 1800 2340; x_wconf 85' lang='lat' dir='ltr'><strong>recumbentem</strong></span> <span class='ocrx_word' id='word_1_169' title='bbox 1829 2303 1848 2342; x_wconf 91' lang='lat'><strong><em>:</em></strong></span> <span class='ocrx_word' id='word_1_170' title='bbox 1874 2305 2038 2344; x_wconf 86' lang='lat' dir='ltr'><strong>nonne</strong></span> 
     </span>
    </p>
   </div>
   <div class='ocr_carea' id='block_1_23' title="bbox 450 2373 2035 2445">
    <p class='ocr_par' dir='ltr' id='par_1_23' title="bbox 450 2373 2035 2445">
     <span class='ocr_line' id='line_1_23' title="bbox 450 2373 2035 2445; baseline 0.006 -20"><span class='ocrx_word' id='word_1_171' title='bbox 450 2373 750 2426; x_wconf 80' lang='lat' dir='ltr'><strong>conscientia</strong></span> <span class='ocrx_word' id='word_1_172' title='bbox 781 2375 908 2444; x_wconf 88' lang='lat' dir='ltr'><strong>ejus,</strong></span> <span class='ocrx_word' id='word_1_173' title='bbox 934 2375 1019 2443; x_wconf 86' lang='lat' dir='ltr'><strong>qui</strong></span> <span class='ocrx_word' id='word_1_174' title='bbox 1038 2375 1270 2442; x_wconf 80' lang='lat' dir='ltr'><strong>inﬁrmus</strong></span> <span class='ocrx_word' id='word_1_175' title='bbox 1290 2383 1396 2440; x_wconf 85' lang='lat' dir='ltr'><strong>est,</strong></span> <span class='ocrx_word' id='word_1_176' title='bbox 1427 2376 1760 2445; x_wconf 74' lang='lat' dir='ltr'><strong>(edi/icabitur</strong></span> <span class='ocrx_word' id='word_1_177' title='bbox 1796 2381 1863 2436; x_wconf 86' lang='lat' dir='ltr'><strong>ad</strong></span> <span class='ocrx_word' id='word_1_178' title='bbox 1883 2381 2035 2434; x_wconf 84' lang='lat' dir='ltr'><strong>eden-</strong></span> 
     </span>
    </p>
   </div>
   <div class='ocr_carea' id='block_1_24' title="bbox 451 2464 2036 2541">
    <p class='ocr_par' dir='ltr' id='par_1_24' title="bbox 451 2464 2036 2541">
     <span class='ocr_line' id='line_1_24' title="bbox 451 2464 2036 2541; baseline 0.007 -25"><span class='ocrx_word' id='word_1_179' title='bbox 451 2464 572 2516; x_wconf 88' lang='lat' dir='ltr'><strong>dum</strong></span> <span class='ocrx_word' id='word_1_180' title='bbox 599 2481 657 2518; x_wconf 88' lang='lat' dir='ltr'><strong>ea</strong></span> <span class='ocrx_word' id='word_1_181' title='bbox 698 2480 810 2534; x_wconf 64' lang='lat' dir='ltr'><strong>quae</strong></span> <span class='ocrx_word' id='word_1_182' title='bbox 849 2474 964 2518; x_wconf 87' lang='lat' dir='ltr'><strong>sunt</strong></span> <span class='ocrx_word' id='word_1_183' title='bbox 1009 2465 1159 2519; x_wconf 84' lang='lat' dir='ltr'><strong>idolis</strong></span> <span class='ocrx_word' id='word_1_184' title='bbox 1199 2465 1459 2518; x_wconf 79' lang='lat' dir='ltr'><strong>immolata</strong></span> <span class='ocrx_word' id='word_1_185' title='bbox 1487 2467 1562 2536; x_wconf 83' lang='grc'><strong>(1.</strong></span> <span class='ocrx_word' id='word_1_186' title='bbox 1596 2468 1714 2523; x_wconf 89' lang='lat' dir='ltr'><strong>Cor.</strong></span> <span class='ocrx_word' id='word_1_187' title='bbox 1741 2470 1795 2524; x_wconf 89' lang='lat'><strong>8.</strong></span> <span class='ocrx_word' id='word_1_188' title='bbox 1818 2473 1836 2524; x_wconf 79' lang='lat' dir='ltr'><strong>i</strong></span> <span class='ocrx_word' id='word_1_189' title='bbox 1849 2471 1944 2541; x_wconf 81' lang='lat'><strong>0)?</strong></span> <span class='ocrx_word' id='word_1_190' title='bbox 1970 2473 2036 2527; x_wconf 88' lang='lat' dir='ltr'><strong>Et</strong></span> 
     </span>
    </p>
   </div>
   <div class='ocr_carea' id='block_1_25' title="bbox 449 2553 2033 2626">
    <p class='ocr_par' dir='ltr' id='par_1_25' title="bbox 449 2553 2033 2626">
     <span class='ocr_line' id='line_1_25' title="bbox 449 2553 2033 2626; baseline 0.007 -20"><span class='ocrx_word' id='word_1_191' title='bbox 449 2567 550 2622; x_wconf 85' lang='lat' dir='ltr'><strong>ego</strong></span> <span class='ocrx_word' id='word_1_192' title='bbox 586 2553 726 2617; x_wconf 75' lang='lat' dir='ltr'><strong>ilico,</strong></span> <span class='ocrx_word' id='word_1_193' title='bbox 753 2555 795 2609; x_wconf 89' lang='lat' dir='ltr'><strong>si</strong></span> <span class='ocrx_word' id='word_1_194' title='bbox 822 2555 937 2625; x_wconf 88' lang='lat' dir='ltr'><strong>quis</strong></span> <span class='ocrx_word' id='word_1_195' title='bbox 976 2555 1167 2609; x_wconf 87' lang='lat' dir='ltr'><strong>viderit</strong></span> <span class='ocrx_word' id='word_1_196' title='bbox 1196 2564 1269 2621; x_wconf 90' lang='lat' dir='ltr'><strong>te,</strong></span> <span class='ocrx_word' id='word_1_197' title='bbox 1311 2556 1398 2625; x_wconf 92' lang='lat' dir='ltr'><strong>qui</strong></span> <span class='ocrx_word' id='word_1_198' title='bbox 1425 2556 1698 2612; x_wconf 88' lang='lat' dir='ltr'><strong>scientiam</strong></span> <span class='ocrx_word' id='word_1_199' title='bbox 1740 2556 1924 2626; x_wconf 81' lang='lat' dir='ltr'><strong>habes,</strong></span> <span class='ocrx_word' id='word_1_200' title='bbox 1965 2561 2033 2617; x_wconf 91' lang='lat' dir='ltr'><strong>ad</strong></span> 
     </span>
    </p>
   </div>
   <div class='ocr_carea' id='block_1_26' title="bbox 447 2645 2031 2716">
    <p class='ocr_par' dir='ltr' id='par_1_26' title="bbox 447 2645 2031 2716">
     <span class='ocr_line' id='line_1_26' title="bbox 447 2645 2031 2716; baseline 0.009 -15"><span class='ocrx_word' id='word_1_201' title='bbox 447 2645 777 2716; x_wconf 84' lang='lat' dir='ltr'><strong>Synagogam</strong></span> <span class='ocrx_word' id='word_1_202' title='bbox 821 2648 987 2712; x_wconf 89' lang='lat' dir='ltr'><strong>abire,</strong></span> <span class='ocrx_word' id='word_1_203' title='bbox 1009 2649 1161 2702; x_wconf 90' lang='lat' dir='ltr'><strong>tubas</strong></span> <span class='ocrx_word' id='word_1_204' title='bbox 1202 2657 1478 2716; x_wconf 89' lang='lat' dir='ltr'><strong>spectare:</strong></span> <span class='ocrx_word' id='word_1_205' title='bbox 1510 2664 1684 2709; x_wconf 88' lang='lat' dir='ltr'><strong>nontte</strong></span> <span class='ocrx_word' id='word_1_206' title='bbox 1705 2657 2031 2715; x_wconf 85' lang='lat' dir='ltr'><strong>conscientia</strong></span> 
     </span>
    </p>
   </div>
   <div class='ocr_carea' id='block_1_27' title="bbox 447 2737 2030 2806">
    <p class='ocr_par' dir='ltr' id='par_1_27' title="bbox 447 2737 2030 2806">
     <span class='ocr_line' id='line_1_27' title="bbox 447 2737 2030 2806; baseline 0.007 -15"><span class='ocrx_word' id='word_1_207' title='bbox 447 2737 586 2806; x_wconf 84' lang='lat' dir='ltr'><strong>ejus,</strong></span> <span class='ocrx_word' id='word_1_208' title='bbox 613 2751 732 2790; x_wconf 91' lang='lat' dir='ltr'><strong>cum</strong></span> <span class='ocrx_word' id='word_1_209' title='bbox 778 2737 1020 2793; x_wconf 77' lang='lat' dir='ltr'><strong>inﬁrmus</strong></span> <span class='ocrx_word' id='word_1_210' title='bbox 1056 2738 1146 2804; x_wconf 90' lang='lat' dir='ltr'><strong>sit,</strong></span> <span class='ocrx_word' id='word_1_211' title='bbox 1169 2748 1470 2796; x_wconf 76' lang='lat' dir='ltr'><strong>exstrnetur</strong></span> <span class='ocrx_word' id='word_1_212' title='bbox 1493 2742 1558 2797; x_wconf 88' lang='lat' dir='ltr'><strong>ad</strong></span> <span class='ocrx_word' id='word_1_213' title='bbox 1584 2760 1757 2800; x_wconf 90' lang='lat' dir='ltr'><strong>rerum</strong></span> <span class='ocrx_word' id='word_1_214' title='bbox 1782 2745 2030 2802; x_wconf 84' lang='lat' dir='ltr'><strong>Judaica-</strong></span> 
     </span>
    </p>
   </div>
   <div class='ocr_carea' id='block_1_28' title="bbox 448 2829 2030 2906">
    <p class='ocr_par' dir='ltr' id='par_1_28' title="bbox 448 2829 2030 2906">
     <span class='ocr_line' id='line_1_28' title="bbox 448 2829 2030 2906; baseline 0.007 -24"><span class='ocrx_word' id='word_1_215' title='bbox 448 2843 568 2883; x_wconf 88' lang='lat' dir='ltr'><strong>rum</strong></span> <span class='ocrx_word' id='word_1_216' title='bbox 585 2829 1027 2885; x_wconf 76' lang='lat' dir='ltr'><strong>admirationem?</strong></span> <span class='ocrx_word' id='word_1_217' title='bbox 1050 2830 1147 2897; x_wconf 85' lang='lat' dir='ltr'><strong>Qui</strong></span> <span class='ocrx_word' id='word_1_218' title='bbox 1170 2832 1328 2897; x_wconf 87' lang='lat' dir='ltr'><strong>cadit,</strong></span> <span class='ocrx_word' id='word_1_219' title='bbox 1350 2848 1452 2888; x_wconf 90' lang='lat' dir='ltr'><strong>non</strong></span> <span class='ocrx_word' id='word_1_220' title='bbox 1476 2835 1652 2902; x_wconf 88' lang='lat' dir='ltr'><strong>lapsus</strong></span> <span class='ocrx_word' id='word_1_221' title='bbox 1671 2839 1826 2891; x_wconf 91' lang='lat' dir='ltr'><strong>modo</strong></span> <span class='ocrx_word' id='word_1_222' title='bbox 1848 2854 2030 2906; x_wconf 68' lang='lat' dir='ltr'><strong>pinnas</strong></span> 
     </span>
    </p>
   </div>
   <div class='ocr_carea' id='block_1_29' title="bbox 447 2916 2034 2995">
    <p class='ocr_par' dir='ltr' id='par_1_29' title="bbox 447 2916 2034 2995">
     <span class='ocr_line' id='line_1_29' title="bbox 447 2916 2034 2995; baseline 0.009 -28"><span class='ocrx_word' id='word_1_223' title='bbox 447 2917 557 2984; x_wconf 77' lang='lat' dir='ltr'><strong>dat,</strong></span> <span class='ocrx_word' id='word_1_224' title='bbox 589 2920 682 2974; x_wconf 81' lang='lat' dir='ltr'><strong>sed</strong></span> <span class='ocrx_word' id='word_1_225' title='bbox 707 2919 827 2990; x_wconf 80' lang='lat' dir='ltr'><strong>quia</strong></span> <span class='ocrx_word' id='word_1_226' title='bbox 848 2921 980 2986; x_wconf 73' lang='lat' dir='ltr'><strong>alios</strong></span> <span class='ocrx_word' id='word_1_227' title='bbox 1005 2916 1827 2990; x_wconf 86' lang='lat' dir='ltr'><strong>etiamsupplantavit.punitur:</strong></span> <span class='ocrx_word' id='word_1_228' title='bbox 1845 2940 2034 2995; x_wconf 86' lang='lat' dir='ltr'><strong>quem-</strong></span> 
     </span>
    </p>
   </div>
   <div class='ocr_carea' id='block_1_30' title="bbox 445 3007 2028 3079">
    <p class='ocr_par' dir='ltr' id='par_1_30' title="bbox 445 3007 2028 3079">
     <span class='ocr_line' id='line_1_30' title="bbox 445 3007 2028 3079; baseline 0.015 -25"><span class='ocrx_word' id='word_1_229' title='bbox 445 3007 740 3066; x_wconf 83' lang='lat' dir='ltr'><strong>admodum</strong></span> <span class='ocrx_word' id='word_1_230' title='bbox 791 3017 965 3074; x_wconf 80' lang='lat' dir='ltr'><strong>stans,</strong></span> <span class='ocrx_word' id='word_1_231' title='bbox 1023 3020 1130 3061; x_wconf 89' lang='lat' dir='ltr'><strong>non</strong></span> <span class='ocrx_word' id='word_1_232' title='bbox 1179 3017 1396 3079; x_wconf 85' lang='lat' dir='ltr'><strong>propter</strong></span> <span class='ocrx_word' id='word_1_233' title='bbox 1419 3013 1665 3071; x_wconf 85' lang='lat' dir='ltr'><strong>virtutem</strong></span> <span class='ocrx_word' id='word_1_234' title='bbox 1708 3026 1908 3074; x_wconf 88' lang='lat' dir='ltr'><strong>tantum</strong></span> <span class='ocrx_word' id='word_1_235' title='bbox 1936 3037 2028 3076; x_wconf 90' lang='lat' dir='ltr'><strong>co-</strong></span> 
     </span>
    </p>
   </div>
   <div class='ocr_carea' id='block_1_31' title="bbox 441 3091 2021 3176">
    <p class='ocr_par' dir='ltr' id='par_1_31' title="bbox 441 3091 2021 3176">
     <span class='ocr_line' id='line_1_31' title="bbox 441 3091 2021 3176; baseline 0.017 -36"><span class='ocrx_word' id='word_1_236' title='bbox 441 3098 687 3151; x_wconf 87' lang='lat' dir='ltr'><strong>ronatur;</strong></span> <span class='ocrx_word' id='word_1_237' title='bbox 715 3091 806 3146; x_wconf 88' lang='lat' dir='ltr'><strong>sed</strong></span> <span class='ocrx_word' id='word_1_238' title='bbox 830 3095 952 3164; x_wconf 92' lang='lat' dir='ltr'><strong>quia</strong></span> <span class='ocrx_word' id='word_1_239' title='bbox 975 3096 1222 3152; x_wconf 90' lang='lat' dir='ltr'><strong>eumdem</strong></span> <span class='ocrx_word' id='word_1_240' title='bbox 1251 3101 1304 3154; x_wconf 92' lang='lat' dir='ltr'><strong>in</strong></span> <span class='ocrx_word' id='word_1_241' title='bbox 1333 3101 1450 3156; x_wconf 86' lang='lat' dir='ltr'><strong>aliis</strong></span> <span class='ocrx_word' id='word_1_242' title='bbox 1474 3105 1645 3160; x_wconf 86' lang='lat' dir='ltr'><strong>zelum</strong></span> <span class='ocrx_word' id='word_1_243' title='bbox 1673 3109 1940 3176; x_wconf 76' lang='lat' dir='ltr'><strong>excitavit,</strong></span> <span class='ocrx_word' id='word_1_244' title='bbox 1971 3113 2021 3167; x_wconf 94' lang='lat' dir='ltr'><strong>in</strong></span> 
     </span>
    </p>
   </div>
   <div class='ocr_carea' id='block_1_32' title="bbox 438 3179 2019 3261">
    <p class='ocr_par' dir='ltr' id='par_1_32' title="bbox 438 3179 2019 3261">
     <span class='ocr_line' id='line_1_32' title="bbox 438 3179 2019 3261; baseline 0.016 -29"><span class='ocrx_word' id='word_1_245' title='bbox 438 3179 790 3238; x_wconf 84' lang='lat' dir='ltr'><strong>admiratione</strong></span> <span class='ocrx_word' id='word_1_246' title='bbox 829 3193 929 3239; x_wconf 86' lang='lat' dir='ltr'><strong>est.</strong></span> <span class='ocrx_word' id='word_1_247' title='bbox 972 3185 1186 3243; x_wconf 89' lang='lat' dir='ltr'><strong>Illorum</strong></span> <span class='ocrx_word' id='word_1_248' title='bbox 1234 3189 1392 3261; x_wconf 80' lang='lat' dir='ltr'><strong>igitur</strong></span> <span class='ocrx_word' id='word_1_249' title='bbox 1437 3203 1490 3248; x_wconf 89' lang='lat' dir='ltr'><strong>et</strong></span> <span class='ocrx_word' id='word_1_250' title='bbox 1511 3207 1799 3254; x_wconf 84' lang='lat' dir='ltr'><strong>conventus</strong></span> <span class='ocrx_word' id='word_1_251' title='bbox 1829 3211 1882 3256; x_wconf 90' lang='lat' dir='ltr'><strong>et</strong></span> <span class='ocrx_word' id='word_1_252' title='bbox 1905 3202 2019 3258; x_wconf 91' lang='lat' dir='ltr'><strong>loca</strong></span> 
     </span>
    </p>
   </div>
   <div class='ocr_carea' id='block_1_33' title="bbox 437 3270 2020 3360">
    <p class='ocr_par' dir='ltr' id='par_1_33' title="bbox 437 3270 2020 3360">
     <span class='ocr_line' id='line_1_33' title="bbox 437 3270 2020 3360; baseline 0.015 -35"><span class='ocrx_word' id='word_1_253' title='bbox 437 3270 632 3342; x_wconf 85' lang='lat' dir='ltr'><strong>fugite;</strong></span> <span class='ocrx_word' id='word_1_254' title='bbox 663 3288 758 3328; x_wconf 91' lang='lat' dir='ltr'><strong>nec</strong></span> <span class='ocrx_word' id='word_1_255' title='bbox 809 3276 1086 3346; x_wconf 87' lang='lat' dir='ltr'><strong>quisquam</strong></span> <span class='ocrx_word' id='word_1_256' title='bbox 1135 3291 1349 3349; x_wconf 86' lang='lat' dir='ltr'><strong>prepter</strong></span> <span class='ocrx_word' id='word_1_257' title='bbox 1375 3283 1538 3339; x_wconf 90' lang='lat' dir='ltr'><strong>libros</strong></span> <span class='ocrx_word' id='word_1_258' title='bbox 1565 3287 1894 3360; x_wconf 84' lang='lat' dir='ltr'><strong>Synagogam</strong></span> <span class='ocrx_word' id='word_1_259' title='bbox 1924 3307 2020 3349; x_wconf 88' lang='lat' dir='ltr'><strong>ve-</strong></span> 
     </span>
    </p>
   </div>
   <div class='ocr_carea' id='block_1_34' title="bbox 437 3364 2024 3452">
    <p class='ocr_par' dir='ltr' id='par_1_34' title="bbox 437 3364 2024 3452">
     <span class='ocr_line' id='line_1_34' title="bbox 437 3364 2024 3452; baseline 0.016 -38"><span class='ocrx_word' id='word_1_260' title='bbox 437 3371 692 3427; x_wconf 87' lang='lat' dir='ltr'><strong>neretur,</strong></span> <span class='ocrx_word' id='word_1_261' title='bbox 738 3364 834 3419; x_wconf 88' lang='lat' dir='ltr'><strong>sed</strong></span> <span class='ocrx_word' id='word_1_262' title='bbox 879 3377 1096 3436; x_wconf 89' lang='lat' dir='ltr'><strong>propter</strong></span> <span class='ocrx_word' id='word_1_263' title='bbox 1150 3371 1268 3425; x_wconf 90' lang='lat' dir='ltr'><strong>illos</strong></span> <span class='ocrx_word' id='word_1_264' title='bbox 1313 3372 1450 3429; x_wconf 89' lang='lat' dir='ltr'><strong>hanc</strong></span> <span class='ocrx_word' id='word_1_265' title='bbox 1491 3375 1616 3431; x_wconf 90' lang='lat' dir='ltr'><strong>odio</strong></span> <span class='ocrx_word' id='word_1_266' title='bbox 1672 3392 2024 3452; x_wconf 86' lang='lat' dir='ltr'><strong>prosequatur</strong></span> 
     </span>
    </p>
   </div>
   <div class='ocr_carea' id='block_1_35' title="bbox 436 3449 2018 3542">
    <p class='ocr_par' dir='ltr' id='par_1_35' title="bbox 436 3449 2018 3542">
     <span class='ocr_line' id='line_1_35' title="bbox 436 3449 2018 3542; baseline 0.018 -40"><span class='ocrx_word' id='word_1_267' title='bbox 436 3449 797 3520; x_wconf 83' lang='lat' dir='ltr'><strong>fastidiatque.</strong></span> <span class='ocrx_word' id='word_1_268' title='bbox 844 3454 974 3510; x_wconf 89' lang='lat' dir='ltr'><strong>Nam</strong></span> <span class='ocrx_word' id='word_1_269' title='bbox 1021 3459 1072 3512; x_wconf 93' lang='lat' dir='ltr'><strong>in</strong></span> <span class='ocrx_word' id='word_1_270' title='bbox 1109 3463 1484 3518; x_wconf 89' lang='lat' dir='ltr'><strong>contumeliam</strong></span> <span class='ocrx_word' id='word_1_271' title='bbox 1529 3477 1744 3524; x_wconf 89' lang='lat' dir='ltr'><strong>sanctos</strong></span> <span class='ocrx_word' id='word_1_272' title='bbox 1799 3480 2018 3542; x_wconf 90' lang='lat' dir='ltr'><strong>tenent,</strong></span> 
     </span>
    </p>
   </div>
   <div class='ocr_carea' id='block_1_36' title="bbox 433 3540 2020 3626">
    <p class='ocr_par' dir='ltr' id='par_1_36' title="bbox 433 3540 2020 3626">
     <span class='ocr_line' id='line_1_36' title="bbox 433 3540 2020 3626; baseline 0.018 -35"><span class='ocrx_word' id='word_1_273' title='bbox 433 3540 556 3609; x_wconf 89' lang='lat' dir='ltr'><strong>quia</strong></span> <span class='ocrx_word' id='word_1_274' title='bbox 585 3544 760 3598; x_wconf 87' lang='lat' dir='ltr'><strong>verbis</strong></span> <span class='ocrx_word' id='word_1_275' title='bbox 785 3543 992 3599; x_wconf 90' lang='lat' dir='ltr'><strong>illorum</strong></span> <span class='ocrx_word' id='word_1_276' title='bbox 1020 3547 1175 3604; x_wconf 85' lang='lat' dir='ltr'><strong>ﬁdem</strong></span> <span class='ocrx_word' id='word_1_277' title='bbox 1195 3551 1469 3624; x_wconf 76' lang='lat' dir='ltr'><strong>derogant,</strong></span> <span class='ocrx_word' id='word_1_278' title='bbox 1488 3557 1610 3626; x_wconf 85' lang='lat' dir='ltr'><strong>quia</strong></span> <span class='ocrx_word' id='word_1_279' title='bbox 1629 3567 1880 3618; x_wconf 83' lang='lat' dir='ltr'><strong>extremae</strong></span> <span class='ocrx_word' id='word_1_280' title='bbox 1901 3563 2020 3621; x_wconf 91' lang='lat' dir='ltr'><strong>illos</strong></span> 
     </span>
    </p>
   </div>
   <div class='ocr_carea' id='block_1_37' title="bbox 433 3631 1108 3700">
    <p class='ocr_par' dir='ltr' id='par_1_37' title="bbox 433 3631 1108 3700">
     <span class='ocr_line' id='line_1_37' title="bbox 433 3631 1108 3700; baseline 0.013 -15"><span class='ocrx_word' id='word_1_281' title='bbox 433 3631 720 3700; x_wconf 88' lang='lat' dir='ltr'><strong>impietatis</strong></span> <span class='ocrx_word' id='word_1_282' title='bbox 743 3650 862 3691; x_wconf 90' lang='lat' dir='ltr'><strong>reos</strong></span> <span class='ocrx_word' id='word_1_283' title='bbox 890 3635 1108 3694; x_wconf 89' lang='lat' dir='ltr'><strong>faciunt.</strong></span> 
     </span>
    </p>
   </div>
   <div class='ocr_carea' id='block_1_38' title="bbox 504 3721 2018 3809">
    <p class='ocr_par' dir='ltr' id='par_1_38' title="bbox 504 3721 2018 3809">
     <span class='ocr_line' id='line_1_38' title="bbox 504 3721 2018 3809; baseline 0.02 -33"><span class='ocrx_word' id='word_1_284' title='bbox 504 3721 558 3776; x_wconf 84' lang='lat'><strong>6.</strong></span> <span class='ocrx_word' id='word_1_285' title='bbox 613 3722 799 3780; x_wconf 79' lang='lat' dir='ltr'><strong>Veteris</strong></span> <span class='ocrx_word' id='word_1_286' title='bbox 852 3726 1158 3786; x_wconf 86' lang='lat' dir='ltr'><strong>Testamenti</strong></span> <span class='ocrx_word' id='word_1_287' title='bbox 1210 3735 1554 3809; x_wconf 82' lang='lat' dir='ltr'><strong>interpretatio</strong></span> <span class='ocrx_word' id='word_1_288' title='bbox 1603 3744 1695 3800; x_wconf 92' lang='lat' dir='ltr'><strong>sub</strong></span> <span class='ocrx_word' id='word_1_289' title='bbox 1740 3745 2018 3807; x_wconf 69' lang='lat' dir='ltr'><strong>Ptoletntt’o</strong></span> 
     </span>
    </p>
   </div>
   <div class='ocr_carea' id='block_1_39' title="bbox 433 3811 2018 3898">
    <p class='ocr_par' dir='ltr' id='par_1_39' title="bbox 433 3811 2018 3898">
     <span class='ocr_line' id='line_1_39' title="bbox 433 3811 2018 3898; baseline 0.021 -34"><span class='ocrx_word' id='word_1_290' title='bbox 433 3811 799 3886; x_wconf 79' lang='lat' dir='ltr'><strong>Philadelpho.</strong></span> <span class='ocrx_word' id='word_1_291' title='bbox 823 3820 978 3874; x_wconf 83' lang='lat' dir='ltr'><strong>—At</strong></span> <span class='ocrx_word' id='word_1_292' title='bbox 1018 3832 1076 3875; x_wconf 87' lang='lat' dir='ltr'><strong>ut</strong></span> <span class='ocrx_word' id='word_1_293' title='bbox 1115 3830 1476 3897; x_wconf 84' lang='lat' dir='ltr'><strong>cognoscatis,</strong></span> <span class='ocrx_word' id='word_1_294' title='bbox 1525 3832 1688 3890; x_wconf 88' lang='lat' dir='ltr'><strong>libros</strong></span> <span class='ocrx_word' id='word_1_295' title='bbox 1727 3838 1855 3892; x_wconf 86' lang='lat' dir='ltr'><strong>nihil</strong></span> <span class='ocrx_word' id='word_1_296' title='bbox 1899 3841 2018 3898; x_wconf 92' lang='lat' dir='ltr'><strong>loco</strong></span> 
     </span>
    </p>
   </div>
   <div class='ocr_carea' id='block_1_40' title="bbox 437 3905 2018 4000">
    <p class='ocr_par' dir='ltr' id='par_1_40' title="bbox 437 3905 2018 4000">
     <span class='ocr_line' id='line_1_40' title="bbox 437 3905 2018 4000; baseline 0.02 -42"><span class='ocrx_word' id='word_1_297' title='bbox 437 3905 734 3961; x_wconf 84' lang='lat' dir='ltr'><strong>sanctitatis</strong></span> <span class='ocrx_word' id='word_1_298' title='bbox 760 3907 1024 3977; x_wconf 90' lang='lat' dir='ltr'><strong>conferre,</strong></span> <span class='ocrx_word' id='word_1_299' title='bbox 1056 3914 1148 3968; x_wconf 88' lang='lat' dir='ltr'><strong>sed</strong></span> <span class='ocrx_word' id='word_1_300' title='bbox 1179 3917 1339 3983; x_wconf 90' lang='lat' dir='ltr'><strong>pollui</strong></span> <span class='ocrx_word' id='word_1_301' title='bbox 1371 3920 1526 3976; x_wconf 89' lang='lat' dir='ltr'><strong>istum</strong></span> <span class='ocrx_word' id='word_1_302' title='bbox 1556 3939 1762 3994; x_wconf 91' lang='lat' dir='ltr'><strong>eorum,</strong></span> <span class='ocrx_word' id='word_1_303' title='bbox 1795 3931 1883 4000; x_wconf 90' lang='lat' dir='ltr'><strong>qui</strong></span> <span class='ocrx_word' id='word_1_304' title='bbox 1911 3933 2018 3989; x_wconf 89' lang='lat' dir='ltr'><strong>illic</strong></span> 
     </span>
    </p>
   </div>
   <div class='ocr_carea' id='block_1_41' title="bbox 437 3995 2018 4077">
    <p class='ocr_par' dir='ltr' id='par_1_41' title="bbox 437 3995 2018 4077">
     <span class='ocr_line' id='line_1_41' title="bbox 437 3995 2018 4077; baseline 0.02 -31"><span class='ocrx_word' id='word_1_305' title='bbox 437 3995 760 4050; x_wconf 86' lang='lat' dir='ltr'><strong>conveniunt</strong></span> <span class='ocrx_word' id='word_1_306' title='bbox 784 4039 798 4062; x_wconf 89' lang='lat'><strong>,</strong></span> <span class='ocrx_word' id='word_1_307' title='bbox 846 3999 1086 4056; x_wconf 89' lang='lat' dir='ltr'><strong>instituto</strong></span> <span class='ocrx_word' id='word_1_308' title='bbox 1111 4021 1124 4057; x_wconf 90' lang='lat'>:</span> <span class='ocrx_word' id='word_1_309' title='bbox 1151 4005 1424 4064; x_wconf 85' lang='lat' dir='ltr'><strong>historiam</strong></span> <span class='ocrx_word' id='word_1_310' title='bbox 1453 4023 1684 4070; x_wconf 89' lang='lat' dir='ltr'><strong>veterem</strong></span> <span class='ocrx_word' id='word_1_311' title='bbox 1715 4019 1864 4074; x_wconf 88' lang='lat' dir='ltr'><strong>vobis</strong></span> <span class='ocrx_word' id='word_1_312' title='bbox 1892 4038 2018 4077; x_wconf 44' lang='lat' dir='ltr'><strong>nare</strong></span> 
     </span>
    </p>
   </div>
   <div class='ocr_carea' id='block_1_42' title="bbox 431 4083 2016 4184">
    <p class='ocr_par' dir='ltr' id='par_1_42' title="bbox 431 4083 2016 4184">
     <span class='ocr_line' id='line_1_42' title="bbox 431 4083 2016 4184; baseline 0.021 -49"><span class='ocrx_word' id='word_1_313' title='bbox 431 4083 584 4138; x_wconf 90' lang='lat' dir='ltr'><strong>rabo.</strong></span> <span class='ocrx_word' id='word_1_314' title='bbox 633 4085 768 4140; x_wconf 93' lang='lat' dir='ltr'><strong>Cum</strong></span> <span class='ocrx_word' id='word_1_315' title='bbox 798 4087 1117 4146; x_wconf 72' lang='lat' dir='ltr'><strong>Ptolemmus</strong></span> <span class='ocrx_word' id='word_1_316' title='bbox 1151 4095 1557 4168; x_wconf 84' lang='lat' dir='ltr'><strong>Philadelphus,</strong></span> <span class='ocrx_word' id='word_1_317' title='bbox 1606 4105 1754 4164; x_wconf 89' lang='lat' dir='ltr'><strong>libris</strong></span> <span class='ocrx_word' id='word_1_318' title='bbox 1783 4112 2016 4184; x_wconf 88' lang='lat' dir='ltr'><strong>undique</strong></span> 
     </span>
    </p>
   </div>
   <div class='ocr_carea' id='block_1_43' title="bbox 429 4174 2014 4262">
    <p class='ocr_par' dir='ltr' id='par_1_43' title="bbox 429 4174 2014 4262">
     <span class='ocr_line' id='line_1_43' title="bbox 429 4174 2014 4262; baseline 0.023 -36"><span class='ocrx_word' id='word_1_319' title='bbox 429 4174 693 4242; x_wconf 84' lang='lat' dir='ltr'><strong>collectis,</strong></span> <span class='ocrx_word' id='word_1_320' title='bbox 738 4182 1105 4251; x_wconf 79' lang='lat' dir='ltr'><strong>cognovisset,</strong></span> <span class='ocrx_word' id='word_1_321' title='bbox 1156 4189 1291 4256; x_wconf 89' lang='lat' dir='ltr'><strong>apud</strong></span> <span class='ocrx_word' id='word_1_322' title='bbox 1337 4191 1550 4251; x_wconf 68' lang='lat' dir='ltr'><strong>Iudaeos</strong></span> <span class='ocrx_word' id='word_1_323' title='bbox 1595 4199 1754 4255; x_wconf 89' lang='lat' dir='ltr'><strong>etiam</strong></span> <span class='ocrx_word' id='word_1_324' title='bbox 1803 4174 2014 4262; x_wconf 77' lang='lat' dir='ltr'><strong>exstare</strong></span> 
     </span>
    </p>
   </div>
   <div class='ocr_carea' id='block_1_44' title="bbox 425 4264 2010 4357">
    <p class='ocr_par' dir='ltr' id='par_1_44' title="bbox 425 4264 2010 4357">
     <span class='ocr_line' id='line_1_44' title="bbox 425 4264 2010 4357; baseline 0.023 -42"><span class='ocrx_word' id='word_1_325' title='bbox 425 4264 619 4335; x_wconf 89' lang='lat' dir='ltr'><strong>scripta</strong></span> <span class='ocrx_word' id='word_1_326' title='bbox 641 4307 656 4330; x_wconf 89' lang='lat'><strong>,</strong></span> <span class='ocrx_word' id='word_1_327' title='bbox 687 4281 807 4337; x_wconf 71' lang='lat' dir='ltr'><strong>qua:</strong></span> <span class='ocrx_word' id='word_1_328' title='bbox 843 4269 912 4325; x_wconf 90' lang='lat' dir='ltr'><strong>de</strong></span> <span class='ocrx_word' id='word_1_329' title='bbox 953 4271 1061 4326; x_wconf 88' lang='lat' dir='ltr'><strong>Deo</strong></span> <span class='ocrx_word' id='word_1_330' title='bbox 1087 4283 1246 4346; x_wconf 88' lang='lat' dir='ltr'><strong>atque</strong></span> <span class='ocrx_word' id='word_1_331' title='bbox 1274 4281 1472 4349; x_wconf 89' lang='lat' dir='ltr'><strong>optima</strong></span> <span class='ocrx_word' id='word_1_332' title='bbox 1503 4286 1811 4357; x_wconf 71' lang='lat' dir='ltr'><strong>reipublicae</strong></span> <span class='ocrx_word' id='word_1_333' title='bbox 1842 4294 2010 4352; x_wconf 88' lang='lat' dir='ltr'><strong>forma</strong></span> 
     </span>
    </p>
   </div>
   <div class='ocr_carea' id='block_1_45' title="bbox 423 4359 2009 4445">
    <p class='ocr_par' dir='ltr' id='par_1_45' title="bbox 423 4359 2009 4445">
     <span class='ocr_line' id='line_1_45' title="bbox 423 4359 2009 4445; baseline 0.024 -41"><span class='ocrx_word' id='word_1_334' title='bbox 423 4363 660 4420; x_wconf 84' lang='lat' dir='ltr'><strong>agerent,</strong></span> <span class='ocrx_word' id='word_1_335' title='bbox 680 4359 953 4414; x_wconf 81' lang='lat' dir='ltr'><strong>accersitis</strong></span> <span class='ocrx_word' id='word_1_336' title='bbox 969 4377 998 4417; x_wconf 90' lang='lat' dir='ltr'><strong>e</strong></span> <span class='ocrx_word' id='word_1_337' title='bbox 1014 4362 1197 4421; x_wconf 68' lang='lat' dir='ltr'><strong>Iudaea</strong></span> <span class='ocrx_word' id='word_1_338' title='bbox 1228 4369 1354 4425; x_wconf 88' lang='lat' dir='ltr'><strong>viris</strong></span> <span class='ocrx_word' id='word_1_339' title='bbox 1381 4372 1432 4426; x_wconf 93' lang='lat' dir='ltr'><strong>in</strong></span> <span class='ocrx_word' id='word_1_340' title='bbox 1459 4389 1688 4445; x_wconf 68' lang='lat' dir='ltr'><strong>graecum</strong></span> <span class='ocrx_word' id='word_1_341' title='bbox 1708 4397 2009 4442; x_wconf 87' lang='lat' dir='ltr'><strong>sermonem</strong></span> 
     </span>
    </p>
   </div>
   <div class='ocr_carea' id='block_1_46' title="bbox 423 4442 2009 4542">
    <p class='ocr_par' dir='ltr' id='par_1_46' title="bbox 423 4442 2009 4542">
     <span class='ocr_line' id='line_1_46' title="bbox 423 4442 2009 4542; baseline 0.025 -47"><span class='ocrx_word' id='word_1_342' title='bbox 423 4442 510 4496; x_wconf 85' lang='lat' dir='ltr'><strong>illa</strong></span> <span class='ocrx_word' id='word_1_343' title='bbox 543 4445 655 4514; x_wconf 88' lang='lat' dir='ltr'><strong>ipsa</strong></span> <span class='ocrx_word' id='word_1_344' title='bbox 689 4461 784 4516; x_wconf 85' lang='lat' dir='ltr'><strong>per</strong></span> <span class='ocrx_word' id='word_1_345' title='bbox 803 4465 898 4505; x_wconf 90' lang='lat' dir='ltr'><strong>eos</strong></span> <span class='ocrx_word' id='word_1_346' title='bbox 923 4457 1282 4514; x_wconf 78' lang='lat' dir='ltr'><strong>convertenda</strong></span> <span class='ocrx_word' id='word_1_347' title='bbox 1304 4442 1540 4533; x_wconf 81' lang='lat' dir='ltr'><strong>curavit,</strong></span> <span class='ocrx_word' id='word_1_348' title='bbox 1581 4480 1738 4542; x_wconf 88' lang='lat' dir='ltr'><strong>atque</strong></span> <span class='ocrx_word' id='word_1_349' title='bbox 1768 4476 1818 4530; x_wconf 91' lang='lat' dir='ltr'><strong>in</strong></span> <span class='ocrx_word' id='word_1_350' title='bbox 1849 4477 2009 4533; x_wconf 88' lang='lat' dir='ltr'><strong>Sera-</strong></span> 
     </span>
    </p>
   </div>
   <div class='ocr_carea' id='block_1_47' title="bbox 423 4534 2008 4635">
    <p class='ocr_par' dir='ltr' id='par_1_47' title="bbox 423 4534 2008 4635">
     <span class='ocr_line' id='line_1_47' title="bbox 423 4534 2008 4635; baseline 0.028 -50"><span class='ocrx_word' id='word_1_351' title='bbox 423 4534 562 4602; x_wconf 88' lang='lat' dir='ltr'><strong>pidis</strong></span> <span class='ocrx_word' id='word_1_352' title='bbox 593 4541 790 4607; x_wconf 91' lang='lat' dir='ltr'><strong>templo</strong></span> <span class='ocrx_word' id='word_1_353' title='bbox 829 4546 1068 4614; x_wconf 88' lang='lat' dir='ltr'><strong>reposuit</strong></span> <span class='ocrx_word' id='word_1_354' title='bbox 1087 4566 1100 4602; x_wconf 93' lang='lat'>:</span> <span class='ocrx_word' id='word_1_355' title='bbox 1119 4559 1234 4605; x_wconf 89' lang='lat' dir='ltr'><strong>erat</strong></span> <span class='ocrx_word' id='word_1_356' title='bbox 1261 4556 1403 4610; x_wconf 91' lang='lat' dir='ltr'><strong>enim</strong></span> <span class='ocrx_word' id='word_1_357' title='bbox 1434 4558 1592 4616; x_wconf 89' lang='lat' dir='ltr'><strong>homo</strong></span> <span class='ocrx_word' id='word_1_358' title='bbox 1617 4534 1837 4635; x_wconf 62' lang='lat' dir='ltr'><strong>graces,</strong></span> <span class='ocrx_word' id='word_1_359' title='bbox 1871 4581 1924 4626; x_wconf 89' lang='lat' dir='ltr'><strong>et</strong></span> <span class='ocrx_word' id='word_1_360' title='bbox 1954 4573 2008 4628; x_wconf 92' lang='lat' dir='ltr'><strong>in</strong></span> 
     </span>
    </p>
   </div>
   <div class='ocr_carea' id='block_1_48' title="bbox 422 4623 2007 4731">
    <p class='ocr_par' dir='ltr' id='par_1_48' title="bbox 422 4623 2007 4731">
     <span class='ocr_line' id='line_1_48' title="bbox 422 4623 2007 4731; baseline 0.026 -55"><span class='ocrx_word' id='word_1_361' title='bbox 422 4623 564 4680; x_wconf 90' lang='lat' dir='ltr'><strong>hunc</strong></span> <span class='ocrx_word' id='word_1_362' title='bbox 601 4626 744 4682; x_wconf 90' lang='lat' dir='ltr'><strong>diem</strong></span> <span class='ocrx_word' id='word_1_363' title='bbox 779 4647 948 4702; x_wconf 88' lang='lat' dir='ltr'><strong>usque</strong></span> <span class='ocrx_word' id='word_1_364' title='bbox 977 4635 1234 4696; x_wconf 88' lang='lat' dir='ltr'><strong>librorum</strong></span> <span class='ocrx_word' id='word_1_365' title='bbox 1281 4623 1712 4716; x_wconf 79' lang='lat' dir='ltr'><strong>propheticoer</strong></span> <span class='ocrx_word' id='word_1_366' title='bbox 1743 4659 2007 4731; x_wconf 82' lang='lat' dir='ltr'><strong>interpre-</strong></span> 
     </span>
    </p>
   </div>
   <div class='ocr_carea' id='block_1_49' title="bbox 420 4714 2008 4820">
    <p class='ocr_par' dir='ltr' id='par_1_49' title="bbox 420 4714 2008 4820">
     <span class='ocr_line' id='line_1_49' title="bbox 420 4714 2008 4820; baseline 0.026 -54"><span class='ocrx_word' id='word_1_367' title='bbox 420 4714 554 4768; x_wconf 85' lang='lat' dir='ltr'><strong>tatio</strong></span> <span class='ocrx_word' id='word_1_368' title='bbox 582 4715 654 4770; x_wconf 92' lang='lat' dir='ltr'><strong>ibi</strong></span> <span class='ocrx_word' id='word_1_369' title='bbox 683 4731 945 4778; x_wconf 87' lang='lat' dir='ltr'><strong>servatur.</strong></span> <span class='ocrx_word' id='word_1_370' title='bbox 979 4725 1187 4798; x_wconf 88' lang='lat' dir='ltr'><strong>Ergone</strong></span> <span class='ocrx_word' id='word_1_371' title='bbox 1213 4714 1465 4804; x_wconf 84' lang='lat' dir='ltr'><strong>templum</strong></span> <span class='ocrx_word' id='word_1_372' title='bbox 1496 4741 1764 4813; x_wconf 89' lang='lat' dir='ltr'><strong>Serapidis</strong></span> <span class='ocrx_word' id='word_1_373' title='bbox 1791 4714 2008 4820; x_wconf 56' lang='lat' dir='ltr'><strong>prorptcr</strong></span> 
     </span>
    </p>
   </div>
   <div class='ocr_carea' id='block_1_50' title="bbox 419 4801 2002 4910">
    <p class='ocr_par' dir='ltr' id='par_1_50' title="bbox 419 4801 2002 4910">
     <span class='ocr_line' id='line_1_50' title="bbox 419 4801 2002 4910; baseline 0.028 -55"><span class='ocrx_word' id='word_1_374' title='bbox 419 4801 588 4860; x_wconf 89' lang='lat' dir='ltr'><strong>libros</strong></span> <span class='ocrx_word' id='word_1_375' title='bbox 613 4817 856 4866; x_wconf 89' lang='lat' dir='ltr'><strong>sanctum</strong></span> <span class='ocrx_word' id='word_1_376' title='bbox 885 4815 1021 4868; x_wconf 86' lang='lat' dir='ltr'><strong>erit?</strong></span> <span class='ocrx_word' id='word_1_377' title='bbox 1046 4819 1218 4877; x_wconf 87' lang='lat' dir='ltr'><strong>Absit.</strong></span> <span class='ocrx_word' id='word_1_378' title='bbox 1243 4823 1349 4880; x_wconf 90' lang='lat' dir='ltr'><strong>Sed</strong></span> <span class='ocrx_word' id='word_1_379' title='bbox 1369 4841 1464 4883; x_wconf 89' lang='lat' dir='ltr'><strong>sua</strong></span> <span class='ocrx_word' id='word_1_380' title='bbox 1491 4831 1594 4887; x_wconf 90' lang='lat' dir='ltr'><strong>illis</strong></span> <span class='ocrx_word' id='word_1_381' title='bbox 1623 4847 1706 4890; x_wconf 88' lang='lat' dir='ltr'><strong>est</strong></span> <span class='ocrx_word' id='word_1_382' title='bbox 1729 4841 2002 4910; x_wconf 88' lang='lat' dir='ltr'><strong>sanctitas,</strong></span> 
     </span>
    </p>
   </div>
   <div class='ocr_carea' id='block_1_51' title="bbox 418 4899 2002 5004">
    <p class='ocr_par' dir='ltr' id='par_1_51' title="bbox 418 4899 2002 5004">
     <span class='ocr_line' id='line_1_51' title="bbox 418 4899 2002 5004; baseline 0.029 -61"><span class='ocrx_word' id='word_1_383' title='bbox 418 4907 576 4962; x_wconf 90' lang='lat' dir='ltr'><strong>quam</strong></span> <span class='ocrx_word' id='word_1_384' title='bbox 605 4910 724 4951; x_wconf 91' lang='lat' dir='ltr'><strong>cum</strong></span> <span class='ocrx_word' id='word_1_385' title='bbox 753 4899 872 4957; x_wconf 86' lang='lat' dir='ltr'><strong>loco</strong></span> <span class='ocrx_word' id='word_1_386' title='bbox 899 4918 1004 4960; x_wconf 89' lang='lat' dir='ltr'><strong>non</strong></span> <span class='ocrx_word' id='word_1_387' title='bbox 1027 4914 1425 4972; x_wconf 89' lang='lat' dir='ltr'><strong>communicant</strong></span> <span class='ocrx_word' id='word_1_388' title='bbox 1452 4933 1670 4992; x_wconf 89' lang='lat' dir='ltr'><strong>propter</strong></span> <span class='ocrx_word' id='word_1_389' title='bbox 1695 4941 1880 4984; x_wconf 91' lang='lat' dir='ltr'><strong>eorum</strong></span> <span class='ocrx_word' id='word_1_390' title='bbox 1911 4935 2002 5004; x_wconf 92' lang='lat' dir='ltr'><strong>qui</strong></span> 
     </span>
     <span class='ocr_line' id='line_1_52' title="bbox 418 4981 1134 5004; baseline 0.028 0"><span class='ocrx_word' id='word_1_391' title='bbox 418 4981 522 5004; x_wconf 69' lang='grc' dir='ltr'><strong>ειη-</strong></span> <span class='ocrx_word' id='word_1_392' title='bbox 580 5001 663 5004; x_wconf 41' lang='grc' dir='ltr'><strong>--π</strong></span> <span class='ocrx_word' id='word_1_393' title='bbox 785 4991 798 5002; x_wconf 85' lang='grc'><strong>·</strong></span> <span class='ocrx_word' id='word_1_394' title='bbox 883 5000 894 5004; x_wconf 46' lang='grc' dir='ltr'><em>Α</em></span> <span class='ocrx_word' id='word_1_395' title='bbox 944 4995 957 5004; x_wconf 90' lang='grc'><strong>·</strong></span> <span class='ocrx_word' id='word_1_396' title='bbox 1123 4999 1134 5004; x_wconf 72' lang='grc'><strong>⁸</strong></span> 
     </span>
    </p>
   </div>
   <div class='ocr_carea' id='block_1_52' title="bbox 415 4981 2002 5096">
    <p class='ocr_par' dir='ltr' id='par_1_52' title="bbox 415 4981 2002 5096">
     <span class='ocr_line' id='line_1_53' title="bbox 415 4981 2002 5096; baseline 0.028 -60"><span class='ocrx_word' id='word_1_397' title='bbox 415 4981 524 5039; x_wconf 91' lang='lat' dir='ltr'><strong>illic</strong></span> <span class='ocrx_word' id='word_1_398' title='bbox 571 4991 901 5047; x_wconf 83' lang='lat' dir='ltr'><strong>conveniunt</strong></span> <span class='ocrx_word' id='word_1_399' title='bbox 943 4995 1323 5067; x_wconf 87' lang='lat' dir='ltr'><strong>impuritatem.</strong></span> <span class='ocrx_word' id='word_1_400' title='bbox 1379 4981 1518 5065; x_wconf 77' lang='lat' dir='ltr'><strong>Idem</strong></span> <span class='ocrx_word' id='word_1_401' title='bbox 1547 4981 1603 5068; x_wconf 77' lang='lat' dir='ltr'><strong>et</strong></span> <span class='ocrx_word' id='word_1_402' title='bbox 1629 4981 2002 5096; x_wconf 54' lang='lat' dir='ltr'><strong>deSynago&#39;ga</strong></span> 
     </span>
    </p>
   </div>
   <div class='ocr_carea' id='block_1_53' title="bbox 413 5078 1996 5187">
    <p class='ocr_par' dir='ltr' id='par_1_53' title="bbox 413 5078 1996 5187">
     <span class='ocr_line' id='line_1_54' title="bbox 413 5078 1996 5187; baseline 0.03 -61"><span class='ocrx_word' id='word_1_403' title='bbox 413 5078 741 5134; x_wconf 89' lang='lat' dir='ltr'><strong>censendum</strong></span> <span class='ocrx_word' id='word_1_404' title='bbox 773 5094 875 5137; x_wconf 88' lang='lat' dir='ltr'><strong>est.</strong></span> <span class='ocrx_word' id='word_1_405' title='bbox 905 5084 1125 5146; x_wconf 87' lang='lat' dir='ltr'><strong>Etiamsi</strong></span> <span class='ocrx_word' id='word_1_406' title='bbox 1171 5095 1312 5151; x_wconf 89' lang='lat' dir='ltr'><strong>enim</strong></span> <span class='ocrx_word' id='word_1_407' title='bbox 1341 5101 1540 5159; x_wconf 87' lang='lat' dir='ltr'><strong>nullttm</strong></span> <span class='ocrx_word' id='word_1_408' title='bbox 1570 5108 1637 5163; x_wconf 92' lang='lat' dir='ltr'><strong>ibi</strong></span> <span class='ocrx_word' id='word_1_409' title='bbox 1669 5110 1867 5170; x_wconf 85' lang='lat' dir='ltr'><strong>Idolum</strong></span> <span class='ocrx_word' id='word_1_410' title='bbox 1894 5119 1996 5187; x_wconf 87' lang='lat' dir='ltr'><strong>sit,</strong></span> 
     </span>
    </p>
   </div>
   <div class='ocr_carea' id='block_1_54' title="bbox 420 5168 1999 5266">
    <p class='ocr_par' dir='ltr' id='par_1_54' title="bbox 420 5168 1999 5266">
     <span class='ocr_line' id='line_1_55' title="bbox 420 5168 1999 5266; baseline 0.031 -48"><span class='ocrx_word' id='word_1_411' title='bbox 420 5173 598 5221; x_wconf 89' lang='lat' dir='ltr'><strong>tamen</strong></span> <span class='ocrx_word' id='word_1_412' title='bbox 625 5168 897 5232; x_wconf 66' lang='lat' dir='ltr'><strong>daemones</strong></span> <span class='ocrx_word' id='word_1_413' title='bbox 925 5177 1098 5235; x_wconf 90' lang='lat' dir='ltr'><strong>locum</strong></span> <span class='ocrx_word' id='word_1_414' title='bbox 1126 5184 1380 5244; x_wconf 92' lang='lat' dir='ltr'><strong>incolunt.</strong></span> <span class='ocrx_word' id='word_1_415' title='bbox 1410 5193 1560 5260; x_wconf 90' lang='lat' dir='ltr'><strong>Quod</strong></span> <span class='ocrx_word' id='word_1_416' title='bbox 1589 5215 1693 5256; x_wconf 92' lang='lat' dir='ltr'><strong>non</strong></span> <span class='ocrx_word' id='word_1_417' title='bbox 1720 5203 1786 5259; x_wconf 89' lang='lat' dir='ltr'><strong>de</strong></span> <span class='ocrx_word' id='word_1_418' title='bbox 1815 5221 1875 5261; x_wconf 90' lang='lat' dir='ltr'><strong>ea</strong></span> <span class='ocrx_word' id='word_1_419' title='bbox 1907 5168 1999 5266; x_wconf 66' lang='lat' dir='ltr'><strong>so:</strong></span> 
     </span>
    </p>
   </div>
   <div class='ocr_carea' id='block_1_55' title="bbox 410 5257 1996 5358">
    <p class='ocr_par' dir='ltr' id='par_1_55' title="bbox 410 5257 1996 5358">
     <span class='ocr_line' id='line_1_56' title="bbox 410 5257 1996 5358; baseline 0.03 -49"><span class='ocrx_word' id='word_1_420' title='bbox 410 5257 519 5311; x_wconf 90' lang='lat' dir='ltr'><strong>lum</strong></span> <span class='ocrx_word' id='word_1_421' title='bbox 568 5259 844 5334; x_wconf 82' lang='lat' dir='ltr'><strong>Syuagoga</strong></span> <span class='ocrx_word' id='word_1_422' title='bbox 893 5267 1051 5336; x_wconf 91' lang='lat' dir='ltr'><strong>dico,</strong></span> <span class='ocrx_word' id='word_1_423' title='bbox 1102 5290 1223 5344; x_wconf 70' lang='lat' dir='ltr'><strong>qute</strong></span> <span class='ocrx_word' id='word_1_424' title='bbox 1273 5278 1359 5335; x_wconf 91' lang='lat' dir='ltr'><strong>hic</strong></span> <span class='ocrx_word' id='word_1_425' title='bbox 1403 5257 1524 5352; x_wconf 79' lang='lat' dir='ltr'><strong>est;</strong></span> <span class='ocrx_word' id='word_1_426' title='bbox 1573 5293 1666 5347; x_wconf 89' lang='lat' dir='ltr'><strong>sed</strong></span> <span class='ocrx_word' id='word_1_427' title='bbox 1711 5304 1766 5350; x_wconf 89' lang='lat' dir='ltr'><strong>et</strong></span> <span class='ocrx_word' id='word_1_428' title='bbox 1809 5297 1898 5352; x_wconf 90' lang='lat' dir='ltr'><strong>illa</strong></span> <span class='ocrx_word' id='word_1_429' title='bbox 1944 5303 1996 5358; x_wconf 92' lang='lat' dir='ltr'><strong>in</strong></span> 
     </span>
    </p>
   </div>
   <div class='ocr_carea' id='block_1_56' title="bbox 1210 341 3020 408">
    <p class='ocr_par' dir='ltr' id='par_1_56' title="bbox 1210 341 3020 408">
     <span class='ocr_line' id='line_1_57' title="bbox 1210 341 3020 408; baseline 0.001 -2"><span class='ocrx_word' id='word_1_430' title='bbox 1210 350 1264 406; x_wconf 83' lang='lat' dir='ltr'><strong>S.</strong></span> <span class='ocrx_word' id='word_1_431' title='bbox 1296 347 1574 406; x_wconf 67' lang='lat' dir='ltr'><strong>JUANNlS</strong></span> <span class='ocrx_word' id='word_1_432' title='bbox 1613 342 2087 402; x_wconf 74' lang='lat' dir='ltr'><strong>CllRYSOSTOMl</strong></span> <span class='ocrx_word' id='word_1_433' title='bbox 2128 341 2444 400; x_wconf 74' lang='lat' dir='ltr'><strong>ARClllEP.</strong></span> <span class='ocrx_word' id='word_1_434' title='bbox 2485 345 3020 408; x_wconf 81' lang='lat' dir='ltr'><strong>CONSTANTINOP.</strong></span> 
     </span>
    </p>
   </div>
   <div class='ocr_carea' id='block_1_57' title="bbox 3623 344 3742 401">
    <p class='ocr_par' dir='ltr' id='par_1_57' title="bbox 3623 344 3742 401">
     <span class='ocr_line' id='line_1_58' title="bbox 3623 344 3742 401; baseline -0.008 0"><span class='ocrx_word' id='word_1_435' title='bbox 3623 344 3742 401; x_wconf 72' lang='lat'><strong>852</strong></span> 
     </span>
    </p>
   </div>
   <div class='ocr_carea' id='block_1_58' title="bbox 2152 460 3744 544">
    <p class='ocr_par' dir='ltr' id='par_1_58' title="bbox 2152 460 3744 544">
     <span class='ocr_line' id='line_1_59' title="bbox 2152 460 3744 544; baseline 0.018 -34"><span class='ocrx_word' id='word_1_436' title='bbox 2152 473 2294 512; x_wconf 78' lang='lat' dir='ltr'><strong>cant.</strong></span> <span class='ocrx_word' id='word_1_437' title='bbox 2338 460 2468 514; x_wconf 84' lang='lat' dir='ltr'><strong>Nam</strong></span> <span class='ocrx_word' id='word_1_438' title='bbox 2516 463 2709 519; x_wconf 90' lang='lat' dir='ltr'><strong>multos</strong></span> <span class='ocrx_word' id='word_1_439' title='bbox 2740 465 2924 521; x_wconf 87' lang='lat' dir='ltr'><strong>fideles</strong></span> <span class='ocrx_word' id='word_1_440' title='bbox 2955 468 3078 523; x_wconf 90' lang='lat' dir='ltr'><strong>illuc</strong></span> <span class='ocrx_word' id='word_1_441' title='bbox 3116 471 3412 529; x_wconf 76' lang='lat' dir='ltr'><strong>ascendere</strong></span> <span class='ocrx_word' id='word_1_442' title='bbox 3439 477 3648 544; x_wconf 83' lang='lat' dir='ltr'><strong>audivi,</strong></span> <span class='ocrx_word' id='word_1_443' title='bbox 3684 491 3744 538; x_wconf 89' lang='lat' dir='ltr'><strong>et</strong></span> 
     </span>
    </p>
   </div>
   <div class='ocr_carea' id='block_1_59' title="bbox 2145 548 3742 639">
    <p class='ocr_par' dir='ltr' id='par_1_59' title="bbox 2145 548 3742 639">
     <span class='ocr_line' id='line_1_60' title="bbox 2145 548 3742 639; baseline 0.017 -38"><span class='ocrx_word' id='word_1_444' title='bbox 2145 548 2294 616; x_wconf 82' lang='lat' dir='ltr'><strong>juxta</strong></span> <span class='ocrx_word' id='word_1_445' title='bbox 2339 551 2512 605; x_wconf 90' lang='lat' dir='ltr'><strong>locum</strong></span> <span class='ocrx_word' id='word_1_446' title='bbox 2550 553 2804 608; x_wconf 89' lang='lat' dir='ltr'><strong>dormire.</strong></span> <span class='ocrx_word' id='word_1_447' title='bbox 2850 559 2953 613; x_wconf 88' lang='lat' dir='ltr'><strong>Sed</strong></span> <span class='ocrx_word' id='word_1_448' title='bbox 2999 561 3171 628; x_wconf 89' lang='lat' dir='ltr'><strong>absit,</strong></span> <span class='ocrx_word' id='word_1_449' title='bbox 3226 565 3344 620; x_wconf 90' lang='lat' dir='ltr'><strong>illos</strong></span> <span class='ocrx_word' id='word_1_450' title='bbox 3385 585 3636 639; x_wconf 87' lang='lat' dir='ltr'><strong>umquam</strong></span> <span class='ocrx_word' id='word_1_451' title='bbox 3681 588 3742 628; x_wconf 92' lang='lat' dir='ltr'><strong>ut</strong></span> 
     </span>
    </p>
   </div>
   <div class='ocr_carea' id='block_1_60' title="bbox 2150 639 3740 726">
    <p class='ocr_par' dir='ltr' id='par_1_60' title="bbox 2150 639 3740 726">
     <span class='ocr_line' id='line_1_61' title="bbox 2150 639 3740 726; baseline 0.019 -37"><span class='ocrx_word' id='word_1_452' title='bbox 2150 639 2332 693; x_wconf 81' lang='lat' dir='ltr'><strong>fideles</strong></span> <span class='ocrx_word' id='word_1_453' title='bbox 2353 642 2638 710; x_wconf 86' lang='lat' dir='ltr'><strong>appellem.</strong></span> <span class='ocrx_word' id='word_1_454' title='bbox 2671 645 2794 699; x_wconf 82' lang='lat' dir='ltr'><strong>Mihi</strong></span> <span class='ocrx_word' id='word_1_455' title='bbox 2823 657 2871 700; x_wconf 85' lang='lat' dir='ltr'><strong>et</strong></span> <span class='ocrx_word' id='word_1_456' title='bbox 2907 649 3158 705; x_wconf 76' lang='lat' dir='ltr'><strong>Matrona:</strong></span> <span class='ocrx_word' id='word_1_457' title='bbox 3177 695 3192 720; x_wconf 94' lang='lat'><strong>,</strong></span> <span class='ocrx_word' id='word_1_458' title='bbox 3221 664 3276 708; x_wconf 89' lang='lat' dir='ltr'><strong>et</strong></span> <span class='ocrx_word' id='word_1_459' title='bbox 3299 658 3561 726; x_wconf 88' lang='lat' dir='ltr'><strong>Apollinis</strong></span> <span class='ocrx_word' id='word_1_460' title='bbox 3593 675 3740 718; x_wconf 80' lang='lat' dir='ltr'><strong>tein-</strong></span> 
     </span>
    </p>
   </div>
   <div class='ocr_carea' id='block_1_61' title="bbox 2149 731 3738 825">
    <p class='ocr_par' dir='ltr' id='par_1_61' title="bbox 2149 731 3738 825">
     <span class='ocr_line' id='line_1_62' title="bbox 2149 731 3738 825; baseline 0.019 -44"><span class='ocrx_word' id='word_1_461' title='bbox 2149 731 2316 798; x_wconf 89' lang='lat' dir='ltr'><strong>plum,</strong></span> <span class='ocrx_word' id='word_1_462' title='bbox 2345 735 2456 800; x_wconf 91' lang='lat' dir='ltr'><strong>pari</strong></span> <span class='ocrx_word' id='word_1_463' title='bbox 2481 735 2685 790; x_wconf 89' lang='lat' dir='ltr'><strong>ratione</strong></span> <span class='ocrx_word' id='word_1_464' title='bbox 2708 739 2969 806; x_wconf 85' lang='lat' dir='ltr'><strong>impurum</strong></span> <span class='ocrx_word' id='word_1_465' title='bbox 2992 753 3092 796; x_wconf 90' lang='lat' dir='ltr'><strong>est.</strong></span> <span class='ocrx_word' id='word_1_466' title='bbox 3117 745 3264 810; x_wconf 88' lang='lat' dir='ltr'><strong>Quod</strong></span> <span class='ocrx_word' id='word_1_467' title='bbox 3291 750 3334 802; x_wconf 94' lang='lat' dir='ltr'><strong>si</strong></span> <span class='ocrx_word' id='word_1_468' title='bbox 3363 767 3449 806; x_wconf 89' lang='lat' dir='ltr'><strong>me</strong></span> <span class='ocrx_word' id='word_1_469' title='bbox 3471 756 3738 825; x_wconf 85' lang='lat' dir='ltr'><strong>quispiam</strong></span> 
     </span>
    </p>
   </div>
   <div class='ocr_carea' id='block_1_62' title="bbox 2147 821 3740 905">
    <p class='ocr_par' dir='ltr' id='par_1_62' title="bbox 2147 821 3740 905">
     <span class='ocr_line' id='line_1_63' title="bbox 2147 821 3740 905; baseline 0.02 -32"><span class='ocrx_word' id='word_1_470' title='bbox 2147 821 2382 877; x_wconf 73' lang='lat' dir='ltr'><strong>audacia:</strong></span> <span class='ocrx_word' id='word_1_471' title='bbox 2407 827 2747 896; x_wconf 87' lang='lat' dir='ltr'><strong>condemnet,</strong></span> <span class='ocrx_word' id='word_1_472' title='bbox 2777 846 2896 885; x_wconf 88' lang='lat' dir='ltr'><strong>eum</strong></span> <span class='ocrx_word' id='word_1_473' title='bbox 2930 850 3030 902; x_wconf 80' lang='lat' dir='ltr'><strong>ego</strong></span> <span class='ocrx_word' id='word_1_474' title='bbox 3058 838 3288 894; x_wconf 85' lang='lat' dir='ltr'><strong>vicissim</strong></span> <span class='ocrx_word' id='word_1_475' title='bbox 3315 853 3569 901; x_wconf 69' lang='lat' dir='ltr'><strong>extremae</strong></span> <span class='ocrx_word' id='word_1_476' title='bbox 3593 851 3740 905; x_wconf 87' lang='lat' dir='ltr'><strong>insa-</strong></span> 
     </span>
    </p>
   </div>
   <div class='ocr_carea' id='block_1_63' title="bbox 2149 914 3736 998">
    <p class='ocr_par' dir='ltr' id='par_1_63' title="bbox 2149 914 3736 998">
     <span class='ocr_line' id='line_1_64' title="bbox 2149 914 3736 998; baseline 0.021 -34"><span class='ocrx_word' id='word_1_477' title='bbox 2149 914 2249 968; x_wconf 70' lang='lat' dir='ltr'><strong>nia:</strong></span> <span class='ocrx_word' id='word_1_478' title='bbox 2276 917 2663 975; x_wconf 89' lang='lat' dir='ltr'><strong>condemnabo.</strong></span> <span class='ocrx_word' id='word_1_479' title='bbox 2694 922 2846 986; x_wconf 84' lang='lat' dir='ltr'><strong>Nam,</strong></span> <span class='ocrx_word' id='word_1_480' title='bbox 2877 925 2966 980; x_wconf 88' lang='lat' dir='ltr'><strong>die</strong></span> <span class='ocrx_word' id='word_1_481' title='bbox 2995 928 3143 996; x_wconf 90' lang='lat' dir='ltr'><strong>mihi,</strong></span> <span class='ocrx_word' id='word_1_482' title='bbox 3178 933 3263 986; x_wconf 90' lang='lat' dir='ltr'><strong>ubi</strong></span> <span class='ocrx_word' id='word_1_483' title='bbox 3289 934 3560 994; x_wconf 68' lang='lat' dir='ltr'><strong>dthOlleS</strong></span> <span class='ocrx_word' id='word_1_484' title='bbox 3584 943 3736 998; x_wconf 66' lang='lat' dir='ltr'><strong>habic</strong></span> 
     </span>
    </p>
   </div>
   <div class='ocr_carea' id='block_1_64' title="bbox 2150 1011 3736 1091">
    <p class='ocr_par' dir='ltr' id='par_1_64' title="bbox 2150 1011 3736 1091">
     <span class='ocr_line' id='line_1_65' title="bbox 2150 1011 3736 1091; baseline 0.021 -35"><span class='ocrx_word' id='word_1_485' title='bbox 2150 1013 2300 1067; x_wconf 86' lang='lat' dir='ltr'><strong>tant,</strong></span> <span class='ocrx_word' id='word_1_486' title='bbox 2341 1022 2519 1063; x_wconf 90' lang='lat' dir='ltr'><strong>nonne</strong></span> <span class='ocrx_word' id='word_1_487' title='bbox 2565 1011 2847 1080; x_wconf 90' lang='lat' dir='ltr'><strong>impietatis</strong></span> <span class='ocrx_word' id='word_1_488' title='bbox 2898 1017 2985 1070; x_wconf 89' lang='lat' dir='ltr'><strong>ille</strong></span> <span class='ocrx_word' id='word_1_489' title='bbox 3028 1018 3192 1086; x_wconf 89' lang='lat' dir='ltr'><strong>locus,</strong></span> <span class='ocrx_word' id='word_1_490' title='bbox 3240 1025 3446 1082; x_wconf 81' lang='lat' dir='ltr'><strong>etiamsi</strong></span> <span class='ocrx_word' id='word_1_491' title='bbox 3487 1032 3630 1085; x_wconf 87' lang='lat' dir='ltr'><strong>nulla</strong></span> <span class='ocrx_word' id='word_1_492' title='bbox 3661 1037 3736 1091; x_wconf 91' lang='lat' dir='ltr'><strong>ibi</strong></span> 
     </span>
    </p>
   </div>
   <div class='ocr_carea' id='block_1_65' title="bbox 2146 1100 3734 1194">
    <p class='ocr_par' dir='ltr' id='par_1_65' title="bbox 2146 1100 3734 1194">
     <span class='ocr_line' id='line_1_66' title="bbox 2146 1100 3734 1194; baseline 0.021 -45"><span class='ocrx_word' id='word_1_493' title='bbox 2146 1103 2318 1152; x_wconf 88' lang='lat' dir='ltr'><strong>statua</strong></span> <span class='ocrx_word' id='word_1_494' title='bbox 2354 1100 2460 1154; x_wconf 87' lang='lat' dir='ltr'><strong>sit?</strong></span> <span class='ocrx_word' id='word_1_495' title='bbox 2491 1101 2587 1156; x_wconf 90' lang='lat' dir='ltr'><strong>Ubi</strong></span> <span class='ocrx_word' id='word_1_496' title='bbox 2623 1104 2819 1160; x_wconf 86' lang='lat' dir='ltr'><strong>Christi</strong></span> <span class='ocrx_word' id='word_1_497' title='bbox 2867 1109 3235 1170; x_wconf 88' lang='lat' dir='ltr'><strong>interfectores</strong></span> <span class='ocrx_word' id='word_1_498' title='bbox 3274 1124 3692 1191; x_wconf 89' lang='lat' dir='ltr'><strong>congrediuntur</strong></span> <span class='ocrx_word' id='word_1_499' title='bbox 3716 1170 3734 1194; x_wconf 91' lang='lat'><strong>,</strong></span> 
     </span>
    </p>
   </div>
   <div class='ocr_carea' id='block_1_66' title="bbox 2149 1185 3734 1280">
    <p class='ocr_par' dir='ltr' id='par_1_66' title="bbox 2149 1185 3734 1280">
     <span class='ocr_line' id='line_1_67' title="bbox 2149 1185 3734 1280; baseline 0.021 -42"><span class='ocrx_word' id='word_1_500' title='bbox 2149 1185 2236 1239; x_wconf 87' lang='lat' dir='ltr'><strong>ubi</strong></span> <span class='ocrx_word' id='word_1_501' title='bbox 2284 1202 2414 1242; x_wconf 82' lang='lat' dir='ltr'><strong>crux</strong></span> <span class='ocrx_word' id='word_1_502' title='bbox 2445 1193 2793 1260; x_wconf 81' lang='lat' dir='ltr'><strong>exturbatur,</strong></span> <span class='ocrx_word' id='word_1_503' title='bbox 2846 1199 2932 1254; x_wconf 91' lang='lat' dir='ltr'><strong>ubi</strong></span> <span class='ocrx_word' id='word_1_504' title='bbox 2986 1201 3122 1256; x_wconf 89' lang='lat' dir='ltr'><strong>Deus</strong></span> <span class='ocrx_word' id='word_1_505' title='bbox 3163 1185 3592 1280; x_wconf 63' lang='lat' dir='ltr'><strong>blasphematur,</strong></span> <span class='ocrx_word' id='word_1_506' title='bbox 3644 1219 3734 1272; x_wconf 90' lang='lat' dir='ltr'><strong>ubi</strong></span> 
     </span>
    </p>
   </div>
   <div class='ocr_carea' id='block_1_67' title="bbox 2146 1276 3735 1375">
    <p class='ocr_par' dir='ltr' id='par_1_67' title="bbox 2146 1276 3735 1375">
     <span class='ocr_line' id='line_1_68' title="bbox 2146 1276 3735 1375; baseline 0.022 -46"><span class='ocrx_word' id='word_1_507' title='bbox 2146 1276 2305 1332; x_wconf 90' lang='lat' dir='ltr'><strong>Pater</strong></span> <span class='ocrx_word' id='word_1_508' title='bbox 2332 1280 2605 1348; x_wconf 82' lang='lat' dir='ltr'><strong>ignoratur</strong></span> <span class='ocrx_word' id='word_1_509' title='bbox 2628 1326 2642 1348; x_wconf 93' lang='lat'><strong>,</strong></span> <span class='ocrx_word' id='word_1_510' title='bbox 2675 1286 2762 1341; x_wconf 90' lang='lat' dir='ltr'><strong>ubi</strong></span> <span class='ocrx_word' id='word_1_511' title='bbox 2790 1287 2954 1346; x_wconf 88' lang='lat' dir='ltr'><strong>Filius</strong></span> <span class='ocrx_word' id='word_1_512' title='bbox 2983 1276 3321 1354; x_wconf 85' lang='lat' dir='ltr'><strong>contumeliis</strong></span> <span class='ocrx_word' id='word_1_513' title='bbox 3348 1302 3610 1375; x_wconf 79' lang='lat' dir='ltr'><strong>afficitur,</strong></span> <span class='ocrx_word' id='word_1_514' title='bbox 3642 1311 3735 1364; x_wconf 88' lang='lat' dir='ltr'><strong>ubi</strong></span> 
     </span>
    </p>
   </div>
   <div class='ocr_carea' id='block_1_68' title="bbox 2151 1367 3733 1468">
    <p class='ocr_par' dir='ltr' id='par_1_68' title="bbox 2151 1367 3733 1468">
     <span class='ocr_line' id='line_1_69' title="bbox 2151 1367 3733 1468; baseline 0.023 -48"><span class='ocrx_word' id='word_1_515' title='bbox 2151 1367 2382 1438; x_wconf 89' lang='lat' dir='ltr'><strong>Spiritus</strong></span> <span class='ocrx_word' id='word_1_516' title='bbox 2409 1375 2577 1442; x_wconf 86' lang='lat' dir='ltr'><strong>gratia</strong></span> <span class='ocrx_word' id='word_1_517' title='bbox 2609 1377 2844 1446; x_wconf 89' lang='lat' dir='ltr'><strong>rejicitur</strong></span> <span class='ocrx_word' id='word_1_518' title='bbox 2865 1400 2875 1435; x_wconf 92' lang='lat'><strong>:</strong></span> <span class='ocrx_word' id='word_1_519' title='bbox 2898 1385 3022 1452; x_wconf 93' lang='lat' dir='ltr'><strong>quin</strong></span> <span class='ocrx_word' id='word_1_520' title='bbox 3044 1427 3058 1450; x_wconf 93' lang='lat'><strong>,</strong></span> <span class='ocrx_word' id='word_1_521' title='bbox 3099 1403 3218 1442; x_wconf 92' lang='lat' dir='ltr'><strong>cum</strong></span> <span class='ocrx_word' id='word_1_522' title='bbox 3256 1392 3354 1462; x_wconf 89' lang='lat' dir='ltr'><strong>ipsi</strong></span> <span class='ocrx_word' id='word_1_523' title='bbox 3381 1367 3733 1468; x_wconf 40' lang='lat' dir='ltr'><strong>quoquc&#39;daa-</strong></span> 
     </span>
    </p>
   </div>
   <div class='ocr_carea' id='block_1_69' title="bbox 2145 1465 3734 1552">
    <p class='ocr_par' dir='ltr' id='par_1_69' title="bbox 2145 1465 3734 1552">
     <span class='ocr_line' id='line_1_70' title="bbox 2145 1465 3734 1552; baseline 0.024 -40"><span class='ocrx_word' id='word_1_524' title='bbox 2145 1475 2331 1517; x_wconf 90' lang='lat' dir='ltr'><strong>mones</strong></span> <span class='ocrx_word' id='word_1_525' title='bbox 2377 1465 2516 1531; x_wconf 87' lang='lat' dir='ltr'><strong>sint,</strong></span> <span class='ocrx_word' id='word_1_526' title='bbox 2579 1484 2760 1528; x_wconf 88' lang='lat' dir='ltr'><strong>annon</strong></span> <span class='ocrx_word' id='word_1_527' title='bbox 2813 1475 2981 1546; x_wconf 90' lang='lat' dir='ltr'><strong>majus</strong></span> <span class='ocrx_word' id='word_1_528' title='bbox 3026 1479 3148 1536; x_wconf 90' lang='lat' dir='ltr'><strong>hinc</strong></span> <span class='ocrx_word' id='word_1_529' title='bbox 3179 1483 3734 1552; x_wconf 82' lang='lat' dir='ltr'><strong>detrimentum?lllie</strong></span> 
     </span>
    </p>
   </div>
   <div class='ocr_carea' id='block_1_70' title="bbox 2145 1553 3734 1648">
    <p class='ocr_par' dir='ltr' id='par_1_70' title="bbox 2145 1553 3734 1648">
     <span class='ocr_line' id='line_1_71' title="bbox 2145 1553 3734 1648; baseline 0.025 -41"><span class='ocrx_word' id='word_1_530' title='bbox 2145 1553 2286 1608; x_wconf 89' lang='lat' dir='ltr'><strong>enim</strong></span> <span class='ocrx_word' id='word_1_531' title='bbox 2315 1555 2454 1611; x_wconf 89' lang='lat' dir='ltr'><strong>nuda</strong></span> <span class='ocrx_word' id='word_1_532' title='bbox 2483 1567 2563 1614; x_wconf 89' lang='lat' dir='ltr'><strong>est</strong></span> <span class='ocrx_word' id='word_1_533' title='bbox 2591 1570 2644 1616; x_wconf 89' lang='lat' dir='ltr'><strong>et</strong></span> <span class='ocrx_word' id='word_1_534' title='bbox 2669 1567 2952 1634; x_wconf 90' lang='lat' dir='ltr'><strong>conspicua</strong></span> <span class='ocrx_word' id='word_1_535' title='bbox 2984 1570 3248 1642; x_wconf 89' lang='lat' dir='ltr'><strong>impietas,</strong></span> <span class='ocrx_word' id='word_1_536' title='bbox 3278 1593 3397 1648; x_wconf 76' lang='lat' dir='ltr'><strong>qutc</strong></span> <span class='ocrx_word' id='word_1_537' title='bbox 3428 1599 3532 1638; x_wconf 93' lang='lat' dir='ltr'><strong>non</strong></span> <span class='ocrx_word' id='word_1_538' title='bbox 3573 1585 3734 1646; x_wconf 83' lang='lat' dir='ltr'><strong>facile</strong></span> 
     </span>
    </p>
   </div>
   <div class='ocr_carea' id='block_1_71' title="bbox 2145 1649 3728 1748">
    <p class='ocr_par' dir='ltr' id='par_1_71' title="bbox 2145 1649 3728 1748">
     <span class='ocr_line' id='line_1_72' title="bbox 2145 1649 3728 1748; baseline 0.024 -52"><span class='ocrx_word' id='word_1_539' title='bbox 2145 1654 2322 1700; x_wconf 89' lang='lat' dir='ltr'><strong>mente</strong></span> <span class='ocrx_word' id='word_1_540' title='bbox 2349 1649 2625 1717; x_wconf 62' lang='lat' dir='ltr'><strong>pra&#39;ditum</strong></span> <span class='ocrx_word' id='word_1_541' title='bbox 2665 1665 2718 1708; x_wconf 85' lang='lat' dir='ltr'><strong>et</strong></span> <span class='ocrx_word' id='word_1_542' title='bbox 2756 1671 2942 1713; x_wconf 88' lang='lat' dir='ltr'><strong>sanum</strong></span> <span class='ocrx_word' id='word_1_543' title='bbox 2985 1663 3260 1732; x_wconf 85' lang='lat' dir='ltr'><strong>pellexerit</strong></span> <span class='ocrx_word' id='word_1_544' title='bbox 3305 1682 3396 1726; x_wconf 90' lang='lat' dir='ltr'><strong>aut</strong></span> <span class='ocrx_word' id='word_1_545' title='bbox 3433 1674 3728 1748; x_wconf 82' lang='lat' dir='ltr'><strong>deceperit.</strong></span> 
     </span>
    </p>
   </div>
   <div class='ocr_carea' id='block_1_72' title="bbox 2145 1736 3728 1826">
    <p class='ocr_par' dir='ltr' id='par_1_72' title="bbox 2145 1736 3728 1826">
     <span class='ocr_line' id='line_1_73' title="bbox 2145 1736 3728 1826; baseline 0.022 -35"><span class='ocrx_word' id='word_1_546' title='bbox 2145 1736 2243 1794; x_wconf 85' lang='lat' dir='ltr'><strong>Hic</strong></span> <span class='ocrx_word' id='word_1_547' title='bbox 2269 1755 2416 1806; x_wconf 89' lang='lat' dir='ltr'><strong>vero,</strong></span> <span class='ocrx_word' id='word_1_548' title='bbox 2445 1758 2566 1799; x_wconf 92' lang='lat' dir='ltr'><strong>cum</strong></span> <span class='ocrx_word' id='word_1_549' title='bbox 2593 1762 2650 1800; x_wconf 91' lang='lat' dir='ltr'><strong>se</strong></span> <span class='ocrx_word' id='word_1_550' title='bbox 2672 1749 2896 1807; x_wconf 90' lang='lat' dir='ltr'><strong>adorare</strong></span> <span class='ocrx_word' id='word_1_551' title='bbox 2921 1754 3098 1812; x_wconf 91' lang='lat' dir='ltr'><strong>dicant</strong></span> <span class='ocrx_word' id='word_1_552' title='bbox 3131 1759 3296 1816; x_wconf 92' lang='lat' dir='ltr'><strong>Deum</strong></span> <span class='ocrx_word' id='word_1_553' title='bbox 3325 1775 3378 1819; x_wconf 90' lang='lat' dir='ltr'><strong>et</strong></span> <span class='ocrx_word' id='word_1_554' title='bbox 3409 1767 3544 1823; x_wconf 91' lang='lat' dir='ltr'><strong>idola</strong></span> <span class='ocrx_word' id='word_1_555' title='bbox 3573 1787 3728 1826; x_wconf 77' lang='lat' dir='ltr'><strong>arer-</strong></span> 
     </span>
    </p>
   </div>
   <div class='ocr_carea' id='block_1_73' title="bbox 2144 1831 3728 1924">
    <p class='ocr_par' dir='ltr' id='par_1_73' title="bbox 2144 1831 3728 1924">
     <span class='ocr_line' id='line_1_74' title="bbox 2144 1831 3728 1924; baseline 0.026 -42"><span class='ocrx_word' id='word_1_556' title='bbox 2144 1831 2284 1898; x_wconf 90' lang='lat' dir='ltr'><strong>sari,</strong></span> <span class='ocrx_word' id='word_1_557' title='bbox 2335 1836 2620 1906; x_wconf 89' lang='lat' dir='ltr'><strong>prophetas</strong></span> <span class='ocrx_word' id='word_1_558' title='bbox 2666 1840 2866 1900; x_wconf 90' lang='lat' dir='ltr'><strong>habere</strong></span> <span class='ocrx_word' id='word_1_559' title='bbox 2916 1857 2970 1902; x_wconf 93' lang='lat' dir='ltr'><strong>et</strong></span> <span class='ocrx_word' id='word_1_560' title='bbox 3017 1849 3310 1924; x_wconf 90' lang='lat' dir='ltr'><strong>honorare,</strong></span> <span class='ocrx_word' id='word_1_561' title='bbox 3355 1863 3533 1918; x_wconf 89' lang='lat' dir='ltr'><strong>verbis</strong></span> <span class='ocrx_word' id='word_1_562' title='bbox 3580 1865 3728 1924; x_wconf 84' lang='lat' dir='ltr'><strong>hisce</strong></span> 
     </span>
    </p>
   </div>
   <div class='ocr_carea' id='block_1_74' title="bbox 2147 1923 3728 2024">
    <p class='ocr_par' dir='ltr' id='par_1_74' title="bbox 2147 1923 3728 2024">
     <span class='ocr_line' id='line_1_75' title="bbox 2147 1923 3728 2024; baseline 0.025 -49"><span class='ocrx_word' id='word_1_563' title='bbox 2147 1923 2368 1980; x_wconf 91' lang='lat' dir='ltr'><strong>multum</strong></span> <span class='ocrx_word' id='word_1_564' title='bbox 2399 1943 2536 1984; x_wconf 75' lang='lat' dir='ltr'><strong>esca:</strong></span> <span class='ocrx_word' id='word_1_565' title='bbox 2583 1945 2900 2003; x_wconf 73' lang='lat' dir='ltr'><strong>prteparant,</strong></span> <span class='ocrx_word' id='word_1_566' title='bbox 2945 1949 2999 1994; x_wconf 89' lang='lat' dir='ltr'><strong>et</strong></span> <span class='ocrx_word' id='word_1_567' title='bbox 3041 1923 3387 2015; x_wconf 88' lang='lat' dir='ltr'><strong>simpliciores</strong></span> <span class='ocrx_word' id='word_1_568' title='bbox 3429 1962 3587 2024; x_wconf 90' lang='lat' dir='ltr'><strong>atque</strong></span> <span class='ocrx_word' id='word_1_569' title='bbox 3625 1957 3728 2013; x_wconf 82' lang='lat' dir='ltr'><strong>im-</strong></span> 
     </span>
    </p>
   </div>
   <div class='ocr_carea' id='block_1_75' title="bbox 2144 2015 3725 2110">
    <p class='ocr_par' dir='ltr' id='par_1_75' title="bbox 2144 2015 3725 2110">
     <span class='ocr_line' id='line_1_76' title="bbox 2144 2015 3725 2110; baseline 0.025 -45"><span class='ocrx_word' id='word_1_570' title='bbox 2144 2015 2433 2083; x_wconf 88' lang='lat' dir='ltr'><strong>prudentes</strong></span> <span class='ocrx_word' id='word_1_571' title='bbox 2461 2019 2698 2078; x_wconf 88' lang='lat' dir='ltr'><strong>incautos</strong></span> <span class='ocrx_word' id='word_1_572' title='bbox 2729 2026 2992 2086; x_wconf 90' lang='lat' dir='ltr'><strong>irrctiunt.</strong></span> <span class='ocrx_word' id='word_1_573' title='bbox 3034 2034 3209 2099; x_wconf 86' lang='lat' dir='ltr'><strong>Quare</strong></span> <span class='ocrx_word' id='word_1_574' title='bbox 3251 2038 3493 2110; x_wconf 90' lang='lat' dir='ltr'><strong>impietas</strong></span> <span class='ocrx_word' id='word_1_575' title='bbox 3523 2057 3606 2100; x_wconf 86' lang='lat' dir='ltr'><strong>est</strong></span> <span class='ocrx_word' id='word_1_576' title='bbox 3628 2064 3725 2103; x_wconf 87' lang='lat' dir='ltr'><strong>ea-</strong></span> 
     </span>
    </p>
   </div>
   <div class='ocr_carea' id='block_1_76' title="bbox 2142 2106 3726 2211">
    <p class='ocr_par' dir='ltr' id='par_1_76' title="bbox 2142 2106 3726 2211">
     <span class='ocr_line' id='line_1_77' title="bbox 2142 2106 3726 2211; baseline 0.023 -50"><span class='ocrx_word' id='word_1_577' title='bbox 2142 2106 2260 2162; x_wconf 90' lang='lat' dir='ltr'><strong>dem</strong></span> <span class='ocrx_word' id='word_1_578' title='bbox 2281 2117 2333 2162; x_wconf 87' lang='lat' dir='ltr'><strong>et</strong></span> <span class='ocrx_word' id='word_1_579' title='bbox 2356 2111 2482 2180; x_wconf 88' lang='lat' dir='ltr'><strong>ipsis</strong></span> <span class='ocrx_word' id='word_1_580' title='bbox 2502 2123 2555 2168; x_wconf 87' lang='lat' dir='ltr'><strong>et</strong></span> <span class='ocrx_word' id='word_1_581' title='bbox 2570 2114 2768 2173; x_wconf 68' lang='lat' dir='ltr'><strong>Crtecis</strong></span> <span class='ocrx_word' id='word_1_582' title='bbox 2788 2137 2801 2173; x_wconf 91' lang='lat'>:</span> <span class='ocrx_word' id='word_1_583' title='bbox 2819 2122 3104 2191; x_wconf 90' lang='lat' dir='ltr'><strong>impostura</strong></span> <span class='ocrx_word' id='word_1_584' title='bbox 3130 2139 3304 2186; x_wconf 90' lang='lat' dir='ltr'><strong>autem</strong></span> <span class='ocrx_word' id='word_1_585' title='bbox 3333 2143 3547 2190; x_wconf 89' lang='lat' dir='ltr'><strong>utuntur</strong></span> <span class='ocrx_word' id='word_1_586' title='bbox 3567 2139 3726 2211; x_wconf 81' lang='lat' dir='ltr'><strong>longe</strong></span> 
     </span>
    </p>
   </div>
   <div class='ocr_carea' id='block_1_77' title="bbox 2144 2201 3721 2304">
    <p class='ocr_par' dir='ltr' id='par_1_77' title="bbox 2144 2201 3721 2304">
     <span class='ocr_line' id='line_1_78' title="bbox 2144 2201 3721 2304; baseline 0.024 -52"><span class='ocrx_word' id='word_1_587' title='bbox 2144 2201 2542 2268; x_wconf 80' lang='lat' dir='ltr'><strong>perniciosiore:</strong></span> <span class='ocrx_word' id='word_1_588' title='bbox 2591 2207 2720 2265; x_wconf 90' lang='lat' dir='ltr'><strong>Nam</strong></span> <span class='ocrx_word' id='word_1_589' title='bbox 2762 2227 2908 2268; x_wconf 88' lang='lat' dir='ltr'><strong>aram</strong></span> <span class='ocrx_word' id='word_1_590' title='bbox 2942 2215 3142 2276; x_wconf 91' lang='lat' dir='ltr'><strong>fraudis</strong></span> <span class='ocrx_word' id='word_1_591' title='bbox 3183 2223 3378 2282; x_wconf 87' lang='lat' dir='ltr'><strong>habent</strong></span> <span class='ocrx_word' id='word_1_592' title='bbox 3416 2245 3520 2285; x_wconf 91' lang='lat' dir='ltr'><strong>non</strong></span> <span class='ocrx_word' id='word_1_593' title='bbox 3563 2248 3721 2304; x_wconf 87' lang='lat' dir='ltr'><strong>aspe-</strong></span> 
     </span>
    </p>
   </div>
   <div class='ocr_carea' id='block_1_78' title="bbox 2142 2291 3718 2390">
    <p class='ocr_par' dir='ltr' id='par_1_78' title="bbox 2142 2291 3718 2390">
     <span class='ocr_line' id='line_1_79' title="bbox 2142 2291 3718 2390; baseline 0.025 -47"><span class='ocrx_word' id='word_1_594' title='bbox 2142 2291 2389 2347; x_wconf 88' lang='lat' dir='ltr'><strong>ctabilem</strong></span> <span class='ocrx_word' id='word_1_595' title='bbox 2436 2296 2534 2366; x_wconf 89' lang='lat' dir='ltr'><strong>ipsi</strong></span> <span class='ocrx_word' id='word_1_596' title='bbox 2580 2315 2828 2373; x_wconf 86' lang='lat' dir='ltr'><strong>quoque,</strong></span> <span class='ocrx_word' id='word_1_597' title='bbox 2868 2308 2954 2362; x_wconf 93' lang='lat' dir='ltr'><strong>ubi</strong></span> <span class='ocrx_word' id='word_1_598' title='bbox 3000 2326 3102 2365; x_wconf 91' lang='lat' dir='ltr'><strong>non</strong></span> <span class='ocrx_word' id='word_1_599' title='bbox 3130 2329 3256 2370; x_wconf 91' lang='lat' dir='ltr'><strong>oves</strong></span> <span class='ocrx_word' id='word_1_600' title='bbox 3286 2327 3340 2375; x_wconf 86' lang='lat' dir='ltr'><strong>et</strong></span> <span class='ocrx_word' id='word_1_601' title='bbox 3361 2321 3584 2390; x_wconf 85' lang='lat' dir='ltr'><strong>vitulos,</strong></span> <span class='ocrx_word' id='word_1_602' title='bbox 3625 2291 3718 2382; x_wconf 68' lang='lat' dir='ltr'><strong>sed</strong></span> 
     </span>
    </p>
   </div>
   <div class='ocr_carea' id='block_1_79' title="bbox 2145 2383 3719 2475">
    <p class='ocr_par' dir='ltr' id='par_1_79' title="bbox 2145 2383 3719 2475">
     <span class='ocr_line' id='line_1_80' title="bbox 2145 2383 3719 2475; baseline 0.025 -41"><span class='ocrx_word' id='word_1_603' title='bbox 2145 2383 2352 2440; x_wconf 89' lang='lat' dir='ltr'><strong>animas</strong></span> <span class='ocrx_word' id='word_1_604' title='bbox 2397 2386 2665 2445; x_wconf 91' lang='lat' dir='ltr'><strong>hominum</strong></span> <span class='ocrx_word' id='word_1_605' title='bbox 2709 2406 2962 2454; x_wconf 89' lang='lat' dir='ltr'><strong>mactant.</strong></span> <span class='ocrx_word' id='word_1_606' title='bbox 3016 2401 3250 2475; x_wconf 84' lang='lat' dir='ltr'><strong>Denique</strong></span> <span class='ocrx_word' id='word_1_607' title='bbox 3296 2410 3339 2464; x_wconf 91' lang='lat' dir='ltr'><strong>si</strong></span> <span class='ocrx_word' id='word_1_608' title='bbox 3381 2411 3596 2470; x_wconf 72' lang='lat' dir='ltr'><strong>Iudaica</strong></span> <span class='ocrx_word' id='word_1_609' title='bbox 3626 2419 3719 2474; x_wconf 90' lang='lat' dir='ltr'><strong>tibi</strong></span> 
     </span>
    </p>
   </div>
   <div class='ocr_carea' id='block_1_80' title="bbox 2141 2473 3714 2564">
    <p class='ocr_par' dir='ltr' id='par_1_80' title="bbox 2141 2473 3714 2564">
     <span class='ocr_line' id='line_1_81' title="bbox 2141 2473 3714 2564; baseline 0.025 -39"><span class='ocrx_word' id='word_1_610' title='bbox 2141 2473 2544 2534; x_wconf 89' lang='lat' dir='ltr'><strong>admirationem</strong></span> <span class='ocrx_word' id='word_1_611' title='bbox 2568 2495 2799 2550; x_wconf 87' lang='lat' dir='ltr'><strong>movent,</strong></span> <span class='ocrx_word' id='word_1_612' title='bbox 2826 2505 2944 2557; x_wconf 71' lang='lat' dir='ltr'><strong>qua:</strong></span> <span class='ocrx_word' id='word_1_613' title='bbox 2971 2491 3064 2547; x_wconf 91' lang='lat' dir='ltr'><strong>tibi</strong></span> <span class='ocrx_word' id='word_1_614' title='bbox 3091 2498 3228 2553; x_wconf 89' lang='lat' dir='ltr'><strong>ratio</strong></span> <span class='ocrx_word' id='word_1_615' title='bbox 3257 2503 3531 2560; x_wconf 87' lang='lat' dir='ltr'><strong>nobiscum</strong></span> <span class='ocrx_word' id='word_1_616' title='bbox 3562 2523 3714 2564; x_wconf 84' lang='lat' dir='ltr'><strong>eom-</strong></span> 
     </span>
    </p>
   </div>
   <div class='ocr_carea' id='block_1_81' title="bbox 2142 2565 3711 2668">
    <p class='ocr_par' dir='ltr' id='par_1_81' title="bbox 2142 2565 3711 2668">
     <span class='ocr_line' id='line_1_82' title="bbox 2142 2565 3711 2668; baseline 0.024 -51"><span class='ocrx_word' id='word_1_617' title='bbox 2142 2565 2366 2621; x_wconf 82' lang='lat' dir='ltr'><strong>muuis?</strong></span> <span class='ocrx_word' id='word_1_618' title='bbox 2392 2565 2526 2621; x_wconf 88' lang='lat' dir='ltr'><strong>Nam</strong></span> <span class='ocrx_word' id='word_1_619' title='bbox 2549 2568 2598 2626; x_wconf 89' lang='lat' dir='ltr'><strong>si</strong></span> <span class='ocrx_word' id='word_1_620' title='bbox 2645 2572 2730 2630; x_wconf 89' lang='lat' dir='ltr'><strong>illa</strong></span> <span class='ocrx_word' id='word_1_621' title='bbox 2764 2575 3067 2638; x_wconf 81' lang='lat' dir='ltr'><strong>Judaeorum</strong></span> <span class='ocrx_word' id='word_1_622' title='bbox 3095 2592 3393 2646; x_wconf 86' lang='lat' dir='ltr'><strong>veneranda</strong></span> <span class='ocrx_word' id='word_1_623' title='bbox 3423 2606 3478 2650; x_wconf 89' lang='lat' dir='ltr'><strong>et</strong></span> <span class='ocrx_word' id='word_1_624' title='bbox 3523 2613 3711 2668; x_wconf 87' lang='lat' dir='ltr'><strong>magna</strong></span> 
     </span>
    </p>
   </div>
   <div class='ocr_carea' id='block_1_82' title="bbox 2139 2665 3716 2766">
    <p class='ocr_par' dir='ltr' id='par_1_82' title="bbox 2139 2665 3716 2766">
     <span class='ocr_line' id='line_1_83' title="bbox 2139 2665 3716 2766; baseline 0.027 -57"><span class='ocrx_word' id='word_1_625' title='bbox 2139 2665 2282 2725; x_wconf 90' lang='lat' dir='ltr'><strong>sunt,</strong></span> <span class='ocrx_word' id='word_1_626' title='bbox 2314 2670 2496 2717; x_wconf 89' lang='lat' dir='ltr'><strong>nostra</strong></span> <span class='ocrx_word' id='word_1_627' title='bbox 2524 2679 2679 2721; x_wconf 89' lang='lat' dir='ltr'><strong>erunt</strong></span> <span class='ocrx_word' id='word_1_628' title='bbox 2705 2667 2858 2738; x_wconf 88' lang='lat' dir='ltr'><strong>falsa,</strong></span> <span class='ocrx_word' id='word_1_629' title='bbox 2890 2670 2971 2729; x_wconf 90' lang='lat' dir='ltr'><strong>sin</strong></span> <span class='ocrx_word' id='word_1_630' title='bbox 3007 2672 3117 2732; x_wconf 85' lang='lat' dir='ltr'><strong>haec</strong></span> <span class='ocrx_word' id='word_1_631' title='bbox 3153 2693 3296 2746; x_wconf 87' lang='lat' dir='ltr'><strong>vera,</strong></span> <span class='ocrx_word' id='word_1_632' title='bbox 3327 2685 3496 2755; x_wconf 88' lang='lat' dir='ltr'><strong>qualia</strong></span> <span class='ocrx_word' id='word_1_633' title='bbox 3531 2665 3716 2766; x_wconf 67' lang='lat' dir='ltr'><strong>utique</strong></span> 
     </span>
    </p>
   </div>
   <div class='ocr_carea' id='block_1_83' title="bbox 2077 2752 3716 2843">
    <p class='ocr_par' dir='ltr' id='par_1_83' title="bbox 2077 2752 3716 2843">
     <span class='ocr_line' id='line_1_84' title="bbox 2077 2752 3716 2843; baseline 0.021 -44"><span class='ocrx_word' id='word_1_634' title='bbox 2077 2793 2080 2806; x_wconf 86' lang='grc'>,</span> <span class='ocrx_word' id='word_1_635' title='bbox 2143 2760 2304 2816; x_wconf 90' lang='lat' dir='ltr'><strong>sunt,</strong></span> <span class='ocrx_word' id='word_1_636' title='bbox 2354 2752 2441 2807; x_wconf 93' lang='lat' dir='ltr'><strong>illa</strong></span> <span class='ocrx_word' id='word_1_637' title='bbox 2471 2767 2626 2812; x_wconf 89' lang='lat' dir='ltr'><strong>erunt</strong></span> <span class='ocrx_word' id='word_1_638' title='bbox 2658 2759 2858 2818; x_wconf 91' lang='lat' dir='ltr'><strong>fraudis</strong></span> <span class='ocrx_word' id='word_1_639' title='bbox 2884 2767 3057 2834; x_wconf 91' lang='lat' dir='ltr'><strong>plena.</strong></span> <span class='ocrx_word' id='word_1_640' title='bbox 3097 2770 3213 2825; x_wconf 88' lang='lat' dir='ltr'><strong>Non</strong></span> <span class='ocrx_word' id='word_1_641' title='bbox 3241 2752 3414 2838; x_wconf 51' lang='lat' dir='ltr'><strong>divi—na</strong></span> <span class='ocrx_word' id='word_1_642' title='bbox 3443 2786 3563 2841; x_wconf 73' lang='lat' dir='ltr'><strong>dico</strong></span> <span class='ocrx_word' id='word_1_643' title='bbox 3591 2752 3716 2843; x_wconf 54' lang='grc' dir='ltr'><strong>οξ-ςι-</strong></span> 
     </span>
    </p>
   </div>
   <div class='ocr_carea' id='block_1_84' title="bbox 2137 2839 3714 2944">
    <p class='ocr_par' dir='ltr' id='par_1_84' title="bbox 2137 2839 3714 2944">
     <span class='ocr_line' id='line_1_85' title="bbox 2137 2839 3714 2944; baseline 0.028 -53"><span class='ocrx_word' id='word_1_644' title='bbox 2137 2839 2283 2905; x_wconf 90' lang='lat' dir='ltr'><strong>cula;</strong></span> <span class='ocrx_word' id='word_1_645' title='bbox 2327 2841 2498 2910; x_wconf 88' lang='lat' dir='ltr'><strong>absit,</strong></span> <span class='ocrx_word' id='word_1_646' title='bbox 2546 2846 2659 2902; x_wconf 73' lang='lat' dir='ltr'><strong>hmc</strong></span> <span class='ocrx_word' id='word_1_647' title='bbox 2685 2853 2824 2906; x_wconf 90' lang='lat' dir='ltr'><strong>enim</strong></span> <span class='ocrx_word' id='word_1_648' title='bbox 2856 2870 2942 2911; x_wconf 92' lang='lat' dir='ltr'><strong>me</strong></span> <span class='ocrx_word' id='word_1_649' title='bbox 2966 2858 3032 2918; x_wconf 83' lang='lat' dir='ltr'><strong>ad</strong></span> <span class='ocrx_word' id='word_1_650' title='bbox 3057 2859 3325 2925; x_wconf 84' lang='lat' dir='ltr'><strong>Christum</strong></span> <span class='ocrx_word' id='word_1_651' title='bbox 3366 2877 3512 2944; x_wconf 87' lang='lat' dir='ltr'><strong>quasi</strong></span> <span class='ocrx_word' id='word_1_652' title='bbox 3557 2896 3714 2936; x_wconf 89' lang='lat' dir='ltr'><strong>manu</strong></span> 
     </span>
    </p>
   </div>
   <div class='ocr_carea' id='block_1_85' title="bbox 2137 2929 3712 3026">
    <p class='ocr_par' dir='ltr' id='par_1_85' title="bbox 2137 2929 3712 3026">
     <span class='ocr_line' id='line_1_86' title="bbox 2137 2929 3712 3026; baseline 0.027 -43"><span class='ocrx_word' id='word_1_653' title='bbox 2137 2929 2405 2990; x_wconf 82' lang='lat' dir='ltr'><strong>duxerunt</strong></span> <span class='ocrx_word' id='word_1_654' title='bbox 2439 2954 2452 2992; x_wconf 94' lang='lat'><strong>:</strong></span> <span class='ocrx_word' id='word_1_655' title='bbox 2485 2939 2577 2994; x_wconf 88' lang='lat' dir='ltr'><strong>sed</strong></span> <span class='ocrx_word' id='word_1_656' title='bbox 2629 2942 2952 3013; x_wconf 88' lang='lat' dir='ltr'><strong>impietatem</strong></span> <span class='ocrx_word' id='word_1_657' title='bbox 3004 2954 3213 3014; x_wconf 88' lang='lat' dir='ltr'><strong>illorum</strong></span> <span class='ocrx_word' id='word_1_658' title='bbox 3247 2973 3299 3017; x_wconf 90' lang='lat' dir='ltr'><strong>ct</strong></span> <span class='ocrx_word' id='word_1_659' title='bbox 3331 2963 3587 3024; x_wconf 89' lang='lat' dir='ltr'><strong>insaniam</strong></span> <span class='ocrx_word' id='word_1_660' title='bbox 3617 2971 3712 3026; x_wconf 88' lang='lat' dir='ltr'><strong>bo-</strong></span> 
     </span>
    </p>
   </div>
   <div class='ocr_carea' id='block_1_86' title="bbox 2136 3021 3710 3129">
    <p class='ocr_par' dir='ltr' id='par_1_86' title="bbox 2136 3021 3710 3129">
     <span class='ocr_line' id='line_1_87' title="bbox 2136 3021 3710 3129; baseline 0.028 -54"><span class='ocrx_word' id='word_1_661' title='bbox 2136 3021 2398 3081; x_wconf 86' lang='lat' dir='ltr'><strong>diernam.</strong></span> <span class='ocrx_word' id='word_1_662' title='bbox 2444 3031 2511 3084; x_wconf 82' lang='lat' dir='ltr'><strong>At</strong></span> <span class='ocrx_word' id='word_1_663' title='bbox 2549 3034 2689 3088; x_wconf 91' lang='lat' dir='ltr'><strong>enim</strong></span> <span class='ocrx_word' id='word_1_664' title='bbox 2739 3046 2944 3108; x_wconf 74' lang='lat' dir='ltr'><strong>tempus</strong></span> <span class='ocrx_word' id='word_1_665' title='bbox 2993 3050 3247 3119; x_wconf 90' lang='lat' dir='ltr'><strong>requirit,</strong></span> <span class='ocrx_word' id='word_1_666' title='bbox 3300 3064 3357 3110; x_wconf 91' lang='lat' dir='ltr'><strong>ut</strong></span> <span class='ocrx_word' id='word_1_667' title='bbox 3399 3059 3710 3129; x_wconf 84' lang='lat' dir='ltr'><strong>ostendam,</strong></span> 
     </span>
    </p>
   </div>
   <div class='ocr_carea' id='block_1_87' title="bbox 2132 3114 3713 3212">
    <p class='ocr_par' dir='ltr' id='par_1_87' title="bbox 2132 3114 3713 3212">
     <span class='ocr_line' id='line_1_88' title="bbox 2132 3114 3713 3212; baseline 0.028 -45"><span class='ocrx_word' id='word_1_668' title='bbox 2132 3114 2404 3173; x_wconf 61' lang='lat' dir='ltr'><strong>daemones</strong></span> <span class='ocrx_word' id='word_1_669' title='bbox 2444 3123 2606 3177; x_wconf 92' lang='lat' dir='ltr'><strong>etiam</strong></span> <span class='ocrx_word' id='word_1_670' title='bbox 2649 3125 2718 3181; x_wconf 93' lang='lat' dir='ltr'><strong>ibi</strong></span> <span class='ocrx_word' id='word_1_671' title='bbox 2762 3127 3033 3204; x_wconf 80' lang='lat' dir='ltr'><strong>habitare,</strong></span> <span class='ocrx_word' id='word_1_672' title='bbox 3066 3156 3238 3211; x_wconf 89' lang='lat' dir='ltr'><strong>neque</strong></span> <span class='ocrx_word' id='word_1_673' title='bbox 3281 3145 3333 3200; x_wconf 94' lang='lat' dir='ltr'><strong>in</strong></span> <span class='ocrx_word' id='word_1_674' title='bbox 3373 3147 3465 3203; x_wconf 93' lang='lat' dir='ltr'><strong>illo</strong></span> <span class='ocrx_word' id='word_1_675' title='bbox 3509 3160 3713 3212; x_wconf 88' lang='lat' dir='ltr'><strong>tantum</strong></span> 
     </span>
    </p>
   </div>
   <div class='ocr_carea' id='block_1_88' title="bbox 2131 3204 3713 3301">
    <p class='ocr_par' dir='ltr' id='par_1_88' title="bbox 2131 3204 3713 3301">
     <span class='ocr_line' id='line_1_89' title="bbox 2131 3204 3713 3301; baseline 0.027 -43"><span class='ocrx_word' id='word_1_676' title='bbox 2131 3204 2287 3274; x_wconf 84' lang='lat' dir='ltr'><strong>loco,</strong></span> <span class='ocrx_word' id='word_1_677' title='bbox 2333 3209 2427 3264; x_wconf 88' lang='lat' dir='ltr'><strong>sed</strong></span> <span class='ocrx_word' id='word_1_678' title='bbox 2471 3220 2526 3267; x_wconf 89' lang='lat' dir='ltr'><strong>et</strong></span> <span class='ocrx_word' id='word_1_679' title='bbox 2560 3217 2612 3269; x_wconf 91' lang='lat' dir='ltr'><strong>in</strong></span> <span class='ocrx_word' id='word_1_680' title='bbox 2657 3216 2784 3288; x_wconf 90' lang='lat' dir='ltr'><strong>ipsis</strong></span> <span class='ocrx_word' id='word_1_681' title='bbox 2823 3220 3127 3285; x_wconf 82' lang='lat' dir='ltr'><strong>.ludaeorum</strong></span> <span class='ocrx_word' id='word_1_682' title='bbox 3158 3234 3369 3291; x_wconf 91' lang='lat' dir='ltr'><strong>animis.</strong></span> <span class='ocrx_word' id='word_1_683' title='bbox 3413 3239 3554 3297; x_wconf 84' lang='lat' dir='ltr'><strong>Nam</strong></span> <span class='ocrx_word' id='word_1_684' title='bbox 3596 3263 3713 3301; x_wconf 86' lang='lat' dir='ltr'><strong>cum</strong></span> 
     </span>
    </p>
   </div>
   <div class='ocr_carea' id='block_1_89' title="bbox 2133 3297 3710 3405">
    <p class='ocr_par' dir='ltr' id='par_1_89' title="bbox 2133 3297 3710 3405">
     <span class='ocr_line' id='line_1_90' title="bbox 2133 3297 3710 3405; baseline 0.028 -57"><span class='ocrx_word' id='word_1_685' title='bbox 2133 3297 2427 3356; x_wconf 82' lang='lat' dir='ltr'><strong>immundus</strong></span> <span class='ocrx_word' id='word_1_686' title='bbox 2451 3305 2678 3376; x_wconf 84' lang='lat' dir='ltr'><strong>spiritus,</strong></span> <span class='ocrx_word' id='word_1_687' title='bbox 2707 3309 2879 3384; x_wconf 88' lang='lat' dir='ltr'><strong>inquit</strong></span> <span class='ocrx_word' id='word_1_688' title='bbox 2897 3318 3171 3390; x_wconf 83' lang='lat' dir='ltr'><strong>Christus,</strong></span> <span class='ocrx_word' id='word_1_689' title='bbox 3201 3329 3376 3382; x_wconf 76' lang='lat' dir='ltr'><strong>exierit</strong></span> <span class='ocrx_word' id='word_1_690' title='bbox 3400 3331 3463 3384; x_wconf 86' lang='lat' dir='ltr'><strong>ab</strong></span> <span class='ocrx_word' id='word_1_691' title='bbox 3491 3333 3710 3405; x_wconf 76' lang='lat' dir='ltr'><strong>homine,</strong></span> 
     </span>
    </p>
   </div>
   <div class='ocr_carea' id='block_1_90' title="bbox 2133 3389 3711 3486">
    <p class='ocr_par' dir='ltr' id='par_1_90' title="bbox 2133 3389 3711 3486">
     <span class='ocr_line' id='line_1_91' title="bbox 2133 3389 3711 3486; baseline 0.029 -47"><span class='ocrx_word' id='word_1_692' title='bbox 2133 3389 2356 3444; x_wconf 83' lang='lat' dir='ltr'><strong>ambulat</strong></span> <span class='ocrx_word' id='word_1_693' title='bbox 2385 3410 2473 3462; x_wconf 89' lang='lat' dir='ltr'><strong>per</strong></span> <span class='ocrx_word' id='word_1_694' title='bbox 2496 3397 2644 3452; x_wconf 87' lang='lat' dir='ltr'><strong>arida</strong></span> <span class='ocrx_word' id='word_1_695' title='bbox 2679 3399 2819 3470; x_wconf 83' lang='lat' dir='ltr'><strong>loca,</strong></span> <span class='ocrx_word' id='word_1_696' title='bbox 2861 3424 3088 3476; x_wconf 70' lang='lat' dir='ltr'><strong>qua’rens</strong></span> <span class='ocrx_word' id='word_1_697' title='bbox 3115 3417 3330 3484; x_wconf 86' lang='lat' dir='ltr'><strong>requiem</strong></span> <span class='ocrx_word' id='word_1_698' title='bbox 3355 3461 3369 3486; x_wconf 93' lang='lat'><strong>,</strong></span> <span class='ocrx_word' id='word_1_699' title='bbox 3399 3433 3449 3476; x_wconf 88' lang='lat' dir='ltr'><strong>et</strong></span> <span class='ocrx_word' id='word_1_700' title='bbox 3472 3441 3583 3478; x_wconf 80' lang='lat' dir='ltr'><strong>cum</strong></span> <span class='ocrx_word' id='word_1_701' title='bbox 3611 3444 3711 3484; x_wconf 83' lang='lat' dir='ltr'><strong>non</strong></span> 
     </span>
    </p>
   </div>
   <div class='ocr_carea' id='block_1_91' title="bbox 2127 3477 3711 3575">
    <p class='ocr_par' dir='ltr' id='par_1_91' title="bbox 2127 3477 3711 3575">
     <span class='ocr_line' id='line_1_92' title="bbox 2127 3477 3711 3575; baseline 0.028 -45"><span class='ocrx_word' id='word_1_702' title='bbox 2127 3477 2341 3541; x_wconf 80' lang='lat' dir='ltr'><strong>invenit:</strong></span> <span class='ocrx_word' id='word_1_703' title='bbox 2383 3497 2622 3558; x_wconf 81' lang='lat' dir='ltr'><strong>revertar,</strong></span> <span class='ocrx_word' id='word_1_704' title='bbox 2661 3491 2858 3564; x_wconf 85' lang='lat' dir='ltr'><strong>inquit,</strong></span> <span class='ocrx_word' id='word_1_705' title='bbox 2902 3501 2955 3554; x_wconf 88' lang='lat' dir='ltr'><strong>in</strong></span> <span class='ocrx_word' id='word_1_706' title='bbox 2996 3502 3201 3560; x_wconf 89' lang='lat' dir='ltr'><strong>domum</strong></span> <span class='ocrx_word' id='word_1_707' title='bbox 3249 3526 3428 3566; x_wconf 85' lang='lat' dir='ltr'><strong>meant.</strong></span> <span class='ocrx_word' id='word_1_708' title='bbox 3481 3515 3551 3569; x_wconf 88' lang='lat' dir='ltr'><strong>Et</strong></span> <span class='ocrx_word' id='word_1_709' title='bbox 3596 3534 3711 3575; x_wconf 82' lang='lat' dir='ltr'><strong>cum</strong></span> 
     </span>
    </p>
   </div>
   <div class='ocr_carea' id='block_1_92' title="bbox 2129 3573 3710 3670">
    <p class='ocr_par' dir='ltr' id='par_1_92' title="bbox 2129 3573 3710 3670">
     <span class='ocr_line' id='line_1_93' title="bbox 2129 3573 3710 3670; baseline 0.026 -46"><span class='ocrx_word' id='word_1_710' title='bbox 2129 3573 2280 3640; x_wconf 83' lang='lat' dir='ltr'><strong>venit,</strong></span> <span class='ocrx_word' id='word_1_711' title='bbox 2311 3579 2496 3632; x_wconf 75' lang='lat' dir='ltr'><strong>invenit</strong></span> <span class='ocrx_word' id='word_1_712' title='bbox 2523 3597 2634 3635; x_wconf 89' lang='lat' dir='ltr'><strong>eam</strong></span> <span class='ocrx_word' id='word_1_713' title='bbox 2652 3597 2933 3658; x_wconf 83' lang='lat' dir='ltr'><strong>vacantem,</strong></span> <span class='ocrx_word' id='word_1_714' title='bbox 2962 3597 3128 3665; x_wconf 87' lang='lat' dir='ltr'><strong>scopis</strong></span> <span class='ocrx_word' id='word_1_715' title='bbox 3152 3602 3462 3670; x_wconf 80' lang='lat' dir='ltr'><strong>mandatam,</strong></span> <span class='ocrx_word' id='word_1_716' title='bbox 3490 3617 3538 3661; x_wconf 88' lang='lat' dir='ltr'><strong>et</strong></span> <span class='ocrx_word' id='word_1_717' title='bbox 3557 3626 3710 3664; x_wconf 86' lang='lat' dir='ltr'><strong>oma-</strong></span> 
     </span>
    </p>
   </div>
   <div class='ocr_carea' id='block_1_93' title="bbox 2129 3662 3705 3767">
    <p class='ocr_par' dir='ltr' id='par_1_93' title="bbox 2129 3662 3705 3767">
     <span class='ocr_line' id='line_1_94' title="bbox 2129 3662 3705 3767; baseline 0.027 -55"><span class='ocrx_word' id='word_1_718' title='bbox 2129 3668 2252 3715; x_wconf 88' lang='lat' dir='ltr'><strong>tam.</strong></span> <span class='ocrx_word' id='word_1_719' title='bbox 2275 3662 2419 3718; x_wconf 88' lang='lat' dir='ltr'><strong>Tunc</strong></span> <span class='ocrx_word' id='word_1_720' title='bbox 2441 3671 2596 3738; x_wconf 83' lang='lat' dir='ltr'><strong>vadit,</strong></span> <span class='ocrx_word' id='word_1_721' title='bbox 2616 3682 2664 3726; x_wconf 87' lang='lat' dir='ltr'><strong>et</strong></span> <span class='ocrx_word' id='word_1_722' title='bbox 2688 3679 2897 3732; x_wconf 84' lang='lat' dir='ltr'><strong>assumit</strong></span> <span class='ocrx_word' id='word_1_723' title='bbox 2924 3662 3108 3752; x_wconf 82' lang='lat' dir='ltr'><strong>septem</strong></span> <span class='ocrx_word' id='word_1_724' title='bbox 3137 3688 3264 3742; x_wconf 86' lang='lat' dir='ltr'><strong>alios</strong></span> <span class='ocrx_word' id='word_1_725' title='bbox 3289 3693 3495 3761; x_wconf 87' lang='lat' dir='ltr'><strong>spiritus</strong></span> <span class='ocrx_word' id='word_1_726' title='bbox 3514 3712 3705 3767; x_wconf 80' lang='lat' dir='ltr'><strong>secum,</strong></span> 
     </span>
    </p>
   </div>
   <div class='ocr_carea' id='block_1_94' title="bbox 2126 3755 3704 3847">
    <p class='ocr_par' dir='ltr' id='par_1_94' title="bbox 2126 3755 3704 3847">
     <span class='ocr_line' id='line_1_95' title="bbox 2126 3755 3704 3847; baseline 0.027 -43"><span class='ocrx_word' id='word_1_727' title='bbox 2126 3755 2385 3822; x_wconf 87' lang='lat' dir='ltr'><strong>nequiores</strong></span> <span class='ocrx_word' id='word_1_728' title='bbox 2411 3775 2484 3826; x_wconf 88' lang='lat' dir='ltr'><strong>se,</strong></span> <span class='ocrx_word' id='word_1_729' title='bbox 2516 3775 2565 3816; x_wconf 87' lang='lat' dir='ltr'><strong>et</strong></span> <span class='ocrx_word' id='word_1_730' title='bbox 2590 3764 2891 3836; x_wconf 84' lang='lat' dir='ltr'><strong>ingreditur,</strong></span> <span class='ocrx_word' id='word_1_731' title='bbox 2925 3784 2972 3828; x_wconf 90' lang='lat' dir='ltr'><strong>et</strong></span> <span class='ocrx_word' id='word_1_732' title='bbox 2999 3789 3147 3832; x_wconf 86' lang='lat' dir='ltr'><strong>erunt</strong></span> <span class='ocrx_word' id='word_1_733' title='bbox 3177 3783 3446 3839; x_wconf 79' lang='lat' dir='ltr'><strong>novissima</strong></span> <span class='ocrx_word' id='word_1_734' title='bbox 3491 3789 3704 3847; x_wconf 81' lang='lat' dir='ltr'><strong>hominis</strong></span> 
     </span>
    </p>
   </div>
   <div class='ocr_carea' id='block_1_95' title="bbox 2121 3844 3704 3944">
    <p class='ocr_par' dir='ltr' id='par_1_95' title="bbox 2121 3844 3704 3944">
     <span class='ocr_line' id='line_1_96' title="bbox 2121 3844 3704 3944; baseline 0.028 -49"><span class='ocrx_word' id='word_1_735' title='bbox 2121 3844 2263 3899; x_wconf 84' lang='lat' dir='ltr'><strong>illius</strong></span> <span class='ocrx_word' id='word_1_736' title='bbox 2315 3851 2491 3919; x_wconf 83' lang='lat' dir='ltr'><strong>pejora</strong></span> <span class='ocrx_word' id='word_1_737' title='bbox 2541 3858 2812 3924; x_wconf 87' lang='lat' dir='ltr'><strong>prioribus.</strong></span> <span class='ocrx_word' id='word_1_738' title='bbox 2870 3864 2960 3920; x_wconf 85' lang='lat' dir='ltr'><strong>Sic</strong></span> <span class='ocrx_word' id='word_1_739' title='bbox 3009 3870 3102 3922; x_wconf 83' lang='lat' dir='ltr'><strong>erit</strong></span> <span class='ocrx_word' id='word_1_740' title='bbox 3139 3881 3187 3926; x_wconf 88' lang='lat' dir='ltr'><strong>et</strong></span> <span class='ocrx_word' id='word_1_741' title='bbox 3230 3879 3539 3944; x_wconf 80' lang='lat' dir='ltr'><strong>generationi</strong></span> <span class='ocrx_word' id='word_1_742' title='bbox 3590 3844 3704 3939; x_wconf 58' lang='lat' dir='ltr'><strong>huic</strong></span> 
     </span>
    </p>
   </div>
   <div class='ocr_carea' id='block_1_96' title="bbox 2127 3933 3716 4026">
    <p class='ocr_par' dir='ltr' id='par_1_96' title="bbox 2127 3933 3716 4026">
     <span class='ocr_line' id='line_1_97' title="bbox 2127 3933 3716 4026; baseline 0.026 -41"><span class='ocrx_word' id='word_1_743' title='bbox 2127 3933 2339 4005; x_wconf 79' lang='lat' dir='ltr'><strong>(Matth.</strong></span> <span class='ocrx_word' id='word_1_744' title='bbox 2372 3940 2459 4006; x_wconf 74' lang='lat' dir='ltr'><strong>is,</strong></span> <span class='ocrx_word' id='word_1_745' title='bbox 2487 3944 2683 4013; x_wconf 70' lang='lat'><strong>45—45;</strong></span> <span class='ocrx_word' id='word_1_746' title='bbox 2715 3949 2842 4005; x_wconf 86' lang='lat' dir='ltr'><strong>Luc.</strong></span> <span class='ocrx_word' id='word_1_747' title='bbox 2873 3955 2959 4010; x_wconf 81' lang='lat' dir='ltr'><strong>tt.</strong></span> <span class='ocrx_word' id='word_1_748' title='bbox 2987 3933 3254 4025; x_wconf 61' lang='lat'><strong>24.26),&quot;</strong></span> 
     </span>
    </p>
   </div>
   <div class='ocr_carea' id='block_1_97' title="bbox 2188 4028 3701 4124">
    <p class='ocr_par' dir='ltr' id='par_1_97' title="bbox 2188 4028 3701 4124">
     <span class='ocr_line' id='line_1_98' title="bbox 2188 4028 3701 4124; baseline 0.028 -44"><span class='ocrx_word' id='word_1_749' title='bbox 2188 4028 2385 4086; x_wconf 72' lang='lat' dir='ltr'><strong>Anima:</strong></span> <span class='ocrx_word' id='word_1_750' title='bbox 2407 4033 2706 4096; x_wconf 77' lang='lat' dir='ltr'><strong>Judteorum</strong></span> <span class='ocrx_word' id='word_1_751' title='bbox 2727 4043 3012 4103; x_wconf 69' lang='lat' dir='ltr'><strong>daemonum</strong></span> <span class='ocrx_word' id='word_1_752' title='bbox 3037 4053 3342 4112; x_wconf 83' lang='lat' dir='ltr'><strong>habitacula.</strong></span> <span class='ocrx_word' id='word_1_753' title='bbox 3365 4089 3437 4102; x_wconf 89' lang='lat'>—</span> <span class='ocrx_word' id='word_1_754' title='bbox 3457 4061 3620 4121; x_wconf 81' lang='lat' dir='ltr'><strong>Vides</strong></span> <span class='ocrx_word' id='word_1_755' title='bbox 3649 4066 3701 4124; x_wconf 88' lang='lat' dir='ltr'><strong>in</strong></span> 
     </span>
    </p>
   </div>
   <div class='ocr_carea' id='block_1_98' title="bbox 2119 4119 3700 4221">
    <p class='ocr_par' dir='ltr' id='par_1_98' title="bbox 2119 4119 3700 4221">
     <span class='ocr_line' id='line_1_99' title="bbox 2119 4119 3700 4221; baseline 0.027 -48"><span class='ocrx_word' id='word_1_756' title='bbox 2119 4119 2353 4189; x_wconf 89' lang='lat' dir='ltr'><strong>ipsorum</strong></span> <span class='ocrx_word' id='word_1_757' title='bbox 2385 4129 2573 4184; x_wconf 93' lang='lat' dir='ltr'><strong>animis</strong></span> <span class='ocrx_word' id='word_1_758' title='bbox 2596 4149 2735 4190; x_wconf 93' lang='lat' dir='ltr'><strong>nunc</strong></span> <span class='ocrx_word' id='word_1_759' title='bbox 2754 4135 2992 4197; x_wconf 90' lang='lat' dir='ltr'><strong>habitare</strong></span> <span class='ocrx_word' id='word_1_760' title='bbox 3016 4145 3286 4205; x_wconf 67' lang='lat' dir='ltr'><strong>dtemones</strong></span> <span class='ocrx_word' id='word_1_761' title='bbox 3316 4153 3580 4221; x_wconf 89' lang='lat' dir='ltr'><strong>prioribus</strong></span> <span class='ocrx_word' id='word_1_762' title='bbox 3603 4159 3700 4214; x_wconf 86' lang='lat' dir='ltr'><strong>de-</strong></span> 
     </span>
    </p>
   </div>
   <div class='ocr_carea' id='block_1_99' title="bbox 2120 4214 3700 4328">
    <p class='ocr_par' dir='ltr' id='par_1_99' title="bbox 2120 4214 3700 4328">
     <span class='ocr_line' id='line_1_100' title="bbox 2120 4214 3700 4328; baseline 0.027 -64"><span class='ocrx_word' id='word_1_763' title='bbox 2120 4214 2380 4272; x_wconf 85' lang='lat' dir='ltr'><strong>teriores?</strong></span> <span class='ocrx_word' id='word_1_764' title='bbox 2407 4235 2578 4291; x_wconf 86' lang='lat' dir='ltr'><strong>neque</strong></span> <span class='ocrx_word' id='word_1_765' title='bbox 2619 4225 2670 4279; x_wconf 91' lang='lat' dir='ltr'><strong>id</strong></span> <span class='ocrx_word' id='word_1_766' title='bbox 2714 4227 2928 4297; x_wconf 91' lang='lat' dir='ltr'><strong>injuria.</strong></span> <span class='ocrx_word' id='word_1_767' title='bbox 2960 4232 3110 4328; x_wconf 51' lang='lat' dir='ltr'><strong>Tune</strong></span> <span class='ocrx_word' id='word_1_768' title='bbox 3137 4239 3277 4294; x_wconf 90' lang='lat' dir='ltr'><strong>enim</strong></span> <span class='ocrx_word' id='word_1_769' title='bbox 3320 4243 3373 4297; x_wconf 91' lang='lat' dir='ltr'><strong>in</strong></span> <span class='ocrx_word' id='word_1_770' title='bbox 3415 4249 3700 4317; x_wconf 86' lang='lat' dir='ltr'><strong>prophetas</strong></span> 
     </span>
     <span class='ocr_line' id='line_1_101' title="bbox 2120 4308 2992 4328; baseline 0.025 0"><span class='ocrx_word' id='word_1_771' title='bbox 2120 4308 2403 4328; x_wconf 48' lang='grc' dir='ltr'><strong>..ΑΑΑΑι-άλ</strong></span> <span class='ocrx_word' id='word_1_772' title='bbox 2644 4317 2657 4328; x_wconf 85' lang='grc'><strong><em>“</em></strong></span> <span class='ocrx_word' id='word_1_773' title='bbox 2981 4326 2992 4328; x_wconf 53' lang='grc'>“</span> 
     </span>
    </p>
   </div>
   <div class='ocr_carea' id='block_1_100' title="bbox 2119 4308 3699 4398">
    <p class='ocr_par' dir='ltr' id='par_1_100' title="bbox 2119 4308 3699 4398">
     <span class='ocr_line' id='line_1_102' title="bbox 2119 4308 3699 4398; baseline 0.027 -42"><span class='ocrx_word' id='word_1_774' title='bbox 2119 4308 2442 4377; x_wconf 91' lang='lat' dir='ltr'><strong>peccabant,</strong></span> <span class='ocrx_word' id='word_1_775' title='bbox 2475 4329 2615 4370; x_wconf 91' lang='lat' dir='ltr'><strong>nunc</strong></span> <span class='ocrx_word' id='word_1_776' title='bbox 2643 4317 2814 4388; x_wconf 87' lang='lat' dir='ltr'><strong>ipsum</strong></span> <span class='ocrx_word' id='word_1_777' title='bbox 2847 4308 3222 4395; x_wconf 69' lang='lat' dir='ltr'><strong>prophetarum</strong></span> <span class='ocrx_word' id='word_1_778' title='bbox 3263 4333 3537 4393; x_wconf 91' lang='lat' dir='ltr'><strong>dominum</strong></span> <span class='ocrx_word' id='word_1_779' title='bbox 3566 4357 3699 4398; x_wconf 90' lang='lat' dir='ltr'><strong>cou-</strong></span> 
     </span>
    </p>
   </div>
   <div class='ocr_carea' id='block_1_101' title="bbox 2118 4399 3697 4501">
    <p class='ocr_par' dir='ltr' id='par_1_101' title="bbox 2118 4399 3697 4501">
     <span class='ocr_line' id='line_1_103' title="bbox 2118 4399 3697 4501; baseline 0.025 -52"><span class='ocrx_word' id='word_1_780' title='bbox 2118 4399 2331 4454; x_wconf 90' lang='lat' dir='ltr'><strong>tumelia</strong></span> <span class='ocrx_word' id='word_1_781' title='bbox 2368 4401 2733 4474; x_wconf 87' lang='lat' dir='ltr'><strong>insequuntur.</strong></span> <span class='ocrx_word' id='word_1_782' title='bbox 2777 4412 2907 4468; x_wconf 93' lang='lat' dir='ltr'><strong>Cum</strong></span> <span class='ocrx_word' id='word_1_783' title='bbox 2950 4417 3253 4477; x_wconf 90' lang='lat' dir='ltr'><strong>hominibus</strong></span> <span class='ocrx_word' id='word_1_784' title='bbox 3294 4425 3472 4496; x_wconf 89' lang='lat' dir='ltr'><strong>igitur,</strong></span> <span class='ocrx_word' id='word_1_785' title='bbox 3515 4430 3697 4501; x_wconf 88' lang='lat' dir='ltr'><strong>dicite,</strong></span> 
     </span>
    </p>
   </div>
   <div class='ocr_carea' id='block_1_102' title="bbox 2115 4484 3700 4594">
    <p class='ocr_par' dir='ltr' id='par_1_102' title="bbox 2115 4484 3700 4594">
     <span class='ocr_line' id='line_1_104' title="bbox 2115 4484 3700 4594; baseline 0.026 -56"><span class='ocrx_word' id='word_1_786' title='bbox 2115 4484 2478 4559; x_wconf 73' lang='lat' dir='ltr'><strong>daemoniacis,</strong></span> <span class='ocrx_word' id='word_1_787' title='bbox 2511 4497 2702 4566; x_wconf 90' lang='lat' dir='ltr'><strong>quibus</strong></span> <span class='ocrx_word' id='word_1_788' title='bbox 2724 4509 2802 4556; x_wconf 93' lang='lat' dir='ltr'><strong>tot</strong></span> <span class='ocrx_word' id='word_1_789' title='bbox 2828 4515 2952 4560; x_wconf 88' lang='lat' dir='ltr'><strong>sunt</strong></span> <span class='ocrx_word' id='word_1_790' title='bbox 2980 4508 3171 4579; x_wconf 91' lang='lat' dir='ltr'><strong>impuri</strong></span> <span class='ocrx_word' id='word_1_791' title='bbox 3199 4484 3433 4584; x_wconf 74' lang='lat' dir='ltr'><strong>spiritus,</strong></span> <span class='ocrx_word' id='word_1_792' title='bbox 3457 4484 3517 4574; x_wconf 78' lang='lat' dir='ltr'><strong>in</strong></span> <span class='ocrx_word' id='word_1_793' title='bbox 3542 4509 3700 4594; x_wconf 67' lang='lat' dir='ltr'><strong>juguo</strong></span> 
     </span>
    </p>
   </div>
   <div class='ocr_carea' id='block_1_103' title="bbox 2115 4577 3696 4678">
    <p class='ocr_par' dir='ltr' id='par_1_103' title="bbox 2115 4577 3696 4678">
     <span class='ocr_line' id='line_1_105' title="bbox 2115 4577 3696 4678; baseline 0.027 -47"><span class='ocrx_word' id='word_1_794' title='bbox 2115 4577 2272 4636; x_wconf 90' lang='lat' dir='ltr'><strong>lando</strong></span> <span class='ocrx_word' id='word_1_795' title='bbox 2317 4591 2371 4638; x_wconf 88' lang='lat' dir='ltr'><strong>et</strong></span> <span class='ocrx_word' id='word_1_796' title='bbox 2405 4588 2697 4647; x_wconf 90' lang='lat' dir='ltr'><strong>occidendo</strong></span> <span class='ocrx_word' id='word_1_797' title='bbox 2740 4597 2983 4654; x_wconf 90' lang='lat' dir='ltr'><strong>enutritis</strong></span> <span class='ocrx_word' id='word_1_798' title='bbox 3011 4577 3170 4672; x_wconf 78' lang='lat' dir='ltr'><strong>atque</strong></span> <span class='ocrx_word' id='word_1_799' title='bbox 3205 4605 3472 4678; x_wconf 88' lang='lat' dir='ltr'><strong>educatis,</strong></span> <span class='ocrx_word' id='word_1_800' title='bbox 3506 4577 3696 4673; x_wconf 60' lang='lat' dir='ltr'><strong>eodem</strong></span> 
     </span>
    </p>
   </div>
   <div class='ocr_carea' id='block_1_104' title="bbox 2113 4668 3696 4760">
    <p class='ocr_par' dir='ltr' id='par_1_104' title="bbox 2113 4668 3696 4760">
     <span class='ocr_line' id='line_1_106' title="bbox 2113 4668 3696 4760; baseline 0.025 -38"><span class='ocrx_word' id='word_1_801' title='bbox 2113 4668 2232 4725; x_wconf 92' lang='lat' dir='ltr'><strong>loco</strong></span> <span class='ocrx_word' id='word_1_802' title='bbox 2256 4681 2670 4757; x_wconf 82' lang='lat' dir='ltr'><strong>congregamini,</strong></span> <span class='ocrx_word' id='word_1_803' title='bbox 2701 4698 2875 4755; x_wconf 89' lang='lat' dir='ltr'><strong>neque</strong></span> <span class='ocrx_word' id='word_1_804' title='bbox 2903 4687 3244 4749; x_wconf 89' lang='lat' dir='ltr'><strong>horrescitis?</strong></span> <span class='ocrx_word' id='word_1_805' title='bbox 3270 4695 3404 4753; x_wconf 88' lang='lat' dir='ltr'><strong>Num</strong></span> <span class='ocrx_word' id='word_1_806' title='bbox 3430 4701 3575 4757; x_wconf 89' lang='lat' dir='ltr'><strong>enim</strong></span> <span class='ocrx_word' id='word_1_807' title='bbox 3606 4719 3696 4760; x_wconf 89' lang='lat' dir='ltr'><strong>sa-</strong></span> 
     </span>
    </p>
   </div>
   <div class='ocr_carea' id='block_1_105' title="bbox 2111 4759 3697 4859">
    <p class='ocr_par' dir='ltr' id='par_1_105' title="bbox 2111 4759 3697 4859">
     <span class='ocr_line' id='line_1_107' title="bbox 2111 4759 3697 4859; baseline 0.025 -45"><span class='ocrx_word' id='word_1_808' title='bbox 2111 4759 2382 4822; x_wconf 90' lang='lat' dir='ltr'><strong>lutationis</strong></span> <span class='ocrx_word' id='word_1_809' title='bbox 2404 4769 2591 4825; x_wconf 90' lang='lat' dir='ltr'><strong>horum</strong></span> <span class='ocrx_word' id='word_1_810' title='bbox 2616 4775 2894 4847; x_wconf 89' lang='lat' dir='ltr'><strong>participes</strong></span> <span class='ocrx_word' id='word_1_811' title='bbox 2916 4795 3056 4850; x_wconf 89' lang='lat' dir='ltr'><strong>esse,</strong></span> <span class='ocrx_word' id='word_1_812' title='bbox 3080 4795 3134 4840; x_wconf 89' lang='lat' dir='ltr'><strong>et</strong></span> <span class='ocrx_word' id='word_1_813' title='bbox 3153 4787 3465 4859; x_wconf 88' lang='lat' dir='ltr'><strong>simpliciter</strong></span> <span class='ocrx_word' id='word_1_814' title='bbox 3487 4807 3697 4852; x_wconf 88' lang='lat' dir='ltr'><strong>sermo-</strong></span> 
     </span>
    </p>
   </div>
   <div class='ocr_carea' id='block_1_106' title="bbox 2111 4858 3693 4946">
    <p class='ocr_par' dir='ltr' id='par_1_106' title="bbox 2111 4858 3693 4946">
     <span class='ocr_line' id='line_1_108' title="bbox 2111 4858 3693 4946; baseline 0.026 -41"><span class='ocrx_word' id='word_1_815' title='bbox 2111 4867 2232 4908; x_wconf 90' lang='lat' dir='ltr'><strong>nem</strong></span> <span class='ocrx_word' id='word_1_816' title='bbox 2259 4858 2502 4915; x_wconf 89' lang='lat' dir='ltr'><strong>eonferre</strong></span> <span class='ocrx_word' id='word_1_817' title='bbox 2525 4875 2750 4932; x_wconf 88' lang='lat' dir='ltr'><strong>oportet,</strong></span> <span class='ocrx_word' id='word_1_818' title='bbox 2779 4883 2842 4926; x_wconf 88' lang='lat' dir='ltr'><strong>ac</strong></span> <span class='ocrx_word' id='word_1_819' title='bbox 2869 4885 2974 4928; x_wconf 92' lang='lat' dir='ltr'><strong>non</strong></span> <span class='ocrx_word' id='word_1_820' title='bbox 3015 4878 3189 4946; x_wconf 90' lang='lat' dir='ltr'><strong>potius</strong></span> <span class='ocrx_word' id='word_1_821' title='bbox 3225 4858 3317 4937; x_wconf 87' lang='lat' dir='ltr'><strong>eos</strong></span> <span class='ocrx_word' id='word_1_822' title='bbox 3357 4894 3414 4938; x_wconf 90' lang='lat' dir='ltr'><strong>ut</strong></span> <span class='ocrx_word' id='word_1_823' title='bbox 3451 4900 3693 4944; x_wconf 78' lang='lat' dir='ltr'><strong>commu-</strong></span> 
     </span>
    </p>
   </div>
   <div class='ocr_carea' id='block_1_107' title="bbox 2109 4947 3695 5046">
    <p class='ocr_par' dir='ltr' id='par_1_107' title="bbox 2109 4947 3695 5046">
     <span class='ocr_line' id='line_1_109' title="bbox 2109 4947 3695 5046; baseline 0.025 -50"><span class='ocrx_word' id='word_1_824' title='bbox 2109 4958 2230 4998; x_wconf 90' lang='lat' dir='ltr'><strong>nem</strong></span> <span class='ocrx_word' id='word_1_825' title='bbox 2279 4947 2420 5003; x_wconf 89' lang='lat' dir='ltr'><strong>luem</strong></span> <span class='ocrx_word' id='word_1_826' title='bbox 2465 4961 2520 5006; x_wconf 90' lang='lat' dir='ltr'><strong>et</strong></span> <span class='ocrx_word' id='word_1_827' title='bbox 2566 4957 2810 5014; x_wconf 87' lang='lat' dir='ltr'><strong>morbum</strong></span> <span class='ocrx_word' id='word_1_828' title='bbox 2860 4963 3022 5020; x_wconf 89' lang='lat' dir='ltr'><strong>totius</strong></span> <span class='ocrx_word' id='word_1_829' title='bbox 3073 4968 3219 5025; x_wconf 91' lang='lat' dir='ltr'><strong>orbis</strong></span> <span class='ocrx_word' id='word_1_830' title='bbox 3261 4975 3533 5032; x_wconf 77' lang='lat' dir='ltr'><strong>aversari?</strong></span> <span class='ocrx_word' id='word_1_831' title='bbox 3576 4977 3695 5046; x_wconf 85' lang='lat' dir='ltr'><strong>Quo</strong></span> 
     </span>
    </p>
   </div>
   <div class='ocr_carea' id='block_1_108' title="bbox 2109 5037 3693 5129">
    <p class='ocr_par' dir='ltr' id='par_1_108' title="bbox 2109 5037 3693 5129">
     <span class='ocr_line' id='line_1_110' title="bbox 2109 5037 3693 5129; baseline 0.025 -39"><span class='ocrx_word' id='word_1_832' title='bbox 2109 5037 2326 5096; x_wconf 88' lang='lat' dir='ltr'><strong>sceleris</strong></span> <span class='ocrx_word' id='word_1_833' title='bbox 2366 5057 2562 5112; x_wconf 89' lang='lat' dir='ltr'><strong>genere</strong></span> <span class='ocrx_word' id='word_1_834' title='bbox 2604 5063 2709 5104; x_wconf 92' lang='lat' dir='ltr'><strong>non</strong></span> <span class='ocrx_word' id='word_1_835' title='bbox 2756 5065 2880 5110; x_wconf 90' lang='lat' dir='ltr'><strong>sunt</strong></span> <span class='ocrx_word' id='word_1_836' title='bbox 2920 5056 3190 5116; x_wconf 87' lang='lat' dir='ltr'><strong>defuncti?</strong></span> <span class='ocrx_word' id='word_1_837' title='bbox 3227 5063 3412 5123; x_wconf 89' lang='lat' dir='ltr'><strong>Nonne</strong></span> <span class='ocrx_word' id='word_1_838' title='bbox 3453 5071 3693 5129; x_wconf 87' lang='lat' dir='ltr'><strong>omnium</strong></span> 
     </span>
    </p>
   </div>
   <div class='ocr_carea' id='block_1_109' title="bbox 2107 5131 3692 5224">
    <p class='ocr_par' dir='ltr' id='par_1_109' title="bbox 2107 5131 3692 5224">
     <span class='ocr_line' id='line_1_111' title="bbox 2107 5131 3692 5224; baseline 0.023 -41"><span class='ocrx_word' id='word_1_839' title='bbox 2107 5131 2484 5200; x_wconf 89' lang='lat' dir='ltr'><strong>prophetarum</strong></span> <span class='ocrx_word' id='word_1_840' title='bbox 2512 5142 2798 5200; x_wconf 90' lang='lat' dir='ltr'><strong>conciones</strong></span> <span class='ocrx_word' id='word_1_841' title='bbox 2825 5149 3024 5206; x_wconf 83' lang='lat' dir='ltr'><strong>crebrae</strong></span> <span class='ocrx_word' id='word_1_842' title='bbox 3044 5163 3097 5207; x_wconf 89' lang='lat' dir='ltr'><strong>et</strong></span> <span class='ocrx_word' id='word_1_843' title='bbox 3117 5153 3336 5224; x_wconf 65' lang='lat' dir='ltr'><strong>prolixae</strong></span> <span class='ocrx_word' id='word_1_844' title='bbox 3363 5159 3414 5214; x_wconf 92' lang='lat' dir='ltr'><strong>in</strong></span> <span class='ocrx_word' id='word_1_845' title='bbox 3444 5161 3509 5216; x_wconf 90' lang='lat' dir='ltr'><strong>iis</strong></span> <span class='ocrx_word' id='word_1_846' title='bbox 3530 5178 3692 5220; x_wconf 82' lang='lat' dir='ltr'><strong>accu-</strong></span> 
     </span>
    </p>
   </div>
   <div class='ocr_carea' id='block_1_110' title="bbox 2105 5223 3692 5323">
    <p class='ocr_par' dir='ltr' id='par_1_110' title="bbox 2105 5223 3692 5323">
     <span class='ocr_line' id='line_1_112' title="bbox 2105 5223 3692 5323; baseline 0.025 -48"><span class='ocrx_word' id='word_1_847' title='bbox 2105 5223 2287 5280; x_wconf 88' lang='lat' dir='ltr'><strong>sandis</strong></span> <span class='ocrx_word' id='word_1_848' title='bbox 2315 5240 2643 5301; x_wconf 70' lang='lat' dir='ltr'><strong>consumptae</strong></span> <span class='ocrx_word' id='word_1_849' title='bbox 2662 5238 2819 5291; x_wconf 87' lang='lat' dir='ltr'><strong>sunt?</strong></span> <span class='ocrx_word' id='word_1_850' title='bbox 2843 5239 3010 5307; x_wconf 89' lang='lat' dir='ltr'><strong>Quam</strong></span> <span class='ocrx_word' id='word_1_851' title='bbox 3043 5223 3378 5316; x_wconf 81' lang='lat' dir='ltr'><strong>tragoediam,</strong></span> <span class='ocrx_word' id='word_1_852' title='bbox 3409 5254 3550 5323; x_wconf 88' lang='lat' dir='ltr'><strong>quod</strong></span> <span class='ocrx_word' id='word_1_853' title='bbox 3588 5257 3692 5312; x_wconf 82' lang='lat' dir='ltr'><strong>ini-</strong></span> 
     </span>
    </p>
   </div>
   <div class='ocr_carea' id='block_1_111' title="bbox 408 5347 3685 5495">
    <p class='ocr_par' dir='ltr' id='par_1_111' title="bbox 408 5347 3685 5495">
     <span class='ocr_line' id='line_1_113' title="bbox 1511 5347 3685 5403; baseline 0.024 -51"><span class='ocrx_word' id='word_1_854' title='bbox 1511 5347 1521 5352; x_wconf 83' lang='grc'>,</span> <span class='ocrx_word' id='word_1_855' title='bbox 1720 5347 1764 5350; x_wconf 73' lang='lat'><strong>--</strong></span> <span class='ocrx_word' id='word_1_856' title='bbox 1809 5347 1898 5352; x_wconf 79' lang='grc'><strong><em>----</em></strong></span> <span class='ocrx_word' id='word_1_857' title='bbox 2103 5347 2319 5382; x_wconf 71' lang='grc' dir='ltr'><strong>ψιιιαιιο</strong></span> <span class='ocrx_word' id='word_1_858' title='bbox 2364 5347 2665 5392; x_wconf 70' lang='grc' dir='ltr'><strong>ελεηψιυηι</strong></span> <span class='ocrx_word' id='word_1_859' title='bbox 2711 5347 2824 5385; x_wconf 84' lang='lat' dir='ltr'><strong>suis</strong></span> <span class='ocrx_word' id='word_1_860' title='bbox 2870 5347 2946 5387; x_wconf 87' lang='lat' dir='ltr'><strong>un</strong></span> <span class='ocrx_word' id='word_1_861' title='bbox 2990 5347 3205 5396; x_wconf 77' lang='lat' dir='ltr'><strong>nefariis</strong></span> <span class='ocrx_word' id='word_1_862' title='bbox 3247 5347 3546 5401; x_wconf 84' lang='lat' dir='ltr'><strong>homicidiis</strong></span> <span class='ocrx_word' id='word_1_863' title='bbox 3581 5364 3685 5403; x_wconf 90' lang='lat' dir='ltr'><strong>non</strong></span> 
     </span>
     <span class='ocr_line' id='line_1_114' title="bbox 408 5347 3685 5495; baseline 0.03 -96"><span class='ocrx_word' id='word_1_864' title='bbox 408 5347 657 5417; x_wconf 87' lang='lat' dir='ltr'><strong>Daphne,</strong></span> <span class='ocrx_word' id='word_1_865' title='bbox 690 5355 776 5409; x_wconf 92' lang='lat' dir='ltr'><strong>ubi</strong></span> <span class='ocrx_word' id='word_1_866' title='bbox 806 5356 1111 5417; x_wconf 89' lang='lat' dir='ltr'><strong>barathrum</strong></span> <span class='ocrx_word' id='word_1_867' title='bbox 1132 5366 1386 5436; x_wconf 85' lang='lat' dir='ltr'><strong>deterius.</strong></span> <span class='ocrx_word' id='word_1_868' title='bbox 1420 5379 1560 5446; x_wconf 91' lang='lat' dir='ltr'><strong>quod</strong></span> <span class='ocrx_word' id='word_1_869' title='bbox 1582 5381 2057 5487; x_wconf 30' lang='lat' dir='ltr'><strong>Matronaﬂvo-ﬂ</strong></span> <span class='ocrx_word' id='word_1_870' title='bbox 2102 5408 2495 5464; x_wconf 78' lang='lat' dir='ltr'><strong>obscurarum?</strong></span> <span class='ocrx_word' id='word_1_871' title='bbox 2539 5414 2886 5476; x_wconf 89' lang='lat' dir='ltr'><strong>lmmolarunt</strong></span> <span class='ocrx_word' id='word_1_872' title='bbox 2938 5425 3072 5482; x_wconf 86' lang='lat' dir='ltr'><strong>filios</strong></span> <span class='ocrx_word' id='word_1_873' title='bbox 3116 5437 3170 5484; x_wconf 88' lang='lat' dir='ltr'><strong>et</strong></span> <span class='ocrx_word' id='word_1_874' title='bbox 3223 5431 3360 5488; x_wconf 84' lang='lat' dir='ltr'><strong>filias</strong></span> <span class='ocrx_word' id='word_1_875' title='bbox 3405 5435 3685 5495; x_wconf 66' lang='lat' dir='ltr'><strong>daemoniis</strong></span> 
     </span>
    </p>
   </div>
   <div class='ocr_carea' id='block_1_112' title="bbox 2106 5491 3685 5597">
    <p class='ocr_par' dir='ltr' id='par_1_112' title="bbox 2106 5491 3685 5597">
     <span class='ocr_line' id='line_1_115' title="bbox 2106 5491 3685 5597; baseline 0.027 -54"><span class='ocrx_word' id='word_1_876' title='bbox 2106 5491 2275 5564; x_wconf 83' lang='lat' dir='ltr'><strong>(Psal.</strong></span> <span class='ocrx_word' id='word_1_877' title='bbox 2308 5499 2428 5554; x_wconf 77' lang='grc'><strong>105.</strong></span> <span class='ocrx_word' id='word_1_878' title='bbox 2460 5502 2572 5574; x_wconf 79' lang='lat'><strong>&#39;57),</strong></span> <span class='ocrx_word' id='word_1_879' title='bbox 2615 5517 2854 5565; x_wconf 89' lang='lat' dir='ltr'><strong>naturam</strong></span> <span class='ocrx_word' id='word_1_880' title='bbox 2898 5529 3176 5582; x_wconf 82' lang='lat' dir='ltr'><strong>exuerunt,</strong></span> <span class='ocrx_word' id='word_1_881' title='bbox 3223 5520 3466 5579; x_wconf 90' lang='lat' dir='ltr'><strong>dolorum</strong></span> <span class='ocrx_word' id='word_1_882' title='bbox 3503 5491 3685 5597; x_wconf 75' lang='lat' dir='ltr'><strong>partus</strong></span> 
     </span>
    </p>
   </div>
   <div class='ocr_carea' id='block_1_113' title="bbox 2101 5585 3679 5687">
    <p class='ocr_par' dir='ltr' id='par_1_113' title="bbox 2101 5585 3679 5687">
     <span class='ocr_line' id='line_1_116' title="bbox 2101 5585 3679 5687; baseline 0.024 -50"><span class='ocrx_word' id='word_1_883' title='bbox 2101 5585 2249 5640; x_wconf 93' lang='lat' dir='ltr'><strong>obliti</strong></span> <span class='ocrx_word' id='word_1_884' title='bbox 2299 5601 2455 5658; x_wconf 91' lang='lat' dir='ltr'><strong>sunt,</strong></span> <span class='ocrx_word' id='word_1_885' title='bbox 2511 5595 2877 5656; x_wconf 91' lang='lat' dir='ltr'><strong>educationem</strong></span> <span class='ocrx_word' id='word_1_886' title='bbox 2927 5604 3216 5665; x_wconf 89' lang='lat' dir='ltr'><strong>liberorum</strong></span> <span class='ocrx_word' id='word_1_887' title='bbox 3265 5585 3679 5687; x_wconf 48' lang='lat' dir='ltr'><strong>proculca-runt,</strong></span> 
     </span>
    </p>
   </div>
   <div class='ocr_carea' id='block_1_114' title="bbox 2099 5675 3681 5768">
    <p class='ocr_par' dir='ltr' id='par_1_114' title="bbox 2099 5675 3681 5768">
     <span class='ocr_line' id='line_1_117' title="bbox 2099 5675 3681 5768; baseline 0.024 -41"><span class='ocrx_word' id='word_1_888' title='bbox 2099 5675 2242 5744; x_wconf 85' lang='lat' dir='ltr'><strong>leges</strong></span> <span class='ocrx_word' id='word_1_889' title='bbox 2258 5684 2726 5752; x_wconf 87' lang='lat' dir='ltr'><strong>consanguinitatis</strong></span> <span class='ocrx_word' id='word_1_890' title='bbox 2743 5689 2976 5749; x_wconf 89' lang='lat' dir='ltr'><strong>funditus</strong></span> <span class='ocrx_word' id='word_1_891' title='bbox 2995 5708 3320 5768; x_wconf 84' lang='lat' dir='ltr'><strong>everterunt,</strong></span> <span class='ocrx_word' id='word_1_892' title='bbox 3340 5703 3681 5764; x_wconf 81' lang='lat' dir='ltr'><strong>immatuores</strong></span> 
     </span>
    </p>
   </div>
   <div class='ocr_carea' id='block_1_115' title="bbox 2103 5768 3679 5863">
    <p class='ocr_par' dir='ltr' id='par_1_115' title="bbox 2103 5768 3679 5863">
     <span class='ocr_line' id='line_1_118' title="bbox 2103 5768 3679 5863; baseline 0.022 -42"><span class='ocrx_word' id='word_1_893' title='bbox 2103 5769 2245 5822; x_wconf 86' lang='lat' dir='ltr'><strong>omni</strong></span> <span class='ocrx_word' id='word_1_894' title='bbox 2280 5768 2445 5826; x_wconf 87' lang='lat' dir='ltr'><strong>bestia</strong></span> <span class='ocrx_word' id='word_1_895' title='bbox 2476 5773 2596 5832; x_wconf 88' lang='lat' dir='ltr'><strong>facti</strong></span> <span class='ocrx_word' id='word_1_896' title='bbox 2623 5790 2764 5835; x_wconf 87' lang='lat' dir='ltr'><strong>sunt.</strong></span> <span class='ocrx_word' id='word_1_897' title='bbox 2795 5781 2925 5840; x_wconf 83' lang='lat' dir='ltr'><strong>Nam</strong></span> <span class='ocrx_word' id='word_1_898' title='bbox 2955 5785 3137 5845; x_wconf 69' lang='lat' dir='ltr'><strong>bestiae</strong></span> <span class='ocrx_word' id='word_1_899' title='bbox 3166 5805 3540 5863; x_wconf 62' lang='lat' dir='ltr'><strong>saepenumero</strong></span> <span class='ocrx_word' id='word_1_900' title='bbox 3565 5799 3679 5855; x_wconf 81' lang='lat' dir='ltr'><strong>ani-</strong></span> 
     </span>
    </p>
   </div>
   <div class='ocr_carea' id='block_1_116' title="bbox 329 5543 1990 5650">
    <p class='ocr_par' dir='ltr' id='par_1_116' title="bbox 329 5543 1990 5650">
     <span class='ocr_line' id='line_1_119' title="bbox 329 5543 1990 5650; baseline 0.016 -26"><span class='ocrx_word' id='word_1_901' title='bbox 329 5543 334 5547; x_wconf 91' lang='grc'>·</span> <span class='ocrx_word' id='word_1_902' title='bbox 405 5551 700 5612; x_wconf 58' lang='lat' dir='ltr'><strong>memoratur</strong></span> <span class='ocrx_word' id='word_1_903' title='bbox 725 5543 1041 5618; x_wconf 60' lang='grc' dir='ltr'><strong>εμδειτρίιυνς</strong></span> <span class='ocrx_word' id='word_1_904' title='bbox 1065 5543 1189 5619; x_wconf 56' lang='lat' dir='ltr'><strong>sua</strong></span> <span class='ocrx_word' id='word_1_905' title='bbox 1212 5543 1990 5650; x_wconf 48' lang='lat' dir='ltr'><strong>quassans;stetisses:</strong></span> 
     </span>
     <span class='ocr_line' id='line_1_120' title="bbox 402 5608 1831 5650; baseline 0.002 -3"><span class='ocrx_word' id='word_1_906' title='bbox 402 5613 539 5650; x_wconf 82' lang='lat' dir='ltr'><strong>cuius</strong></span> <span class='ocrx_word' id='word_1_907' title='bbox 564 5614 703 5650; x_wconf 87' lang='lat' dir='ltr'><strong>erant</strong></span> <span class='ocrx_word' id='word_1_908' title='bbox 723 5608 915 5650; x_wconf 68' lang='lat' dir='ltr'><strong>diversa</strong></span> <span class='ocrx_word' id='word_1_909' title='bbox 941 5618 1063 5650; x_wconf 70' lang='lat' dir='ltr'><strong>matr!</strong></span> <span class='ocrx_word' id='word_1_910' title='bbox 1089 5623 1241 5650; x_wconf 64' lang='grc' dir='ltr'><strong>νηηςηρ</strong></span> <span class='ocrx_word' id='word_1_911' title='bbox 1267 5635 1442 5650; x_wconf 62' lang='grc' dir='ltr'><strong>κη.--</strong></span> <span class='ocrx_word' id='word_1_912' title='bbox 1470 5646 1526 5650; x_wconf 88' lang='lat'>__</span> <span class='ocrx_word' id='word_1_913' title='bbox 1550 5649 1557 5650; x_wconf 56' lang='lat'><strong><em>,</em></strong></span> <span class='ocrx_word' id='word_1_914' title='bbox 1587 5637 1597 5647; x_wconf 96' lang='lat'><strong>.</strong></span> <span class='ocrx_word' id='word_1_915' title='bbox 1758 5643 1765 5650; x_wconf 97' lang='lat'><strong>.</strong></span> <span class='ocrx_word' id='word_1_916' title='bbox 1824 5646 1831 5650; x_wconf 89' lang='lat'><strong>.</strong></span> 
     </span>
    </p>
   </div>
   <div class='ocr_carea' id='block_1_117' title="bbox 402 5608 1993 5700">
    <p class='ocr_par' dir='ltr' id='par_1_117' title="bbox 402 5608 1993 5700">
     <span class='ocr_line' id='line_1_121' title="bbox 1017 5608 1878 5626; baseline -0.045 23"><span class='ocrx_word' id='word_1_917' title='bbox 1017 5608 1025 5612; x_wconf 37' lang='grc'><strong>⁷</strong></span> <span class='ocrx_word' id='word_1_918' title='bbox 1221 5608 1244 5624; x_wconf 63' lang='grc'><strong>³</strong></span> <span class='ocrx_word' id='word_1_919' title='bbox 1268 5608 1442 5617; x_wconf 62' lang='grc'><strong>“””“”“““·</strong></span> <span class='ocrx_word' id='word_1_920' title='bbox 1465 5608 1590 5622; x_wconf 70' lang='grc' dir='ltr'><strong>*ιιι-υ</strong></span> <span class='ocrx_word' id='word_1_921' title='bbox 1612 5608 1658 5624; x_wconf 84' lang='grc' dir='ltr'><strong>ιι.</strong></span> <span class='ocrx_word' id='word_1_922' title='bbox 1703 5608 1710 5610; x_wconf 69' lang='lat'>~</span> <span class='ocrx_word' id='word_1_923' title='bbox 1735 5608 1795 5626; x_wconf 76' lang='grc' dir='ltr'><strong>η..</strong></span> <span class='ocrx_word' id='word_1_924' title='bbox 1870 5608 1878 5610; x_wconf 83' lang='lat'>_</span> 
     </span>
     <span class='ocr_line' id='line_1_122' title="bbox 402 5608 1993 5700; baseline -0.002 1"><span class='ocrx_word' id='word_1_925' title='bbox 402 5608 1244 5700; x_wconf 48' lang='grc' dir='ltr'><strong>άηίξδξίὲῗ</strong></span> <span class='ocrx_word' id='word_1_926' title='bbox 1265 5635 1445 5700; x_wconf 59' lang='grc' dir='ltr'><strong>Ββτξιεέδ</strong></span> <span class='ocrx_word' id='word_1_927' title='bbox 1470 5608 1993 5700; x_wconf 49' lang='grc' dir='ltr'><strong>ηοηιίηειῗὲἕτεῖ</strong></span> 
     </span>
    </p>
   </div>
   <div class='ocr_carea' id='block_1_118' title="bbox 402 5666 1993 5762">
    <p class='ocr_par' dir='ltr' id='par_1_118' title="bbox 404 5718 1540 5762">
     <span class='ocr_line' id='line_1_123' title="bbox 404 5718 1540 5762; baseline 0 0"><span class='ocrx_word' id='word_1_928' title='bbox 404 5718 1002 5762; x_wconf 59' lang='grc' dir='ltr'><strong>Μιηαιιηιωηοαινι</strong></span> <span class='ocrx_word' id='word_1_929' title='bbox 1031 5739 1338 5762; x_wconf 39' lang='lat' dir='ltr'><strong>I.--4__A,.</strong></span> <span class='ocrx_word' id='word_1_930' title='bbox 1404 5754 1428 5762; x_wconf 89' lang='lat'><strong>..</strong></span> <span class='ocrx_word' id='word_1_931' title='bbox 1532 5759 1540 5762; x_wconf 88' lang='lat'>_</span> 
     </span>
    </p>
   </div>
   <div class='ocr_carea' id='block_1_119' title="bbox 404 5718 1918 5827">
    <p class='ocr_par' dir='ltr' id='par_1_119' title="bbox 404 5718 1918 5827">
     <span class='ocr_line' id='line_1_124' title="bbox 783 5718 1913 5756; baseline 0.035 -40"><span class='ocrx_word' id='word_1_932' title='bbox 783 5718 794 5726; x_wconf 68' lang='lat'><strong>,</strong></span> <span class='ocrx_word' id='word_1_933' title='bbox 863 5718 1043 5735; x_wconf 70' lang='lat'><strong>_----__,</strong></span> <span class='ocrx_word' id='word_1_934' title='bbox 1069 5718 1244 5744; x_wconf 58' lang='grc' dir='ltr'><strong>..νυ-..ι</strong></span> <span class='ocrx_word' id='word_1_935' title='bbox 1267 5718 1318 5736; x_wconf 71' lang='lat' dir='ltr'><strong>u.</strong></span> <span class='ocrx_word' id='word_1_936' title='bbox 1339 5718 1552 5752; x_wconf 67' lang='lat' dir='ltr'><strong>uluguua</strong></span> <span class='ocrx_word' id='word_1_937' title='bbox 1580 5718 1851 5752; x_wconf 82' lang='lat' dir='ltr'><strong>vocanatur.</strong></span> <span class='ocrx_word' id='word_1_938' title='bbox 1879 5718 1913 5756; x_wconf 82' lang='lat' dir='ltr'><strong>tl</strong></span> 
     </span>
     <span class='ocr_line' id='line_1_125' title="bbox 404 5718 1918 5827; baseline 0.032 -56"><span class='ocrx_word' id='word_1_939' title='bbox 404 5718 529 5774; x_wconf 69' lang='lat' dir='ltr'><strong>fate</strong></span> <span class='ocrx_word' id='word_1_940' title='bbox 552 5724 660 5776; x_wconf 79' lang='lat' dir='ltr'><strong>loco</strong></span> <span class='ocrx_word' id='word_1_941' title='bbox 682 5741 893 5796; x_wconf 78' lang='lat' dir='ltr'><strong>nomen;</strong></span> <span class='ocrx_word' id='word_1_942' title='bbox 917 5738 1002 5787; x_wconf 81' lang='lat' dir='ltr'><strong>sed</strong></span> <span class='ocrx_word' id='word_1_943' title='bbox 1028 5739 1117 5792; x_wconf 77' lang='lat' dir='ltr'><strong>hac</strong></span> <span class='ocrx_word' id='word_1_944' title='bbox 1136 5745 1200 5794; x_wconf 88' lang='lat' dir='ltr'><strong>de</strong></span> <span class='ocrx_word' id='word_1_945' title='bbox 1218 5758 1275 5796; x_wconf 87' lang='lat' dir='ltr'><strong>re</strong></span> <span class='ocrx_word' id='word_1_946' title='bbox 1293 5750 1510 5811; x_wconf 86' lang='lat' dir='ltr'><strong>pluribus</strong></span> <span class='ocrx_word' id='word_1_947' title='bbox 1529 5759 1704 5810; x_wconf 87' lang='lat' dir='ltr'><strong>iterum</strong></span> <span class='ocrx_word' id='word_1_948' title='bbox 1727 5775 1918 5827; x_wconf 79' lang='lat' dir='ltr'><strong>agetur.</strong></span> 
     </span>
    </p>
   </div>
  </div>
