3920 6370
475 489 580 542 855

466 624 605 664 mam
633 607 791 662 etiam
831 604 1047 674 dedunt,
1081 604 1378 676 posthabita
1413 605 1494 660 sui
1520 607 1952 673 conservatione,
1985 617 2044 661 ut

466 700 602 753 fetus
649 695 934 752 defendant
977 715 990 750 :
1038 706 1092 751 at
1135 696 1212 765 hi,
1259 696 1400 752 nulla
1445 705 1663 768 urgente
1705 698 2039 763 necessitate,

466 799 620 846 natos
659 805 729 843 ex
760 803 880 842 sese
923 803 1080 842 manu
1112 802 1206 842 sua
1234 797 1549 855 mactarunt,
1592 782 1650 843 tit
1692 789 1810 843 vita:
1848 800 2043 844 nostra:

466 880 665 942 hostes,
697 879 918 933 infestos
948 878 1236 942 darmones,
1273 879 1530 933 colerent.
1556 878 1672 946 Quo
1696 894 1878 934 eorum
1903 879 2042 934 facto

463 971 582 1040 plus
633 971 840 1025 attoniti
893 970 1212 1025 reddantur?
1263 973 1563 1040 impietate,
1617 988 1684 1025 an
1732 973 2042 1028 crudelitate

458 1071 619 1133 atque
641 1062 1058 1118 inhumanitate?
1083 1063 1224 1132 quod
1255 1064 1389 1117 filios
1417 1065 1759 1131 immolarint,
1785 1074 1873 1118 aut
1900 1063 2041 1135 quod

456 1156 738 1211 dmmoniis
791 1155 910 1209 illos
955 1153 1342 1209 sacriﬁcarint?
1379 1155 1482 1210 Sed
1529 1171 1706 1210 annon
1757 1155 2038 1210 immodica

457 1245 674 1301 lascivia
724 1256 777 1301 et
831 1246 1120 1315 petulantia
1179 1245 1451 1301 libidinem
1498 1262 1709 1317 quoque
1762 1248 2038 1301 brutorum

456 1337 744 1390 maximam
792 1336 1174 1391 obscurarunt?
1217 1335 1356 1391 Audi
1400 1337 1749 1407 prophetam,
1796 1338 1922 1408 quid
1970 1338 2038 1394 de

456 1427 694 1499 ipsorum
726 1428 1071 1482 immoderata
1093 1428 1233 1482 dicat
1258 1429 1661 1498 intemperantia
1689 1449 1702 1484 :
1726 1430 1859 1501 Equi
1889 1433 2037 1486 emis-

452 1519 574 1573 sorii
613 1520 736 1588 facti
772 1529 910 1585 sunt,
953 1521 1285 1586 unusquisque
1328 1521 1395 1572 ad
1440 1538 1644 1574 uxorem
1688 1523 1905 1591 proximi
1953 1525 2035 1576 sui

453 1611 708 1665 hinniebat
748 1611 962 1682 (Jercm.
996 1611 1049 1664 5.
1081 1612 1156 1682 8).
1196 1611 1308 1666 Non
1354 1611 1509 1680 dixit,
1552 1615 1777 1682 proximi
1815 1630 2031 1669 uxorem

448 1703 674 1772 quisque
715 1702 1139 1770 concupiscebat,
1183 1702 1275 1756 sed
1318 1704 1714 1758 evidentissima
1756 1704 2030 1761 brutorum

448 1794 826 1848 vociferatione
858 1784 1088 1848 libidinis
1119 1795 1356 1863 ipsorum
1387 1794 1643 1849 insaniam
1672 1797 1954 1864 expressit.

523 1886 573 1939 7.
603 1886 736 1954 Quid
758 1887 898 1940 aliud
929 1886 1102 1940 dicam
1134 1887 1319 1940 vobis?
1345 1888 1574 1957 rapinas,
1600 1889 1869 1956 avaritias,
1895 1905 2028 1959 pau-

444 1990 636 2044 perum
668 1975 1013 2044 proditiones,
1046 1975 1204 2040 furta,
1227 1984 1368 2030 artes
1396 1978 1784 2046 cauponarias?
1810 1978 1890 2033 Ad
1915 1979 2030 2034 hazc

441 2069 708 2123 narranda
749 2084 814 2123 ne
839 2068 953 2123 dies
982 2069 1193 2138 quidem
1220 2069 1421 2139 integer
1449 2069 1736 2124 suffecerit.
1759 2069 1826 2123 At
1855 2069 2022 2136 ferite,

443 2158 643 2228 inquis,
689 2158 896 2212 illorum
942 2158 1137 2228 aliquid
1183 2174 1344 2228 grave
1391 2168 1447 2213 et
1489 2175 1733 2229 magnum
1779 2159 2022 2216 habent:

439 2249 589 2320 atqui
640 2259 694 2303 et
741 2249 836 2302 has
880 2250 1020 2318 ipsas
1060 2249 1293 2320 impurus
1336 2258 1840 2306 counnonstrarunt.
1886 2252 2024 2307 Audi

438 2338 763 2410 prophetas;
791 2341 918 2408 quin
949 2339 1111 2393 Deum
1154 2338 1296 2406 audi,
1329 2355 1486 2409 quam
1527 2339 1871 2397 vehementer
1905 2342 2024 2401 illas

435 2432 810 2487 abominetur:
839 2432 957 2499 Odi,
988 2433 1178 2503 projeci
1203 2433 1356 2502 ferias
1384 2445 1570 2489 vestras
1595 2434 1770 2503 (Amos
1817 2437 1868 2492 5.
1901 2437 2018 2510 2i).

441 2521 585 2574 Deus
611 2521 737 2585 odit,
767 2533 818 2576 et
859 2531 912 2575 tu
943 2522 1247 2591 participas.
1279 2521 1458 2594 Neque
1487 2523 1620 2579 dixit
1657 2525 1753 2583 has
1784 2527 1866 2581 vel
1902 2527 2022 2583 illas

435 2610 618 2674 ferias,
657 2610 749 2665 sed
790 2611 842 2665 in
889 2611 1192 2666 universum
1229 2628 1436 2669 omnes.
1481 2614 1640 2671 Visne
1673 2631 2018 2688 cognoscere,

430 2700 580 2770 quod
609 2701 748 2756 Deus
779 2701 928 2756 illum
954 2703 1114 2756 etiam
1152 2702 1352 2758 cultum
1379 2703 1569 2773 oderit,
1599 2706 1686 2776 qui
1727 2705 1783 2761 fit
1811 2717 2018 2779 tympa-

433 2795 540 2858 nis,
572 2793 806 2855 cithara,
839 2794 1104 2864 psalteriis
1143 2802 1196 2849 et
1236 2795 1352 2849 aliis
1382 2795 1632 2866 organis?
1662 2798 1819 2868 Aufer
1847 2813 1881 2852 a
1919 2815 2014 2866 me,

434 2885 626 2954 inquit,
659 2884 876 2938 sonitum
900 2885 1210 2938 canticorum
1235 2892 1456 2950 tuorum,
1480 2895 1526 2939 et
1552 2887 1802 2957 psalmum
1823 2889 2018 2943 instru-

435 2984 717 3027 mentorum
760 2984 959 3027 tuorum
1005 2990 1105 3027 non
1142 2974 1347 3027 audiam
1382 2973 1541 3046 (Ibid.
1572 2993 1622 3030 v.
1651 2975 1766 3049 23).
1805 2978 1962 3049 Aufer
1987 2995 2020 3033 a

433 3080 534 3129 me,
563 3064 730 3134 inquit
751 3064 887 3118 Deus
917 3082 930 3118 :
965 3074 1016 3117 tu
1047 3063 1320 3120 auditurus
1346 3065 1498 3121 tubas
1527 3067 1744 3122 curris?
1767 3067 1871 3123 Sed
1903 3069 2018 3126 hazc

432 3155 690 3210 sacrificia
718 3167 770 3210 et
799 3155 877 3210 ha:
899 3156 1194 3211 oblationes
1230 3172 1406 3213 nonne
1447 3170 1571 3212 sunt
1601 3159 2018 3216 abominabiles?

435 3247 496 3300 Si
523 3245 746 3312 oﬂ'eratis
769 3248 891 3301 mihi
913 3248 1269 3318 similaginem,
1299 3254 1523 3320 frustra;
1549 3251 1808 3305 incensum
1827 3254 2018 3307 abanti-

433 3340 570 3392 natio
589 3349 659 3392 est
681 3338 804 3391 mihi
829 3337 1032 3409 (Ilcsai.
1063 3341 1112 3394 1.
1142 3339 1254 3410 13).
1287 3339 1564 3395 lnccnsum
1585 3341 1938 3408 abominatio;
1962 3353 2018 3399 et

433 3433 580 3486 locus
613 3447 714 3487 non
739 3429 1164 3486 abominandus?
1192 3432 1252 3486 Et
1283 3431 1495 3502 quando
1518 3434 1884 3491 abominatio?
1907 3439 2017 3490 Au-

434 3533 644 3592 tequam
674 3537 938 3576 summum
966 3522 1139 3576 scelus
1165 3523 1509 3584 admiserant,
1548 3532 1830 3594 antequam
1859 3539 2013 3580 suam

435 3614 667 3679 ipsorum
716 3613 994 3666 Dominum
1047 3613 1391 3678 sustulerant,
1441 3624 1565 3668 ante
1609 3629 1842 3683 crucem,
1888 3625 2015 3672 ante

431 3704 626 3758 Christi
650 3720 854 3768 necem,
878 3704 1217 3758 abominatio.
1245 3708 1432 3759 Annon
1455 3705 1622 3759 multo
1645 3705 1810 3776 magis
1838 3709 2014 3762 nunc?

436 3799 499 3850 lit
524 3813 651 3850 sane
674 3796 798 3866 quid
819 3805 903 3851 est
931 3795 1246 3853 suffimentis
1267 3795 1625 3866 fragrantius?
1651 3797 1847 3852 Verum
1878 3801 2016 3855 Deus

435 3905 539 3944 non
579 3890 961 3944 sacrificiorum
993 3898 1259 3953 naturam,
1295 3889 1387 3942 sed
1431 3890 1666 3944 animum
1710 3907 1892 3945 eorum
1925 3893 2013 3963 qui

430 3978 663 4032 offerunt
687 3977 954 4043 observat,
988 3977 1194 4048 hocque
1227 3978 1522 4033 oblationes
1553 3979 1789 4034 metitur.
1821 3983 2010 4036 Atten-

432 4072 512 4125 dit
543 4071 609 4125 ad
634 4071 764 4125 Abel
789 4078 845 4125 et
871 4069 938 4147 ad
966 4085 1183 4124 munera
1211 4070 1326 4140 ejus
1358 4089 1370 4123 :
1403 4071 1531 4125 vidit
1553 4069 1772 4126 Cainum
1795 4115 1809 4138 ,
1840 4082 1894 4127 et
1924 4087 2013 4126 sa-

432 4163 631 4217 crificia
656 4163 771 4232 ejus
803 4172 912 4217 tum
941 4173 1212 4217 aversatus
1240 4175 1338 4217 est.
1371 4162 1500 4216 Nam
1529 4165 1598 4216 ad
1631 4163 1785 4227 Cain,
1821 4166 2009 4236 inquit,

433 4264 479 4308 et
506 4255 574 4307 ad
592 4253 892 4308 oblationem
913 4255 1020 4324 ejus
1046 4271 1144 4306 non
1168 4254 1380 4306 attendit
1413 4253 1563 4322 (Gen.
1596 4255 1644 4308 4.
1681 4254 1758 4324 5).
1789 4253 1898 4308 Noe
1925 4270 2012 4308 sa-

431 4345 627 4399 criﬁcia
652 4345 851 4409 ovium,
876 4344 1181 4407 vitulorum,
1206 4354 1258 4398 et
1281 4343 1456 4396 avium
1487 4343 1594 4397 Deo
1615 4343 1806 4397 obtulit
1829 4361 1842 4398 :
1875 4344 2013 4398 Udo—

431 4447 670 4506 ratusque
697 4449 768 4490 est
810 4436 1055 4491 Dominus
1082 4436 1288 4491 odorem
1313 4437 1594 4501 suavitatis,
1637 4437 1802 4505 inquit
1829 4437 2011 4509 Scrip-

434 4537 550 4584 tura
577 4525 686 4598 (Id.
715 4527 766 4582 8.
811 4526 921 4600 2t),
950 4525 1001 4581 id
1044 4537 1144 4592 est,
1168 4525 1341 4580 oblata
1370 4525 1628 4594 probavit.
1663 4525 1844 4595 Neque
1869 4529 2013 4581 enim

437 4619 544 4673 Deo
574 4632 729 4672 nares
757 4626 899 4682 sunt,
932 4615 1024 4670 sed
1055 4631 1246 4670 numen
1278 4624 1359 4670 est
1389 4617 1780 4684 incorporeum.
1812 4617 2015 4683 Quam-

433 4726 589 4782 quam
616 4726 698 4770 ca.
727 4726 843 4782 qua:
873 4725 937 4765 ex
967 4711 1117 4763 altari
1147 4724 1359 4762 sursum
1387 4707 1644 4768 feruntur,
1671 4707 1824 4762 nidor
1852 4717 1907 4762 et
1935 4708 2016 4761 fn-

434 4819 550 4856 mus
580 4809 702 4857 sunt
739 4799 1134 4855 combustorum
1165 4813 1445 4869 corporum
1475 4815 1486 4850 :
1517 4815 1622 4868 quo
1653 4797 1842 4852 fanore
1882 4798 2012 4852 nihil

434 4894 622 4948 tetrius
647 4901 746 4947 est.
782 4891 976 4946 Verum
1007 4899 1062 4942 ut
1089 4889 1282 4954 discas,
1313 4889 1475 4942 Deum
1503 4889 1727 4958 probare
1752 4887 2010 4942 sacriﬁcia

433 4995 486 5039 et
505 4984 763 5050 aversari,
792 4999 886 5052 pro
913 4982 1104 5035 affectu
1134 4979 1423 5043 offerentis,
1461 4981 1698 5034 nidorem
1726 4989 1778 5033 ct
1811 4979 2010 5033 fumum

431 5078 651 5132 odorem
681 5087 835 5131 vocat
860 5075 1155 5139 suavitatis,
1187 5074 1486 5136 incensum,
1518 5072 1966 5127 abominationem
1997 5090 2009 5126 :

431 5169 551 5237 quia
581 5167 748 5222 multo
779 5167 966 5221 faetore
993 5180 1144 5218 mens
1169 5164 1507 5219 olferentium
1546 5166 1745 5233 repleta
1776 5163 1887 5218 fuit.
1921 5163 2000 5217 Li-

432 5258 591 5314 betue
620 5271 962 5326 cognoscere,
995 5255 1138 5325 quod
1177 5255 1430 5324 templum
1459 5255 1618 5309 etiam
1658 5268 1777 5306 cum
1805 5252 2009 5307 sacriﬁ-

429 5352 547 5417 ciis,
569 5351 804 5422 organis,
823 5349 985 5414 feriis,
1005 5358 1060 5404 et
1079 5347 1306 5402 incensis
1321 5356 1595 5402 aversetur
1619 5347 1774 5410 Deus,
1796 5354 2013 5416 propter

435 5457 526 5498 eos
553 5443 641 5513 qui
674 5442 799 5496 illuc
829 5440 1234 5510 ingrediuntur?
1261 5437 1315 5492 ld
1345 5439 1456 5506 ipsa
1483 5453 1540 5491 re
1570 5437 1800 5490 maxime
1829 5447 2012 5492 osten-

430 5536 530 5602 dit,
557 5535 683 5588 olim
714 5532 1060 5587 barbarorum
1086 5530 1328 5585 manibus
1360 5529 1486 5581 illud
1516 5527 1795 5593 tradendo,
1828 5537 2011 5598 postea

434 5639 656 5697 prorsus
683 5623 934 5678 delendo.
966 5622 1342 5677 Verumtamen
1370 5627 1495 5672 ante
1519 5619 1850 5673 eversionem
1880 5633 2014 5687 quo-

430 5730 536 5784 que
566 5715 708 5770 illius
733 5729 826 5784 per
855 5712 1166 5785 prophetam
1197 5712 1410 5774 clamat,
1438 5708 1688 5778 dicitque,
1731 5707 1813 5762 Ne
1848 5708 2012 5777 con/i-

429 5806 563 5860 datis
591 5806 643 5858 in
679 5804 840 5858 verbis
867 5803 1114 5857 mendacii
1132 5843 1148 5868 ,
1178 5802 1295 5872 quia
1328 5817 1428 5854 non
1463 5799 1736 5869 proderunt
1764 5800 1900 5855 vobis
1928 5799 2011 5853 di-

428 5897 654 5951 centibus
676 5911 694 5949 :
713 5895 949 5966 templum
973 5892 1196 5958 Domini,
1221 5892 1462 5964 templum
1482 5891 1688 5946 Domini
1709 5900 1777 5946 est
1794 5890 2002 5962 (Jcrcm.

1724 493 2081 549 ADVERSUS
2117 493 2415 554 JUDAIOS.
2454 500 2496 553 I.

3614 511 3721 564 δελ

2157 609 2209 662 7.
2236 609 2310 679 4).
2344 609 2460 665 Νοιι
2504 612 2777 681 templum,
2808 615 2994 682 inquit,
3034 623 3246 672 Sanetos
3285 632 3378 673 eos
3414 620 3604 686 reddit,
3637 626 3726 693 qui

2150 701 2560 770 congrediuntur
2595 721 2607 755 :
2642 702 2734 758 sed
2758 703 2808 756 hi
2837 704 2962 759 illud
2992 716 3233 762 sanctum
3263 709 3477 765 faciunt.
3503 713 3655 781 Quod
3679 720 3724 770 si

2150 800 2258 844 tum
2287 791 2356 845 nil
2389 791 2638 861 proderat
2668 794 2942 863 templum,
2976 798 3327 866 prmsentibus
3355 800 3642 857 Cheruhim
3675 818 3726 858 et

2146 893 2266 933 arca
2301 897 2313 932 :
2342 882 2509 936 multo
2539 885 2714 940 minus
2750 887 2857 954 jam
2879 928 2892 951 ,
2923 889 3169 942 omnibus
3199 889 3262 945 iis
3292 891 3513 946 sublatis
3534 935 3548 957 ,
3582 908 3728 964 post-

2146 983 2300 1038 quam
2345 971 2484 1027 Deus
2529 974 2646 1029 illos
2688 989 2906 1044 prorsus
2953 990 3249 1046 aversntur,
3294 991 3348 1036 et
3388 985 3603 1052 gravior
3642 999 3722 1040 est

2146 1059 2301 1130 hujus
2326 1062 2432 1118 odii
2456 1079 2633 1120 causa.
2658 1068 2878 1132 Quanttc
2900 1067 3058 1139 igitur
3081 1073 3328 1128 amentia:
3354 1074 3530 1142 fuerit,
3554 1092 3722 1148 quan-

2148 1159 2318 1220 imque
2349 1154 2682 1224 insipientize,
2715 1166 2922 1214 notatos
2953 1161 3259 1230 ignominia,
3289 1179 3318 1218 a
3346 1166 3456 1221 Deo
3483 1169 3721 1238 proditos

2141 1259 2255 1310 eos,
2288 1247 2378 1316 qui
2411 1247 2691 1303 Dominum
2724 1251 2776 1304 in
2808 1251 2940 1306 iram
2966 1253 3300 1322 concitarint,
3331 1258 3506 1313 socios
3531 1261 3631 1315 sibi
3663 1263 3717 1316 lu

2141 1333 2288 1390 feriis
2321 1338 2623 1394 asciscere?
2659 1339 2713 1394 Si
2748 1347 2894 1396 tuum
2923 1343 3042 1412 quis
3083 1345 3366 1401 occidisset
3405 1348 3600 1415 filium,
3633 1351 3728 1421 die

2141 1425 2267 1479 mihi
2287 1467 2304 1493 ,
2335 1427 2521 1497 cjusne
2544 1441 2884 1500 conspectum
2916 1433 3241 1488 sustineres?
3266 1435 3562 1494 Audircsne
3589 1441 3717 1494 allo-

2138 1519 2424 1584 qucntem?
2451 1519 2636 1576 Nonne
2665 1531 2718 1575 ut
2753 1521 3050 1592 improbum
3090 1525 3417 1594 daemonem,
3451 1540 3503 1584 ut
3546 1532 3716 1600 ipsum

2136 1605 2406 1662 diabolum
2446 1609 2691 1679 fugeres?
2732 1611 2937 1666 Domini
2972 1614 3044 1666 tui
3091 1614 3255 1670 lilium
3287 1619 3632 1687 occiderunt,
3663 1635 3716 1677 et

2134 1697 2187 1752 in
2218 1699 2463 1755 eumdem
2502 1717 2622 1757 cum
2652 1703 2754 1757 illis
2792 1705 2996 1775 ingredi
3034 1707 3207 1763 locum
3247 1711 3450 1766 audes?
3476 1714 3716 1786 Cumque

2133 1788 2339 1844 occisus
2364 1789 2574 1857 abillis,
2607 1801 2808 1848 tantum
2839 1806 2889 1849 te
2911 1795 3202 1864 honorarit,
3227 1810 3284 1853 ut
3309 1801 3522 1858 fratrem
3549 1814 3603 1860 et
3623 1821 3714 1860 co-

2133 1878 2386 1936 heredem
2425 1884 2762 1940 constituerit
2797 1903 2812 1940 :
2847 1894 2990 1940 tanta
3037 1898 3089 1941 tu
3135 1891 3380 1944 eumdem
3423 1893 3712 1962 ignominia

2130 1970 2320 2040 aflicis,
2351 1983 2409 2028 ut
2445 1975 2561 2046 ejus
2592 1976 3001 2045 interfectores,
3029 1980 3117 2050 qui
3144 1982 3287 2036 cruci
3325 1983 3495 2052 ipsum
3521 1984 3712 2040 affixo-

2131 2071 2274 2130 runt,
2299 2068 2674 2122 communione
2705 2067 2955 2123 feriarum
2985 2070 3214 2140 ipsarum
3256 2074 3399 2128 colas
3425 2085 3582 2145 atque
3611 2079 3710 2129 oh-

2129 2167 2332 2222 serves,
2359 2157 2497 2211 etad
2519 2156 2736 2227 profana
2761 2158 2973 2213 illorum
3003 2160 3118 2214 loca
3148 2176 3350 2228 curras,
3385 2163 3589 2234 impura
3620 2183 3709 2221 vc-

2128 2245 2320 2300 stibula
2345 2246 2530 2311 intres,
2559 2264 2862 2320 menszeque
2887 2251 3270 2308 dtemoniorum
3301 2256 3564 2328 particeps
3591 2257 3710 2312 llas.

2127 2333 2204 2389 lla
2232 2337 2374 2390 enim
2410 2336 2714 2393 Judarorum
2749 2340 3010 2409 jejunium
3055 2351 3111 2396 ut
3147 2344 3442 2414 appellem,
3475 2346 3711 2404 adducor

2127 2447 2278 2498 nece,
2307 2449 2466 2503 quam
2494 2434 2603 2488 Deo
2631 2436 2938 2490 intulerunt.
2962 2437 3076 2503 Quo
3097 2439 3238 2492 enim
3262 2449 3415 2508 pacto
3437 2440 3708 2496 dminont-s

2128 2537 2233 2576 non
2259 2521 2504 2577 dicantur
2523 2524 2701 2578 colere
2727 2524 2784 2590 ii,
2818 2526 2905 2595 qui
2936 2525 3045 2580 Deo
3073 2525 3292 2582 adversa
3324 2531 3620 2598 peragunt?
3642 2536 3711 2587 At

2126 2611 2442 2667 medicinam
2481 2629 2511 2668 a
2557 2613 2889 2669 daemonibus
2932 2617 3170 2686 expetis?
3219 2616 3352 2672 Cum
3401 2619 3609 2675 abirent
3655 2623 3708 2677 iu

2128 2719 2338 2772 porcos,
2388 2704 2581 2760 Christi
2631 2707 2913 2776 permissu,
2960 2708 3253 2776 daemones,
3308 2720 3416 2766 tum
3462 2713 3514 2768 in
3560 2731 3708 2770 mare

2124 2794 2243 2850 illos
2287 2799 2465 2851 statim
2507 2799 2904 2868 prmeipitarunt
2937 2818 2950 2853 :
2983 2809 3037 2854 ct
3080 2800 3356 2857 hominum
3396 2806 3708 2874 corporibus

2123 2899 2339 2958 parcent
2369 2887 2577 2960 (Matth.
2612 2890 2663 2944 8.
2693 2891 2780 2944 51.
2812 2889 2984 2960 sqq.)?
3008 2891 3182 2962 Atque
3205 2893 3402 2948 utinam
3429 2909 3532 2950 non
3562 2895 3706 2952 occi-

2123 2977 2326 3041 derent,
2357 2980 2556 3032 utinam
2586 2996 2692 3034 non
2719 2981 3118 3036 insidiarentur!
3151 2982 3436 3051 Ejecerunt
3461 3000 3523 3039 ex
3549 3001 3707 3055 para-

2122 3065 2259 3132 diso,
2300 3068 2503 3122 honore
2545 3069 2742 3123 crclesti
2787 3071 3076 3138 orbarunt,
3105 3080 3161 3126 et
3184 3086 3376 3142 corpus
3406 3075 3705 3132 curabunt?

2123 3155 2364 3212 Ridicula
2399 3159 2508 3212 hare
2531 3202 2545 3225 ,
2579 3167 2632 3214 et
2661 3159 2872 3215 fabulaa.
2908 3162 3187 3217 Daemones
3227 3164 3463 3220 insidiari
3493 3167 3704 3228 sciunt.

2121 3262 2186 3301 ac
2211 3263 2423 3314 nocere,
2455 3263 2558 3303 non
2586 3250 2786 3305 mederi
2814 3268 2826 3305 :
2857 3252 3047 3306 animo:
3081 3269 3184 3307 non
3217 3265 3470 3324 parcunt,
3502 3265 3557 3311 et
3581 3272 3703 3312 cur-

2122 3338 2340 3408 poribus
2370 3340 2624 3408 parcent?
2653 3341 2694 3395 E
2721 3355 2884 3411 regno
2921 3342 3114 3413 ejicere
3143 3355 3404 3398 conantur
3433 3364 3446 3400 :
3477 3357 3530 3401 et
3557 3362 3704 3402 mor—

2119 3427 2200 3484 bis
2223 3429 2399 3485 levare
2423 3445 2521 3484 nos
2549 3431 2802 3500 cupient?
2828 3432 2944 3488 Non
2975 3433 3128 3489 audis
3155 3435 3469 3505 pmphetam
3498 3439 3701 3506 dicere,

2119 3531 2276 3592 atque
2307 3521 2478 3590 ipsum
2513 3521 2686 3592 potius
2710 3523 2872 3579 Deum
2901 3539 2996 3593 per
3019 3525 3353 3596 prophetam,
3384 3527 3504 3583 illos
3533 3545 3705 3600 neque

2120 3611 2255 3667 bene
2300 3627 2471 3684 neque
2511 3614 2647 3668 male
2679 3629 2834 3685 posse
2879 3614 3094 3672 facere?
3121 3619 3293 3688 Atque
3335 3619 3457 3673 licet
3502 3621 3702 3677 mederi

2119 3703 2282 3757 velint
2310 3718 2372 3757 ac
2401 3704 2628 3775 possint,
2659 3707 2802 3776 quod
2829 3705 2942 3761 ﬁeri
2971 3709 3154 3777 nequit
3183 3727 3196 3762 :
3230 3711 3299 3764 ob
3321 3709 3570 3766 lucellum
3599 3714 3704 3768 esi-

2117 3793 2206 3861 gui
2252 3795 2506 3864 temporis
2545 3795 2839 3864 periculum
2879 3805 3200 3852 teternarum
3242 3813 3518 3868 poenarum
3563 3800 3700 3855 haud

2121 3882 2452 3939 subeundum
2491 3895 2592 3939 est.
2621 3883 2830 3955 Corpus
2857 3886 3090 3952 curabis,
3133 3896 3188 3941 ut
3214 3890 3444 3943 animam
3474 3890 3704 3959 perdas?

2120 3972 2233 4028 Non
2267 3974 2519 4044 praeclara
2547 3985 2628 4031 est
2669 3977 2980 4032 mmdinatio
3012 3988 3096 4032 tua
3131 3995 3142 4030 :
3177 3980 3417 4049 corporis
3457 3982 3701 4034 condito—

2119 4080 2234 4120 rem
2262 4066 2551 4122 exacerbas
2583 4067 2770 4136 Deum,
2801 4078 2855 4123 et
2883 4069 3205 4125 insidiatoris
3229 4072 3300 4125 tui
3324 4073 3575 4126 auxilium
3605 4074 3703 4128 im-

2117 4158 2315 4226 ploras.
2347 4159 2537 4214 Annon
2576 4161 2674 4215 hac
2706 4162 2942 4227 ratione,
2974 4173 3190 4232 pr0pter
3218 4163 3492 4217 medicinze
3522 4165 3700 4220 scieno

2121 4250 2269 4316 tiam,
2308 4250 2453 4304 nullo
2494 4251 2707 4321 negotio
2747 4252 2919 4321 quivis
2963 4253 3360 4322 superstitiosus
3405 4253 3597 4316 homo,
3639 4276 3704 4304 «ιιι

2121 4348 2170 4394 te
2224 4342 2560 4408 pertraxcrit,
2614 4341 2864 4397 Gentium
2914 4352 2966 4397 et
3015 4343 3145 4396 deos
3201 4352 3255 4396 ut
3301 4343 3532 4398 adules?
3571 4344 3704 4399 Nam

2118 4430 2312 4484 ethnici
2335 4445 2544 4502 quoquc
2572 4431 2758 4486 horum
2786 4441 2898 4486 artc
2927 4434 3142 4487 morbos
3172 4448 3312 4501 srepe
3340 4443 3618 4500 curarunt,
3651 4445 3704 4488 et

2119 4533 2346 4593 aegrotos
2371 4523 2583 4577 sanitati
2613 4525 2977 4579 restituerunt.
3012 4525 3204 4580 ldeoac
3231 4527 3514 4595 impietatis
3544 4531 3703 4597 parti-

2119 4615 2265 4686 cipes
2294 4615 2529 4669 erimus?
2549 4616 2718 4672 Absit.
2751 4616 2887 4670 Audi
2913 4617 3037 4686 quid
3069 4618 3272 4688 Moyses
3293 4618 3490 4673 Juda-is
3517 4621 3654 4674 dicat
3687 4641 3697 4670 ;

2121 4705 2182 4759 Si
2228 4706 2499 4758 surrexerit
2549 4706 2601 4760 in
2649 4705 2810 4759 medio
2853 4708 2926 4758 tui
2977 4710 3260 4776 propheta,
3312 4719 3399 4762 aut
3447 4713 3704 4766 somnians

2119 4798 2391 4858 somnium,
2421 4805 2469 4850 et
2507 4797 2697 4850 dederit
2726 4797 2813 4850 tibi
2840 4799 3039 4868 signum
3083 4801 3154 4852 rel
3181 4812 3498 4868 portentum;
3525 4818 3701 4856 evene-

2119 4889 2279 4954 ritque
2307 4888 2506 4957 signum
2526 4886 2602 4940 vel
2630 4897 2931 4958 portentum,
2957 4890 3092 4957 quod
3117 4889 3350 4956 loquutus
3371 4900 3463 4956 est,
3490 4901 3536 4944 et
3563 4893 3704 4945 dixe-

2119 4981 2182 5031 rit
2210 4979 2277 5031 ad
2303 4989 2348 5031 te
2375 4995 2393 5032 :
2422 4995 2594 5033 eamus
2624 4989 2670 5032 ct
2691 4981 2963 5032 serviamus
2990 4981 3087 5033 diis
3116 4982 3312 5045 alienis,
3343 4999 3464 5050 quos
3487 5001 3586 5036 non
3609 5002 3702 5037 no-

2122 5085 2296 5124 verunt
2325 5084 2492 5141 patres
2516 5072 2674 5126 nostri
2702 5087 2720 5125 :
2745 5089 2843 5125 non
2865 5073 3101 5126 obedietis
3128 5074 3284 5126 verbis
3309 5074 3588 5143 prop/teut,
3618 5087 3704 5129 aut

2119 5164 2438 5215 somniatoris
2481 5163 2618 5215 illius
2661 5161 2836 5233 (Deut.
2882 5164 2967 5216 15.
3017 5162 3066 5233 1)
3134 5168 3370 5228 Quorum
3417 5167 3700 5221 verborum

2123 5254 2234 5307 ln-c
2261 5265 2343 5309 est
2374 5255 2633 5308 sententia
2665 5272 2676 5306 :
2704 5253 2758 5309 Si
2789 5255 3046 5324 propheta
3069 5255 3351 5324 quiSpiam,
3377 5255 3564 5326 inquit,
3587 5273 3706 5311 sur»

2123 5346 2338 5409 rexerit,
2370 5354 2423 5398 et
2465 5345 2670 5414 signum
2713 5345 2958 5409 ediderit,
3000 5347 3082 5400 vel
3127 5357 3394 5400 mortumn
3437 5347 3699 5411 excitarit,

2122 5437 2202 5489 vel
2229 5436 2500 5506 leprosum
2527 5435 2881 5501 mandaverit,
2909 5437 2992 5491 vel
3015 5437 3246 5492 debilem
3277 5439 3497 5501 sanarit,
3522 5439 3705 5508 signa-

2121 5545 2226 5597 que
2271 5529 2413 5582 edito
2462 5527 2528 5580 ad
2573 5527 2897 5595 impietatem
2946 5537 2997 5582 te
3039 5528 3273 5582 invitarit
3318 5546 3330 5579 :
3379 5543 3446 5582 ne
3489 5541 3706 5599 propter

2121 5621 2255 5691 signi
2283 5628 2537 5674 eventum
2562 5617 2799 5672 obedias.
2830 5617 3045 5684 Quare?
3095 5617 3275 5673 Tentat
3296 5619 3428 5671 enim
3450 5629 3497 5673 te
3518 5618 3704 5675 Domi-

2070 5737 2074 5740 ~
2123 5729 2216 5765 nus
2244 5709 2381 5764 Deus
2401 5719 2535 5774 tuus,
2558 5717 2611 5761 ttt
2640 5707 2822 5774 videat,
2847 5725 2913 5761 an
2935 5707 3117 5779 diligas
3138 5708 3306 5780 ipsum
3323 5725 3386 5763 ex
3406 5719 3508 5764 toto
3558 5717 3720 5767 corde

2123 5814 2230 5868 tuo,
2258 5813 2304 5856 et
2333 5817 2394 5855 ea:
2423 5809 2525 5853 tota
2553 5799 2726 5853 anima
2754 5813 2841 5852 tua
2892 5797 2911 5870 (
2934 5797 3072 5854 Ibid.
3101 5816 3148 5853 ι.
3195 5800 3272 5868 5).
3306 5798 3458 5856 Unde
3496 5810 3710 5855 constat

2127 5892 2398 5948 daemones
2425 5903 2532 5945 non
2558 5887 2782 5946 mederi.
2812 5887 3053 5960 Quodsi,
3089 5889 3198 5946 Deo
3219 5889 3583 5961 permittente,
3614 5888 3706 5945 aii-
