3920 6362
361 447 478 508 853

361 565 579 636 quando
624 562 956 624 medeantur,
1001 555 1442 630 quemadmodum
1490 554 1763 614 homines,
1811 569 1934 623 pcr-

367 658 550 712 missio
585 656 684 709 ista
721 651 778 706 iit
804 651 869 705 ad
908 651 980 705 tui
1016 649 1450 716 explorationem,
1489 659 1592 698 n0n
1632 643 1770 714 quod
1803 645 1940 696 Deus

369 748 588 810 nesciat,
617 744 710 799 Sed
737 752 793 797 ιιι
821 743 993 796 discas
1021 754 1113 796 eos
1135 740 1292 793 etiam
1320 738 1509 790 missos
1541 735 1714 790 facere
1738 735 1937 789 dmino-

367 852 483 901 nas,
509 834 597 903 qui
631 832 926 888 medentur.
957 830 1031 882 Ac
1055 827 1177 896 quid
1203 826 1270 880 de
1306 824 1562 880 medicina
1591 825 1829 894 corporis
1857 823 1938 876 lo-

325 927 536 999 -quor?
563 926 618 981 Si
657 923 776 995 quis
803 922 1098 992 gehennam
1133 917 1364 972 minetur
1390 915 1502 981 tibi,
1537 915 1636 970 nisi
1673 915 1940 968 Christum

366 1019 621 1088 abnegcs,
652 1030 777 1068 num
816 1027 936 1066 eum
974 1007 1261 1066 admittes?
1299 1007 1356 1062 Si
1399 1006 1518 1076 quis
1559 1018 1776 1074 regnum
1819 1018 1938 1072 pro-

367 1109 558 1170 mittat,
588 1114 644 1160 ut
673 1105 740 1158 ab
769 1102 1038 1172 unigenito
1066 1101 1198 1154 Filio
1228 1099 1316 1152 Dei
1345 1097 1579 1159 deﬁcias,
1615 1095 1759 1148 illum
1788 1107 1940 1146 aver-

369 1212 531 1266 sator,
569 1198 796 1266 odiotiue
829 1196 1178 1264 prosequitur,
1212 1199 1259 1245 et
1304 1191 1446 1244 Pauli
1477 1187 1766 1255 discipulus
1795 1192 1941 1250 esto;

368 1307 563 1362 easque
588 1303 744 1343 voces
763 1287 1059 1350 aemulator,
1088 1297 1217 1352 quas
1238 1281 1421 1335 beatus
1448 1280 1556 1344 ille,
1585 1287 1636 1332 et
1655 1288 1946 1348 generosus

369 1387 578 1440 animus
597 1395 788 1450 magno
816 1393 934 1433 cum
965 1377 1198 1431 clamore
1221 1372 1386 1428 edidit
1414 1390 1426 1425 :
1460 1369 1634 1423 Certus
1659 1385 1766 1423 sum
1790 1367 1941 1430 enim,

371 1475 561 1546 inquit,
605 1471 741 1542 quod
783 1484 939 1538 neque
985 1483 1138 1531 mors,
1185 1479 1341 1533 neque
1385 1463 1505 1528 vita,
1557 1475 1713 1528 neque
1757 1457 1945 1529 angeli,

372 1580 527 1634 neque
555 1560 886 1634 principatus,
915 1571 1070 1625 neque
1089 1554 1309 1619 virtutes,
1333 1566 1491 1620 neque
1515 1548 1770 1612 instantia,
1794 1561 1951 1616 neque

374 1658 566 1726 futura,
611 1667 768 1722 neque
803 1647 1049 1712 altitudo,
1087 1660 1243 1716 neque
1277 1644 1617 1714 profundum,
1648 1655 1805 1710 neque
1843 1638 1950 1693 ulla

358 1746 477 1800 -alia
505 1752 734 1798 creatura
775 1738 955 1812 poterit
985 1753 1076 1791 nos
1104 1749 1340 1806 separare
1379 1750 1411 1786 a
1445 1733 1652 1786 caritate
1691 1729 1803 1796 Dei,
1839 1743 1951 1799 quat

367 1849 443 1894 est
473 1839 525 1892 in
563 1834 760 1890 Christo
799 1830 924 1887 Iesu
964 1828 1179 1883 Domino
1217 1835 1387 1881 nostra
1415 1824 1588 1896 (Rom.
1627 1823 1680 1878 8.
1720 1821 1808 1876 38.
1833 1820 1947 1889 59).

363 1930 527 1984 illum
551 1941 654 1980 non
684 1924 878 1995 angeli,
905 1937 1011 1977 non
1039 1921 1286 1983 virtutes,
1318 1931 1424 1972 non
1447 1914 1717 1980 instantia,
1740 1928 1845 1968 non
1873 1911 1952 1966 fu-

377 2031 513 2083 tura,
549 2032 656 2073 non
682 2013 784 2069 alia
813 2021 1057 2068 creatura
1078 2024 1108 2064 a
1143 2007 1366 2065 caritate
1390 2005 1587 2062 Christi
1612 2010 1825 2073 separat
1853 2019 1866 2056 :
1898 2010 1954 2057 et

369 2120 428 2166 te
447 2123 573 2165 cura
596 2104 834 2176 corporis
857 2103 926 2158 ad
953 2099 1302 2156 defectionem
1329 2095 1583 2166 impellit?
1603 2094 1781 2164 Ecqua
1800 2093 1953 2149 venia

376 2203 543 2274 possit
564 2196 877 2270 impetrari?
902 2195 1090 2251 Merito
1113 2193 1254 2250 enim
1283 2191 1396 2262 ipsa
1424 2189 1667 2260 gelienna
1697 2185 1952 2242 lormida-

376 2291 536 2350 bilior
571 2289 723 2344 nobis
751 2296 834 2343 est
857 2285 1116 2350 Christus,
1151 2292 1206 2339 et
1246 2282 1362 2352 ipso
1390 2294 1552 2350 regno
1588 2279 1779 2350 potior.
1807 2275 1956 2332 Licet

377 2388 695 2452 aegrotcmus
720 2395 732 2430 :
765 2383 982 2448 praestat
1008 2389 1104 2428 nos
1134 2372 1320 2426 morbo
1345 2369 1531 2439 afﬂigi,
1558 2384 1738 2440 quam,
1771 2377 1828 2422 ut
1854 2367 1957 2422 hoc

360 2472 635 2536 Licvcmur,
687 2467 754 2522 ad
803 2466 1128 2537 impietatem
1180 2462 1402 2534 prolabi.
1453 2459 1524 2517 Ut
1571 2460 1712 2516 enim
1757 2458 1958 2515 sanarit

377 2561 614 2623 damon,
639 2558 754 2628 plus
776 2555 968 2623 obfuit,
997 2570 1153 2626 quam
1182 2552 1398 2626 profuit.
1431 2552 1562 2608 Nam
1593 2551 1804 2623 corpori
1837 2551 1956 2622 qui-

378 2652 501 2707 dem
525 2651 887 2706 emolumento
913 2647 1031 2714 fuit,
1053 2648 1140 2702 cui
1162 2648 1378 2702 omnino
1399 2653 1482 2701 est
1508 2646 1662 2714 paulo
1691 2653 1811 2714 post
1839 2657 1958 2698 mo-

382 2742 644 2806 riendum,
667 2740 914 2811 quodque
935 2746 1202 2808 putrescet
1228 2755 1240 2790 :
1268 2739 1445 2792 animo
1471 2747 1645 2790 autem
1673 2733 1959 2790 immortali

379 2834 756 2891 detrimentum
784 2832 979 2886 attulit.
1013 2831 1090 2884 Ac
1118 2827 1564 2900 quemadmodum
1590 2825 1824 2896 plagiarii
1851 2824 1962 2879 bei-

379 2925 534 2991 iaria,
579 2925 872 2996 placentas,
911 2922 1066 2986 talos,
1114 2930 1271 2990 atque
1311 2919 1361 2973 id
1397 2934 1566 2988 genus
1593 2917 1694 2972 alia
1732 2915 1963 2987 parvulis

375 3034 525 3088 saepe
557 3017 734 3088 pueris
762 3015 1054 3086 porrigunt,
1096 3014 1289 3084 quibus
1327 3011 1590 3067 inescatos
1631 3009 1875 3064 libertate
1908 3015 1963 3062 et

378 3109 488 3164 vita
518 3109 629 3177 ipsa
661 3107 866 3176 privant
905 3123 919 3159 :
953 3103 1019 3159 ad
1045 3103 1287 3159 eumdem
1324 3103 1484 3158 etiam
1516 3099 1732 3156 modum
1765 3099 1964 3154 daemo-

373 3216 478 3257 nes
501 3200 721 3254 membri
745 3213 924 3253 curam
951 3197 1283 3267 pollicentur,
1305 3204 1357 3250 et
1383 3208 1595 3249 omnem
1623 3193 1782 3247 animi
1811 3191 1961 3247 salu-

382 3299 486 3346 tem
508 3288 830 3358 praecipitem
847 3295 1026 3355 agunt.
1047 3284 1262 3350 Verum,
1283 3284 1476 3349 dilecti,
1497 3298 1564 3338 ne
1581 3281 1632 3338 id
1651 3282 1957 3347 toleremus;

381 3381 476 3435 sed
513 3381 580 3436 ab
622 3379 893 3449 impietate
931 3377 1293 3431 liberationem
1336 3376 1520 3443 quovis
1559 3373 1718 3428 modo
1753 3387 1961 3442 quama-

381 3487 519 3526 mus.
545 3470 732 3522 Annon
763 3467 944 3531 Johns,
969 3482 1157 3536 passus
1194 3465 1292 3522 sibi
1321 3465 1389 3520 ab
1417 3480 1583 3519 uxore
1617 3463 1956 3535 persuaderi,

369 3559 752 3628 blasphemare
773 3557 824 3610 in
861 3557 1022 3610 Deum
1053 3556 1326 3624 potuisset,
1359 3563 1412 3609 et
1432 3570 1530 3624 qua
1561 3553 1847 3623 urgebatur
1872 3568 1961 3608 ea.

383 3653 622 3704 lamitatc
647 3647 896 3702 liberari?
930 3647 1022 3699 Dic
1051 3646 1268 3710 verbum,
1299 3644 1486 3716 inquit,
1517 3643 1754 3699 adversus
1779 3643 1960 3698 Domi-

371 3758 526 3806 .num,
557 3749 601 3793 ct
621 3755 821 3792 .morere
850 3736 970 3810 (Job
1013 3737 1068 3789 2.
1113 3735 1191 3803 9).
1216 3733 1413 3790 Verum
1439 3735 1482 3789 is
1505 3735 1729 3789 cruciari
1753 3734 1958 3801 maluit,

354 3843 438 3888 κει
488 3830 767 3893 macerari,
817 3829 1130 3899 plagamque
1177 3828 1320 3882 illam
1361 3826 1505 3882 ferre
1543 3826 1958 3893 intolerabilem,

377 3937 540 3993 quam
569 3919 956 3989 blasphemare,
975 3926 1031 3974 et
1051 3917 1205 3971 malis
1227 3916 1581 3987 praesentibus
1606 3917 1789 3973 eximi.
1816 3917 1964 3973 liunc

380 4024 443 4066 tu
469 4026 677 4081 quoque
703 4010 971 4073 mundare,
1022 4007 1261 4078 quamvis
1298 4007 1496 4062 infinita
1533 4007 1811 4076 malorum,
1841 4009 1959 4080 qui-

378 4107 485 4160 .1ms
508 4103 790 4169 divcxaris,
818 4101 1024 4156 dzcmou
1052 4100 1287 4156 remedia
1316 4101 1623 4170 polliceatur
1656 4118 1669 4154 :
1699 4117 1767 4157 ne
1802 4099 1960 4157 ﬁdem

371 4197 601 4262 Jtabeas,
646 4210 818 4264 neque
861 4193 1087 4259 toleres;
1131 4191 1576 4262 quemadmodum
1619 4207 1790 4264 neque
1817 4192 1963 4264 justo

377 4287 460 4340 illi
485 4285 810 4356 persuadere
838 4299 970 4338 uxor
999 4283 1186 4354 potuit.
1218 4281 1322 4337 Sed
1353 4282 1593 4337 morbum
1627 4279 1751 4338 forti
1785 4283 1963 4338 animo

372 4378 563 4447 potius
609 4375 804 4445 perfer,
848 4389 1004 4443 quam
1057 4372 1213 4428 fidem
1262 4381 1315 4427 et
1354 4372 1579 4428 salutem
1621 4373 1814 4428 anima:
1859 4383 1963 4427 tua:

387 4466 720 4538 pessumdes.
763 4465 945 4533 Neque
988 4463 1129 4518 enim
1179 4463 1318 4520 Deus
1363 4474 1414 4518 te
1454 4463 1774 4532 derelinquit
1810 4482 1822 4518 :
1869 4465 1962 4518 sed

390 4558 558 4628 magis
605 4556 948 4625 conspicuum
985 4567 1060 4608 ..ιιι
1113 4555 1333 4619 reddat,
1387 4556 1626 4624 corporis
1671 4556 1960 4610 inﬁrmitati

388 4662 532 4716 smpe
567 4645 802 4715 sulijicit.
838 4645 1018 4699 Perfer
1053 4645 1230 4715 igitur,
1268 4654 1326 4699 ut
1365 4654 1417 4697 tu
1457 4660 1666 4715 quoque
1699 4644 1837 4699 illud
1865 4659 1964 4699 au-

389 4742 540 4793 dias:
569 4737 708 4792 Num
734 4748 786 4790 tn
813 4755 1002 4799 censes,
1029 4754 1106 4790 me
1138 4736 1388 4791 aliamob
1425 4753 1628 4790 causam
1665 4736 1753 4790 tibi
1781 4752 1961 4791 warm-

384 4829 494 4884 lum
522 4829 755 4894 edidisse,
783 4844 934 4898 quam
962 4838 1014 4881 nt
1030 4829 1204 4898 justus
1222 4826 1610 4898 apparens.(lob
1624 4822 1793 4881 40.3.
1825 4825 1871 4893 )?

461 4921 512 4976 3.
547 4919 768 4974 Possent
812 4919 959 4988 plura
1007 4918 1165 4971 etiam
1212 4927 1404 4987 praeter
1433 4917 1547 4971 lucc
1589 4916 1690 4972 dici
1724 4934 1737 4970 :
1769 4918 1863 4972 sed
1909 4928 1966 4974 ut

380 5025 504 5080 qua:
524 5009 634 5078 jam
661 5008 882 5062 audistis
907 5008 974 5060 ah
1002 5007 1268 5061 oblivione
1294 5005 1625 5060 vindicentur
1647 5049 1660 5069 ,
1695 5006 1851 5061 finem
1879 5007 1965 5062 hic

372 5100 613 5154 orationi
664 5099 890 5164 faciam,
947 5099 1035 5151 ubi
1091 5097 1283 5168 Moysis
1327 5096 1485 5151 verba
1533 5098 1678 5168 prius
1725 5098 1959 5154 dixero:

390 5191 566 5245 Testor
588 5190 851 5244 adversm
879 5204 962 5242 vos
988 5189 1135 5242 hodie
1162 5188 1344 5242 caelum
1363 5197 1408 5242 et
1437 5198 1621 5242 terram
1651 5189 1669 5259 (
1693 5188 1841 5243 Deut.
1871 5190 1960 5245 30.

390 5282 453 5336 19
474 5280 494 5352 )
517 5281 613 5347 ,si
655 5279 914 5349 quispiam
942 5290 1173 5332 vestrum
1206 5293 1438 5347 przcsens
1478 5281 1739 5336 absensve
1762 5322 1777 5347 ,
1811 5282 1963 5338 tubas

387 5380 681 5441 spectatum
723 5371 954 5433 abierit,
1003 5371 1183 5424 aut-ad
1213 5371 1543 5442 Synagogam
1591 5371 1960 5438 contenderit,

385 5475 478 5520 aut
513 5465 580 5519 ad
618 5463 871 5519 Matronae
897 5463 1173 5518 delubrum
1202 5464 1536 5530 ascenderit,
1565 5475 1655 5518 aut
1691 5464 1878 5534 jejunii
1909 5474 1963 5520 et

389 5555 738 5610 Sabbatorum
781 5555 1040 5624 particeps
1069 5553 1262 5620 fuerit,
1293 5563 1383 5608 aut
1408 5554 1566 5607 alium
1595 5556 1752 5609 ritum
1779 5555 1960 5610 Judai-

376 5657 508 5698 acum
556 5657 944 5714 quemcumque
995 5642 1391 5708 observaverit,
1443 5644 1712 5699 innoxium
1763 5660 1847 5699 me
1897 5646 1964 5700 ab

382 5737 627 5790 onminm
663 5746 896 5798 vestrum
924 5749 1178 5802 sanguine
1217 5749 1359 5790 esse.
1388 5735 1450 5790 Hi
1495 5750 1768 5792 sermones
1798 5737 1848 5791 in
1877 5737 1964 5794 die

391 5825 601 5884 Domini
630 5825 793 5880 nostri
817 5823 1163 5881 Jesu£hristi
1189 5834 1243 5881 et
1267 5826 1392 5880 mihi
1419 5835 1470 5882 et
1499 5827 1647 5882 vobis
1673 5829 1958 5886 sistentur:

1066 446 1123 500 S.
1163 442 1438 500 JOANNIS
1473 435 1942 496 CllilYSOS'l'Olll
1987 436 2305 495 ARClllEP.
2353 433 2882 492 CONSTANTINOP.

3511 428 3612 483 856

2047 563 2097 606 et
2126 553 2170 606 si
2201 552 2521 611 obedit-ritis,
2554 550 2778 604 multum
2809 549 2956 605 vobis
2984 547 3179 602 dabunt
3214 546 3417 600 fiducia:
3443 563 3453 598 :
3479 546 3616 615 quod

2044 644 2087 696 si
2128 659 2230 696 non
2261 642 2562 712 parueritis,
2593 649 2682 694 aut
2707 637 2961 708 quosdam
2994 637 3114 692 talia
3139 652 3296 691 ausos
3321 638 3620 690 occultave-

2046 734 2180 800 ritis,
2212 743 2476 801 tamquam
2505 745 2654 786 acres
2680 739 3015 786 accusatores
3040 745 3102 784 ex
3133 728 3358 783 adverso
3384 728 3617 782 stabunt.

2052 821 2170 876 Non
2213 824 2346 877 enim
2389 822 2702 893 subterfugi,
2751 837 2847 888 quo
2892 821 3057 874 minus
3102 821 3452 874 amantiorem
3490 820 3622 873 vobis

2047 932 2192 970 omne
2223 916 2313 970 Dei
2353 913 2619 969 consilium
2645 915 2662 983 (
2687 915 2799 967 Act.
2825 915 2915 970 20.
2947 912 3014 968 27
3037 913 3055 983 )
3080 954 3095 976 ,
3140 913 3231 967 sed
3263 922 3314 967 et
3345 910 3621 966 mens-iriiri

2048 1007 2322 1078 pecuniam
2368 1007 2632 1064 commisi.
2671 1007 2948 1077 Reliquum
2978 1013 3062 1060 est
3105 1014 3160 1058 ut
3187 1004 3480 1074 depositam
3528 1019 3556 1056 a
3589 1030 3618 1043 -

2048 1111 2253 1170 geaus,
2303 1099 2579 1170 fructuque
2624 1101 2895 1155 concionis
2941 1100 3007 1154 ad
3056 1097 3274 1153 fratrum
3327 1107 3621 1152 vestrorum

2050 1193 2272 1248 salutem
2303 1193 2540 1246 utamini.
2572 1195 2638 1246 At
2682 1193 2960 1246 molestum
2993 1198 3047 1246 et
3070 1190 3308 1243 odiosum
3341 1200 3421 1243 est
3466 1189 3514 1241 in
3545 1187 3626 1243 his

2051 1291 2330 1352 peccantes
2353 1282 2606 1338 deferre?
2629 1281 2812 1337 itidem
2842 1291 2891 1335 et
2923 1281 3100 1334 silere.
3130 1279 3256 1333 Tam
3287 1279 3428 1334 enim
3454 1279 3622 1345 vobis,

2052 1373 2138 1440 qui
2167 1373 2359 1441 legitis,
2389 1388 2549 1442 quam
2575 1373 2676 1426 illis
2702 1373 2790 1442 qui
2818 1371 3002 1438 latent,
3029 1370 3295 1424 silentium
3324 1370 3424 1423 hoc
3451 1372 3626 1440 perni-

2053 1465 2187 1519 ciem
2215 1463 2370 1518 aii'ert
2392 1504 2408 1529 ,
2441 1465 2606 1518 Deum
2649 1463 2801 1518 nobis
2842 1463 3113 1518 inimicum
3140 1460 3388 1516 reddens.
3421 1461 3628 1527 Quanto

2053 1563 2230 1608 autem
2260 1563 2491 1622 praestat,
2512 1555 2562 1609 in
2590 1568 2964 1610 conservorum
2991 1551 3115 1607 odio
3142 1566 3260 1608 esse
3287 1550 3352 1605 ad
3378 1551 3624 1616 salutem,

2055 1659 2210 1714 quam
2244 1644 2450 1698 Domini
2491 1645 2626 1700 iram
2655 1644 2910 1699 adversus
2939 1658 3037 1698 nos
3075 1643 3373 1698 concitari?
3418 1643 3627 1697 illorum

2055 1734 2194 1790 enim
2222 1735 2541 1804 quicumque
2564 1776 2579 1800 ,
2614 1743 2669 1789 ut
2707 1733 2815 1804 jam
2861 1733 3160 1804 indignetur
3182 1773 3196 1796 ,
3223 1732 3476 1787 damnum
3503 1732 3630 1788 dare

2055 1841 2160 1878 non
2191 1825 2418 1894 poterit,
2449 1825 2573 1894 quin
2599 1839 2693 1894 pro
2717 1825 2974 1879 medicina
3005 1823 3200 1894 gratias
3229 1822 3438 1877 tandem
3465 1832 3581 1893 aget
3613 1839 3627 1875 :

2058 1916 2197 1970 Deus
2238 1931 2402 1982 vero,
2452 1916 2536 1970 ubi
2585 1915 2813 1970 tacueris
2854 1924 2910 1970 et
2951 1915 3246 1970 occulueris
3296 1916 3344 1968 in
3389 1914 3631 1970 eooservi

2055 2005 2301 2075 gratiam,
2333 2020 2452 2059 eum
2484 2004 2642 2074 hujus
2670 2005 2919 2075 pernicie,
2955 2020 3136 2075 poenas
3165 2004 3260 2060 abs
3290 2013 3343 2060 te
3370 2012 3633 2061 extremas

2059 2105 2286 2167 expetet.
2315 2096 2489 2164 Quare
2515 2096 2738 2152 tacendo
2778 2106 2830 2152 et
2857 2097 3021 2150 Deum
3050 2096 3142 2152 tibi
3168 2096 3373 2150 hostem
3400 2094 3591 2151 reddes
3615 2136 3630 2160 ,

2060 2195 2113 2242 et
2140 2186 2354 2242 nocebis
2379 2186 2561 2242 fratri:
2581 2186 2866 2242 deferendo
2883 2196 3058 2242 autem
3089 2187 3227 2241 lmnc
3252 2197 3305 2242 et
3332 2186 3633 2253 iudicando,

2061 2288 2113 2334 et
2157 2280 2320 2334 Deum
2352 2279 2573 2334 habebis
2612 2280 2892 2349 propitium
2917 2321 2932 2345 ,
2962 2289 3014 2334 et
3056 2279 3270 2335 fratrem
3299 2278 3594 2334 lucrifacies
3617 2321 3630 2343 ,

2061 2371 2395 2441 amicumque
2438 2371 2648 2440 parabis
2671 2380 2824 2426 antea
2870 2370 3203 2426 furibundum
3229 2413 3243 2436 ,
3272 2371 3592 2440 experientia
3616 2411 3631 2435 ,

2063 2461 2161 2532 ipsi
2191 2471 2242 2517 te
2263 2463 2398 2518 bene
2422 2460 2632 2528 fecisse,
2665 2462 2932 2517 edoctum.
2961 2462 3038 2517 Ne
3065 2462 3244 2532 itaque
3272 2477 3366 2517 vos
3393 2461 3632 2516 fratribus

2061 2551 2347 2623 gratiﬁcari
2393 2554 2621 2623 putetis,
2655 2553 2700 2608 si
2744 2553 2958 2608 absurdi
2986 2553 3110 2623 quid
3153 2567 3247 2608 eos
3288 2552 3478 2608 sectari
3520 2565 3634 2606 cer-

2065 2644 2203 2698 natis
2225 2684 2241 2710 ,
2287 2658 2460 2713 neque
2484 2644 2629 2698 omni
2651 2644 2814 2698 animi
2841 2645 3182 2698 contentione
3219 2643 3364 2713 ipsos
3389 2641 3634 2711 arguatis.

2066 2737 2271 2790 Amissa
2301 2745 2468 2803 veste,
2501 2752 2566 2792 an
2598 2736 2768 2792 furem
2801 2747 3026 2805 tantum,
3056 2753 3162 2792 non
3191 2738 3312 2791 furti
3341 2738 3631 2800 conscium,

2065 2842 2237 2897 neque
2265 2826 2582 2882 indicantem
2608 2869 2623 2894 ,
2669 2828 2911 2882 similiter
2940 2842 3034 2898 pro
3063 2827 3214 2882 hoste
3241 2827 3393 2882 ducis
3411 2827 3436 2878 τ
3477 2827 3638 2881 Mater

2066 2928 2248 2974 nostra
2272 2919 2572 2974 communis
2614 2918 2848 2974 Ecclesia
2886 2933 2990 2972 non
3035 2927 3235 2973 vestem
3259 2957 3276 2983 ,
3305 2917 3395 2972 sed
3416 2916 3637 2972 fratrem

2066 3011 2280 3078 amisit;
2326 3025 2483 3081 quem
2528 3010 2769 3066 diabolus
2810 3011 2946 3066 ciam
2990 3018 3230 3080 ereptum
3275 3009 3326 3063 in
3369 3008 3638 3064 Judaismo

2065 3103 2268 3160 detinet
2299 3121 2312 3159 :
2346 3103 2481 3159 nosti
2530 3112 2794 3174 raptorem
2821 3143 2836 3166 ,
2884 3102 3021 3157 nosti
3069 3111 3276 3170 raptum
3311 3119 3324 3154 :
3359 3101 3506 3156 vides
3559 3117 3639 3156 me

2065 3194 2322 3250 doctrinae
2351 3209 2652 3249 sermonem
2700 3205 2963 3263 tamquam
3011 3192 3279 3246 lucernam
3309 3191 3598 3246 accendere
3622 3233 3637 3256 ,

2068 3288 2261 3355 ubique
2284 3300 2403 3341 cum
2433 3286 2648 3356 planetu
2673 3298 2913 3355 quzerere
2936 3299 2951 3336 :
2975 3289 3028 3337 et
3055 3291 3105 3337 tu
3131 3283 3293 3338 silens
3317 3291 3449 3349 stas,
3473 3296 3641 3350 neque

2069 3375 2303 3432 indicas?
2322 3376 2451 3443 Qua:
2476 3373 2568 3431 tibi
2593 3373 2779 3430 venia?
2798 3373 2984 3429 Nonne
3012 3387 3106 3442 pro
3131 3387 3339 3428 summo
3367 3371 3641 3426 habeberis

2067 3469 2279 3524 inimico
2308 3468 2557 3524 Ecclesia:
2581 3508 2594 3530 ,
2628 3476 2784 3538 teque
2813 3467 2900 3523 illa
2931 3466 3135 3521 hostem
3157 3465 3419 3536 judicabit
3441 3475 3495 3520 et
3524 3480 3641 3534 pro~

2067 3559 2336 3614 ditorem?
2366 3559 2558 3615 Verum
2588 3558 2762 3626 absit,
2791 3569 2848 3613 ut
2872 3559 3147 3629 quisquam
3172 3573 3356 3613 eorum
3380 3599 3396 3624 ,
3427 3559 3514 3629 qui
3547 3559 3642 3612 hoc

2067 3651 2342 3708 consilium
2385 3651 2606 3708 audiunt
2627 3693 2640 3716 ,
2676 3652 2831 3706 talem
2860 3651 3070 3721 culpam
3114 3649 3395 3718 admittat,
3429 3648 3642 3704 fratrem

2068 3755 2124 3799 ut
2167 3745 2392 3814 prodat,
2437 3759 2535 3814 pro
2577 3759 2683 3815 quo
2710 3742 2949 3798 Christus
2990 3752 3073 3798 est
3113 3753 3371 3798 mortuus.
3404 3741 3644 3797 Christus

2066 3836 2375 3905 sanguinem
2399 3832 2581 3890 eii'udit
2614 3842 2834 3905 promer
2859 3834 3030 3904 ipsum
3063 3850 3078 3887 :
3112 3843 3166 3888 tu
3191 3849 3257 3888 ne
3281 3833 3500 3888 verbum
3526 3834 3643 3902 qui.

2067 3926 2187 3981 dem
2218 3935 2432 3997 propter
2470 3926 2642 3996 ipsum
2671 3924 2890 3981 fundere
2919 3923 3192 3980 sustines?
3219 3923 3295 3979 Ne
3325 3923 3643 3978 cunctemini

2069 4015 2254 4072 hortor
2285 4034 2299 4071 :
2332 4015 2426 4072 sed
2468 4016 2646 4072 statim
2671 4015 2798 4071 hinc
2829 4013 3060 4086 digressi
3102 4013 3167 4068 ad
3197 4013 3332 4068 hanc
3372 4023 3643 4083 capturam

2069 4107 2377 4173 incitemini,
2398 4116 2452 4161 et
2479 4105 2702 4178 quilibet
2719 4116 2948 4162 vestrum
2977 4104 3106 4160 mihi
3131 4104 3357 4159 adducat
3384 4102 3644 4174 ejusmodi

2069 4199 2254 4254 morbo
2279 4199 2589 4254 obnoxium.
2618 4198 2752 4267 Quin
2791 4196 2931 4253 absit
2967 4198 3144 4267 potius
3165 4236 3185 4264 ,
3214 4206 3268 4250 ut
3297 4205 3370 4249 tot
3399 4195 3643 4250 homines

2070 4288 2256 4343 morbo
2281 4288 2384 4344 isto
2413 4297 2712 4344 teneantur.
2743 4287 2856 4342 Bini
2884 4296 2938 4341 et
2965 4286 3097 4342 terni
3124 4300 3158 4341 e
3186 4285 3353 4348 vobis,
3372 4293 3463 4338 aut
3488 4286 3645 4339 etiam

2069 4383 2189 4436 deni
2233 4391 2287 4437 et
2333 4381 2503 4436 viceni
2549 4397 2708 4436 unum
2761 4379 3068 4434 adducant:
3102 4387 3200 4445 ut,
3243 4387 3459 4446 captura
3505 4377 3647 4431 velut

2069 4474 2290 4542 piscium
2319 4473 2404 4526 die
2431 4473 2520 4526 illo
2545 4481 2825 4542 conspecta
2854 4471 2989 4524 inter
3016 4471 3168 4534 retia,
3197 4469 3471 4523 lautiorem
3499 4484 3648 4522 mcu-

2070 4579 2182 4616 satu
2211 4562 2357 4616 vobis
2382 4578 2665 4632 apponam.
2710 4562 2809 4617 Ubi
2839 4563 2980 4616 enim
3025 4559 3338 4615 hodiernum
3366 4560 3646 4614 consilium

2069 4667 2232 4722 opere
2256 4653 2510 4721 compleri
2538 4653 2742 4720 videro,
2777 4651 3096 4722 promptiore
3111 4652 3288 4706 animo
3315 4667 3499 4705 curam
3534 4653 3650 4706 illo-

2071 4757 2187 4796 rum
2217 4743 2536 4811 suscipiam,
2568 4743 2775 4810 eritque
2801 4753 2904 4796 tam
2926 4741 3095 4806 vobis,
3123 4757 3279 4812 quam
3309 4742 3415 4796 illis
3442 4742 3646 4797 lucrum

2071 4829 2257 4900 majus.
2285 4830 2362 4886 Ne
2401 4832 2556 4900 igitur
2587 4832 2862 4902 negligatis
2893 4848 2907 4883 :
2938 4830 3030 4886 sed
3058 4839 3109 4886 ct
3148 4831 3358 4886 femina:
3383 4832 3605 4886 feminas
3629 4873 3645 4892 ,

2070 4931 2124 4976 et
2168 4922 2264 4976 viri
2306 4922 2448 4977 viros
2471 4964 2484 4988 ,
2535 4932 2588 4977 et
2615 4924 2753 4977 servi
2783 4937 2965 4977 servos
2988 4964 3002 4987 ,
3031 4932 3089 4978 et
3133 4922 3283 4978 liberi
3312 4923 3506 4977 liberos
3530 4965 3544 4987 ,
3596 4933 3650 4978 et

2071 5013 2218 5082 pueri
2263 5028 2454 5082 pueros
2479 5055 2492 5074 ,
2527 5014 2716 5084 singuli
2759 5013 2985 5083 denique
3011 5013 3154 5067 omni
3181 5012 3356 5068 studio
3400 5013 3450 5066 id
3481 5028 3650 5084 genus

2070 5103 2268 5158 morbis
2298 5113 2571 5174 correptos
2586 5105 2826 5174 captetis,
2847 5113 2901 5159 et
2929 5105 2997 5158 ita
3026 5104 3335 5158 concionem
3355 5103 3650 5173 proximam

2071 5193 2454 5263 frequentetis,
2503 5203 2558 5248 ut
2607 5205 2712 5248 cta
2745 5195 2897 5248 nobis
2937 5193 3153 5248 laudem
3201 5193 3645 5262 consequamini,

2070 5292 2124 5339 et
2140 5293 2262 5338 ante
2279 5284 2537 5353 praaconia
2554 5293 2733 5339 uestra
2749 5284 2965 5339 multam
2982 5300 3011 5335 a
3030 5284 3136 5338 Deo
3153 5290 3310 5353 atque
3328 5282 3648 5338 ineffabilem

2070 5375 2368 5431 mercedem
2390 5418 2405 5442 ,
2438 5391 2661 5446 ququto
2688 5376 2897 5431 labores
2929 5377 3180 5445 prmclare
3207 5391 3325 5430 sese
3355 5377 3648 5445 gerentium

2072 5465 2294 5520 multum
2320 5467 2549 5534 excedit,
2570 5467 2827 5522 referatis.
2847 5466 2996 5534 Quod
3022 5467 3217 5520 utinam
3237 5467 3388 5519 nobis
3410 5465 3647 5533 obtingat

2071 5559 2370 5624 universis,
2415 5560 2581 5630 gratia
2625 5569 2676 5614 et
2717 5559 3040 5628 benignitate
3072 5557 3278 5612 Domini
3324 5557 3494 5611 nostri
3519 5557 3643 5612 Jesu

2069 5647 2287 5715 Christi,
2307 5665 2401 5720 per
2415 5667 2571 5721 quem
2591 5659 2785 5705 etcum
2811 5664 2915 5719 quo
2931 5651 2998 5703 sit
3021 5648 3184 5718 gloria
3203 5647 3366 5712 Patri,
3386 5649 3644 5717 simulque

2070 5737 2287 5808 Spiritui
2306 5749 2506 5808 sancto,
2523 5755 2661 5796 nunc
2675 5748 2730 5794 et
2741 5753 2850 5794 sem
2854 5753 2952 5812 per
2961 5748 3015 5794 et
3028 5739 3079 5794 ia
3095 5738 3285 5793 sarcula
3303 5739 3640 5796 mulorum.

2069 5833 2258 5888 Amen.
