3920 6422
332 497 461 545 σου,
493 475 590 543 καὶ
613 473 683 540 ἐξ
712 472 862 542 ὅλης
883 470 996 542 τῆς
1016 469 1227 542 ψυχῆς
1249 484 1390 526 σου.
1425 468 1588 524 Ὅθεν
1614 468 1796 542 δῆλον,
1822 467 1907 522 δτι

333 564 570 634 δαίμονες
597 558 661 613 ού
683 553 1099 630 θεραπεύουσιν.
1122 552 1190 609 Et
1206 552 1265 608 δέ
1285 570 1419 608 ποτε
1442 549 1537 608 καὶ
1562 549 1913 625 συγχωροῦν-

331 666 418 713 τος
445 646 542 703 τοῦ
585 641 723 699 Θεοῦ
752 638 1062 714 ἐπιτύχοιέν
1088 656 1236 705 τινος
1281 636 1582 711 θεραπείας
1602 678 1617 702 ,
1656 634 1912 709 καθάπερ

333 733 620 804 ἀνθρωττοι,
644 729 724 792 εἰς
749 724 979 797 δοκιμὴν
996 722 1097 796 τὴν
1122 722 1222 794 σὴν
1243 724 1278 794 ή
1299 720 1652 793 συγχώρησις
1674 719 1908 804 γίνεται,

330 800 534 872 οικιπ.
549 813 634 885 wh
663 810 798 875 Θεὸς
828 809 1034 878 ἀγνοεῖ,
1065 806 1182 861 ἀλλ’
1209 806 1297 862 ἵνα
1320 807 1388 861 σὺ
1410 804 1739 876 παιδευθῇς,
1755 800 1921 876 [599];

334 898 464 973 μηδὲ
513 891 925 967 θεραπευόντων
966 888 1258 973 ἀνέχεσθαι
1304 887 1417 973 τῶν
1449 887 1749 973 δαιμόνων.
1802 886 1914 940 Καὶ

331 969 405 1038 τί
432 981 570 1051 λέγω
621 974 922 1050 θεραπείαν
977 972 1264 1045 σώματοςς
1315 971 1385 1026 Εἴ
1418 970 1504 1036 τίς
1551 987 1633 1025 σοι
1687 969 1921 1040 γέενναν

332 1065 569 1130 ἀπειλεῖ,
610 1061 753 1116 ὥστε
800 1056 1145 1132 ἀρνήσασθαι
1175 1056 1269 1109 τὸν
1312 1052 1573 1128 Χριστὸν,
1629 1053 1705 1126 μὴ
1739 1068 1914 1108 κατα-

329 1149 453 1223 δέξῃ
474 1165 490 1180 ⁸
518 1146 572 1201 εῖ
595 1163 680 1210 τις
714 1142 993 1216 βασιλείαν
1026 1138 1465 1223 ἐπαγγέλλοιτο,
1502 1135 1644 1191 ὥστε
1673 1134 1917 1223 ἀποστῇ-

329 1217 549 1289 ναίάπὸ
574 1226 670 1283 τοῦ
705 1223 1031 1300 μονογενοῦς
1058 1222 1192 1277 Υίοῦ
1214 1223 1309 1277 τοῦ
1331 1220 1493 1285 Θεοῦ,
1526 1217 1916 1292 ἀποστράφηθι

331 1318 421 1372 καὶ
451 1313 705 1387 μίσησον,
737 1311 835 1365 καὶ
857 1307 1017 1379 γενοῦ
1060 1306 1277 1362 Παύλου
1311 1304 1586 1377 μαθητὴς,
1614 1303 1709 1387 καλ⁵
1738 1300 1915 1387 ζήλωο

332 1418 421 1456 σον
447 1384 548 1463 τὰς
573 1384 768 1467 φωνὰς
809 1393 1029 1456 ἐκείνας
1050 1430 1066 1456 ,
1098 1390 1168 1455 ἀς
1208 1390 1243 1462 ή
1277 1384 1917 1474 μακαρία-καίμγενναία

328 1465 603 1553 ἀνεϐόησε
640 1478 815 1550 ψυχή.
875 1476 1211 1545 Πέπεισμαι
1246 1472 1381 1543 γὰρ,
1427 1471 1617 1544 φησὶν,
1652 1465 1754 1525 ὅττί
1778 1469 1919 1553 οὔτε

329 1552 605 1632 θάνατος.
653 1563 796 1618 οὔτε
839 1559 953 1630 ζωὴ
968 1601 984 1625 ,
1029 1558 1171 1614 οὔτε
1201 1557 1448 1627 ἄγγελοι
1469 1597 1484 1622 ,
1538 1555 1678 1610 οὔτε
1713 1552 1916 1624 ἀρχαί,

328 1652 464 1707 οὔτε
492 1645 806 1717 δυνάμεις,
855 1643 996 1698 οὔτε
1045 1641 1370 1706 ἐνεστῶτα,
1405 1639 1544 1695 οὔτε
1577 1637 1882 1702 μέλλοντα
1900 1676 1916 1701 ,

327 1736 464 1791 οὔτε
486 1732 727 1802 ὕψωμα,
740 1728 878 1782 οὔτε
890 1726 1105 1793 βάθος,
1127 1724 1268 1780 οὔτε
1290 1741 1383 1791 τις
1407 1721 1606 1789 κτίσις
1625 1719 1800 1789 ἑτέρα
1813 1720 1919 1774 δυ-

326 1818 577 1889 νήσεται
610 1810 771 1884 ἡμᾶς
799 1811 1053 1883 χωρίσαι
1084 1808 1205 1865 ἀπὸ
1233 1807 1345 1877 τῆς
1365 1804 1607 1889 ἀγάπης
1634 1803 1742 1889 τοῦ
1770 1803 1918 1889 Θεοῦ

327 1887 435 1973 τῆς
462 1902 533 1955 ἐν
570 1894 810 1967 Χριστῷ
857 1892 1063 1963 Ἰησοῦ
1090 1891 1172 1959 τῷ
1205 1888 1640 1973 Κυρίῳ
1678 1887 1919 1973 ἶεκεῖνον

325 1970 427 2042 οὐκ
455 1983 702 2054 ἄγγελοι,
719 1981 780 2035 ού
806 1978 1091 2049 δυνάμεις,
1109 1976 1211 2031 οὐκ
1235 1972 1530 2038 ἐνεστῶτα,
1548 1972 1610 2026 ού
1631 1970 1917 2054 μέλλοντα,

325 2072 384 2126 οὐ
426 2053 608 2132 κτίσις
654 2063 820 2136 ἐτέρα
856 2057 1086 2133 χωρίζει
1115 2058 1225 2114 ἀπὸ
1257 2057 1358 2129 τῆς
1399 2055 1624 2127 ἀγάπης
1661 2053 1757 2108 τοῦ
1782 2054 1921 2125 Χρι-

326 2153 471 2209 στοῦ*
503 2151 602 2207 καὶ
630 2149 690 2203 σέ
714 2145 967 2218 σώματος
996 2142 1265 2217 θεραπεία
1295 2141 1599 2213 ἀφίστησι;
1636 2138 1733 2193 καὶ
1759 2137 1922 2201 ποίας

327 2239 391 2293 ἂν
411 2233 678 2309 τύχοιμεν
715 2227 1082 2301 συγγνώμηςς
1113 2226 1225 2309 Kal
1245 2224 1479 2309 γὰρκαὶ
1506 2222 1737 2309 «regum;
1767 2222 1922 2309 φοβε-

328 2304 741 2396 ρὼτὲρον-ήμῖν
779 2313 872 2368 τὸν
896 2309 1135 2396 Χριστὸν
1169 2306 1312 2363 εἶναι
1344 2308 1464 2396 δεῖ,
1499 2307 1603 2396 κα).
1637 2304 1921 2396 βασιλείας

324 2391 736 2474 ποθεινότερονο
781 2397 889 2453 κᾶν
936 2395 1294 2467 νοσήσωμεν,
1338 2391 1549 2463 βέλτιον
1588 2393 1648 2446 ἐν
1669 2394 1790 2457 ταῖς
1818 2392 1921 2463 ἀρ-

327 2489 590 2564 ρωστίαις
617 2487 820 2558 μεῖναι,
849 2480 885 2554 ἢ
912 2479 1002 2534 διὰ
1032 2475 1479 2564 τὴνώάπαλλαγὴν
1506 2475 1609 2564 τῆς
1635 2475 1922 2564 ἀσθενείας

324 2558 402 2638 εἰς
422 2572 683 2628 ἀσέϐειαν
710 2567 1066 2622 καταπεσείνο
1085 2561 1190 2617 κάν
1213 2560 1323 2634 γὰρ
1349 2559 1668 2633 θεραπεύσῃ
1688 2558 1921 2631 δαίμων,

327 2658 510 2730 μεῖζον
542 2650 886 2721 κατέϐλαψεν
909 2649 944 2721 ή
966 2647 1272 2719 ὠφέλησεν.
1303 2644 1567 2716 Ὠφέλησε
1586 2645 1719 2730 Δμένμ
1730 2643 1840 2716 γὰρ
1861 2645 1925 2698 τὸ

325 2726 484 2813 σῶμα
503 2781 518 2807 ,
554 2739 622 2793 τὸ
679 2736 899 2798 πάντως
947 2729 1401 2813 ἀποθανούμενον
1448 2726 1645 2813 μικρὸν
1695 2726 1924 2813 ὕστερον

324 2812 419 2880 καὶ.
442 2820 724 2897 σήπεσθαι
755 2818 950 2891 μέλλον
971 2857 987 2881 ,
1035 2812 1345 2884 κατέϐλαψε
1387 2812 1447 2897 δέ
1483 2813 1584 2884 τὴν
1611 2812 1794 2885 ψυχὴν
1822 2813 1924 2886 τὴν

322 2896 617 2964 ἀθάνατον.
645 2905 757 2959 Kal
786 2902 1037 2972 καθάπερ
1058 2902 1107 2953 οἰ
1136 2896 1562 2969 ἀνδραποδισταὶ
1592 2898 1924 2968 τραγήματα

323 2996 415 3049 καὶ
461 2988 817 3052 πλακοῦντας
859 2986 957 3041 κα)⁸
1004 2982 1389 3055 ἀστραγάλους
1437 2981 1532 3035 καὶ
1577 2979 1745 3050 ἐτερά
1801 2998 1925 3035 τινα

322 3077 548 3133 τοιαῦτα
573 3073 841 3136 πολλάκις
870 3072 984 3133 τοῖς
1007 3068 1221 3141 μικροῖς
1247 3066 1658 3138 προτεινόμενοι
1689 3063 1926 3129 παιδίοις

322 3163 416 3216 καὶ
442 3159 815 3222 δελεάζοντες,
854 3155 956 3225 τῆς
1004 3150 1320 3223 ἐλευθερίας
1357 3148 1501 3203 αύτά
1534 3147 1753 3219 καὶτῆς
1778 3146 1926 3220 ζωῆς

322 3241 729 3315 ἀποστεροῦσιν
757 3237 962 3309 αύτῆς·
1004 3233 1148 3289 οὕτω
1180 3232 1246 3305 δὴ
1286 3232 1382 3315 καί
1408 3232 1477 3315 οί⁸
1507 3230 1785 3315 δαίμονες,
1829 3230 1926 3301 μέ-

321 3327 443 3397 λους
474 3312 906 3395 ὑπισχνούμενοι
933 3316 1251 3390 θεραπείαν,
1274 3314 1404 3387 ὅλην
1427 3313 1528 3384 τῆς
1557 3312 1744 3397 ψυχῆς.
1757 3328 1928 3397 κατα-

319 3394 642 3474 ποντίζουσι
662 3406 760 3476 τὴν
788 3402 1088 3475 σωτηρίαν.
1118 3398 1260 3454 Ἄλλ⁹
1284 3400 1450 3470 ἡμεῖς
1478 3397 1555 3469 μὴ
1577 3394 1925 3467 ἀνεχώμεθα,

320 3492 629 3563 ἀγαπητοὶ,
662 3488 778 3543 ἀλλ’
813 3489 878 3541 ἐκ
908 3485 1113 3549 παντὸς
1148 3481 1355 3556 τρόπου
1390 3479 1645 3563 ζητῶμεν
1672 3478 1927 3563 ἀσεϐείας

321 3561 676 3645 ἀπαλλαγήν.
710 3571 804 3643 Μὴ
836 3568 945 3640 γὰρ
972 3567 1074 3622 οὐκ
1104 3566 1339 3638 ἠδύνατο
1368 3568 1397 3620 ό
1447 3561 1567 3617 Ἰὼϐ
1612 3565 1679 3634 τῇ
1705 3562 1928 3631 γυναικὶ

322 3659 570 3724 πεισθεὶς
599 3653 997 3729 βλασφημῆσαι
1018 3653 1099 3716 είς
1122 3650 1214 3704 τὸν
1241 3648 1396 3710 Θεὸν,
1418 3647 1516 3702 καὶ
1541 3646 1930 3729 ἀπαλλαγῆναι

320 3745 417 3816 τῆς
441 3739 807 3812 ἐπικειμένης
829 3736 1154 3809 συμφορᾶς;
1182 3730 1463 3816 Εἰπὲγάρ
1486 3748 1565 3816 τι,
1591 3730 1749 3802 φησί,
1762 3728 1932 3816 ῥῆμα

321 3813 471 3895 πρὸς
515 3827 780 3893 Κύριον,
838 3819 940 3874 καί
971 3817 1244 3873 τελεύτα.
1306 3814 1445 3868 Ἀλλ’
1493 3814 1669 3868 είλετο
1727 3813 1930 3885 μᾶλλον

319 3909 621 3964 ὀδυνᾶσθαι
663 3906 759 3960 καὶ
804 3903 1096 3976 τήκεσθαι,
1139 3901 1235 3955 καί
1271 3897 1370 3971 τὴν
1401 3898 1680 3971 ἀφόρητον
1706 3897 1928 3969 ἐκείνην

322 3992 541 4065 πληγὴν
589 3990 864 4058 ἐνεγκεῖν,
902 3986 935 4058 ἢ
989 3984 1393 4057 βλασφημήσας
1443 3981 1789 4053 ἀπηλλάχθαι
1821 3982 1931 4065 τῶν

320 4063 703 4146 ἐπικειμένων
753 4072 963 4126 κακῶν.
1010 4067 1214 4122 Τοῦτον
1255 4067 1350 4120 καὶ
1403 4067 1469 4121 σὺ
1516 4065 1791 4137 ζήλωσον·
1826 4063 1933 4121 κᾶν

324 4160 526 4230 μυρίας
557 4161 587 4213 ό
629 4154 840 4226 δαίμων
867 4151 1266 4224 ἐπαγγείληται
1310 4151 1419 4204 τῶν
1453 4148 1819 4220 ἐπικειμένων
1848 4163 1931 4203 σοι

320 4229 508 4306 λύσεις
541 4237 757 4303 κακῶν,
794 4236 870 4309 μὴ
894 4235 1146 4306 πεισθῇς,
1182 4234 1318 4305 μηδέ
1348 4231 1582 4303 ἀνάσχῃ,
1618 4229 1871 4302 καθάπερ
1902 4233 1932 4284 ό

318 4326 532 4390 δίκαιος
573 4324 681 4378 οὐκ
725 4319 958 4391 ἐπείσθη
1007 4321 1076 4390 τῇ
1119 4316 1378 4387 γυναικί·
1415 4315 1530 4370 ἀλλ’
1563 4313 1685 4368 ἐλοῦ
1728 4313 1930 4385 μᾶλλον

320 4406 743 4482 ἐγκαρτερῆσαι
776 4402 855 4475 τῷ
885 4403 1192 4474 νοσήματι,
1245 4401 1278 4472 ἢ
1332 4401 1434 4473 τὴν
1480 4398 1669 4452 πίστιν
1708 4398 1801 4452 καὶ
1829 4398 1930 4469 τήν

321 4491 606 4563 σωτηρίαν
633 4490 734 4561 τῆς
769 4486 873 4557 σῆς
903 4485 1169 4540 ἀπολέσαι
1195 4484 1396 4556 ψυχῆς.
1431 4483 1507 4537 Οὐ
1541 4482 1652 4552 γάρ
1692 4482 1929 4551 ἐγκατα-

319 4574 621 4647 λιμπάνων
658 4589 718 4626 σε
749 4574 778 4625 ό
804 4569 959 4634 Θεὸς,
984 4568 1120 4623 ἀλλά
1145 4568 1527 4640 λαμπρότερον
1556 4565 1781 4636 ποιῆσαι
1804 4564 1928 4635 βου-

320 4657 577 4731 λόμενος,
609 4656 807 4726 ἀφίησι
839 4655 958 4716 ταῖς
988 4651 1326 4726 ἀρρωστίαις
1352 4652 1618 4722 ἐμπεσεῖν
1644 4649 1925 4715 πολλάκις.

320 4742 465 4794 Μένε
498 4741 688 4795 τοίνυν
717 4736 1028 4809 καρτερῶν,
1056 4736 1143 4789 ῖνα
1168 4735 1264 4789 καὶ
1297 4737 1362 4788 σὺ
1393 4734 1660 4808 ἀκούσῃς,
1692 4732 1789 4801 Μὴ
1818 4733 1931 4787 ἄλο

317 4830 442 4891 ,ιως
475 4842 559 4896 με
603 4823 718 4879 οἴει
763 4836 864 4876 σοι
907 4819 1447 4890 κεχρηματικέναι,
1486 4816 1524 4887 ἢ
1561 4818 1663 4871 ἵνα
1697 4816 1929 4884 δίκαιος

318 4907 653 4979 ἀναφανῇς
672 4924 690 4972 ;

390 4992 437 5046 θ’
448 5032 464 5047 .
483 4992 652 5062 Ἐνῆν
666 4991 765 5062 μὲν
783 4985 878 5044 οὖν
893 4988 989 5043 καὶ
1014 4986 1221 5042 τούτων
1240 4985 1410 5041 πλείω
1425 4987 1620 5053 εἰπεῖν,
1651 4985 1768 5039 ἀλλ’
1785 4984 1928 5040 ὥστε

321 5075 399 5147 μή
424 5075 541 5129 τῶν
565 5073 876 5146 εἰρημένων
910 5071 1010 5144 τὴν
1045 5071 1265 5143 μνήμην
1296 5070 1660 5142 λυμήνασθαι,
1696 5066 1928 5122 ἐνταῦθα

318 5157 629 5213 καταλύσω
656 5158 750 5211 τὸν
782 5156 963 5225 λόγον,
991 5155 1060 5209 τά
1078 5153 1174 5208 τοῦ
1200 5153 1445 5219 Μωσέως
1479 5154 1701 5225 ῥήματα
1731 5151 1923 5205 είπών·

315 5241 805 5313 Διαμαρτύρομαι
844 5237 990 5309 ὑμῖν
1038 5238 1148 5292 τὸν
1199 5236 1466 5305 οὐρανὸν
1495 5237 1595 5291 καὶ
1627 5236 1745 5305 τὴν
1772 5235 1922 5306 γῆν,

315 5324 399 5379 ὃτι
432 5326 534 5378 ἐάν
577 5324 720 5395 τιςῆ
749 5323 860 5377 τῶν
891 5322 1176 5392 παρόντων
1203 5320 1391 5390 ὑμῶν,
1430 5319 1464 5390 ἢ
1495 5319 1607 5373 τῶν
1633 5319 1885 5373 ἀπόντων
1905 5361 1922 5386 ,

316 5410 458 5482 πρὸς
488 5409 596 5480 τὴν
627 5408 865 5481 θεωρίαν
885 5406 1101 5477 ἀπέλθῃ
1135 5402 1246 5457 τῶν
1276 5402 1621 5471 σαλπίγγων,
1655 5403 1688 5475 ἢ
1721 5404 1802 5466 εἰς
1825 5401 1925 5475 τήν

316 5492 658 5563 συναγωγὴν
684 5491 999 5569 ἀπαντήσῃ,
1027 5489 1061 5560 ἢ
1097 5489 1179 5552 εἰς
1203 5487 1272 5540 τά
1305 5486 1616 5559 Ματρώνης
1641 5483 1862 5559 ἀνέλθῃ,
1890 5486 1924 5559 ἢ

312 5576 546 5648 νηστεία
585 5576 917 5646 κοινωνήσῃ,
955 5573 988 5644 ἢ
1017 5571 1308 5627 σαϐϐάτων
1342 5570 1622 5643 μετάσχῃ,
1667 5569 1851 5643 ἦάλλο
1871 5586 1924 5622 τι

313 5659 518 5731 μικρὸν
548 5658 583 5730 ἢ
627 5659 777 5727 μέγα
814 5656 1105 5711 Ἰουδαϊκὸν
1157 5654 1276 5718 ἐθος
1318 5653 1629 5731 ἐπιτελέσῃ,
1683 5651 1927 5725 καθαρὸς

309 5729 430 5812 ἐγὼ
456 5729 704 5795 ἀπὸτοῦ
736 5741 968 5811 αἵματος
1000 5737 1156 5811 ὑμῶν
1187 5740 1431 5794 πάντων.
1476 5729 1639 5791 Οὗτοι
1681 5738 1731 5790 οί
1774 5736 1925 5807 λόγοι

311 5825 776 5896 παραστήσονται
802 5825 860 5877 ἐν
892 5825 958 5895 τῇ
985 5822 1168 5896 ἡμέρᾳ
1192 5822 1286 5876 τοῦ
1309 5821 1517 5892 Κυρίου
1548 5818 1708 5891 ἡμῶν
1739 5818 1916 5892 Ἰησοῦ

313 5906 561 5976 Χριστοῦ
593 5909 697 5961 καὶ
720 5908 843 5979 ἐμοὶ
872 5907 967 5961 καὶ
990 5906 1139 5977 ὑμῖν,
1158 5906 1262 5961 κᾶν
1288 5906 1386 5977 μέν
1412 5903 1692 5975 πεισθῆτε,
1716 5902 1917 5974 πολλὴν

315 5989 449 6055 ὑμῖν
496 5989 807 6061 παρέξουσι
848 5986 998 6063 [600]
1037 5990 1137 6063 τὴν
1173 5988 1517 6062 παρρησίαν·
1564 5987 1633 6041 ἂν
1672 5987 1727 6043 δέ
1771 6004 1913 6060 παρ-

1526 367 1897 428 ADVERSUS
1929 362 2223 423 ιη]υῶῡὸ
2264 360 2303 414 li
2350 352 2355 357 ’

3500 358 3615 418 356

2017 466 2287 539 ακούσητε
2307 509 2322 536 ,
2359 466 2395 539 ﬁ
2433 484 2584 532 τινας
2609 467 2717 523 τῶν
2744 468 2810 523 τὰ
2843 468 3071 525 τοιαῦτα
3137 464 3458 539 τολμώντων
3474 468 3610 521 ἀπο-

2014 550 2285 623 κρύψητε,
2317 549 2508 623 ῶσπερ
2542 551 2839 624 κατήγοροι
2871 550 3090 623 σφοδροὶ
3118 547 3609 609 ἀντικαταστήσον-

2012 619 2102 690 ται
2128 619 2277 707 ύμῖν.
2308 635 2391 690 Οὐ
2414 619 2526 705 γάρ
2546 619 3132 705 ὑπεστειλάμὴν-τοῦ
3152 633 3238 705 μὴ
3260 631 3610 704 ἀναγγεῖλαι

2012 720 2158 790 ὑμῖν
2184 718 2393 774 πᾶσαν
2416 718 2532 789 τὴν
2546 718 2798 788 βουλὴν
2827 718 2932 774 τοῦ
2956 717 3127 782 Θεοῦ,
3161 716 3299 773 ἀλλά
3329 718 3425 773 καὶ
3451 717 3612 772 κατέ-

2014 802 2179 857 ϐαλον
2216 802 2278 857 τὸ
2301 802 2566 876 ἀργύριον
2593 803 2689 858 ἐπὶ
2718 804 2846 867 τοὺς
2874 803 3232 875 τραπεζίτας.
3274 801 3462 874 ’Υμῶν
3496 804 3614 856 ἐστι

2015 885 2202 941 λοιπὸν
2221 886 2516 942 πλεονάσαι
2540 886 2603 941 τὸ
2636 886 2979 959 καταϐληθὲν
2998 928 3013 951 ,
3049 887 3146 942 καὶ
3187 889 3255 958 τῇ
3280 885 3381 957 τῆς
3407 885 3612 957 ἀκροά-

2018 987 2158 1035 σεως
2201 970 2445 1043 ὠφελείᾳ
2505 970 2645 1043 πρὸς
2692 970 2790 1043 τήν
2843 971 3120 1043 σωτηρίαν
3170 971 3282 1024 τῶν
3327 967 3613 1042 ὑμετέρων

2016 1053 2264 1125 ἀδελφῶν
2298 1054 2744 1127 ἀποχρήσασθαι.
2779 1054 2942 1109 ’Δλλά
2967 1054 3228 1128 φορτικὸν
3257 1054 3353 1109 καὶ⁵
3373 1053 3614 1125 ἐπαχθές

2018 1138 2416 1208 καταγγέλλειν
2449 1140 2578 1204 τοὺς
2614 1138 2685 1194 τά
2711 1136 2941 1194 τοιαῦτα
2970 1139 3391 1210 ἁμαρτάνοντας
3417 1153 3432 1201 ;
3475 1138 3616 1208 Φορ-

2018 1222 2168 1277 τικὸν
2200 1223 2299 1294 μὲν
2329 1217 2423 1278 οὖν
2449 1222 2542 1278 καί
2575 1223 2814 1295 ἐπαχθές
2855 1224 3033 1294 σιγᾷν.
3066 1222 3177 1276 Kal
3203 1222 3312 1293 γάρ
3347 1222 3476 1294 ύμῖν
3500 1223 3616 1285 τοῖς

2018 1306 2457 1385 ἀποκρύπτουσι,
2477 1307 2755 1372 κάκείνοις
2780 1310 2893 1372 τοῖς
2921 1306 3276 1361 λανθάνουσιν
3302 1306 3498 1375 ἐπάγει
3520 1303 3615 1360 τὸν

2017 1391 2239 1464 ὄλεθρον
2275 1391 2417 1464 αῦτη
2457 1394 2489 1464 ή
2530 1391 2680 1463 σιγὴ,
2727 1390 2818 1445 τὸν
2852 1386 2984 1446 Θεὸν
3034 1391 3164 1462 ὑμῖν
3208 1389 3611 1461 ἐκπολεμοῦσα.

2019 1476 2179 1550 Πόσῳ
2221 1476 2279 1531 δὲ
2319 1476 2527 1548 βέλτιον
2574 1479 2690 1542 τοῖς
2736 1474 3043 1540 συνδούλοις
3081 1475 3487 1547 ἀπεχθάνεσθαι
3520 1475 3616 1528 ἐπὶ

2022 1562 2289 1635 σωτηρίᾳ,
2318 1561 2352 1633 ἢ
2394 1561 2487 1616 τὸν
2520 1561 2800 1632 Δεσπότην
2846 1559 3169 1632 παροξύνειν
3211 1558 3336 1613 καθ’
3370 1559 3577 1613 ἑαυτῶν
3599 1598 3612 1621 ,

2019 1639 2189 1709 Οὗτος
2216 1644 2314 1716 μὲν
2337 1644 2446 1718 γάρ
2475 1645 2580 1699 κᾶν
2612 1645 2973 1717 ἀγανακτήσῃ
3002 1641 3118 1712 νῦν,
3151 1643 3306 1701 οὐδέν
3330 1660 3389 1697 σε
3414 1641 3616 1714 βλάψαι

2017 1729 2337 1800 δυνήσεται,
2387 1729 2590 1801 μᾶλλον
2637 1727 2694 1783 δὲ
2741 1728 2835 1783 καὶ
2887 1728 3050 1801 χάριν
3098 1728 3306 1782 εἴσεταί
3347 1745 3429 1781 σοι
3476 1725 3616 1798 μετά

2017 1812 2192 1867 ταῦτα
2212 1813 2327 1895 ⁸’τῆς
2358 1813 2620 1886 ἰατρείας
2654 1815 2683 1867 ὁ
2711 1814 2768 1868 δέ
2803 1812 2957 1878 Θεὸς,
3002 1812 3070 1868 ἂν
3101 1811 3180 1883 τῷ
3207 1810 3479 1882 συνδούλῳ
3516 1828 3613 1865 σου

2019 1898 2120 1969 τὴν
2153 1895 2428 1968 ἐπιϐλαϐἧ
2462 1898 2823 1970 χαριζόμενος
2860 1897 3045 1968 χάριν,
3078 1896 3315 1967 σιγήσῃς
3349 1896 3444 1949 καὶ
3472 1897 3615 1949 ἀποο

2020 1980 2258 2053 κρύψῃς,
2292 1981 2393 2053 τὴν
2425 1982 2663 2053 ἐσχάτην
2692 1982 2994 2053 ἀπαιτήσει
3027 1997 3087 2033 σε
3116 1980 3295 2051 δίκην.
3328 1980 3491 2033 Ὥστε
3529 1998 3615 2034 σι⁴

2020 2064 2134 2134 γῶν
2162 2058 2408 2137 μὲν,’καὶ
2424 2066 2516 2120 τὸν
2539 2064 2672 2119 Θεὸν
2702 2062 3114 2135 ἐκπολεμώσεις
3145 2064 3382 2134 σεαυτῷ,
3411 2064 3505 2119 καὶ
3525 2064 3616 2119 τὸν

2021 2148 2251 2218 ἀδελφὸν
2285 2148 2532 2221 βλάψειςο
2550 2147 2942 2218 καταγγέλλων
2959 2147 3017 2202 δέ
3039 2149 3135 2202 καὶ
3168 2148 3402 2220 φανερὸν
3424 2149 3616 2209 ποιῶν,

2022 2233 2272 2287 κάκεῖνον
2301 2232 2446 2299 ἐξεις
2473 2232 2769 2299 ῐλεων,καί
2795 2232 2986 2287 τοῦτον
3018 2231 3320 2304 κερδανεῖς,
3344 2234 3440 2287 καὶ
3465 2231 3620 2302 φίλον

2023 2318 2200 2390 κτήσῃ
2226 2317 2475 2389 μανικὸν,
2494 2318 2562 2390 τῇ
2587 2317 2756 2389 πείρᾳ
2783 2315 2880 2389 τὴν
2900 2315 3224 2388 εὐεργεσίαν
3248 2316 3507 2389 μαθόντα.
3529 2315 3621 2386 Μὴ

2021 2401 2202 2454 τοίνυν
2230 2401 2482 2472 νομίζετε
2517 2399 2842 2471 χαρίζεσθαι
2874 2402 2988 2463 τοῖς
3012 2400 3306 2472 ὑμετέροις
3342 2399 3620 2469 ἀδελφοῖς,

2023 2482 2077 2536 εῖ
2098 2502 2152 2537 τι
2180 2483 2289 2537 τῶν
2317 2484 2534 2539 ἀτόπων
2565 2482 2803 2553 ὁρῶντες
2832 2482 3142 2554 μετιόντας,
3164 2481 3239 2555 μὴ
3273 2483 3410 2553 μετὰ
3439 2484 3624 2553 πάσης

2023 2566 2298 2638 ἐλέγχοι-,τε
2328 2568 2427 2640 τῆς
2457 2567 2839 2639 σφοδρότητος.
2896 2567 3134 2638 ’ἱμάτιον
3178 2567 3273 2620 ἐὰν
3310 2566 3584 2639 ἀπολέσῃς
3607 2610 3620 2630 ,

2027 2651 2100 2721 μὴ
2133 2651 2225 2703 τὸν
2250 2650 2554 2720 κεκλοφότα
2587 2649 2768 2720 μόνον,
2815 2649 2939 2719 ούχί
2988 2648 3085 2703 καὶ
3119 2648 3211 2701 τὸν
3238 2650 3514 2705 συνειδότα
3544 2650 3623 2720 τῷ

2024 2734 2236 2809 κλέπτῃ
2292 2734 2384 2791 καὶ
2443 2734 2522 2805 μὴ
2587 2732 3067 2802 καταγγέλλοντα,
3125 2733 3330 2804 ὁμοίως
3379 2734 3624 2806 νομίζεις

2023 2818 2249 2891 ἐχθρόνς
2303 2819 2366 2872 ’Π
2403 2819 2643 2889 μήτηρή
2657 2817 2776 2887 μῶν
2815 2819 2848 2888 ή
2892 2819 3048 2886 κοινὴ
3091 2819 3191 2889 οὐχ
3234 2817 3473 2889 ἱμάτιον,
3504 2818 3623 2872 ἀλλ’

2023 2901 2255 2972 ἀδελφὸν
2289 2899 2605 2955 ἀπώλεσενο
2660 2900 2890 2971 ἔκλεψεν
2925 2901 3092 2955 αὐτὸν
3143 2903 3171 2955 ό
3219 2900 3488 2966 διάϐολος,
3529 2902 3626 2955 καὶ

2025 2985 2247 3057 κατέχει
2274 2984 2370 3039 νῦν
2402 2987 2461 3039 ἐν
2492 2984 2570 3055 τῷ
2613 2984 2935 3055 ἱουδαϊσμῷ·
2981 2982 3131 3047 οἶδας
3161 2984 3253 3038 τὸν
3279 2986 3589 3056 κεκλοφότα
3611 3026 3625 3045 ,

2023 3063 2174 3132 οἶδας
2219 3068 2310 3121 τὸν
2355 3067 2634 3122 κλαπέντα
2658 3085 2671 3098 ·
2723 3069 2858 3140 ὁρᾷς
2911 3068 3047 3138 ἐμὲ,
3094 3067 3352 3139 καθάπερ
3397 3069 3622 3141 λύχνον,

2025 3151 2269 3206 ἃπτοντα
2316 3150 2418 3221 τῆς
2462 3149 2814 3214 διδασκαλίας
2856 3150 3162 3217 τὸνλόγον,
3206 3151 3303 3204 καὶ
3347 3152 3626 3225 πανταχοῦ

2026 3233 2294 3306 ζητοῦντα
2317 3235 2413 3288 καὶ
2438 3234 2793 3305 κοπτόμενον·
2822 3234 2917 3288 καὶ
2952 3236 3016 3289 σὺ
3041 3235 3280 3305 ἕστηκας
3314 3238 3506 3306 σιγῶν,
3531 3240 3626 3293 καὶ

2025 3320 2085 3373 οὐ
2126 3318 2553 3387 καταγγέλλεις;
2580 3318 2676 3372 καλ⁸
2715 3318 2872 3373 ποίαν
2906 3318 3051 3384 ἕξεις
3100 3319 3466 3392 συγγνώμηνς
3507 3322 3629 3386 πῶς

2025 3403 2081 3455 δὲ
2109 3404 2211 3457 οὑκ
2236 3404 2295 3455 ἐν
2326 3403 2437 3466 τοῖς
2459 3401 2713 3472 ἐσχάτοις
2748 3419 2806 3455 σε
2841 3402 2951 3456 τῶν
2996 3402 3211 3476 ἐχθρῶν
3249 3405 3284 3477 ή
3328 3406 3629 3477 Ἐκκλησία

2026 3485 2309 3556 λογιεῖται,
2337 3485 2435 3540 καὶ
2463 3484 2721 3557 πολέμιον
2746 3486 3011 3558 ἡγήσεται
3033 3487 3128 3542 καὶ
3159 3486 3414 3560 λυμεῶνα
3432 3508 3448 3557 ;
3468 3490 3629 3549 Ἀλλὰ

2032 3568 2107 3641 μὴ
2134 3568 2347 3638 γένοιτο
2379 3567 2586 3640 μηδένα
2622 3566 2731 3622 τῶν
2773 3568 2976 3641 ταύτης
3010 3571 3319 3627 ἀκουόντων
3357 3575 3459 3645 τῆς
3489 3592 3629 3645 συμ-

2029 3652 2249 3724 ϐουλῆς,
2267 3651 2525 3723 τοιαύτην
2553 3650 2832 3724 ἀμαρτίαν
2851 3655 2985 3709 ποτε
3011 3654 3299 3726 ἁμαρτεῖν,
3320 3656 3460 3710 ὥστε
3492 3674 3630 3729 προ-

2027 3736 2214 3791 δοῦναι
2243 3735 2495 3805 ἀδελφὸν,
2527 3736 2669 3809 ὑπὲρ
2691 3732 2752 3792 οῦ
2784 3733 3022 3809 Χριστὸς
3063 3738 3358 3793 ἀπέθανεν.
3402 3739 3461 3793 '0
3490 3742 3627 3812 Χρι-

2031 3819 2156 3884 στὸς
2188 3819 2250 3873 τὸ
2284 3814 2426 3891 αἷμα
2479 3818 2695 3891 ἐξέχεεν
2739 3820 2809 3875 δι’
2845 3820 3042 3875 αὐτόν·
3093 3820 3157 3874 σὺ
3188 3820 3246 3875 δὲ
3298 3822 3422 3877 ούδέ
3465 3823 3628 3893 λόγον

2031 3902 2294 3975 προέσθαι
2334 3902 2404 3957 δι’
2431 3900 2595 3957 αύτὸν
2635 3903 2962 3976 ύπομένεις;
2999 3906 3114 3976 Μὴ,
3148 3907 3473 3977 παρακαλῶ,
3508 3907 3626 3964 ἀλλ’

2030 3986 2234 4051 εὐθέως
2259 3985 2512 4041 ἐντεῦθεν
2538 3987 3015 4059 ἀναχωρήσαντες,
3040 3990 3134 4045 ἐπὶ
3165 3991 3266 4061 τὴν
3292 3990 3468 4062 θήραν
3492 3989 3627 4048 ταύ-

2031 4088 2133 4142 την
2164 4067 2484 4143 ἐπείχθητε,
2513 4071 2611 4124 καὶ
2646 4070 2880 4137 ἕκαστος
2919 4072 3074 4144 ὑμῶν
3097 4075 3191 4129 ἕνα
3230 4092 3320 4146 μοι
3342 4075 3631 4145 κομισάτω

2030 4155 2139 4210 τῶν
2169 4154 2240 4209 τά
2267 4157 2498 4210 τοιαῦτα
2542 4154 2844 4210 νοσούντων
2864 4171 2880 4187 ⁶
2935 4156 3139 4228 μᾶλλον
3188 4158 3244 4214 δὲ
3293 4159 3369 4231 μὴ
3419 4160 3631 4227 γένοιτο

2028 4239 2320 4304 τοσούτους
2361 4235 2502 4293 εἶναι
2552 4238 2681 4303 τοὺς
2734 4238 3064 4305 νοσοῦντας·
3111 4241 3206 4298 δύο
3248 4244 3343 4297 καὶ
3386 4246 3538 4314 τρεῖς
3571 4244 3630 4309 ἐξ

2030 4322 2208 4394 ὑμῶν,
2243 4322 2277 4393 ἢ
2307 4321 2403 4377 καὶ
2429 4322 2564 4377 δέκα
2588 4322 2685 4376 καὶ
2718 4321 2916 4388 είκοσι,
2939 4322 3037 4379 ἕνα
3078 4342 3168 4396 μοι
3192 4325 3586 4397 κομισάτωσαν
3610 4367 3637 4392 ,,

2021 4405 2118 4459 ιῖνα
2150 4405 2292 4459 κατά
2315 4405 2416 4477 τὴν
2463 4406 2679 4478 ἡμέραν
2723 4406 2946 4480 ἐκείνην
2978 4406 3104 4463 ἰδὼν
3130 4411 3230 4479 τὴν
3269 4410 3447 4482 ἄγραν
3496 4411 3631 4467 εἴσω

2028 4490 2140 4545 τῶν
2163 4487 2396 4544 δικτύων
2425 4489 2729 4562 γενομένην
2754 4503 2804 4558 α,
2821 4490 3216 4566 δαψιλεστέραν
3239 4495 3368 4566 ύμῖν
3396 4496 3630 4567 παραθῶ

2028 4574 2128 4646 τὴν
2169 4572 2471 4647 τράπεζαν.
2508 4575 2606 4627 Ἂν
2642 4574 2752 4648 γάρ
2789 4574 3007 4650 ίδωτὴν
3033 4579 3274 4652 σήμερον
3318 4579 3630 4651 συμϐουλὴν

2030 4661 2111 4724 εἰς
2148 4657 2308 4730 ἔργον
2348 4656 2753 4729 ἐκϐεϐηκυῖαν,
2803 4659 2942 4730 μετὰ
2994 4661 3241 4726 πλείονος
3285 4663 3496 4736 ἅψομαι
3526 4664 3629 4735 τῆς

2031 4741 2344 4815 προθυμίας
2392 4741 2492 4812 τῆς
2529 4740 2669 4815 πρὸς
2707 4740 2951 4808 ἐκείνους
2995 4745 3270 4817 ἰατρείας,
3331 4748 3425 4800 καὶ
3466 4746 3629 4800 πλέον

2029 4825 2183 4880 ἔσται
2206 4825 2267 4878 τὸ
2297 4824 2487 4898 κέρδος
2517 4824 2615 4879 καὶ
2637 4826 2768 4895 ὑμῖν
2795 4826 3091 4893 κάκείνοις.
3120 4829 3211 4901 Μὴ
3230 4829 3409 4883 τοίνυν
3429 4830 3628 4899 όλιγωε·

2032 4911 2274 4982 ρήσητε,
2312 4908 2449 4963 ἀλλά
2498 4910 2593 4964 καὶ
2638 4912 2900 4979 γυναῖκες
2941 4914 3240 4980 γυναῖκας,
3288 4913 3381 4966 καὶ
3433 4912 3628 4985 ἄνδρες

2027 4993 2247 5064 ἄνδρας,
2300 4993 2394 5048 καὶ
2428 4992 2610 5048 δοῦλοι
2659 4992 2904 5061 δούλους,
2946 4994 3043 5050 καὶ
3086 4994 3365 5068 ἐλεύθεροι
3411 4996 3629 5051 ἐλευθέ⁴

2030 5093 2181 5148 ρους,
2206 5078 2302 5131 καὶ
2337 5076 2526 5142 παῖδες
2576 5076 2797 5142 παῖδας,
2848 5079 2941 5133 καί
3002 5078 3205 5144 πάντες
3256 5079 3445 5144 ἀπλῶς
3485 5082 3627 5152 μετά

2027 5159 2315 5233 ἀκριϐείας
2351 5161 2571 5234 ἀπάσης
2603 5164 2730 5228 τοὺς
2758 5163 2827 5217 τά
2854 5164 3079 5219 τοιαῦτα
3107 5164 3398 5230 νοσοῦντας
3424 5165 3625 5239 θηρεύ-

2030 5260 2244 5309 σαντες,
2273 5243 2461 5306 οῦτως·
2481 5248 2563 5309 εἰς
2590 5250 2689 5318 τὴν
2714 5246 2977 5302 ἐπιοῦσαν
3004 5249 3359 5319 ἀπαντήσατε
3381 5249 3624 5318 σύναξιν,

2027 5326 2117 5380 ἴνα
2155 5327 2249 5381 καὶ
2275 5325 2369 5381 τοῦ
2394 5328 2524 5399 παρ’
2545 5328 2707 5400 ἡμῶν
2735 5331 2961 5384 ἐπαίνου
2999 5331 3223 5404 τύχητε,
3260 5333 3355 5389 καὶ
3379 5334 3486 5405 πρὸ
3517 5335 3627 5388 τῶν

2025 5409 2313 5482 ἡμετέρων
2347 5411 2642 5482 ἐγκωμίων
2676 5413 2769 5467 τὸν
2794 5414 2948 5486 παρά
2973 5415 3067 5469 τοῦ
3094 5416 3231 5471 Θεοῦ
3261 5418 3453 5490 μισθὸν
3471 5418 3624 5492 [601]

2026 5492 2411 5566 ἐπισπάσησθε
2439 5493 2532 5548 τὸν
2563 5495 2730 5550 πολὺν
2760 5498 2855 5552 καὶ
2878 5498 3110 5568 ἄφατον,
3147 5502 3242 5555 καὶ
3271 5502 3400 5566 τοὺς
3430 5503 3627 5566 πόνους

2025 5576 2135 5657 τῶν
2174 5576 2588 5649 κατορθούντων
2627 5580 3032 5651 ὑπερϐαίνοντα
3073 5583 3257 5640 πολλῶ
3285 5584 3364 5656 τῷ
3400 5586 3619 5657 μέτρῳο

2022 5654 2087 5746 οὗ
2120 5659 2329 5746 γένοιτο
2346 5661 2571 5746 ⁸πάντας
2598 5665 2750 5734 ήμᾶς
2780 5668 3060 5746 ἐπιτυχεῖν
3106 5669 3290 5741 χάριτι
3316 5654 3412 5723 καὶ
3436 5654 3626 5739 φιλαν-

2026 5741 2245 5823 θρωπίᾳ.
2277 5743 2372 5797 τοῦ
2401 5745 2607 5818 Κυρίου
2635 5748 2792 5818 ήμῶν
2837 5741 3013 5820 Ἰησοῦ
3046 5752 3306 5823 Χριστοῦ,
3340 5753 3409 5806 δι’
3440 5746 3501 5807 οῦ
3527 5756 3624 5809 καὶ

2035 5826 2152 5896 μεθ’
2187 5822 2248 5882 οῦ
2281 5827 2358 5898 τῷ
2383 5830 2555 5901 Πατρί
2580 5831 2729 5900 δόξα,
2774 5834 2889 5906 ἅμα
2918 5834 2997 5906 τῷ
3021 5822 3162 5908 ἁγίῳ
3187 5835 3489 5907 Πνεύματι,
3526 5837 3643 5894 νῖν.
3694 5876 3699 5879 ~

2024 5910 2119 5964 καὶ
2147 5909 2253 5975 ἀεὶ,
2281 5913 2377 5965 καὶ
2405 5915 2495 5977 εἰς
2515 5916 2643 5980 τοὺς
2663 5917 2868 5983 αἰῶνας
2904 5908 3269 5974 τῶνσέὡνων.
3317 5921 3508 5992 Ἀμήν.

2083 5996 2101 6015 ⁸
2121 6000 2180 6051 ΔΙ
2190 5999 2220 6050 ii
2240 6017 2435 6066 γεγενημ
2443 6005 2569 6065 ένην.
