3920 6364
243 286 338 340 ίςῖΐῖ

914 276 980 333 IN
1020 272 1150 332 ms
1187 270 1304 340 QUI
1341 267 1482 327 CUM
1518 266 1664 326 JUD.
1704 261 2070 321 JEJUNANT.
2113 258 2474 318 ADVERSUS
2508 258 2655 318 JUD.
2697 257 2763 316 ll.

3410 230 3519 290 878

277 396 3505 438 ww-

242 511 553 559 Αυγειιευε
608 509 721 554 EOS
776 508 885 562 QUI
928 494 1290 549 ιυῡεοιιυιι
1330 495 1646 544 JEJUNIUM
1688 488 1834 537 JEJU

1943 490 2032 544 ἿΤ,
2062 486 2143 532 ΒΤ
2183 486 2509 533 Δυνκιιεσε
2552 486 2718 531 IPSOS
2761 485 3018 532 JUDBOS
3065 487 3080 530 :

3129 487 3316 532 DICTA
3404 488 3512 534 EST

274 611 484 660 ΔΓῘἙΜ
530 612 798 657 ΠΟΜΠᾸΔ
843 606 1124 662 QUINQUE
1149 602 1378 647 DIEBL'S
1424 600 1589 645 ANTE
1631 592 1947 640 JEJUNIUM
1992 590 2291 647 IPSORUM,
2326 589 2407 632 ET
2432 584 2563 634 CUM
2593 588 2739 632 ΑιιΑ
2769 587 2956 633 Ριιιυε
2988 589 3224 633 ΠΔΒῘΤΔ
3259 589 3473 633 ESSET.

1644 736 1743 785 (8Ξῦ
1758 729 2063 782 ὓὶαοῦἒῖβ

758 880 957 927 ORATIO
984 880 1238 923 SECUSDA.

289 968 332 1020 l.
359 964 556 1020 Avocat
573 958 638 1012 ab
658 958 941 1016 immundis
962 960 1263 1016 Judteorum
1295 954 1528 1027 jejuuiis.
1581 979 1649 989 -—-
1696 946 1813 1002 iam

232 1059 464 1125 inimum
496 1054 622 1112 illud
670 1063 725 1109 et
767 1050 1099 1108 immundum
1127 1048 1430 1105 Iudaeorum
1471 1041 1730 1112 jejunium
1763 1037 1815 1091 in

233 1150 428 1204 foribus
469 1148 640 1203 adest.
672 1142 849 1200 Nolite
889 1156 1019 1198 vero
1049 1140 1268 1204 mirari,
1299 1137 1342 1191 si
1385 1133 1644 1206 jejunium
1690 1127 1818 1183 illud

233 1237 559 1294 immundum
584 1236 844 1307 appellavi
866 1252 880 1290 :
899 1232 1042 1305 quod
1069 1232 1212 1288 enim
1240 1237 1433 1300 praeter
1460 1225 1549 1280 Dei
1582 1229 1816 1277 mentem

234 1331 325 1396 fit,
354 1333 467 1386 sive
510 1329 829 1385 sacriﬁcium
873 1328 987 1381 sive
1009 1323 1269 1394 jejunium
1315 1320 1421 1381 sit,
1453 1316 1692 1371 omnium
1738 1321 1821 1367 est

235 1424 668 1492 impurissimum.
692 1422 936 1490 iniquum
963 1419 1123 1489 igitur
1150 1416 1389 1485 ipsorum
1411 1409 1670 1481 jejunium
1699 1412 1822 1478 post

232 1514 457 1584 quinque
484 1513 738 1583 deinceps
763 1512 876 1567 dies
906 1510 1083 1573 instat,
1114 1514 1168 1561 at
1190 1520 1290 1575 ego
1316 1511 1438 1557 ante
1482 1499 1668 1555 decem
1706 1496 1823 1551 dies

235 1609 315 1662 vel
358 1609 562 1680 plures,
593 1605 1016 1661 cohortationem
1061 1600 1127 1655 ad
1158 1614 1254 1654 vos
1294 1594 1491 1658 habui,
1526 1603 1585 1648 ut
1631 1590 1823 1646 fratres

232 1710 434 1756 vt-stros
463 1700 866 1770 przcmunirem.
883 1696 1050 1752 Nemo
1068 1704 1243 1749 autem
1262 1689 1558 1746 orationem
1584 1691 1820 1740 nostram

234 1793 372 1847 velut
414 1791 839 1863 intempestivam
887 1796 1140 1853 accuset,
1171 1784 1313 1855 quod
1356 1796 1474 1838 eam
1528 1787 1604 1834 tot
1634 1775 1823 1831 diebus

224 1893 351 1937 .ante
371 1882 787 1951 prmmiserimus
807 1898 819 1932 :
843 1895 965 1934 nam
983 1887 1036 1933 et
1052 1874 1264 1946 quando
1283 1872 1448 1928 febris
1462 1876 1820 1939 exspectatur,

235 1982 320 2027 aut
360 1973 495 2027 alios
539 1972 732 2042 aliquis
759 1969 978 2025 morbus
1002 2010 1016 2035 ,
1048 1967 1217 2022 multo
1262 1974 1385 2019 ante
1428 1974 1622 2031 corpus
1663 1960 1821 2028 ejus,

234 2080 386 2135 quem
439 2060 607 2120 febris
660 2073 968 2133 corrcptura
1025 2070 1145 2124 est,
1199 2056 1363 2111 variis
1418 2049 1825 2109 medicamentis

239 2158 589 2224 prmmuniunt
618 2154 828 2214 medici,
848 2163 901 2207 et
926 2162 1209 2221 antequam
1237 2164 1298 2203 re
1324 2148 1437 2217 ipsa
1465 2145 1555 2199 ﬁat
1579 2156 1826 2199 accessus

241 2251 426 2317 morbi,
445 2250 513 2304 ab
529 2247 933 2304 imminentibus
951 2244 1075 2300 illud
1094 2243 1248 2297 malis
1263 2239 1533 2295 vindicare
1551 2236 1822 2292 festinant.

239 2342 451 2407 Quando
508 2340 672 2411 igitur
723 2354 822 2393 nos
875 2351 1085 2408 quoque
1134 2331 1505 2404 gravissimum
1549 2327 1827 2383 imminere

240 2433 474 2485 morbum
503 2431 749 2486 videmus
773 2472 787 2497 ,
818 2431 968 2500 prius
1008 2443 1070 2482 ac
1094 2426 1262 2481 multo
1304 2434 1428 2479 ante
1458 2432 1698 2492 tempore
1725 2419 1826 2474 ob-

242 2535 487 2579 testa-our
510 2566 525 2591 ,
555 2535 615 2578 ut
641 2532 926 2592 antequam
959 2536 1056 2574 nos
1084 2534 1145 2574 re
1186 2522 1299 2589 ipsa
1346 2517 1541 2570 malum
1571 2513 1781 2568 invadat
1810 2552 1824 2575 ,

241 2615 526 2669 remedium
562 2614 731 2683 possit
767 2612 1029 2668 adhiberi.
1078 2612 1362 2679 Propterea
1396 2624 1500 2661 non
1551 2606 1679 2676 ipsis
1723 2604 1827 2659 illis

240 2706 419 2759 diebus
461 2705 844 2761 instituendam
872 2703 1056 2759 censui
1085 2701 1507 2756 adhortationem
1535 2739 1547 2761 ,
1582 2712 1649 2751 ne
1693 2696 1828 2751 forte

244 2798 488 2866 angustiis
529 2809 831 2867 temporum
862 2794 1099 2865 impediti
1141 2801 1358 2863 captare
1398 2790 1589 2844 fratres
1619 2798 1828 2842 vestros

240 2902 301 2941 ne
326 2886 505 2942 venari
536 2902 648 2942 non
696 2887 919 2956 possetis
943 2927 958 2951 ,
987 2884 1080 2941 sed
1110 2884 1395 2938 multorum
1423 2881 1629 2935 dierum
1657 2879 1829 2949 spatio

243 2977 357 3031 dato
382 2993 572 3035 secure
590 2978 820 3048 possetis
834 2991 949 3044 eos,
968 2976 1057 3046 qui
1074 2972 1335 3046 ejusmodi
1357 2970 1545 3026 morbo
1562 2970 1825 3033 laborant,

246 3071 486 3143 indagare
512 3082 675 3143 atque
704 3072 770 3126 ab
803 3072 899 3125 hac
921 3079 1069 3141 peste
1100 3080 1372 3123 revocare.
1404 3068 1478 3121 ita
1508 3079 1721 3136 quoque
1747 3063 1830 3118 fa-

246 3181 359 3222 cere
384 3169 581 3234 solent,
613 3166 702 3238 qni
733 3165 944 3234 nuptias
972 3161 1267 3227 celebrant,
1297 3167 1353 3214 et
1372 3160 1541 3214 lautas
1560 3159 1831 3213 instruunt

244 3274 418 3316 cteuas
459 3276 615 3316 :non
660 3258 789 3329 ipsis
831 3256 1049 3319 diebus,
1081 3252 1175 3309 sed
1206 3252 1374 3308 multo
1417 3259 1541 3305 ante
1589 3258 1831 3319 tempore

249 3352 531 3420 piscatores
562 3351 788 3422 piscium
820 3356 876 3404 et
903 3346 1081 3401 avium
1107 3357 1340 3413 aucupes
1374 3343 1733 3412 alloquuntur,
1766 3352 1832 3393 ne

249 3443 401 3496 nllmn
447 3443 580 3512 ipsis
627 3441 696 3495 ab
741 3437 1001 3508 angustiis
1050 3434 1304 3504 temporis
1349 3432 1414 3486 ad
1464 3429 1831 3485 instruendam

250 3550 478 3590 mensam
522 3532 969 3604 impedimentum
1019 3527 1350 3583 adhibeatur.
1400 3523 1627 3591 Quando
1675 3522 1836 3593 igitur

252 3643 341 3681 nos
364 3642 573 3697 quoque
611 3637 849 3679 mensam
883 3622 1032 3675 vobis
1069 3618 1328 3673 adversus
1370 3614 1675 3670 Judmorum
1720 3620 1837 3668 stu-

255 3735 424 3786 porem
466 3717 765 3788 apposituri
807 3729 1022 3770 eramus
1042 3755 1056 3779 ,
1088 3716 1236 3785 prius
1265 3724 1361 3764 vos
1389 3709 1681 3779 piscatores
1707 3705 1842 3761 allo-

250 3812 471 3879 quituur,
507 3822 561 3864 ut
609 3808 930 3863 in'3rntiores
959 3822 1025 3860 ex
1069 3803 1320 3858 fratribus
1356 3801 1549 3856 vestris
1579 3800 1840 3869 indagetis

253 3915 400 3971 atque
426 3902 678 3971 captetis,
708 3909 763 3954 et
792 3899 856 3952 ad
880 3897 1175 3952 audiendos
1198 3909 1474 3950 sermones
1503 3901 1713 3947 nostrost
1743 3891 1840 3944 de-

253 3993 470 4048 tlucatis.
500 3997 777 4062 Quotquot
828 3990 987 4060 igitur
1028 3988 1138 4058 jam
1173 3986 1360 4057 piscati
1404 3986 1568 4049 estis,
1614 3992 1669 4037 et
1703 3984 1838 4036 intra

256 4086 376 4139 tetia
402 4096 591 4155 captos
631 4097 822 4137 secure
865 4081 1088 4144 tenetis,
1122 4086 1335 4133 manete
1360 4092 1423 4130 ac
1451 4073 1841 4131 cohortationis

260 4175 370 4230 illos
398 4190 650 4232 sermone
679 4172 1027 4244 constringite
1052 4188 1065 4225 :
1098 4177 1358 4241 quotquot
1383 4176 1564 4222 autem
1605 4165 1841 4221 nondum

260 4268 563 4336 pmclaram
591 4267 737 4321 illam
769 4264 1002 4336 praedam
1033 4262 1250 4332 cepistis
1271 4300 1288 4329 ,
1314 4258 1587 4315 sufﬁciens
1610 4258 1845 4328 quinque

257 4360 457 4415 dierum
498 4361 731 4431 spatium
775 4357 1018 4424 habetis,
1054 4365 1111 4409 ut
1155 4354 1242 4409 illa
1282 4360 1500 4423 captura
1544 4348 1843 4420 potiantiui.

262 4451 635 4522 Expandamus
660 4450 820 4521 igitur
837 4448 1096 4505 doctrina;
1125 4445 1256 4501 retia
1275 4483 1290 4510 ,
1318 4444 1725 4499 circumStemus
1752 4449 1847 4494 eos

264 4542 313 4597 in
347 4544 532 4599 orbem
560 4551 830 4611 tamquam
857 4537 1085 4595 venatici
1116 4548 1304 4600 canes,
1333 4532 1687 4601 undequaque
1726 4528 1848 4583 illos

266 4635 316 4687 in
341 4636 483 4705 leges
512 4633 766 4689 Ecclesia:
798 4630 1183 4700 compellamus
1208 4645 1224 4682 :
1255 4626 1515 4696 optimum
1541 4633 1718 4677 autem
1747 4621 1849 4676 illis

266 4737 597 4790 venatorem,
642 4725 686 4780 si
718 4723 950 4787 videtur,
992 4721 1206 4775 beatum
1241 4716 1462 4771 Paulum
1502 4713 1851 4767 adhibeamus

267 4818 578 4875 clamantem
604 4831 666 4871 ac
689 4816 955 4870 dicentem
981 4853 996 4866 .
1024 4810 1157 4865 Ecce
1188 4824 1278 4879 ego
1307 4805 1503 4861 Paulus
1532 4803 1645 4857 dico
1678 4802 1850 4866 vobis,

268 4911 497 4978 quoniam
525 4909 570 4963 si
597 4903 1027 4963 circumcidamini
1046 4944 1061 4968 ,
1092 4899 1325 4957 Christus
1352 4897 1487 4952 vobis
1513 4894 1645 4950 nihil
1666 4893 1851 4965 prode-

270 5002 332 5053 rit
383 5000 525 5074 (Gal.
560 5002 615 5057 5.
639 5000 719 5069 2).
747 4999 882 5054 Nam
921 5005 977 5051 et
1014 4995 1175 5050 multa
1215 4993 1323 5049 fera
1351 5000 1405 5048 et
1433 4990 1693 5047 silvestria
1735 4988 1852 5043 ani-

272 5092 447 5155 malia,
469 5092 513 5147 si
540 5090 754 5162 quando
774 5089 877 5144 sub
896 5088 1127 5142 arbustis
1146 5085 1479 5150 delitescant,
1511 5083 1598 5137 ubi
1626 5081 1854 5151 primum

276 5185 536 5239 venatoris
579 5194 761 5238 vocem
790 5181 1113 5243 exaudiunt,
1148 5193 1259 5247 prae
1289 5184 1433 5230 metu
1474 5174 1763 5237 exsiliunt,
1795 5188 1858 5227 ac

274 5276 417 5331 vocis
441 5277 762 5331 necessitate
785 5272 1062 5343 compulsa
1083 5310 1098 5333 ,
1140 5267 1336 5337 saepius
1361 5266 1520 5320 etiam
1562 5264 1723 5318 invita
1751 5264 1858 5318 cla-

280 5386 423 5426 more
449 5371 710 5426 concitata
738 5370 792 5424 in
828 5368 970 5436 ipsas
993 5377 1173 5419 casses
1216 5359 1607 5416 detruduntur:
1631 5358 1704 5411 ita
1725 5371 1859 5427 quo-

280 5474 378 5529 que
399 5459 591 5517 fratres
616 5461 796 5525 vestri,
830 5458 942 5530 qui,
972 5467 1241 5525 tamquam
1268 5453 1320 5507 in
1347 5452 1564 5507 arbusto
1591 5449 1821 5520 quodam
1842 5490 1856 5516 ,

285 5551 334 5603 in
362 5550 636 5607 Jtulaismo
662 5550 1064 5612 delitescebant,
1089 5548 1136 5602 si
1166 5545 1314 5601 Pauli
1346 5558 1531 5599 vocem
1555 5541 1859 5609 audierint,

284 5640 435 5699 facile
460 5644 511 5697 in
537 5643 722 5699 salutis
760 5643 892 5699 retia
925 5639 1197 5704 incident,
1228 5647 1310 5692 sat
1339 5637 1471 5700 scio,
1500 5644 1555 5689 et
1581 5634 1859 5690 Judaicum

289 5747 496 5790 onmem
526 5750 761 5794 errorem
792 5733 1064 5803 abjicicnt.
1097 5730 1212 5787 Non
1241 5729 1382 5787 enim
1412 5727 1610 5785 Paulus
1635 5735 1738 5796 est,
1771 5725 1861 5797 qui

1924 847 2179 917 loquitur,
2208 846 2303 903 sed
2330 846 2575 903 Christus
2595 889 2608 912 ,
2651 846 2739 916 qui
2768 847 3000 901 animam
3033 847 3150 916 ejus
3181 858 3378 903 movet.
3409 847 3512 903 lta-

1921 952 2027 1008 que
2055 952 2175 993 cum
2211 939 2529 993 clamantem
2569 938 2718 992 illum
2754 937 2906 992 audis
2934 952 2999 992 ac
3044 938 3350 994 dicentem:
3388 938 3518 994 Ecce

1921 1044 2015 1099 ego
2062 1026 2261 1083 Paulus
2300 1029 2415 1082 dico
2456 1026 2622 1094 vobis,
2667 1027 2907 1097 quoniam
2953 1028 2998 1083 si
3046 1028 3517 1095 circumcidamini,

1923 1118 2154 1174 Christus
2182 1118 2320 1173 vobis
2345 1118 2474 1172 nihil
2510 1119 2768 1188 proderit,
2800 1118 2968 1174 solam
3001 1135 3185 1175 vocem
3220 1121 3368 1177 Pauli
3395 1137 3519 1177 esse

1925 1219 2075 1280 puta,
2107 1224 2325 1265 sensum
2354 1217 2531 1263 autem
2562 1218 2616 1266 et
2652 1209 2844 1280 dogma
2871 1209 3069 1266 Christi
3096 1227 3216 1268 esse
3241 1227 3270 1267 a
3295 1227 3401 1283 quo
3428 1215 3520 1267 itt-

1930 1307 2016 1356 ius
2042 1300 2358 1357 docebatur.
2408 1334 2409 1337 η
3488 1312 3491 1317 ‘

2001 1390 2444 1448 Circumcisioncm
2468 1392 2730 1449 observare
2756 1394 2984 1448 noxium.
3012 1424 3084 1435 -—
3109 1393 3212 1450 Sed
3240 1396 3380 1451 dicet
3408 1395 3523 1451 for-

1930 1492 2072 1540 tasse
2107 1484 2371 1555 quispiam
2404 1502 2418 1538 :
2458 1484 2674 1555 Ergone
2718 1492 2921 1542 tantum
2963 1485 3386 1541 circumcisionis
3432 1496 3519 1542 est

1926 1576 2179 1629 damnum
2201 1615 2217 1639 ,
2253 1582 2308 1629 ut
2338 1584 2500 1631 totam
2529 1575 2730 1632 Christi
2773 1575 3227 1646 dispensationem
3273 1578 3512 1634 inutilem

1931 1666 2155 1722 reddat?
2183 1666 2275 1722 Sic
2315 1676 2425 1734 est;
2455 1675 2659 1723 tantum
2696 1675 2783 1723 est
2808 1668 3062 1724 damnum
3093 1670 3515 1726 circumcisionis

1930 1773 2036 1813 non
2064 1758 2135 1813 ob
2160 1759 2430 1829 propriam
2452 1768 2718 1828 naturam,
2742 1759 2836 1815 sed
2858 1760 2929 1816 ob
2953 1760 3365 1830 improbitatem.
3395 1759 3520 1816 Fuit

1929 1853 2055 1909 olim
2084 1862 2315 1922 tempus,
2342 1867 2462 1908 cum
2505 1854 2649 1909 utilis
2693 1860 2749 1909 et
2778 1855 3078 1910 necessaria
3108 1854 3192 1909 lex
3221 1862 3374 1909 erat:
3405 1855 3516 1923 jzz-m

1931 1958 2061 1999 vero
2087 1943 2316 1999 cessavit
2344 1951 2399 1999 et
2419 1944 2589 1999 otiosa
2621 1952 2724 1998 cst.
2755 1942 2811 1999 Si
2847 1944 3007 2014 igitur
3046 1944 3424 2013 intempestive
3451 1947 3517 1997 il—

1933 2036 2036 2091 lam
2066 2036 2158 2090 tibi
2184 2036 2458 2100 concilies,
2507 2036 2705 2091 Christi
2733 2037 2931 2092 donum
2959 2037 3143 2092 inutile
3171 2038 3267 2092 tibi
3308 2039 3515 2092 reddet.

1932 2125 2218 2197 Propterea
2248 2127 2494 2183 Christus
2538 2127 2692 2183 vobis
2738 2127 2869 2182 nihil
2918 2128 3191 2198 proderit,
3244 2128 3366 2198 quia
3410 2145 3518 2185 non

1929 2220 2089 2274 vultis
2119 2218 2399 2275 accedere.
2429 2219 2560 2276 Nam
2588 2220 2633 2277 si
2660 2221 2780 2290 quis
2806 2221 2858 2276 in
2886 2219 3150 2276 adulterio
3179 2238 3243 2278 ac
3273 2224 3520 2294 turpissi-

1932 2311 2034 2365 mis
2089 2311 2414 2367 facinoribus
2460 2311 2833 2382 deprehensus
2899 2327 3170 2369 carcerem
3218 2314 3518 2383 habitaret,

1930 2402 2124 2457 deinde
2159 2419 2281 2459 cum
2310 2402 2740 2460 constituendum
2765 2404 2874 2475 jam
2903 2412 3047 2460 esset
3088 2405 3343 2461 adversus
3372 2403 3521 2461 illum

1928 2494 2181 2564 judicium
2202 2536 2217 2562 ,
2246 2504 2301 2551 et
2339 2494 2603 2551 sententia
2631 2495 2990 2552 damnationis
3035 2497 3251 2552 ferenda
3271 2539 3286 2566 ,
3320 2499 3526 2553 veniret

1932 2588 2075 2655 regis
2108 2588 2331 2657 epistola
2353 2630 2367 2655 ,
2412 2603 2532 2659 quae
2559 2596 2781 2644 cunctos
2807 2604 3022 2645 carcere
3048 2590 3294 2646 detentos
3320 2590 3525 2662 absque

1938 2681 2144 2734 ratione
2167 2695 2230 2737 ac
2264 2679 2639 2751 disquisitione
2665 2681 2770 2737 ulla
2801 2680 3122 2747 dimitteret,
3158 2683 3203 2737 is
3228 2682 3319 2753 qui
3360 2682 3559 2759 nollet.

1932 2770 2075 2827 dono
2119 2772 2255 2840 frui,
2289 2773 2383 2828 sed
2422 2772 2680 2843 judicium
2720 2774 2902 2830 subire
2945 2773 3131 2829 mallet
3172 2790 3235 2830 ac
3263 2776 3528 2831 rationem

1934 2865 2197 2934 reddere,.
2209 2866 2641 2937 suppliciumque
2671 2867 2937 2923 sustinere
2966 2867 3340 2935 contenderet,
3367 2868 3528 2924 bene»

1934 2959 2054 3014 flcio
2079 2976 2182 3015 non
2209 2962 2438 3030 amplius
2460 2962 2536 3016 uti
2566 2970 2764 3032 posset.
2793 2962 2929 3017 Cum
2959 2964 3102 3017 enim
3130 2964 3420 3019 obnoxium
3443 2964 3537 3034 ju«

1934 3053 2075 3108 dicio
2100 3068 2165 3107 ac
2190 3053 2473 3108 sententiae
2497 3069 2557 3110 se
2585 3054 2927 3118 reddidisset,
2956 3063 3149 3124 sponte
3176 3058 3408 3126 seipsum
3435 3070 3527 3110 re-

1932 3146 2021 3216 gio
2050 3146 2192 3200 dono
2217 3146 2481 3216 privasset
2508 3164 2520 3200 :
2553 3147 2623 3202 ita
2650 3158 2863 3218 quoque
2888 3146 3087 3203 Judaeis
3115 3149 3312 3203 evenit.
3338 3148 3529 3205 Videte

1937 3250 2203 3307 namque:
2231 3235 2661 3305 tnrpissimormn
2692 3253 2781 3293 rea
2811 3238 3101 3293 facinorum
3129 3240 3372 3296 convicta
3404 3241 3525 3297 fue-

1936 3336 2015 3382 rat
2045 3327 2322 3382 hominum
2353 3328 2602 3383 universa
2650 3339 2875 3384 natura:
2911 3346 3083 3383 omnes
3122 3332 3257 3385 enim
3294 3347 3531 3402 peccave-

1937 3428 2055 3474 runt
2084 3419 2254 3490 (Rom.
2290 3422 2343 3475 5.
2371 3420 2487 3492 25),
2521 3422 2710 3488 lnqnit,
2741 3432 2791 3475 et
2835 3434 3105 3492 tamquam
3133 3439 3354 3479 carcere
3397 3440 3534 3495 prato

1938 3512 2278 3568 varicationis
2308 3512 2593 3568 maledicto
2616 3513 2779 3570 clausi
2808 3523 2960 3569 erant
2986 3532 2998 3567 :
3019 3513 3129 3585 jam
3154 3514 3374 3571 ferenda
3415 3524 3533 3571 erat

1936 3604 2133 3673 judicis
2162 3603 2420 3660 adversus
2463 3604 2578 3659 illos
2625 3604 2886 3661 sententia
2906 3648 2921 3673 ,
2953 3607 3096 3662 venit
3127 3622 3158 3663 e
3199 3610 3344 3665 caelis
3372 3609 3534 3680 Regis

1942 3696 2162 3767 epistola
2186 3739 2200 3761 ,
2248 3697 2355 3751 imo
2389 3710 2519 3751 vero
2549 3696 2658 3751 llex
2706 3696 2820 3766 ipse
2850 3698 3029 3762 venit,
3062 3698 3150 3768 qui
3197 3699 3399 3769 absque
3427 3702 3535 3756 ulla

1943 3786 2354 3860 disquisitione,
2415 3790 2722 3858 nullamque
2776 3790 3036 3845 rationem
3086 3790 3305 3862 exigens
3348 3806 3539 3847 omnes

1947 3883 2149 3952 peccati
2182 3882 2410 3936 vinculis
2436 3882 2701 3936 liberavit.

2016 3972 2073 4024 2.
2103 3972 2301 4027 Omnes
2342 3973 2518 4042 igitttr,
2549 3974 2637 4043 qui
2669 3981 2973 4041 accurrunt,
3016 3973 3159 4027 dono
3186 3975 3454 4038 fruuntur,
3483 3985 3542 4032 et

1947 4062 2114 4133 gratia
2146 4063 2279 4117 salvi
2328 4061 2499 4118 fiunt:
2532 4064 2619 4134 qui
2650 4079 2776 4120 vero
2806 4078 2902 4134 per
2940 4063 3110 4135 legem
3146 4065 3424 4135 justiticari
3452 4069 3542 4121 voo'

1948 4155 2083 4223 lunt,
2117 4156 2277 4211 etiam
2319 4170 2347 4210 a
2378 4157 2546 4226 gratia
2576 4157 2844 4213 excident.
2873 4156 3060 4228 Neque
3084 4158 3228 4213 enim
3260 4159 3408 4229 regia
3434 4157 3541 4214 frui

1947 4250 2231 4307 clementia
2259 4259 2532 4322 poterunt,
2563 4254 2653 4324 qui
2681 4254 2910 4325 propriis
2940 4253 3141 4311 viribus
3169 4256 3393 4311 salutem
3427 4257 3543 4311 adi-

1949 4344 2081 4413 pisci
2113 4344 2469 4413 contendunt,
2498 4354 2553 4401 et
2577 4346 2676 4401 sibi
2705 4346 3049 4403 maledictum
3077 4348 3211 4418 legis
3239 4359 3539 4416 accersent,

1948 4436 2199 4507 quoniam
2243 4452 2308 4492 ex
2339 4439 2592 4507 operibus
2638 4439 2770 4509 legis
2812 4456 2917 4495 non
2962 4441 3343 4512 justiﬁcabitur
3368 4445 3544 4498 omnis

1949 4543 2094 4582 caro.
2128 4527 2329 4583 Idcirco
2356 4528 2518 4595 dicit,
2559 4528 2621 4586 Si
2642 4532 3076 4587 circumcidamiui
3095 4578 3109 4599 ,
3148 4534 3377 4589 Christus
3408 4536 3544 4590 vobis

1951 4619 2082 4674 nihil
2122 4622 2346 4691 proderit
2387 4621 2528 4690 (Gal.
2559 4623 2611 4680 5.
2639 4625 2719 4696 2).
2750 4624 2879 4680 Nam
2907 4628 2996 4696 qui
3039 4642 3102 4682 ex
3132 4628 3265 4699 legis
3293 4629 3546 4699 operibus

1953 4714 2132 4769 salvus
2161 4715 2273 4771 fieri
2303 4716 2597 4782 contendit,
2629 4718 2760 4772 nihil
2790 4718 2949 4774 habet
2973 4735 3256 4776 commune
3285 4737 3405 4775 cum
3431 4735 3546 4792 gra-

1954 4805 2051 4859 tia.
2096 4805 2251 4874 Quod
2294 4808 2467 4877 ipsum
2501 4808 2682 4879 utique
2712 4809 2909 4864 Paulus
2951 4807 3257 4880 significans
3286 4810 3499 4865 dicebat
3532 4829 3546 4863 τ

1957 4895 2021 4951 Si
2043 4896 2232 4964 gratia,
2246 4898 2359 4969 jam
2393 4913 2495 4952 non
2523 4913 2586 4952 ea:
2613 4898 2888 4968 operibus:
2912 4898 3104 4970 alioqui
3125 4900 3291 4970 gratia
3306 4899 3422 4970 jam
3448 4916 3551 4954 non

1955 4998 2029 5041 est
2051 4988 2236 5058 gratia.
2283 4988 2346 5044 Si
2372 4997 2541 5044 autem
2567 5005 2631 5044 ea:
2658 4990 2920 5061 operibus,
2940 4991 3057 5060 jam
3100 5004 3199 5045 non
3225 4998 3300 5044 est
3337 4991 3505 5061 gratia
3532 5006 3551 5045 :

1957 5082 2185 5152 alioquin
2223 5096 2352 5153 opus
2366 5083 2479 5153 jam
2512 5100 2609 5137 non
2633 5093 2706 5137 est
2733 5100 2861 5153 Opus
2895 5083 3069 5153 (Rom.
3104 5083 3191 5138 lt.
3223 5082 3301 5155 6).
3343 5083 3408 5139 Pt
3435 5098 3556 5138 rur-

1959 5190 2084 5240 sus,
2120 5173 2184 5230 Si
2210 5175 2342 5229 enim
2384 5192 2473 5246 per
2496 5177 2653 5246 legem
2682 5176 2915 5247 iustitia,
2967 5192 3085 5246 ergo
3124 5177 3283 5246 gratis
3320 5175 3555 5232 Christus

1960 5275 2188 5321 mortuus
2230 5273 2303 5319 est
2336 5265 2479 5337 (Gal.
2518 5266 2575 5321 2.
2602 5267 2697 5335 Ἦ)
2724 5309 2734 5320 .
2770 5267 2835 5321 Et
2863 5282 3052 5322 rursus
3080 5289 3097 5322 :
3127 5267 3229 5334 Qui
3256 5268 3308 5321 in
3340 5267 3448 5338 lege
3464 5267 3556 5337 ju-

1961 5358 2272 5426 sliﬁcamini,
2302 5374 2335 5410 a
2361 5359 2528 5429 gratia
2557 5358 2816 5413 cecidistis
2841 5358 2983 5428 (Gal.
3017 5360 3069 5414 5.
3099 5360 3174 5430 4).
3203 5360 3553 5415 Mortiﬁcatus

1963 5464 2022 5503 cs
2066 5449 2201 5519 legi,
2233 5459 2474 5508 mortuus
2520 5465 2578 5505 cs
2626 5450 2832 5505 factus:
2866 5467 2970 5506 non
3003 5452 3232 5522 amplius
3271 5452 3372 5507 sub
3406 5451 3555 5522 jugo,

1965 5557 2073 5596 non
2102 5542 2328 5611 amplius
2359 5542 2458 5597 sub
2486 5541 2603 5612 ejus
2632 5543 2953 5599 necessitate
2975 5544 3208 5599 versaris
3232 5560 3245 5597 :
3280 5542 3406 5615 quid
3430 5557 3557 5613 ergo

1963 5631 2160 5687 frustra
2189 5632 2279 5687 tibi
2308 5642 2363 5687 et
2387 5633 2503 5688 sine
2537 5646 2698 5688 causa
2739 5635 3011 5704 negotium
3053 5633 3308 5690 exhibere
3337 5642 3551 5690 conten-

1969 5725 2090 5780 dis?
2122 5727 2184 5780 Δί
2230 5726 2373 5781 enim
2401 5740 2501 5797 qua
2543 5726 2609 5782 de
2638 5741 2798 5784 causa
2830 5742 3026 5784 nomen
3055 5743 3208 5784 suum
3254 5722 3429 5789 posuit
3461 5730 3559 5782 hoc
