3920 6378
406 285 510 338 859

407 395 525 448 loco
557 392 752 449 Paulus
773 433 786 455 ,
827 405 1000 462 neque
1041 388 1357 461 simpliciter
1385 386 1518 442 dixit
1543 403 1557 440 :
1589 399 1716 441 ecce
1744 399 1844 455 ego
1872 382 1993 438 dico

405 484 596 539 vobis?
625 482 896 538 “evocare
927 482 1092 536 voluit
1117 480 1220 535 illis
1251 480 1302 534 in
1333 487 1565 533 mentem
1597 474 1726 530 illud
1757 473 1991 530 studium

395 591 584 641 suum,
609 573 750 644 quod
775 588 898 644 erga
929 571 1260 629 Judaismum
1282 567 1612 625 ostenderat.
1635 565 1768 622 Nam
1796 565 1840 620 si
1867 565 1990 635 qui-

405 671 526 721 dem
557 681 732 722 essem
759 681 826 720 ex
851 664 1119 735 gentibus,
1153 661 1342 731 inquit,
1371 668 1426 715 et
1447 674 1532 714 res
1558 657 1806 714 Iudaicus
1837 657 1990 728 igno-

407 773 603 822 rarem,
636 757 838 813 diceret
863 755 1090 812 fortasse
1119 753 1311 824 aliquis
1331 795 1344 818 ,
1375 751 1518 822 quod
1547 750 1690 805 illius
1720 748 1994 820 religi0nis

406 850 676 921 mysteriis
695 848 931 903 initiatus
953 862 1058 902 non
1084 845 1324 911 fuissem,
1352 859 1416 899 ac
1441 842 1548 898 vim
1569 840 1993 897 circumcisionis

405 942 738 1013 ignorarem,
773 939 971 996 idcirco
1001 953 1088 994 me
1113 938 1181 993 ab
1221 936 1479 992 Ecclesia:
1520 934 1714 990 ritibus
1756 933 1900 988 illam
1929 947 1992 986 ac

402 1030 737 1102 dogmatibus
761 1031 1029 1101 ablegare.
1075 1028 1366 1098 Propterea
1405 1041 1599 1082 nomen
1629 1039 1784 1080 suum
1827 1038 1992 1094 appo-

401 1125 526 1190 suit,
553 1139 614 1180 ea
641 1137 896 1179 revocans
928 1121 1034 1176 illis
1062 1122 1116 1176 in
1147 1119 1486 1184 memoriam,
1527 1133 1648 1188 quae
1673 1117 1806 1188 legis
1830 1129 1991 1172 causa

401 1214 752 1285 praestiterat,
783 1211 934 1284 quasi
976 1211 1216 1266 diceret:
1247 1226 1354 1265 non
1395 1208 1522 1264 odio
1566 1206 1992 1263 circumcisionis

399 1305 540 1363 istud
565 1321 684 1377 ago,
713 1305 810 1361 sed
836 1305 889 1359 in
917 1304 1190 1376 agnitione
1220 1302 1481 1357 veritatis.
1525 1300 1640 1371 Ego
1667 1299 1860 1355 Paulus
1889 1298 1990 1353 hoc

397 1398 540 1465 dico,
573 1397 766 1453 Paulus
792 1398 881 1453 ille
905 1437 922 1465 ,
965 1395 1318 1452 circumcisus
1343 1402 1532 1450 octavo
1559 1393 1666 1460 die,
1710 1400 1767 1448 et
1793 1405 1992 1462 genere

402 1493 636 1547 Israelita
659 1533 674 1557 ,
722 1491 981 1546 llebrteus
1009 1507 1072 1545 ex
1104 1488 1374 1553 Hebraeis,
1403 1486 1471 1542 de
1500 1486 1642 1540 tribu
1673 1484 1950 1555 Benjamin
1971 1524 1986 1550 ,

397 1585 690 1642 secundum
712 1584 884 1655 legem
910 1583 1208 1638 Pharismus
1225 1579 1486 1654 (Philipp.
1509 1581 1562 1635 3.
1587 1579 1667 1648 5),
1691 1577 1986 1633 secundum

396 1677 790 1732 :emulationem
823 1687 1151 1744 persequens
1179 1671 1471 1728 Ecclesiam
1497 1712 1512 1736 ,
1540 1671 1632 1742 qui
1662 1685 1760 1741 per
1800 1668 1989 1724 domos

397 1767 679 1830 intrabam,
709 1776 764 1822 et
791 1765 1066 1821 trahebam
1089 1765 1235 1821 viros
1263 1779 1328 1819 ac
1351 1763 1626 1829 mulieres,
1652 1769 1708 1816 et
1732 1760 1785 1815 in
1815 1767 1989 1815 custo-

395 1861 535 1915 diam
564 1859 835 1914 tradebam
861 1877 874 1915 :
909 1857 1104 1928 quibus
1125 1856 1375 1912 omnibus
1399 1857 1558 1910 etiam
1581 1853 1738 1910 valde
1757 1851 1985 1922 stupidis

398 1950 718 2022 persuadere
749 1964 966 2020 possum
1015 1964 1102 2003 me
1141 1962 1247 2002 non
1277 1945 1403 2002 odio
1437 1946 1650 2016 aliquo,
1693 1943 1778 2000 vel
1805 1958 1985 1998 rerum

393 2042 736 2099 Iudaicarum
802 2040 1173 2110 ignoratione.
1236 2039 1331 2095 sed
1381 2046 1603 2109 propter
1657 2037 1984 2092 eminentem

393 2133 674 2190 scientiam
714 2132 840 2187 Iesu
867 2130 1064 2186 Christi
1097 2130 1266 2200 legem
1297 2129 1434 2182 hanc
1473 2127 1681 2183 tulisse.
1722 2125 1987 2195 Testiﬁcor

391 2235 559 2280 autem
585 2241 794 2290 rursus,
832 2222 1038 2294 inquit,
1084 2222 1222 2277 omni
1248 2221 1440 2276 homini
1479 2218 1854 2274 circumcidenti
1889 2236 1942 2274 se
1965 2260 1980 2286 ,

393 2318 631 2388 quoniam
655 2317 849 2371 debitor
877 2324 950 2370 est
969 2315 1214 2370 universa
1242 2313 1365 2385 legis
1391 2311 1729 2382 adimplenda:
1759 2309 1903 2381 (Gal.
1925 2311 1979 2367 5.

391 2410 472 2482 ὅ).
498 2407 673 2478 Quare
714 2424 820 2463 non
849 2406 1010 2474 dixit,
1055 2405 1313 2462 denuntio
1341 2415 1554 2466 autem,
1603 2402 1687 2458 vel
1735 2401 1984 2473 pra‘cipio

391 2511 592 2568 autem,
623 2510 714 2556 aut
741 2500 862 2556 dico
887 2508 1085 2564 autem,
1116 2498 1212 2554 sed
1250 2495 1571 2553 Testificor?
1599 2494 1667 2551 Ut
1695 2494 1796 2549 hoc
1818 2493 1984 2549 verbo

394 2595 549 2652 nobis
577 2593 814 2650 futurum
837 2591 1099 2664 judicium
1127 2591 1181 2646 in
1206 2589 1522 2646 memoriam
1547 2594 1845 2643 revocaret.
1881 2584 1984 2640 Ubi

388 2687 534 2744 enim
565 2695 728 2742 testes
757 2692 918 2752 sunt,
964 2682 1034 2738 ibi
1058 2681 1317 2754 judicium
1361 2689 1417 2736 et
1440 2676 1728 2736 sententia.
1762 2676 1984 2732 Audito-

389 2795 507 2837 rem
544 2790 674 2850 ergo
701 2785 868 2833 terret
897 2775 1028 2846 regii
1073 2774 1214 2829 illius
1255 2772 1434 2828 throni
1474 2771 1789 2826 memoriam
1835 2766 1984 2824 refri-

389 2887 522 2930 cans
541 2915 555 2939 ,
585 2881 641 2928 et
685 2870 926 2926 indicans
965 2869 1062 2922 hos
1086 2879 1366 2922 sermones
1391 2864 1465 2919 illi
1508 2869 1675 2918 testes
1703 2861 1755 2916 in
1779 2861 1868 2916 illa
1894 2859 1983 2916 die

387 2967 622 3033 futuros,
653 2978 775 3019 cum
807 2959 1172 3032 unusquisque
1212 2973 1392 3013 rerum
1438 2972 1466 3010 a
1499 2970 1558 3012 se
1585 2963 1856 3025 gestarum
1879 2995 1893 3017 ,
1927 2962 1982 3008 et

387 3075 574 3116 eorum
615 3073 734 3130 quae
763 3055 925 3120 dixit,
957 3064 1010 3110 et
1051 3069 1172 3125 qua:
1212 3051 1448 3115 audivit,
1481 3047 1743 3103 rationem
1771 3046 1977 3102 reddet.

387 3153 515 3209 Ilaic
541 3150 829 3206 audiebant
852 3159 962 3203 tum
990 3145 1213 3211 Galatia,
1244 3143 1464 3200 audiant
1490 3156 1622 3197 vero
1649 3155 1792 3196 nunc
1819 3139 1978 3195 etiam

385 3247 472 3317 qui
498 3245 806 3302 Galatarum
839 3241 1028 3297 morbo
1058 3238 1322 3304 laborant,
1354 3236 1455 3292 etsi
1487 3250 1594 3290 non
1624 3233 1851 3296 adsunt;
1885 3247 1981 3286 ve-

386 3345 684 3394 rumtamen
703 3350 797 3407 per
815 3349 908 3388 vos
923 3331 1141 3388 audiant
1159 3328 1380 3385 Paulum
1395 3329 1714 3384 clamantem
1731 3339 1794 3380 ac
1807 3323 1983 3379 dicen-

387 3441 492 3486 tem
519 3428 679 3499 (Ibid.
735 3429 775 3499 ).
794 3425 1058 3494 Tcstiﬁcor
1073 3421 1396 3477 autemomni
1414 3416 1980 3476 hominicircumciden-

385 3523 424 3575 ti
461 3537 536 3587 se,
580 3519 819 3590 quoniam
868 3515 1063 3570 debitor
1098 3522 1169 3567 est
1190 3527 1440 3566 universa:
1467 3508 1591 3580 legis
1620 3506 1979 3578 adimplenda.

458 3609 786 3667 Circumcisio
813 3618 971 3662 totum
988 3607 1176 3678 jngum
1198 3605 1322 3675 legis
1350 3603 1586 3672 imponit.
1605 3631 1675 3641 -—
1694 3599 1812 3655 Noli
1839 3599 1980 3654 enim

385 3703 519 3759 mihi
545 3702 726 3758 dicere
756 3713 920 3755 unum
970 3695 1277 3751 mandatum
1309 3708 1427 3748 esse
1471 3692 1932 3748 circumcisionem
1965 3707 1978 3743 :

387 3810 550 3849 unum
585 3791 712 3849 illud
756 3788 1066 3845 mandatum
1112 3794 1278 3839 totum
1310 3784 1400 3838 tibi
1424 3785 1606 3854 jugum
1652 3782 1780 3853 legis
1809 3781 1983 3851 impo-

385 3886 484 3941 nit.
509 3884 643 3939 Cum
686 3881 828 3938 enim
861 3895 956 3950 per
983 3893 1142 3934 unam
1170 3887 1371 3947 partem
1413 3876 1513 3930 sub
1555 3875 1808 3929 ditionem
1854 3873 1984 3944 legis

387 3987 440 4033 te
467 3974 738 4046 sulijugas,
770 3985 991 4026 necesse
1029 3978 1113 4026 est
1137 3978 1197 4024 ut
1234 3969 1286 4022 in
1314 3967 1534 4037 reliquis
1563 3965 1842 4035 imperanti
1869 3980 1982 4019 mo-

387 4083 501 4125 rem
529 4079 726 4138 geras:
755 4063 898 4135 quod
945 4062 990 4117 si
1037 4077 1144 4117 non
1187 4059 1505 4129 adimpleas,
1547 4057 1703 4128 plane
1733 4071 1982 4112 necessa-

386 4162 527 4218 rium
555 4169 656 4225 est,
687 4165 744 4213 ut
769 4155 1004 4227 puuiaris
1032 4163 1086 4210 et
1117 4151 1459 4208 maledictum
1490 4150 1582 4205 tibi
1613 4163 1880 4205 accersas.
1915 4148 1984 4204 Et

385 4251 832 4326 quemadmodum
855 4264 976 4306 cum
1003 4249 1055 4303 in
1085 4247 1328 4318 laqueum
1354 4259 1541 4315 passer
1569 4242 1770 4308 incidit,
1799 4258 1985 4311 quam-

392 4345 467 4401 vis
491 4344 607 4400 solo
635 4341 768 4414 pede
809 4347 1076 4404 teneatur,
1110 4345 1276 4392 totum
1306 4335 1568 4406 reliquum
1599 4348 1794 4405 corpus
1822 4334 1985 4389 inter-

387 4446 599 4506 ceptum
625 4442 748 4488 est:
780 4432 850 4485 ita
891 4431 980 4500 qui
1029 4444 1191 4483 unum
1237 4426 1544 4481 mandatum
1585 4425 1714 4496 legis
1758 4424 1943 4496 implet
1967 4465 1982 4489 ,

388 4526 502 4581 sive
547 4521 1013 4580 circumcisionem
1039 4520 1153 4574 sive
1189 4518 1474 4589 jejunium,
1519 4525 1681 4573 totam
1711 4531 1861 4572 suam
1890 4532 1989 4587 po-

390 4626 634 4673 testatem
672 4630 768 4686 per
807 4614 910 4670 hoc
953 4628 1116 4668 unum
1164 4613 1216 4666 in
1268 4612 1439 4682 legem
1481 4610 1781 4674 transtulit,
1813 4624 1986 4680 neque

389 4713 571 4782 lugere
603 4708 829 4780 poterit,
857 4706 1109 4779 quamdiu
1158 4705 1230 4759 illi
1261 4705 1448 4760 saltem
1475 4718 1540 4758 ex
1573 4710 1723 4773 parte
1752 4701 1986 4757 voluerit

391 4803 634 4860 obedire.
665 4801 790 4856 Haec
817 4815 846 4854 a
878 4798 1031 4854 nobis
1055 4797 1326 4862 dicuntur,
1355 4811 1460 4850 non
1490 4805 1547 4849 ut
1573 4795 1742 4864 legem
1766 4808 1986 4850 accuse-

388 4910 525 4960 mus,
554 4894 715 4958 absit,
755 4891 849 4948 sed
873 4889 1016 4962 quod
1043 4888 1373 4944 abundantes
1410 4887 1595 4956 gratia:
1623 4884 1821 4941 Christi
1847 4883 1985 4940 divi-

392 4992 494 5046 tias
522 4987 808 5044 ostendere
835 4985 1082 5040 velimus.
1127 4980 1243 5037 Non
1289 4980 1432 5034 enim
1475 4977 1692 5034 Christo
1720 4977 1986 5034 contraria

390 5084 482 5138 lex
531 5089 614 5136 est
645 5097 658 5133 :
691 5078 780 5149 qui
809 5076 954 5132 enim
985 5082 1149 5137 esset,
1178 5086 1298 5126 cum
1329 5070 1397 5124 ab
1437 5069 1553 5138 ipso
1581 5068 1651 5123 sit
1691 5068 1834 5136 data,
1863 5083 1985 5123 eum

387 5172 454 5227 ad
487 5173 659 5242 ipsum
687 5168 840 5240 quasi
870 5166 1189 5238 paedagogus
1218 5177 1317 5218 nos
1341 5161 1542 5217 ducat?
1570 5160 1665 5217 sed
1691 5160 1762 5216 ob
1791 5161 1986 5216 intem-

391 5265 650 5336 pestivam
675 5279 860 5320 eorum
893 5261 1312 5325 contentionem,
1339 5259 1430 5330 qui
1457 5272 1518 5313 ea
1550 5273 1655 5312 non
1688 5264 1747 5310 ut
1774 5262 1987 5326 oportet

394 5363 639 5422 utuntur,
686 5354 802 5410 haec
839 5353 1018 5406 omnia
1056 5351 1237 5407 dicere
1281 5350 1543 5420 cogimur.
1589 5347 1667 5404 Illi
1693 5345 1836 5402 enim
1866 5355 1990 5400 sunt

395 5445 486 5515 qui
512 5443 684 5515 legem
713 5443 953 5502 afficiunt
975 5441 1318 5507 contumelia,
1347 5440 1435 5512 qui
1463 5437 1712 5495 nimirum
1732 5437 1895 5492 semel
1920 5437 1990 5493 ab

401 5549 467 5588 eo
510 5534 807 5589 desciscere
842 5533 1053 5604 jubent,
1098 5540 1153 5588 et
1193 5531 1260 5588 ad
1289 5529 1559 5586 Christum
1605 5527 1878 5594 accedere,
1927 5541 1991 5582 ac

399 5636 583 5677 rursus
632 5623 705 5679 illi
755 5623 1048 5680 adhaerent.
1105 5621 1543 5692 Quandoquidem
1593 5619 1880 5691 plurimum
1923 5619 1993 5674 de

395 5721 585 5770 natura
618 5725 793 5771 nostra
819 5718 955 5774 bene
988 5715 1230 5771 meritam
1255 5729 1372 5772 esse
1399 5715 1568 5786 legem
1611 5713 1868 5772 confiteor
1893 5726 1993 5785 ego

1152 271 1210 330 S.
1252 268 1532 330 JOANNIS
1567 265 2041 327 CHRYSOSTOIII
2081 267 2400 324 ARCHIEP.
2445 265 2983 326 CONSTANTINOP.

3579 255 3680 313 860

2102 399 2333 456 quoque,
2367 399 2465 442 nec
2516 401 2766 457 umquam
2798 387 3105 458 negaverim
3139 405 3153 443 :
3184 388 3279 449 sed
3303 397 3360 446 tu
3383 389 3479 462 qui
3499 403 3694 462 praeter

2099 479 2392 550 legitimum
2441 489 2650 550 tempus
2695 481 2770 537 illi
2811 481 3076 550 adhaeres,
3126 496 3232 538 non
3277 482 3447 551 sinis,
3493 494 3550 538 ut
3578 485 3694 553 eius

2100 569 2343 626 utilitatis
2392 570 2700 642 magnitudo
2740 579 3016 644 appareat.
3063 571 3195 628 Nam
3243 573 3692 645 quemadmodum

2099 675 2163 715 ea
2191 661 2328 718 solet
2353 676 2474 718 esse
2515 662 2789 735 pmdagogi
2837 663 2952 719 laus
2994 662 3248 732 maxima,
3277 663 3322 719 si
3353 663 3559 734 invenis
3604 665 3695 721 ille

2098 766 2256 819 quem
2306 752 2619 824 paedagogus
2660 753 2797 809 rexit
2840 753 3147 824 aliquando,
3191 753 3259 809 ad
3288 755 3696 826 temperantiam

2099 844 2214 915 ejus
2239 845 2482 901 custodia
2509 861 2615 902 non
2643 847 2873 917 amplius
2891 855 3066 918 egeat,
3092 846 3234 915 quod
3258 847 3488 918 majores
3510 845 3697 904 fecerit

2100 937 2152 993 in
2182 939 2375 994 virtute
2399 954 2715 1011 progressus
2749 964 2762 995 :
2796 941 2866 996 ita
2892 955 3104 1012 quoque
3136 941 3270 1012 legis
3296 955 3356 997 ea
3389 940 3506 996 laus
3536 939 3698 996 fuerit

2097 1030 2346 1096 maxima,
2375 1029 2420 1084 si
2447 1045 2546 1086 nos
2569 1031 2684 1099 ejus
2707 1030 2948 1086 subsidio
2969 1046 3074 1086 non
3091 1031 3318 1102 amplius
3331 1045 3602 1101 egeamus.
3636 1030 3697 1086 Id

2097 1120 2238 1174 enim
2291 1121 2444 1176 nobis
2488 1119 2751 1176 beneficio
2796 1120 2928 1191 legis
2975 1120 3183 1192 obtigit,
3231 1131 3288 1176 ut
3324 1121 3390 1176 ad
3434 1121 3694 1191 majorem

2095 1211 2488 1280 suscipiendam
2540 1211 2928 1282 philosophiam
2973 1212 3146 1281 aptior
3185 1213 3362 1271 anima
3403 1220 3584 1268 nostra
3623 1213 3698 1268 sit

2095 1301 2322 1356 reddita.
2353 1300 2534 1372 Itaque
2559 1302 2605 1357 is
2632 1303 2722 1372 qui
2749 1301 2925 1358 adhuc
2952 1303 3026 1358 illi
3052 1303 3289 1370 assidet,
3318 1318 3493 1375 neque
3519 1313 3698 1375 potest

2094 1392 2220 1463 quid
2252 1393 2423 1463 majus
2450 1409 2609 1464 quam
2639 1409 2759 1465 quae
2802 1395 3000 1464 scripta
3038 1404 3164 1450 sunt
3201 1394 3414 1461 intueri,
3446 1410 3550 1450 non
3579 1411 3696 1452 ma-

2091 1499 2255 1554 gnum
2284 1499 2356 1540 ex
2383 1499 2446 1538 ea
2472 1492 2734 1554 quaestum
2764 1483 2910 1540 fecit.
2939 1486 3007 1540 At
3033 1501 3134 1556 ego
3160 1486 3244 1540 illa
3266 1485 3541 1553 derelicta,
3572 1502 3689 1543 me-

2093 1589 2198 1644 que
2225 1574 2289 1628 ad
2335 1574 2645 1631 sublimiora
2674 1574 2871 1631 Christi
2901 1575 3135 1632 eveheus
3159 1577 3429 1648 dogmata,
3463 1579 3695 1634 maxime

2094 1665 2234 1720 illam
2265 1680 2459 1723 ornare
2491 1681 2729 1738 possum,
2757 1668 2896 1738 quod
2924 1685 3010 1726 me
3033 1669 3194 1726 talem
3221 1670 3480 1736 etl'ecerit,
3508 1680 3566 1726 ut
3594 1687 3693 1742 po-

2093 1757 2283 1814 tuerim
2327 1774 2513 1814 eorum
2544 1775 2664 1830 qua:
2710 1760 2908 1830 scripta
2957 1761 3012 1815 in
3056 1776 3118 1816 ea
3157 1770 3312 1828 sunt,
3344 1761 3692 1832 exiguitatem

2090 1865 2490 1923 supergressus,
2516 1853 2583 1907 ad
2623 1853 2883 1909 doctrina:
2932 1853 3313 1910 sublimitatem
3356 1855 3646 1912 ascendere
3672 1899 3691 1924 ,

2089 1959 2207 2016 qua:
2233 1945 2431 1999 Christi
2461 1944 2721 2002 beneﬁcio
2749 1946 2903 2002 nobis
2927 1945 3135 2017 obtigit.

2162 2037 2270 2093 Lex
2299 2038 2585 2094 hominibus
2623 2049 2869 2112 quantum
2908 2041 3174 2111 profuerit.
3201 2071 3273 2081 —
3296 2041 3518 2097 Multum
3565 2057 3694 2113 pro-

2090 2130 2190 2186 fuit
2218 2131 2306 2186 lex
2351 2139 2555 2186 naturae
2585 2141 2805 2199 nostra,
2833 2132 2927 2189 sed
2954 2131 3000 2188 si
3044 2133 3255 2189 sincere
3283 2147 3384 2189 nos
3418 2133 3488 2190 ad
3537 2135 3694 2190 Chri-

2088 2229 2228 2276 stum
2277 2222 2579 2279 dcduxerit.
2621 2224 2832 2294 Alioqui
2879 2224 2934 2279 ni
2978 2223 3031 2280 id
3081 2225 3210 2291 Iiat,
3245 2227 3406 2281 etiam
3434 2225 3690 2281 damnum

2089 2311 2284 2377 intulit,
2334 2313 2730 2384 majoribusque
2779 2329 2876 2369 nos
2925 2315 3210 2382 fraudavit,
3240 2315 3366 2370 dum
3415 2316 3690 2371 adnarrere

2091 2404 2390 2460 minoribus
2416 2403 2564 2470 fecit,
2592 2413 2650 2460 et
2678 2420 2774 2460 nos
2801 2405 2853 2460 in
2880 2405 3176 2463 innumeris
3206 2408 3688 2478 lransgressionum

2089 2495 2397 2550 vulneribus
2438 2495 2613 2551 adhuc
2641 2496 2888 2554 detinuit.
2920 2497 3053 2553 Nam
3093 2501 3138 2554 si
3181 2515 3303 2554 cum
3347 2500 3454 2555 duo
3493 2499 3688 2556 medici

2087 2597 2286 2653 essent,
2316 2603 2454 2644 unus
2486 2589 2770 2657 inllrminr,
2802 2591 2940 2646 alter
2965 2591 3215 2659 validior,
3241 2600 3295 2648 et
3320 2606 3456 2648 unus
3477 2592 3690 2646 adhibi-

2093 2680 2161 2736 tis
2181 2679 2449 2737 ulceribus
2472 2682 2586 2737 suis
2609 2681 2862 2739 remediis
2891 2699 2996 2740 non
3024 2685 3257 2755 potuerit
3284 2693 3543 2756 πει-οων
3584 2684 3687 2740 do-

2089 2771 2205 2827 lore
2227 2786 2294 2828 ex
2323 2771 2426 2828 illis
2458 2781 2577 2828 orto
2607 2773 2928 2831 liberare....
2955 2777 2971 2808 ⁸

2157 2862 2211 2918 3.
2384 2864 2554 2932 frater
2621 2875 2776 2932 tuus,
2833 2865 3060 2934 relinque
3129 2883 3315 2923 manus
3378 2877 3522 2923 tuum
3572 2880 3692 2926 ante

2086 2955 2250 3010 altare
2297 2962 2350 3008 et
2403 2955 2550 3022 vade,
2598 2957 2740 3026 prius
2795 2958 3126 3013 reconciliare
3173 2959 3324 3030 fratri
3351 2969 3461 3027 tuo,
3487 2970 3536 3014 et
3571 2970 3689 3016 tunc

2085 3047 2286 3102 veniens
2323 3045 2452 3114 offer
2490 3063 2674 3102 munus
2718 3057 2859 3102 tuum
2906 3047 3124 3121 (Matth.
3171 3051 3226 3106 5.
3274 3050 3367 3109 25.
3407 3052 3521 3123 24).
3572 3052 3684 3108 Non

2085 3136 2255 3202 dixit,
2309 3138 2496 3194 omitte
2542 3137 2860 3193 sacriﬁcium
2885 3180 2900 3206 ,
2947 3154 3012 3194 ac
3065 3139 3262 3197 deinde
3303 3141 3562 3198 discede:
3592 3145 3686 3200 sed

2086 3227 2458 3300 imperfectum
2499 3243 2720 3286 manere
2769 3231 3054 3300 permitte,
3103 3241 3160 3287 et
3205 3233 3391 3290 abiens
3443 3238 3686 3292 reconci-

2086 3317 2218 3374 liare
2247 3318 2399 3374 fratri
2441 3328 2551 3375 tuo.
2590 3319 2776 3392 Neque
2801 3329 3007 3376 tantum
3037 3321 3140 3379 hoc
3166 3323 3284 3379 loco
3325 3323 3376 3379 id
3401 3324 3544 3394 fecit,
3595 3329 3687 3384 sed

2085 3421 2140 3466 et
2162 3411 2287 3468 alibi
2315 3428 2522 3468 rursus.
2551 3411 2687 3469 Nam
2712 3413 2759 3470 si
2787 3414 2906 3484 quis
2932 3414 3198 3472 infidelem
3228 3417 3417 3473 habeat
3442 3434 3685 3486 uxorem,

2087 3502 2190 3558 hoc
2233 3512 2334 3569 est,
2381 3504 2655 3576 gentilem,
2683 3504 2881 3577 ejicere
2927 3506 3072 3560 illam
3121 3507 3339 3564 minime
3366 3511 3590 3577 cogitur.
3636 3515 3695 3571 Si

2083 3599 2194 3670 quis
2218 3598 2372 3664 enim,
2395 3598 2583 3670 inquit,
2613 3614 2823 3654 uxorem
2860 3598 3004 3652 habet
3047 3599 3324 3670 inﬁdelem,
3355 3613 3401 3657 et
3426 3603 3532 3657 hare
3553 3620 3677 3658 eon-

2085 3691 2233 3746 sentit
2257 3691 2482 3745 habitare
2505 3707 2621 3746 eum
2658 3689 2772 3758 illo,
2801 3706 2902 3745 non
2932 3691 3152 3745 dimittat
3189 3692 3334 3748 illam
3360 3694 3434 3765 (i.
3480 3695 3598 3750 Cor.
3632 3697 3686 3751 7.

2088 3779 2178 3856 12)
2204 3802 2218 3847 ;
2250 3784 2295 3838 si
2326 3799 2454 3840 vero
2483 3785 2820 3840 meretricem
2841 3792 2896 3838 et
2915 3783 3232 3850 adulteram,
3255 3784 3447 3856 ejicere
3469 3789 3690 3844 minime

2086 3874 2420 3946 prohibetur.
2474 3874 2713 3946 Quisqu’s
2755 3875 2923 3940 enim,
2970 3875 3162 3946 inquit,
3194 3876 3439 3932 dimiserit
3479 3897 3690 3936 uxorem

2087 3986 2233 4024 suam
2281 3977 2491 4040 excepta
2525 3969 2878 4040 fornicationis
2909 3985 3066 4026 causa
3086 4010 3101 4035 ,
3132 3972 3258 4040 facit
3289 3988 3398 4028 eam
3449 3973 3691 4027 machari

2089 4060 2303 4130 (Matth.
2325 4061 2380 4116 5.
2425 4061 2542 4131 52).
2587 4060 2770 4134 Itaque
2819 4061 3187 4122 fornicationis
3225 4064 3296 4122 ob
3321 4079 3534 4119 causam
3565 4064 3691 4119 licet

2088 4152 2376 4209 dimittere.
2411 4152 2572 4208 Vides
2609 4154 2989 4226 benignitatem
3023 4156 3121 4213 Dei
3146 4173 3210 4212 ac
3249 4155 3686 4212 sollicitudinem.

2089 4245 2145 4300 Si
2175 4247 2392 4317 gentilis
2417 4247 2504 4311 sit,
2532 4246 2724 4316 inquit,
2752 4262 2906 4315 uxor,
2934 4264 3004 4304 ne
3030 4249 3215 4320 ejicias
3247 4267 3260 4304 :
3291 4250 3371 4304 sin
3413 4249 3686 4312 meretrix,

2090 4337 2140 4394 id
2171 4336 2346 4394 facere
2375 4355 2480 4392 non
2512 4337 2790 4408 prohibeo.
2821 4339 2878 4395 Si
2911 4340 2962 4396 in
3006 4357 3114 4408 me,
3150 4341 3338 4410 inquit,
3385 4341 3545 4411 impia
3572 4339 3688 4395 fue-

2091 4429 2179 4496 rit,
2206 4445 2274 4485 ne
2295 4430 2477 4500 ejicias
2509 4447 2523 4484 :
2550 4432 2596 4485 si
2631 4441 2682 4488 te
2723 4433 2916 4503 injuria
2950 4433 3205 4500 atl'ecerit,
3237 4449 3396 4490 nemo
3421 4434 3688 4503 prohibet,

2088 4537 2196 4593 quo
2222 4523 2396 4578 minus
2422 4524 2625 4594 ejicias.
2672 4524 2885 4597 Ergone
2915 4527 3056 4582 Deus
3097 4536 3302 4583 tantum
3332 4527 3487 4582 nobis
3516 4527 3690 4582 hono-

2089 4630 2204 4671 rem
2251 4616 2462 4682 detulit,
2494 4627 2548 4674 et
2575 4633 2675 4674 nos
2700 4618 2847 4672 illum
2879 4621 2992 4689 pari
3024 4620 3171 4675 cultu
3199 4635 3302 4676 non
3333 4619 3687 4688 dignabimur,

2089 4707 2184 4763 sed
2210 4723 2238 4762 a
2285 4709 2482 4764 nostris
2527 4725 2648 4764 eum
2691 4710 2945 4765 uxoribus
2986 4709 3127 4766 affici
3177 4708 3499 4765 contumelia
3548 4710 3688 4765 sine—

2092 4815 2212 4854 mus
2267 4819 2278 4852 :
2340 4800 2499 4871 idque
2549 4816 2670 4856 cum
2729 4802 3020 4856 maximum
3079 4813 3322 4872 paratum
3372 4801 3688 4870 supplicium

2091 4890 2416 4952 noverimus,
2450 4890 2493 4943 si
2543 4890 2767 4946 salutem
2812 4907 3036 4945 uxorum
3085 4891 3518 4961 neglexerimns?
3557 4892 3688 4947 Pro-

2091 4993 2272 5054 pterea
2321 4999 2552 5052 namque
2601 4983 2836 5037 mulieris
2882 4992 2934 5038 te
2978 4995 3138 5054 caput
3185 4984 3351 5050 fecit,
3410 4996 3688 5054 propterea

2093 5078 2348 5149 praecepit
2374 5088 2429 5132 et
2471 5079 2666 5133 Paulus
2695 5096 2708 5131 :
2735 5079 2798 5133 Si
2831 5079 2954 5148 quid
2974 5079 3148 5133 volunt
3187 5078 3378 5132 discere
3415 5079 3681 5143 nauticus,

2092 5171 2230 5225 domi
2265 5171 2398 5224 uiros
2437 5187 2556 5224 suos
2583 5171 2890 5240 interrogent
2918 5171 2994 5239 (I.
3027 5169 3148 5226 Cor.
3176 5171 3262 5225 III.
3297 5171 3392 5236 35)
3423 5188 3436 5223 :
3467 5181 3524 5224 nt
3551 5181 3686 5225 tam-

2090 5277 2250 5332 quam
2282 5261 2553 5332 magister,
2583 5269 2639 5316 et
2661 5274 2898 5326 curator,
2927 5277 2990 5316 ac
3032 5263 3313 5330 pra-fectus
3339 5261 3406 5315 ad
3440 5262 3686 5330 pietatem

2093 5347 2260 5421 ipsam
2306 5351 2514 5406 inciles.
2567 5350 2676 5405 Vos
2721 5365 2898 5405 autem
2943 5351 3069 5405 dum
3103 5360 3312 5420 tempus
3358 5352 3599 5407 collecta:
3623 5351 3688 5406 ad

2094 5442 2387 5497 Ecclesiam
2435 5443 2638 5506 invitat,
2686 5444 2997 5514 pigritantes
3037 5459 3142 5497 non
3184 5443 3687 5500 excitatiszateunt

2095 5533 2340 5589 diabolus
2358 5533 2423 5588 ad
2452 5534 2607 5589 tubas
2633 5534 2748 5588 illas
2776 5535 2978 5598 invitat,
3011 5545 3255 5605 prompte
3283 5536 3561 5590 audientes
3583 5549 3686 5588 non

2094 5623 2366 5688 dctinetis,
2414 5624 2508 5679 sed
2539 5624 2824 5694 impietatis
2868 5625 3178 5683 criminibus
3221 5625 3396 5682 sinitis
3421 5623 3668 5694 obligari,

2162 5721 2178 5752 ⁸
2207 5725 2385 5770 Desunt
2400 5715 2637 5782 quaedam.
