3920 6356
63 298 152 354 861

52 417 211 498 ἓιιίιηιξ
250 403 316 459 ad
362 405 818 474 intemperantiam
847 410 1098 479 pertrahi.
1148 411 1416 482 Siquidem
1457 426 1624 465 merc-

63 498 212 549 trices
236 509 299 548 ac
347 494 554 560 molles,
585 506 640 550 et
668 507 808 552 totus
835 503 1125 554 oreturstra:
1150 501 1346 556 chorus
1385 502 1510 555 illuc
1535 516 1627 555 so-

66 586 133 637 liti
157 592 278 637 sunt
301 598 645 640 concurrere.

126 673 319 727 Anima:
341 672 644 729 “deorum
685 684 733 730 et
771 676 1058 749 Synagoga:
1096 696 1129 732 a
1156 681 1461 738 direptionibus
1486 702 1634 738 occu-

69 776 261 834 pantur.
285 793 360 806 -
390 764 495 821 Sed
522 767 646 836 quid
676 782 775 839 ego
820 769 1213 841 fornicationes,
1242 790 1360 843 qute
1404 775 1510 829 illic
1538 776 1602 831 ad
1616 753 1642 820 α’

69 857 334 910 mittuntur
384 858 788 913 commemoro?
838 860 950 913 Non
1009 862 1182 927 times,
1215 879 1282 919 ne
1318 880 1348 918 a
1393 865 1637 920 dicmone

71 955 300 1019 correpta
341 965 475 1003 uxor
501 949 644 1005 illinc
673 955 1001 1008 revertatur?
1028 954 1142 1009 Non
1167 955 1376 1023 audisti,
1404 957 1454 1010 in
1478 958 1637 1027 priori

74 1045 281 1093 tractatu
328 1055 490 1109 quam
538 1042 678 1097 clare
726 1041 883 1097 fuerit
931 1046 1171 1100 oratione
1222 1046 1640 1102 demonstratum

76 1129 205 1197 ipsas
244 1130 453 1185 animas
493 1129 796 1186 Judteorum
847 1144 901 1187 ct
944 1134 1059 1190 loca
1108 1136 1158 1189 in
1208 1136 1398 1206 quibus
1419 1151 1643 1206 congre-

78 1229 255 1289 gantur
295 1236 329 1275 a
391 1220 725 1279 dtemooihus
789 1225 1054 1280 habitari?
1105 1227 1383 1294 Quomodo
1443 1229 1642 1297 igitur,

80 1325 262 1379 nemo.
306 1311 497 1378 audes,
526 1314 736 1384 agitatis
778 1331 899 1371 eum
944 1317 1273 1372 darmonibns
1313 1318 1549 1386 choreis,
1581 1319 1643 1372 ad

80 1402 427 1471 apostolorum
457 1415 653 1461 costum
685 1407 903 1463 redire?
928 1409 1027 1477 Qui
1061 1410 1172 1465 fieri
1202 1419 1377 1481 potest
1400 1421 1476 1477 ut,
1526 1428 1646 1467 cum

82 1493 292 1559 abieris,
339 1503 397 1551 et
446 1511 569 1551 cum
615 1497 718 1553 illis
772 1502 1275 1567 communicaveris,
1318 1503 1408 1574 qui
1455 1503 1647 1558 Christi

84 1585 377 1655 sanguinem
405 1587 724 1656 effuderunt,
776 1607 881 1646 non
911 1591 1128 1647 horreas
1168 1594 1371 1661 venire,
1403 1603 1457 1649 ct
1485 1610 1651 1649 sacra:

86 1691 265 1731 mense
286 1681 708 1748 communicare,
757 1697 820 1739 ac
848 1684 1063 1753 pretiosi
1091 1687 1361 1757 sanguinis
1389 1688 1651 1756 particeps

88 1765 227 1821 ﬁeri?
251 1768 365 1824 Non
398 1769 605 1836 horres.
646 1788 752 1829 non
784 1776 959 1841 times,
992 1791 1111 1830 cum
1140 1779 1261 1832 talia
1302 1779 1502 1834 scelera
1532 1795 1654 1849 per-

89 1860 287 1927 petrcs?
312 1859 433 1915 Non
463 1878 699 1920 mensam
725 1866 892 1935 ipsam
918 1876 1179 1924 reverens
1197 1875 1222 1924 γ
1251 1869 1342 1924 llis
1361 1883 1462 1942 ego
1482 1871 1655 1926 verbis

90 1963 173 2003 vos
198 1950 504 2021 altoquuws
550 1971 689 2023 sum,
721 1956 805 2012 his
833 1974 928 2014 vos
958 1959 1075 2014 illos
1099 1970 1151 2015 et
1183 1961 1254 2015 illi
1298 1977 1421 2016 suas
1464 1975 1656 2015 uxores

91 2038 413 2110 alloquentur
446 2062 461 2098 :
490 2043 771 2115 ﬁdiﬁrate
813 2048 940 2104 alter
988 2050 1201 2104 alterum
1252 2053 1330 2121 (l.
1378 2050 1551 2106 Thess.
1600 2051 1654 2106 5.

93 2128 189 2197 Η).
219 2132 294 2185 Ac
318 2132 367 2185 si
392 2133 606 2203 quidem
647 2136 718 2192 sit
740 2138 1156 2194 catechumenos
1186 2142 1249 2206 is,
1280 2140 1369 2211 qui
1399 2140 1657 2209 ejusmodi

91 2220 258 2277 morbo
284 2221 518 2288 laborat,
550 2241 579 2279 a
611 2228 868 2284 vestibulo
893 2230 1072 2300 templi
1108 2241 1353 2285 arceatur
1381 2248 1397 2286 :
1426 2233 1506 2285 sin
1534 2229 1660 2286 lide-

93 2309 146 2362 lis
167 2326 225 2366 ac
265 2315 544 2384 mysteriis
587 2316 841 2383 initiatos,
868 2334 898 2373 a
935 2334 1086 2377 sacra
1127 2336 1309 2376 mensa
1354 2320 1656 2390 repellatur.

93 2400 253 2473 Neque
277 2405 427 2459 enim
453 2406 824 2465 exhortatione
862 2425 928 2466 ac
951 2411 1176 2466 consilio
1214 2411 1449 2482 indigent
1472 2420 1661 2466 cuncta

97 2504 308 2562 peccata,
358 2497 453 2552 sed
496 2509 620 2554 sunt
645 2516 763 2570 qute
812 2501 956 2556 brevi
985 2511 1037 2556 et
1065 2502 1341 2557 celerrima
1381 2500 1553 2557 solent
1579 2516 1668 2556 se-

96 2585 252 2639 ctione
278 2589 482 2642 curari.
514 2589 577 2645 Et
621 2592 1064 2661 quemadmodum
1111 2594 1248 2649 inter
1276 2594 1515 2658 vulnera,
1546 2607 1665 2660 quin

101 2674 437 2731 tolerabiliora
490 2690 630 2743 sunt,
664 2682 953 2737 lenioribus
990 2683 1183 2739 cedunt
1222 2683 1661 2748 medicamentis,

100 2780 200 2833 qua:
227 2782 355 2822 vero
382 2771 670 2838 putrefacta
698 2783 820 2827 sunt
848 2784 901 2828 et
929 2774 1256 2839 incurahilia,
1291 2788 1515 2846 quicque
1540 2773 1666 2828 reli-

749 293 814 348 IN
850 293 977 350 EOS
1014 294 1128 363 QUl
1171 295 1432 350 PASCIIA
1471 293 1672 350 JEJUN

1772 295 1834 351 Τ.
1877 291 2233 348 ΑΙΝΙΞΠΞΠΞ
2271 289 2412 347 JUD.
2459 289 2545 345 ΙΙΙ.

3201 306 3308 360 8ΰῖ
3336 319 3341 323 ·

1731 428 1891 478 quum
1937 428 2129 481 corpus
2155 412 2531 479 depascuntur,
2557 409 2799 463 acumine
2827 407 2952 463 ferri
2995 407 3311 477 ﬂammaque

1733 503 1969 572 indigent
2000 520 2013 556 :
2041 502 2119 556 sic
2145 502 2390 556 nimirum
2415 509 2468 555 et
2492 500 2630 554 inter
2649 507 2886 568 peccata,
2918 512 3040 566 (iga
3071 496 3311 565 qua-dam

1734 593 2004 663 prolixiori
2033 592 2401 647 cohortatione
2444 605 2579 660 opus
2621 598 2724 652 est,
2775 598 2965 643 caetera
3010 585 3311 641 durioribus

1736 693 1860 737 sunt
1901 681 2404 751 reprehensionibus
2449 679 2772 749 castiganda.
2818 678 3103 746 Propterea
3156 675 3315 744 jussit

1736 790 1946 844 quoque
1972 774 2161 828 Paulus
2190 789 2294 827 non
2324 773 2374 826 in
2405 772 2651 826 omnibus
2689 768 3052 824 cohortatione
3095 766 3191 832 uti,
3221 763 3315 820 sed

1739 873 1795 919 et
1843 864 2115 929 ineregrare
2140 863 2291 926 dure,
2333 862 2410 916 sic
2436 860 2618 915 dicens
2649 878 2662 913 :
2695 859 2860 926 Quam
2904 856 2963 911 ob
2993 871 3199 909 causam
3239 853 3320 907 in-

1742 971 1891 1023 crepa
1933 954 2047 1007 illos
2082 952 2206 1006 dure
2243 951 2367 1023 (Tit.
2402 952 2452 1004 1.
2503 949 2608 1019 15).
2642 948 2975 1018 lnCrepemus
3018 945 3173 1015 igitur
3202 943 3321 996 illos

1739 1045 1847 1115 jam
1876 1043 2028 1108 dure,
2053 1052 2110 1097 ut
2134 1058 2254 1096 cum
2281 1041 2347 1095 ob
2372 1040 2542 1112 priora
2562 1039 2754 1094 fuerint
2780 1036 2981 1109 pudore
3007 1033 3211 1100 sulfusi,
3231 1048 3319 1087 se-

1744 1149 1847 1203 que
1895 1133 2037 1201 ipsos
2085 1131 2505 1190 condemnarint,
2539 1145 2642 1182 non
2682 1126 2905 1196 amplius
2947 1123 3321 1178 detrimentum

1747 1239 1807 1276 ex
1840 1222 2001 1291 iniqui
2037 1220 2219 1291 jejunii
2246 1219 2613 1273 observatione
2658 1216 2940 1286 patiantur.
2972 1213 3113 1279 Quas
3141 1210 3209 1264 oh
3237 1225 3321 1263 res

1748 1332 1848 1383 ego
1894 1328 2105 1384 quoque
2129 1328 2156 1366 a
2183 1311 2551 1367 cohortatione
2589 1309 2840 1376 deinceps
2877 1306 3147 1360 abstinens
3177 1301 3311 1355 obte-

1750 1416 1863 1459 stor
1914 1416 1968 1458 et
2012 1404 2205 1467 clamo,
2257 1402 2318 1458 Si
2359 1402 2468 1470 quis
2514 1417 2614 1453 non
2652 1406 2788 1451 amat
2836 1395 3107 1449 Dominum
3149 1390 3325 1445 Jesum

1751 1496 2022 1560 Christum,
2067 1495 2130 1550 sit
2158 1493 2427 1547 anathema
2463 1491 2536 1561 (Ι.
2580 1486 2946 1557 Cor.16.22):
2979 1496 3205 1552 quonam
3231 1495 3326 1533 ειυ-
3410 1548 3413 1551 _

1755 1598 1861 1644 tem
1894 1587 2082 1656 majori
2110 1594 2422 1656 argumento
2452 1599 2481 1637 a
2507 1597 2566 1637 se
2593 1597 2696 1636 non
2723 1581 2887 1635 amari
2924 1577 3200 1633 Dominum
3229 1589 3324 1643 po-

1755 1688 1861 1734 test
1903 1678 2042 1733 ullus
2068 1677 2370 1737 ostendere,
2404 1688 2559 1743 quam
2587 1671 2632 1726 si
2661 1671 2808 1725 fesds
2847 1670 3054 1724 illorum
3084 1680 3326 1721 commu-

1757 1770 1915 1832 nicet,
1947 1784 1976 1823 a
2003 1782 2108 1837 quo
2147 1765 2235 1821 ille
2262 1764 2359 1819 fuit
2381 1762 2625 1819 occisus?
2663 1762 2771 1817 llos
2811 1775 2916 1814 non
2955 1773 3052 1830 ego
3092 1754 3328 1826 percussi

1757 1859 2115 1923 anathemate,
2144 1857 2238 1912 sed
2267 1856 2463 1911 Paulus
2496 1871 2510 1907 :
2542 1854 2650 1908 imo
2677 1867 2805 1906 vero
2847 1865 2953 1904 non
2976 1849 3084 1918 jam
3112 1844 3327 1909 Paulus,

1758 1949 1853 2006 sed
1889 1949 2149 2012 Christus,
2182 1948 2268 2017 qui
2298 1960 2393 2015 per
2417 1944 2564 1998 illum
2591 1942 2841 2011 loquitur,
2870 1949 2924 1995 et
2950 1940 3001 1993 in
3030 1934 3332 2008 prteceden-

1762 2043 1902 2097 tibus
1929 2040 2080 2105 dixit,
2111 2039 2361 2107 Quoniam
2389 2036 2476 2106 qui
2500 2036 2551 2088 in
2577 2035 2682 2105 lege
2703 2031 3070 2101 justi/iocatur,
3102 2043 3134 2079 a
3169 2025 3334 2107 gratia

1760 2103 2075 2187 exciderunt
2107 2103 2245 2199 (Cal.
2302 2128 2356 2182 5.
2402 2103 2485 2197 λ).
2518 2103 2642 2178 ιιωέ
2688 2121 2794 2176 illis
2850 2118 3006 2174 verba
3061 2103 3239 2181 diciie,
3271 2127 3334 2167 ac

1762 2223 2056 2281 sententias
2109 2221 2208 2275 illis
2260 2220 2497 2278 recitato,
2548 2228 2773 2283 cumque
2801 2209 2945 2265 omni
2996 2222 3116 2263 cum
3160 2203 3337 2259 studio

1764 2331 1827 2371 ac
1852 2312 2119 2385 diligentia
2150 2312 2322 2365 salvos
2347 2324 2438 2364 eos
2462 2304 2695 2361 feceritis
2718 2311 2771 2357 et
2793 2317 2861 2356 ex
2889 2296 3080 2353 diaboli
3105 2294 3337 2349 faucibus

1765 2405 2085 2476 eripueritis,
2134 2404 2183 2456 in
2212 2401 2299 2456 die
2336 2397 2521 2469 jejunii
2569 2393 2720 2449 nobis
2747 2390 3009 2453 adducite,
3042 2395 3098 2440 ut
3136 2393 3187 2438 et
3218 2397 3340 2451 pro~

1767 2498 1914 2553 missi
1968 2496 2225 2565 reliquam
2284 2500 2486 2562 partem
2547 2490 2858 2556 prtestantes
2925 2494 3031 2533 uno
3077 2487 3340 2530 consensu

1767 2602 1981 2656 unoque
2008 2600 2103 2640 ore
2127 2599 2246 2639 cum
2274 2580 2523 2637 fratribus
2546 2576 2744 2632 nostris
2766 2570 3119 2643 glorilicemus
3144 2566 3342 2627 Deum,

1768 2689 1825 2735 et
1852 2654 2062 2733 Patrem
2109 2672 2315 2729 Domini
2347 2670 2516 2727 nostri
2544 2668 2673 2724 Jesu
2717 2661 2935 2727 Christi,
2966 2658 3213 2729 quoniam
3244 2654 3342 2722 ipsi

1768 2771 1932 2841 gloria
1964 2769 2016 2822 in
2049 2766 2262 2821 sucula.
2299 2765 2489 2817 Amen.

106 2896 367 2915 ..ιιι-ναι,-

953 2985 1036 3047 IN
1076 2984 1225 3045 EOS
1250 2984 1386 3059 QUI
1424 2980 1674 3045 PRIMO
1713 2978 2020 3042 PASCHA
2061 2972 2474 3046 JEJUNANT.

652 3224 847 3264 οιιΑτιο
884 3226 1100 3265 TERTIA.

174 3296 217 3350 l.
247 3297 451 3352 Rursus
493 3303 847 3355 necessarium
879 3303 1140 3373 quoddam
1177 3316 1229 3357 et
1271 3319 1466 3373 urgens
1497 3318 1664 3373 nego-

117 3387 228 3442 tium
253 3405 462 3453 eorum,
485 3406 605 3461 qua:
634 3409 802 3462 nuper
829 3395 966 3447 dicta
994 3403 1137 3459 sunt,
1160 3396 1355 3449 seriem
1385 3395 1667 3448 interrum-

115 3490 228 3545 pens
268 3481 333 3534 ad
367 3484 596 3553 seEpsnm
624 3486 919 3539 oratioaem
958 3486 1212 3546 traducit,
1252 3494 1305 3540 rt
1346 3501 1375 3538 a
1413 3486 1670 3554 susceptis

116 3582 221 3622 cuin
248 3570 513 3628 hasrelieis
551 3575 927 3630 certaminibus
970 3577 1126 3631 hodie
1155 3593 1249 3631 nos
1276 3579 1508 3632 abducit.
1539 3578 1670 3633 Nam

120 3674 205 3713 nos
231 3662 441 3731 quidem
490 3680 677 3719 rursus
717 3665 784 3720 de
811 3664 1088 3737 Unigeniti
1113 3668 1279 3738 gloria
1309 3670 1466 3724 verba
1499 3669 1673 3724 facere

119 3751 174 3803 ad
203 3755 470 3808 raritatem
500 3770 727 3812 \'t'Sll‘atll
757 3760 920 3826 parati
949 3775 1160 3815 eramus
1186 3776 1201 3813 :
1230 3761 1322 3815 sed
1366 3776 1548 3815 eorum
1587 3763 1674 3831 qtti

123 3845 275 3908 primo
321 3847 519 3901 Pascha
560 3849 802 3917 jejunant
839 3852 1133 3920 importuna
1178 3853 1447 3907 contentio
1475 3852 1676 3906 doctri-

126 3948 231 3987 nani
255 3952 468 3992 onmem
497 3950 733 3994 nostram
764 3942 901 4011 cogit
926 3941 1187 3996 hodierno
1215 3943 1298 3995 die
1331 3952 1493 3996 totam
1523 3945 1572 3997 in
1600 3944 1678 3998 ris

124 4028 355 4083 curandis
383 4032 651 4099 occupari.
699 4032 827 4086 Nam
859 4042 912 4086 et
954 4033 1121 4088 bonus
1152 4045 1332 4103 pastor
1377 4051 1479 4087 non
1528 4035 1680 4104 lupos

124 4117 273 4189 abigit
302 4123 504 4190 solum,
538 4125 629 4179 sed
662 4134 715 4178 et
760 4126 984 4193 pecudes
1016 4137 1335 4196 a'grutantcs
1371 4143 1491 4180 cum
1535 4126 1679 4179 omni

126 4210 465 4270 sollicitudine
504 4228 654 4271 curat
684 4236 696 4271 :
730 4218 856 4287 quid
893 4220 1033 4271 enim
1081 4219 1288 4288 prodest
1312 4260 1326 4283 ,
1361 4220 1499 4288 quod
1541 4219 1678 4273 fera-

128 4312 228 4353 rum
255 4318 345 4357 om
374 4320 558 4376 greges
588 4307 820 4373 evitent,
852 4307 896 4360 si
942 4308 1140 4362 morbis
1186 4308 1408 4362 confecti
1449 4309 1680 4362 morian-

130 4392 242 4446 tur?
275 4394 358 4447 Sic
385 4406 438 4449 et
470 4399 699 4465 optimus
731 4397 1016 4466 imperator
1045 4415 1148 4451 non
1181 4398 1450 4451 machinas
1482 4408 1681 4452 tantum

134 4487 408 4553 prapulsat,
435 4488 525 4542 sed
553 4498 703 4543 antea
731 4487 991 4543 seditione
1016 4497 1331 4543 commotam
1356 4489 1536 4543 urbem
1562 4503 1683 4541 cum

134 4573 288 4642 Seipsn
321 4578 642 4642 reconciliet,
675 4594 794 4632 cum
827 4583 990 4648 probe
1022 4579 1221 4633 noverit
1252 4579 1381 4632 nihil
1412 4587 1685 4633 externam

136 4669 386 4722 \‘ICltil‘iatll
436 4670 803 4739 profuturam,
850 4672 1098 4740 quamdiu
1145 4671 1288 4725 intus
1334 4671 1501 4725 civilia
1554 4672 1687 4724 bella

139 4764 522 4822 perinanserint.
576 4764 639 4818 Ut
685 4772 860 4816 autem
907 4764 1165 4833 in‘elligas
1207 4764 1270 4816 ad
1321 4763 1587 4818 interitum
1629 4777 1692 4818 ac

143 4854 406 4916 perniciem
440 4857 571 4910 nthil
603 4872 752 4925 a-que
780 4872 842 4911 ac
868 4857 1181 4910 seditionem
1210 4868 1263 4910 et
1300 4857 1691 4910 contentionem

140 4942 325 5008 valere,
356 4948 474 5001 andi
506 4949 630 5018 quid
663 4948 905 5002 Christus
928 4948 1069 5001 dicat
1101 4966 1114 5001 :
1142 4946 1364 5017 Regnum
1396 4947 1448 4999 iu
1476 4947 1695 5014 seipsum

142 5034 333 5092 divisum
355 5058 451 5094 non
476 5040 623 5095 stabit
646 5038 854 5107 (Matth.
882 5040 966 5094 12.
992 5038 1106 5110 25).
1134 5039 1364 5092 Tametsi
1386 5037 1511 5108 quid
1534 5052 1696 5106 regno

144 5131 420 5197 potentius,
469 5131 557 5185 uhi
610 5132 947 5199 pecuniarum
996 5139 1312 5198 proventus,
1357 5137 1410 5183 et
1455 5144 1601 5181 arma
1646 5137 1700 5181 et

146 5220 262 5271 muri
301 5233 351 5276 et
382 5224 772 5292 propugnacula
813 5230 867 5276 ct
910 5231 1086 5275 tantus
1114 5223 1335 5274 militum
1368 5234 1619 5272 numerus
1647 5228 1701 5273 et

147 5310 251 5375 equi
293 5322 343 5365 et
377 5314 477 5366 alia
528 5314 801 5366 innumera
829 5353 842 5374 ,
885 5328 1001 5380 qua:
1046 5311 1235 5363 multas
1264 5310 1405 5364 vires
1446 5308 1700 5376 suppedi-

149 5407 283 5457 tant?
315 5405 679 5460 Verumtamen
721 5414 862 5459 tanta
894 5404 1122 5473 potentia
1152 5403 1433 5470 di~siptttur
1457 5416 1580 5454 cum
1611 5415 1703 5467 per

150 5489 399 5550 ilissidium
433 5497 486 5551 in
515 5497 744 5564 seipsain
786 5495 1028 5565 insurgit.
1074 5494 1210 5548 Nihil
1245 5494 1382 5547 enim
1428 5492 1704 5546 imbecilli-

155 5589 295 5640 tatem
321 5588 452 5642 adeo
483 5603 672 5658 parare
697 5586 852 5648 Solet,
884 5597 938 5640 ut
965 5588 1074 5640 rixa
1104 5593 1157 5638 et
1184 5584 1453 5639 contentio
1478 5599 1491 5635 :
1519 5596 1705 5650 quem-

158 5673 417 5734 adiendum
445 5677 577 5734 nihil
608 5676 737 5732 adeo
759 5680 895 5732 vires
925 5677 978 5726 cl
1004 5674 1313 5747 potentiam,
1340 5688 1400 5727 ac
1432 5670 1623 5726 caritas
1653 5678 1704 5725 ct

1771 3207 2076 3266 concordia.
2121 3202 2272 3273 Quod
2301 3216 2422 3256 cum
2467 3197 2779 3266 intelligeret
2825 3190 3077 3246 Salomon
3117 3187 3346 3251 dicebat,

1772 3299 1957 3354 Frater
1982 3297 2067 3369 qui
2093 3295 2367 3362 adiuvatur
2400 3306 2434 3343 a
2463 3290 2620 3358 fratre
2639 3327 2654 3352 ,
2697 3283 2839 3357 quasi
2867 3282 3041 3335 ciuitas
3070 3278 3219 3346 firma
3238 3317 3253 3339 ,
3301 3286 3350 3329 et

1774 3367 2003 3447 clausum
2028 3395 2159 3441 recte
2184 3399 2389 3454 regnum
2420 3380 2598 3452 (Prov.
2623 3379 2710 3434 t8.
2734 3376 2847 3447 19).
2882 3372 3037 3428 Vides
3062 3378 3255 3440 quanta
3280 3367 3351 3420 sit

1773 3489 1855 3540 vis
1883 3479 2225 3539 concorditc?
2253 3485 2507 3547 quantum
2533 3469 2891 3528 contentionis
2931 3462 3352 3521 detrimentum?

1777 3578 2016 3647 Regnum
2061 3573 2324 3628 seditione
2367 3568 2593 3623 divisum
2632 3562 2969 3620 dissolvitur,
3015 3558 3120 3612 duo
3144 3571 3270 3611 vero
3297 3557 3351 3608 in

1778 3683 1938 3721 unum
1982 3664 2148 3735 juncti
2191 3670 2246 3717 et
2285 3661 2420 3714 inter
2463 3673 2522 3712 sc
2549 3654 2779 3711 devincti
2811 3653 2976 3721 magis
3000 3665 3156 3721 quam
3188 3647 3350 3701 ullum

1782 3757 2230 3827 propugnaculum
2258 3759 2383 3805 sunt
2428 3744 2828 3817 insuper-altiles.
2862 3744 2936 3796 Ac
2961 3743 3072 3795 scio
3112 3736 3356 3807 equidem

1783 3864 1876 3918 per
1905 3848 1995 3900 Dei
2024 3845 2248 3915 gratiam
2275 3841 2534 3912 potiorem
2562 3837 2719 3906 hujus
2742 3833 2917 3905 gregis
2943 3841 3145 3901 partem
3173 3827 3239 3880 ab
3260 3827 3360 3879 hac

1783 3936 2095 4005 a-gi-itudine
2120 3934 2408 3986 immunem
2436 3943 2575 3991 esse,
2617 3935 2671 3981 et
2709 3939 2906 3995 paucos
2934 3921 3174 3976 inorhum
3207 3919 3354 3993 inva-

1784 4031 1938 4086 sisse,
1970 4042 2074 4079 non
2103 4035 2277 4079 tamen
2308 4021 2505 4076 idcirco
2530 4029 2608 4074 est
2637 4018 2843 4073 curatio
2869 4012 3197 4084 negligenda.
3225 4010 3359 4065 Nunt

1792 4121 1885 4176 etsi
1908 4118 2091 4172 decem
2124 4124 2348 4177 tantmn,
2392 4114 2490 4167 etsi
2518 4111 2768 4180 quinque,
2801 4108 2898 4160 etsi
2928 4106 3055 4169 duo,
3097 4105 3195 4158 etsi
3225 4117 3362 4155 unus

1788 4220 1992 4263 tantum
2024 4216 2165 4262 esset
2197 4214 2444 4274 a-grotns,
2493 4217 2560 4257 ne
2600 4202 2678 4255 sic
2717 4199 2929 4268 quidem
2976 4193 3163 4263 negligi
3199 4206 3362 4259 opor—

1790 4309 1941 4356 teret.
1969 4299 2118 4354 Licet
2143 4297 2284 4351 enim
2311 4295 2396 4349 vel
2422 4308 2556 4347 unus
2586 4292 2651 4346 sit
2681 4291 2799 4343 vilis
2828 4299 2879 4342 et
2907 4287 3171 4353 ahjectus,
3205 4282 3365 4334 frater

1791 4401 1964 4446 tamen
2013 4397 2095 4445 est
2140 4398 2355 4457 propter
2399 4400 2555 4454 quem
2604 4389 2844 4435 mortuus
2888 4389 2969 4430 est
2997 4375 3274 4438 Christus,
3311 4378 3365 4426 et

1790 4495 2035 4550 magnam
2067 4478 2247 4531 vilium
2289 4474 2547 4529 rationem
2576 4471 2733 4526 habet
2762 4469 3021 4524 Christus.
3060 4464 3369 4531 Quicumque

1791 4567 2227 4631 scandalizauerit,
2262 4565 2458 4634 inquit,
2487 4577 2645 4615 unum
2672 4559 2735 4612 de
2762 4558 2958 4629 pusillis
2988 4555 3123 4619 ittis,
3169 4550 3369 4620 expedit

1793 4663 1857 4727 ei,
1881 4672 1934 4714 ut
1959 4658 2295 4730 suspendntur
2320 4655 2454 4708 mola
2481 4651 2702 4706 asinaria
2728 4651 2781 4702 in
2802 4647 2931 4701 collo
2955 4646 3063 4716 ejus
3108 4655 3151 4696 ct
3179 4642 3368 4695 denter-

1794 4765 1942 4826 gatur
1973 4755 2022 4806 in
2051 4768 2188 4805 more
2216 4747 2426 4821 (.llatth.
2456 4746 2539 4800 18.
2562 4745 2615 4813 6)
2645 4760 2655 4793 :
2681 4750 2736 4795 ct
2763 4753 2963 4797 l‘ltl'rllS,
2993 4735 3245 4801 Quamdiu
3268 4749 3372 4786 non

1798 4849 1981 4918 fecistis
2020 4846 2106 4898 nui
2150 4844 2211 4896 de
2239 4840 2509 4894 minoribus
2539 4838 2639 4901 his,
2687 4850 2785 4890 nec.
2820 4833 2942 4883 mihi
2990 4827 3176 4894 fecistis
3238 4820 3369 4893 (Id.

1797 4942 1884 4995 25.
1916 4937 2024 5007 45)
2053 4954 2066 4989 :
2095 4944 2149 4989 et
2176 4950 2359 4988 rursus
2380 4972 2394 4994 ,
2426 4929 2543 4984 Non
2573 4936 2644 4980 est
2678 4925 2902 4978 roluutas
2920 4928 3040 4972 ante
3061 4919 3258 4974 Patrem
3287 4929 3373 4966 vr-o

1802 5043 1980 5093 strum,
2006 5029 2091 5087 aui
2120 5028 2173 5080 in
2201 5026 2337 5079 aclis
2367 5032 2436 5075 est
2458 5063 2473 5085 ,
2513 5031 2566 5073 ut
2599 5026 2765 5087 pereat
2791 5030 2916 5067 unus
2945 5013 3006 5064 de
3032 5007 3227 5080 pusillis
3265 5003 3375 5057 istis

1803 5122 1926 5193 (Id.
1983 5120 2069 5175 18.
2120 5117 2231 5187 ll).
2279 5116 2467 5169 Annon
2523 5111 2681 5180 igitur
2728 5102 3013 5159 absurdum
3046 5109 3146 5158 est,
3178 5096 3220 5147 si
3255 5109 3372 5147 cum

1802 5213 2045 5268 Christus
2073 5208 2377 5279 pusillorum
2407 5211 2604 5255 tantum
2628 5211 2805 5249 curam
2832 5200 2997 5261 gerit,
3026 5202 3122 5241 nos
3147 5200 3241 5239 eos
3269 5197 3377 5252 prie

1805 5302 2003 5358 desidia
2025 5291 2463 5354 contemnamus?
2484 5289 2599 5343 Noli
2630 5288 2730 5339 hoc
2754 5283 2950 5344 dicere,
2975 5292 3110 5333 unus
3133 5283 3233 5335 est,
3257 5271 3376 5338 sed,

1806 5407 1942 5446 unus
1987 5394 2320 5454 contemptus
2353 5381 2592 5435 morbum
2641 5373 2964 5429 transmittet
3001 5366 3065 5420 ad
3109 5373 3378 5419 caeteros:

1808 5484 1861 5538 Μ
1870 5483 2065 5535 odicttm
2094 5479 2224 5530 enim
2254 5479 2583 5546 fermentum,
2617 5466 2819 5535 inquit,
2848 5471 3000 5514 totam
3028 5469 3242 5511 massam
3269 5456 3380 5523 fer-

1807 5581 1993 5629 mentat
2019 5568 2160 5640 (Gal.
2184 5567 2234 5622 5.
2263 5564 2338 5632 9).
2365 5565 2535 5630 Atque
2565 5557 2666 5612 hoc
2695 5564 2779 5610 est
2820 5550 2960 5622 quod
2998 5547 3172 5601 munia
3215 5546 3392 5611 pertulit

1808 5682 1869 5721 ac
1913 5661 2174 5726 destruit,
2223 5654 2361 5727 quod
2405 5650 2633 5724 pusillos
2668 5656 3061 5719 aspernemur:
3107 5644 3383 5707 propterea
