3920 6420
543 359 648 414 8ϋῦ

549 491 737 546 magna
766 473 894 530 fiunt
921 474 1119 541 ulcera,
1145 473 1595 544 quemadmodum
1625 472 1735 526 fere
1765 475 1842 538 lit,
1867 481 1923 527 ut
1950 487 2137 541 magna

550 569 675 621 fiant
701 569 921 638 exigua,
953 569 998 623 si
1025 566 1350 622 conveniens
1379 581 1503 621 cura
1532 566 1602 620 sit
1627 564 1885 620 adhibita.

624 656 770 712 Nihil
813 658 1128 712 contentione
1168 657 1313 728 pejus
1357 657 1410 710 in
1454 654 1706 710 Ecclesia.
1731 685 1801 696 -—
1827 654 1941 710 lloc
1983 655 2142 735 igitur

551 750 776 816 primum
823 751 926 804 illis
967 750 1226 813 dicimus,
1272 749 1614 804 contentione
1661 763 1939 820 pugnaque
1988 747 2140 817 pejus

550 842 679 897 nihil
717 857 866 908 esse,
898 850 989 896 aut
1028 841 1070 895 si
1104 840 1340 896 Ecclesia
1381 839 1734 910 discerpatur,
1761 848 1812 894 et
1846 840 2021 893 tunica
2050 854 2135 904 ea,

547 950 703 1004 quam
731 935 1062 1003 disrumpere
1095 934 1327 989 latrones
1377 949 1484 988 non
1515 934 1628 988 ausi
1658 942 1815 999 sunt,
1849 933 1900 986 in
1943 931 2138 986 multas

550 1035 724 1093 partes
749 1025 1032 1080 dividatur.
1063 1024 1176 1079 Non
1208 1024 1476 1079 sufficiunt
1507 1023 1726 1093 reliqum
1755 1024 2009 1087 haereses,
2039 1023 2138 1076 nisi

548 1135 644 1172 nos
695 1119 792 1187 ipsi
843 1134 939 1172 nos
980 1117 1331 1173 dividamus?
1373 1117 1486 1171 Non
1519 1125 1576 1171 tu
1607 1117 1827 1172 Paulum
1871 1114 2140 1170 dicentem

545 1209 697 1264 audis
717 1253 730 1273 ,
774 1211 924 1277 Quod
951 1211 994 1265 si
1023 1211 1234 1264 invicem
1265 1207 1526 1275 mordetis,
1559 1217 1605 1262 et
1631 1207 1890 1262 comeditis
1913 1247 1929 1272 ,
1979 1205 2142 1260 videte

546 1321 608 1357 ne
635 1306 697 1357 ab
728 1305 936 1358 invicem
967 1303 1335 1357 consumamini
1366 1299 1519 1373 (Gal.
1551 1302 1600 1356 5.
1630 1299 1732 1372 lii)
1761 1303 1784 1354 ’ἐ
1819 1299 1984 1354 Extra
2013 1315 2138 1370 gre-

545 1413 663 1463 gem
703 1396 981 1460 ambulas,
1027 1405 1082 1452 et
1127 1395 1338 1451 leonem
1387 1394 1514 1450 foris
1559 1395 1977 1449 circumeuntem
2033 1408 2138 1446 non

547 1489 746 1543 times?
792 1488 1124 1543 Adversarius
1168 1490 1299 1544 cnim
1343 1499 1505 1543 vester
1548 1497 1804 1559 tamquam
1836 1487 1912 1540 leo
1937 1487 2136 1552 circuit,

501 1600 504 1603 ·
548 1581 739 1650 inquit,
770 1581 976 1650 rugiens
1001 1590 1046 1634 et
1072 1597 1322 1651 quwrens,
1349 1596 1496 1650 quem
1523 1579 1690 1648 rapiat
1717 1583 1736 1646 (
1749 1578 1794 1633 ι.
1820 1577 1953 1630 Petr.
1982 1579 2032 1634 5.
2059 1577 2134 1648 8).

550 1671 682 1726 Vide
725 1673 1038 1742 sapientiam
1073 1671 1302 1742 pastoris
1332 1689 1346 1726 :
1379 1684 1551 1740 neque
1593 1671 1803 1742 reliquit
1833 1670 1975 1724 intus
2002 1671 2140 1724 inter

545 1777 673 1815 oves
697 1804 712 1828 ,
761 1778 828 1816 ne
866 1777 1084 1832 gregem
1118 1761 1558 1831 perterrefaccret
1586 1779 1598 1812 :
1631 1776 1804 1832 neque
1847 1762 1913 1815 ab
1941 1760 2140 1815 exteris

547 1853 677 1907 locis
703 1854 914 1924 abegit,
948 1863 1004 1908 ut
1051 1853 1243 1909 belluze
1274 1862 1416 1908 metu
1457 1864 1679 1908 cunctos
1720 1856 1859 1907 intus
1897 1863 2136 1923 Cogeret.

547 1943 660 1997 Non
709 1945 975 2000 revereris
1022 1945 1272 2014 patrem?
1314 1943 1590 2000 Inimicum
1621 1943 1908 2000 reformida
1938 1962 1952 1999 :
1981 1945 2027 1999 si
2057 1955 2137 1998 te-

549 2036 720 2102 ipsum
753 2051 780 2089 a
821 2051 980 2105 grege
1007 2037 1288 2102 avulscris,
1338 2037 1429 2092 ille
1473 2037 1590 2092 sine
1616 2036 1780 2092 dubio
1810 2046 1860 2090 te
1885 2037 2136 2106 excipiet.

550 2127 764 2183 l'oterat
805 2128 1020 2198 quidem
1051 2129 1209 2183 etiam
1239 2129 1306 2184 ab
1343 2129 1539 2184 exteris
1567 2129 1699 2183 locis
1726 2129 1870 2182 illum
1899 2128 2142 2184 Christus

549 2219 808 2288 abigere:
851 2218 945 2274 sed
993 2230 1046 2274 ut
1095 2219 1337 2276 eflicerct
1368 2230 1424 2274 ut
1452 2220 1732 2292 vigilarcs.
1777 2237 1840 2275 ac
1880 2222 2141 2276 sollicitus

547 2326 718 2378 essee,
765 2322 923 2382 atque
971 2313 1036 2365 ad
1085 2323 1308 2366 matrem
1354 2327 1568 2382 semper
1609 2311 1964 2383 confugeres,
2013 2311 2142 2366 foris

553 2402 701 2455 illum
733 2403 909 2470 rugire
940 2403 1197 2471 permisit,
1231 2412 1287 2458 ut
1322 2405 1410 2474 qui
1450 2413 1573 2458 sunt
1606 2404 1766 2468 intus,
1799 2405 1922 2458 dmn
1956 2420 2140 2459 vocem

549 2497 690 2550 illius
715 2496 957 2561 audiunt,
993 2497 1160 2568 magis
1185 2499 1520 2568 eopulentur,
1546 2507 1598 2553 et
1627 2498 1692 2551 ad
1719 2514 1778 2553 sc
1805 2506 1989 2552 mutuo
2014 2514 2143 2552 con-

548 2587 766 2657 fugiant.
815 2589 886 2642 Ita
917 2605 1129 2659 quoque
1172 2599 1370 2644 matres
1401 2589 1598 2644 faciunt
1627 2590 1914 2644 liberorum
1953 2606 2140 2643 amau-

550 2691 650 2742 tes,
682 2680 872 2735 flentes
901 2683 1191 2738 infantulos
1221 2682 1526 2752 frequenter
1555 2698 1614 2736 se
1643 2683 1780 2751 lupis
1809 2681 2142 2738 devorandos

549 2771 855 2840 objecturas
887 2771 1177 2838 minantur,
1209 2790 1315 2826 non
1345 2784 1402 2826 ut
1427 2773 1766 2842 objiciuntur,
1794 2773 1886 2828 sed
1916 2783 1972 2827 ut
1995 2773 2142 2828 desi-

551 2872 679 2917 nant
723 2863 1003 2934 indignari.
1056 2865 1343 2934 Propterea
1387 2865 1630 2920 Christus
1673 2866 1850 2919 omnia
1897 2864 2041 2931 fecit,
2088 2874 2145 2920 ut

551 2971 734 3026 pacem
762 2955 1023 3018 colamus,
1056 2965 1113 3010 ut
1137 2955 1409 3026 conjuncti
1448 2956 1585 3010 inter
1612 2971 1711 3012 nos
1739 2957 1928 3011 simus.

619 3046 674 3104 2.
719 3048 923 3104 Idcirco
971 3049 1132 3104 etiam
1185 3050 1380 3105 Paulus
1432 3065 1552 3104 cmn
1609 3050 1912 3106 Corinthios
1965 3049 2146 3105 multis

549 3140 862 3210 magnisque
884 3139 951 3196 de
979 3140 1138 3196 rebus
1163 3157 1418 3198 accusare
1441 3151 1618 3212 posset
1641 3157 1703 3196 ac
1723 3141 2140 3212 reprehendere,

550 3233 688 3286 tmlla
720 3233 787 3286 de
833 3248 892 3287 re
932 3233 1033 3287 alia
1068 3235 1232 3300 prius,
1265 3249 1423 3304 quam
1465 3233 1534 3290 de
1576 3233 1671 3288 ista
1704 3234 1992 3287 aecusavit.
2038 3233 2142 3288 Sed

547 3343 667 3380 t‘um
701 3327 766 3382 de
809 3326 1159 3384 fornicatione
1192 3338 1371 3398 posset
1413 3330 1529 3382 ilius
1569 3345 1850 3392 accusare,
1892 3329 1960 3384 de
1989 3345 2142 3384 arro-

549 3418 747 3486 gantia,
771 3418 839 3472 de
871 3417 1104 3488 profanis
1130 3420 1365 3488 judiciis,
1404 3421 1471 3474 de
1497 3421 1756 3474 conviviis
1783 3421 1834 3475 in
1867 3421 2004 3475 fauis
2032 3421 2146 3474 ido-

553 3508 747 3570 lorum,
772 3513 1018 3581 quodque
1043 3512 1294 3566 mulieres
1315 3511 1529 3581 quidem
1554 3513 1726 3581 capita
1757 3529 1860 3565 non
1883 3512 2143 3576 volarent,

553 3601 797 3656 homines
839 3613 1014 3659 autem
1056 3604 1106 3658 id
1153 3613 1402 3674 agerent,
1442 3615 1493 3659 et
1525 3621 1645 3658 cum
1687 3606 1771 3660 bis
1801 3605 2050 3660 omnibus
2077 3605 2148 3660 ob

553 3695 850 3761 neglectum
882 3710 1171 3765 pauperum
1201 3709 1255 3751 et
1283 3697 1517 3750 innatam
1551 3697 1654 3750 illis
1674 3696 1744 3750 ob
1768 3697 1905 3750 dona
1929 3698 2148 3766 spiritus

553 3787 946 3855 arrogantiam,
995 3796 1048 3842 et
1092 3787 1160 3841 de
1207 3804 1490 3856 corporum
1539 3791 1981 3844 resurrectione:
2025 3804 2146 3844 cum

553 3878 713 3931 etiam
744 3889 938 3946 pra'ter
967 3879 1080 3934 inec
1109 3882 1287 3935 omnia
1321 3893 1496 3950 posset
1533 3883 1650 3936 illos
1681 3883 1750 3937 ob
1778 3883 2149 3937 contentiones

555 3984 617 4022 ac
647 3969 863 4023 dissidia
907 3972 1044 4027 inter
1075 3971 1196 4026 illos
1224 3980 1410 4028 csurta
1443 3976 1706 4044 castigare
1726 4017 1741 4041 ,
1776 3974 2150 4043 przrtermissis

553 4061 766 4116 caneris
796 4063 1044 4118 «iiiinibus
1086 4064 1215 4120 illud
1262 4066 1410 4136 prius
1455 4066 1692 4134 corrigit.
1743 4069 1819 4119 Ae
1866 4067 1966 4119 nisi
2017 4068 2150 4119 forte

557 4151 739 4206 videar
766 4153 979 4208 taedium
1020 4169 1230 4225 parere,
1261 4155 1312 4210 id
1341 4171 1408 4210 ex
1439 4156 1567 4226 ipsis
1593 4155 1736 4210 l‘auli
1767 4157 1943 4211 verbis
1968 4166 2152 4210 osten-

553 4244 699 4302 dam.
732 4260 852 4298 cum
880 4245 948 4301 de
973 4248 1221 4302 omnibus
1248 4249 1356 4303 illis
1384 4264 1478 4304 eos
1509 4259 1690 4319 posset
1715 4265 1987 4312 accusare,
2018 4250 2150 4304 nihil

555 4355 662 4408 pra:
698 4340 799 4393 isto
827 4353 1126 4397 correctmu
1171 4342 1237 4398 ab
1268 4342 1358 4398 illo
1388 4342 1574 4399 fuisse.
1621 4343 1752 4398 Nam
1787 4343 1906 4398 illos
1932 4344 2151 4414 quidem

553 4447 673 4487 esse
707 4430 994 4489 fornicatos
1021 4435 1141 4490 audi
1174 4452 1280 4505 quo
1310 4445 1464 4506 pacto
1491 4446 1671 4491 narret
1700 4454 1712 4490 :
1750 4436 1972 4490 Omnino
1999 4437 2152 4489 audi-

553 4533 635 4576 tur
662 4525 791 4579 inter
829 4541 917 4580 vos
954 4528 1221 4597 fornicalio
1249 4529 1342 4600 (1.
1367 4527 1488 4585 Cor.
1513 4531 1566 4585 5.
1593 4530 1616 4583 l
1647 4529 1689 4595 ).
1733 4529 1902 4584 Porro
1943 4528 2154 4584 inflatos

555 4620 718 4674 etiam
747 4620 866 4674 illos
892 4621 1056 4677 fuisse
1076 4662 1090 4684 ,
1122 4632 1176 4677 et
1204 4623 1254 4678 in
1285 4623 1590 4694 superbiam
1627 4623 1796 4678 elatos
1828 4641 1840 4677 :
1870 4621 2154 4694 Tamquam

558 4731 660 4767 non
683 4725 920 4770 uenturus
945 4716 1039 4770 sim
1065 4717 1132 4770 ad
1158 4733 1266 4783 vos,
1289 4718 1362 4771 sic
1391 4717 1558 4786 inﬂati
1598 4725 1716 4770 sunt
1737 4717 1946 4782 quidam
1986 4715 2150 4786 (Ibid.

558 4807 748 4881 L18).
777 4808 927 4876 Quod
968 4819 1150 4864 autem
1197 4823 1381 4864 rursus
1425 4807 1576 4874 foris,
1627 4817 1682 4861 et
1721 4807 1858 4874 apud
1903 4808 2155 4877 profanos

554 4901 758 4975 judicio
801 4902 1190 4958 contenderent
1233 4901 1446 4956 :Audet
1490 4900 1677 4970 aliquis
1706 4910 1923 4954 vestrum
1967 4900 2156 4954 habens

559 4995 812 5065 negotium
847 4995 1086 5048 adversus
1126 4993 1341 5047 alterum
1359 4992 1590 5064 judicari
1620 4992 1760 5062 apud
1786 4992 2017 5059 inﬁdeles
2047 4987 2152 5062 (Ib.

557 5091 612 5142 li.
641 5087 693 5159 i)
715 5087 737 5126 ν
766 5086 917 5153 Quod
945 5098 1122 5140 autem
1157 5084 1449 5155 idolothyta
1475 5084 1842 5150 comederent,
1871 5083 1990 5137 Non
2015 5093 2157 5152 pote-

558 5178 649 5232 stis
679 5193 864 5231 mensa!
895 5175 1098 5229 Domini
1127 5176 1396 5245 participes
1426 5191 1552 5238 esse,
1585 5184 1630 5228 et
1660 5191 1846 5228 mensw
1873 5174 2156 5228 daemonio-

560 5287 672 5323 rum
728 5269 832 5338 (Ib.
890 5270 972 5324 10.
1025 5268 1140 5338 2|).
1182 5268 1440 5338 Quodque
1481 5267 1733 5321 mulieres
1784 5266 2004 5319 minime
2059 5279 2158 5318 ve-

563 5365 818 5423 larentur,
849 5362 941 5415 sed
979 5361 1075 5415 viri
1101 5374 1285 5415 contra
1316 5362 1638 5425 vvlareutur,
1670 5359 1790 5412 audi
1823 5357 2016 5426 quibus
2039 5371 2158 5410 ver-

564 5454 644 5508 bis
687 5470 780 5509 eos
822 5455 1092 5520 castiget:
1140 5453 1317 5504 Omnis
1361 5452 1436 5504 vir
1478 5467 1666 5514 orans,
1713 5459 1801 5502 aut
1851 5451 2158 5517 prepltelans

562 5553 723 5605 relato
745 5552 926 5618 capite.
954 5553 1188 5616 deturpat
1215 5559 1364 5618 caput
1391 5565 1538 5601 suum
1565 5563 1583 5601 :
1606 5547 1766 5600 omnis
1787 5554 1952 5597 autem
1979 5542 2160 5596 mulier

564 5661 714 5696 oruus
743 5655 828 5694 unt
859 5644 1165 5710 propheticus
1205 5658 1304 5693 non
1333 5642 1494 5694 velato
1525 5639 1709 5708 capite,
1737 5639 1975 5705 deturpat
2003 5646 2157 5705 caput

566 5752 712 5788 suum
740 5735 844 5794 (Ib.
891 5735 974 5789 ll.
1015 5734 1068 5788 4.
1109 5735 1187 5801 5).
1213 5735 1281 5786 At
1331 5733 1448 5786 illos
1478 5745 1739 5802 pauperes
1765 5733 2159 5800 contempsisse

568 5830 896 5904 significavit
933 5830 1092 5884 ctiam
1139 5843 1260 5883 cum
1311 5827 1442 5883 dixit
1489 5845 1500 5881 :
1541 5827 1684 5880 Alius
1728 5825 1929 5897 quidem
1978 5826 2155 5892 esurit,

1297 360 1354 417 S.
1394 360 1674 418 JOASNIS
1709 357 2184 416 CllliYSOSTOMl
2222 355 2542 413 ARCHIEP.
2585 355 3118 413 CONSTANTINOP.
3743 368 3825 422 865

2251 469 2387 522 alius
2415 479 2582 522 autem
2613 470 2778 523 ebrius
2807 480 2880 523 est
2907 470 2982 542 (Ι.
3005 468 3124 526 Cor.
3154 471 3237 528 il.
3261 471 3365 544 21)
3395 491 3406 526 :
3443 481 3499 527 et
3527 488 3727 542 rursus,
3745 480 3825 536 Ast

2250 561 2533 616 Ecclesiam
2565 559 2657 616 Dei
2681 564 3002 617 contemnitis
3022 604 3037 629 ,
3066 574 3113 618 et
3141 565 3472 635 confunditis
3497 582 3586 621 eos
3603 609 3617 631 ,
3646 571 3726 637 qui
3746 589 3824 627 non

2252 655 2439 710 habent
2465 653 2573 725 (Ib.
2598 671 2646 709 υ.
2674 655 2770 726 2‘2)
2796 657 2818 710 ?
2857 657 3120 723 Quoniam
3149 668 3333 714 autem
3361 660 3432 714 ad
3477 661 3679 730 majora
3714 664 3824 721 dona

2249 747 2428 803 cuncti
2454 746 2647 817 cupide
2674 748 3022 816 accedebant,
3045 758 3100 804 et
3119 750 3332 806 minora
3362 765 3530 807 nemo
3552 755 3821 826 recipiebat,

2247 839 2326 894 sic
2351 840 2428 894 ait
2451 858 2464 896 :
2489 839 2754 910 Numquid
2778 857 2950 895 omnes
2972 841 3194 910 apostoli
3213 843 3238 896 .’
3261 843 3526 912 numquid
3545 861 3709 899 omnes
3728 865 3823 915 pro-

2249 929 2413 999 pheta:
2463 929 2566 1005 (Ib.
2595 931 2863 1002 {2.29}?
2916 932 3085 987 Porro
3133 932 3200 986 de
3254 935 3664 992 resurrectione
3713 953 3822 1008 quo-

2247 1040 2354 1094 que
2382 1024 2654 1080 dubitasse
2682 1027 2800 1081 illos
2828 1042 2891 1080 ex
2925 1027 3005 1081 his
3037 1029 3255 1096 colliges
3289 1047 3304 1083 :
3337 1027 3451 1084 Sed
3489 1030 3623 1086 dicet
3651 1033 3818 1103 aliquis,

2246 1119 2496 1185 quomodo
2518 1129 2785 1190 resurgunt
2809 1121 2994 1173 mortui
3014 1120 3040 1175 ?
3057 1121 3200 1187 quali
3220 1131 3402 1175 autem
3423 1139 3637 1193 corpore
3655 1127 3819 1180 cernunt

2249 1211 2356 1282 (Ib.
2405 1214 2492 1268 l5.
2531 1214 2666 1284 35)?
2699 1213 3074 1270 Verumtamen
3107 1231 3230 1270 eum
3277 1217 3455 1271 multa
3514 1228 3688 1287 posset
3735 1223 3816 1278 illis

2246 1304 2374 1357 vitio
2402 1313 2610 1360 vertere
2632 1346 2646 1364 .
2681 1305 2809 1358 nihil
2851 1305 2898 1360 ci
2929 1305 3025 1359 fuit
3053 1306 3350 1374 antiquius,
3380 1323 3547 1377 quam
3578 1318 3632 1362 ut
3657 1310 3716 1364 de
3735 1310 3816 1366 dis-

2246 1395 2384 1448 sidio
2410 1409 2460 1448 et
2487 1397 2830 1451 contentione
2858 1413 2980 1449 cum
3012 1397 3116 1450 illis
3141 1407 3326 1466 ageret
3357 1414 3372 1450 :
3399 1399 3580 1466 itaque
3603 1404 3702 1466 jam
3723 1403 3814 1456 inde

2246 1503 2286 1542 ιι,
2308 1486 2564 1555 principio
2586 1487 2825 1556 epistolae
2849 1488 2926 1541 sic
2953 1487 3027 1540 ait
3051 1504 3062 1539 :
3091 1487 3314 1541 Obsecro
3342 1499 3518 1541 autent
3539 1505 3624 1543 vos
3647 1491 3811 1559 fratres,

2248 1597 2336 1649 per
2362 1597 2542 1633 nomen
2571 1580 2779 1634 Domini
2810 1581 2968 1634 nostri
2991 1579 3026 1632 J
3032 1597 3117 1633 esu
3143 1578 3359 1647 Christi,
3389 1590 3448 1634 ut
3477 1583 3686 1650 idipsum
3705 1583 3812 1634 dira-

2247 1675 2310 1725 tis
2348 1689 2538 1734 omnes,
2566 1683 2612 1725 et
2642 1691 2742 1726 non
2787 1674 2885 1726 sint
2937 1675 2989 1726 in
3020 1673 3156 1727 vobis
3204 1673 3494 1726 schismata
3541 1672 3810 1745 (Ib.l.ill).

2246 1764 2462 1819 Sciebat
2504 1765 2722 1835 quippe,
2770 1764 2972 1818 sciebat
3021 1765 3185 1832 probe
3234 1764 3340 1818 hoc
3387 1780 3512 1820 esse
3558 1763 3689 1835 quod
3724 1781 3808 1834 pra:

2245 1859 2454 1910 caeteris
2497 1857 2736 1924 urgebat.
2779 1855 3093 1910 Fornicator
3132 1856 3175 1908 si
3218 1853 3537 1926 frequenter
3574 1856 3624 1910 in
3657 1855 3807 1910 Eccle-

2246 1947 2378 2001 siain
2413 1947 2772 2017 ingrediatur,
2815 1955 2869 2000 et
2899 1947 3164 2016 superbus
3185 1985 3202 2012 ,
3249 1957 3347 2001 aut
3393 1947 3486 2016 qui
3514 1947 3638 2001 vitio
3659 1947 3806 2016 quovis

2246 2041 2351 2095 alio
2381 2041 2606 2103 laboret,
2642 2042 2779 2104 cito,
2811 2039 2938 2094 dum
2967 2041 3179 2096 assidue
3205 2043 3456 2096 doctrina
3489 2041 3686 2107 fruitur,
3709 2040 3806 2094 illud

2247 2133 2500 2202 ριιροιιεῑ,
2549 2143 2602 2189 ct
2649 2135 2925 2203 pristinam
2970 2135 3191 2204 recipiet
3239 2135 3681 2206 sanitatemzqui
3708 2151 3803 2188 vero

2248 2227 2481 2296 scipsum
2514 2227 2580 2280 ab
2627 2227 2728 2281 hoc
2770 2239 3034 2282 conventu
3065 2229 3387 2298 sejunxerit,
3443 2237 3498 2282 et
3537 2229 3726 2282 Patrum
3760 2243 3804 2280 se

2248 2319 2508 2374 doctrina:
2538 2321 2896 2386 subtraxerit,
2927 2330 3086 2390 atque
3115 2339 3145 2374 a
3187 2321 3382 2376 medici
3428 2320 3630 2374 officina
3657 2317 3798 2389 procul

2250 2416 2559 2476 recesserit,
2581 2415 2824 2484 quamvis
2846 2429 2978 2468 saro
2998 2429 3223 2484 corpore
3245 2429 3370 2468 esse
3393 2412 3642 2477 videatur,
3663 2425 3802 2482 quam-

2251 2510 2478 2576 priuunu
2509 2509 2560 2561 in
2600 2507 2846 2561 morlmm
2879 2507 3098 2561 incidet.
3137 2507 3200 2560 Et
3229 2507 3669 2577 quemadmodum
3693 2504 3798 2571 apti-

2250 2616 2368 2653 mus
2395 2599 2664 2662 medicus,
2695 2597 2877 2652 sedata
2908 2599 3054 2667 prius
3079 2608 3132 2652 et
3160 2599 3428 2652 cxsﬁncta
3463 2597 3617 2660 febri,
3645 2593 3798 2649 deitth

2249 2691 2520 2744 ulceribus
2545 2705 2607 2743 ac
2634 2689 2974 2758 ruptionibus
2997 2689 3238 2743 uedetur
3263 2705 3278 2743 :
3307 2690 3377 2743 ita
3407 2687 3528 2742 l‘ecit
3551 2697 3599 2741 et
3625 2683 3795 2743 Paulus.

2251 2782 2396 2849 prius
2444 2779 2781 2834 dissensione
2824 2779 3054 2845 sublata,
3102 2789 3210 2831 tum
3256 2778 3475 2833 demum
3518 2773 3795 2845 singulare

2252 2872 2466 2924 vulnera
2515 2871 2876 2925 membrorum
2923 2871 3149 2925 curavit.
3201 2871 3494 2940 Propterea
3533 2881 3719 2937 quoque
3744 2862 3795 2916 de

2252 2963 2354 3018 lioe
2380 2974 2507 3018 ante
2537 2963 2714 3017 omnia
2747 2963 2906 3017 verba
2941 2963 3086 3028 facit,
3123 2971 3179 3016 ut
3217 2977 3397 3032 neque
3439 2962 3570 3015 inter
3594 2973 3646 3012 se
3670 2954 3793 3009 dissi-

2251 3055 2432 3116 deant,
2467 3069 2638 3124 neque
2679 3054 2923 3123 proprios
2962 3054 3061 3107 sibi
3091 3063 3334 3107 rectores
3369 3052 3658 3120 assigneul,
3694 3057 3793 3098 uete

2253 3147 2444 3200 lttllilth'
2477 3147 2526 3200 in
2559 3159 2736 3215 partes
2777 3145 3014 3198 dividant
3049 3143 3243 3199 Christi
3274 3157 3488 3214 corpus.
3522 3141 3632 3194 lla-c
3653 3144 3791 3190 autem

2254 3256 2358 3292 non
2391 3238 2495 3291 illis
2533 3238 2708 3292 solum
2737 3236 2943 3291 dicebat
2966 3279 2982 3303 ,
3010 3235 3104 3291 sed
3131 3245 3184 3291 et
3222 3234 3309 3290 his
3338 3243 3460 3304 post
3497 3233 3606 3286 illus
3627 3226 3791 3299 quieo.

2252 3332 2376 3386 dem
2400 3332 2585 3383 inorbo
2609 3330 2874 3394 laborant,
2895 3345 3026 3396 quos
3042 3327 3292 3398 equidem
3315 3326 3606 3381 sciscitarcr
3625 3319 3789 3376 lubens.

2252 3423 2377 3491 quid
2408 3421 2477 3476 sit
2506 3422 2703 3474 l’ascha
2728 3462 2742 3485 ,
2784 3419 2910 3489 quid
2939 3418 3011 3473 sit
3035 3414 3496 3488 Quadragesima?
3534 3423 3580 3468 et
3615 3406 3719 3478 qu'd
3741 3405 3791 3456 Sil

2252 3515 2532 3568 .lnilait-um
2555 3554 2570 3576 ,
2603 3512 2730 3582 quid
2773 3512 2842 3566 sit
2890 3520 3130 3564 nostrum
3161 3528 3176 3566 :
3205 3519 3300 3564 aut
3328 3525 3399 3578 qu
3419 3523 3485 3561 ~m
3526 3505 3590 3558 ob
3622 3508 3789 3555 causam

2255 3607 2380 3659 illud
2425 3606 2638 3675 quidem
2682 3603 2849 3659 setncl
2890 3604 3045 3657 annis
3085 3603 3314 3673 singulis
3359 3602 3534 3663 lit-ret,
3579 3597 3666 3648 hoc
3699 3601 3790 3640 *εἴη

2254 3699 2475 3768 singulis
2521 3699 2570 3750 iu
2601 3697 2842 3751 collectis
2869 3695 3176 3749 celebretur
3204 3713 3218 3748 :
3249 3694 3378 3764 quid
3411 3693 3505 3746 sibi
3540 3685 3680 3741 velint
3701 3692 3790 3748 azy-

2257 3807 2362 3852 ma,
2407 3798 2461 3843 ct
2490 3790 2590 3843 alia
2639 3789 2719 3842 his
2760 3788 2927 3840 nmlto
2971 3785 3122 3856 plura
3146 3828 3159 3849 ,
3191 3801 3311 3854 qua:
3342 3784 3406 3838 ad
3441 3783 3537 3836 hoc
3578 3773 3790 3847 pertinent

2255 3889 2650 3952 argumentum.
2684 3879 2818 3933 Tum
2846 3893 2974 3932 vero
3003 3878 3167 3947 probe
3197 3873 3550 3946 cognoscetis,
3577 3880 3708 3938 quam
3732 3862 3789 3912 in-

2259 3973 2572 4042 tempestiva
2620 3971 2831 4025 iflorum
2877 3970 2946 4023 sit
2991 3969 3303 4033 contentio,
3351 3967 3438 4036 qui
3485 3979 3545 4015 nc
3583 3958 3790 4022 rationetn

2257 4064 2474 4134 qui-dem
2516 4061 2741 4117 reddere
2783 4062 2848 4115 de
2898 4060 3001 4114 illis
3047 4075 3080 4130 p
3116 4068 3270 4115 ssunt
3298 4075 3420 4126 qum
3467 4055 3675 4112 faciunt.
3701 4045 3790 4134 “99‘

2258 4133 2505 4210 omnibus
2535 4157 2638 4210 sint
2669 4154 3040 4224 sapientiores,
3077 4169 3249 4223 neque
3277 4153 3485 4206 discant
3523 4161 3580 4200 es
3609 4133 3788 4196 eaetetis.

2258 4247 2399 4319 quod
2426 4246 2786 4300 danmandum
2816 4256 2898 4300 est
2936 4247 3166 4298 maxime
3186 4286 3201 4309 ,
3249 4259 3371 4297 cum
3401 4255 3495 4295 nec
3525 4235 3613 4304 ipsi
3639 4227 3785 4282 sciant.

2259 4355 2434 4408 neque
2461 4353 2556 4393 eos
2593 4339 2680 4408 qui
2726 4337 2899 4391 sciunt
2947 4335 3110 4389 duces
3140 4344 3430 4405 sequantur
3453 4372 3467 4396 ,
3511 4324 3596 4381 ενι]
3634 4325 3788 4374 temere

2263 4431 2579 4485 inconsullte
2610 4429 2819 4482 cuidam
2849 4426 3222 4481 consuetudini
3266 4441 3354 4480 res
3383 4437 3502 4478 suas
3533 4411 3786 4486 lermitten-

2264 4535 2343 4578 tes
2370 4524 2420 4576 in
2451 4521 2698 4577 baratbra
2726 4529 2781 4575 et
2810 4519 3100 4588 przucipitia
3128 4517 3388 4572 ferantur.

2334 4619 2386 4672 5.
2411 4616 2540 4683 Quis
2567 4631 2728 4684 porro
2758 4616 2970 4682 sapiens
2995 4621 3077 4667 est
3115 4611 3325 4665 illorum
3352 4621 3541 4668 sermo,
3578 4610 3681 4690 Cum
3703 4591 3784 4690 If“

2264 4708 2370 4762 illis
2399 4705 2722 4776 objicinms?
2753 4704 2879 4767 Vos,
2925 4703 3168 4772 inquiunt
3194 4745 3206 4769 ,
3244 4717 3417 4755 nonne
3451 4699 3546 4751 hoc
3579 4687 3785 4776 ipilllli‘ff'!

2263 4810 2420 4853 antea
2467 4795 2876 4852 observaliatis?
2924 4794 3034 4848 lloc
3075 4809 3202 4846 vero
3249 4803 3393 4846 tuum
3440 4801 3536 4840 non
3580 4786 3651 4835 est
3689 4766 3783 4867 ml."

2264 4891 2466 4953 dicere,
2492 4888 2584 4942 sed
2610 4887 2709 4941 hoc
2739 4887 2851 4955 ipse
2881 4885 2971 4938 tibi
2997 4885 3118 4954 jure
3143 4883 3393 4945 dixerim,
3419 4893 3507 4932 nos
3532 4867 3784 4964 quoque}?

2265 4994 2419 5038 antea
2447 4979 2740 5050 jeju'nasse,
2773 4989 3138 5035 verumtamen
3171 4988 3463 5046 temporum
3489 4962 3781 5050 observat-tot"

2267 5075 2652 5148 prarferendam
2680 5072 3022 5128 concordiam
3047 5073 3322 5126 censuisse
3347 5087 3359 5124 :
3386 5061 3612 5138 quodque
3630 5046 3783 5148 Galam.

2265 5137 2477 5225 dicebat
2511 5167 2708 5223 Paulus
2729 5207 2743 5228 ,
2780 5167 2880 5219 hoc
2917 5177 2970 5219 et
3001 5163 3150 5219 vobis
3179 5164 3292 5233 ipse
3329 5161 3444 5215 (lico
3474 5173 3486 5208 :
3515 5149 3667 5204 Estotc
3689 5137 3782 5190 sicut

2266 5279 2378 5334 ego,
2408 5263 2526 5333 quia
2553 5271 2596 5314 et
2625 5275 2715 5330 ego
2741 5260 2868 5313 sicut
2897 5274 2981 5312 vos
3007 5255 3149 5327 (Gal.
3176 5257 3228 5311 4.
3256 5253 3363 5322 12).
3391 5245 3516 5318 Quid
3543 5241 3632 5295 hoc
3665 5239 3780 5334 porro

2265 5322 2364 5411 sibi
2393 5353 2552 5408 vult?
2581 5352 2919 5406 Pcrsuaserat
2947 5349 3077 5413 illis,
3107 5357 3163 5400 ut
3190 5365 3216 5398 ιι
3247 5335 3624 5399 circumcisione
3647 5322 3766 5376 db'l'e‘

2267 5448 2478 5510 dereut,
2507 5445 2723 5500 sabbata
2750 5452 3182 5513 aspernarentur,
3219 5449 3270 5494 et
3304 5437 3416 5490 dies
3441 5439 3490 5484 et
3520 5423 3610 5479 alia
3634 5412 3776 5513 ututi)?

2269 5542 2399 5610 legis
2427 5538 2664 5593 instituta
2691 5555 2705 5591 :
2734 5534 2950 5600 deinde,
2974 5531 3224 5603 quoniam
3259 5531 3370 5584 illos
3393 5517 3551 5576 vereri
3579 5497 3773 5610 ceruchil

2266 5650 2328 5689 ac
2357 5629 2741 5695 reformidare,
2784 5644 2852 5682 ne
2891 5626 3030 5682 forte
3077 5617 3498 5694 transgressionis
3535 5617 3662 5699 paena

2267 5727 2586 5796 supplicium
2632 5725 2998 5784 sustinerent,
3041 5734 3138 5774 suo
3186 5718 3288 5771 illis
3328 5704 3555 5774 exemi“
3591 5690 3768 5796 imi"?

2268 5783 2433 5887 addit,
2466 5836 2584 5877 cum
2613 5819 2680 5874 ait
2708 5859 2721 5884 ,
2755 5816 2921 5871 Estotc
2947 5816 3073 5869 sicut
3106 5828 3193 5883 ego
3213 5850 3227 5878 ,
3255 5809 3370 5881 quia
3395 5812 3436 5858 ct
3464 5811 3542 5869 ego
3565 5791 3667 5844 sicut
3690 5783 3761 5828 ros-

3643 5608 3708 5648 :ttlt
3730 5597 3772 5638 80
