3920 6358
130 381 229 439 8(ιὸ

128 504 187 558 ἀν
210 499 415 570 γένοιτο
451 495 620 571 μικρά
652 494 753 567 τῆς
786 496 1171 568 προσηκούσης
1201 495 1540 551 ἀπολαύοντα
1571 498 1690 549 ἐπι-

125 581 355 657 μελείας.

183 749 350 804 Τοῦτο
378 748 559 815 τοίνυν
600 746 734 819 πρὸς
768 748 966 812 αὐτοὺς
1011 747 1248 818 λέγομεν
1281 748 1567 819 πρότερον,
1607 747 1689 800 ὅτι

118 833 261 889 οὐδὲν
284 834 470 903 χεῖρον
497 830 827 900 φιλονεικίας
849 831 943 885 καὶ
970 830 1148 901 μάχης
1173 831 1268 884 καί⁵
1298 830 1395 886 τοῦ
1424 833 1522 900 τήν
1564 830 1690 884 Ἑκ-

116 916 335 989 κλησίαν
360 916 616 987 διασπᾷν,
657 915 754 969 καὶ
778 914 870 968 τὸν
911 915 1134 985 χιτῶνα,
1165 914 1225 969 δν
1255 916 1353 968 οὐκ
1380 914 1686 985 ἐτόλμησαν

116 1006 157 1058 οἰ
201 998 394 1073 λῃσταὶ
442 998 753 1070 διαρρῆξαι,
789 997 978 1052 τοῦτον
1023 1001 1103 1061 εἰς
1138 996 1307 1052 πολλά
1354 999 1685 1068 κατατεμεῖν

118 1086 267 1158 μέρη.
317 1083 436 1137 Οὐκ
483 1083 746 1154 ἀρκοῦσιν
792 1084 848 1135 αἱ
875 1081 1064 1135 λοιπαὶ
1103 1081 1369 1153 αἱρέσεις,
1414 1080 1550 1135 άλλά
1589 1081 1685 1134 καὶ

114 1171 260 1239 ἡμεῖς
288 1166 518 1229 ἑαυτοὺς
556 1164 991 1236 κατατέμωμεν;
1027 1166 1142 1219 Ούκ
1169 1163 1388 1227 ἀκούεις
1415 1164 1509 1217 τοῦ
1537 1163 1683 1217 Παύ-

114 1250 196 1305 λου
239 1249 493 1321 λέγοντος
513 1268 526 1281 ο
563 1251 632 1304 El
665 1248 734 1302 δὲ
763 1248 1083 1317 ἀλλήλους
1118 1249 1371 1306 δάκνετε
1398 1249 1495 1304 καί
1541 1265 1681 1303 κατ-

112 1335 354 1399 εσθίετε,
383 1331 650 1399 ,ϐλέπετε
676 1331 763 1403 μὴ
811 1331 932 1388 ὑπὸ
972 1333 1264 1401 ἀλλήλων
1296 1331 1680 1401 άναλωθῆτε;

117 1417 250 1485 Ἔξω
276 1421 373 1490 τῆς
410 1417 612 1490 ἀγέλης
645 1416 904 1489 βαδίζεις,
927 1417 1050 1471 είπέ
1077 1435 1190 1489 μοι,
1222 1417 1317 1471 καὶ
1346 1418 1407 1472 ού
1440 1417 1682 1481 δέδοικας

111 1502 190 1557 τὸν
228 1500 420 1555 λέοντα
456 1499 549 1554 τὸν
597 1500 796 1567 ἔξωθεν
833 1500 1147 1572 περιιόντα;
1207 1501 1260 1554 Ὀ
1309 1500 1525 1570 ἐχθρὸς
1572 1500 1681 1570 γὰρ

111 1583 283 1655 ὑμῶν,
332 1584 415 1650 ὠς
451 1584 639 1655 λέων,
676 1583 1071 1654 περιέρχεται,
1122 1585 1309 1656 φησιν,
1343 1584 1681 1654 ὼρυόμενος

112 1668 197 1723 καὶ
245 1665 434 1735 ζητῶν
468 1667 604 1721 τίνα
637 1667 904 1737 ἁρπάσῃ.
957 1670 1100 1740 ὐρα
1145 1668 1338 1738 σοφίαν
1391 1666 1675 1737 ποιμένοςυ

109 1751 217 1805 οὔτε
256 1751 405 1804 ἔνδον
439 1751 655 1821 ἀφῆκεν
692 1746 833 1805 εἶναι
885 1754 943 1805 ἐν
973 1755 1086 1815 τοῖς
1130 1751 1446 1823 προϐάτοις,
1483 1752 1571 1806 ῖνα
1601 1751 1677 1823 μή

109 1832 512 1906 καταπλήξηται
547 1833 648 1905 τὴν
682 1834 953 1906 ποίμνηνσ
986 1833 1111 1889 οὗτε
1141 1834 1343 1901 ἔξωθεν
1365 1835 1675 1906 ἀπήγαγεν,

110 1918 185 1972 ἵνα
207 1918 284 1989 τῷ
310 1918 471 1989 φόϐῳ
488 1916 585 1972 τοῦ
615 1916 810 1991 θηρίου
845 1919 1056 1982 πάντας
1088 1918 1198 1972 ἐσω
1227 1919 1530 1990 συναγάγῃ.
1561 1920 1676 1973 οὐκ

106 2002 214 2074 αἰδῇ
234 2002 326 2058 τὸν
351 2001 599 2072 πατέρας
641 2001 906 2075 φοϐήθητι
934 2002 1025 2057 τὸν
1041 2000 1263 2074 ἐχθρόν·
1294 2003 1343 2056 εἰ
1370 2001 1675 2073 ἀποσχίσῃς

108 2087 285 2142 σαυτὸν
312 2087 416 2158 τῆς
438 2086 661 2159 ἀγέλης,
690 2086 898 2151 ἐκεῖνός
925 2103 984 2140 σε
1003 2086 1213 2153 δέξεται
1240 2087 1476 2151 πάντως.
1521 2085 1675 2139 Ἡδύ-

105 2188 219 2226 νατο
243 2170 341 2243 μὲν
365 2170 479 2243 γάρ
505 2171 598 2224 καὶ
621 2170 823 2237 ἔξωθεν
845 2172 1010 2224 αὐτὸν
1032 2171 1342 2241 ἀπαγαγεῖν
1364 2172 1393 2225 6
1419 2161 1671 2243 Χριστὸς,

106 2254 203 2308 ἀλλ’
240 2255 325 2309 ἴνα
354 2271 417 2308 σε
450 2254 850 2327 παρασκευάσῃ
886 2254 1077 2326 νήφειν
1102 2254 1194 2309 καὶ
1220 2253 1510 2324 ἐναγώνιον
1534 2249 1673 2309 εἶναι

105 2339 184 2392 καὶ
215 2339 347 2412 πρὸς
394 2339 497 2408 τὴν
548 2337 760 2411 μητέρα
805 2338 1041 2408 συνεχῶς
1075 2341 1433 2408 καταφυγεῖν,
1464 2338 1672 2409 ἀφῆκεν

103 2421 280 2489 ἔξωθεν
314 2422 618 2496 ὠρύεσθαι,
661 2422 749 2478 ἵνα
791 2424 839 2477 οἰ
893 2422 1131 2488 ἔνδοθεν,
1173 2423 1464 2485 ἀκούοντες
1504 2421 1671 2475 αὑτοῦ

103 2506 189 2578 τῆς
209 2507 418 2579 φωνῆς,
450 2506 649 2577 μᾶλλον
677 2506 1109 2576 συσφίγγωνται,
1140 2506 1231 2560 καὶ
1247 2506 1384 2578 πρὶς
1411 2505 1672 2578 ἀλλήλους

102 2590 531 2661 καταφεύγωσιν.
564 2590 722 2644 Οῦτω
750 2591 845 2643 καὶ
875 2590 1108 2662 μητέρες
1143 2589 1357 2643 ποιοῦσι
1389 2590 1672 2661 φιλόστορ-

102 2682 196 2741 γοι·
223 2673 285 2727 τά
317 2673 517 2728 παιδία
550 2673 1072 2745 κλαυθμυριζόμενα
1106 2673 1368 2737 πολλάκις
1389 2673 1671 2727 ἀπειλοῦσι

106 2760 196 2820 τοῖς
227 2758 461 2831 στόμασι
509 2756 618 2811 τῶν
652 2757 833 2811 λύκων
877 2758 1114 2829 ῥίπτειν,
1154 2757 1253 2827 οὐχ
1283 2758 1371 2810 ἴνα
1417 2757 1669 2828 ριφώσιν,

101 2841 197 2896 ἀλλ’
234 2843 318 2897 ἴνα
372 2843 626 2897 παύσωσι
666 2842 1109 2915 δυσχεραίνοντα.
1147 2842 1333 2894 Πάντα
1365 2843 1394 2894 6
1437 2842 1671 2913 Χριστὸς

100 2924 172 2979 διὰ
199 2926 362 2982 τοῦτο
396 2926 651 2998 ἐποίησεν
690 2927 776 2981 ἵνα
797 2926 1189 2999 εἰρηνεύωμεν,
1221 2927 1307 2980 ἵνα
1333 2925 1471 2998 πρὸς
1505 2924 1673 2995 ἀλλή-

98 3011 206 3075 λους
236 3006 393 3083 ὦμεν
423 3010 821 3079 συνδεδεμένοι.

159 3155 214 3227 β’.
242 3158 348 3213 Διά
370 3156 529 3211 τοῦτο
551 3157 645 3211 καὶ
672 3155 882 3221 Παῦλος
905 3154 1074 3208 πολλά
1104 3155 1197 3208 καὶ
1233 3152 1442 3224 μεγάλα
1466 3154 1666 3225 Κοριν-

101 3238 217 3305 θίοις
244 3239 504 3310 ἐγκαλεῖν
540 3242 702 3312 ἔχων,
748 3241 902 3294 οὐδὲν
947 3239 1234 3294 ἐνεκάλεσε
1288 3238 1396 3308 πρὸ
1436 3237 1664 3291 τούτου’

100 3322 197 3377 ἀλλ’
227 3325 369 3397 ἔχων
416 3326 602 3389 αὐτοῖς
646 3324 939 3394 ἐγκαλέσαι
969 3325 1062 3377 καὶ
1095 3323 1224 3394 περί
1265 3322 1543 3393 πορνείας,
1573 3320 1669 3375 καὶ

99 3408 210 3479 περί
232 3409 517 3474 ἀπονοίας,
541 3409 636 3463 καὶ
665 3409 774 3462 τῶν
802 3408 909 3473 ἔξω
932 3406 1318 3478 δικαστηρτων,
1344 3407 1439 3459 καὶ
1470 3405 1579 3458 τῶν
1610 3405 1668 3456 ἐν

96 3494 194 3557 τοῖς
222 3493 520 3557 εἰδωλείοις
542 3493 884 3564 συμποσίων,
919 3494 1014 3546 καὶ
1044 3494 1130 3546 ὅτι
1152 3493 1409 3560 γυναῖκες
1445 3490 1543 3561 μὲν
1568 3488 1669 3543 οὐκ

98 3574 450 3632 ἐκαλύπτοντο
480 3576 582 3640 τάς
616 3576 880 3646 κεφαλὰς,
926 3575 1118 3645 ἄνδρες
1145 3574 1203 3628 δέ
1232 3573 1392 3628 τοῦτο
1427 3572 1664 3639 ἐποίουν,

100 3660 178 3711 καὶ
215 3660 357 3731 μετά
402 3659 609 3714 τούτων
660 3661 917 3714 ἀπάντων
965 3658 1054 3713 διὰ
1112 3659 1211 3727 τὴν
1254 3656 1363 3709 τῶν
1417 3656 1668 3725 πενήτων

98 3740 410 3815 ὑπεροψίαν,
442 3744 538 3798 καὶ
558 3743 656 3814 τὴν
682 3745 747 3797 ἐκ
773 3741 885 3796 τῶν
917 3742 1276 3813 χαρισμάτων
1309 3739 1667 3810 ἐγγινομένην

97 3825 261 3891 αὐτοῖς
293 3827 580 3891 ἀπόνοιαν,
604 3826 699 3880 καὶ
729 3827 860 3899 περὶ
885 3825 983 3895 τῆς
1007 3824 1115 3876 τῶν
1138 3822 1406 3894 σωμάτων
1435 3824 1669 3876 ἀναστά-

100 3924 219 3975 σεως
239 3928 250 3939 ·
296 3911 438 3982 ἔχων
471 3912 529 3965 δὲ
566 3909 707 3981 μετά
754 3908 958 3963 τούτων
990 3908 1248 3962 ἀπάντων
1291 3907 1387 3960 καὶ
1419 3908 1545 3977 περὶ
1571 3907 1669 3978 τῆς

98 3993 218 4065 πρὸς
258 3994 533 4067 ἀλλήλους
584 3992 921 4065 φιλονεικίας
959 3991 1055 4046 καὶ
1091 3989 1440 4060 διχοστασίας
1484 3990 1667 4054 αὐτοῖς

98 4076 428 4151 ἐπιτιμῆσαι,
485 4079 664 4133 πάντα
717 4076 787 4130 τά
839 4076 974 4133 ἄλλα
1027 4072 1400 4148 παραδραμὼν
1421 4112 1435 4137 ,
1492 4075 1670 4127 ἐκεῖνο

98 4158 391 4234 διορθοῦται
439 4161 728 4233 πρότερον.
782 4160 892 4214 Kal
926 4161 976 4212 εἰ
1009 4156 1083 4229 μὴ
1116 4157 1259 4212 δοκῶ
1293 4155 1667 4228 παρενοχλεῖν,

98 4241 180 4295 ἀπ’
202 4246 383 4301 αὐτῶν
410 4244 506 4300 τοῦ
538 4243 754 4299 Παύλου
783 4241 1045 4316 ῥημάτων
1073 4240 1231 4294 τοῦτο
1267 4241 1479 4311 ποιήσω
1508 4255 1672 4308 φανε-

101 4327 199 4398 ρὸν,
224 4331 308 4385 ὅτι
333 4330 514 4385 πάντα
538 4329 725 4382 ἐκεῖνα
753 4326 892 4397 ἐχων
918 4324 1193 4394 ἐγκαλεῖν,
1227 4323 1380 4377 οὐδὲν
1412 4322 1519 4394 πρὸ
1547 4320 1670 4375 τού-

99 4425 180 4464 του
219 4411 551 4484 διώρθωσεν.
598 4412 721 4464 Ὀτι
765 4411 863 4481 μὲν
897 4408 1005 4481 γάρ
1058 4406 1384 4478 ἐπόρνευον,
1436 4404 1670 4459 ἄκουσον

99 4495 145 4547 τί
187 4514 350 4570 φησιν
371 4514 385 4529 ·
417 4499 605 4563 "0.1m;-
642 4494 924 4550 ἀκούεται
953 4495 1024 4547 ἐν
1055 4491 1200 4562 ὑμῖν
1228 4490 1497 4559 πορνεία.
1548 4491 1667 4544 Ὀτι

99 4575 149 4631 δέ
188 4582 281 4636 καὶ
333 4580 713 4651 πεφυσίωνται
760 4579 855 4631 καὶ
913 4577 1059 4649 μέγα
1098 4574 1394 4648 ἐφρόνουν’
1451 4573 1548 4641 Ὠς
1579 4572 1666 4643 μὴ

100 4660 413 4735 ἐρχομένου
435 4662 506 4718 δέ
522 4682 645 4734 μου
674 4661 826 4732 πρὸς
855 4659 1014 4731 ὑμᾶς
1033 4655 1465 4731 ἐφυσιώθησάν
1485 4674 1665 4724 τινες.

102 4743 209 4801 ὀτι
245 4749 302 4802 δὲ
344 4748 444 4803 καὶ
478 4746 584 4813 ἐξω
634 4746 798 4802 πάλιν
844 4743 1187 4810 ἐδικάζοντο⁸
1242 4739 1439 4812 Τολμᾷ
1478 4758 1567 4808 τις
1599 4741 1669 4806 ἐξ

99 4829 270 4898 ὑμῶν,
299 4829 543 4902 πρᾶγμα
567 4830 729 4901 ἔχων
770 4827 922 4897 πρὸς
968 4828 1076 4881 τὸν
1098 4826 1326 4895 ἕτερον,
1360 4826 1668 4893 κρίνεσθαι

98 4909 188 4965 ἑκί
218 4913 335 4969 τῶν
379 4915 691 4978 ἁπίστων;
726 4915 849 4967 ’Ὀτι
875 4911 932 4964 δὲ
967 4911 1062 4964 καὶ
1093 4909 1419 4963 εἰδωλόθυτα
1446 4908 1665 4981 ήσθιονο

104 4997 175 5050 οὐ
209 4997 472 5054 δύνασθε
512 4994 806 5066 τραπέζης
840 4996 1067 5063 Κυρίου
1091 4992 1370 5063 μετέχειν
1403 4993 1498 5046 καὶ
1531 5010 1667 5062 τρα-

100 5075 258 5147 πέζης
297 5079 644 5149 δαιμονίων.
678 5076 784 5131 Kal
827 5078 958 5149 περί
993 5073 1145 5149 [608]
1185 5075 1279 5128 τοῦ
1312 5073 1387 5146 μὴ
1420 5091 1667 5127 κατακα-

100 5156 379 5218 λύπτεσθαι
415 5162 474 5217 δέ
518 5161 617 5224 τὰς
656 5163 945 5231 γυναῖκας,
992 5159 1128 5214 ἀλλά
1159 5160 1286 5222 τοὺς
1330 5159 1531 5229 ἀνδρας
1570 5159 1667 5212 ἀπ’

100 5242 350 5314 ἐναντίας,
385 5246 617 5300 ἄκουσον
650 5245 766 5310 πῶς
802 5247 985 5308 αὐτοῖς
1028 5246 1258 5314 ἐπιτιμᾷ
1298 5243 1511 5311 λέγων’
1540 5241 1669 5309 Πᾶς

97 5326 239 5400 ἀνὴρ
273 5331 766 5401 προσευχόμενος
795 5328 834 5399 ἢ
869 5328 1267 5397 προφητεύων
1300 5328 1453 5379 κατὰ
1486 5341 1669 5395 κεφα-

97 5409 204 5478 λῆς
250 5415 445 5485 ἔχων,
498 5412 894 5480 καταισχύνει
952 5411 1068 5479 τὴν
1117 5408 1396 5478 κεφαλὴν
1447 5409 1664 5464 αὐτοῦ·

100 5488 252 5550 πᾶσα
274 5496 345 5550 δὲ
382 5494 542 5565 γυνὴ
588 5493 1073 5563 προσευχομένη,
1113 5492 1151 5560 ἢ
1201 5492 1668 5560 προφητεύουσα

99 5574 563 5647 ἀκατακαλύπτῳ
613 5577 691 5647 τῇ
726 5575 988 5649 κεφαλῇ,
1016 5576 1408 5646 καταισχύνει
1428 5576 1545 5644 τὴν
1574 5594 1670 5631 κε-

102 5662 294 5732 φαλὴν
329 5663 544 5732 αὐτῆς.
591 5664 702 5716 Καὶ
728 5662 811 5715 ὅτι
854 5660 965 5714 τῶν
1014 5661 1264 5729 πενήτων
1301 5659 1666 5731 ὑπερεώρων,

104 5741 188 5795 καὶ
225 5744 382 5800 τοῦτο
414 5744 681 5815 ἐδήλωσεν
724 5743 895 5798 εἰπών
918 5762 930 5775 ο
972 5747 1075 5810 ’ος
1107 5744 1226 5813 μὲν
1259 5741 1457 5810 πεινᾷ,
1497 5743 1567 5810 δς
1602 5742 1671 5797 δὲ

105 5828 323 5888 ιιεθύειο
354 5829 447 5884 καὶ
486 5828 671 5896 πάλιν,
720 5831 796 5884 ’Ἡ
832 5827 941 5897 τῆς
977 5828 1349 5896 Ἐκκλησίας
1378 5828 1483 5884 τοῦ
1520 5828 1668 5882 Θεοῦ

826 381 894 438 IN
931 380 1061 437 EOS
1098 378 1217 449 QUI
1259 378 1534 438 PASCHA
1575 377 1948 438 JEJUNANT.
1989 384 2365 444 Αωίειιειε
2401 386 2550 445 JUD.
2591 387 2679 445 Ill.

1796 500 2248 572 καταφρονεῖτε,
2304 505 2401 559 καὶ
2449 508 2891 576 καταισχύνετε
2921 506 3065 575 τοὺς
3085 510 3174 579 μὴ
3203 510 3369 580 ἕχον·

1794 597 1939 665 ταςς
1976 582 2193 657 Ἐπειδὴ
2232 586 2286 640 δὲ
2325 590 2419 643 καὶ
2457 594 2569 655 τοῖς
2616 589 2827 661 μείζοσι
2867 589 2978 645 τῶν
3022 595 3376 665 χαρισμάτων

1794 663 2031 729 ἅπαντες
2064 668 2374 741 ἐπεπήδων,
2398 674 2491 726 καὶ
2511 674 2572 727 τὸ
2602 672 2820 728 ἐλαττον
2833 673 3007 739 οὐδεὶς
3029 663 3371 747 κατεδέχετο,

1792 747 1925 817 φησί
1950 766 1971 832 ’ί
2002 749 2100 816 Μὴ
2128 752 2350 821 πάντες
2380 757 2715 812 ἀπόστολοι
2740 774 2759 823 ;
2784 757 2870 828 μή
2891 757 3115 825 πάντες
3142 759 3371 832 προφῆ-

1791 845 1885 883 ται
1908 846 1928 895 ;
1963 831 2086 886 Ὀτι
2114 834 2174 888 δέ
2203 838 2298 891 καὶ
2329 839 2455 909 περί
2482 841 2580 910 τῆς
2611 841 2965 905 ἀναστάσεως
2997 831 3367 913 ἀμφέϐαλλον,

1801 913 1953 970 Ἀλλ’
1990 916 2117 982 ἐρεῖ
2136 936 2249 987 τις,
2292 922 2446 992 φησὶ,
2494 923 2628 992 Πῶς
2656 924 2986 995 ἐγείρονται
3028 931 3082 982 οἱ
3126 928 3330 995 νεκροί
3346 943 3367 991 ;

1786 997 1937 1081 ,ποίῳ
1982 998 2052 1053 δὲ
2095 1000 2319 1072 σώματι
2362 1005 2678 1075 ἕρχονται;
2743 1009 2882 1063 Ἀλλ’
2931 1010 3082 1081 ὅμως
3131 1007 3367 1063 τοσαῦτα

1785 1076 2271 1164 ἔχωνέγκαλὲσαι,
2303 1088 2455 1141 οὐδὲν
2477 1088 2584 1160 πρὸ
2612 1090 2822 1144 ἐκείνου
2859 1076 2996 1164 πρὸς
3019 1090 3216 1155 αὐτοὺς
3245 1086 3366 1147 εἷπε

1784 1162 1885 1232 τῆς
1932 1163 2269 1234 διαστάσεως
2318 1173 2412 1224 καὶ
2460 1172 2559 1243 τῆς
2595 1162 2962 1243 φιλονεικίας·
2996 1174 3112 1230 ἀλλ’
3162 1174 3367 1237 εὐθέως

1783 1244 2088 1317 ἀρχόμενος
2120 1251 2219 1321 τῆς
2273 1254 2564 1325 ἐπιπολῆς
2586 1295 2600 1320 ,
2635 1255 2780 1310 οὕτω
2827 1256 2945 1321 πώς
2976 1274 3130 1329 φησι.
3167 1260 3366 1326 Παρα-

1782 1329 1952 1383 καλῶ
1980 1331 2050 1385 δὲ
2095 1331 2273 1401 ὑμᾶς,
2312 1336 2586 1408 ἀδελφοὶ,
2625 1338 2726 1394 διὰ
2774 1340 2881 1395 τοῦ
2926 1340 3217 1410 ὀνόματος
3253 1338 3364 1394 τοῦ

1782 1414 2007 1481 Κυρίου
2032 1416 2211 1503 μήμῶν
2263 1419 2468 1503 Ἰησοῦ
2499 1422 2781 1503 δριστοίξ,
2833 1424 2933 1478 ἵνα
2964 1423 3031 1477 τὸ
3068 1425 3214 1478 αὐτὸ
3260 1421 3362 1477 λέ-

1782 1512 1925 1564 γητε
1961 1498 2206 1567 πάντες,
2244 1502 2344 1556 καί
2362 1502 2450 1573 μὴ
2483 1497 2524 1575 ᾗ
2554 1504 2626 1559 ἐν
2654 1497 2797 1575 ὑμῖν
2827 1507 3157 1576 σχίσματα.
3207 1503 3362 1577 ᾜδει

1780 1577 1909 1650 γὰρ,
1942 1581 2061 1652 ᾔδει
2097 1583 2307 1654 σαφῶς,
2341 1585 2425 1639 ὅτι
2451 1586 2611 1641 τοῦτο
2642 1589 2907 1661 πρότερον
2934 1585 3002 1659 ῆν
3026 1588 3089 1642 τὸ
3117 1589 3365 1641 κατεπεῖ-

1779 1678 1895 1729 γον.
1957 1664 2014 1718 '0
2050 1667 2333 1738 πορνεύων
2373 1668 2440 1723 ἀν
2498 1670 2741 1742 συνεχῶς
2782 1674 2863 1735 εἰς
2916 1671 3017 1743 τήν
3066 1669 3361 1741 ἐκκλησίαι

1778 1745 1952 1819 εἰσίῃ,
1984 1748 2080 1803 καὶ
2107 1753 2137 1804 6
2178 1750 2416 1819 ἀλαζὼν,
2459 1755 2555 1807 καὶ
2591 1757 2619 1808 6
2664 1754 2843 1808 ὁτιοῦν
2875 1754 3017 1825 ἐχων
3049 1753 3358 1824 ἐλάττωμα,

1776 1831 1989 1899 ταχέως
2034 1833 2169 1887 αὐτὸ
2214 1835 2474 1906 συνεχοῦς
2526 1837 2817 1893 ἀπολαύων
2852 1837 3204 1902 διδασκαλίας
3249 1838 3356 1891 ἀπ-

1776 1913 2071 1985 ωθήσεται,
2103 1917 2199 1971 καὶ
2237 1919 2374 1989 πρὸς
2401 1919 2501 1990 τὴν
2534 1920 2748 1990 ὑγίειαν
2791 1921 3050 1993 ἐπανήξει
3071 1938 3085 1953 ο
3117 1923 3147 1973 6
3176 1921 3359 1992 μέντοι

1776 1996 1875 2068 τῆς
1910 2000 2130 2054 συνόδου
2155 2001 2362 2071 ταύτης
2395 2003 2585 2057 ἐαυτὸν
2618 2004 2958 2077 ἀπορρήξας,
2991 2006 3085 2059 καὶ
3112 2005 3212 2076 τῆς
3247 2004 3358 2057 τῶν

1778 2080 2031 2152 πατέρων
2076 2082 2430 2149 διδασκαλίας
2484 2086 2869 2157 ὑπεξαγαγὼν,
2914 2089 3007 2141 καὶ
3037 2088 3099 2141 rb
3128 2090 3359 2157 ἰατρεῖον

1776 2165 1987 2233 φυγὼν,
2040 2167 2145 2220 κᾶν
2180 2167 2450 2238 ὑγιαίνειν
2483 2168 2638 2242 δοκῇ,
2674 2171 2885 2241 ταχέως
2923 2174 3004 2235 εἰς
3047 2171 3360 2239 ἀρρωστίαν

1776 2251 2042 2305 πεσεῖται.
2073 2250 2186 2306 Καὶ
2227 2250 2482 2325 καθάπερ
2525 2254 2706 2326 ἰατρὸς
2746 2253 2969 2327 ἀριστος
3006 2254 3096 2308 τὸν
3127 2256 3359 2327 πυρετὸν

1776 2334 1993 2403 πρῶτον
2041 2334 2262 2403 σϐέσας,
2296 2337 2420 2390 τότε
2461 2336 2534 2390 τά
2570 2338 2702 2411 ἐλκη
2744 2340 2839 2393 καὶ
2877 2340 2948 2393 τά
2979 2341 3237 2413 ῥήγματα
3280 2339 3359 2392 δι-

1774 2416 2062 2488 ορθοῦται·
2090 2419 2234 2474 οὕτω
2273 2421 2368 2475 καί
2407 2421 2619 2486 Παῦλος
2649 2422 2896 2491 ἐποίησε,
2945 2424 3210 2496 πρότερον
3258 2424 3359 2495 τήν

1772 2499 2054 2555 διάστασιν
2097 2501 2323 2570 ἀνελὼν,
2366 2504 2489 2557 τότε
2527 2503 2597 2558 τά
2627 2503 2750 2559 καθ’
2785 2506 3015 2560 ἕκαστον
3050 2508 3210 2578 μέλος
3236 2506 3360 2560 ἐθε-

1776 2583 2019 2654 ράπευσε
2057 2584 2369 2657 τραύματα.
2404 2586 2505 2640 Διά
2536 2587 2694 2641 τοῦτο
2719 2590 2812 2643 καὶ
2844 2588 2987 2661 ὑπὲρ
3024 2590 3215 2643 τούτου
3243 2590 3359 2643 δια-

1772 2666 1989 2738 λέγεται
2013 2671 2120 2741 πρὸ
2151 2671 2377 2735 τούτων,
2414 2673 2551 2745 μηδέ
2574 2672 2888 2739 στασιάζειν
2916 2675 3054 2743 πρὸς
3070 2674 3356 2747 ἀλλήλους,

1776 2753 1911 2823 μηδέ
1939 2756 2175 2820 οἰκείους
2196 2757 2465 2828 ἄρχοντας
2483 2757 2908 2831 ἐπιγράφεσθαι,
2932 2760 3065 2830 μηδέ
3090 2761 3169 2823 είς
3190 2759 3359 2815 πολλά

1772 2842 2101 2908 κατατεμεῖν
2138 2841 2278 2912 μέρη
2330 2842 2570 2913 Χριστοῦ
2607 2842 2668 2895 τὸ
2714 2842 2894 2914 σῶμα.
2941 2841 3126 2897 Ταῦτα
3153 2843 3211 2896 δέ
3257 2843 3359 2897 οὐκ

1772 2922 2000 2987 ἐκείνοις
2034 2922 2187 2993 ἔλεγε
2222 2923 2405 2995 μόνον,
2442 2925 2579 2979 ἀλλά
2616 2927 2712 2980 καὶ
2736 2926 2948 2989 τούτοις
2975 2928 3091 2997 μετ’
3116 2927 3359 2990 ἐκείνους

1770 3004 1841 3057 τά
1872 3005 2014 3059 αύτά
2042 3005 2288 3060 νοσοῦσιν
2312 3007 2571 3072 ἐκείνοις·
2605 3008 2700 3073 οὒς
2728 3010 2899 3080 ἡδέως
2923 3009 3098 3078 ἔγωγε
3119 3008 3185 3063 ἂν
3211 3010 3357 3081 ἐροί-

1776 3105 1906 3159 μην,
1942 3089 1996 3142 τί
2030 3090 2163 3143 ποτέ
2202 3092 2322 3145 ἐστι
2356 3094 2564 3163 πάσχα,
2606 3093 2660 3146 τί
2690 3094 2823 3148 ποτε
2857 3095 2975 3147 ἐστι
3022 3110 3350 3163 τεσσαρακο-

1773 3174 1873 3242 στή
1904 3181 1951 3202 ·’
1988 3173 2081 3226 καὶ
2109 3174 2162 3227 τί
2191 3175 2291 3245 μὲν
2322 3174 2382 3228 rb
2424 3175 2740 3239 Ἰουδαϊκὸν,
2771 3175 2822 3228 τί
2861 3175 2918 3228 δὲ
2950 3175 3010 3228 rb
3054 3176 3353 3247 ἡμέτερον·

1771 3256 1866 3308 καὶ
1904 3256 2049 3320 τίνος
2078 3256 2265 3312 ἐνεκεν
2295 3258 2475 3311 ἐκεῖνο
2507 3257 2606 3329 μὲν
2632 3256 2783 3322 ἀπαξ
2813 3258 2908 3312 τοῦ
2942 3259 3186 3312 ἐνιαυτοῦ
3218 3277 3354 3314 παν-

1769 3340 1861 3404 τὸς
1897 3340 2133 3410 ἐγένετο,
2162 3341 2321 3396 τοῦτο
2340 3342 2543 3397 δὲκαθ’
2574 3345 2811 3415 ἑκάστην
2842 3344 3077 3398 τελεῖται
3101 3343 3316 3411 σύναξιν
3336 3360 3354 3378 ο

1768 3426 1822 3478 τί
1846 3424 2095 3495 βούλεται
2124 3425 2191 3480 τά
2219 3425 2431 3497 ἄζυμα’
2470 3428 2567 3480 καὶ
2589 3426 2754 3499 ἐτερα
2783 3427 2962 3499 πολλῷ
2991 3427 3212 3481 πλείονα
3234 3428 3355 3482 τού-

1769 3524 1882 3562 των
1899 3509 1981 3570 εἰς
2000 3508 2172 3581 αὐτὴν
2201 3508 2407 3581 ταύτην
2429 3508 2788 3564 συντελοῦντα
2819 3510 2916 3581 τὴν
2942 3510 3217 3564 ὑπόθεσιν.
3246 3513 3356 3566 Καὶ

1770 3592 1892 3645 τότε
1925 3591 1992 3646 ἂν
2028 3592 2234 3662 ἔγνωτε
2285 3594 2467 3659 καλῶς
2516 3593 2696 3648 αὐτῶν
2735 3595 2836 3666 τήν
2861 3596 3090 3667 ἄκαιρον
3120 3596 3354 3666 φιλονει-

1771 3676 1918 3743 κίαν,
1945 3677 1994 3730 οἳ
2033 3676 2168 3749 μηδέ
2190 3677 2350 3746 λόγον
2391 3678 2521 3747 περὶ
2558 3672 2634 3732 ὧν
2660 3677 2907 3732 ποιοῦσιν
2944 3679 3238 3733 ἀποδοῦναι
3268 3680 3356 3733 δυ-

1770 3760 2015 3832 νάμενοι,
2058 3761 2313 3834 καθάπερ
2338 3762 2366 3802 1³
2398 3763 2654 3817 ἀπάντων
2685 3764 2838 3825 ὅντες
2870 3762 3190 3835 σοφώτεροι,
3230 3763 3353 3818 οὔτε

1773 3844 1904 3917 παρ’
1936 3844 2140 3917 ἐτέρων
2187 3845 2572 3916 μανθάνουσιν.
2605 3848 2747 3919 ὅπερ
2771 3848 3009 3919 ἐσχάτης
3040 3849 3157 3902 ἐστὶ
3188 3867 3355 3905 κατα-

1771 3926 2028 3997 γνώσεως
2062 3930 2201 4000 μήτε
2227 3930 2427 3995 αὐτοὺς
2450 3931 2672 3995 εἰδέναι,
2702 3934 2840 4003 μήτε
2861 3934 2973 3994 τοῖς
2999 3932 3357 4004 ἐπιτεταγμέ-

1773 4028 1885 4075 νοις
1915 4011 2168 4080 ἐπεσθαι,
2216 4012 2330 4066 ἀλλ’
2372 4014 2556 4079 ἀπλῶς
2606 4015 2785 4087 ἀλόγῳ
2825 4013 3085 4086 συνηθείᾳ
3115 4017 3184 4068 τά
3231 4015 3354 4070 καθ’

1772 4094 1998 4158 ἑαυτοὺς
2023 4094 2440 4169 ἐπιτρέψαντες,
2467 4098 2609 4151 κατά
2644 4097 2933 4170 βαράθρων
2962 4098 3218 4169 φέρονται
3260 4099 3357 4154 καὶ

1773 4196 1880 4251 κρη
1887 4195 2055 4251 μνων.

1841 4354 1911 4417 γ’.
1944 4346 2099 4400 Ἀλλά
2114 4347 2195 4412 τίς
2212 4348 2242 4401 6
2258 4346 2418 4417 σοφὸς
2444 4348 2625 4403 αὐτῶν
2640 4349 2817 4419 λόγος,
2833 4350 2959 4405 ὅταν
2978 4349 3149 4406 ταῦτα
3174 4352 3358 4419 αὐτοῖς

1771 4429 2176 4501 ἀντιλέγωμεν;
2222 4430 2432 4501 Ὑμεῖς,
2469 4435 2656 4505 φησιν,
2689 4434 2752 4487 ού
2800 4433 3006 4507 ταύτην
3034 4436 3356 4510 ἐνηστεύετε

1771 4513 1869 4586 τὴν
1902 4514 2159 4586 νηστείαν
2207 4515 2507 4587 πρότερονς
2560 4516 2733 4570 Τοῦτο
2763 4518 2825 4571 οὐ
2873 4518 2965 4572 σόν
3005 4521 3153 4574 ἐστιν
3182 4523 3359 4577 εἰπεῖν

1771 4598 1909 4669 πρός
1939 4614 2031 4669 με,
2061 4596 2175 4651 ἀλλ’
2211 4598 2313 4668 ἐμὲ
2337 4598 2547 4652 δίκαιον
2574 4599 2642 4653 ἀν
2668 4601 2754 4673 εῖη
2788 4601 2926 4674 πρὸς
2959 4604 3017 4656 σὲ
3050 4603 3249 4673 λέγειν,
3276 4607 3359 4662 ὅτι

1770 4684 1865 4737 καὶ
1905 4683 2066 4753 ἡμεῖς
2102 4679 2276 4745 οὕτως
2324 4682 2687 4754 ἐνηστεύομεν
2726 4684 3015 4756 πρότερον,
3064 4688 3177 4742 ἀλλ’
3209 4688 3360 4760 ὅμως

1772 4765 2222 4837 προετιμήσαμεν
2239 4763 2338 4835 τὴν
2363 4766 2682 4836 συμφωνίαν
2700 4766 2799 4838 τῆς
2820 4768 2929 4821 τῶν
2956 4768 3165 4840 χρόνων
3182 4788 3359 4843 παρα-

1769 4848 2075 4919 τηρήσεως.
2115 4848 2226 4901 Καὶ
2252 4848 2390 4919 ὅπερ
2414 4850 2442 4902 6
2474 4846 2687 4913 Παῦλος
2733 4850 2870 4923 πρὸς
2918 4852 3162 4917 Γαλάτας
3206 4852 3356 4927 [609]

1769 4930 1945 5001 ἔλεγε,
1973 4930 2133 4985 τοῦτο
2174 4931 2268 4985 καὶ
2310 4930 2421 5001 ἐγὼ
2450 4933 2578 5002 ὑμῖν
2606 4933 2750 5002 λέγω
2769 4950 2783 4965 ο
2818 4936 3078 4990 Γίνεσθε
3107 4937 3188 5002 ὡς
3217 4937 3355 5007 ἐγὼ,

1769 5015 1859 5069 ὅτι
1895 5015 2059 5085 κάγὼ
2094 5016 2176 5083 ὡς
2210 5015 2401 5086 ὑμεῖς.
2444 5015 2509 5069 Τί
2556 5016 2613 5070 δὲ
2659 5016 2814 5071 τοῦτό
2864 5019 3046 5073 ἐστινε
3102 5020 3358 5074 Ἐπειθεν

1768 5100 1964 5164 αὐτοὺς
1998 5100 2302 5172 ἀποστῆναι
2336 5101 2658 5171 περιτομῆς,
2693 5102 3106 5176 καταφρονῆσαι
3143 5103 3357 5157 Σαϐϐά-

1768 5200 1877 5236 των
1907 5181 2001 5237 καὶ
2026 5182 2251 5255 ήμερῶν
2282 5183 2377 5237 καί.
2410 5182 2521 5238 τῶν
2555 5183 2732 5238 ἄλλων
2774 5184 2884 5238 τῶν
2913 5186 3161 5255 νομίμων
3188 5187 3360 5240 ἀπάνσ

1768 5283 1895 5320 των.
1932 5262 2088 5331 Εἶτα,
2111 5265 2301 5334 ἐπειδὴ
2326 5266 2634 5331 δεδοικότας
2667 5266 2817 5341 ἐώρα
2847 5271 2942 5322 καὶ
2967 5269 3207 5341 φοϐουμέ
3218 5288 3355 5335 γους,

1772 5350 1982 5420 μήποτε
2027 5349 2393 5422 παραϐάσεως
2421 5349 2645 5404 κόλασιν
2684 5351 3020 5423 ὑπομείνωσι
3053 5353 3146 5407 καὶ
3183 5372 3360 5423 τιμωο

1770 5435 1916 5504 ρίαν,
1952 5434 2062 5487 ἀπὸ
2084 5433 2194 5486 τῶν
2220 5432 2344 5487 καθ’
2368 5434 2558 5489 ἐαυτὸν
2586 5436 2927 5507 πραγμάτων
2949 5439 3030 5501 εἰς
3052 5437 3113 5492 τὸ
3135 5438 3361 5510 θαρρεῖν

1767 5518 1966 5582 αὐτοὺς
1994 5517 2200 5586 ἐνάγει,
2245 5515 2420 5586 λέγων
2442 5533 2455 5547 ·
2490 5519 2747 5573 Γίνεσθε
2783 5519 2866 5586 ὡς
2896 5518 3033 5589 ἐγὼ,
3066 5520 3155 5575 ὅτι
3197 5518 3362 5589 κάγὼ

1768 5603 1849 5667 ὡς
1876 5600 2066 5671 ὑμεῖς.
2115 5601 2209 5673 Μή
2251 5599 2362 5672 γὰρ
2393 5600 2451 5668 ἐξ
2500 5600 2670 5656 ἐθνῶν
2695 5598 2895 5673 ἦλθον;
2943 5603 3107 5674 φησί’
3155 5600 3229 5673 μὴ
3259 5607 3369 5673 γὰρ

1835 5775 1862 5839 ξ
1894 5774 2070 5839 Morel.
2091 5776 2419 5839 πεντηκοστῆς
2444 5774 2597 5839 Suri}.
2622 5775 2806 5839 melius
2822 5776 3209 5839 τεσσαρακοστῆς

1835 5836 1865 5878 1)
1887 5837 1969 5886 Sic
1993 5843 2130 5885 recte
2156 5836 2270 5888 Sav.
2298 5835 2464 5888 Non“.
2488 5837 2674 5902 καίπερ.
2707 5838 2840 5891 Enn.
