  <div class='ocr_page' id='page_1' title='image "/cluster/home/n/w/nwhite01/storage/ocr_20150623/48:no.1:pt.2/coo.31924054869478/344.png"; bbox 0 0 3920 6402; ppageno 0'>
   <div class='ocr_carea' id='block_1_1' title="bbox 202 394 320 446">
    <p class='ocr_par' dir='ltr' id='par_1_1' title="bbox 202 394 320 446">
     <span class='ocr_line' id='line_1_1' title="bbox 202 394 320 446; baseline 0.034 -4"><span class='ocrx_word' id='word_1_1' title='bbox 202 394 320 446; x_wconf 67' lang='grc'><strong>863</strong></span> 
     </span>
    </p>
   </div>
   <div class='ocr_carea' id='block_1_2' title="bbox 202 513 1825 588">
    <p class='ocr_par' dir='ltr' id='par_1_2' title="bbox 202 513 1825 588">
     <span class='ocr_line' id='line_1_2' title="bbox 202 513 1825 588; baseline 0.001 -20"><span class='ocrx_word' id='word_1_2' title='bbox 202 513 356 569; x_wconf 82' lang='lat' dir='ltr'><strong>Num</strong></span> <span class='ocrx_word' id='word_1_3' title='bbox 392 516 545 569; x_wconf 75' lang='lat' dir='ltr'><strong>enim</strong></span> <span class='ocrx_word' id='word_1_4' title='bbox 582 530 645 571; x_wconf 79' lang='lat' dir='ltr'><strong>ex</strong></span> <span class='ocrx_word' id='word_1_5' title='bbox 689 516 966 588; x_wconf 73' lang='lat' dir='ltr'><strong>gentibus,</strong></span> <span class='ocrx_word' id='word_1_6' title='bbox 1016 518 1209 587; x_wconf 91' lang='lat' dir='ltr'><strong>inquit,</strong></span> <span class='ocrx_word' id='word_1_7' title='bbox 1255 518 1417 571; x_wconf 88' lang='lat' dir='ltr'><strong>veni?</strong></span> <span class='ocrx_word' id='word_1_8' title='bbox 1460 517 1593 571; x_wconf 77' lang='lat' dir='ltr'><strong>Num</strong></span> <span class='ocrx_word' id='word_1_9' title='bbox 1642 517 1825 585; x_wconf 78' lang='lat' dir='ltr'><strong>legalis</strong></span> 
     </span>
    </p>
   </div>
   <div class='ocr_carea' id='block_1_3' title="bbox 202 610 1828 682">
    <p class='ocr_par' dir='ltr' id='par_1_3' title="bbox 202 610 1828 682">
     <span class='ocr_line' id='line_1_3' title="bbox 202 610 1828 682; baseline 0.002 -20"><span class='ocrx_word' id='word_1_10' title='bbox 202 610 656 663; x_wconf 73' lang='lat' dir='ltr'><strong>conversationis</strong></span> <span class='ocrx_word' id='word_1_11' title='bbox 685 610 958 682; x_wconf 75' lang='lat' dir='ltr'><strong>imperitus</strong></span> <span class='ocrx_word' id='word_1_12' title='bbox 986 626 1131 665; x_wconf 86' lang='lat' dir='ltr'><strong>eram</strong></span> <span class='ocrx_word' id='word_1_13' title='bbox 1160 652 1172 676; x_wconf 92' lang='lat'><strong>,</strong></span> <span class='ocrx_word' id='word_1_14' title='bbox 1214 622 1304 665; x_wconf 91' lang='lat' dir='ltr'><strong>aut</strong></span> <span class='ocrx_word' id='word_1_15' title='bbox 1343 627 1512 682; x_wconf 76' lang='lat' dir='ltr'><strong>pmna:</strong></span> <span class='ocrx_word' id='word_1_16' title='bbox 1556 627 1671 681; x_wconf 75' lang='lat' dir='ltr'><strong>qum</strong></span> <span class='ocrx_word' id='word_1_17' title='bbox 1714 612 1828 679; x_wconf 81' lang='lat' dir='ltr'><strong>lege</strong></span> 
     </span>
    </p>
   </div>
   <div class='ocr_carea' id='block_1_4' title="bbox 205 702 1830 773">
    <p class='ocr_par' dir='ltr' id='par_1_4' title="bbox 205 702 1830 773">
     <span class='ocr_line' id='line_1_4' title="bbox 205 702 1830 773; baseline 0.001 -19"><span class='ocrx_word' id='word_1_18' title='bbox 205 702 752 770; x_wconf 61' lang='lat' dir='ltr'><strong>tt&#39;axthredieutibus</strong></span> <span class='ocrx_word' id='word_1_19' title='bbox 810 711 890 756; x_wconf 47' lang='lat' dir='ltr'><strong>est</strong></span> <span class='ocrx_word' id='word_1_20' title='bbox 944 707 1213 773; x_wconf 72' lang='lat' dir='ltr'><strong>ptoposita</strong></span> <span class='ocrx_word' id='word_1_21' title='bbox 1244 702 1269 754; x_wconf 85' lang='lat'><strong>?</strong></span> <span class='ocrx_word' id='word_1_22' title='bbox 1323 702 1566 755; x_wconf 78' lang='lat' dir='ltr'><strong>IIebrtrus</strong></span> <span class='ocrx_word' id='word_1_23' title='bbox 1610 719 1718 754; x_wconf 85' lang='lat' dir='ltr'><strong>sum</strong></span> <span class='ocrx_word' id='word_1_24' title='bbox 1765 716 1830 755; x_wconf 74' lang='lat' dir='ltr'><strong>ea:</strong></span> 
     </span>
    </p>
   </div>
   <div class='ocr_carea' id='block_1_5' title="bbox 206 792 1827 865">
    <p class='ocr_par' dir='ltr' id='par_1_5' title="bbox 206 792 1827 865">
     <span class='ocr_line' id='line_1_5' title="bbox 206 792 1827 865; baseline -0.002 -18"><span class='ocrx_word' id='word_1_25' title='bbox 206 792 490 859; x_wconf 56' lang='lat' dir='ltr'><strong>Hebreis,</strong></span> <span class='ocrx_word' id='word_1_26' title='bbox 522 796 792 848; x_wconf 78' lang='lat' dir='ltr'><strong>secundant</strong></span> <span class='ocrx_word' id='word_1_27' title='bbox 821 795 979 865; x_wconf 73' lang='lat' dir='ltr'><strong>legem</strong></span> <span class='ocrx_word' id='word_1_28' title='bbox 1015 794 1308 849; x_wconf 70' lang='lat' dir='ltr'><strong>I’Iutrisa’us</strong></span> <span class='ocrx_word' id='word_1_29' title='bbox 1328 837 1342 860; x_wconf 95' lang='lat'><strong>,</strong></span> <span class='ocrx_word' id='word_1_30' title='bbox 1372 794 1643 848; x_wconf 78' lang='lat' dir='ltr'><strong>sccmutum</strong></span> <span class='ocrx_word' id='word_1_31' title='bbox 1667 810 1827 847; x_wconf 58' lang='lat' dir='ltr'><strong>wmuc</strong></span> 
     </span>
    </p>
   </div>
   <div class='ocr_carea' id='block_1_6' title="bbox 206 885 1826 958">
    <p class='ocr_par' dir='ltr' id='par_1_6' title="bbox 206 885 1826 958">
     <span class='ocr_line' id='line_1_6' title="bbox 206 885 1826 958; baseline -0.001 -18"><span class='ocrx_word' id='word_1_32' title='bbox 206 885 476 940; x_wconf 76' lang='lat' dir='ltr'><strong>lationem</strong></span> <span class='ocrx_word' id='word_1_33' title='bbox 518 904 815 958; x_wconf 62' lang='lat' dir='ltr'><strong>persequens</strong></span> <span class='ocrx_word' id='word_1_34' title='bbox 850 885 1133 941; x_wconf 79' lang='lat' dir='ltr'><strong>Ecclesium</strong></span> <span class='ocrx_word' id='word_1_35' title='bbox 1158 903 1177 943; x_wconf 90' lang='lat'><strong><em>:</em></strong></span> <span class='ocrx_word' id='word_1_36' title='bbox 1208 887 1299 942; x_wconf 82' lang='lat' dir='ltr'><strong>sed</strong></span> <span class='ocrx_word' id='word_1_37' title='bbox 1326 903 1438 956; x_wconf 79' lang='lat' dir='ltr'><strong>qua:</strong></span> <span class='ocrx_word' id='word_1_38' title='bbox 1466 886 1588 940; x_wconf 87' lang='lat' dir='ltr'><strong>mihi</strong></span> <span class='ocrx_word' id='word_1_39' title='bbox 1620 891 1826 958; x_wconf 82' lang='lat' dir='ltr'><strong>[uerunt</strong></span> 
     </span>
    </p>
   </div>
   <div class='ocr_carea' id='block_1_7' title="bbox 207 978 1829 1052">
    <p class='ocr_par' dir='ltr' id='par_1_7' title="bbox 207 978 1829 1052">
     <span class='ocr_line' id='line_1_7' title="bbox 207 978 1829 1052; baseline 0.001 -21"><span class='ocrx_word' id='word_1_40' title='bbox 207 978 365 1031; x_wconf 78' lang='lat' dir='ltr'><strong>lucra</strong></span> <span class='ocrx_word' id='word_1_41' title='bbox 386 1015 405 1043; x_wconf 88' lang='lat'><strong>,</strong></span> <span class='ocrx_word' id='word_1_42' title='bbox 441 978 552 1031; x_wconf 73' lang='lat' dir='ltr'><strong>lucc</strong></span> <span class='ocrx_word' id='word_1_43' title='bbox 581 978 854 1032; x_wconf 80' lang='lat' dir='ltr'><strong>arbitratus</strong></span> <span class='ocrx_word' id='word_1_44' title='bbox 879 996 989 1032; x_wconf 79' lang='lat' dir='ltr'><strong>sum</strong></span> <span class='ocrx_word' id='word_1_45' title='bbox 1015 989 1219 1052; x_wconf 78' lang='lat' dir='ltr'><strong>propter</strong></span> <span class='ocrx_word' id='word_1_46' title='bbox 1244 979 1502 1034; x_wconf 80' lang='lat' dir='ltr'><strong>Christum</strong></span> <span class='ocrx_word' id='word_1_47' title='bbox 1531 979 1829 1033; x_wconf 77' lang='lat' dir='ltr'><strong>detrimenta</strong></span> 
     </span>
    </p>
   </div>
   <div class='ocr_carea' id='block_1_8' title="bbox 211 1066 1826 1139">
    <p class='ocr_par' dir='ltr' id='par_1_8' title="bbox 211 1066 1826 1139">
     <span class='ocr_line' id='line_1_8' title="bbox 211 1066 1826 1139; baseline 0.004 -20"><span class='ocrx_word' id='word_1_48' title='bbox 211 1066 514 1138; x_wconf 70' lang='lat' dir='ltr'><strong>(Philipp.</strong></span> <span class='ocrx_word' id='word_1_49' title='bbox 542 1071 591 1124; x_wconf 80' lang='grc'><strong>5.</strong></span> <span class='ocrx_word' id='word_1_50' title='bbox 620 1071 718 1125; x_wconf 83' lang='grc'><strong>5-7</strong></span> <span class='ocrx_word' id='word_1_51' title='bbox 744 1071 784 1139; x_wconf 82' lang='grc'><strong>).</strong></span> <span class='ocrx_word' id='word_1_52' title='bbox 828 1070 939 1125; x_wconf 78' lang='lat' dir='ltr'><strong>Hoc</strong></span> <span class='ocrx_word' id='word_1_53' title='bbox 970 1081 1069 1138; x_wconf 89' lang='lat' dir='ltr'><strong>est,</strong></span> <span class='ocrx_word' id='word_1_54' title='bbox 1120 1070 1285 1128; x_wconf 86' lang='lat' dir='ltr'><strong>semel</strong></span> <span class='ocrx_word' id='word_1_55' title='bbox 1316 1069 1384 1126; x_wconf 90' lang='lat' dir='ltr'><strong>ab</strong></span> <span class='ocrx_word' id='word_1_56' title='bbox 1433 1071 1537 1125; x_wconf 91' lang='lat' dir='ltr'><strong>illis</strong></span> <span class='ocrx_word' id='word_1_57' title='bbox 1582 1070 1826 1126; x_wconf 83' lang='lat' dir='ltr'><strong>discessi.</strong></span> 
     </span>
    </p>
   </div>
   <div class='ocr_carea' id='block_1_9' title="bbox 211 1164 1683 1242">
    <p class='ocr_par' dir='ltr' id='par_1_9' title="bbox 211 1164 1683 1242">
     <span class='ocr_line' id='line_1_9' title="bbox 211 1164 1683 1242; baseline -0.002 -23"><span class='ocrx_word' id='word_1_58' title='bbox 211 1164 417 1219; x_wconf 71' lang='lat' dir='ltr'><strong>Bstoto</strong></span> <span class='ocrx_word' id='word_1_59' title='bbox 449 1180 581 1235; x_wconf 75' lang='lat' dir='ltr'><strong>ergo</strong></span> <span class='ocrx_word' id='word_1_60' title='bbox 607 1165 741 1219; x_wconf 76' lang='lat' dir='ltr'><strong>sicut</strong></span> <span class='ocrx_word' id='word_1_61' title='bbox 769 1175 821 1219; x_wconf 91' lang='lat' dir='ltr'><strong>et</strong></span> <span class='ocrx_word' id='word_1_62' title='bbox 845 1181 943 1236; x_wconf 85' lang='lat' dir='ltr'><strong>ego</strong></span> <span class='ocrx_word' id='word_1_63' title='bbox 973 1183 987 1221; x_wconf 91' lang='lat'><strong>:</strong></span> <span class='ocrx_word' id='word_1_64' title='bbox 1015 1182 1133 1242; x_wconf 85' lang='lat' dir='ltr'><strong>nam</strong></span> <span class='ocrx_word' id='word_1_65' title='bbox 1161 1175 1213 1220; x_wconf 91' lang='lat' dir='ltr'><strong>et</strong></span> <span class='ocrx_word' id='word_1_66' title='bbox 1235 1166 1371 1219; x_wconf 83' lang='lat' dir='ltr'><strong>sicut</strong></span> <span class='ocrx_word' id='word_1_67' title='bbox 1398 1180 1490 1218; x_wconf 90' lang='lat' dir='ltr'><strong>vos</strong></span> <span class='ocrx_word' id='word_1_68' title='bbox 1516 1181 1683 1219; x_wconf 74' lang='lat' dir='ltr'><strong>enim.</strong></span> 
     </span>
    </p>
   </div>
   <div class='ocr_carea' id='block_1_10' title="bbox 291 1255 1830 1330">
    <p class='ocr_par' dir='ltr' id='par_1_10' title="bbox 291 1255 1830 1330">
     <span class='ocr_line' id='line_1_10' title="bbox 291 1255 1830 1330; baseline 0.002 -22"><span class='ocrx_word' id='word_1_69' title='bbox 291 1255 531 1310; x_wconf 70' lang='lat' dir='ltr'><strong>Nica&#39;nu</strong></span> <span class='ocrx_word' id='word_1_70' title='bbox 582 1258 821 1328; x_wconf 80' lang='lat' dir='ltr'><strong>Synodus</strong></span> <span class='ocrx_word' id='word_1_71' title='bbox 866 1262 929 1312; x_wconf 87' lang='lat' dir='ltr'><strong>de</strong></span> <span class='ocrx_word' id='word_1_72' title='bbox 978 1258 1233 1313; x_wconf 86' lang='lat' dir='ltr'><strong>Paschate</strong></span> <span class='ocrx_word' id='word_1_73' title='bbox 1276 1260 1530 1314; x_wconf 84' lang='lat' dir='ltr'><strong>decretum</strong></span> <span class='ocrx_word' id='word_1_74' title='bbox 1580 1260 1714 1330; x_wconf 72' lang='lat' dir='ltr'><strong>fecit.</strong></span> <span class='ocrx_word' id='word_1_75' title='bbox 1758 1288 1830 1300; x_wconf 89' lang='lat'><strong>—-</strong></span> 
     </span>
    </p>
   </div>
   <div class='ocr_carea' id='block_1_11' title="bbox 210 1346 1827 1419">
    <p class='ocr_par' dir='ltr' id='par_1_11' title="bbox 210 1346 1827 1419">
     <span class='ocr_line' id='line_1_11' title="bbox 210 1346 1827 1419; baseline 0 -19"><span class='ocrx_word' id='word_1_76' title='bbox 210 1346 360 1415; x_wconf 83' lang='lat' dir='ltr'><strong>Quid</strong></span> <span class='ocrx_word' id='word_1_77' title='bbox 393 1356 580 1402; x_wconf 88' lang='lat' dir='ltr'><strong>autem</strong></span> <span class='ocrx_word' id='word_1_78' title='bbox 610 1348 674 1402; x_wconf 92' lang='lat' dir='ltr'><strong>de</strong></span> <span class='ocrx_word' id='word_1_79' title='bbox 701 1364 786 1403; x_wconf 90' lang='lat' dir='ltr'><strong>me</strong></span> <span class='ocrx_word' id='word_1_80' title='bbox 817 1349 1047 1419; x_wconf 87' lang='lat' dir='ltr'><strong>loquor?</strong></span> <span class='ocrx_word' id='word_1_81' title='bbox 1076 1349 1319 1404; x_wconf 86' lang='lat' dir='ltr'><strong>Trecenti</strong></span> <span class='ocrx_word' id='word_1_82' title='bbox 1357 1347 1542 1403; x_wconf 88' lang='lat' dir='ltr'><strong>Patres</strong></span> <span class='ocrx_word' id='word_1_83' title='bbox 1565 1351 1646 1405; x_wconf 89' lang='lat' dir='ltr'><strong>vel</strong></span> <span class='ocrx_word' id='word_1_84' title='bbox 1667 1350 1827 1404; x_wconf 88' lang='lat' dir='ltr'><strong>etiam</strong></span> 
     </span>
    </p>
   </div>
   <div class='ocr_carea' id='block_1_12' title="bbox 214 1440 1830 1513">
    <p class='ocr_par' dir='ltr' id='par_1_12' title="bbox 214 1440 1830 1513">
     <span class='ocr_line' id='line_1_12' title="bbox 214 1440 1830 1513; baseline 0.002 -22"><span class='ocrx_word' id='word_1_85' title='bbox 214 1440 437 1511; x_wconf 73' lang='lat' dir='ltr'><strong>plures,</strong></span> <span class='ocrx_word' id='word_1_86' title='bbox 475 1456 596 1494; x_wconf 90' lang='lat' dir='ltr'><strong>cum</strong></span> <span class='ocrx_word' id='word_1_87' title='bbox 626 1443 679 1495; x_wconf 91' lang='lat' dir='ltr'><strong>in</strong></span> <span class='ocrx_word' id='word_1_88' title='bbox 722 1442 939 1511; x_wconf 87' lang='lat' dir='ltr'><strong>regione</strong></span> <span class='ocrx_word' id='word_1_89' title='bbox 971 1441 1232 1513; x_wconf 70' lang='lat' dir='ltr'><strong>Bithynia:</strong></span> <span class='ocrx_word' id='word_1_90' title='bbox 1271 1442 1680 1507; x_wconf 90' lang='lat' dir='ltr'><strong>convenissent,</strong></span> <span class='ocrx_word' id='word_1_91' title='bbox 1716 1440 1830 1494; x_wconf 88' lang='lat' dir='ltr'><strong>hac</strong></span> 
     </span>
    </p>
   </div>
   <div class='ocr_carea' id='block_1_13' title="bbox 213 1530 1826 1602">
    <p class='ocr_par' dir='ltr' id='par_1_13' title="bbox 213 1530 1826 1602">
     <span class='ocr_line' id='line_1_13' title="bbox 213 1530 1826 1602; baseline -0.001 -17"><span class='ocrx_word' id='word_1_92' title='bbox 213 1530 594 1587; x_wconf 72' lang='lat' dir='ltr'><strong>decreverunt</strong></span> <span class='ocrx_word' id='word_1_93' title='bbox 626 1550 638 1585; x_wconf 89' lang='lat'><strong><em>:</em></strong></span> <span class='ocrx_word' id='word_1_94' title='bbox 674 1543 726 1586; x_wconf 91' lang='lat' dir='ltr'><strong>et</strong></span> <span class='ocrx_word' id='word_1_95' title='bbox 757 1544 807 1586; x_wconf 92' lang='lat' dir='ltr'><strong>ut</strong></span> <span class='ocrx_word' id='word_1_96' title='bbox 845 1533 963 1587; x_wconf 89' lang='lat' dir='ltr'><strong>illos</strong></span> <span class='ocrx_word' id='word_1_97' title='bbox 992 1547 1181 1587; x_wconf 90' lang='lat' dir='ltr'><strong>omnes</strong></span> <span class='ocrx_word' id='word_1_98' title='bbox 1213 1532 1409 1602; x_wconf 86' lang='lat' dir='ltr'><strong>probro</strong></span> <span class='ocrx_word' id='word_1_99' title='bbox 1439 1530 1608 1585; x_wconf 83' lang='lat' dir='ltr'><strong>afticis</strong></span> <span class='ocrx_word' id='word_1_100' title='bbox 1635 1534 1647 1584; x_wconf 75' lang='grc' dir='ltr'>Σ</span> <span class='ocrx_word' id='word_1_101' title='bbox 1685 1532 1826 1584; x_wconf 91' lang='lat' dir='ltr'><strong>Duo-</strong></span> 
     </span>
    </p>
   </div>
   <div class='ocr_carea' id='block_1_14' title="bbox 213 1624 1826 1703">
    <p class='ocr_par' dir='ltr' id='par_1_14' title="bbox 213 1624 1826 1703">
     <span class='ocr_line' id='line_1_14' title="bbox 213 1624 1826 1703; baseline -0.003 -24"><span class='ocrx_word' id='word_1_102' title='bbox 213 1642 342 1680; x_wconf 85' lang='lat' dir='ltr'><strong>tum</strong></span> <span class='ocrx_word' id='word_1_103' title='bbox 391 1626 547 1703; x_wconf 66' lang='lat' dir='ltr'><strong>etaim</strong></span> <span class='ocrx_word' id='word_1_104' title='bbox 588 1626 851 1690; x_wconf 89' lang='lat' dir='ltr'><strong>alterum,</strong></span> <span class='ocrx_word' id='word_1_105' title='bbox 899 1634 989 1680; x_wconf 85' lang='lat' dir='ltr'><strong>aut</strong></span> <span class='ocrx_word' id='word_1_106' title='bbox 1037 1625 1157 1680; x_wconf 88' lang='lat' dir='ltr'><strong>illos</strong></span> <span class='ocrx_word' id='word_1_107' title='bbox 1206 1625 1430 1679; x_wconf 77' lang='lat' dir='ltr'><strong>inscitia:</strong></span> <span class='ocrx_word' id='word_1_108' title='bbox 1478 1624 1826 1689; x_wconf 70' lang='lat' dir='ltr'><strong>condemnas,</strong></span> 
     </span>
    </p>
   </div>
   <div class='ocr_carea' id='block_1_15' title="bbox 216 1717 1827 1790">
    <p class='ocr_par' dir='ltr' id='par_1_15' title="bbox 216 1717 1827 1790">
     <span class='ocr_line' id='line_1_15' title="bbox 216 1717 1827 1790; baseline 0 -19"><span class='ocrx_word' id='word_1_109' title='bbox 216 1719 375 1790; x_wconf 55' lang='lat' dir='ltr'><strong>quasi</strong></span> <span class='ocrx_word' id='word_1_110' title='bbox 432 1734 545 1772; x_wconf 81' lang='lat' dir='ltr'><strong>non</strong></span> <span class='ocrx_word' id='word_1_111' title='bbox 591 1720 719 1774; x_wconf 85' lang='lat' dir='ltr'><strong>satis</strong></span> <span class='ocrx_word' id='word_1_112' title='bbox 749 1728 998 1774; x_wconf 86' lang='lat' dir='ltr'><strong>accurate</strong></span> <span class='ocrx_word' id='word_1_113' title='bbox 1041 1719 1350 1785; x_wconf 73' lang='lat' dir='ltr'><strong>novissent,</strong></span> <span class='ocrx_word' id='word_1_114' title='bbox 1382 1730 1472 1772; x_wconf 88' lang='lat' dir='ltr'><strong>aut</strong></span> <span class='ocrx_word' id='word_1_115' title='bbox 1512 1717 1827 1786; x_wconf 69' lang='lat' dir='ltr'><strong>timiditatis,</strong></span> 
     </span>
    </p>
   </div>
   <div class='ocr_carea' id='block_1_16' title="bbox 214 1812 1829 1884">
    <p class='ocr_par' dir='ltr' id='par_1_16' title="bbox 214 1812 1829 1884">
     <span class='ocr_line' id='line_1_16' title="bbox 214 1812 1829 1884; baseline -0.001 -18"><span class='ocrx_word' id='word_1_116' title='bbox 214 1812 372 1884; x_wconf 72' lang='lat' dir='ltr'><strong>quasi</strong></span> <span class='ocrx_word' id='word_1_117' title='bbox 411 1813 695 1867; x_wconf 70' lang='lat' dir='ltr'><strong>novissent</strong></span> <span class='ocrx_word' id='word_1_118' title='bbox 725 1814 970 1883; x_wconf 87' lang='lat' dir='ltr'><strong>quidem,</strong></span> <span class='ocrx_word' id='word_1_119' title='bbox 1017 1813 1109 1868; x_wconf 90' lang='lat' dir='ltr'><strong>sed</strong></span> <span class='ocrx_word' id='word_1_120' title='bbox 1140 1813 1429 1867; x_wconf 89' lang='lat' dir='ltr'><strong>dissimula.</strong></span> <span class='ocrx_word' id='word_1_121' title='bbox 1451 1822 1570 1868; x_wconf 90' lang='lat' dir='ltr'><strong>sent</strong></span> <span class='ocrx_word' id='word_1_122' title='bbox 1599 1830 1661 1869; x_wconf 89' lang='lat' dir='ltr'><strong>ac</strong></span> <span class='ocrx_word' id='word_1_123' title='bbox 1691 1813 1829 1866; x_wconf 88' lang='lat' dir='ltr'><strong>veri-</strong></span> 
     </span>
    </p>
   </div>
   <div class='ocr_carea' id='block_1_17' title="bbox 220 1904 1831 1974">
    <p class='ocr_par' dir='ltr' id='par_1_17' title="bbox 220 1904 1831 1974">
     <span class='ocr_line' id='line_1_17' title="bbox 220 1904 1831 1974; baseline -0.001 -15"><span class='ocrx_word' id='word_1_124' title='bbox 220 1915 391 1960; x_wconf 80' lang='lat' dir='ltr'><strong>tatem</strong></span> <span class='ocrx_word' id='word_1_125' title='bbox 426 1904 812 1974; x_wconf 81' lang='lat' dir='ltr'><strong>prodidissent.</strong></span> <span class='ocrx_word' id='word_1_126' title='bbox 847 1906 977 1960; x_wconf 88' lang='lat' dir='ltr'><strong>Cum</strong></span> <span class='ocrx_word' id='word_1_127' title='bbox 1016 1907 1160 1960; x_wconf 87' lang='lat' dir='ltr'><strong>enim</strong></span> <span class='ocrx_word' id='word_1_128' title='bbox 1199 1921 1303 1960; x_wconf 91' lang='lat' dir='ltr'><strong>non</strong></span> <span class='ocrx_word' id='word_1_129' title='bbox 1332 1916 1441 1960; x_wconf 87' lang='lat' dir='ltr'><strong>stes</strong></span> <span class='ocrx_word' id='word_1_130' title='bbox 1473 1906 1535 1959; x_wconf 85' lang='lat' dir='ltr'><strong>iis</strong></span> <span class='ocrx_word' id='word_1_131' title='bbox 1557 1947 1570 1970; x_wconf 92' lang='lat'><strong>,</strong></span> <span class='ocrx_word' id='word_1_132' title='bbox 1619 1922 1736 1974; x_wconf 77' lang='lat' dir='ltr'><strong>qua.-</strong></span> <span class='ocrx_word' id='word_1_133' title='bbox 1764 1906 1831 1958; x_wconf 88' lang='lat' dir='ltr'><strong>ah</strong></span> 
     </span>
    </p>
   </div>
   <div class='ocr_carea' id='block_1_18' title="bbox 219 1997 1830 2067">
    <p class='ocr_par' dir='ltr' id='par_1_18' title="bbox 219 1997 1830 2067">
     <span class='ocr_line' id='line_1_18' title="bbox 219 1997 1830 2067; baseline 0 -18"><span class='ocrx_word' id='word_1_134' title='bbox 219 1997 327 2050; x_wconf 84' lang='lat' dir='ltr'><strong>illis</strong></span> <span class='ocrx_word' id='word_1_135' title='bbox 358 1997 586 2052; x_wconf 81' lang='lat' dir='ltr'><strong>decreta</strong></span> <span class='ocrx_word' id='word_1_136' title='bbox 618 2006 775 2062; x_wconf 90' lang='lat' dir='ltr'><strong>sunt,</strong></span> <span class='ocrx_word' id='word_1_137' title='bbox 811 1998 924 2052; x_wconf 71' lang='lat' dir='ltr'><strong>hrrc</strong></span> <span class='ocrx_word' id='word_1_138' title='bbox 950 1997 1126 2051; x_wconf 87' lang='lat' dir='ltr'><strong>omnia</strong></span> <span class='ocrx_word' id='word_1_139' title='bbox 1159 2006 1470 2067; x_wconf 83' lang='lat' dir='ltr'><strong>sequuntur.</strong></span> <span class='ocrx_word' id='word_1_140' title='bbox 1501 1997 1676 2051; x_wconf 65' lang='lat' dir='ltr'><strong>Mulae</strong></span> <span class='ocrx_word' id='word_1_141' title='bbox 1705 2013 1830 2049; x_wconf 71' lang='lat' dir='ltr'><strong>vero</strong></span> 
     </span>
    </p>
   </div>
   <div class='ocr_carea' id='block_1_19' title="bbox 218 2090 1828 2161">
    <p class='ocr_par' dir='ltr' id='par_1_19' title="bbox 218 2090 1828 2161">
     <span class='ocr_line' id='line_1_19' title="bbox 218 2090 1828 2161; baseline -0.001 -17"><span class='ocrx_word' id='word_1_142' title='bbox 218 2090 514 2159; x_wconf 81' lang='lat' dir='ltr'><strong>sapientiae</strong></span> <span class='ocrx_word' id='word_1_143' title='bbox 564 2105 629 2146; x_wconf 90' lang='lat' dir='ltr'><strong>ac</strong></span> <span class='ocrx_word' id='word_1_144' title='bbox 672 2090 996 2146; x_wconf 77' lang='lat' dir='ltr'><strong>fortitudinis</strong></span> <span class='ocrx_word' id='word_1_145' title='bbox 1043 2090 1320 2161; x_wconf 88' lang='lat' dir='ltr'><strong>specimen</strong></span> <span class='ocrx_word' id='word_1_146' title='bbox 1372 2090 1439 2146; x_wconf 91' lang='lat' dir='ltr'><strong>ab</strong></span> <span class='ocrx_word' id='word_1_147' title='bbox 1478 2091 1584 2145; x_wconf 91' lang='lat' dir='ltr'><strong>illis</strong></span> <span class='ocrx_word' id='word_1_148' title='bbox 1628 2090 1828 2144; x_wconf 85' lang='lat' dir='ltr'><strong>editum</strong></span> 
     </span>
    </p>
   </div>
   <div class='ocr_carea' id='block_1_20' title="bbox 221 2180 1828 2253">
    <p class='ocr_par' dir='ltr' id='par_1_20' title="bbox 221 2180 1828 2253">
     <span class='ocr_line' id='line_1_20' title="bbox 221 2180 1828 2253; baseline 0.003 -20"><span class='ocrx_word' id='word_1_149' title='bbox 221 2180 389 2236; x_wconf 86' lang='lat' dir='ltr'><strong>fuisse</strong></span> <span class='ocrx_word' id='word_1_150' title='bbox 427 2189 548 2235; x_wconf 91' lang='lat' dir='ltr'><strong>tum</strong></span> <span class='ocrx_word' id='word_1_151' title='bbox 589 2183 876 2253; x_wconf 86' lang='lat' dir='ltr'><strong>temporis,</strong></span> <span class='ocrx_word' id='word_1_152' title='bbox 919 2183 1097 2238; x_wconf 74' lang='lat' dir='ltr'><strong>omnia</strong></span> <span class='ocrx_word' id='word_1_153' title='bbox 1127 2198 1246 2253; x_wconf 76' lang='lat' dir='ltr'><strong>qua:</strong></span> <span class='ocrx_word' id='word_1_154' title='bbox 1274 2184 1520 2240; x_wconf 82' lang='lat' dir='ltr'><strong>accidere</strong></span> <span class='ocrx_word' id='word_1_155' title='bbox 1547 2190 1828 2238; x_wconf 85' lang='lat' dir='ltr'><strong>testantur.</strong></span> 
     </span>
    </p>
   </div>
   <div class='ocr_carea' id='block_1_21' title="bbox 222 2273 1832 2347">
    <p class='ocr_par' dir='ltr' id='par_1_21' title="bbox 222 2273 1832 2347">
     <span class='ocr_line' id='line_1_21' title="bbox 222 2273 1832 2347; baseline 0 -19"><span class='ocrx_word' id='word_1_156' title='bbox 222 2273 357 2328; x_wconf 84' lang='lat' dir='ltr'><strong>Nam</strong></span> <span class='ocrx_word' id='word_1_157' title='bbox 388 2274 716 2342; x_wconf 82' lang='lat' dir='ltr'><strong>sapientiam</strong></span> <span class='ocrx_word' id='word_1_158' title='bbox 757 2275 970 2346; x_wconf 88' lang='lat' dir='ltr'><strong>quidem</strong></span> <span class='ocrx_word' id='word_1_159' title='bbox 1001 2275 1213 2330; x_wconf 89' lang='lat' dir='ltr'><strong>illorum</strong></span> <span class='ocrx_word' id='word_1_160' title='bbox 1238 2317 1253 2340; x_wconf 94' lang='lat'><strong>,</strong></span> <span class='ocrx_word' id='word_1_161' title='bbox 1295 2292 1413 2347; x_wconf 71' lang='lat' dir='ltr'><strong>qum</strong></span> <span class='ocrx_word' id='word_1_162' title='bbox 1443 2285 1554 2331; x_wconf 79' lang='lat' dir='ltr'><strong>tum</strong></span> <span class='ocrx_word' id='word_1_163' title='bbox 1584 2275 1721 2330; x_wconf 82' lang='lat' dir='ltr'><strong>edita</strong></span> <span class='ocrx_word' id='word_1_164' title='bbox 1750 2284 1832 2330; x_wconf 89' lang='lat' dir='ltr'><strong>est</strong></span> 
     </span>
    </p>
   </div>
   <div class='ocr_carea' id='block_1_22' title="bbox 225 2366 1834 2437">
    <p class='ocr_par' dir='ltr' id='par_1_22' title="bbox 225 2366 1834 2437">
     <span class='ocr_line' id='line_1_22' title="bbox 225 2366 1834 2437; baseline 0.001 -17"><span class='ocrx_word' id='word_1_165' title='bbox 225 2367 361 2422; x_wconf 77' lang='lat' dir='ltr'><strong>fides</strong></span> <span class='ocrx_word' id='word_1_166' title='bbox 393 2367 635 2433; x_wconf 89' lang='lat' dir='ltr'><strong>indicat,</strong></span> <span class='ocrx_word' id='word_1_167' title='bbox 678 2382 798 2437; x_wconf 75' lang='lat' dir='ltr'><strong>qua:</strong></span> <span class='ocrx_word' id='word_1_168' title='bbox 827 2376 880 2422; x_wconf 88' lang='lat' dir='ltr'><strong>et</strong></span> <span class='ocrx_word' id='word_1_169' title='bbox 911 2366 1283 2423; x_wconf 79' lang='lat' dir='ltr'><strong>luereticorum</strong></span> <span class='ocrx_word' id='word_1_170' title='bbox 1329 2384 1390 2422; x_wconf 88' lang='lat' dir='ltr'><strong>os</strong></span> <span class='ocrx_word' id='word_1_171' title='bbox 1429 2368 1733 2434; x_wconf 87' lang='lat' dir='ltr'><strong>obturavit,</strong></span> <span class='ocrx_word' id='word_1_172' title='bbox 1778 2376 1834 2422; x_wconf 86' lang='lat' dir='ltr'><strong>et</strong></span> 
     </span>
    </p>
   </div>
   <div class='ocr_carea' id='block_1_23' title="bbox 225 2458 1832 2531">
    <p class='ocr_par' dir='ltr' id='par_1_23' title="bbox 225 2458 1832 2531">
     <span class='ocr_line' id='line_1_23' title="bbox 225 2458 1832 2531; baseline 0.001 -19"><span class='ocrx_word' id='word_1_173' title='bbox 225 2466 511 2529; x_wconf 78' lang='lat' dir='ltr'><strong>tamquam</strong></span> <span class='ocrx_word' id='word_1_174' title='bbox 560 2473 748 2514; x_wconf 89' lang='lat' dir='ltr'><strong>murus</strong></span> <span class='ocrx_word' id='word_1_175' title='bbox 776 2459 1200 2531; x_wconf 78' lang='lat' dir='ltr'><strong>inexpugnabilis</strong></span> <span class='ocrx_word' id='word_1_176' title='bbox 1233 2474 1418 2515; x_wconf 89' lang='lat' dir='ltr'><strong>omnes</strong></span> <span class='ocrx_word' id='word_1_177' title='bbox 1450 2460 1660 2514; x_wconf 88' lang='lat' dir='ltr'><strong>illorum</strong></span> <span class='ocrx_word' id='word_1_178' title='bbox 1699 2458 1832 2513; x_wconf 88' lang='lat' dir='ltr'><strong>insi-</strong></span> 
     </span>
    </p>
   </div>
   <div class='ocr_carea' id='block_1_24' title="bbox 222 2549 1827 2626">
    <p class='ocr_par' dir='ltr' id='par_1_24' title="bbox 222 2549 1827 2626">
     <span class='ocr_line' id='line_1_24' title="bbox 222 2549 1827 2626; baseline 0.001 -24"><span class='ocrx_word' id='word_1_179' title='bbox 222 2549 346 2626; x_wconf 78' lang='lat' dir='ltr'><strong>dias</strong></span> <span class='ocrx_word' id='word_1_180' title='bbox 391 2550 732 2622; x_wconf 76' lang='lat' dir='ltr'><strong>propulsavit</strong></span> <span class='ocrx_word' id='word_1_181' title='bbox 773 2567 788 2606; x_wconf 90' lang='lat'>:</span> <span class='ocrx_word' id='word_1_182' title='bbox 832 2550 1196 2607; x_wconf 75' lang='lat' dir='ltr'><strong>fortitudinem</strong></span> <span class='ocrx_word' id='word_1_183' title='bbox 1240 2560 1418 2606; x_wconf 90' lang='lat' dir='ltr'><strong>autem</strong></span> <span class='ocrx_word' id='word_1_184' title='bbox 1465 2550 1827 2622; x_wconf 72' lang='lat' dir='ltr'><strong>perquuutio,</strong></span> 
     </span>
    </p>
   </div>
   <div class='ocr_carea' id='block_1_25' title="bbox 224 2640 1831 2713">
    <p class='ocr_par' dir='ltr' id='par_1_25' title="bbox 224 2640 1831 2713">
     <span class='ocr_line' id='line_1_25' title="bbox 224 2640 1831 2713; baseline 0.001 -18"><span class='ocrx_word' id='word_1_185' title='bbox 224 2656 343 2710; x_wconf 66' lang='lat' dir='ltr'><strong>qua:</strong></span> <span class='ocrx_word' id='word_1_186' title='bbox 371 2642 547 2713; x_wconf 82' lang='lat' dir='ltr'><strong>paulo</strong></span> <span class='ocrx_word' id='word_1_187' title='bbox 570 2652 695 2698; x_wconf 90' lang='lat' dir='ltr'><strong>ante</strong></span> <span class='ocrx_word' id='word_1_188' title='bbox 725 2642 908 2698; x_wconf 89' lang='lat' dir='ltr'><strong>sedata</strong></span> <span class='ocrx_word' id='word_1_189' title='bbox 940 2642 1142 2708; x_wconf 86' lang='lat' dir='ltr'><strong>fuerat,</strong></span> <span class='ocrx_word' id='word_1_190' title='bbox 1173 2654 1225 2698; x_wconf 90' lang='lat' dir='ltr'><strong>et</strong></span> <span class='ocrx_word' id='word_1_191' title='bbox 1256 2642 1397 2712; x_wconf 86' lang='lat' dir='ltr'><strong>quod</strong></span> <span class='ocrx_word' id='word_1_192' title='bbox 1426 2642 1682 2698; x_wconf 86' lang='lat' dir='ltr'><strong>Ecclesiis</strong></span> <span class='ocrx_word' id='word_1_193' title='bbox 1711 2640 1831 2697; x_wconf 86' lang='lat' dir='ltr'><strong>fue-</strong></span> 
     </span>
    </p>
   </div>
   <div class='ocr_carea' id='block_1_26' title="bbox 225 2733 804 2789">
    <p class='ocr_par' dir='ltr' id='par_1_26' title="bbox 225 2733 804 2789">
     <span class='ocr_line' id='line_1_26' title="bbox 225 2733 804 2789; baseline 0.003 -4"><span class='ocrx_word' id='word_1_194' title='bbox 225 2740 305 2785; x_wconf 95' lang='lat' dir='ltr'><strong>rat</strong></span> <span class='ocrx_word' id='word_1_195' title='bbox 338 2733 555 2788; x_wconf 91' lang='lat' dir='ltr'><strong>illatum</strong></span> <span class='ocrx_word' id='word_1_196' title='bbox 587 2733 804 2789; x_wconf 87' lang='lat' dir='ltr'><strong>bellum.</strong></span> 
     </span>
    </p>
   </div>
   <div class='ocr_carea' id='block_1_27' title="bbox 300 2825 1829 2899">
    <p class='ocr_par' dir='ltr' id='par_1_27' title="bbox 300 2825 1829 2899">
     <span class='ocr_line' id='line_1_27' title="bbox 300 2825 1829 2899; baseline 0.001 -20"><span class='ocrx_word' id='word_1_197' title='bbox 300 2825 528 2880; x_wconf 75' lang='lat' dir='ltr'><strong>Patrum</strong></span> <span class='ocrx_word' id='word_1_198' title='bbox 573 2825 901 2882; x_wconf 78' lang='lat' dir='ltr'><strong>Nirwnornm</strong></span> <span class='ocrx_word' id='word_1_199' title='bbox 950 2828 1193 2899; x_wconf 76' lang='lat' dir='ltr'><strong>dignitas.</strong></span> <span class='ocrx_word' id='word_1_200' title='bbox 1238 2858 1312 2869; x_wconf 89' lang='lat'><strong><em>—</em></strong></span> <span class='ocrx_word' id='word_1_201' title='bbox 1348 2827 1638 2898; x_wconf 87' lang='lat' dir='ltr'><strong>Tamquam</strong></span> <span class='ocrx_word' id='word_1_202' title='bbox 1688 2828 1829 2882; x_wconf 86' lang='lat' dir='ltr'><strong>enim</strong></span> 
     </span>
    </p>
   </div>
   <div class='ocr_carea' id='block_1_28' title="bbox 224 2920 1828 2991">
    <p class='ocr_par' dir='ltr' id='par_1_28' title="bbox 224 2920 1828 2991">
     <span class='ocr_line' id='line_1_28' title="bbox 224 2920 1828 2991; baseline 0.001 -19"><span class='ocrx_word' id='word_1_203' title='bbox 224 2920 436 2975; x_wconf 72' lang='lat' dir='ltr'><strong>strenui</strong></span> <span class='ocrx_word' id='word_1_204' title='bbox 467 2920 688 2991; x_wconf 89' lang='lat' dir='ltr'><strong>quidam</strong></span> <span class='ocrx_word' id='word_1_205' title='bbox 719 2920 1022 2981; x_wconf 86' lang='lat' dir='ltr'><strong>bellatores,</strong></span> <span class='ocrx_word' id='word_1_206' title='bbox 1054 2922 1347 2976; x_wconf 84' lang='lat' dir='ltr'><strong>innumeris</strong></span> <span class='ocrx_word' id='word_1_207' title='bbox 1377 2922 1593 2991; x_wconf 62' lang='lat' dir='ltr'><strong>tropaais</strong></span> <span class='ocrx_word' id='word_1_208' title='bbox 1613 2921 1828 2987; x_wconf 82' lang='lat' dir='ltr'><strong>erectis,</strong></span> 
     </span>
    </p>
   </div>
   <div class='ocr_carea' id='block_1_29' title="bbox 227 3012 1832 3083">
    <p class='ocr_par' dir='ltr' id='par_1_29' title="bbox 227 3012 1832 3083">
     <span class='ocr_line' id='line_1_29' title="bbox 227 3012 1832 3083; baseline 0.002 -21"><span class='ocrx_word' id='word_1_209' title='bbox 227 3025 287 3065; x_wconf 89' lang='lat' dir='ltr'><strong>ac</strong></span> <span class='ocrx_word' id='word_1_210' title='bbox 315 3012 504 3066; x_wconf 86' lang='lat' dir='ltr'><strong>multis</strong></span> <span class='ocrx_word' id='word_1_211' title='bbox 538 3014 775 3083; x_wconf 79' lang='lat' dir='ltr'><strong>exceptis</strong></span> <span class='ocrx_word' id='word_1_212' title='bbox 802 3013 1142 3078; x_wconf 70' lang='lat' dir='ltr'><strong>vulneribus,</strong></span> <span class='ocrx_word' id='word_1_213' title='bbox 1174 3012 1407 3083; x_wconf 88' lang='lat' dir='ltr'><strong>undique</strong></span> <span class='ocrx_word' id='word_1_214' title='bbox 1433 3023 1541 3068; x_wconf 93' lang='lat' dir='ltr'><strong>tum</strong></span> <span class='ocrx_word' id='word_1_215' title='bbox 1566 3013 1832 3067; x_wconf 70' lang='lat' dir='ltr'><strong>Ecclesia-</strong></span> 
     </span>
    </p>
   </div>
   <div class='ocr_carea' id='block_1_30' title="bbox 229 3105 1828 3177">
    <p class='ocr_par' dir='ltr' id='par_1_30' title="bbox 229 3105 1828 3177">
     <span class='ocr_line' id='line_1_30' title="bbox 229 3105 1828 3177; baseline -0.001 -18"><span class='ocrx_word' id='word_1_216' title='bbox 229 3121 343 3159; x_wconf 89' lang='lat' dir='ltr'><strong>rum</strong></span> <span class='ocrx_word' id='word_1_217' title='bbox 361 3105 631 3177; x_wconf 63' lang='lat' dir='ltr'><strong>pra&#39;sulcs</strong></span> <span class='ocrx_word' id='word_1_218' title='bbox 651 3107 1051 3161; x_wconf 82' lang='lat' dir='ltr'><strong>revertebantur</strong></span> <span class='ocrx_word' id='word_1_219' title='bbox 1067 3106 1308 3176; x_wconf 82' lang='lat' dir='ltr'><strong>stigmata</strong></span> <span class='ocrx_word' id='word_1_220' title='bbox 1322 3105 1419 3161; x_wconf 88' lang='lat' dir='ltr'><strong>Clu</strong></span> <span class='ocrx_word' id='word_1_221' title='bbox 1435 3105 1518 3159; x_wconf 89' lang='lat' dir='ltr'><strong>isti</strong></span> <span class='ocrx_word' id='word_1_222' title='bbox 1536 3114 1828 3174; x_wconf 77' lang='lat' dir='ltr'><strong>portantes,</strong></span> 
     </span>
    </p>
   </div>
   <div class='ocr_carea' id='block_1_31' title="bbox 227 3195 1802 3268">
    <p class='ocr_par' dir='ltr' id='par_1_31' title="bbox 227 3195 1802 3268">
     <span class='ocr_line' id='line_1_31' title="bbox 227 3195 1802 3268; baseline -0.001 -18"><span class='ocrx_word' id='word_1_223' title='bbox 227 3196 315 3265; x_wconf 87' lang='lat' dir='ltr'><strong>qui</strong></span> <span class='ocrx_word' id='word_1_224' title='bbox 346 3198 584 3266; x_wconf 84' lang='lat' dir='ltr'><strong>plurima</strong></span> <span class='ocrx_word' id='word_1_225' title='bbox 616 3206 861 3268; x_wconf 58' lang='lat' dir='ltr'><strong>poterant</strong></span> <span class='ocrx_word' id='word_1_226' title='bbox 904 3212 1222 3251; x_wconf 84' lang='lat' dir='ltr'><strong>enumerare</strong></span> <span class='ocrx_word' id='word_1_227' title='bbox 1249 3195 1527 3266; x_wconf 87' lang='lat' dir='ltr'><strong>supplicia,</strong></span> <span class='ocrx_word' id='word_1_228' title='bbox 1557 3213 1674 3266; x_wconf 73' lang='lat' dir='ltr'><strong>(pne</strong></span> <span class='ocrx_word' id='word_1_229' title='bbox 1703 3210 1802 3249; x_wconf 82' lang='lat' dir='ltr'><strong>con</strong></span> 
     </span>
    </p>
   </div>
   <div class='ocr_carea' id='block_1_32' title="bbox 228 3286 1831 3359">
    <p class='ocr_par' dir='ltr' id='par_1_32' title="bbox 228 3286 1831 3359">
     <span class='ocr_line' id='line_1_32' title="bbox 228 3286 1831 3359; baseline 0.001 -17"><span class='ocrx_word' id='word_1_230' title='bbox 228 3286 480 3345; x_wconf 83' lang='lat' dir='ltr'><strong>fessionis</strong></span> <span class='ocrx_word' id='word_1_231' title='bbox 537 3305 664 3359; x_wconf 83' lang='lat' dir='ltr'><strong>ergo</strong></span> <span class='ocrx_word' id='word_1_232' title='bbox 712 3291 1089 3345; x_wconf 75' lang='lat' dir='ltr'><strong>tuleravetant.</strong></span> <span class='ocrx_word' id='word_1_233' title='bbox 1137 3289 1409 3359; x_wconf 87' lang='lat' dir='ltr'><strong>Siquidem</strong></span> <span class='ocrx_word' id='word_1_234' title='bbox 1454 3288 1541 3342; x_wconf 88' lang='lat' dir='ltr'><strong>alii</strong></span> <span class='ocrx_word' id='word_1_235' title='bbox 1584 3295 1831 3358; x_wconf 88' lang='lat' dir='ltr'><strong>poterant</strong></span> 
     </span>
    </p>
   </div>
   <div class='ocr_carea' id='block_1_33' title="bbox 228 3383 1826 3452">
    <p class='ocr_par' dir='ltr' id='par_1_33' title="bbox 228 3383 1826 3452">
     <span class='ocr_line' id='line_1_33' title="bbox 228 3383 1826 3452; baseline -0.002 -15"><span class='ocrx_word' id='word_1_236' title='bbox 228 3385 445 3439; x_wconf 84' lang='lat' dir='ltr'><strong>metalla</strong></span> <span class='ocrx_word' id='word_1_237' title='bbox 488 3400 734 3445; x_wconf 89' lang='lat' dir='ltr'><strong>narrare,</strong></span> <span class='ocrx_word' id='word_1_238' title='bbox 767 3400 828 3438; x_wconf 90' lang='lat' dir='ltr'><strong>ac</strong></span> <span class='ocrx_word' id='word_1_239' title='bbox 854 3385 1130 3447; x_wconf 87' lang='lat' dir='ltr'><strong>miserias,</strong></span> <span class='ocrx_word' id='word_1_240' title='bbox 1163 3398 1295 3452; x_wconf 87' lang='lat' dir='ltr'><strong>quas</strong></span> <span class='ocrx_word' id='word_1_241' title='bbox 1323 3383 1392 3435; x_wconf 88' lang='lat' dir='ltr'><strong>ibi</strong></span> <span class='ocrx_word' id='word_1_242' title='bbox 1426 3384 1565 3450; x_wconf 80' lang='lat' dir='ltr'><strong>passi</strong></span> <span class='ocrx_word' id='word_1_243' title='bbox 1597 3384 1826 3448; x_wconf 78' lang='lat' dir='ltr'><strong>Inerant,</strong></span> 
     </span>
    </p>
   </div>
   <div class='ocr_carea' id='block_1_34' title="bbox 230 3471 1827 3546">
    <p class='ocr_par' dir='ltr' id='par_1_34' title="bbox 230 3471 1827 3546">
     <span class='ocr_line' id='line_1_34' title="bbox 230 3471 1827 3546; baseline -0.002 -19"><span class='ocrx_word' id='word_1_244' title='bbox 230 3476 316 3530; x_wconf 86' lang='lat' dir='ltr'><strong>alii</strong></span> <span class='ocrx_word' id='word_1_245' title='bbox 341 3476 615 3532; x_wconf 83' lang='lat' dir='ltr'><strong>bonorum</strong></span> <span class='ocrx_word' id='word_1_246' title='bbox 643 3476 879 3530; x_wconf 89' lang='lat' dir='ltr'><strong>omnium</strong></span> <span class='ocrx_word' id='word_1_247' title='bbox 913 3475 1299 3546; x_wconf 88' lang='lat' dir='ltr'><strong>publicationes</strong></span> <span class='ocrx_word' id='word_1_248' title='bbox 1318 3516 1334 3540; x_wconf 94' lang='lat'><strong>,</strong></span> <span class='ocrx_word' id='word_1_249' title='bbox 1363 3474 1448 3527; x_wconf 87' lang='lat' dir='ltr'><strong>alii</strong></span> <span class='ocrx_word' id='word_1_250' title='bbox 1477 3473 1671 3527; x_wconf 70' lang='lat' dir='ltr'><strong>faunem</strong></span> <span class='ocrx_word' id='word_1_251' title='bbox 1692 3513 1707 3536; x_wconf 92' lang='lat'><strong>,</strong></span> <span class='ocrx_word' id='word_1_252' title='bbox 1738 3471 1827 3525; x_wconf 89' lang='lat' dir='ltr'><strong>alii</strong></span> 
     </span>
    </p>
   </div>
   <div class='ocr_carea' id='block_1_35' title="bbox 231 3563 1824 3639">
    <p class='ocr_par' dir='ltr' id='par_1_35' title="bbox 231 3563 1824 3639">
     <span class='ocr_line' id='line_1_35' title="bbox 231 3563 1824 3639; baseline -0.008 -11"><span class='ocrx_word' id='word_1_253' title='bbox 231 3568 536 3639; x_wconf 73' lang='lat' dir='ltr'><strong>frequentia</strong></span> <span class='ocrx_word' id='word_1_254' title='bbox 566 3570 818 3634; x_wconf 88' lang='lat' dir='ltr'><strong>vulnera,</strong></span> <span class='ocrx_word' id='word_1_255' title='bbox 866 3568 992 3623; x_wconf 90' lang='lat' dir='ltr'><strong>dum</strong></span> <span class='ocrx_word' id='word_1_256' title='bbox 1043 3567 1162 3622; x_wconf 88' lang='lat' dir='ltr'><strong>aliis</strong></span> <span class='ocrx_word' id='word_1_257' title='bbox 1206 3567 1370 3621; x_wconf 86' lang='lat' dir='ltr'><strong>latera</strong></span> <span class='ocrx_word' id='word_1_258' title='bbox 1416 3563 1824 3632; x_wconf 71' lang='lat' dir='ltr'><strong>cleradereutur,</strong></span> 
     </span>
    </p>
   </div>
   <div class='ocr_carea' id='block_1_36' title="bbox 230 3659 1826 3732">
    <p class='ocr_par' dir='ltr' id='par_1_36' title="bbox 230 3659 1826 3732">
     <span class='ocr_line' id='line_1_36' title="bbox 230 3659 1826 3732; baseline -0.002 -17"><span class='ocrx_word' id='word_1_259' title='bbox 230 3661 346 3716; x_wconf 86' lang='lat' dir='ltr'><strong>aliis</strong></span> <span class='ocrx_word' id='word_1_260' title='bbox 388 3671 542 3732; x_wconf 80' lang='lat' dir='ltr'><strong>terga</strong></span> <span class='ocrx_word' id='word_1_261' title='bbox 572 3662 1032 3732; x_wconf 78' lang='lat' dir='ltr'><strong>contunderentur</strong></span> <span class='ocrx_word' id='word_1_262' title='bbox 1055 3702 1069 3725; x_wconf 90' lang='lat'><strong>,</strong></span> <span class='ocrx_word' id='word_1_263' title='bbox 1103 3662 1187 3714; x_wconf 89' lang='lat' dir='ltr'><strong>alii</strong></span> <span class='ocrx_word' id='word_1_264' title='bbox 1226 3659 1451 3715; x_wconf 67' lang='lat' dir='ltr'><strong>effossos</strong></span> <span class='ocrx_word' id='word_1_265' title='bbox 1478 3659 1664 3713; x_wconf 89' lang='lat' dir='ltr'><strong>oculos</strong></span> <span class='ocrx_word' id='word_1_266' title='bbox 1688 3700 1703 3725; x_wconf 92' lang='lat'><strong>,</strong></span> <span class='ocrx_word' id='word_1_267' title='bbox 1737 3659 1826 3713; x_wconf 89' lang='lat' dir='ltr'><strong>alii</strong></span> 
     </span>
    </p>
   </div>
   <div class='ocr_carea' id='block_1_37' title="bbox 232 3750 1827 3825">
    <p class='ocr_par' dir='ltr' id='par_1_37' title="bbox 232 3750 1827 3825">
     <span class='ocr_line' id='line_1_37' title="bbox 232 3750 1827 3825; baseline -0.001 -20"><span class='ocrx_word' id='word_1_268' title='bbox 232 3764 378 3822; x_wconf 89' lang='lat' dir='ltr'><strong>parte</strong></span> <span class='ocrx_word' id='word_1_269' title='bbox 402 3755 588 3825; x_wconf 86' lang='lat' dir='ltr'><strong>aliqua</strong></span> <span class='ocrx_word' id='word_1_270' title='bbox 615 3754 855 3825; x_wconf 88' lang='lat' dir='ltr'><strong>corporis</strong></span> <span class='ocrx_word' id='word_1_271' title='bbox 885 3762 1100 3823; x_wconf 86' lang='lat' dir='ltr'><strong>propter</strong></span> <span class='ocrx_word' id='word_1_272' title='bbox 1127 3751 1396 3807; x_wconf 49' lang='lat' dir='ltr'><strong>Christum</strong></span> <span class='ocrx_word' id='word_1_273' title='bbox 1424 3768 1481 3805; x_wconf 89' lang='lat' dir='ltr'><strong>se</strong></span> <span class='ocrx_word' id='word_1_274' title='bbox 1511 3750 1677 3806; x_wconf 86' lang='lat' dir='ltr'><strong>fuisse</strong></span> <span class='ocrx_word' id='word_1_275' title='bbox 1706 3767 1827 3805; x_wconf 85' lang='lat' dir='ltr'><strong>mu-</strong></span> 
     </span>
    </p>
   </div>
   <div class='ocr_carea' id='block_1_38' title="bbox 234 3843 1827 3919">
    <p class='ocr_par' dir='ltr' id='par_1_38' title="bbox 234 3843 1827 3919">
     <span class='ocr_line' id='line_1_38' title="bbox 234 3843 1827 3919; baseline -0.001 -21"><span class='ocrx_word' id='word_1_276' title='bbox 234 3843 409 3901; x_wconf 89' lang='lat' dir='ltr'><strong>tilatos</strong></span> <span class='ocrx_word' id='word_1_277' title='bbox 453 3855 707 3919; x_wconf 79' lang='lat' dir='ltr'><strong>poterant</strong></span> <span class='ocrx_word' id='word_1_278' title='bbox 747 3846 1004 3901; x_wconf 89' lang='lat' dir='ltr'><strong>indicare.</strong></span> <span class='ocrx_word' id='word_1_279' title='bbox 1033 3847 1209 3917; x_wconf 86' lang='lat' dir='ltr'><strong>Atque</strong></span> <span class='ocrx_word' id='word_1_280' title='bbox 1247 3860 1314 3900; x_wconf 82' lang='lat' dir='ltr'><strong>ex</strong></span> <span class='ocrx_word' id='word_1_281' title='bbox 1357 3843 1438 3898; x_wconf 69' lang='lat' dir='ltr'><strong>his</strong></span> <span class='ocrx_word' id='word_1_282' title='bbox 1466 3844 1683 3898; x_wconf 84' lang='lat' dir='ltr'><strong>athletis</strong></span> <span class='ocrx_word' id='word_1_283' title='bbox 1711 3844 1827 3898; x_wconf 87' lang='lat' dir='ltr'><strong>eol—</strong></span> 
     </span>
    </p>
   </div>
   <div class='ocr_carea' id='block_1_39' title="bbox 231 3935 1828 4010">
    <p class='ocr_par' dir='ltr' id='par_1_39' title="bbox 231 3935 1828 4010">
     <span class='ocr_line' id='line_1_39' title="bbox 231 3935 1828 4010; baseline -0.001 -21"><span class='ocrx_word' id='word_1_284' title='bbox 231 3935 362 3992; x_wconf 89' lang='lat' dir='ltr'><strong>lecta</strong></span> <span class='ocrx_word' id='word_1_285' title='bbox 392 3947 508 3994; x_wconf 91' lang='lat' dir='ltr'><strong>tum</strong></span> <span class='ocrx_word' id='word_1_286' title='bbox 541 3936 710 3994; x_wconf 85' lang='lat' dir='ltr'><strong>fuerat</strong></span> <span class='ocrx_word' id='word_1_287' title='bbox 742 3937 983 4010; x_wconf 86' lang='lat' dir='ltr'><strong>synodus</strong></span> <span class='ocrx_word' id='word_1_288' title='bbox 1012 3939 1278 4001; x_wconf 76' lang='lat' dir='ltr'><strong>universa,</strong></span> <span class='ocrx_word' id='word_1_289' title='bbox 1325 3937 1704 4007; x_wconf 83' lang='lat' dir='ltr'><strong>communique</strong></span> <span class='ocrx_word' id='word_1_290' title='bbox 1730 3936 1828 3988; x_wconf 88' lang='lat' dir='ltr'><strong>de-</strong></span> 
     </span>
    </p>
   </div>
   <div class='ocr_carea' id='block_1_40' title="bbox 233 4028 1827 4104">
    <p class='ocr_par' dir='ltr' id='par_1_40' title="bbox 233 4028 1827 4104">
     <span class='ocr_line' id='line_1_40' title="bbox 233 4028 1827 4104; baseline 0.001 -21"><span class='ocrx_word' id='word_1_291' title='bbox 233 4028 472 4090; x_wconf 83' lang='lat' dir='ltr'><strong>ﬁnitione</strong></span> <span class='ocrx_word' id='word_1_292' title='bbox 528 4032 650 4088; x_wconf 81' lang='lat' dir='ltr'><strong>ﬁdei</strong></span> <span class='ocrx_word' id='word_1_293' title='bbox 704 4032 806 4088; x_wconf 88' lang='lat' dir='ltr'><strong>hoc</strong></span> <span class='ocrx_word' id='word_1_294' title='bbox 853 4048 1065 4104; x_wconf 87' lang='lat' dir='ltr'><strong>quoque</strong></span> <span class='ocrx_word' id='word_1_295' title='bbox 1121 4031 1512 4096; x_wconf 87' lang='lat' dir='ltr'><strong>decreverunt,</strong></span> <span class='ocrx_word' id='word_1_296' title='bbox 1567 4040 1618 4082; x_wconf 92' lang='lat' dir='ltr'><strong>ut</strong></span> <span class='ocrx_word' id='word_1_297' title='bbox 1670 4030 1827 4083; x_wconf 78' lang='lat' dir='ltr'><strong>simul</strong></span> 
     </span>
    </p>
   </div>
   <div class='ocr_carea' id='block_1_41' title="bbox 233 4124 1827 4196">
    <p class='ocr_par' dir='ltr' id='par_1_41' title="bbox 233 4124 1827 4196">
     <span class='ocr_line' id='line_1_41' title="bbox 233 4124 1827 4196; baseline 0.001 -18"><span class='ocrx_word' id='word_1_298' title='bbox 233 4139 445 4196; x_wconf 86' lang='lat' dir='ltr'><strong>unoque</strong></span> <span class='ocrx_word' id='word_1_299' title='bbox 466 4142 739 4183; x_wconf 88' lang='lat' dir='ltr'><strong>consensu</strong></span> <span class='ocrx_word' id='word_1_300' title='bbox 781 4125 974 4181; x_wconf 83' lang='lat' dir='ltr'><strong>festum</strong></span> <span class='ocrx_word' id='word_1_301' title='bbox 1016 4124 1156 4180; x_wconf 90' lang='lat' dir='ltr'><strong>istud</strong></span> <span class='ocrx_word' id='word_1_302' title='bbox 1197 4124 1580 4180; x_wconf 88' lang='lat' dir='ltr'><strong>celebraretur.</strong></span> <span class='ocrx_word' id='word_1_303' title='bbox 1618 4124 1827 4193; x_wconf 73' lang='lat' dir='ltr'><strong>Ergone</strong></span> 
     </span>
    </p>
   </div>
   <div class='ocr_carea' id='block_1_42' title="bbox 234 4213 1825 4288">
    <p class='ocr_par' dir='ltr' id='par_1_42' title="bbox 234 4213 1825 4288">
     <span class='ocr_line' id='line_1_42' title="bbox 234 4213 1825 4288; baseline -0.001 -17"><span class='ocrx_word' id='word_1_304' title='bbox 234 4217 320 4285; x_wconf 85' lang='lat' dir='ltr'><strong>qui</strong></span> <span class='ocrx_word' id='word_1_305' title='bbox 363 4218 530 4274; x_wconf 87' lang='lat' dir='ltr'><strong>tidem</strong></span> <span class='ocrx_word' id='word_1_306' title='bbox 561 4218 891 4288; x_wconf 78' lang='lat' dir='ltr'><strong>temporibus</strong></span> <span class='ocrx_word' id='word_1_307' title='bbox 932 4217 1068 4273; x_wconf 88' lang='lat' dir='ltr'><strong>adeo</strong></span> <span class='ocrx_word' id='word_1_308' title='bbox 1097 4216 1405 4273; x_wconf 77' lang='lat' dir='ltr'><strong>difﬁcilibus</strong></span> <span class='ocrx_word' id='word_1_309' title='bbox 1436 4230 1540 4269; x_wconf 90' lang='lat' dir='ltr'><strong>non</strong></span> <span class='ocrx_word' id='word_1_310' title='bbox 1574 4213 1825 4284; x_wconf 78' lang='lat' dir='ltr'><strong>prodide-</strong></span> 
     </span>
    </p>
   </div>
   <div class='ocr_carea' id='block_1_43' title="bbox 236 4306 1826 4380">
    <p class='ocr_par' dir='ltr' id='par_1_43' title="bbox 236 4306 1826 4380">
     <span class='ocr_line' id='line_1_43' title="bbox 236 4306 1826 4380; baseline -0.001 -20"><span class='ocrx_word' id='word_1_311' title='bbox 236 4319 392 4376; x_wconf 88' lang='lat' dir='ltr'><strong>runt,</strong></span> <span class='ocrx_word' id='word_1_312' title='bbox 433 4310 492 4366; x_wconf 87' lang='lat' dir='ltr'><strong>bi</strong></span> <span class='ocrx_word' id='word_1_313' title='bbox 538 4317 760 4380; x_wconf 84' lang='lat' dir='ltr'><strong>propter</strong></span> <span class='ocrx_word' id='word_1_314' title='bbox 798 4310 1006 4365; x_wconf 88' lang='lat' dir='ltr'><strong>dierum</strong></span> <span class='ocrx_word' id='word_1_315' title='bbox 1045 4308 1477 4364; x_wconf 81' lang='lat' dir='ltr'><strong>observationem</strong></span> <span class='ocrx_word' id='word_1_316' title='bbox 1519 4306 1826 4360; x_wconf 86' lang='lat' dir='ltr'><strong>dissimula-</strong></span> 
     </span>
    </p>
   </div>
   <div class='ocr_carea' id='block_1_44' title="bbox 239 4397 1828 4473">
    <p class='ocr_par' dir='ltr' id='par_1_44' title="bbox 239 4397 1828 4473">
     <span class='ocr_line' id='line_1_44' title="bbox 239 4397 1828 4473; baseline -0.001 -19"><span class='ocrx_word' id='word_1_317' title='bbox 239 4397 379 4459; x_wconf 84' lang='lat' dir='ltr'><strong>tione</strong></span> <span class='ocrx_word' id='word_1_318' title='bbox 422 4404 500 4459; x_wconf 88' lang='lat' dir='ltr'><strong>uti</strong></span> <span class='ocrx_word' id='word_1_319' title='bbox 548 4403 878 4473; x_wconf 84' lang='lat' dir='ltr'><strong>potuerunt?</strong></span> <span class='ocrx_word' id='word_1_320' title='bbox 924 4401 1054 4457; x_wconf 77' lang='lat' dir='ltr'><strong>Vide</strong></span> <span class='ocrx_word' id='word_1_321' title='bbox 1094 4400 1220 4471; x_wconf 84' lang='lat' dir='ltr'><strong>quid</strong></span> <span class='ocrx_word' id='word_1_322' title='bbox 1267 4415 1432 4470; x_wconf 87' lang='lat' dir='ltr'><strong>agas,</strong></span> <span class='ocrx_word' id='word_1_323' title='bbox 1473 4398 1599 4453; x_wconf 89' lang='lat' dir='ltr'><strong>dum</strong></span> <span class='ocrx_word' id='word_1_324' title='bbox 1651 4409 1828 4453; x_wconf 76' lang='lat' dir='ltr'><strong>tantos</strong></span> 
     </span>
    </p>
   </div>
   <div class='ocr_carea' id='block_1_45' title="bbox 240 4487 1823 4561">
    <p class='ocr_par' dir='ltr' id='par_1_45' title="bbox 240 4487 1823 4561">
     <span class='ocr_line' id='line_1_45' title="bbox 240 4487 1823 4561; baseline -0.001 -19"><span class='ocrx_word' id='word_1_325' title='bbox 240 4487 420 4549; x_wconf 80' lang='lat' dir='ltr'><strong>Patres</strong></span> <span class='ocrx_word' id='word_1_326' title='bbox 450 4494 782 4550; x_wconf 88' lang='lat' dir='ltr'><strong>condemnas</strong></span> <span class='ocrx_word' id='word_1_327' title='bbox 803 4535 817 4561; x_wconf 93' lang='lat'><strong>,</strong></span> <span class='ocrx_word' id='word_1_328' title='bbox 849 4493 984 4548; x_wconf 87' lang='lat' dir='ltr'><strong>adeo</strong></span> <span class='ocrx_word' id='word_1_329' title='bbox 1029 4493 1225 4555; x_wconf 88' lang='lat' dir='ltr'><strong>fortes,</strong></span> <span class='ocrx_word' id='word_1_330' title='bbox 1255 4493 1496 4561; x_wconf 88' lang='lat' dir='ltr'><strong>adeoque</strong></span> <span class='ocrx_word' id='word_1_331' title='bbox 1535 4490 1823 4559; x_wconf 70' lang='lat' dir='ltr'><strong>sapientes.</strong></span> 
     </span>
    </p>
   </div>
   <div class='ocr_carea' id='block_1_46' title="bbox 240 4578 1824 4656">
    <p class='ocr_par' dir='ltr' id='par_1_46' title="bbox 240 4578 1824 4656">
     <span class='ocr_line' id='line_1_46' title="bbox 240 4578 1824 4656; baseline -0.003 -20"><span class='ocrx_word' id='word_1_332' title='bbox 240 4578 368 4637; x_wconf 80' lang='lat' dir='ltr'><strong>Nam</strong></span> <span class='ocrx_word' id='word_1_333' title='bbox 413 4586 459 4640; x_wconf 79' lang='lat' dir='ltr'><strong>si</strong></span> <span class='ocrx_word' id='word_1_334' title='bbox 508 4585 847 4656; x_wconf 85' lang='lat' dir='ltr'><strong>publicanum</strong></span> <span class='ocrx_word' id='word_1_335' title='bbox 893 4585 1257 4641; x_wconf 87' lang='lat' dir='ltr'><strong>condemnans</strong></span> <span class='ocrx_word' id='word_1_336' title='bbox 1301 4584 1604 4638; x_wconf 70' lang='lat' dir='ltr'><strong>l’barismns</strong></span> <span class='ocrx_word' id='word_1_337' title='bbox 1649 4580 1824 4635; x_wconf 81' lang='lat' dir='ltr'><strong>otunia</strong></span> 
     </span>
    </p>
   </div>
   <div class='ocr_carea' id='block_1_47' title="bbox 242 4669 1825 4747">
    <p class='ocr_par' dir='ltr' id='par_1_47' title="bbox 242 4669 1825 4747">
     <span class='ocr_line' id='line_1_47' title="bbox 242 4669 1825 4747; baseline -0.003 -17"><span class='ocrx_word' id='word_1_338' title='bbox 242 4669 376 4730; x_wconf 77' lang='lat' dir='ltr'><strong>bona</strong></span> <span class='ocrx_word' id='word_1_339' title='bbox 404 4676 658 4746; x_wconf 77' lang='lat' dir='ltr'><strong>perdidit,</strong></span> <span class='ocrx_word' id='word_1_340' title='bbox 700 4693 819 4747; x_wconf 74' lang='lat' dir='ltr'><strong>qum</strong></span> <span class='ocrx_word' id='word_1_341' title='bbox 846 4676 1077 4732; x_wconf 81' lang='lat' dir='ltr'><strong>habebat</strong></span> <span class='ocrx_word' id='word_1_342' title='bbox 1103 4694 1115 4730; x_wconf 87' lang='lat'><strong>:</strong></span> <span class='ocrx_word' id='word_1_343' title='bbox 1149 4691 1251 4744; x_wconf 86' lang='lat' dir='ltr'><strong>qua</strong></span> <span class='ocrx_word' id='word_1_344' title='bbox 1281 4674 1435 4729; x_wconf 83' lang='lat' dir='ltr'><strong>venia</strong></span> <span class='ocrx_word' id='word_1_345' title='bbox 1465 4674 1655 4744; x_wconf 82' lang='lat' dir='ltr'><strong>dignus</strong></span> <span class='ocrx_word' id='word_1_346' title='bbox 1676 4715 1690 4739; x_wconf 93' lang='lat'><strong>,</strong></span> <span class='ocrx_word' id='word_1_347' title='bbox 1720 4688 1825 4742; x_wconf 89' lang='lat' dir='ltr'><strong>qua</strong></span> 
     </span>
    </p>
   </div>
   <div class='ocr_carea' id='block_1_48' title="bbox 150 4760 1828 4845">
    <p class='ocr_par' dir='ltr' id='par_1_48' title="bbox 150 4760 1828 4845">
     <span class='ocr_line' id='line_1_48' title="bbox 150 4760 1828 4845; baseline 0.003 -31"><span class='ocrx_word' id='word_1_348' title='bbox 150 4842 153 4845; x_wconf 15' lang='grc' dir='ltr'>ν</span> <span class='ocrx_word' id='word_1_349' title='bbox 243 4760 548 4823; x_wconf 88' lang='lat' dir='ltr'><strong>defensione</strong></span> <span class='ocrx_word' id='word_1_350' title='bbox 574 4770 902 4829; x_wconf 81' lang='lat' dir='ltr'><strong>censebcris.</strong></span> <span class='ocrx_word' id='word_1_351' title='bbox 936 4768 1025 4840; x_wconf 90' lang='lat' dir='ltr'><strong>qui</strong></span> <span class='ocrx_word' id='word_1_352' title='bbox 1053 4767 1312 4822; x_wconf 88' lang='lat' dir='ltr'><strong>adversus</strong></span> <span class='ocrx_word' id='word_1_353' title='bbox 1340 4775 1417 4820; x_wconf 88' lang='lat' dir='ltr'><strong>tot</strong></span> <span class='ocrx_word' id='word_1_354' title='bbox 1445 4766 1695 4821; x_wconf 73' lang='lat' dir='ltr'><strong>ductores</strong></span> <span class='ocrx_word' id='word_1_355' title='bbox 1719 4765 1776 4818; x_wconf 63' lang='grc' dir='ltr'><strong>Ι).</strong></span> <span class='ocrx_word' id='word_1_356' title='bbox 1795 4781 1828 4819; x_wconf 94' lang='lat' dir='ltr'><strong>o</strong></span> 
     </span>
    </p>
   </div>
   <div class='ocr_carea' id='block_1_49' title="bbox 243 4858 1828 4934">
    <p class='ocr_par' dir='ltr' id='par_1_49' title="bbox 243 4858 1828 4934">
     <span class='ocr_line' id='line_1_49' title="bbox 243 4858 1828 4934; baseline 0.001 -24"><span class='ocrx_word' id='word_1_357' title='bbox 243 4867 411 4925; x_wconf 83' lang='lat' dir='ltr'><strong>caros,</strong></span> <span class='ocrx_word' id='word_1_358' title='bbox 461 4862 619 4934; x_wconf 84' lang='lat' dir='ltr'><strong>idque</strong></span> <span class='ocrx_word' id='word_1_359' title='bbox 668 4863 859 4932; x_wconf 86' lang='lat' dir='ltr'><strong>injuria</strong></span> <span class='ocrx_word' id='word_1_360' title='bbox 899 4872 952 4918; x_wconf 90' lang='lat' dir='ltr'><strong>ct</strong></span> <span class='ocrx_word' id='word_1_361' title='bbox 1000 4873 1183 4918; x_wconf 86' lang='lat' dir='ltr'><strong>contra</strong></span> <span class='ocrx_word' id='word_1_362' title='bbox 1227 4863 1491 4916; x_wconf 87' lang='lat' dir='ltr'><strong>rationem</strong></span> <span class='ocrx_word' id='word_1_363' title='bbox 1542 4858 1828 4930; x_wconf 84' lang='lat' dir='ltr'><strong>insurgas?</strong></span> 
     </span>
    </p>
   </div>
   <div class='ocr_carea' id='block_1_50' title="bbox 245 4943 1828 5020">
    <p class='ocr_par' dir='ltr' id='par_1_50' title="bbox 245 4943 1828 5020">
     <span class='ocr_line' id='line_1_50' title="bbox 245 4943 1828 5020; baseline 0 -16"><span class='ocrx_word' id='word_1_364' title='bbox 245 4943 354 5004; x_wconf 73' lang='lat' dir='ltr'><strong>Non</strong></span> <span class='ocrx_word' id='word_1_365' title='bbox 378 4953 570 5009; x_wconf 86' lang='lat' dir='ltr'><strong>audisti</strong></span> <span class='ocrx_word' id='word_1_366' title='bbox 596 4954 868 5010; x_wconf 72' lang='lat' dir='ltr'><strong>Christum</strong></span> <span class='ocrx_word' id='word_1_367' title='bbox 900 4955 1187 5020; x_wconf 82' lang='lat' dir='ltr'><strong>dicentem,</strong></span> <span class='ocrx_word' id='word_1_368' title='bbox 1224 4952 1323 5007; x_wconf 84' lang='lat' dir='ltr'><strong>Ubi</strong></span> <span class='ocrx_word' id='word_1_369' title='bbox 1350 4954 1452 5007; x_wconf 84' lang='lat' dir='ltr'><strong>duo</strong></span> <span class='ocrx_word' id='word_1_370' title='bbox 1479 4953 1555 5006; x_wconf 80' lang='lat' dir='ltr'><strong>rel</strong></span> <span class='ocrx_word' id='word_1_371' title='bbox 1583 4962 1684 5007; x_wconf 81' lang='lat' dir='ltr'><strong>tres</strong></span> <span class='ocrx_word' id='word_1_372' title='bbox 1709 4959 1828 5007; x_wconf 77' lang='lat' dir='ltr'><strong>sunt</strong></span> 
     </span>
    </p>
   </div>
   <div class='ocr_carea' id='block_1_51' title="bbox 246 5038 1828 5121">
    <p class='ocr_par' dir='ltr' id='par_1_51' title="bbox 246 5038 1828 5121">
     <span class='ocr_line' id='line_1_51' title="bbox 246 5038 1828 5121; baseline 0.003 -26"><span class='ocrx_word' id='word_1_373' title='bbox 246 5038 294 5094; x_wconf 75' lang='lat' dir='ltr'><strong>in</strong></span> <span class='ocrx_word' id='word_1_374' title='bbox 321 5047 521 5102; x_wconf 79' lang='lat' dir='ltr'><strong>nomine</strong></span> <span class='ocrx_word' id='word_1_375' title='bbox 564 5066 674 5103; x_wconf 73' lang='lat' dir='ltr'><strong>ntro</strong></span> <span class='ocrx_word' id='word_1_376' title='bbox 717 5049 1030 5121; x_wconf 67' lang='lat' dir='ltr'><strong>congregati,</strong></span> <span class='ocrx_word' id='word_1_377' title='bbox 1081 5047 1149 5100; x_wconf 87' lang='lat' dir='ltr'><strong>ibi</strong></span> <span class='ocrx_word' id='word_1_378' title='bbox 1190 5064 1305 5101; x_wconf 86' lang='lat' dir='ltr'><strong>sum</strong></span> <span class='ocrx_word' id='word_1_379' title='bbox 1347 5047 1401 5100; x_wconf 88' lang='lat' dir='ltr'><strong>in</strong></span> <span class='ocrx_word' id='word_1_380' title='bbox 1445 5048 1610 5100; x_wconf 62' lang='lat' dir='ltr'><strong>medio</strong></span> <span class='ocrx_word' id='word_1_381' title='bbox 1653 5062 1828 5100; x_wconf 85' lang='lat' dir='ltr'><strong>eorum</strong></span> 
     </span>
    </p>
   </div>
   <div class='ocr_carea' id='block_1_52' title="bbox 251 5129 1827 5211">
    <p class='ocr_par' dir='ltr' id='par_1_52' title="bbox 251 5129 1827 5211">
     <span class='ocr_line' id='line_1_52' title="bbox 251 5129 1827 5211; baseline 0.006 -28"><span class='ocrx_word' id='word_1_382' title='bbox 251 5129 453 5199; x_wconf 75' lang='lat' dir='ltr'><strong>(Matth.</strong></span> <span class='ocrx_word' id='word_1_383' title='bbox 483 5137 723 5211; x_wconf 63' lang='lat'><strong>18.90)?</strong></span> <span class='ocrx_word' id='word_1_384' title='bbox 748 5139 898 5207; x_wconf 84' lang='lat' dir='ltr'><strong>Quod</strong></span> <span class='ocrx_word' id='word_1_385' title='bbox 926 5140 969 5194; x_wconf 89' lang='lat' dir='ltr'><strong>si</strong></span> <span class='ocrx_word' id='word_1_386' title='bbox 998 5139 1083 5193; x_wconf 88' lang='lat' dir='ltr'><strong>ubi</strong></span> <span class='ocrx_word' id='word_1_387' title='bbox 1111 5138 1217 5193; x_wconf 89' lang='lat' dir='ltr'><strong>duo</strong></span> <span class='ocrx_word' id='word_1_388' title='bbox 1245 5147 1421 5193; x_wconf 83' lang='lat' dir='ltr'><strong>tresve</strong></span> <span class='ocrx_word' id='word_1_389' title='bbox 1442 5148 1587 5203; x_wconf 86' lang='lat' dir='ltr'><strong>sunt,</strong></span> <span class='ocrx_word' id='word_1_390' title='bbox 1617 5137 1827 5192; x_wconf 78' lang='lat' dir='ltr'><strong>medius</strong></span> 
     </span>
    </p>
   </div>
   <div class='ocr_carea' id='block_1_53' title="bbox 248 5225 1823 5300">
    <p class='ocr_par' dir='ltr' id='par_1_53' title="bbox 248 5225 1823 5300">
     <span class='ocr_line' id='line_1_53' title="bbox 248 5225 1823 5300; baseline 0.005 -24"><span class='ocrx_word' id='word_1_391' title='bbox 248 5231 323 5276; x_wconf 83' lang='lat' dir='ltr'><strong>cst</strong></span> <span class='ocrx_word' id='word_1_392' title='bbox 349 5225 590 5286; x_wconf 77' lang='lat' dir='ltr'><strong>Christus</strong></span> <span class='ocrx_word' id='word_1_393' title='bbox 623 5250 637 5284; x_wconf 84' lang='lat'><strong>:</strong></span> <span class='ocrx_word' id='word_1_394' title='bbox 670 5232 757 5286; x_wconf 81' lang='lat' dir='ltr'><strong>ubi</strong></span> <span class='ocrx_word' id='word_1_395' title='bbox 802 5232 1025 5286; x_wconf 85' lang='lat' dir='ltr'><strong>trecenti</strong></span> <span class='ocrx_word' id='word_1_396' title='bbox 1067 5247 1131 5284; x_wconf 88' lang='lat' dir='ltr'><strong>ac</strong></span> <span class='ocrx_word' id='word_1_397' title='bbox 1159 5231 1328 5285; x_wconf 88' lang='lat' dir='ltr'><strong>multo</strong></span> <span class='ocrx_word' id='word_1_398' title='bbox 1369 5230 1551 5300; x_wconf 85' lang='lat' dir='ltr'><strong>plures</strong></span> <span class='ocrx_word' id='word_1_399' title='bbox 1578 5229 1823 5296; x_wconf 85' lang='lat' dir='ltr'><strong>aderant,</strong></span> 
     </span>
    </p>
   </div>
   <div class='ocr_carea' id='block_1_54' title="bbox 250 5316 1825 5395">
    <p class='ocr_par' dir='ltr' id='par_1_54' title="bbox 250 5316 1825 5395">
     <span class='ocr_line' id='line_1_54' title="bbox 250 5316 1825 5395; baseline 0.01 -31"><span class='ocrx_word' id='word_1_400' title='bbox 250 5316 409 5374; x_wconf 83' lang='lat' dir='ltr'><strong>multo</strong></span> <span class='ocrx_word' id='word_1_401' title='bbox 435 5324 599 5394; x_wconf 81' lang='lat' dir='ltr'><strong>magis</strong></span> <span class='ocrx_word' id='word_1_402' title='bbox 626 5323 815 5380; x_wconf 86' lang='lat' dir='ltr'><strong>aderat</strong></span> <span class='ocrx_word' id='word_1_403' title='bbox 837 5367 850 5387; x_wconf 83' lang='lat'><strong>,</strong></span> <span class='ocrx_word' id='word_1_404' title='bbox 882 5326 1170 5395; x_wconf 79' lang='lat' dir='ltr'><strong>ontniaque</strong></span> <span class='ocrx_word' id='word_1_405' title='bbox 1199 5324 1511 5394; x_wconf 63' lang='lat' dir='ltr'><strong>dcsigual-at</strong></span> <span class='ocrx_word' id='word_1_406' title='bbox 1541 5340 1605 5380; x_wconf 89' lang='lat' dir='ltr'><strong>ac</strong></span> <span class='ocrx_word' id='word_1_407' title='bbox 1633 5325 1825 5380; x_wconf 84' lang='lat' dir='ltr'><strong>decer-</strong></span> 
     </span>
    </p>
   </div>
   <div class='ocr_carea' id='block_1_55' title="bbox 251 5403 1826 5482">
    <p class='ocr_par' dir='ltr' id='par_1_55' title="bbox 251 5403 1826 5482">
     <span class='ocr_line' id='line_1_55' title="bbox 251 5403 1826 5482; baseline 0.008 -24"><span class='ocrx_word' id='word_1_408' title='bbox 251 5403 421 5473; x_wconf 62' lang='lat' dir='ltr'><strong>nebat.</strong></span> <span class='ocrx_word' id='word_1_409' title='bbox 450 5413 520 5467; x_wconf 79' lang='lat' dir='ltr'><strong>At</strong></span> <span class='ocrx_word' id='word_1_410' title='bbox 559 5423 615 5469; x_wconf 89' lang='lat' dir='ltr'><strong>tu</strong></span> <span class='ocrx_word' id='word_1_411' title='bbox 662 5430 768 5470; x_wconf 91' lang='lat' dir='ltr'><strong>non</strong></span> <span class='ocrx_word' id='word_1_412' title='bbox 813 5416 934 5470; x_wconf 86' lang='lat' dir='ltr'><strong>illos</strong></span> <span class='ocrx_word' id='word_1_413' title='bbox 982 5424 1186 5469; x_wconf 90' lang='lat' dir='ltr'><strong>tantum</strong></span> <span class='ocrx_word' id='word_1_414' title='bbox 1225 5415 1593 5482; x_wconf 86' lang='lat' dir='ltr'><strong>condemnas,</strong></span> <span class='ocrx_word' id='word_1_415' title='bbox 1636 5415 1732 5470; x_wconf 86' lang='lat' dir='ltr'><strong>sed</strong></span> <span class='ocrx_word' id='word_1_416' title='bbox 1769 5424 1826 5471; x_wconf 88' lang='lat' dir='ltr'><strong>et</strong></span> 
     </span>
    </p>
   </div>
   <div class='ocr_carea' id='block_1_56' title="bbox 251 5497 1821 5583">
    <p class='ocr_par' dir='ltr' id='par_1_56' title="bbox 251 5497 1821 5583">
     <span class='ocr_line' id='line_1_56' title="bbox 251 5497 1821 5583; baseline 0.006 -20"><span class='ocrx_word' id='word_1_417' title='bbox 251 5497 427 5556; x_wconf 66' lang='lat' dir='ltr'><strong>0&quot;me</strong></span> <span class='ocrx_word' id='word_1_418' title='bbox 453 5514 713 5567; x_wconf 79' lang='lat' dir='ltr'><strong>terrarum</strong></span> <span class='ocrx_word' id='word_1_419' title='bbox 743 5514 1081 5577; x_wconf 84' lang='lat' dir='ltr'><strong>universum,</strong></span> <span class='ocrx_word' id='word_1_420' title='bbox 1111 5513 1200 5583; x_wconf 87' lang='lat' dir='ltr'><strong>qui</strong></span> <span class='ocrx_word' id='word_1_421' title='bbox 1246 5514 1565 5572; x_wconf 81' lang='lat' dir='ltr'><strong>sententiam</strong></span> <span class='ocrx_word' id='word_1_422' title='bbox 1610 5515 1821 5573; x_wconf 85' lang='lat' dir='ltr'><strong>illorum</strong></span> 
     </span>
    </p>
   </div>
   <div class='ocr_carea' id='block_1_57' title="bbox 244 5600 1821 5665">
    <p class='ocr_par' dir='ltr' id='par_1_57' title="bbox 244 5600 1821 5665">
     <span class='ocr_line' id='line_1_57' title="bbox 244 5600 1821 5665; baseline 0.001 -1"><span class='ocrx_word' id='word_1_423' title='bbox 244 5600 622 5664; x_wconf 66' lang='grc' dir='ltr'><strong>εθτνοιόιοανίι.</strong></span> <span class='ocrx_word' id='word_1_424' title='bbox 663 5605 748 5660; x_wconf 80' lang='lat' dir='ltr'><strong>An</strong></span> <span class='ocrx_word' id='word_1_425' title='bbox 791 5622 917 5661; x_wconf 82' lang='lat' dir='ltr'><strong>vero</strong></span> <span class='ocrx_word' id='word_1_426' title='bbox 954 5606 1173 5662; x_wconf 69' lang='lat' dir='ltr'><strong>Judatos</strong></span> <span class='ocrx_word' id='word_1_427' title='bbox 1216 5605 1378 5661; x_wconf 84' lang='lat' dir='ltr'><strong>etiam</strong></span> <span class='ocrx_word' id='word_1_428' title='bbox 1412 5606 1643 5663; x_wconf 74' lang='lat' dir='ltr'><strong>universi</strong></span> <span class='ocrx_word' id='word_1_429' title='bbox 1673 5608 1821 5665; x_wconf 84' lang='lat' dir='ltr'><strong>orbis</strong></span> 
     </span>
    </p>
   </div>
   <div class='ocr_carea' id='block_1_58' title="bbox 242 5687 1818 5776">
    <p class='ocr_par' dir='ltr' id='par_1_58' title="bbox 242 5687 1818 5776">
     <span class='ocr_line' id='line_1_58' title="bbox 242 5687 1818 5776; baseline 0.003 -26"><span class='ocrx_word' id='word_1_430' title='bbox 242 5687 500 5776; x_wconf 60' lang='grc' dir='ltr'><strong>ξετηηιιιι</strong></span> <span class='ocrx_word' id='word_1_431' title='bbox 526 5694 776 5753; x_wconf 82' lang='lat' dir='ltr'><strong>Patrihus</strong></span> <span class='ocrx_word' id='word_1_432' title='bbox 803 5699 1154 5768; x_wconf 84' lang='lat' dir='ltr'><strong>sapientiores</strong></span> <span class='ocrx_word' id='word_1_433' title='bbox 1189 5699 1466 5754; x_wconf 86' lang='lat' dir='ltr'><strong>arbitraris</strong></span> <span class='ocrx_word' id='word_1_434' title='bbox 1487 5738 1504 5767; x_wconf 92' lang='lat'><strong>,</strong></span> <span class='ocrx_word' id='word_1_435' title='bbox 1550 5697 1818 5768; x_wconf 85' lang='lat' dir='ltr'><strong>homines,</strong></span> 
     </span>
    </p>
   </div>
   <div class='ocr_carea' id='block_1_59' title="bbox 242 5782 1825 5864">
    <p class='ocr_par' dir='ltr' id='par_1_59' title="bbox 242 5782 1825 5864">
     <span class='ocr_line' id='line_1_59' title="bbox 242 5782 1825 5864; baseline 0.005 -23"><span class='ocrx_word' id='word_1_436' title='bbox 242 5782 460 5864; x_wconf 53' lang='lat' dir='ltr'><strong>Putnam,</strong></span> <span class='ocrx_word' id='word_1_437' title='bbox 504 5787 693 5860; x_wconf 82' lang='lat' dir='ltr'><strong>patriis</strong></span> <span class='ocrx_word' id='word_1_438' title='bbox 722 5790 911 5846; x_wconf 83' lang='lat' dir='ltr'><strong>ritibus</strong></span> <span class='ocrx_word' id='word_1_439' title='bbox 934 5793 1184 5859; x_wconf 84' lang='lat' dir='ltr'><strong>orbatos,</strong></span> <span class='ocrx_word' id='word_1_440' title='bbox 1217 5801 1273 5848; x_wconf 86' lang='lat' dir='ltr'><strong>et</strong></span> <span class='ocrx_word' id='word_1_441' title='bbox 1298 5792 1389 5864; x_wconf 87' lang='lat' dir='ltr'><strong>qui</strong></span> <span class='ocrx_word' id='word_1_442' title='bbox 1416 5806 1487 5848; x_wconf 79' lang='lat' dir='ltr'><strong>ne</strong></span> <span class='ocrx_word' id='word_1_443' title='bbox 1516 5792 1682 5848; x_wconf 86' lang='lat' dir='ltr'><strong>ullum</strong></span> <span class='ocrx_word' id='word_1_444' title='bbox 1705 5793 1825 5862; x_wconf 86' lang='lat' dir='ltr'><strong>qui-</strong></span> 
     </span>
    </p>
   </div>
   <div class='ocr_carea' id='block_1_60' title="bbox 243 5860 1822 5961">
    <p class='ocr_par' dir='ltr' id='par_1_60' title="bbox 243 5860 1822 5961">
     <span class='ocr_line' id='line_1_60' title="bbox 243 5860 1822 5961; baseline 0.022 -46"><span class='ocrx_word' id='word_1_445' title='bbox 243 5860 349 5922; x_wconf 78' lang='lat' dir='ltr'><strong>dem</strong></span> <span class='ocrx_word' id='word_1_446' title='bbox 377 5875 465 5932; x_wconf 72' lang='lat' dir='ltr'><strong>(est</strong></span> <span class='ocrx_word' id='word_1_447' title='bbox 491 5897 580 5941; x_wconf 86' lang='lat' dir='ltr'><strong>om</strong></span> <span class='ocrx_word' id='word_1_448' title='bbox 606 5880 923 5961; x_wconf 85' lang='lat' dir='ltr'><strong>celebrant?</strong></span> <span class='ocrx_word' id='word_1_449' title='bbox 971 5882 1100 5940; x_wconf 78' lang='lat' dir='ltr'><strong>Nam</strong></span> <span class='ocrx_word' id='word_1_450' title='bbox 1147 5898 1253 5941; x_wconf 86' lang='lat' dir='ltr'><strong>nec</strong></span> <span class='ocrx_word' id='word_1_451' title='bbox 1289 5860 1430 5957; x_wconf 74' lang='lat' dir='ltr'><strong>apud</strong></span> <span class='ocrx_word' id='word_1_452' title='bbox 1475 5883 1599 5943; x_wconf 67' lang='lat' dir='ltr'><strong>illo:</strong></span> <span class='ocrx_word' id='word_1_453' title='bbox 1634 5860 1822 5959; x_wconf 41' lang='lat' dir='ltr'><strong>aly—ma</strong></span> 
     </span>
    </p>
   </div>
   <div class='ocr_carea' id='block_1_61' title="bbox 976 403 2789 472">
    <p class='ocr_par' dir='ltr' id='par_1_61' title="bbox 976 403 2789 472">
     <span class='ocr_line' id='line_1_61' title="bbox 976 403 2789 472; baseline 0.003 -11"><span class='ocrx_word' id='word_1_454' title='bbox 976 404 1041 461; x_wconf 73' lang='grc' dir='ltr'><strong>ΙΝ</strong></span> <span class='ocrx_word' id='word_1_455' title='bbox 1081 404 1205 462; x_wconf 70' lang='lat' dir='ltr'><strong>EOS</strong></span> <span class='ocrx_word' id='word_1_456' title='bbox 1243 404 1358 472; x_wconf 87' lang='lat' dir='ltr'><strong>QUI</strong></span> <span class='ocrx_word' id='word_1_457' title='bbox 1398 404 1657 461; x_wconf 57' lang='lat' dir='ltr'><strong>PASCIIA</strong></span> <span class='ocrx_word' id='word_1_458' title='bbox 1701 403 2064 463; x_wconf 68' lang='lat' dir='ltr'><strong>JEJUNANT.</strong></span> <span class='ocrx_word' id='word_1_459' title='bbox 2109 407 2481 468; x_wconf 75' lang='lat' dir='ltr'><strong>ADVERSUS</strong></span> <span class='ocrx_word' id='word_1_460' title='bbox 2519 410 2663 469; x_wconf 79' lang='lat' dir='ltr'><strong>JUD.</strong></span> <span class='ocrx_word' id='word_1_461' title='bbox 2707 412 2789 469; x_wconf 84' lang='lat' dir='ltr'><strong>ill.</strong></span> 
     </span>
    </p>
   </div>
   <div class='ocr_carea' id='block_1_62' title="bbox 3416 409 3522 463">
    <p class='ocr_par' dir='ltr' id='par_1_62' title="bbox 3416 409 3522 463">
     <span class='ocr_line' id='line_1_62' title="bbox 3416 409 3522 463; baseline 0 0"><span class='ocrx_word' id='word_1_462' title='bbox 3416 409 3522 463; x_wconf 65' lang='grc'><strong>806</strong></span> 
     </span>
    </p>
   </div>
   <div class='ocr_carea' id='block_1_63' title="bbox 1937 522 3519 594">
    <p class='ocr_par' dir='ltr' id='par_1_63' title="bbox 1937 522 3519 594">
     <span class='ocr_line' id='line_1_63' title="bbox 1937 522 3519 594; baseline 0.009 -23"><span class='ocrx_word' id='word_1_463' title='bbox 1937 534 2085 583; x_wconf 77' lang='lat' dir='ltr'><strong>esse,</strong></span> <span class='ocrx_word' id='word_1_464' title='bbox 2127 536 2225 577; x_wconf 88' lang='lat' dir='ltr'><strong>nec</strong></span> <span class='ocrx_word' id='word_1_465' title='bbox 2258 522 2455 577; x_wconf 60' lang='lat' dir='ltr'><strong>Pascha</strong></span> <span class='ocrx_word' id='word_1_466' title='bbox 2492 523 2709 594; x_wconf 87' lang='lat' dir='ltr'><strong>(multos</strong></span> <span class='ocrx_word' id='word_1_467' title='bbox 2734 524 2928 594; x_wconf 70' lang='lat' dir='ltr'><strong>quippe</strong></span> <span class='ocrx_word' id='word_1_468' title='bbox 2954 524 3130 581; x_wconf 82' lang='lat' dir='ltr'><strong>dicere</strong></span> <span class='ocrx_word' id='word_1_469' title='bbox 3173 526 3312 582; x_wconf 88' lang='lat' dir='ltr'><strong>istud</strong></span> <span class='ocrx_word' id='word_1_470' title='bbox 3358 530 3519 585; x_wconf 82' lang='lat' dir='ltr'><strong>audio</strong></span> 
     </span>
    </p>
   </div>
   <div class='ocr_carea' id='block_1_64' title="bbox 1934 611 3520 686">
    <p class='ocr_par' dir='ltr' id='par_1_64' title="bbox 1934 611 3520 686">
     <span class='ocr_line' id='line_1_64' title="bbox 1934 611 3520 686; baseline 0.008 -22"><span class='ocrx_word' id='word_1_471' title='bbox 1934 611 2131 665; x_wconf 74' lang='lat' dir='ltr'><strong>l‘aSt-ha</strong></span> <span class='ocrx_word' id='word_1_472' title='bbox 2161 629 2279 667; x_wconf 79' lang='lat' dir='ltr'><strong>cs~e</strong></span> <span class='ocrx_word' id='word_1_473' title='bbox 2322 631 2440 669; x_wconf 88' lang='lat' dir='ltr'><strong>cum</strong></span> <span class='ocrx_word' id='word_1_474' title='bbox 2484 616 2717 685; x_wconf 78' lang='lat' dir='ltr'><strong>azytno),</strong></span> <span class='ocrx_word' id='word_1_475' title='bbox 2761 616 2854 670; x_wconf 83' lang='lat' dir='ltr'><strong>sed</strong></span> <span class='ocrx_word' id='word_1_476' title='bbox 2904 618 3041 686; x_wconf 87' lang='lat' dir='ltr'><strong>apud</strong></span> <span class='ocrx_word' id='word_1_477' title='bbox 3088 618 3207 672; x_wconf 79' lang='lat' dir='ltr'><strong>illos</strong></span> <span class='ocrx_word' id='word_1_478' title='bbox 3250 635 3354 673; x_wconf 89' lang='lat' dir='ltr'><strong>non</strong></span> <span class='ocrx_word' id='word_1_479' title='bbox 3399 635 3520 676; x_wconf 78' lang='lat' dir='ltr'><strong>esse</strong></span> 
     </span>
    </p>
   </div>
   <div class='ocr_carea' id='block_1_65' title="bbox 1930 705 3519 778">
    <p class='ocr_par' dir='ltr' id='par_1_65' title="bbox 1930 705 3519 778">
     <span class='ocr_line' id='line_1_65' title="bbox 1930 705 3519 778; baseline 0.004 -23"><span class='ocrx_word' id='word_1_480' title='bbox 1930 718 2137 774; x_wconf 74' lang='lat' dir='ltr'><strong>azyma,</strong></span> <span class='ocrx_word' id='word_1_481' title='bbox 2167 722 2227 757; x_wconf 79' lang='lat' dir='ltr'><strong>ex</strong></span> <span class='ocrx_word' id='word_1_482' title='bbox 2262 705 2344 758; x_wconf 86' lang='lat' dir='ltr'><strong>his</strong></span> <span class='ocrx_word' id='word_1_483' title='bbox 2372 705 2688 774; x_wconf 61' lang='lat' dir='ltr'><strong>legislatoris</strong></span> <span class='ocrx_word' id='word_1_484' title='bbox 2718 708 2890 760; x_wconf 84' lang='lat' dir='ltr'><strong>verbis</strong></span> <span class='ocrx_word' id='word_1_485' title='bbox 2920 709 3111 777; x_wconf 87' lang='lat' dir='ltr'><strong>collige</strong></span> <span class='ocrx_word' id='word_1_486' title='bbox 3131 749 3144 771; x_wconf 89' lang='lat'><strong>,</strong></span> <span class='ocrx_word' id='word_1_487' title='bbox 3176 707 3298 762; x_wconf 79' lang='lat' dir='ltr'><strong>Non</strong></span> <span class='ocrx_word' id='word_1_488' title='bbox 3327 709 3519 778; x_wconf 84' lang='lat' dir='ltr'><strong>poteri-</strong></span> 
     </span>
    </p>
   </div>
   <div class='ocr_carea' id='block_1_66' title="bbox 1932 795 3521 867">
    <p class='ocr_par' dir='ltr' id='par_1_66' title="bbox 1932 795 3521 867">
     <span class='ocr_line' id='line_1_66' title="bbox 1932 795 3521 867; baseline 0.005 -20"><span class='ocrx_word' id='word_1_489' title='bbox 1932 796 1994 847; x_wconf 81' lang='lat' dir='ltr'><strong>tis</strong></span> <span class='ocrx_word' id='word_1_490' title='bbox 2022 795 2187 864; x_wconf 76' lang='lat' dir='ltr'><strong>facere</strong></span> <span class='ocrx_word' id='word_1_491' title='bbox 2210 796 2406 850; x_wconf 74' lang='grc' dir='ltr'><strong>[ἀει-[ια</strong></span> <span class='ocrx_word' id='word_1_492' title='bbox 2437 798 2486 850; x_wconf 88' lang='lat' dir='ltr'><strong>in</strong></span> <span class='ocrx_word' id='word_1_493' title='bbox 2518 798 2621 851; x_wconf 84' lang='lat' dir='ltr'><strong>ulla</strong></span> <span class='ocrx_word' id='word_1_494' title='bbox 2650 799 2843 851; x_wconf 87' lang='lat' dir='ltr'><strong>urbium</strong></span> <span class='ocrx_word' id='word_1_495' title='bbox 2875 809 3097 866; x_wconf 86' lang='lat' dir='ltr'><strong>tuarum,</strong></span> <span class='ocrx_word' id='word_1_496' title='bbox 3125 817 3248 867; x_wconf 76' lang='lat' dir='ltr'><strong>quas</strong></span> <span class='ocrx_word' id='word_1_497' title='bbox 3272 799 3521 855; x_wconf 77' lang='lat' dir='ltr'><strong>Dominus</strong></span> 
     </span>
    </p>
   </div>
   <div class='ocr_carea' id='block_1_67' title="bbox 1933 886 3520 965">
    <p class='ocr_par' dir='ltr' id='par_1_67' title="bbox 1933 886 3520 965">
     <span class='ocr_line' id='line_1_67' title="bbox 1933 886 3520 965; baseline 0.004 -25"><span class='ocrx_word' id='word_1_498' title='bbox 1933 886 2068 941; x_wconf 72' lang='lat' dir='ltr'><strong>Deus</strong></span> <span class='ocrx_word' id='word_1_499' title='bbox 2097 900 2212 942; x_wconf 85' lang='lat' dir='ltr'><strong>tuus</strong></span> <span class='ocrx_word' id='word_1_500' title='bbox 2234 890 2319 942; x_wconf 80' lang='lat' dir='ltr'><strong>ttat</strong></span> <span class='ocrx_word' id='word_1_501' title='bbox 2344 890 2462 954; x_wconf 90' lang='lat' dir='ltr'><strong>tibi,</strong></span> <span class='ocrx_word' id='word_1_502' title='bbox 2492 890 2581 942; x_wconf 80' lang='lat' dir='ltr'><strong>sed</strong></span> <span class='ocrx_word' id='word_1_503' title='bbox 2610 892 2659 943; x_wconf 86' lang='lat' dir='ltr'><strong>in</strong></span> <span class='ocrx_word' id='word_1_504' title='bbox 2691 890 2819 951; x_wconf 78' lang='lat' dir='ltr'><strong>loco,</strong></span> <span class='ocrx_word' id='word_1_505' title='bbox 2850 891 2900 943; x_wconf 90' lang='lat' dir='ltr'><strong>iu</strong></span> <span class='ocrx_word' id='word_1_506' title='bbox 2929 908 3025 958; x_wconf 86' lang='lat' dir='ltr'><strong>quo</strong></span> <span class='ocrx_word' id='word_1_507' title='bbox 3052 894 3339 945; x_wconf 81' lang='lat' dir='ltr'><strong>invocatum</strong></span> <span class='ocrx_word' id='word_1_508' title='bbox 3367 893 3520 965; x_wconf 75' lang='lat' dir='ltr'><strong>fuerit</strong></span> 
     </span>
    </p>
   </div>
   <div class='ocr_carea' id='block_1_68' title="bbox 1932 982 3517 1055">
    <p class='ocr_par' dir='ltr' id='par_1_68' title="bbox 1932 982 3517 1055">
     <span class='ocr_line' id='line_1_68' title="bbox 1932 982 3517 1055; baseline 0.005 -22"><span class='ocrx_word' id='word_1_509' title='bbox 1932 997 2113 1035; x_wconf 80' lang='lat' dir='ltr'><strong>nomen</strong></span> <span class='ocrx_word' id='word_1_510' title='bbox 2154 983 2263 1052; x_wconf 75' lang='lat' dir='ltr'><strong>ejus</strong></span> <span class='ocrx_word' id='word_1_511' title='bbox 2303 982 2475 1055; x_wconf 85' lang='lat' dir='ltr'><strong>(Deut.</strong></span> <span class='ocrx_word' id='word_1_512' title='bbox 2504 983 2588 1038; x_wconf 76' lang='grc'><strong>16.</strong></span> <span class='ocrx_word' id='word_1_513' title='bbox 2690 986 2747 1053; x_wconf 83' lang='lat'><strong>6)</strong></span> <span class='ocrx_word' id='word_1_514' title='bbox 2778 1002 2790 1036; x_wconf 94' lang='lat'>:</span> <span class='ocrx_word' id='word_1_515' title='bbox 2819 984 2887 1038; x_wconf 88' lang='lat' dir='ltr'><strong>de</strong></span> <span class='ocrx_word' id='word_1_516' title='bbox 2927 984 3226 1041; x_wconf 75' lang='lat' dir='ltr'><strong>Jerusalem</strong></span> <span class='ocrx_word' id='word_1_517' title='bbox 3272 987 3517 1055; x_wconf 90' lang='lat' dir='ltr'><strong>loquens.</strong></span> 
     </span>
    </p>
   </div>
   <div class='ocr_carea' id='block_1_69' title="bbox 1936 1072 3524 1144">
    <p class='ocr_par' dir='ltr' id='par_1_69' title="bbox 1936 1072 3524 1144">
     <span class='ocr_line' id='line_1_69' title="bbox 1936 1072 3524 1144; baseline 0.003 -19"><span class='ocrx_word' id='word_1_518' title='bbox 1936 1072 2093 1127; x_wconf 81' lang='lat' dir='ltr'><strong>Vides</strong></span> <span class='ocrx_word' id='word_1_519' title='bbox 2120 1090 2228 1144; x_wconf 91' lang='lat' dir='ltr'><strong>quo</strong></span> <span class='ocrx_word' id='word_1_520' title='bbox 2257 1084 2431 1144; x_wconf 78' lang='lat' dir='ltr'><strong>pacto,</strong></span> <span class='ocrx_word' id='word_1_521' title='bbox 2458 1090 2577 1129; x_wconf 87' lang='lat' dir='ltr'><strong>cmn</strong></span> <span class='ocrx_word' id='word_1_522' title='bbox 2617 1075 2668 1129; x_wconf 93' lang='lat' dir='ltr'><strong>iu</strong></span> <span class='ocrx_word' id='word_1_523' title='bbox 2703 1092 2858 1130; x_wconf 89' lang='lat' dir='ltr'><strong>unam</strong></span> <span class='ocrx_word' id='word_1_524' title='bbox 2907 1077 3089 1131; x_wconf 72' lang='lat' dir='ltr'><strong>urbem</strong></span> <span class='ocrx_word' id='word_1_525' title='bbox 3131 1076 3323 1132; x_wconf 90' lang='lat' dir='ltr'><strong>festum</strong></span> <span class='ocrx_word' id='word_1_526' title='bbox 3356 1077 3524 1131; x_wconf 75' lang='lat' dir='ltr'><strong>inclu-</strong></span> 
     </span>
    </p>
   </div>
   <div class='ocr_carea' id='block_1_70' title="bbox 1931 1164 3525 1235">
    <p class='ocr_par' dir='ltr' id='par_1_70' title="bbox 1931 1164 3525 1235">
     <span class='ocr_line' id='line_1_70' title="bbox 1931 1164 3525 1235; baseline 0.004 -17"><span class='ocrx_word' id='word_1_527' title='bbox 1931 1164 2110 1231; x_wconf 88' lang='lat' dir='ltr'><strong>sisset,</strong></span> <span class='ocrx_word' id='word_1_528' title='bbox 2155 1166 2405 1234; x_wconf 82' lang='lat' dir='ltr'><strong>deinceps</strong></span> <span class='ocrx_word' id='word_1_529' title='bbox 2432 1176 2481 1218; x_wconf 87' lang='lat' dir='ltr'><strong>et</strong></span> <span class='ocrx_word' id='word_1_530' title='bbox 2517 1165 2682 1235; x_wconf 80' lang='lat' dir='ltr'><strong>ipsam</strong></span> <span class='ocrx_word' id='word_1_531' title='bbox 2715 1167 2900 1221; x_wconf 86' lang='lat' dir='ltr'><strong>urbem</strong></span> <span class='ocrx_word' id='word_1_532' title='bbox 2930 1170 3216 1231; x_wconf 84' lang='lat' dir='ltr'><strong>everterit,</strong></span> <span class='ocrx_word' id='word_1_533' title='bbox 3251 1178 3306 1223; x_wconf 91' lang='lat' dir='ltr'><strong>ut</strong></span> <span class='ocrx_word' id='word_1_534' title='bbox 3334 1170 3412 1224; x_wconf 88' lang='lat' dir='ltr'><strong>vel</strong></span> <span class='ocrx_word' id='word_1_535' title='bbox 3441 1170 3525 1224; x_wconf 85' lang='lat' dir='ltr'><strong>in-</strong></span> 
     </span>
    </p>
   </div>
   <div class='ocr_carea' id='block_1_71' title="bbox 1932 1257 3523 1330">
    <p class='ocr_par' dir='ltr' id='par_1_71' title="bbox 1932 1257 3523 1330">
     <span class='ocr_line' id='line_1_71' title="bbox 1932 1257 3523 1330; baseline 0.003 -20"><span class='ocrx_word' id='word_1_536' title='bbox 1932 1257 2068 1312; x_wconf 87' lang='lat' dir='ltr'><strong>vitos</strong></span> <span class='ocrx_word' id='word_1_537' title='bbox 2117 1258 2235 1313; x_wconf 87' lang='lat' dir='ltr'><strong>illos</strong></span> <span class='ocrx_word' id='word_1_538' title='bbox 2281 1260 2349 1312; x_wconf 90' lang='lat' dir='ltr'><strong>ab</strong></span> <span class='ocrx_word' id='word_1_539' title='bbox 2394 1259 2477 1313; x_wconf 90' lang='lat' dir='ltr'><strong>illa</strong></span> <span class='ocrx_word' id='word_1_540' title='bbox 2528 1259 2782 1330; x_wconf 78' lang='lat' dir='ltr'><strong>religione</strong></span> <span class='ocrx_word' id='word_1_541' title='bbox 2829 1262 3146 1316; x_wconf 84' lang='lat' dir='ltr'><strong>revocaret?</strong></span> <span class='ocrx_word' id='word_1_542' title='bbox 3193 1261 3332 1317; x_wconf 87' lang='lat' dir='ltr'><strong>Nulli</strong></span> <span class='ocrx_word' id='word_1_543' title='bbox 3379 1263 3523 1317; x_wconf 83' lang='lat' dir='ltr'><strong>enim</strong></span> 
     </span>
    </p>
   </div>
   <div class='ocr_carea' id='block_1_72' title="bbox 1932 1348 3528 1424">
    <p class='ocr_par' dir='ltr' id='par_1_72' title="bbox 1932 1348 3528 1424">
     <span class='ocr_line' id='line_1_72' title="bbox 1932 1348 3528 1424; baseline 0.003 -21"><span class='ocrx_word' id='word_1_544' title='bbox 1932 1348 2148 1404; x_wconf 91' lang='lat' dir='ltr'><strong>dubium</strong></span> <span class='ocrx_word' id='word_1_545' title='bbox 2174 1390 2189 1415; x_wconf 88' lang='lat'><strong>,</strong></span> <span class='ocrx_word' id='word_1_546' title='bbox 2233 1352 2360 1421; x_wconf 89' lang='lat' dir='ltr'><strong>quin</strong></span> <span class='ocrx_word' id='word_1_547' title='bbox 2406 1351 2545 1406; x_wconf 84' lang='lat' dir='ltr'><strong>Deus</strong></span> <span class='ocrx_word' id='word_1_548' title='bbox 2574 1368 2691 1422; x_wconf 73' lang='lat' dir='ltr'><strong>qua}</strong></span> <span class='ocrx_word' id='word_1_549' title='bbox 2731 1362 2886 1407; x_wconf 87' lang='lat' dir='ltr'><strong>erant</strong></span> <span class='ocrx_word' id='word_1_550' title='bbox 2913 1366 3303 1424; x_wconf 81' lang='lat' dir='ltr'><strong>consequutura</strong></span> <span class='ocrx_word' id='word_1_551' title='bbox 3335 1354 3528 1424; x_wconf 48' lang='lat' dir='ltr'><strong>pravi-</strong></span> 
     </span>
    </p>
   </div>
   <div class='ocr_carea' id='block_1_73' title="bbox 1933 1442 3527 1512">
    <p class='ocr_par' dir='ltr' id='par_1_73' title="bbox 1933 1442 3527 1512">
     <span class='ocr_line' id='line_1_73' title="bbox 1933 1442 3527 1512; baseline 0.002 -17"><span class='ocrx_word' id='word_1_552' title='bbox 1933 1442 2102 1496; x_wconf 88' lang='lat' dir='ltr'><strong>deret.</strong></span> <span class='ocrx_word' id='word_1_553' title='bbox 2130 1443 2298 1510; x_wconf 83' lang='lat' dir='ltr'><strong>Quam</strong></span> <span class='ocrx_word' id='word_1_554' title='bbox 2332 1442 2491 1512; x_wconf 84' lang='lat' dir='ltr'><strong>igitur</strong></span> <span class='ocrx_word' id='word_1_555' title='bbox 2519 1443 2588 1497; x_wconf 90' lang='lat' dir='ltr'><strong>ob</strong></span> <span class='ocrx_word' id='word_1_556' title='bbox 2617 1457 2828 1498; x_wconf 83' lang='lat' dir='ltr'><strong>causam</strong></span> <span class='ocrx_word' id='word_1_557' title='bbox 2858 1443 2964 1498; x_wconf 84' lang='lat' dir='ltr'><strong>illic</strong></span> <span class='ocrx_word' id='word_1_558' title='bbox 2993 1460 3088 1500; x_wconf 88' lang='lat' dir='ltr'><strong>eos</strong></span> <span class='ocrx_word' id='word_1_559' title='bbox 3115 1459 3181 1499; x_wconf 80' lang='lat' dir='ltr'><strong>ex</strong></span> <span class='ocrx_word' id='word_1_560' title='bbox 3212 1452 3324 1499; x_wconf 92' lang='lat' dir='ltr'><strong>toto</strong></span> <span class='ocrx_word' id='word_1_561' title='bbox 3352 1452 3527 1498; x_wconf 79' lang='lat' dir='ltr'><strong>terra-</strong></span> 
     </span>
    </p>
   </div>
   <div class='ocr_carea' id='block_1_74' title="bbox 1932 1533 3526 1605">
    <p class='ocr_par' dir='ltr' id='par_1_74' title="bbox 1932 1533 3526 1605">
     <span class='ocr_line' id='line_1_74' title="bbox 1932 1533 3526 1605; baseline 0 -17"><span class='ocrx_word' id='word_1_562' title='bbox 1932 1551 2052 1588; x_wconf 88' lang='lat' dir='ltr'><strong>rum</strong></span> <span class='ocrx_word' id='word_1_563' title='bbox 2081 1533 2211 1588; x_wconf 90' lang='lat' dir='ltr'><strong>orhe</strong></span> <span class='ocrx_word' id='word_1_564' title='bbox 2235 1536 2595 1605; x_wconf 81' lang='lat' dir='ltr'><strong>congregavit,</strong></span> <span class='ocrx_word' id='word_1_565' title='bbox 2618 1548 2738 1590; x_wconf 86' lang='lat' dir='ltr'><strong>eum</strong></span> <span class='ocrx_word' id='word_1_566' title='bbox 2765 1533 2876 1589; x_wconf 82' lang='lat' dir='ltr'><strong>fore</strong></span> <span class='ocrx_word' id='word_1_567' title='bbox 2899 1535 3232 1604; x_wconf 63' lang='lat' dir='ltr'><strong>prmviden-t,</strong></span> <span class='ocrx_word' id='word_1_568' title='bbox 3259 1544 3314 1588; x_wconf 91' lang='lat' dir='ltr'><strong>ut</strong></span> <span class='ocrx_word' id='word_1_569' title='bbox 3338 1534 3526 1589; x_wconf 86' lang='lat' dir='ltr'><strong>civitas</strong></span> 
     </span>
    </p>
   </div>
   <div class='ocr_carea' id='block_1_75' title="bbox 1933 1628 3523 1697">
    <p class='ocr_par' dir='ltr' id='par_1_75' title="bbox 1933 1628 3523 1697">
     <span class='ocr_line' id='line_1_75' title="bbox 1933 1628 3523 1697; baseline 0 -16"><span class='ocrx_word' id='word_1_570' title='bbox 1933 1628 2265 1683; x_wconf 87' lang='lat' dir='ltr'><strong>vastaretur?</strong></span> <span class='ocrx_word' id='word_1_571' title='bbox 2300 1630 2492 1682; x_wconf 84' lang='lat' dir='ltr'><strong>Annon</strong></span> <span class='ocrx_word' id='word_1_572' title='bbox 2522 1629 2645 1682; x_wconf 90' lang='lat' dir='ltr'><strong>hinc</strong></span> <span class='ocrx_word' id='word_1_573' title='bbox 2676 1629 2839 1697; x_wconf 89' lang='lat' dir='ltr'><strong>liquet</strong></span> <span class='ocrx_word' id='word_1_574' title='bbox 2865 1629 3012 1682; x_wconf 88' lang='lat' dir='ltr'><strong>illutn</strong></span> <span class='ocrx_word' id='word_1_575' title='bbox 3044 1629 3153 1683; x_wconf 86' lang='lat' dir='ltr'><strong>tolli</strong></span> <span class='ocrx_word' id='word_1_576' title='bbox 3186 1628 3523 1683; x_wconf 87' lang='lat' dir='ltr'><strong>festivitatem</strong></span> 
     </span>
    </p>
   </div>
   <div class='ocr_carea' id='block_1_76' title="bbox 1935 1719 3523 1787">
    <p class='ocr_par' dir='ltr' id='par_1_76' title="bbox 1935 1719 3523 1787">
     <span class='ocr_line' id='line_1_76' title="bbox 1935 1719 3523 1787; baseline 0 -14"><span class='ocrx_word' id='word_1_577' title='bbox 1935 1719 2207 1774; x_wconf 63' lang='lat' dir='ltr'><strong>VtillliSsC?</strong></span> <span class='ocrx_word' id='word_1_578' title='bbox 2242 1720 2378 1773; x_wconf 82' lang='lat' dir='ltr'><strong>Deus</strong></span> <span class='ocrx_word' id='word_1_579' title='bbox 2418 1720 2560 1774; x_wconf 89' lang='lat' dir='ltr'><strong>illam</strong></span> <span class='ocrx_word' id='word_1_580' title='bbox 2584 1719 2831 1785; x_wconf 89' lang='lat' dir='ltr'><strong>sustulit,</strong></span> <span class='ocrx_word' id='word_1_581' title='bbox 2867 1729 2919 1773; x_wconf 89' lang='lat' dir='ltr'><strong>et</strong></span> <span class='ocrx_word' id='word_1_582' title='bbox 2950 1729 3002 1773; x_wconf 92' lang='lat' dir='ltr'><strong>tu</strong></span> <span class='ocrx_word' id='word_1_583' title='bbox 3027 1719 3239 1774; x_wconf 71' lang='lat' dir='ltr'><strong>Judams</strong></span> <span class='ocrx_word' id='word_1_584' title='bbox 3279 1720 3523 1787; x_wconf 74' lang='lat' dir='ltr'><strong>sectaris,</strong></span> 
     </span>
    </p>
   </div>
   <div class='ocr_carea' id='block_1_77' title="bbox 1932 1810 3524 1882">
    <p class='ocr_par' dir='ltr' id='par_1_77' title="bbox 1932 1810 3524 1882">
     <span class='ocr_line' id='line_1_77' title="bbox 1932 1810 3524 1882; baseline -0.001 -17"><span class='ocrx_word' id='word_1_585' title='bbox 1932 1812 1999 1865; x_wconf 87' lang='lat' dir='ltr'><strong>de</strong></span> <span class='ocrx_word' id='word_1_586' title='bbox 2028 1812 2217 1882; x_wconf 71' lang='lat' dir='ltr'><strong>quibus</strong></span> <span class='ocrx_word' id='word_1_587' title='bbox 2249 1812 2319 1865; x_wconf 90' lang='lat' dir='ltr'><strong>ait</strong></span> <span class='ocrx_word' id='word_1_588' title='bbox 2350 1811 2626 1881; x_wconf 66' lang='lat' dir='ltr'><strong>propheta,</strong></span> <span class='ocrx_word' id='word_1_589' title='bbox 2658 1810 2727 1865; x_wconf 86' lang='lat' dir='ltr'><strong>Et</strong></span> <span class='ocrx_word' id='word_1_590' title='bbox 2753 1812 2864 1881; x_wconf 81' lang='lat' dir='ltr'><strong>quis</strong></span> <span class='ocrx_word' id='word_1_591' title='bbox 2889 1828 3081 1876; x_wconf 68' lang='lat' dir='ltr'><strong>crocus,</strong></span> <span class='ocrx_word' id='word_1_592' title='bbox 3111 1812 3209 1864; x_wconf 86' lang='lat' dir='ltr'><strong>nisi</strong></span> <span class='ocrx_word' id='word_1_593' title='bbox 3236 1811 3380 1881; x_wconf 76' lang='lat' dir='ltr'><strong>pueri</strong></span> <span class='ocrx_word' id='word_1_594' title='bbox 3406 1810 3524 1877; x_wconf 84' lang='lat' dir='ltr'><strong>mei,</strong></span> 
     </span>
    </p>
   </div>
   <div class='ocr_carea' id='block_1_78' title="bbox 1933 1902 3527 1979">
    <p class='ocr_par' dir='ltr' id='par_1_78' title="bbox 1933 1902 3527 1979">
     <span class='ocr_line' id='line_1_78' title="bbox 1933 1902 3527 1979; baseline -0.001 -20"><span class='ocrx_word' id='word_1_595' title='bbox 1933 1918 1976 1959; x_wconf 86' lang='lat' dir='ltr'><strong>et</strong></span> <span class='ocrx_word' id='word_1_596' title='bbox 2004 1906 2187 1960; x_wconf 83' lang='lat' dir='ltr'><strong>surdus</strong></span> <span class='ocrx_word' id='word_1_597' title='bbox 2211 1948 2222 1966; x_wconf 93' lang='lat'><strong>,</strong></span> <span class='ocrx_word' id='word_1_598' title='bbox 2258 1907 2352 1958; x_wconf 84' lang='lat' dir='ltr'><strong>nisi</strong></span> <span class='ocrx_word' id='word_1_599' title='bbox 2397 1907 2484 1975; x_wconf 86' lang='lat' dir='ltr'><strong>qui</strong></span> <span class='ocrx_word' id='word_1_600' title='bbox 2525 1906 2852 1959; x_wconf 84' lang='lat' dir='ltr'><strong>dominantur</strong></span> <span class='ocrx_word' id='word_1_601' title='bbox 2889 1922 3061 1959; x_wconf 80' lang='lat' dir='ltr'><strong>eorum</strong></span> <span class='ocrx_word' id='word_1_602' title='bbox 3093 1902 3246 1979; x_wconf 84' lang='lat' dir='ltr'><strong>(Isai.</strong></span> <span class='ocrx_word' id='word_1_603' title='bbox 3270 1902 3360 1959; x_wconf 73' lang='grc'><strong>42.</strong></span> <span class='ocrx_word' id='word_1_604' title='bbox 3394 1902 3527 1972; x_wconf 84' lang='lat' dir='ltr'><strong>l9)?</strong></span> 
     </span>
    </p>
   </div>
   <div class='ocr_carea' id='block_1_79' title="bbox 1934 1995 3528 2071">
    <p class='ocr_par' dir='ltr' id='par_1_79' title="bbox 1934 1995 3528 2071">
     <span class='ocr_line' id='line_1_79' title="bbox 1934 1995 3528 2071; baseline -0.005 -16"><span class='ocrx_word' id='word_1_605' title='bbox 1934 2001 2072 2071; x_wconf 79' lang='lat' dir='ltr'><strong>Erga</strong></span> <span class='ocrx_word' id='word_1_606' title='bbox 2105 2016 2261 2070; x_wconf 89' lang='lat' dir='ltr'><strong>quem</strong></span> <span class='ocrx_word' id='word_1_607' title='bbox 2291 1998 2434 2051; x_wconf 85' lang='lat' dir='ltr'><strong>enim</strong></span> <span class='ocrx_word' id='word_1_608' title='bbox 2466 2000 2539 2053; x_wconf 89' lang='lat' dir='ltr'><strong>illi</strong></span> <span class='ocrx_word' id='word_1_609' title='bbox 2584 2015 2687 2053; x_wconf 90' lang='lat' dir='ltr'><strong>non</strong></span> <span class='ocrx_word' id='word_1_610' title='bbox 2736 1998 2950 2053; x_wconf 88' lang='lat' dir='ltr'><strong>fuerunt</strong></span> <span class='ocrx_word' id='word_1_611' title='bbox 2979 1998 3169 2068; x_wconf 79' lang='lat' dir='ltr'><strong>ingrati</strong></span> <span class='ocrx_word' id='word_1_612' title='bbox 3200 2012 3262 2051; x_wconf 87' lang='lat' dir='ltr'><strong>ac</strong></span> <span class='ocrx_word' id='word_1_613' title='bbox 3288 1995 3528 2066; x_wconf 85' lang='lat' dir='ltr'><strong>stupidi?</strong></span> 
     </span>
    </p>
   </div>
   <div class='ocr_carea' id='block_1_80' title="bbox 1934 2087 3528 2165">
    <p class='ocr_par' dir='ltr' id='par_1_80' title="bbox 1934 2087 3528 2165">
     <span class='ocr_line' id='line_1_80' title="bbox 1934 2087 3528 2165; baseline -0.004 -18"><span class='ocrx_word' id='word_1_614' title='bbox 1934 2111 2058 2165; x_wconf 86' lang='lat' dir='ltr'><strong>erga</strong></span> <span class='ocrx_word' id='word_1_615' title='bbox 2090 2093 2392 2164; x_wconf 87' lang='lat' dir='ltr'><strong>apostolos,</strong></span> <span class='ocrx_word' id='word_1_616' title='bbox 2424 2108 2546 2162; x_wconf 82' lang='lat' dir='ltr'><strong>erga</strong></span> <span class='ocrx_word' id='word_1_617' title='bbox 2576 2091 2895 2162; x_wconf 80' lang='lat' dir='ltr'><strong>prophetas,</strong></span> <span class='ocrx_word' id='word_1_618' title='bbox 2929 2106 3051 2160; x_wconf 86' lang='lat' dir='ltr'><strong>erga</strong></span> <span class='ocrx_word' id='word_1_619' title='bbox 3083 2089 3333 2144; x_wconf 86' lang='lat' dir='ltr'><strong>doctores</strong></span> <span class='ocrx_word' id='word_1_620' title='bbox 3357 2087 3528 2141; x_wconf 85' lang='lat' dir='ltr'><strong>suos?</strong></span> 
     </span>
    </p>
   </div>
   <div class='ocr_carea' id='block_1_81' title="bbox 1933 2179 3527 2256">
    <p class='ocr_par' dir='ltr' id='par_1_81' title="bbox 1933 2179 3527 2256">
     <span class='ocr_line' id='line_1_81' title="bbox 1933 2179 3527 2256; baseline -0.004 -17"><span class='ocrx_word' id='word_1_621' title='bbox 1933 2186 2068 2256; x_wconf 72' lang='lat' dir='ltr'><strong>Quid</strong></span> <span class='ocrx_word' id='word_1_622' title='bbox 2097 2195 2272 2240; x_wconf 87' lang='lat' dir='ltr'><strong>autem</strong></span> <span class='ocrx_word' id='word_1_623' title='bbox 2300 2200 2431 2253; x_wconf 75' lang='lat' dir='ltr'><strong>opus</strong></span> <span class='ocrx_word' id='word_1_624' title='bbox 2457 2194 2538 2240; x_wconf 59' lang='lat' dir='ltr'><strong>est</strong></span> <span class='ocrx_word' id='word_1_625' title='bbox 2558 2184 2625 2237; x_wconf 89' lang='lat' dir='ltr'><strong>de</strong></span> <span class='ocrx_word' id='word_1_626' title='bbox 2652 2182 2960 2237; x_wconf 87' lang='lat' dir='ltr'><strong>doctoribus</strong></span> <span class='ocrx_word' id='word_1_627' title='bbox 2983 2198 3045 2236; x_wconf 93' lang='lat' dir='ltr'><strong>ac</strong></span> <span class='ocrx_word' id='word_1_628' title='bbox 3072 2181 3345 2251; x_wconf 85' lang='lat' dir='ltr'><strong>prophetis</strong></span> <span class='ocrx_word' id='word_1_629' title='bbox 3367 2179 3527 2233; x_wconf 85' lang='lat' dir='ltr'><strong>verba</strong></span> 
     </span>
    </p>
   </div>
   <div class='ocr_carea' id='block_1_82' title="bbox 1936 2272 3529 2345">
    <p class='ocr_par' dir='ltr' id='par_1_82' title="bbox 1936 2272 3529 2345">
     <span class='ocr_line' id='line_1_82' title="bbox 1936 2272 3529 2345; baseline -0.003 -15"><span class='ocrx_word' id='word_1_630' title='bbox 1936 2279 2109 2331; x_wconf 85' lang='lat' dir='ltr'><strong>facere</strong></span> <span class='ocrx_word' id='word_1_631' title='bbox 2128 2319 2143 2341; x_wconf 91' lang='lat'><strong>,</strong></span> <span class='ocrx_word' id='word_1_632' title='bbox 2186 2294 2305 2329; x_wconf 87' lang='lat' dir='ltr'><strong>cum</strong></span> <span class='ocrx_word' id='word_1_633' title='bbox 2336 2285 2389 2329; x_wconf 87' lang='lat' dir='ltr'><strong>et</strong></span> <span class='ocrx_word' id='word_1_634' title='bbox 2418 2276 2561 2345; x_wconf 79' lang='lat' dir='ltr'><strong>ipsus</strong></span> <span class='ocrx_word' id='word_1_635' title='bbox 2592 2275 2787 2329; x_wconf 77' lang='lat' dir='ltr'><strong>liberos</strong></span> <span class='ocrx_word' id='word_1_636' title='bbox 2815 2288 2940 2329; x_wconf 90' lang='lat' dir='ltr'><strong>suos</strong></span> <span class='ocrx_word' id='word_1_637' title='bbox 2968 2273 3256 2329; x_wconf 86' lang='lat' dir='ltr'><strong>occiderint</strong></span> <span class='ocrx_word' id='word_1_638' title='bbox 3280 2272 3304 2326; x_wconf 91' lang='lat'><strong>?</strong></span> <span class='ocrx_word' id='word_1_639' title='bbox 3336 2273 3529 2326; x_wconf 84' lang='lat' dir='ltr'><strong>Immo-</strong></span> 
     </span>
    </p>
   </div>
   <div class='ocr_carea' id='block_1_83' title="bbox 1937 2364 3526 2438">
    <p class='ocr_par' dir='ltr' id='par_1_83' title="bbox 1937 2364 3526 2438">
     <span class='ocr_line' id='line_1_83' title="bbox 1937 2364 3526 2438; baseline -0.003 -16"><span class='ocrx_word' id='word_1_640' title='bbox 1937 2369 2109 2422; x_wconf 84' lang='lat' dir='ltr'><strong>larunt</strong></span> <span class='ocrx_word' id='word_1_641' title='bbox 2137 2369 2278 2422; x_wconf 89' lang='lat' dir='ltr'><strong>enim</strong></span> <span class='ocrx_word' id='word_1_642' title='bbox 2313 2368 2451 2421; x_wconf 74' lang='lat' dir='ltr'><strong>ﬁlios</strong></span> <span class='ocrx_word' id='word_1_643' title='bbox 2480 2381 2605 2421; x_wconf 83' lang='lat' dir='ltr'><strong>suos</strong></span> <span class='ocrx_word' id='word_1_644' title='bbox 2636 2377 2687 2420; x_wconf 92' lang='lat' dir='ltr'><strong>et</strong></span> <span class='ocrx_word' id='word_1_645' title='bbox 2731 2365 2864 2420; x_wconf 77' lang='lat' dir='ltr'><strong>filias</strong></span> <span class='ocrx_word' id='word_1_646' title='bbox 2894 2381 3020 2421; x_wconf 89' lang='lat' dir='ltr'><strong>suas</strong></span> <span class='ocrx_word' id='word_1_647' title='bbox 3046 2366 3327 2421; x_wconf 53' lang='lat' dir='ltr'><strong>daemoniis</strong></span> <span class='ocrx_word' id='word_1_648' title='bbox 3354 2364 3526 2438; x_wconf 83' lang='lat' dir='ltr'><strong>(Psal.</strong></span> 
     </span>
    </p>
   </div>
   <div class='ocr_carea' id='block_1_84' title="bbox 1938 2460 3527 2533">
    <p class='ocr_par' dir='ltr' id='par_1_84' title="bbox 1938 2460 3527 2533">
     <span class='ocr_line' id='line_1_84' title="bbox 1938 2460 3527 2533; baseline -0.002 -17"><span class='ocrx_word' id='word_1_649' title='bbox 1938 2463 2058 2517; x_wconf 77' lang='lat'><strong>105.</strong></span> <span class='ocrx_word' id='word_1_650' title='bbox 2086 2463 2151 2517; x_wconf 85' lang='lat'><strong>57</strong></span> <span class='ocrx_word' id='word_1_651' title='bbox 2173 2464 2213 2533; x_wconf 85' lang='lat'><strong>).</strong></span> <span class='ocrx_word' id='word_1_652' title='bbox 2257 2461 2510 2516; x_wconf 87' lang='lat' dir='ltr'><strong>Naturam</strong></span> <span class='ocrx_word' id='word_1_653' title='bbox 2546 2463 2893 2527; x_wconf 78' lang='lat' dir='ltr'><strong>ignorarunt,</strong></span> <span class='ocrx_word' id='word_1_654' title='bbox 2939 2475 3066 2515; x_wconf 92' lang='lat' dir='ltr'><strong>num</strong></span> <span class='ocrx_word' id='word_1_655' title='bbox 3098 2460 3291 2531; x_wconf 81' lang='lat' dir='ltr'><strong>igitur,</strong></span> <span class='ocrx_word' id='word_1_656' title='bbox 3324 2474 3527 2530; x_wconf 78' lang='lat' dir='ltr'><strong>qua-sn,</strong></span> 
     </span>
    </p>
   </div>
   <div class='ocr_carea' id='block_1_85' title="bbox 1935 2554 3527 2623">
    <p class='ocr_par' dir='ltr' id='par_1_85' title="bbox 1935 2554 3527 2623">
     <span class='ocr_line' id='line_1_85' title="bbox 1935 2554 3527 2623; baseline -0.004 -12"><span class='ocrx_word' id='word_1_657' title='bbox 1935 2557 2050 2611; x_wconf 84' lang='lat' dir='ltr'><strong>dies</strong></span> <span class='ocrx_word' id='word_1_658' title='bbox 2070 2565 2221 2610; x_wconf 87' lang='lat' dir='ltr'><strong>erant</strong></span> <span class='ocrx_word' id='word_1_659' title='bbox 2242 2555 2617 2609; x_wconf 90' lang='lat' dir='ltr'><strong>observaturi?</strong></span> <span class='ocrx_word' id='word_1_660' title='bbox 2650 2555 3102 2623; x_wconf 83' lang='lat' dir='ltr'><strong>Propinquitatem</strong></span> <span class='ocrx_word' id='word_1_661' title='bbox 3126 2554 3527 2619; x_wconf 73' lang='lat' dir='ltr'><strong>conenlt-arunt,</strong></span> 
     </span>
    </p>
   </div>
   <div class='ocr_carea' id='block_1_86' title="bbox 1935 2643 3529 2716">
    <p class='ocr_par' dir='ltr' id='par_1_86' title="bbox 1935 2643 3529 2716">
     <span class='ocr_line' id='line_1_86' title="bbox 1935 2643 3529 2716; baseline -0.003 -14"><span class='ocrx_word' id='word_1_662' title='bbox 1935 2658 1988 2703; x_wconf 89' lang='lat' dir='ltr'><strong>et</strong></span> <span class='ocrx_word' id='word_1_663' title='bbox 2021 2647 2246 2702; x_wconf 86' lang='lat' dir='ltr'><strong>tiliornm</strong></span> <span class='ocrx_word' id='word_1_664' title='bbox 2278 2646 2427 2701; x_wconf 89' lang='lat' dir='ltr'><strong>obliti</strong></span> <span class='ocrx_word' id='word_1_665' title='bbox 2456 2657 2613 2710; x_wconf 84' lang='lat' dir='ltr'><strong>sunt,</strong></span> <span class='ocrx_word' id='word_1_666' title='bbox 2649 2647 2736 2700; x_wconf 82' lang='lat' dir='ltr'><strong>Dei</strong></span> <span class='ocrx_word' id='word_1_667' title='bbox 2768 2647 2955 2716; x_wconf 83' lang='lat' dir='ltr'><strong>ipsius,</strong></span> <span class='ocrx_word' id='word_1_668' title='bbox 2988 2661 3017 2700; x_wconf 91' lang='lat' dir='ltr'><strong>a</strong></span> <span class='ocrx_word' id='word_1_669' title='bbox 3048 2661 3152 2715; x_wconf 88' lang='lat' dir='ltr'><strong>quo</strong></span> <span class='ocrx_word' id='word_1_670' title='bbox 3179 2644 3377 2700; x_wconf 89' lang='lat' dir='ltr'><strong>conditi</strong></span> <span class='ocrx_word' id='word_1_671' title='bbox 3411 2643 3529 2698; x_wconf 85' lang='lat' dir='ltr'><strong>fue-</strong></span> 
     </span>
    </p>
   </div>
   <div class='ocr_carea' id='block_1_87' title="bbox 1936 2735 3530 2807">
    <p class='ocr_par' dir='ltr' id='par_1_87' title="bbox 1936 2735 3530 2807">
     <span class='ocr_line' id='line_1_87' title="bbox 1936 2735 3530 2807; baseline -0.005 -12"><span class='ocrx_word' id='word_1_672' title='bbox 1936 2750 2077 2802; x_wconf 90' lang='lat' dir='ltr'><strong>rant,</strong></span> <span class='ocrx_word' id='word_1_673' title='bbox 2105 2749 2229 2794; x_wconf 91' lang='lat' dir='ltr'><strong>sunt</strong></span> <span class='ocrx_word' id='word_1_674' title='bbox 2258 2739 2426 2794; x_wconf 88' lang='lat' dir='ltr'><strong>obliti.</strong></span> <span class='ocrx_word' id='word_1_675' title='bbox 2457 2737 2624 2792; x_wconf 83' lang='lat' dir='ltr'><strong>Deum</strong></span> <span class='ocrx_word' id='word_1_676' title='bbox 2650 2738 2818 2803; x_wconf 89' lang='lat' dir='ltr'><strong>enim,</strong></span> <span class='ocrx_word' id='word_1_677' title='bbox 2853 2737 3041 2807; x_wconf 87' lang='lat' dir='ltr'><strong>inquit,</strong></span> <span class='ocrx_word' id='word_1_678' title='bbox 3070 2736 3380 2807; x_wconf 80' lang='lat' dir='ltr'><strong>dereliquisti</strong></span> <span class='ocrx_word' id='word_1_679' title='bbox 3398 2777 3411 2798; x_wconf 92' lang='lat'><strong>,</strong></span> <span class='ocrx_word' id='word_1_680' title='bbox 3443 2735 3530 2806; x_wconf 87' lang='lat' dir='ltr'><strong>qui</strong></span> 
     </span>
    </p>
   </div>
   <div class='ocr_carea' id='block_1_88' title="bbox 1937 2826 3527 2905">
    <p class='ocr_par' dir='ltr' id='par_1_88' title="bbox 1937 2826 3527 2905">
     <span class='ocr_line' id='line_1_88' title="bbox 1937 2826 3527 2905; baseline -0.004 -19"><span class='ocrx_word' id='word_1_681' title='bbox 1937 2844 1984 2888; x_wconf 87' lang='lat' dir='ltr'><strong>te</strong></span> <span class='ocrx_word' id='word_1_682' title='bbox 2006 2842 2247 2905; x_wconf 82' lang='lat' dir='ltr'><strong>genuerat</strong></span> <span class='ocrx_word' id='word_1_683' title='bbox 2268 2874 2283 2898; x_wconf 97' lang='lat'><strong>,</strong></span> <span class='ocrx_word' id='word_1_684' title='bbox 2329 2842 2376 2886; x_wconf 84' lang='lat' dir='ltr'><strong>et</strong></span> <span class='ocrx_word' id='word_1_685' title='bbox 2412 2832 2595 2885; x_wconf 84' lang='lat' dir='ltr'><strong>oblitus</strong></span> <span class='ocrx_word' id='word_1_686' title='bbox 2624 2848 2674 2885; x_wconf 76' lang='lat' dir='ltr'><strong>cs</strong></span> <span class='ocrx_word' id='word_1_687' title='bbox 2713 2829 2805 2883; x_wconf 85' lang='lat' dir='ltr'><strong>Dei</strong></span> <span class='ocrx_word' id='word_1_688' title='bbox 2836 2829 3101 2884; x_wconf 75' lang='lat' dir='ltr'><strong>nutrientis</strong></span> <span class='ocrx_word' id='word_1_689' title='bbox 3132 2840 3177 2882; x_wconf 89' lang='lat' dir='ltr'><strong>te</strong></span> <span class='ocrx_word' id='word_1_690' title='bbox 3215 2826 3412 2898; x_wconf 86' lang='lat' dir='ltr'><strong>(Deut.</strong></span> <span class='ocrx_word' id='word_1_691' title='bbox 3437 2826 3527 2882; x_wconf 70' lang='grc'><strong>⁵52.</strong></span> 
     </span>
    </p>
   </div>
   <div class='ocr_carea' id='block_1_89' title="bbox 1936 2918 3525 2995">
    <p class='ocr_par' dir='ltr' id='par_1_89' title="bbox 1936 2918 3525 2995">
     <span class='ocr_line' id='line_1_89' title="bbox 1936 2918 3525 2995; baseline -0.004 -16"><span class='ocrx_word' id='word_1_692' title='bbox 1936 2923 2061 2995; x_wconf 73' lang='grc'><strong>18).</strong></span> <span class='ocrx_word' id='word_1_693' title='bbox 2101 2924 2267 2978; x_wconf 89' lang='lat' dir='ltr'><strong>Deum</strong></span> <span class='ocrx_word' id='word_1_694' title='bbox 2300 2923 2692 2993; x_wconf 65' lang='lat' dir='ltr'><strong>dt-reliqnorrunt</strong></span> <span class='ocrx_word' id='word_1_695' title='bbox 2716 2962 2733 2987; x_wconf 88' lang='lat'><strong>,</strong></span> <span class='ocrx_word' id='word_1_696' title='bbox 2776 2931 2830 2977; x_wconf 87' lang='lat' dir='ltr'><strong>et</strong></span> <span class='ocrx_word' id='word_1_697' title='bbox 2859 2921 3224 2977; x_wconf 85' lang='lat' dir='ltr'><strong>solemnitates</strong></span> <span class='ocrx_word' id='word_1_698' title='bbox 3252 2928 3406 2975; x_wconf 87' lang='lat' dir='ltr'><strong>erant</strong></span> <span class='ocrx_word' id='word_1_699' title='bbox 3430 2918 3525 2974; x_wconf 81' lang='lat' dir='ltr'><strong>ob-</strong></span> 
     </span>
    </p>
   </div>
   <div class='ocr_carea' id='block_1_90' title="bbox 1934 3012 3525 3085">
    <p class='ocr_par' dir='ltr' id='par_1_90' title="bbox 1934 3012 3525 3085">
     <span class='ocr_line' id='line_1_90' title="bbox 1934 3012 3525 3085; baseline -0.004 -13"><span class='ocrx_word' id='word_1_700' title='bbox 1934 3017 2239 3073; x_wconf 83' lang='lat' dir='ltr'><strong>servaturi?</strong></span> <span class='ocrx_word' id='word_1_701' title='bbox 2281 3017 2409 3085; x_wconf 79' lang='lat' dir='ltr'><strong>Quis</strong></span> <span class='ocrx_word' id='word_1_702' title='bbox 2439 3016 2538 3070; x_wconf 83' lang='lat' dir='ltr'><strong>hoc</strong></span> <span class='ocrx_word' id='word_1_703' title='bbox 2567 3015 2750 3069; x_wconf 74' lang='lat' dir='ltr'><strong>dicat?</strong></span> <span class='ocrx_word' id='word_1_704' title='bbox 2791 3014 3062 3084; x_wconf 88' lang='lat' dir='ltr'><strong>Siquidem</strong></span> <span class='ocrx_word' id='word_1_705' title='bbox 3098 3012 3341 3068; x_wconf 61' lang='lat' dir='ltr'><strong>Christus</strong></span> <span class='ocrx_word' id='word_1_706' title='bbox 3368 3015 3525 3067; x_wconf 89' lang='lat' dir='ltr'><strong>etiam</strong></span> 
     </span>
    </p>
   </div>
   <div class='ocr_carea' id='block_1_91' title="bbox 1932 3104 3529 3173">
    <p class='ocr_par' dir='ltr' id='par_1_91' title="bbox 1932 3104 3529 3173">
     <span class='ocr_line' id='line_1_91' title="bbox 1932 3104 3529 3173; baseline -0.005 -8"><span class='ocrx_word' id='word_1_707' title='bbox 1932 3111 2131 3165; x_wconf 88' lang='lat' dir='ltr'><strong>idcirco</strong></span> <span class='ocrx_word' id='word_1_708' title='bbox 2159 3126 2279 3163; x_wconf 89' lang='lat' dir='ltr'><strong>eum</strong></span> <span class='ocrx_word' id='word_1_709' title='bbox 2313 3111 2416 3163; x_wconf 91' lang='lat' dir='ltr'><strong>illis</strong></span> <span class='ocrx_word' id='word_1_710' title='bbox 2461 3110 2662 3162; x_wconf 65' lang='lat' dir='ltr'><strong>Pascha</strong></span> <span class='ocrx_word' id='word_1_711' title='bbox 2709 3109 2866 3173; x_wconf 80' lang='lat' dir='ltr'><strong>fecit,</strong></span> <span class='ocrx_word' id='word_1_712' title='bbox 2910 3123 3014 3162; x_wconf 89' lang='lat' dir='ltr'><strong>non</strong></span> <span class='ocrx_word' id='word_1_713' title='bbox 3056 3115 3110 3160; x_wconf 92' lang='lat' dir='ltr'><strong>ut</strong></span> <span class='ocrx_word' id='word_1_714' title='bbox 3151 3122 3247 3159; x_wconf 90' lang='lat' dir='ltr'><strong>nos</strong></span> <span class='ocrx_word' id='word_1_715' title='bbox 3277 3122 3396 3158; x_wconf 89' lang='lat' dir='ltr'><strong>cum</strong></span> <span class='ocrx_word' id='word_1_716' title='bbox 3426 3104 3529 3157; x_wconf 78' lang='lat' dir='ltr'><strong>illis</strong></span> 
     </span>
    </p>
   </div>
   <div class='ocr_carea' id='block_1_92' title="bbox 1937 3195 3525 3270">
    <p class='ocr_par' dir='ltr' id='par_1_92' title="bbox 1937 3195 3525 3270">
     <span class='ocr_line' id='line_1_92' title="bbox 1937 3195 3525 3270; baseline -0.006 -14"><span class='ocrx_word' id='word_1_717' title='bbox 1937 3203 2214 3266; x_wconf 80' lang='lat' dir='ltr'><strong>faciamus,</strong></span> <span class='ocrx_word' id='word_1_718' title='bbox 2241 3200 2332 3255; x_wconf 89' lang='lat' dir='ltr'><strong>sed</strong></span> <span class='ocrx_word' id='word_1_719' title='bbox 2365 3210 2419 3253; x_wconf 92' lang='lat' dir='ltr'><strong>ut</strong></span> <span class='ocrx_word' id='word_1_720' title='bbox 2448 3216 2539 3270; x_wconf 87' lang='lat' dir='ltr'><strong>per</strong></span> <span class='ocrx_word' id='word_1_721' title='bbox 2564 3200 2804 3253; x_wconf 83' lang='lat' dir='ltr'><strong>umbraut</strong></span> <span class='ocrx_word' id='word_1_722' title='bbox 2830 3197 3105 3252; x_wconf 84' lang='lat' dir='ltr'><strong>veritatem</strong></span> <span class='ocrx_word' id='word_1_723' title='bbox 3139 3195 3525 3248; x_wconf 82' lang='lat' dir='ltr'><strong>iutrmlneeret.</strong></span> 
     </span>
    </p>
   </div>
   <div class='ocr_carea' id='block_1_93' title="bbox 1932 3284 3527 3359">
    <p class='ocr_par' dir='ltr' id='par_1_93' title="bbox 1932 3284 3527 3359">
     <span class='ocr_line' id='line_1_93' title="bbox 1932 3284 3527 3359; baseline -0.008 -12"><span class='ocrx_word' id='word_1_724' title='bbox 1932 3292 2063 3347; x_wconf 84' lang='lat' dir='ltr'><strong>Nam</strong></span> <span class='ocrx_word' id='word_1_725' title='bbox 2092 3302 2147 3346; x_wconf 87' lang='lat' dir='ltr'><strong>et</strong></span> <span class='ocrx_word' id='word_1_726' title='bbox 2173 3290 2630 3347; x_wconf 83' lang='lat' dir='ltr'><strong>circumcisionem</strong></span> <span class='ocrx_word' id='word_1_727' title='bbox 2662 3304 2848 3359; x_wconf 87' lang='lat' dir='ltr'><strong>passus</strong></span> <span class='ocrx_word' id='word_1_728' title='bbox 2875 3297 2990 3352; x_wconf 87' lang='lat' dir='ltr'><strong>est,</strong></span> <span class='ocrx_word' id='word_1_729' title='bbox 3022 3295 3075 3342; x_wconf 90' lang='lat' dir='ltr'><strong>et</strong></span> <span class='ocrx_word' id='word_1_730' title='bbox 3100 3284 3316 3339; x_wconf 88' lang='lat' dir='ltr'><strong>sabbata</strong></span> <span class='ocrx_word' id='word_1_731' title='bbox 3347 3300 3527 3338; x_wconf 81' lang='lat' dir='ltr'><strong>serva-</strong></span> 
     </span>
    </p>
   </div>
   <div class='ocr_carea' id='block_1_94' title="bbox 1932 3377 3526 3452">
    <p class='ocr_par' dir='ltr' id='par_1_94' title="bbox 1932 3377 3526 3452">
     <span class='ocr_line' id='line_1_94' title="bbox 1932 3377 3526 3452; baseline -0.007 -12"><span class='ocrx_word' id='word_1_732' title='bbox 1932 3386 2043 3451; x_wconf 90' lang='lat' dir='ltr'><strong>vit,</strong></span> <span class='ocrx_word' id='word_1_733' title='bbox 2092 3394 2146 3440; x_wconf 89' lang='lat' dir='ltr'><strong>et</strong></span> <span class='ocrx_word' id='word_1_734' title='bbox 2188 3385 2316 3439; x_wconf 79' lang='lat' dir='ltr'><strong>festa</strong></span> <span class='ocrx_word' id='word_1_735' title='bbox 2363 3384 2686 3446; x_wconf 85' lang='lat' dir='ltr'><strong>celebravit,</strong></span> <span class='ocrx_word' id='word_1_736' title='bbox 2719 3391 2773 3437; x_wconf 88' lang='lat' dir='ltr'><strong>et</strong></span> <span class='ocrx_word' id='word_1_737' title='bbox 2801 3397 2985 3452; x_wconf 83' lang='lat' dir='ltr'><strong>azyma</strong></span> <span class='ocrx_word' id='word_1_738' title='bbox 3017 3378 3280 3439; x_wconf 88' lang='lat' dir='ltr'><strong>comedit,</strong></span> <span class='ocrx_word' id='word_1_739' title='bbox 3313 3387 3368 3432; x_wconf 93' lang='lat' dir='ltr'><strong>et</strong></span> <span class='ocrx_word' id='word_1_740' title='bbox 3414 3377 3526 3429; x_wconf 89' lang='lat' dir='ltr'><strong>ha-e</strong></span> 
     </span>
    </p>
   </div>
   <div class='ocr_carea' id='block_1_95' title="bbox 1932 3472 3523 3548">
    <p class='ocr_par' dir='ltr' id='par_1_95' title="bbox 1932 3472 3523 3548">
     <span class='ocr_line' id='line_1_95' title="bbox 1932 3472 3523 3548; baseline -0.007 -14"><span class='ocrx_word' id='word_1_741' title='bbox 1932 3479 2112 3534; x_wconf 86' lang='lat' dir='ltr'><strong>omnia</strong></span> <span class='ocrx_word' id='word_1_742' title='bbox 2150 3477 2497 3548; x_wconf 81' lang='lat' dir='ltr'><strong>Jerosolymis</strong></span> <span class='ocrx_word' id='word_1_743' title='bbox 2539 3477 2778 3546; x_wconf 81' lang='lat' dir='ltr'><strong>peregit;</strong></span> <span class='ocrx_word' id='word_1_744' title='bbox 2826 3476 2917 3530; x_wconf 86' lang='lat' dir='ltr'><strong>sed</strong></span> <span class='ocrx_word' id='word_1_745' title='bbox 2952 3474 3082 3527; x_wconf 92' lang='lat' dir='ltr'><strong>nulli</strong></span> <span class='ocrx_word' id='word_1_746' title='bbox 3127 3484 3301 3526; x_wconf 86' lang='lat' dir='ltr'><strong>tamen</strong></span> <span class='ocrx_word' id='word_1_747' title='bbox 3336 3472 3523 3524; x_wconf 85' lang='lat' dir='ltr'><strong>horum</strong></span> 
     </span>
    </p>
   </div>
   <div class='ocr_carea' id='block_1_96' title="bbox 1932 3564 3526 3637">
    <p class='ocr_par' dir='ltr' id='par_1_96' title="bbox 1932 3564 3526 3637">
     <span class='ocr_line' id='line_1_96' title="bbox 1932 3564 3526 3637; baseline -0.008 -10"><span class='ocrx_word' id='word_1_748' title='bbox 1932 3588 2032 3627; x_wconf 91' lang='lat' dir='ltr'><strong>nos</strong></span> <span class='ocrx_word' id='word_1_749' title='bbox 2059 3571 2273 3626; x_wconf 82' lang='lat' dir='ltr'><strong>obnoxii</strong></span> <span class='ocrx_word' id='word_1_750' title='bbox 2304 3586 2488 3625; x_wconf 90' lang='lat' dir='ltr'><strong>sumus</strong></span> <span class='ocrx_word' id='word_1_751' title='bbox 2510 3614 2524 3637; x_wconf 92' lang='lat'><strong>,</strong></span> <span class='ocrx_word' id='word_1_752' title='bbox 2554 3586 2615 3624; x_wconf 85' lang='lat' dir='ltr'><strong>ac</strong></span> <span class='ocrx_word' id='word_1_753' title='bbox 2642 3574 2835 3625; x_wconf 73' lang='lat' dir='ltr'><strong>clantat</strong></span> <span class='ocrx_word' id='word_1_754' title='bbox 2865 3567 3062 3622; x_wconf 88' lang='lat' dir='ltr'><strong>Paulus</strong></span> <span class='ocrx_word' id='word_1_755' title='bbox 3091 3566 3303 3627; x_wconf 70' lang='lat' dir='ltr'><strong>dicens,</strong></span> <span class='ocrx_word' id='word_1_756' title='bbox 3337 3564 3396 3618; x_wconf 89' lang='lat' dir='ltr'><strong>Si</strong></span> <span class='ocrx_word' id='word_1_757' title='bbox 3426 3580 3526 3617; x_wconf 75' lang='lat' dir='ltr'><strong>cir-</strong></span> 
     </span>
    </p>
   </div>
   <div class='ocr_carea' id='block_1_97' title="bbox 1930 3653 3524 3729">
    <p class='ocr_par' dir='ltr' id='par_1_97' title="bbox 1930 3653 3524 3729">
     <span class='ocr_line' id='line_1_97' title="bbox 1930 3653 3524 3729; baseline -0.005 -14"><span class='ocrx_word' id='word_1_758' title='bbox 1930 3662 2289 3716; x_wconf 82' lang='lat' dir='ltr'><strong>cumcidamini</strong></span> <span class='ocrx_word' id='word_1_759' title='bbox 2308 3704 2324 3729; x_wconf 91' lang='lat'><strong>,</strong></span> <span class='ocrx_word' id='word_1_760' title='bbox 2355 3661 2584 3717; x_wconf 77' lang='lat' dir='ltr'><strong>Christus</strong></span> <span class='ocrx_word' id='word_1_761' title='bbox 2610 3661 2748 3714; x_wconf 70' lang='lat' dir='ltr'><strong>vobis</strong></span> <span class='ocrx_word' id='word_1_762' title='bbox 2778 3659 2907 3713; x_wconf 77' lang='lat' dir='ltr'><strong>nihil</strong></span> <span class='ocrx_word' id='word_1_763' title='bbox 2947 3658 3171 3728; x_wconf 83' lang='lat' dir='ltr'><strong>proderit</strong></span> <span class='ocrx_word' id='word_1_764' title='bbox 3199 3655 3341 3725; x_wconf 81' lang='lat' dir='ltr'><strong>(Gul.</strong></span> <span class='ocrx_word' id='word_1_765' title='bbox 3365 3656 3414 3711; x_wconf 83' lang='lat'><strong>5.</strong></span> <span class='ocrx_word' id='word_1_766' title='bbox 3443 3653 3524 3725; x_wconf 70' lang='lat'><strong>2).</strong></span> 
     </span>
    </p>
   </div>
   <div class='ocr_carea' id='block_1_98' title="bbox 1934 3748 3522 3828">
    <p class='ocr_par' dir='ltr' id='par_1_98' title="bbox 1934 3748 3522 3828">
     <span class='ocr_line' id='line_1_98' title="bbox 1934 3748 3522 3828; baseline -0.007 -16"><span class='ocrx_word' id='word_1_767' title='bbox 1934 3757 2001 3812; x_wconf 88' lang='lat' dir='ltr'><strong>Et</strong></span> <span class='ocrx_word' id='word_1_768' title='bbox 2025 3756 2092 3811; x_wconf 89' lang='lat' dir='ltr'><strong>de</strong></span> <span class='ocrx_word' id='word_1_769' title='bbox 2119 3757 2321 3828; x_wconf 75' lang='lat' dir='ltr'><strong>azymis</strong></span> <span class='ocrx_word' id='word_1_770' title='bbox 2349 3771 2553 3817; x_wconf 88' lang='lat' dir='ltr'><strong>rursus,</strong></span> <span class='ocrx_word' id='word_1_771' title='bbox 2585 3754 2766 3823; x_wconf 85' lang='lat' dir='ltr'><strong>Itaque</strong></span> <span class='ocrx_word' id='word_1_772' title='bbox 2790 3755 2970 3825; x_wconf 77' lang='lat' dir='ltr'><strong>festum</strong></span> <span class='ocrx_word' id='word_1_773' title='bbox 2994 3752 3318 3814; x_wconf 76' lang='lat' dir='ltr'><strong>celebremus,</strong></span> <span class='ocrx_word' id='word_1_774' title='bbox 3348 3765 3446 3802; x_wconf 86' lang='lat' dir='ltr'><strong>non</strong></span> <span class='ocrx_word' id='word_1_775' title='bbox 3471 3748 3522 3801; x_wconf 89' lang='lat' dir='ltr'><strong>in</strong></span> 
     </span>
    </p>
   </div>
   <div class='ocr_carea' id='block_1_99' title="bbox 1930 3840 3520 3921">
    <p class='ocr_par' dir='ltr' id='par_1_99' title="bbox 1930 3840 3520 3921">
     <span class='ocr_line' id='line_1_99' title="bbox 1930 3840 3520 3921; baseline -0.008 -18"><span class='ocrx_word' id='word_1_776' title='bbox 1930 3853 2176 3921; x_wconf 82' lang='lat' dir='ltr'><strong>fermento</strong></span> <span class='ocrx_word' id='word_1_777' title='bbox 2201 3850 2381 3913; x_wconf 76' lang='lat' dir='ltr'><strong>veteri,</strong></span> <span class='ocrx_word' id='word_1_778' title='bbox 2414 3864 2571 3918; x_wconf 76' lang='lat' dir='ltr'><strong>neque</strong></span> <span class='ocrx_word' id='word_1_779' title='bbox 2605 3848 2655 3900; x_wconf 91' lang='lat' dir='ltr'><strong>in</strong></span> <span class='ocrx_word' id='word_1_780' title='bbox 2688 3846 2931 3919; x_wconf 74' lang='lat' dir='ltr'><strong>fcrnwnto</strong></span> <span class='ocrx_word' id='word_1_781' title='bbox 2960 3843 3168 3896; x_wconf 75' lang='lat' dir='ltr'><strong>malitia:</strong></span> <span class='ocrx_word' id='word_1_782' title='bbox 3193 3853 3237 3896; x_wconf 89' lang='lat' dir='ltr'><strong>et</strong></span> <span class='ocrx_word' id='word_1_783' title='bbox 3266 3840 3520 3909; x_wconf 72' lang='lat' dir='ltr'><strong>nequitur,</strong></span> 
     </span>
    </p>
   </div>
   <div class='ocr_carea' id='block_1_100' title="bbox 1931 3930 3524 4013">
    <p class='ocr_par' dir='ltr' id='par_1_100' title="bbox 1931 3930 3524 4013">
     <span class='ocr_line' id='line_1_100' title="bbox 1931 3930 3524 4013; baseline -0.008 -17"><span class='ocrx_word' id='word_1_784' title='bbox 1931 3942 2020 3996; x_wconf 76' lang='lat' dir='ltr'><strong>sed</strong></span> <span class='ocrx_word' id='word_1_785' title='bbox 2058 3943 2109 3997; x_wconf 87' lang='lat' dir='ltr'><strong>in</strong></span> <span class='ocrx_word' id='word_1_786' title='bbox 2148 3942 2340 4013; x_wconf 79' lang='lat' dir='ltr'><strong>azymis</strong></span> <span class='ocrx_word' id='word_1_787' title='bbox 2381 3940 2684 3995; x_wconf 71' lang='lat' dir='ltr'><strong>sinceritatis</strong></span> <span class='ocrx_word' id='word_1_788' title='bbox 2728 3948 2773 3990; x_wconf 80' lang='lat' dir='ltr'><strong>et</strong></span> <span class='ocrx_word' id='word_1_789' title='bbox 2814 3936 3037 3991; x_wconf 76' lang='lat' dir='ltr'><strong>veritatis</strong></span> <span class='ocrx_word' id='word_1_790' title='bbox 3081 3935 3175 4007; x_wconf 85' lang='lat' dir='ltr'><strong>(l.</strong></span> <span class='ocrx_word' id='word_1_791' title='bbox 3200 3932 3317 3988; x_wconf 88' lang='lat' dir='ltr'><strong>Cor.</strong></span> <span class='ocrx_word' id='word_1_792' title='bbox 3342 3933 3396 3987; x_wconf 89' lang='lat'><strong>5.</strong></span> <span class='ocrx_word' id='word_1_793' title='bbox 3426 3930 3524 3999; x_wconf 88' lang='lat'><strong>8).</strong></span> 
     </span>
    </p>
   </div>
   <div class='ocr_carea' id='block_1_101' title="bbox 1931 4021 3527 4105">
    <p class='ocr_par' dir='ltr' id='par_1_101' title="bbox 1931 4021 3527 4105">
     <span class='ocr_line' id='line_1_101' title="bbox 1931 4021 3527 4105; baseline -0.011 -13"><span class='ocrx_word' id='word_1_794' title='bbox 1931 4037 2121 4092; x_wconf 69' lang='lat' dir='ltr'><strong>Nostra</strong></span> <span class='ocrx_word' id='word_1_795' title='bbox 2152 4037 2293 4091; x_wconf 88' lang='lat' dir='ltr'><strong>enim</strong></span> <span class='ocrx_word' id='word_1_796' title='bbox 2336 4049 2522 4105; x_wconf 80' lang='lat' dir='ltr'><strong>azyma</strong></span> <span class='ocrx_word' id='word_1_797' title='bbox 2560 4042 2684 4086; x_wconf 83' lang='lat' dir='ltr'><strong>sunt</strong></span> <span class='ocrx_word' id='word_1_798' title='bbox 2716 4045 2820 4084; x_wconf 84' lang='lat' dir='ltr'><strong>non</strong></span> <span class='ocrx_word' id='word_1_799' title='bbox 2854 4028 3020 4082; x_wconf 76' lang='lat' dir='ltr'><strong>farina</strong></span> <span class='ocrx_word' id='word_1_800' title='bbox 3066 4025 3386 4085; x_wconf 77' lang='lat' dir='ltr'><strong>commixta.</strong></span> <span class='ocrx_word' id='word_1_801' title='bbox 3432 4021 3527 4076; x_wconf 88' lang='lat' dir='ltr'><strong>sed</strong></span> 
     </span>
    </p>
   </div>
   <div class='ocr_carea' id='block_1_102' title="bbox 1930 4120 3434 4191">
    <p class='ocr_par' dir='ltr' id='par_1_102' title="bbox 1930 4120 3434 4191">
     <span class='ocr_line' id='line_1_102' title="bbox 1930 4120 3434 4191; baseline -0.011 -5"><span class='ocrx_word' id='word_1_802' title='bbox 1930 4128 2269 4186; x_wconf 78' lang='lat' dir='ltr'><strong>conversatio</strong></span> <span class='ocrx_word' id='word_1_803' title='bbox 2293 4127 2500 4181; x_wconf 86' lang='lat' dir='ltr'><strong>sincera</strong></span> <span class='ocrx_word' id='word_1_804' title='bbox 2529 4136 2582 4179; x_wconf 88' lang='lat' dir='ltr'><strong>et</strong></span> <span class='ocrx_word' id='word_1_805' title='bbox 2613 4125 2715 4177; x_wconf 83' lang='lat' dir='ltr'><strong>vita</strong></span> <span class='ocrx_word' id='word_1_806' title='bbox 2744 4138 2839 4191; x_wconf 90' lang='lat' dir='ltr'><strong>per</strong></span> <span class='ocrx_word' id='word_1_807' title='bbox 2866 4120 3117 4173; x_wconf 83' lang='lat' dir='ltr'><strong>virtutem</strong></span> <span class='ocrx_word' id='word_1_808' title='bbox 3147 4124 3434 4171; x_wconf 89' lang='lat' dir='ltr'><strong>transacta.</strong></span> 
     </span>
    </p>
   </div>
   <div class='ocr_carea' id='block_1_103' title="bbox 2001 4206 3527 4276">
    <p class='ocr_par' dir='ltr' id='par_1_103' title="bbox 2001 4206 3527 4276">
     <span class='ocr_line' id='line_1_103' title="bbox 2001 4206 3527 4276; baseline -0.013 -2"><span class='ocrx_word' id='word_1_809' title='bbox 2001 4221 2057 4274; x_wconf 77' lang='grc'><strong>4.</strong></span> <span class='ocrx_word' id='word_1_810' title='bbox 2097 4217 2202 4273; x_wconf 85' lang='lat' dir='ltr'><strong>Cur</strong></span> <span class='ocrx_word' id='word_1_811' title='bbox 2243 4218 2469 4272; x_wconf 76' lang='lat' dir='ltr'><strong>Christus</strong></span> <span class='ocrx_word' id='word_1_812' title='bbox 2512 4214 2716 4269; x_wconf 85' lang='lat' dir='ltr'><strong>Pascha</strong></span> <span class='ocrx_word' id='word_1_813' title='bbox 2761 4210 3022 4266; x_wconf 77' lang='lat' dir='ltr'><strong>celcbrarit</strong></span> <span class='ocrx_word' id='word_1_814' title='bbox 3064 4206 3156 4262; x_wconf 80' lang='lat' dir='ltr'><strong>illo</strong></span> <span class='ocrx_word' id='word_1_815' title='bbox 3202 4218 3527 4276; x_wconf 85' lang='lat' dir='ltr'><strong>tempore.—</strong></span> 
     </span>
    </p>
   </div>
   <div class='ocr_carea' id='block_1_104' title="bbox 1930 4296 3523 4379">
    <p class='ocr_par' dir='ltr' id='par_1_104' title="bbox 1930 4296 3523 4379">
     <span class='ocr_line' id='line_1_104' title="bbox 1930 4296 3523 4379; baseline -0.009 -14"><span class='ocrx_word' id='word_1_816' title='bbox 1930 4311 2099 4378; x_wconf 80' lang='lat' dir='ltr'><strong>Quam</strong></span> <span class='ocrx_word' id='word_1_817' title='bbox 2132 4308 2290 4379; x_wconf 81' lang='lat' dir='ltr'><strong>igitur</strong></span> <span class='ocrx_word' id='word_1_818' title='bbox 2314 4309 2383 4361; x_wconf 91' lang='lat' dir='ltr'><strong>ob</strong></span> <span class='ocrx_word' id='word_1_819' title='bbox 2411 4322 2628 4360; x_wconf 88' lang='lat' dir='ltr'><strong>causam</strong></span> <span class='ocrx_word' id='word_1_820' title='bbox 2668 4314 2776 4359; x_wconf 69' lang='lat' dir='ltr'><strong>tum</strong></span> <span class='ocrx_word' id='word_1_821' title='bbox 2806 4301 3058 4372; x_wconf 88' lang='lat' dir='ltr'><strong>temporis</strong></span> <span class='ocrx_word' id='word_1_822' title='bbox 3088 4298 3207 4353; x_wconf 73' lang='lat' dir='ltr'><strong>fecit</strong></span> <span class='ocrx_word' id='word_1_823' title='bbox 3236 4296 3523 4351; x_wconf 73' lang='lat' dir='ltr'><strong>Christus!</strong></span> 
     </span>
    </p>
   </div>
   <div class='ocr_carea' id='block_1_105' title="bbox 1930 4390 3524 4470">
    <p class='ocr_par' dir='ltr' id='par_1_105' title="bbox 1930 4390 3524 4470">
     <span class='ocr_line' id='line_1_105' title="bbox 1930 4390 3524 4470; baseline -0.008 -13"><span class='ocrx_word' id='word_1_824' title='bbox 1930 4401 2191 4470; x_wconf 85' lang='lat' dir='ltr'><strong>Quonlam</strong></span> <span class='ocrx_word' id='word_1_825' title='bbox 2222 4409 2369 4455; x_wconf 77' lang='lat' dir='ltr'><strong>vetus</strong></span> <span class='ocrx_word' id='word_1_826' title='bbox 2414 4398 2614 4454; x_wconf 71' lang='lat' dir='ltr'><strong>Pascha</strong></span> <span class='ocrx_word' id='word_1_827' title='bbox 2649 4397 2804 4451; x_wconf 87' lang='lat' dir='ltr'><strong>futuri</strong></span> <span class='ocrx_word' id='word_1_828' title='bbox 2850 4405 2963 4449; x_wconf 81' lang='lat' dir='ltr'><strong>erat</strong></span> <span class='ocrx_word' id='word_1_829' title='bbox 3011 4394 3199 4463; x_wconf 75' lang='lat' dir='ltr'><strong>ﬁgura,</strong></span> <span class='ocrx_word' id='word_1_830' title='bbox 3245 4390 3524 4445; x_wconf 87' lang='lat' dir='ltr'><strong>veritatem</strong></span> 
     </span>
    </p>
   </div>
   <div class='ocr_carea' id='block_1_106' title="bbox 1931 4484 3524 4562">
    <p class='ocr_par' dir='ltr' id='par_1_106' title="bbox 1931 4484 3524 4562">
     <span class='ocr_line' id='line_1_106' title="bbox 1931 4484 3524 4562; baseline -0.006 -17"><span class='ocrx_word' id='word_1_831' title='bbox 1931 4502 2107 4548; x_wconf 87' lang='lat' dir='ltr'><strong>autem</strong></span> <span class='ocrx_word' id='word_1_832' title='bbox 2136 4492 2370 4562; x_wconf 88' lang='lat' dir='ltr'><strong>oportuit</strong></span> <span class='ocrx_word' id='word_1_833' title='bbox 2395 4491 2515 4544; x_wconf 89' lang='lat' dir='ltr'><strong>addi</strong></span> <span class='ocrx_word' id='word_1_834' title='bbox 2540 4490 2741 4559; x_wconf 70' lang='lat' dir='ltr'><strong>ﬁgurae,</strong></span> <span class='ocrx_word' id='word_1_835' title='bbox 2765 4504 2884 4543; x_wconf 88' lang='lat' dir='ltr'><strong>cum</strong></span> <span class='ocrx_word' id='word_1_836' title='bbox 2913 4487 3059 4556; x_wconf 87' lang='lat' dir='ltr'><strong>prius</strong></span> <span class='ocrx_word' id='word_1_837' title='bbox 3087 4484 3327 4539; x_wconf 88' lang='lat' dir='ltr'><strong>umbram</strong></span> <span class='ocrx_word' id='word_1_838' title='bbox 3350 4492 3524 4536; x_wconf 86' lang='lat' dir='ltr'><strong>osten-</strong></span> 
     </span>
    </p>
   </div>
   <div class='ocr_carea' id='block_1_107' title="bbox 1932 4573 3521 4649">
    <p class='ocr_par' dir='ltr' id='par_1_107' title="bbox 1932 4573 3521 4649">
     <span class='ocr_line' id='line_1_107' title="bbox 1932 4573 3521 4649; baseline -0.006 -11"><span class='ocrx_word' id='word_1_839' title='bbox 1932 4584 2119 4649; x_wconf 87' lang='lat' dir='ltr'><strong>disset,</strong></span> <span class='ocrx_word' id='word_1_840' title='bbox 2153 4584 2429 4637; x_wconf 87' lang='lat' dir='ltr'><strong>veritatem</strong></span> <span class='ocrx_word' id='word_1_841' title='bbox 2472 4580 2666 4635; x_wconf 87' lang='lat' dir='ltr'><strong>deinde</strong></span> <span class='ocrx_word' id='word_1_842' title='bbox 2712 4581 2764 4634; x_wconf 91' lang='lat' dir='ltr'><strong>in</strong></span> <span class='ocrx_word' id='word_1_843' title='bbox 2810 4579 2997 4635; x_wconf 86' lang='lat' dir='ltr'><strong>eadem</strong></span> <span class='ocrx_word' id='word_1_844' title='bbox 3044 4590 3227 4630; x_wconf 80' lang='lat' dir='ltr'><strong>mensa</strong></span> <span class='ocrx_word' id='word_1_845' title='bbox 3279 4573 3521 4629; x_wconf 79' lang='lat' dir='ltr'><strong>induxit:</strong></span> 
     </span>
    </p>
   </div>
   <div class='ocr_carea' id='block_1_108' title="bbox 1936 4666 3527 4749">
    <p class='ocr_par' dir='ltr' id='par_1_108' title="bbox 1936 4666 3527 4749">
     <span class='ocr_line' id='line_1_108' title="bbox 1936 4666 3527 4749; baseline -0.007 -20"><span class='ocrx_word' id='word_1_846' title='bbox 1936 4694 2094 4749; x_wconf 86' lang='lat' dir='ltr'><strong>porro</strong></span> <span class='ocrx_word' id='word_1_847' title='bbox 2118 4677 2226 4747; x_wconf 72' lang='lat' dir='ltr'><strong>jam</strong></span> <span class='ocrx_word' id='word_1_848' title='bbox 2260 4676 2403 4730; x_wconf 87' lang='lat' dir='ltr'><strong>illata</strong></span> <span class='ocrx_word' id='word_1_849' title='bbox 2435 4675 2678 4736; x_wconf 86' lang='lat' dir='ltr'><strong>veritate,</strong></span> <span class='ocrx_word' id='word_1_850' title='bbox 2711 4672 2899 4727; x_wconf 87' lang='lat' dir='ltr'><strong>umbra</strong></span> <span class='ocrx_word' id='word_1_851' title='bbox 2946 4670 3202 4738; x_wconf 88' lang='lat' dir='ltr'><strong>deinceps</strong></span> <span class='ocrx_word' id='word_1_852' title='bbox 3243 4666 3527 4722; x_wconf 90' lang='lat' dir='ltr'><strong>abscondi-</strong></span> 
     </span>
    </p>
   </div>
   <div class='ocr_carea' id='block_1_109' title="bbox 1933 4758 3526 4843">
    <p class='ocr_par' dir='ltr' id='par_1_109' title="bbox 1933 4758 3526 4843">
     <span class='ocr_line' id='line_1_109' title="bbox 1933 4758 3526 4843; baseline -0.007 -18"><span class='ocrx_word' id='word_1_853' title='bbox 1933 4783 2037 4837; x_wconf 86' lang='lat' dir='ltr'><strong>tur,</strong></span> <span class='ocrx_word' id='word_1_854' title='bbox 2068 4785 2241 4843; x_wconf 87' lang='lat' dir='ltr'><strong>neque</strong></span> <span class='ocrx_word' id='word_1_855' title='bbox 2263 4770 2374 4840; x_wconf 84' lang='lat' dir='ltr'><strong>jam</strong></span> <span class='ocrx_word' id='word_1_856' title='bbox 2400 4768 2631 4838; x_wconf 84' lang='lat' dir='ltr'><strong>amplius</strong></span> <span class='ocrx_word' id='word_1_857' title='bbox 2657 4764 2968 4837; x_wconf 78' lang='lat' dir='ltr'><strong>tempestiva</strong></span> <span class='ocrx_word' id='word_1_858' title='bbox 2999 4774 3099 4818; x_wconf 89' lang='lat' dir='ltr'><strong>est.</strong></span> <span class='ocrx_word' id='word_1_859' title='bbox 3134 4761 3249 4816; x_wconf 84' lang='lat' dir='ltr'><strong>Noli</strong></span> <span class='ocrx_word' id='word_1_860' title='bbox 3275 4775 3402 4830; x_wconf 89' lang='lat' dir='ltr'><strong>ergo</strong></span> <span class='ocrx_word' id='word_1_861' title='bbox 3424 4758 3526 4814; x_wconf 88' lang='lat' dir='ltr'><strong>hoc</strong></span> 
     </span>
    </p>
   </div>
   <div class='ocr_carea' id='block_1_110' title="bbox 1933 4851 3523 4927">
    <p class='ocr_par' dir='ltr' id='par_1_110' title="bbox 1933 4851 3523 4927">
     <span class='ocr_line' id='line_1_110' title="bbox 1933 4851 3523 4927; baseline -0.009 -10"><span class='ocrx_word' id='word_1_862' title='bbox 1933 4864 2246 4927; x_wconf 87' lang='lat' dir='ltr'><strong>obtendere,</strong></span> <span class='ocrx_word' id='word_1_863' title='bbox 2273 4862 2365 4917; x_wconf 89' lang='lat' dir='ltr'><strong>sed</strong></span> <span class='ocrx_word' id='word_1_864' title='bbox 2409 4860 2541 4916; x_wconf 86' lang='lat' dir='ltr'><strong>mihi</strong></span> <span class='ocrx_word' id='word_1_865' title='bbox 2568 4858 2697 4913; x_wconf 91' lang='lat' dir='ltr'><strong>illud</strong></span> <span class='ocrx_word' id='word_1_866' title='bbox 2728 4855 2972 4921; x_wconf 87' lang='lat' dir='ltr'><strong>ostende,</strong></span> <span class='ocrx_word' id='word_1_867' title='bbox 3006 4855 3074 4909; x_wconf 91' lang='lat' dir='ltr'><strong>ita</strong></span> <span class='ocrx_word' id='word_1_868' title='bbox 3107 4852 3219 4908; x_wconf 84' lang='lat' dir='ltr'><strong>ﬁeri</strong></span> <span class='ocrx_word' id='word_1_869' title='bbox 3249 4851 3523 4906; x_wconf 89' lang='lat' dir='ltr'><strong>Christum</strong></span> 
     </span>
    </p>
   </div>
   <div class='ocr_carea' id='block_1_111' title="bbox 1925 4942 3520 5027">
    <p class='ocr_par' dir='ltr' id='par_1_111' title="bbox 1925 4942 3520 5027">
     <span class='ocr_line' id='line_1_111' title="bbox 1925 4942 3520 5027; baseline -0.012 -15"><span class='ocrx_word' id='word_1_870' title='bbox 1925 4957 2171 5027; x_wconf 73' lang='lat' dir='ltr'><strong>jussi~se.</strong></span> <span class='ocrx_word' id='word_1_871' title='bbox 2218 4955 2348 5010; x_wconf 86' lang='lat' dir='ltr'><strong>Nam</strong></span> <span class='ocrx_word' id='word_1_872' title='bbox 2396 4969 2495 5024; x_wconf 83' lang='lat' dir='ltr'><strong>ego</strong></span> <span class='ocrx_word' id='word_1_873' title='bbox 2534 4951 2746 5022; x_wconf 88' lang='lat' dir='ltr'><strong>quidem</strong></span> <span class='ocrx_word' id='word_1_874' title='bbox 2774 4948 3098 5004; x_wconf 84' lang='lat' dir='ltr'><strong>contrarium</strong></span> <span class='ocrx_word' id='word_1_875' title='bbox 3137 4942 3382 5008; x_wconf 78' lang='lat' dir='ltr'><strong>ostendo,</strong></span> <span class='ocrx_word' id='word_1_876' title='bbox 3417 4958 3520 4997; x_wconf 76' lang='lat' dir='ltr'><strong>non</strong></span> 
     </span>
    </p>
   </div>
   <div class='ocr_carea' id='block_1_112' title="bbox 1931 5035 3525 5116">
    <p class='ocr_par' dir='ltr' id='par_1_112' title="bbox 1931 5035 3525 5116">
     <span class='ocr_line' id='line_1_112' title="bbox 1931 5035 3525 5116; baseline -0.01 -10"><span class='ocrx_word' id='word_1_877' title='bbox 1931 5051 2092 5106; x_wconf 83' lang='lat' dir='ltr'><strong>modo</strong></span> <span class='ocrx_word' id='word_1_878' title='bbox 2123 5065 2227 5104; x_wconf 91' lang='lat' dir='ltr'><strong>non</strong></span> <span class='ocrx_word' id='word_1_879' title='bbox 2264 5049 2491 5116; x_wconf 75' lang='lat' dir='ltr'><strong>iussisse</strong></span> <span class='ocrx_word' id='word_1_880' title='bbox 2520 5047 2635 5101; x_wconf 86' lang='lat' dir='ltr'><strong>dies</strong></span> <span class='ocrx_word' id='word_1_881' title='bbox 2662 5042 2958 5105; x_wconf 89' lang='lat' dir='ltr'><strong>observari,</strong></span> <span class='ocrx_word' id='word_1_882' title='bbox 3005 5040 3098 5095; x_wconf 89' lang='lat' dir='ltr'><strong>sed</strong></span> <span class='ocrx_word' id='word_1_883' title='bbox 3129 5040 3288 5094; x_wconf 86' lang='lat' dir='ltr'><strong>etiam</strong></span> <span class='ocrx_word' id='word_1_884' title='bbox 3328 5037 3394 5090; x_wconf 89' lang='lat' dir='ltr'><strong>ab</strong></span> <span class='ocrx_word' id='word_1_885' title='bbox 3426 5035 3525 5090; x_wconf 87' lang='lat' dir='ltr'><strong>hac</strong></span> 
     </span>
    </p>
   </div>
   <div class='ocr_carea' id='block_1_113' title="bbox 1933 5128 3524 5201">
    <p class='ocr_par' dir='ltr' id='par_1_113' title="bbox 1933 5128 3524 5201">
     <span class='ocr_line' id='line_1_113' title="bbox 1933 5128 3524 5201; baseline -0.012 -3"><span class='ocrx_word' id='word_1_886' title='bbox 1933 5159 2033 5199; x_wconf 89' lang='lat' dir='ltr'><strong>nos</strong></span> <span class='ocrx_word' id='word_1_887' title='bbox 2062 5142 2384 5198; x_wconf 89' lang='lat' dir='ltr'><strong>necessitate</strong></span> <span class='ocrx_word' id='word_1_888' title='bbox 2413 5139 2690 5194; x_wconf 77' lang='lat' dir='ltr'><strong>liberasse.</strong></span> <span class='ocrx_word' id='word_1_889' title='bbox 2720 5135 2854 5191; x_wconf 82' lang='lat' dir='ltr'><strong>Audi</strong></span> <span class='ocrx_word' id='word_1_890' title='bbox 2884 5147 3012 5188; x_wconf 87' lang='lat' dir='ltr'><strong>sane</strong></span> <span class='ocrx_word' id='word_1_891' title='bbox 3038 5130 3162 5201; x_wconf 77' lang='lat' dir='ltr'><strong>quid</strong></span> <span class='ocrx_word' id='word_1_892' title='bbox 3207 5129 3347 5183; x_wconf 85' lang='lat' dir='ltr'><strong>dicat</strong></span> <span class='ocrx_word' id='word_1_893' title='bbox 3390 5128 3524 5182; x_wconf 78' lang='lat' dir='ltr'><strong>l‘au-</strong></span> 
     </span>
    </p>
   </div>
   <div class='ocr_carea' id='block_1_114' title="bbox 1931 5219 3520 5301">
    <p class='ocr_par' dir='ltr' id='par_1_114' title="bbox 1931 5219 3520 5301">
     <span class='ocr_line' id='line_1_114' title="bbox 1931 5219 3520 5301; baseline -0.013 -10"><span class='ocrx_word' id='word_1_894' title='bbox 1931 5235 2038 5301; x_wconf 89' lang='lat' dir='ltr'><strong>lus,</strong></span> <span class='ocrx_word' id='word_1_895' title='bbox 2070 5250 2190 5290; x_wconf 89' lang='lat' dir='ltr'><strong>cum</strong></span> <span class='ocrx_word' id='word_1_896' title='bbox 2219 5249 2345 5288; x_wconf 85' lang='lat' dir='ltr'><strong>vero</strong></span> <span class='ocrx_word' id='word_1_897' title='bbox 2374 5231 2592 5286; x_wconf 87' lang='lat' dir='ltr'><strong>Paulum</strong></span> <span class='ocrx_word' id='word_1_898' title='bbox 2611 5229 2751 5293; x_wconf 88' lang='lat' dir='ltr'><strong>dico,</strong></span> <span class='ocrx_word' id='word_1_899' title='bbox 2772 5227 2892 5281; x_wconf 90' lang='lat' dir='ltr'><strong>dico</strong></span> <span class='ocrx_word' id='word_1_900' title='bbox 2913 5224 3179 5281; x_wconf 86' lang='lat' dir='ltr'><strong>Christum</strong></span> <span class='ocrx_word' id='word_1_901' title='bbox 3208 5240 3220 5274; x_wconf 96' lang='lat'><strong>:</strong></span> <span class='ocrx_word' id='word_1_902' title='bbox 3252 5220 3362 5289; x_wconf 86' lang='lat' dir='ltr'><strong>ipse</strong></span> <span class='ocrx_word' id='word_1_903' title='bbox 3381 5219 3520 5271; x_wconf 81' lang='lat' dir='ltr'><strong>enim</strong></span> 
     </span>
    </p>
   </div>
   <div class='ocr_carea' id='block_1_115' title="bbox 1931 5311 3523 5396">
    <p class='ocr_par' dir='ltr' id='par_1_115' title="bbox 1931 5311 3523 5396">
     <span class='ocr_line' id='line_1_115' title="bbox 1931 5311 3523 5396; baseline -0.01 -15"><span class='ocrx_word' id='word_1_904' title='bbox 1931 5335 2014 5381; x_wconf 80' lang='lat' dir='ltr'><strong>est</strong></span> <span class='ocrx_word' id='word_1_905' title='bbox 2037 5327 2128 5396; x_wconf 89' lang='lat' dir='ltr'><strong>qui</strong></span> <span class='ocrx_word' id='word_1_906' title='bbox 2159 5323 2308 5379; x_wconf 87' lang='lat' dir='ltr'><strong>Pauli</strong></span> <span class='ocrx_word' id='word_1_907' title='bbox 2336 5322 2566 5377; x_wconf 88' lang='lat' dir='ltr'><strong>animam</strong></span> <span class='ocrx_word' id='word_1_908' title='bbox 2598 5327 2810 5374; x_wconf 89' lang='lat' dir='ltr'><strong>movet:</strong></span> <span class='ocrx_word' id='word_1_909' title='bbox 2840 5316 2965 5388; x_wconf 89' lang='lat' dir='ltr'><strong>quid</strong></span> <span class='ocrx_word' id='word_1_910' title='bbox 3015 5315 3173 5385; x_wconf 83' lang='lat' dir='ltr'><strong>igitur</strong></span> <span class='ocrx_word' id='word_1_911' title='bbox 3217 5312 3316 5366; x_wconf 78' lang='lat' dir='ltr'><strong>iste</strong></span> <span class='ocrx_word' id='word_1_912' title='bbox 3359 5311 3523 5365; x_wconf 78' lang='lat' dir='ltr'><strong>dicit?</strong></span> 
     </span>
    </p>
   </div>
   <div class='ocr_carea' id='block_1_116' title="bbox 1929 5401 3523 5480">
    <p class='ocr_par' dir='ltr' id='par_1_116' title="bbox 1929 5401 3523 5480">
     <span class='ocr_line' id='line_1_116' title="bbox 1929 5401 3523 5480; baseline -0.011 -7"><span class='ocrx_word' id='word_1_913' title='bbox 1929 5417 2052 5473; x_wconf 82' lang='lat' dir='ltr'><strong>Dies</strong></span> <span class='ocrx_word' id='word_1_914' title='bbox 2080 5417 2350 5473; x_wconf 72' lang='lat' dir='ltr'><strong>observatis</strong></span> <span class='ocrx_word' id='word_1_915' title='bbox 2376 5424 2422 5469; x_wconf 85' lang='lat' dir='ltr'><strong>et</strong></span> <span class='ocrx_word' id='word_1_916' title='bbox 2456 5430 2670 5478; x_wconf 79' lang='lat' dir='ltr'><strong>menses,</strong></span> <span class='ocrx_word' id='word_1_917' title='bbox 2714 5421 2761 5466; x_wconf 85' lang='lat' dir='ltr'><strong>et</strong></span> <span class='ocrx_word' id='word_1_918' title='bbox 2791 5420 3036 5480; x_wconf 85' lang='lat' dir='ltr'><strong>tempora,</strong></span> <span class='ocrx_word' id='word_1_919' title='bbox 3065 5415 3111 5462; x_wconf 78' lang='lat' dir='ltr'><strong>et</strong></span> <span class='ocrx_word' id='word_1_920' title='bbox 3138 5422 3316 5459; x_wconf 81' lang='lat' dir='ltr'><strong>annos.</strong></span> <span class='ocrx_word' id='word_1_921' title='bbox 3347 5401 3523 5457; x_wconf 76' lang='lat' dir='ltr'><strong>Timeo</strong></span> 
     </span>
    </p>
   </div>
   <div class='ocr_carea' id='block_1_117' title="bbox 1927 5495 3518 5581">
    <p class='ocr_par' dir='ltr' id='par_1_117' title="bbox 1927 5495 3518 5581">
     <span class='ocr_line' id='line_1_117' title="bbox 1927 5495 3518 5581; baseline -0.012 -14"><span class='ocrx_word' id='word_1_922' title='bbox 1927 5508 2036 5578; x_wconf 61' lang='lat' dir='ltr'><strong>eos,</strong></span> <span class='ocrx_word' id='word_1_923' title='bbox 2066 5529 2128 5566; x_wconf 83' lang='lat' dir='ltr'><strong>ne</strong></span> <span class='ocrx_word' id='word_1_924' title='bbox 2155 5510 2286 5581; x_wconf 81' lang='lat' dir='ltr'><strong>forte</strong></span> <span class='ocrx_word' id='word_1_925' title='bbox 2309 5509 2417 5563; x_wconf 85' lang='lat' dir='ltr'><strong>sine</strong></span> <span class='ocrx_word' id='word_1_926' title='bbox 2444 5524 2597 5562; x_wconf 81' lang='lat' dir='ltr'><strong>causa</strong></span> <span class='ocrx_word' id='word_1_927' title='bbox 2638 5504 2969 5560; x_wconf 77' lang='lat' dir='ltr'><strong>laboraverint</strong></span> <span class='ocrx_word' id='word_1_928' title='bbox 3016 5502 3068 5555; x_wconf 89' lang='lat' dir='ltr'><strong>in</strong></span> <span class='ocrx_word' id='word_1_929' title='bbox 3113 5499 3251 5554; x_wconf 81' lang='lat' dir='ltr'><strong>vobis</strong></span> <span class='ocrx_word' id='word_1_930' title='bbox 3288 5495 3432 5562; x_wconf 75' lang='lat' dir='ltr'><strong>(Gal.</strong></span> <span class='ocrx_word' id='word_1_931' title='bbox 3464 5495 3518 5550; x_wconf 75' lang='grc'><strong>4.</strong></span> 
     </span>
    </p>
   </div>
   <div class='ocr_carea' id='block_1_118' title="bbox 1931 5595 3519 5678">
    <p class='ocr_par' dir='ltr' id='par_1_118' title="bbox 1931 5595 3519 5678">
     <span class='ocr_line' id='line_1_118' title="bbox 1931 5595 3519 5678; baseline -0.013 -15"><span class='ocrx_word' id='word_1_932' title='bbox 1931 5606 2021 5662; x_wconf 75' lang='grc'><strong>10.</strong></span> <span class='ocrx_word' id='word_1_933' title='bbox 2049 5603 2138 5678; x_wconf 82' lang='grc' dir='ltr'><strong>Η)</strong></span> <span class='ocrx_word' id='word_1_934' title='bbox 2163 5623 2178 5660; x_wconf 89' lang='lat'><strong>:</strong></span> <span class='ocrx_word' id='word_1_935' title='bbox 2201 5614 2254 5659; x_wconf 90' lang='lat' dir='ltr'><strong>et</strong></span> <span class='ocrx_word' id='word_1_936' title='bbox 2276 5617 2479 5666; x_wconf 87' lang='lat' dir='ltr'><strong>rursus,</strong></span> <span class='ocrx_word' id='word_1_937' title='bbox 2511 5601 2929 5669; x_wconf 79' lang='lat' dir='ltr'><strong>Quotiescumque</strong></span> <span class='ocrx_word' id='word_1_938' title='bbox 2943 5595 3325 5653; x_wconf 85' lang='lat' dir='ltr'><strong>manducubitis</strong></span> <span class='ocrx_word' id='word_1_939' title='bbox 3339 5605 3519 5661; x_wconf 83' lang='lat' dir='ltr'><strong>panem</strong></span> 
     </span>
    </p>
   </div>
   <div class='ocr_carea' id='block_1_119' title="bbox 1928 5684 3520 5765">
    <p class='ocr_par' dir='ltr' id='par_1_119' title="bbox 1928 5684 3520 5765">
     <span class='ocr_line' id='line_1_119' title="bbox 1928 5684 3520 5765; baseline -0.013 -9"><span class='ocrx_word' id='word_1_940' title='bbox 1928 5700 2081 5765; x_wconf 81' lang='lat' dir='ltr'><strong>hunc,</strong></span> <span class='ocrx_word' id='word_1_941' title='bbox 2111 5708 2159 5755; x_wconf 84' lang='lat' dir='ltr'><strong>et</strong></span> <span class='ocrx_word' id='word_1_942' title='bbox 2183 5698 2392 5754; x_wconf 80' lang='lat' dir='ltr'><strong>calicem</strong></span> <span class='ocrx_word' id='word_1_943' title='bbox 2419 5696 2612 5763; x_wconf 73' lang='lat' dir='ltr'><strong>bibatis,</strong></span> <span class='ocrx_word' id='word_1_944' title='bbox 2660 5702 2871 5748; x_wconf 69' lang='lat' dir='ltr'><strong>mortem</strong></span> <span class='ocrx_word' id='word_1_945' title='bbox 2914 5692 3116 5745; x_wconf 84' lang='lat' dir='ltr'><strong>Donum</strong></span> <span class='ocrx_word' id='word_1_946' title='bbox 3157 5684 3520 5740; x_wconf 81' lang='lat' dir='ltr'><strong>annuntiubitis</strong></span> 
     </span>
    </p>
   </div>
   <div class='ocr_carea' id='block_1_120' title="bbox 1933 5776 3514 5865">
    <p class='ocr_par' dir='ltr' id='par_1_120' title="bbox 1933 5776 3514 5865">
     <span class='ocr_line' id='line_1_120' title="bbox 1933 5776 3514 5865; baseline -0.014 -15"><span class='ocrx_word' id='word_1_947' title='bbox 1933 5792 2011 5865; x_wconf 74' lang='lat' dir='ltr'><strong>(l.</strong></span> <span class='ocrx_word' id='word_1_948' title='bbox 2053 5792 2173 5848; x_wconf 84' lang='lat' dir='ltr'><strong>Cor.</strong></span> <span class='ocrx_word' id='word_1_949' title='bbox 2207 5792 2292 5848; x_wconf 77' lang='grc' dir='ltr'><strong>Η.</strong></span> <span class='ocrx_word' id='word_1_950' title='bbox 2325 5788 2442 5862; x_wconf 70' lang='lat'><strong>26).</strong></span> <span class='ocrx_word' id='word_1_951' title='bbox 2483 5788 2923 5856; x_wconf 72' lang='lat' dir='ltr'><strong>Quotiescumque</strong></span> <span class='ocrx_word' id='word_1_952' title='bbox 2971 5797 3101 5837; x_wconf 79' lang='lat' dir='ltr'><strong>vero</strong></span> <span class='ocrx_word' id='word_1_953' title='bbox 3145 5795 3267 5836; x_wconf 88' lang='lat' dir='ltr'><strong>cum</strong></span> <span class='ocrx_word' id='word_1_954' title='bbox 3299 5776 3514 5865; x_wconf 78' lang='lat' dir='ltr'><strong>dixerit,</strong></span> 
     </span>
    </p>
   </div>
   <div class='ocr_carea' id='block_1_121' title="bbox 1928 5863 3517 5964">
    <p class='ocr_par' dir='ltr' id='par_1_121' title="bbox 1928 5863 3517 5964">
     <span class='ocr_line' id='line_1_121' title="bbox 1928 5863 3517 5964; baseline -0.016 -19"><span class='ocrx_word' id='word_1_955' title='bbox 1928 5863 2171 5959; x_wconf 78' lang='lat' dir='ltr'><strong>permisit</strong></span> <span class='ocrx_word' id='word_1_956' title='bbox 2203 5884 2305 5942; x_wconf 85' lang='lat' dir='ltr'><strong>hoc</strong></span> <span class='ocrx_word' id='word_1_957' title='bbox 2333 5882 2451 5955; x_wconf 81' lang='lat' dir='ltr'><strong>ejus</strong></span> <span class='ocrx_word' id='word_1_958' title='bbox 2477 5878 2719 5950; x_wconf 88' lang='lat' dir='ltr'><strong>arbitrio,</strong></span> <span class='ocrx_word' id='word_1_959' title='bbox 2745 5878 2832 5955; x_wconf 90' lang='lat' dir='ltr'><strong>qui</strong></span> <span class='ocrx_word' id='word_1_960' title='bbox 2859 5874 3086 5942; x_wconf 77' lang='lat' dir='ltr'><strong>accedit,</strong></span> <span class='ocrx_word' id='word_1_961' title='bbox 3112 5883 3343 5964; x_wconf 81' lang='lat' dir='ltr'><strong>eumque</strong></span> <span class='ocrx_word' id='word_1_962' title='bbox 3369 5863 3517 5932; x_wconf 80' lang='lat' dir='ltr'><strong>omni</strong></span> 
     </span>
    </p>
   </div>
  </div>
