3920 6386
419 371 446 397 κ

437 449 542 503 8G7

429 549 637 604 dierum
665 549 1035 604 observatione
1062 549 1334 604 liberavit.
1386 548 1499 604 Non
1547 549 1690 603 enim
1722 548 1860 603 idem
1893 556 2017 603 sunt

433 640 634 694 Pascha
675 651 726 695 et
774 640 1185 710 Quadragesnna
1227 640 1360 694 :sed
1409 640 1549 694 aliud
1600 641 1824 706 Pascha,
1873 639 2015 694 aliud

430 731 845 801 Quailragesima
870 751 883 787 :
911 731 1168 801 siquidem
1187 732 1594 799 Quadragcsima
1612 733 1779 787 semcl
1800 734 1850 786 in
1877 748 2016 786 anno

433 825 511 888 tit,
547 825 746 879 Pascha
780 827 851 894 (η)
876 842 1000 878 vero
1027 836 1105 880 ter
1135 828 1185 879 in
1217 826 1318 880 heh
1339 826 1542 879 lomada
1569 867 1584 892 ,
1619 843 2014 896 nommmquam

429 918 591 969 etiam
615 926 820 986 ιιιιιιιιιν,
847 916 928 969 vel
961 919 1134 984 [mlius
1160 918 1598 986 quotiescumque
1627 919 1889 970 volumus.
1921 917 2018 971 Est

429 1007 570 1060 enim
594 1007 790 1060 Pascha
814 1021 917 1059 noo
936 1007 1220 1075 jejunium.
1241 1007 1333 1060 sed
1354 1008 1573 1070 oblatio,
1594 1016 1648 1060 ct
1667 1006 2012 1073 sacrificium,

427 1098 567 1166 quod
603 1099 652 1151 in
683 1099 904 1167 singulis
933 1100 986 1152 lit
1012 1099 1272 1152 collectis.
1306 1099 1415 1153 Hoc
1441 1109 1617 1152 autem
1651 1101 1717 1151 ita
1749 1114 1888 1161 esse,
1910 1099 2014 1152 col-

429 1191 529 1258 lige
551 1206 614 1244 ex
650 1189 730 1242 his
754 1189 900 1244 Pauli
931 1190 1125 1255 verbis,
1160 1191 1357 1243 Pascha
1379 1201 1601 1244 nostrum
1630 1209 1720 1259 pro
1750 1191 1890 1245 nobis
1919 1191 2016 1244 im-

427 1287 644 1337 molatus
669 1293 740 1335 cst
766 1282 994 1336 Christus
1038 1285 1112 1355 (Ι.
1153 1284 1266 1336 Cor.
1311 1284 1356 1338 5.
1389 1285 1467 1351 7),
1510 1295 1557 1338 et
1597 1284 2017 1356 Quotiescumque

426 1372 794 1428 manducahitis
841 1393 1021 1444 panni»
1065 1376 1216 1435 hunc,
1261 1387 1307 1427 et
1341 1377 1546 1428 culicem
1585 1377 1775 1438 hibctis,
1803 1388 2014 1430 mortem

433 1465 635 1518 Domini
681 1467 1045 1520 annuntiahitis
1095 1467 1200 1538 (Ib.
1254 1469 1340 1521 il.
1383 1468 1498 1538 26).
1553 1465 1729 1538 Itaque
1773 1469 2012 1536 quoties—

425 1571 652 1624 cumque
691 1573 810 1610 cum
843 1559 1163 1612 conscientia
1196 1559 1388 1613 nnmda
1418 1559 1649 1623 accedis,
1684 1559 1883 1613 Pascha
1926 1575 2014 1612 ee-

429 1649 622 1715 lehras,
659 1665 762 1705 non
791 1650 1004 1718 quando
1028 1651 1256 1717 jejunus,
1289 1651 1382 1705 sed
1427 1651 1640 1720 quando
1669 1651 1913 1704 sacrificii
1947 1652 2008 1704 il-

427 1737 524 1791 lius
549 1738 608 1791 fis
627 1740 909 1809 particeps.
932 1739 1350 1809 Quotiescumque
1374 1744 1504 1794 enim
1529 1742 1899 1797 manducuhitis
1921 1761 2013 1810 pa.

428 1850 538 1885 nem
570 1835 792 1894 Imnc,'ct
819 1836 1025 1888 calicem
1056 1837 1243 1898 bibctfs,
1276 1847 1486 1889 mortem
1513 1835 1718 1890 Domini
1736 1838 2010 1890 annuntia-

424 1923 557 1976 bitis.
590 1924 788 1979 Pascha
823 1942 950 1979 vero
998 1939 1076 1979 est
1111 1937 1334 1982 mortem
1363 1928 1698 1980 annuntiare.
1733 1926 1862 1982 Nam
1890 1944 2010 1998 quae

426 2013 582 2068 hodie
607 2016 664 2068 ﬁt
689 2017 907 2077 oblitio,
942 2033 1165 2088 qumque
1210 2018 1462 2072 be~terno
1485 2017 1572 2073 die
1613 2018 1876 2073 celebrata
1903 2028 2006 2084 est,

424 2115 474 2157 et
506 2121 624 2175 qua:
653 2107 872 2177 singulis
899 2108 1106 2171 diebus,
1134 2110 1322 2163 similis
1348 2118 1429 2163 est
1473 2120 1524 2163 ct
1565 2110 1750 2163 eadem
1779 2125 1898 2164 cum
1921 2127 2005 2178 ea,

422 2215 541 2266 quzc
572 2199 657 2254 die
685 2199 768 2253 illa
810 2202 1012 2256 sabbati
1044 2206 1174 2257 iacta
1207 2213 1305 2268 est,
1332 2216 1380 2257 et
1413 2203 1576 2259 nihilo
1609 2205 1700 2259 fuit
1731 2205 1814 2259 illa
1843 2222 2007 2260 vene-

427 2289 645 2344 rabilior
665 2291 784 2353 ista,
819 2310 986 2362 neque
1016 2296 1168 2348 vilior
1193 2297 1305 2350 ha-c
1329 2313 1484 2365 quam
1516 2299 1626 2362 illa,
1654 2297 1746 2352 sed
1777 2315 1875 2352 una
1909 2313 2006 2352 ea-

422 2378 652 2450 demque
674 2384 869 2449 pariter
897 2385 1165 2438 tremenda
1199 2396 1252 2440 et
1277 2389 1540 2442 salutaris.

492 2469 593 2524 Cur
616 2489 703 2539 per
730 2473 796 2530 40
817 2475 922 2529 dies
937 2477 1214 2547 jejunetur.
1230 2509 1300 2519 ——
1323 2480 1488 2546 Quam
1525 2479 1682 2549 igitur
1702 2481 1770 2535 ob
1790 2497 2004 2536 causam

420 2561 742 2630 jejunaunts,
798 2564 984 2636 inquit,
1035 2584 1128 2636 per
1171 2569 1267 2623 bes
1307 2571 1419 2623 dies
1446 2573 1830 2641 quadraginta?
1857 2571 2004 2625 Muiti

422 2651 686 2718 quomlam
734 2664 931 2708 temere
969 2672 1029 2710 ac
1058 2658 1174 2711 sine
1197 2658 1419 2728 judicio,
1461 2662 1720 2729 (nrt-ipim
1750 2678 1876 2716 vero
1905 2663 2004 2715 hoc

421 2751 662 2812 tempore
691 2761 796 2816 quo
824 2748 1063 2802 Christus
1105 2766 1163 2802 ea
1207 2753 1445 2816 tradidit,
1476 2753 1539 2805 ad
1572 2769 1720 2808 sacra
1751 2756 2002 2826 mysteria

415 2834 758 2892 accedebant.
787 2838 918 2891 Cum
948 2840 1106 2906 igitur
1135 2842 1485 2913 intelligerent
1515 2845 1716 2911 Patres,
1747 2857 2000 2917 quantum

422 2941 484 2980 ex
516 2929 800 2983 temerario
849 2947 1065 2986 accessu
1116 2933 1418 2990 detrimenti
1461 2948 1757 3006 caperetur,
1807 2954 2002 2995 conve-

415 3017 622 3073 nientcs
661 3022 1011 3093 quadraginta
1060 3027 1174 3080 dies
1198 3027 1406 3097 jejunii,
1439 3045 1680 3100 precum,
1713 3031 2001 3088 auditionis

413 3111 560 3166 verbi
592 3113 702 3180 Dei,
737 3125 787 3168 et
817 3130 1172 3172 conventumn
1197 3121 1566 3191 designaruut.
1600 3134 1656 3180 ut
1685 3125 1734 3179 iu
1776 3124 1855 3178 his
1886 3127 2001 3178 dic-

413 3204 511 3257 bus
539 3221 723 3260 mones
753 3223 846 3277 per
888 3226 1096 3279 preces,
1132 3229 1226 3280 per
1269 3214 1687 3287 cleemosynam,
1721 3233 1817 3288 per
1851 3218 1998 3288 jeju-

411 3297 576 3361 nium,
609 3313 701 3366 rer
729 3302 948 3368 vigilias,
982 3317 1074 3370 per
1102 3303 1382 3374 lacrytnas,
1405 3323 1496 3374 po-r
1517 3306 1906 3362 confessionem
1937 3323 2000 3364 ac

412 3402 506 3454 per
534 3400 722 3442 eavtera
753 3394 926 3444 omnia
955 3393 1236 3462 diligenter
1276 3398 1572 3466 expurgati,
1618 3399 1683 3451 ita
1715 3417 1810 3468 pro
1839 3410 1998 3470 eaptu

407 3487 591 3530 nostro
631 3496 748 3532 cum
794 3486 1113 3538 conscientia
1147 3501 1274 3555 pura
1317 3491 1650 3542 accedamus.
1687 3491 1848 3548 l‘orro
1879 3491 1994 3546 illos

409 3565 508 3622 hac
537 3583 630 3622 sua
663 3571 1116 3628 condescensione
1170 3593 1418 3646 magmnu
1449 3579 1571 3646 quid
1625 3590 1677 3634 et
1721 3585 1990 3652 egregium

409 3662 742 3729 pra-stitissc,
777 3665 902 3718 dum
935 3667 1243 3733 eifeCcruut,
1280 3683 1330 3724 ιιι
1367 3672 1416 3725 in
1441 3657 1628 3742 jejunii
1651 3676 1994 3730 consuetudi-

409 3768 529 3806 nem
571 3756 895 3825 veniremus,
950 3761 1074 3815 inde
1120 3775 1350 3819 constat.
1403 3765 1534 3820 Nam
1584 3783 1681 3822 nos
1703 3771 1916 3840 quidem
1947 3771 1990 3824 si

405 3853 517 3896 toto
543 3861 684 3898 anno
710 3849 942 3903 clainare
979 3867 1041 3906 ac
1065 3853 1328 3922 jejunium
1355 3857 1645 3926 praedicare
1675 3875 1778 3915 oon
1808 3876 1990 3917 cesse-

403 3952 543 3998 mus.
593 3955 750 3992 nemo
777 3943 951 3997 verbis
990 3948 1187 4000 nostris
1213 3949 1448 4003 animum
1480 3952 1702 4006 attendit
1731 3971 1742 4002 :
1776 3954 1917 4024 quod
1945 3955 1989 4009 si

404 4037 605 4081 tantum
635 4029 1061 4100 Quadragesimat
1086 4047 1295 4108 tempus
1317 4041 1613 4108 advenerit,
1647 4045 1770 4100 licet
1799 4046 1990 4099 Cohor-

403 4130 542 4179 lctur
571 4141 747 4190 nemo,
798 4129 914 4181 licet
955 4129 1236 4185 consilium
1268 4133 1357 4187 det
1387 4150 1563 4198 nemo,
1598 4139 1756 4191 etiam
1802 4138 1866 4202 is,
1898 4139 1987 4208 qui

403 4217 886 4288 negligentissimns
915 4220 1093 4285 fuerit,
1121 4225 1404 4291 cxcimtur,
1429 4237 1482 4280 et
1512 4227 1747 4282 oblatum
1776 4230 1843 4284 ab
1871 4230 1988 4297 ipso

399 4320 636 4378 tempore
665 4315 944 4368 consilium
978 4325 1029 4366 et
1061 4316 1481 4372 cohortationem
1510 4319 1762 4375 admittit.
1799 4321 1853 4376 Si
1886 4321 1986 4390 igi-

399 4411 484 4454 tur
509 4401 793 4472 interroget
831 4416 882 4460 te
904 4406 1119 4460 Judzrus
1148 4417 1199 4462 et
1227 4407 1457 4464 Gentilis
1481 4427 1581 4478 qua
1612 4412 1680 4467 de
1720 4427 1878 4467 causa
1905 4414 1986 4482 je-

392 4492 574 4560 juoes,
607 4511 672 4547 ne
699 4496 842 4550 dieas
883 4511 1097 4567 propter
1123 4499 1341 4564 Pascha,
1395 4518 1568 4570 neque
1617 4513 1834 4573 propter
1859 4519 1984 4559 cru-

393 4597 512 4636 cem
536 4599 549 4635 :
576 4587 650 4638 sic
676 4587 817 4639 enim
844 4603 1027 4642 ansam
1060 4591 1132 4644 illi
1165 4607 1262 4644 nos
1289 4595 1540 4665 arguendi
1573 4597 1860 4664 pra-heres.
1882 4597 1986 4651 Ne—

395 4690 498 4743 que
515 4677 656 4730 enim
681 4679 749 4732 ob
773 4679 971 4734 Pascha
987 4683 1309 4752 jejunaums,
1337 4702 1508 4756 neque
1535 4688 1606 4741 ob
1629 4704 1864 4753 crucem,
1890 4691 1983 4744 sed

397 4770 468 4821 oh
491 4780 705 4836 peceata
732 4785 931 4842 nostra,
955 4779 1204 4846 quioniam
1227 4779 1291 4832 ad
1318 4783 1568 4851 mysteria
1592 4798 1778 4836 smnus
1803 4799 1986 4838 acces-

395 4861 506 4914 snri
541 4879 553 4912 :
587 4878 706 4917 nam
738 4865 931 4935 alioqui
966 4867 1164 4922 Pascha
1203 4885 1306 4923 non
1333 4871 1541 4939 jejunii,
1573 4889 1746 4943 neque
1790 4875 1982 4942 luctus,

394 4953 487 5008 sed
512 4955 684 5024 gaudii
711 4968 763 5010 et
783 4961 1156 5014 exsultatianis
1175 4972 1255 5016 est
1278 4966 1507 5018 occasio.
1534 4969 1669 5021 Crux
1693 4970 1833 5023 enim
1859 4985 1984 5039 pec-

392 5054 568 5099 Catum
588 5049 820 5112 sustulit,
853 5051 1083 5119 expiatio
1113 5053 1366 5109 fuitorhis
1388 5066 1669 5122 terrarum,
1702 5061 1981 5116 inveterati

393 5137 497 5190 odii
533 5140 911 5202 reconciliatio,
942 5142 1132 5210 januas
1165 5147 1276 5199 caeli
1319 5149 1546 5215 aperuit,
1577 5166 1671 5204 eos
1698 5153 1783 5220 qui
1815 5155 1982 5208 odiosi

391 5239 565 5294 erant,
585 5233 782 5286 audens
808 5237 1056 5299 reddidit,
1081 5238 1130 5290 in
1163 5241 1598 5301 eaulumrednxit.
1627 5255 1867 5299 naturam
1897 5262 1985 5301 n0-

393 5335 559 5380 alratu
589 5329 638 5380 in
658 5328 830 5382 throni
857 5329 1071 5384 dextera
1091 5333 1388 5400 collocavit,
1407 5336 1508 5389 alia
1535 5338 1686 5391 nobis
1704 5340 1982 5397 innumera

392 5418 525 5472 bona
557 5419 736 5490 largita
758 5433 859 5476 est.
879 5422 993 5478 Non
1023 5425 1182 5492 igitur
1204 5428 1383 5498 lugere
1399 5446 1460 5483 ac
1484 5447 1715 5486 mmrore
1737 5436 1981 5492 contrahi

391 5523 620 5579 oportet,
678 5513 770 5568 sed
821 5514 1010 5571 horum
1049 5520 1285 5574 omnium
1316 5537 1475 5577 causa
1506 5525 1739 5594 gaudere
1777 5542 1841 5582 ac
1888 5529 1982 5583 lte-

452 5688 523 5748 (a)
544 5691 713 5763 Pascha
738 5693 830 5742 hoc
849 5693 954 5745 loco
971 5696 1258 5760 intelligitur
1275 5699 1554 5750 sacriﬁcium
1581 5711 1632 5752 et
1649 5702 1762 5754 litnr
1799 5707 1982 5769 ia.qute

390 5749 688 5801 Alttxatldl'lie
714 5764 791 5805 ter
818 5759 866 5804 in
904 5757 1204 5805 bebdomada
1239 5761 1597 5805 celebrabatur-
1640 5774 1693 5805 pl
1727 5719 1982 5805 ιιὲηιιωπιη

390 5758 688 5801 Alexatutrize
714 5764 791 5805 ter
818 5759 866 5804 in
904 5758 1204 5808 hebdomadis
1239 5761 1598 5822 celebrabatur.
1640 5774 1694 5816 et
1727 5758 1983 5829 aiiquaiido

387 5817 946 5889 μιιξιιρξίτριιειιξθ-ιιεηθᾱ
971 5819 1152 5889 calcem
1184 5835 1388 5889 Operam
1410 5825 1727 5889 chrysostond
1755 5833 1859 5880 tusc
1882 5831 1981 5881 dis-

389 5874 649 5937 putabitur,
673 5878 753 5926 ubi
775 5877 838 5928 de
858 5879 1048 5945 liturgia
1068 5874 1231 5934 εει-ιιιὸ
1254 5885 1363 5936 erit.

1177 433 1234 491 S.
1273 433 1552 491 JOANNIS
1587 432 2056 490 CHRYSOSTOMI
2096 431 2414 491 ARCﬂlEP.
2455 433 2994 493 CONSTANTINOP.

3609 438 3714 495 8’38

2123 547 2243 600 tari.
2271 546 2562 618 Propterea
2583 564 2794 620 quoque
2815 547 2948 602 dixit
2978 547 3169 602 Paulus
3192 567 3204 602 :
3233 547 3362 602 Mihi
3389 556 3556 600 autem
3582 550 3716 603 absit

2119 638 2350 708 gloriari,
2382 639 2480 694 nisi
2506 641 2559 694 in
2585 657 2732 693 cruce
2766 639 2971 693 Domini
3004 640 3165 694 nostri
3188 637 3312 693 Iesu
3349 639 3537 695 (.‘hristi
3562 639 3707 710 (Gut.

2121 729 2175 784 6.
2224 730 2341 801 id):
2372 739 2426 786 et
2465 747 2652 786 rursus
2679 751 2692 786 :
2723 731 3054 786 Commendat
3082 743 3248 786 autem
3279 733 3538 787 caritatem
3566 752 3710 787 suam

2120 817 2261 874 Deus
2289 839 2407 891 erga
2436 840 2527 876 nos
2549 839 2568 876 :
2599 825 2836 892 quoniam
2876 840 2991 877 cum
3031 824 3200 876 adhuc
3245 834 3530 891 peccatores
3573 843 3709 878 csse-

2122 928 2254 974 mus,
2285 913 2515 967 Christus
2555 931 2648 984 pro
2691 914 2834 970 nobis
2867 925 3095 969 mortuus
3123 925 3196 968 est
3235 913 3410 980 (Rom.
3445 916 3496 971 5.
3533 917 3627 987 8):
3657 928 3709 972 et

2119 1002 2351 1058 Joannes
2372 1007 2440 1058 ita
2463 1005 2617 1075 plane
2638 1006 2873 1076 loquitur
2897 1026 2908 1061 :
2936 1007 3027 1062 Sic
3046 1009 3176 1061 enim
3201 1007 3333 1060 Deus
3356 1008 3538 1062 dilexit
3556 1027 3704 1063 mur:-

2121 1094 2241 1146 dum
2268 1095 2447 1164 (Joan.
2483 1097 2536 1150 '5.
2563 1096 2677 1168 16).
2708 1096 3010 1166 Quomodo,
3043 1097 3262 1168 quwso?
3294 1099 3357 1152 Ει
3385 1100 3501 1152 aliis
3528 1102 3705 1153 omni-

2118 1183 2218 1239 bus
2249 1185 2622 1254 pra-termissis
2648 1203 2860 1242 crucem
2889 1190 3084 1259 posuit.
3127 1189 3260 1242 Cum
3288 1190 3428 1242 enim
3463 1190 3702 1256 dixisset.

2119 1274 2210 1329 Sic
2236 1275 2372 1330 Deus
2392 1277 2568 1332 dilexit
2593 1280 2855 1344 mundum,
2883 1279 3095 1350 adjecit,
3123 1279 3189 1335 Ut
3207 1279 3255 1334 Γ
3255 1280 3396 1336 ilium
3421 1299 3567 1335 suum
3589 1285 3704 1335 uui-

2118 1371 2338 1440 genitum
2365 1371 2529 1436 daret,
2557 1382 2612 1425 ut
2633 1373 3051 1442 crucifigeretur,
3076 1383 3132 1426 ut
3162 1374 3346 1442 omnis,
3367 1375 3454 1444 qui
3475 1375 3629 1426 credit
3655 1376 3703 1426 in

2117 1479 2249 1526 eum,
2281 1480 2380 1516 non
2409 1473 2597 1534 pereat,
2635 1464 2725 1516 sed
2763 1465 2941 1517 habeat
2986 1465 3137 1518 ritam
3179 1478 3435 1518 a'tcrnum.
3479 1461 3534 1521 Si
3579 1481 3704 1535 ergo

2117 1553 2354 1608 caritatis-
2380 1556 2592 1608 occasio
2619 1570 2745 1608 crux
2779 1566 2881 1620 est,
2910 1567 2960 1609 et
2983 1557 3246 1626 gloriatio,
3268 1573 3334 1611 nc
3351 1556 3596 1613 dicamus
3610 1573 3703 1610 nos

2116 1645 2232 1711 ejus
2260 1661 2418 1699 causa
2443 1647 2641 1716 lugere.
2674 1645 2788 1700 Non
2821 1648 2963 1702 enim
2989 1647 3056 1701 ob
3083 1648 3223 1700 illam
3250 1649 3510 1717 lugcmus,
3545 1648 3698 1714 absit,

2116 1737 2208 1789 sed
2232 1737 2299 1789 ob
2321 1745 2500 1790 nostra
2534 1748 2766 1807 peccata.
2793 1739 2994 1791 Idcirco
3013 1739 3333 1807 jejuuamus.

2187 1827 2240 1882 5.
2281 1826 2632 1883 Catechumeni
2653 1847 2750 1882 non
2779 1830 3028 1884 crchrant
3060 1828 3280 1883 Pascha.
3306 1861 3375 1870 -—
3396 1831 3539 1886 Sane
3561 1832 3704 1887 Cate-

2114 1920 2412 1975 cbumenus
2438 1938 2724 1993 numquam
2750 1924 2948 1976 Pascha
2975 1923 3226 1985 celebrat,
3248 1923 3700 1993 quamvisjejnnel

2115 2012 2337 2080 singulis
2379 2014 2552 2077 annis,
2603 2015 2851 2083 quoniam
2884 2013 3134 2068 oblationi
3169 2031 3273 2068 non
3318 2018 3698 2082 communicat,

2113 2102 2561 2171 quemadmodum
2592 2112 2645 2156 et.
2665 2105 2752 2174 qui
2783 2119 2887 2156 non
2918 2103 3144 2173 jejunat.
3176 2109 3219 2157 si
3249 2121 3369 2159 cum
3403 2121 3531 2174 pura
3559 2121 3701 2161 acce-

2113 2193 2569 2256 datconscientia,
2589 2194 2793 2249 Pascha
2821 2195 3074 2257 celebrat,
3100 2197 3212 2249 sive
3235 2196 3413 2261 hodie,
3432 2196 3694 2263 six-erras,

2113 2285 2226 2338 sive
2255 2284 2360 2338 alio
2389 2289 2577 2355 quovis
2610 2294 2850 2355 tempore
2879 2287 3266 2339 communionis
3297 2291 3382 2340 t‘at
3415 2289 3694 2356 particeps.

2114 2377 2227 2430 Non
2272 2379 2414 2433 enim
2459 2395 2525 2434 ex
2568 2390 2866 2450 temporum
2913 2381 3304 2444 observatione,
3338 2383 3430 2436 sed
3461 2398 3527 2436 ex
3571 2399 3693 2451 pura

2112 2468 2434 2523 retiseientia
2462 2471 2694 2538 optimus
2720 2471 2988 2540 judicatur
3023 2487 3288 2527 accessus.
3337 2474 3406 2527 At
3449 2488 3547 2527 nos
3582 2490 3697 2527 eou-

2114 2561 2330 2613 trarium
2356 2561 2582 2630 agimus,
2602 2571 2832 2617 mentem
2855 2564 3067 2633 quidem
3087 2581 3188 2618 non
3205 2579 3579 2634 expurgamns.
3602 2566 3694 2621 sed

2111 2653 2152 2702 si
2171 2650 2258 2704 die
2283 2650 2372 2704 illo
2394 2653 2725 2716 accedamus,
2749 2654 3022 2709 celebrare
3047 2671 3144 2710 nos
3166 2655 3363 2708 Pascha
3393 2669 3693 2719 censemus,

2110 2745 2451 2812 quantumvis
2483 2749 2713 2814 peccatis
2742 2747 3121 2804 redundemus.
3148 2750 3252 2805 Sed
3285 2767 3388 2803 nun
3429 2751 3498 2804 ita
3529 2766 3587 2803 se
3613 2765 3696 2804 res

2109 2835 2290 2901 lnbet,
2320 2852 2426 2891 non
2454 2839 2521 2892 ita
2549 2840 2724 2909 plane,
2747 2857 2932 2897 verum
2960 2842 3083 2898 licet
3113 2844 3196 2898 vel
3237 2843 3287 2898 iu
3320 2845 3434 2912 ipso
3477 2845 3697 2900 sabbato

2107 2944 2226 2982 cum
2262 2946 2419 3000 prava
2462 2935 2752 2986 accesseris
2775 2936 3122 3000 conscientia,
3150 2938 3391 2992 excidisti
3413 2953 3441 2990 a
3466 2953 3698 2992 contmn-

2106 3023 2289 3091 nione,
2313 3034 2367 3079 et
2387 3041 2491 3079 non
2522 3027 2788 3081 celi-bran
2813 3028 3012 3086 Pascha
3035 3031 3301 3086 recessisti
3324 3049 3337 3086 :
3361 3029 3697 3102 quemadmo-

2106 3113 2233 3169 dum
2267 3128 2471 3186 coutra,
2515 3119 2634 3173 licet
2663 3120 2820 3174 hodie
2845 3123 3206 3177 communices
3233 3122 3488 3178 abstersis
3517 3125 3696 3194 pecca-

2108 3207 2195 3272 tis,
2218 3208 2498 3278 diligenter
2539 3211 2737 3265 Pascha
2769 3212 3070 3268 celebrasti.
3116 3213 3262 3268 llane
3295 3214 3451 3284 igitur
3475 3213 3694 3283 diligen-

2104 3299 2232 3352 tiam
2254 3311 2519 3368 oportcret
2552 3317 2614 3355 ac
2643 3302 3030 3358 vehementiam
3058 3319 3162 3358 non
3190 3305 3240 3358 in
3273 3313 3568 3372 temporum
3599 3305 3693 3358 ob-

2103 3392 2425 3454 servatione,
2461 3394 2552 3446 sed
2579 3395 2627 3446 in
2655 3410 2874 3450 accessu
2895 3410 3110 3450 servare
3130 3413 3144 3449 :
3167 3407 3220 3452 et
3243 3395 3689 3466 quemadmodum

2103 3484 2314 3552 quidvis
2341 3486 2540 3553 perpeti
2574 3486 2820 3549 malletis,
2852 3501 3012 3556 quam
3038 3486 3475 3541 consuetudinem
3499 3487 3692 3540 inmm-

2105 3585 2248 3631 tare:
2278 3577 2346 3631 ita
2380 3578 2647 3648 negligere
2667 3579 2880 3649 quidem
2903 3579 3005 3634 hoc
3033 3590 3324 3648 oporteret,
3347 3581 3555 3652 quidvis
3599 3597 3691 3633 au-

2105 3679 2209 3722 tem
2239 3673 2443 3739 perpeti
2475 3688 2536 3724 ac
2567 3674 2841 3742 perlicere,
2872 3683 2926 3727 ut
2955 3689 3021 3728 ne
3046 3689 3165 3728 cum
3196 3675 3426 3742 peccatis
3462 3673 3688 3728 accede-

2100 3763 2249 3816 rctis.
2282 3763 2349 3818 L‘t
2391 3764 2532 3818 enim
2567 3764 2830 3834 intelligas
2875 3765 3038 3819 Deum
3083 3764 3278 3818 nuliam
3315 3774 3609 3834 temporum
3638 3773 3690 3818 ct

2098 3854 2491 3907 observationis
2531 3854 2682 3910 isti-is
2713 3856 2908 3910 habere
2935 3859 3217 3921 rationem,
3247 3857 3368 3910 andi
3395 3873 3514 3912 eum
3546 3857 3688 3926 judi-

2097 3948 2238 4000 cium
2286 3957 2629 4002 eXercentem
2660 3967 2672 4000 :
2700 3947 3013 4004 Esurientem
3053 3967 3132 4003 me
3165 3949 3374 4008 vidistis.
3419 3950 3610 4020 inquit,
3643 3959 3687 4003 et

2096 4038 2295 4091 aluistis
2315 4055 2393 4090 me
2408 4053 2428 4093 :
2445 4040 2712 4101 sitientem,
2735 4048 2782 4094 et
2801 4040 3009 4095 dedistis
3029 4042 3152 4094 mihi
3174 4054 3346 4111 potum
3366 4058 3385 4096 :
3404 4042 3617 4106 nudum,
3642 4049 3688 4093 et

2097 4132 2365 4198 aperuistis
2412 4148 2489 4183 me
2535 4129 2746 4203 (Matth.
2773 4131 2858 4188 25.
2898 4133 3024 4198 35):
3057 4143 3107 4186 et
3155 4133 3238 4187 his
3279 4134 3422 4202 quia
3456 4134 3686 4188 sinistris

2095 4231 2219 4275 sunt
2247 4223 2509 4276 lfttllll‘ill'ia
2531 4223 2816 4292 exprobrat
2857 4223 2924 4277 Et
2953 4239 3138 4277 rursus
3160 4225 3321 4278 alium
3347 4225 3686 4281 introducens

2095 4317 2166 4368 ob
2197 4316 2620 4370 recordatimiem
2653 4316 2964 4384 injuriarnm
3004 4317 3228 4388 castigat
3263 4333 3278 4373 :
3324 4317 3477 4372 Serve
3517 4321 3682 4384 enim,

2094 4409 2284 4480 inquit,
2319 4427 2552 4481 nequam,
2584 4427 2729 4464 omne
2758 4410 2980 4463 debitum
3011 4410 3142 4464 illud
3178 4411 3349 4465 dimisi
3376 4411 3494 4476 tibi;
3522 4427 3685 4464 nonne

2094 4503 2318 4574 oportuit
2339 4514 2385 4556 et
2415 4515 2460 4556 te
2487 4505 2709 4557 misereri
2737 4503 2962 4557 conservi
3005 4504 3098 4564 tui.
3139 4503 3269 4557 sicut
3297 4512 3343 4558 et
3372 4520 3463 4574 ego
3490 4504 3564 4556 tui
3593 4503 3680 4554 mi-

2092 4606 2254 4651 sertus
2296 4615 2406 4652 smn
2435 4596 2550 4663 (Id.
2610 4597 2676 4652 18
2731 4597 2857 4664 32)?
2887 4597 3088 4651 Rursus
3131 4597 3385 4667 virgines,
3435 4597 3683 4665 quoniam

2092 4690 2269 4744 oleum
2302 4691 2352 4743 in
2379 4690 2714 4760 lampadibus
2757 4703 2860 4743 non
2891 4689 3152 4744 habebant
3187 4689 3296 4762 (Id.
3319 4689 3410 4745 25.
3441 4690 3492 4744 7.
3525 4691 3681 4758 ειμι),

2092 4797 2121 4836 a
2145 4781 2380 4836 thalamo
2400 4782 2580 4852 sponsi
2607 4782 2832 4835 exclusit
2856 4798 2868 4834 :
2903 4781 3084 4840 alium.
3115 4781 3254 4850 quod
3280 4781 3569 4849 nuptialem
3595 4795 3686 4832 ve-

2091 4881 2226 4926 stem
2258 4888 2364 4926 non
2397 4873 2596 4927 habens
2638 4881 2781 4927 esset
2824 4872 3094 4942 ingressus
3135 4871 3245 4941 (Id.
3297 4871 3388 4925 22.
3416 4871 3682 4941 H.sqq.),

2091 4965 2184 5018 sed
2206 4965 2434 5019 sordidis
2464 4973 2606 5018 esset
2640 4965 2968 5020 vestimentis
2995 4964 3228 5022 indutus.
3261 4963 3610 5019 fornicatione
3631 4973 3682 5016 et

2093 5057 2398 5126 impuritate
2427 5065 2746 5124 coopertus:
2772 5057 2911 5125 qttnd
2939 5064 3115 5110 autem
3149 5055 3248 5109 hoc
3279 5055 3359 5107 ιιι-Ι
3389 5055 3480 5109 illo
3501 5069 3683 5109 tueuse

2092 5149 2291 5204 Pascha
2324 5148 2531 5213 fecerit,
2560 5164 2717 5202 nemo
2747 5165 2994 5220 umquam
3024 5149 3239 5219 punitus
3260 5157 3359 5212 est,
3383 5159 3474 5202 aut
3503 5165 3540 5201 ri
3565 5163 3684 5218 pre-

2093 5241 2310 5295 hensus.
2338 5240 2442 5295 Sed
2473 5240 2595 5310 quid
2626 5256 2724 5310 ego
2753 5241 2819 5294 de
2857 5241 3008 5294 nobis
3041 5241 3229 5310 loquor
3268 5239 3336 5294 ab
3363 5243 3507 5292 onmi
3539 5240 3682 5307 ejus-

2091 5333 2233 5388 modi
2256 5335 2444 5404 quavis
2468 5335 2784 5388 necessitate
2817 5333 3076 5395 liberatis,
3109 5342 3162 5387 et
3188 5347 3412 5402 quorum
3451 5346 3678 5385 convcr-

2089 5424 2226 5480 satio
2250 5440 2460 5480 sursum
2508 5424 2557 5478 in
2589 5426 2734 5479 exulis
2762 5434 2864 5491 est,
2895 5425 2984 5478 ubi
3017 5439 3229 5479 menses
3257 5432 3311 5478 et
3338 5422 3420 5477 sol
3451 5433 3504 5476 et
3533 5422 3674 5486 luna,

2089 5526 2144 5571 et
2169 5531 2428 5571 annorum
2460 5532 2564 5571 non
2593 5528 2675 5572 est
2704 5517 2998 5572 circuitus?
3021 5517 3099 5572 Ne
3140 5516 3278 5587 apud
3320 5515 3536 5571 Judaros
3564 5516 3678 5585 qui-
3703 5521 3707 5587 ξ

2091 5608 2232 5672 dem,
2285 5611 2327 5662 si
2375 5610 2492 5679 quis
2536 5610 2821 5680 diligenter
2860 5610 3095 5664 animum
3125 5607 3400 5663 attendere
3427 5607 3673 5670 voluerit,

2091 5703 2345 5773 temporis
2375 5717 2618 5772 magnam
2648 5702 2876 5756 habitam
2905 5716 3026 5758 esse
3050 5702 3309 5756 rationem
3341 5697 3563 5759 videbit.
3582 5697 3673 5752 sed

2090 5793 2548 5864 Jerosolymorum
2571 5794 2645 5849 illi
2673 5793 2836 5849 fuisse
2855 5795 3029 5850 locum
3056 5795 3363 5849 antelatum.
3391 5789 3524 5846 Nam
3545 5803 3672 5861 quo-

2095 5886 2236 5942 niam
2267 5896 2331 5942 ad
2361 5881 2597 5947 anscm
2626 5890 2943 5951 accedentes
2957 5893 3211 5952 dicebant
3236 5911 3250 5949 :
3277 5886 3549 5947 Immuudi
3579 5901 3670 5940 su-
