3920 6368
224 456 325 513 867

215 594 387 660 πάσης
430 579 653 654 ἡμερῶν
679 574 1112 660 παρατηρήσεως
1145 569 1670 660 ἀπαλλάξας-αὐτῷ,
1709 570 1783 621 ος,

213 672 315 743 γὰρ
343 652 551 723 ταύτὸν
585 662 772 732 πάσχα
822 659 915 712 καὶ
962 653 1396 743 τεσσαρακρστὴ,
1444 652 1556 705 ἀλλ’
1600 653 1786 743 ἕτερον

214 735 411 823 πάσχα,
439 748 531 802 καὶ
558 748 743 816 ἕτερον
766 739 1200 811 τεσσαρακοστή.
1234 735 1659 823 Τεσσαρακοστὴ
1684 736 1785 823 μέν

211 818 515 909 γὰρ’-ἀπαξ
553 830 647 884 τοῦ
692 823 939 909 ἐνιαυτοῦ
982 824 1231 909 γίνεται,
1288 820 1473 890 πάσχα
1514 818 1787 909 δέιτρίτον

209 899 306 991 τῆς
342 914 663 985 ἑϐδομάδος·
692 910 808 963 ἐστι
838 909 883 961 δ’
913 908 1004 962 ὅτε
1038 908 1132 959 καὶ
1170 903 1453 991 τέταρτον,
1500 899 1786 991 μάλλον.δέ

212 985 395 1068 ὁσάκις
425 1002 492 1056 ἂν
521 995 836 1069 βουλώμεθα
861 1010 876 1024 ο
913 993 1096 1060 πάσχα
1119 989 1229 1059 γὰρ
1267 987 1329 1040 οὐ
1368 987 1590 1058 νηστεία
1618 985 1786 1047 ἐστὶν,

214 1091 323 1146 ἀλλ’
356 1091 390 1159 ή
426 1080 710 1157 προσφορὰ
752 1078 845 1132 καὶ
878 1078 912 1148 ή
955 1076 1116 1128 θυσία
1147 1075 1182 1146 ή
1214 1070 1335 1159 καθ’
1366 1072 1615 1159 ἑκάστην.
1641 1085 1789 1159 Iw?

215 1176 345 1246 μένη
374 1150 614 1234 σύναξιν.
642 1150 755 1217 Kal
776 1163 858 1215 ὅτι
884 1159 1042 1213 τοῦτό
1069 1160 1237 1218 ἐστιν,
1266 1156 1499 1210 ἄκουσον
1525 1152 1618 1207 τοῦ
1645 1150 1790 1205 Παύ-

213 1233 300 1310 λου
329 1233 598 1320 λέγοντος,
638 1243 708 1301 Τὸ
751 1244 963 1311 πάσχα
1006 1239 1177 1309 ἡμῶν
1226 1237 1377 1320 ὑπὲρ
1404 1233 1573 1320 ἡμῶν
1610 1234 1788 1320 ἐτύθη

215 1315 463 1409 Χριστὸς
484 1349 498 1363 -
529 1331 643 1394 καὶ,
684 1325 923 1409 Ὀσάκις
955 1322 1033 1409 ἂν·
1058 1322 1299 1409 ἐσθίητε
1318 1317 1636 1409 τὸγιᾶρτον
1656 1315 1792 1409 τοῦί

212 1399 332 1482 τον,
365 1416 465 1470 καί
513 1412 578 1467 τὸ
610 1408 897 1476 ποτήριον
943 1406 1177 1474 πίνητε,
1228 1403 1336 1457 τὸν
1381 1400 1643 1457 θάνατον
1682 1399 1789 1453 τοῦ

214 1505 430 1574 Κυρίου
479 1494 931 1565 καταγγέλλετε.
994 1491 1157 1574 Ὥστε
1206 1488 1398 1574 όσάκις
1433 1485 1516 1574 μάν
1558 1483 1791 1574 προσίῃς

216 1566 349 1661 “ea
375 1579 618 1653 καθαρθῦ
651 1574 969 1661 συῗδειδὸτοξι
1004 1573 1186 1661 πιέισχξκ
1214 1569 1502 1661 ὲτῖιτεξίεῖς,
1538 1566 1790 1661 οὐχιὸταν

213 1648 505 1740 νηστεύῃς,
525 1648 536 1653 ’
559 1660 671 1715 ἀλλ’
715 1660 843 1712 ὅταν
890 1656 992 1725 τῆς
1042 1655 1232 1740 θυσίας
1274 1648 1787 1740 ἐκείνης-μετέχῃςἷ

224 1732 455 1815 ’ύσάκὶξ
490 1745 601 1817 γὰρ
647 1744 724 1796 ἂν
768 1740 1011 1805 ἐσθίητε
1050 1736 1159 1789 τὸν
1195 1735 1375 1804 ἄρτον
1424 1732 1661 1817 τοῦτογ,
1690 1732 1789 1784 καί

215 1836 275 1889 τὸ
304 1814 591 1900 ποτήριον
621 1825 795 1881 τοῦτο
828 1823 1063 1889 πίνητε,
1098 1821 1203 1873 τὸν
1236 1819 1495 1873 θάνατον
1529 1814 1634 1869 τοῦ
1677 1818 1791 1869 Κυ-

212 1918 338 1987 ρίου
372 1897 829 1981 καταγγέλλετε.
878 1905 1071 1973 Πάσχα
1101 1902 1158 1955 δέ
1193 1903 1309 1954 ἐστι
1345 1899 1406 1953 τὸ
1438 1898 1529 1987 τὸν
1563 1897 1791 1952 θάνατον

216 1982 617 2067 καταγγέλλειν.
661 1992 774 2047 Καὶ
816 1990 925 2060 γὰρ
966 1990 998 2059 ή
1047 1990 1284 2058 σήμερον
1331 1982 1591 2067 γινομένη
1622 1998 1791 2054 προσ-

216 2066 372 2154 φορὰ,
403 2081 500 2134 καὶ
532 2081 567 2149 ή
596 2078 721 2148 χθὲς
750 2072 1176 2133 ἐπιτελεσθεῖσα,
1210 2070 1304 2123 καὶ
1338 2066 1378 2139 η’
1407 2067 1529 2121 καθ’
1556 2067 1791 2154 ἑκάστην

214 2148 421 2238 ἡμέραν
449 2148 615 2233 ὁμοία
640 2160 756 2213 ἐστὶ
786 2159 878 2211 καὶ
903 2158 936 2226 ή
975 2155 1113 2225 αὐτὶ-ι
1145 2155 1210 2224 τῇ
1246 2148 1671 2238 γινομένῃγκατά
1692 2148 1791 2238 τὴν

218 2235 422 2321 ἡμέραν
450 2245 668 2314 ἐκείνην
698 2242 798 2313 τὴν
830 2240 923 2295 τοῦ
956 2239 1256 2301 Σαϐϐάτου,
1302 2239 1396 2292 καὶ
1421 2237 1574 2321 οὐδέν
1606 2235 1793 2321 ἐκείνη

218 2319 411 2403 ταύτης
440 2327 764 2400 σεμνοτέρα,
810 2324 932 2379 οὐδὲ
973 2323 1115 2393 αὕτη
1155 2322 1371 2392 ἐκείνης
1417 2319 1792 2389 εὐτελεστέρα,

217 2413 346 2469 ἀλλά
373 2412 472 2485 μία
497 2410 594 2465 καὶ
624 2412 658 2479 ή
701 2406 862 2479 αὐτὴ,
900 2405 1101 2478 ὁμοίως
1132 2404 1333 2476 φρικτὴ
1381 2405 1475 2457 καὶ
1506 2403 1792 2473 σωτήριος.

283 2587 436 2647 Τίνος
462 2578 561 2638 οὖν
591 2582 777 2635 ’ἐνεκεν
821 2578 1172 2651 νηστεύομεν,
1211 2581 1361 2647 φησὶ,
1404 2578 1498 2641 τὰς
1531 2578 1797 2649 τεσσαρά-

220 2687 373 2724 κοντα
402 2668 611 2729 ταύτας
636 2663 877 2735 ήμέρας;
909 2661 1104 2714 Πολλοὶ
1124 2662 1183 2714 τὸ
1210 2662 1435 2715 παλαιὸν
1455 2664 1565 2725 τοῖς
1592 2678 1799 2732 μυστη-

224 2754 347 2823 ρίοις
380 2749 696 2821 προσῄεσαν
742 2744 927 2808 ἁπλῶς
972 2744 1068 2798 καὶ
1112 2744 1188 2806 ὡς
1216 2744 1393 2813 ἔτυχε,
1424 2744 1519 2797 καὶ
1567 2744 1799 2814 μάλιστα

218 2838 352 2889 κατά
375 2835 467 2886 τὸν
494 2830 689 2902 καιρὸν
708 2828 918 2893 τοῦτον,
943 2827 1064 2881 καθ’
1091 2827 1192 2880 ὃνό
1219 2828 1453 2899 Χριστὸς
1487 2827 1626 2880 αὐτά
1653 2844 1823 2898 παρ--

221 2919 399 2972 έδωκε.
425 2915 741 2977 Συνειδότες
756 2911 848 2967 οῦν
872 2916 920 2968 οἱ
945 2913 1180 2983 πατέρες
1196 2914 1294 2982 τὴν
1309 2914 1512 2982 βλάϐην
1541 2913 1638 2984 τὴν
1653 2930 1800 2981 γινο-

225 3000 381 3070 μένην
410 3002 475 3053 ἐκ
498 3000 603 3068 τῆς
617 2998 968 3074 ήμελημένης
986 2997 1268 3067 προσόδου,
1304 2996 1646 3058 συνελθόντες
1674 2994 1798 3048 ἐτύ-

224 3100 401 3137 πωσαν
422 3082 533 3153 ήμέ
542 3097 641 3151 ρας
656 3080 1063 3151 τεσσαράκοντα
1078 3080 1352 3150 νηστείας.
1376 3080 1573 3149 εὐχῶν,
1594 3079 1799 3151 ἀκροά-

226 3182 374 3230 σεως,
399 3165 660 3227 συνόδων,
690 3164 754 3217 ἵν’
777 3166 834 3217 ἐν
862 3166 981 3226 ταῖς
1011 3164 1244 3234 ἡμέραις
1260 3162 1480 3226 ταύταις
1500 3162 1803 3234 καθαρθέν-

222 3264 305 3311 τες
358 3251 471 3321 μετ’
519 3247 810 3319 ἀκριϐείας
853 3248 1091 3310 ἅπαντες
1124 3247 1214 3300 καὶ
1259 3245 1325 3298 δι’
1372 3246 1570 3317 εὐχῶν,
1611 3249 1704 3301 καὶ
1732 3246 1800 3299 δι’

224 3330 608 3402 ὲλεημοσύνης,
644 3330 735 3384 καὶ
768 3329 857 3383 διὰ
888 3328 1163 3401 νηστείας,
1196 3328 1284 3382 καὶ
1323 3329 1411 3383 διὰ
1444 3329 1800 3399 παννυχίδων,

226 3414 313 3468 καὶ
341 3415 426 3469 διὰ
454 3414 734 3485 δακρύων,
768 3414 861 3466 καὶ
882 3413 948 3466 δι’
976 3412 1435 3483 ἐξομολογήσεως,
1471 3415 1566 3465 καὶ
1587 3413 1676 3465 διά
1696 3414 1804 3465 τῶν

227 3496 390 3555 ἄλλων
402 3501 682 3559 ἀπάντων,
697 3496 838 3550 οὓτω
853 3497 994 3550 κατὰ
1008 3495 1235 3565 δύναμιν
1250 3496 1348 3567 τὴν
1371 3496 1644 3566 ἡμετέραν
1668 3497 1806 3567 μετά
1836 3515 1844 3533 ι

230 3580 457 3653 καθαροῦ
508 3579 813 3643 συνειδότος
844 3579 1179 3651 προσίωμεν.
1228 3579 1337 3631 Kal
1367 3579 1449 3630 ὅτι
1498 3579 1641 3649 μέγα
1674 3597 1807 3632 κατ-

228 3663 503 3735 ώρθωσαν,
544 3663 635 3718 διὰ
661 3664 758 3735 τῆς
796 3662 1254 3732 συγκαταϐάσεως
1307 3662 1511 3733 ταύτης
1554 3666 1635 3727 είς
1684 3681 1808 3716 συν·-

229 3748 410 3817 ήθειαν
439 3750 595 3819 ἡμᾶς
628 3748 882 3817 νηστείας
906 3748 1368 3816 καταστήσαντες,
1392 3746 1551 3817 δῆλον
1577 3747 1804 3802 ἐκεῖθεν.

240 3830 421 3901 Ἡμεῖς
454 3832 557 3901 μὲν
583 3828 693 3899 γὰρ
721 3828 788 3882 ἂν
820 3828 909 3882 διὰ
933 3829 1135 3892 παντὸς
1159 3829 1254 3882 τοῦ
1282 3830 1531 3884 ἐνιαυτοῦ
1560 3831 1807 3901 μένωμεν

232 3911 451 3981 βοῶντες
478 3913 578 3967 καὶ
609 3912 972 3983 κηρύττοντες
1012 3912 1288 3980 νηστείαν,
1329 3913 1504 3977 οὐδεὶς
1549 3914 1806 3986 προσέχει

229 3998 333 4060 τοῖς
352 3996 693 4068 λεγομένοιςο
723 3996 788 4049 ἂν
813 3995 868 4048 δὲ
893 3998 1088 4065 ἐπιστῇ
1118 3995 1275 4066 μόνον
1303 3998 1332 4050 ὁ
1359 3996 1459 4065 τῆς
1479 4012 1810 4066 τεσσαρακο-

233 4078 353 4147 στῆς
374 4080 589 4151 καιρὸς,
611 4081 705 4132 καὶ
744 4078 969 4148 μηδενὸς
999 4079 1387 4148 παραινοῦντος
1422 4080 1554 4149 μηδέ
1578 4079 1809 4150 συμϐου-

193 4159 486 4228 κλεύοντος,
515 4163 615 4216 καὶ
646 4164 675 4215 ὁ
715 4162 920 4233 σφόδρα
953 4162 1289 4231 νωθρότατος
1315 4162 1679 4224 διανίσταται,
1709 4163 1808 4233 τήν

233 4243 375 4314 παρὰ
393 4244 487 4298 τοῦ
511 4244 706 4315 καιροῦ
719 4244 1008 4314 λαμϐάνων
1027 4244 1336 4313 συμϐουλὴν
1355 4246 1448 4298 καὶ
1465 4246 1805 4314 παραίνεσιν.

238 4324 328 4378 ’Δν
354 4323 445 4380 οὖν
472 4327 668 4398 ἔρηταί
696 4343 754 4379 σε
783 4327 1034 4391 Ἰουδαῖος
1067 4326 1163 4380 καὶ
1198 4327 1419 4396 Ἕλλην,
1446 4327 1588 4390 τίνος
1620 4327 1809 4380 ἕνεκεν

234 4409 527 4476 νηστεύεις,
563 4408 636 4479 μὴ
673 4411 853 4480 εἴπῃς,
888 4411 970 4462 ὅτι
1002 4409 1092 4462 διὰ
1117 4410 1177 4462 τὸ
1212 4409 1416 4479 πάσχα,
1456 4409 1588 4479 μηδὲ
1612 4411 1694 4462 ὅτι
1724 4409 1812 4463 διά

234 4489 318 4542 τὸν
345 4493 599 4565 σταυρὸν,
640 4494 762 4544 ἐπεὶ
796 4492 995 4563 πολλὴν
1022 4491 1171 4562 αὐτῷ
1195 4492 1349 4555 δίδως
1377 4493 1475 4562 τήν
1504 4493 1703 4564 λαϐήν’
1748 4494 1810 4544 οὐ

235 4572 337 4643 γὰρ
368 4573 455 4627 διὰ
484 4576 547 4628 τὸ
574 4575 759 4644 πάσχα
789 4574 1141 4645 νηστεύομεν,
1166 4574 1287 4627 οὐδὲ
1316 4573 1404 4627 διὰ
1430 4576 1522 4627 τὸν
1557 4577 1809 4647 σταυρὸν.

238 4656 369 4710 ἀλλὰ
393 4658 483 4713 διὰ
496 4657 567 4711 τά
583 4656 958 4729 ἁμαρτήματα
969 4657 1317 4728 τὰήμέτερα,
1340 4654 1526 4729 ἐπειδὴ
1548 4659 1812 4729 μέλλομεν

245 4742 555 4812 μυστηρίοις
578 4741 889 4811 προσιέναι·
926 4741 1048 4792 ἐπεὶ
1076 4741 1139 4792 τό
1165 4757 1226 4809 γε
1255 4740 1441 4811 πάσχα
1475 4745 1537 4795 οὐ
1563 4744 1812 4811 νηστείας

243 4822 382 4876 ἐστὶν
406 4824 528 4877 οὐδὲ
558 4823 811 4886 πένθους,
844 4823 980 4875 ἀλλὰ
1007 4823 1345 4895 εὐφροσύνης
1367 4826 1461 4878 καὶ
1487 4827 1661 4897 χαρᾶς
1682 4826 1813 4879 ὑπό-

246 4899 402 4966 θεσις.
453 4906 512 4958 Ὀ
556 4907 665 4975 γὰρ
699 4906 929 4976 σταυρὸς
977 4906 1152 4959 ἀνεῖλε
1183 4906 1282 4976 τὴν
1331 4909 1621 4979 ἁμαρτίαν,
1661 4907 1812 4981 [612]

245 4982 531 5065 καθάρσιον
568 4988 666 5057 τῆς
697 4988 1020 5058 οἰκουμένης
1052 4988 1292 5056 ἐγένετο,
1328 4990 1640 5062 καταλλαγὴ
1683 5009 1813 5065 χρο-

245 5063 356 5127 νίας
398 5064 618 5135 ἔχθρας,
655 5069 855 5140 ἀνέῳξε
888 5070 982 5123 τοῦ
1030 5071 1260 5140 οὐρανοῦ
1305 5072 1403 5135 τάς
1447 5073 1640 5135 πύλας,
1689 5063 1815 5137 τοὺς

250 5149 599 5218 μισουμένους
624 5148 806 5218 φίλους
832 5154 1107 5223 ἐποίησεν,
1139 5156 1219 5216 είς
1238 5154 1328 5209 τὸν
1355 5156 1581 5227 οὐρανὸν
1611 5159 1816 5227 ἐπανή-

245 5245 424 5297 γαγεν,
466 5234 523 5284 ἐν
573 5233 722 5304 δεξιᾷ
762 5234 854 5287 τοῦ
903 5236 1093 5307 θρόνου
1141 5239 1363 5292 ἐκάθισε
1400 5240 1497 5311 τὴν
1542 5242 1815 5311 ἡμετέραν

248 5312 420 5378 φύσιν.
453 5315 622 5384 μυρία
648 5317 810 5388 ἕτερα
842 5320 1115 5389 παρέσχεν
1138 5322 1267 5390 ἡμῖν
1296 5323 1495 5389 ἀγαθά.
1530 5328 1605 5376 Οὐ
1638 5327 1815 5378 τοίνυν

253 5398 467 5459 πενθεῖν,
492 5402 610 5455 οὐδὲ
656 5403 1017 5457 κατεστάλθαι
1064 5405 1191 5475 χρὴ,
1240 5405 1565 5471 ἀγάλλεσθαι
1610 5409 1666 5460 δέ
1722 5410 1817 5462 καὶ

249 5482 452 5554 χαίρειν
488 5487 626 5559 ὑπὲρ
669 5488 871 5540 τούτων
900 5490 1173 5542 ἁπάντων.
1210 5488 1308 5543 Διὰ
1345 5491 1505 5544 τοῦτο
1533 5496 1626 5547 καὶ
1663 5494 1813 5546 Παῦ-

249 5559 333 5627 λός
362 5584 544 5636 φησιν,
588 5570 741 5640 Ἐμοὶ
774 5570 843 5623 δὲ
862 5571 949 5639 μὴ
990 5570 1219 5639 γένοιτο
1262 5574 1622 5643 καυχᾶσθαι,
1650 5579 1703 5628 εἰ
1726 5577 1813 5645 μὴ

251 5645 315 5698 ἐν
340 5648 416 5715 τῷ
442 5653 682 5721 σταυρῷ
701 5653 808 5708 τοῦ
849 5658 1069 5723 Κυρίου
1094 5654 1266 5724 ἡμῶν
1305 5657 1509 5724 Ἰησοῦ
1534 5659 1812 5727 Χριστοῦ.

255 5730 356 5812 Καὶ
389 5734 572 5796 πάλιν,
604 5739 941 5804 Συνίστησι
967 5738 1034 5791 δὲ
1063 5739 1179 5807 τὴν
1206 5741 1424 5795 ἑαυτοῦ
1453 5742 1694 5812 ἀγάπην
1723 5747 1815 5808 εἰς

253 5809 398 5878 ἡμᾶς
441 5822 476 5874 ό
521 5822 692 5889 Θεὸς,
726 5822 815 5875 ὅτι
861 5821 946 5876 ἔτι
996 5823 1358 5892 ἁμαρτωλῶν
1403 5809 1593 5881 ὄντων
1634 5827 1805 5896 ἡμῶν

575 5940 845 5999 ΡΑτῐιοι.
894 5942 1009 6002 Gn.
1056 5939 1341 6001 XLVIII.

916 456 981 505 IN
1024 452 1155 507 EOS
1195 450 1314 518 υυι
1355 450 1627 506 PASCIIA
1659 449 1801 503 ιωι

1906 449 2035 509 ιΝΤ.
2075 454 2445 513 ADVERSUS
2481 454 2628 511 JUD.
2674 453 2762 510 111.

3363 452 3472 510 868

1896 574 2144 641 Χριστὸς
2198 575 2352 644 ὑπὲρ
2401 575 2570 646 ἡμῶν
2615 574 2900 630 ἀπέθανε.
2954 574 3062 629 Kal
3119 573 3148 627 ὁ
3220 573 3475 644 Ἰωάννης

1891 666 2036 722 οὕτω
2080 667 2199 733 πώς
2231 686 2417 741 φησιν·
2456 669 2621 723 Οὕτω
2648 666 2759 738 γὰρ
2787 667 3109 736 ἠγάπησεν
3134 668 3167 720 ὀ
3194 665 3339 731 Θεὸς
3368 663 3478 719 τὸν

1890 762 2144 832 κόσμον,
2174 762 2323 826 Πῶς;
2347 761 2488 815 είπέ-
2534 762 2643 814 Καὶ
2667 760 2845 813 πάντα
2881 757 3256 832 παραδραμὼν
3283 756 3476 820 τᾶλλα,

1891 852 1982 907 τὸν
2004 853 2236 926 σταυρὸν
2258 854 2523 907 τέθεικεν.
2557 850 2742 907 Είπὼν
2767 851 2899 924 γὰρ,
2928 851 3128 918 Οὕτως
3156 849 3480 920 ἠγάπησεν

1891 946 1925 999 ό
1956 946 2100 1011 Θεὸς
2129 945 2235 999 τὸν
2265 950 2519 1015 κόσμον,
2548 945 2846 1016 ἐπήγαγεν,
2881 944 3011 995 Ὅτι
3045 942 3151 995 τὸν
3172 936 3479 1011 μονογενῆ

1892 1037 2079 1093 αὐτοῦ
2117 1036 2257 1092 Υἱὸν
2274 1038 2518 1105 ἔδωκεν,
2539 1037 2628 1091 ἵνα
2666 1035 2977 1109 σταυρωθῇ,
3005 1035 3108 1089 ἵνα
3144 1033 3267 1099 πᾶς
3315 1036 3349 1088 ό
3380 1048 3479 1086 πι-

1892 1129 2126 1181 στεύων
2156 1131 2243 1194 είς
2281 1127 2469 1181 αὑτὸν
2494 1127 2580 1196 μὴ
2629 1127 2946 1194 ἀπόληται,
2978 1126 3119 1180 ἀλλ’
3164 1125 3278 1194 ἔχῃ
3326 1121 3481 1192 ζωὴν

1891 1218 2151 1273 αίώνιον.
2191 1220 2255 1272 EE
2285 1220 2466 1273 τοίνυν
2495 1220 2715 1289 ἀγάπης
2743 1217 3000 1281 ὐπόθεσις
3029 1216 3123 1271 καὶ
3165 1215 3426 1287 καύχημα
3449 1216 3481 1269 ὁ

1897 1310 2150 1380 σταυρὸς,
2189 1309 2265 1381 μὴ
2300 1310 2550 1380 λέγωμεν
2597 1310 2678 1362 ὅτι
2717 1309 2785 1362 δι’
2815 1309 2979 1363 αὐτὸν
3026 1306 3365 1378 πενθοῦμεν·
3416 1306 3477 1359 οὐ

1892 1403 2001 1472 γὰρ
2035 1399 2341 1473 πενθοῦμεν
2370 1402 2438 1456 δι’
2472 1402 2700 1464 ἐκεῖνον,
2736 1398 2810 1470 μὴ
2842 1399 3084 1469 γένοιτοί
3116 1399 3254 1453 ἀλλὰ
3281 1396 3372 1452 διὰ
3409 1399 3479 1451 τά

1892 1495 2067 1548 οίκεῖα
2103 1494 2498 1564 ἁμαρτήματα.
2528 1494 2628 1546 Διά
2655 1491 2811 1545 τοῦτο
2842 1489 3196 1561 νηστεύομεν.

1973 1669 2036 1716 ε’.
2073 1662 2131 1714 ’0
2151 1662 2279 1730 γοῦν
2308 1660 2715 1731 κατηχούμενος
2738 1658 2994 1713 οὐδέποτε
3015 1659 3204 1729 πάσχα
3223 1656 3477 1722 ἐπιτελεῖ,

1894 1755 2073 1808 καίτοι
2101 1752 2379 1827 νηστεύων
2409 1754 2529 1806 κατ’
2561 1751 2827 1816 ἐνιαυτὸν,
2864 1751 3052 1821 ἐπειδὴ
3074 1754 3392 1822 προσφορᾶς
3418 1752 3479 1803 οὐ

1894 1848 2181 1913 κοινωνεῖ,
2215 1846 2403 1915 ὥσπερ
2449 1840 2542 1898 οὖν
2589 1845 2683 1897 καὶ
2725 1845 2754 1896 ὁ
2785 1841 2861 1914 μὴ
2893 1841 3203 1913 νηστεύων,
3238 1840 3304 1896 ἂν
3339 1840 3481 1911 μετὰ

1894 1938 2135 2011 καθαροῦ
2170 1938 2443 2011 προσέλθῃ
2474 1938 2776 1999 συνειδότος
2798 1975 2812 2000 ,
2845 1936 3031 2005 πάσχα
3063 1934 3339 1998 ἐπιτελεῖ,
3375 1933 3479 1988 κᾶν

1897 2032 2173 2101 σήμερον,
2207 2029 2307 2084 κᾶν
2358 2030 2543 2103 αὐριον
2570 2072 2585 2099 ,
2617 2029 2721 2083 κᾶν
2768 2026 3028 2081 ὁποτεοῦν
3082 2024 3328 2096 μετάσχῃ
3378 2023 3480 2095 τῆς

1897 2122 2198 2186 κοινωνίας.
2232 2124 2305 2176 Οὐ
2336 2122 2444 2194 γὰρ
2487 2124 2543 2175 ἐν
2589 2121 2969 2193 παρατηρήσει
3006 2117 3249 2189 καιρῶν,
3283 2116 3397 2171 ἀλλ’
3425 2119 3483 2169 ὲν

1899 2214 2404 2288 συνειδότικαθαρῷ
2429 2218 2461 2286 ή
2487 2215 2684 2286 ἀρίστη
2713 2215 2957 2284 κρίνεται
2983 2211 3261 2283 πρόσοδος.
3294 2212 3487 2281 Ἡμεῖς

1894 2307 1952 2361 δὲ
1978 2308 2289 2364 τούναντίον
2330 2307 2613 2379 ποιοῦμεν.
2643 2307 2754 2377 Τὴν
2788 2305 2888 2378 μὲν
2924 2304 3167 2358 διάνοιαν
3193 2303 3255 2356 οὐ
3291 2302 3486 2357 καθαί-

1900 2417 2065 2471 ρομεν
2086 2441 2101 2463 ,
2133 2402 2181 2454 εἰ
2221 2399 2277 2454 δὲ
2323 2403 2389 2471 τῇ
2424 2399 2615 2471 ἡμέρᾳ
2647 2398 3038 2470 προσέλθοιμεν
3083 2396 3268 2467 ἐκείνῃ
3289 2435 3304 2459 ,
3331 2396 3487 2466 νομί-

1900 2491 2064 2563 ζομεν
2093 2493 2279 2561 πάσχα
2306 2491 2593 2555 ἐπιτελεῖν,
2635 2490 2740 2544 κᾶν
2770 2489 2978 2561 μυρίων
3016 2486 3276 2557 γέμωμεν
3305 2487 3488 2557 ἀμαρο

1901 2585 2180 2655 τημάτων.
2228 2583 2370 2636 Ἀλλ’
2409 2583 2510 2637 οὐκ
2558 2583 2675 2636 ἐστι
2712 2582 2920 2645 ταῦτα,
2963 2581 3064 2633 οὐκ
3116 2578 3302 2644 ἔστιν,
3352 2576 3488 2631 ἀλλὰ

1901 2676 2004 2730 κᾶν
2032 2679 2089 2730 ἐν
2130 2675 2277 2746 αὐτῷ
2312 2675 2391 2745 τῷ
2441 2675 2704 2744 Σαϐϐάτῳ
2734 2673 3036 2745 προσέλθῃς
3078 2669 3214 2740 μετά
3248 2668 3487 2741 πονηροῦ

1902 2769 2202 2833 συνειδότος
2228 2810 2242 2833 ,
2282 2768 2540 2835 ἐξέπεσες
2589 2768 2687 2837 τῆς
2724 2765 3043 2828 κοινωνίας,
3103 2761 3345 2832 ἀπῆλθες
3387 2762 3490 2814 οὐκ

1900 2861 2220 2925 ἐπιτελέσας
2269 2861 2329 2914 τὸ
2376 2862 2591 2931 πάσχαο
2622 2860 2812 2930 ὥσπερ
2844 2853 2937 2911 οὖν
2972 2857 3073 2910 κᾶν
3105 2855 3343 2926 σήμερον
3374 2870 3490 2907 κοι-

1900 2956 2075 3026 νωνῇς
2101 2993 2115 3015 ,
2164 2953 2231 3007 τά
2283 2954 2658 3024 ἁμαρτήματα
2705 2949 3143 3021 ἀπονιψάμενος,
3193 2948 3253 3001 τὸ
3306 2947 3493 3016 πάσχα

1904 3040 2226 3109 έπετέλεσας
2273 3045 2536 3117 ἀκριϐῶς.
2574 3044 2771 3113 Ἐχρῆν
2825 3042 3004 3094 τοίνυν
3053 3040 3151 3113 τὴν
3201 3039 3493 3111 ἀκρίϐειαν

1900 3140 2105 3210 ταύτην
2140 3140 2282 3210 ὑμᾶς
2318 3136 2413 3191 καὶ⁹
2443 3137 2543 3206 τὴν
2583 3135 2827 3188 εὐτονίαν
2857 3134 2933 3203 μὴ
2964 3135 3023 3185 ὲν
3051 3135 3118 3203 τῇ
3147 3131 3256 3185 τῶν
3280 3131 3492 3203 καιρῶν

1903 3232 2321 3304 παρατηρήσει,
2357 3229 2471 3282 ἀλλ’
2524 3229 2582 3281 ἐν
2626 3230 2692 3299 τῇ
2743 3226 2990 3299 προσόδῳ
3022 3223 3331 3294 φυλάττειν.
3380 3222 3494 3276 Kal

1903 3323 2155 3393 καθάπερ
2186 3320 2428 3393 αἱρεῖσθε
2454 3319 2548 3374 νῦν
2576 3320 2749 3374 πάντα
2777 3320 3090 3389 ὑπομεῖναι,
3117 3316 3150 3387 ἢ
3178 3316 3492 3387 μεταθεῖναι

1904 3417 2002 3487 τὴν
2037 3414 2326 3485 συνήθειαν
2350 3454 2363 3477 ,
2398 3412 2571 3475 οὕτως
2615 3410 2721 3464 ἔδει
2755 3410 2943 3463 τούτου
2977 3410 3076 3480 μὲν
3109 3410 3491 3480 καταφρονεῖν,

1906 3509 2083 3560 πάντα
2136 3507 2192 3558 δὲ
2241 3504 2514 3577 αἱρεῖσθαι
2557 3502 2786 3572 πάσχειν
2833 3503 2928 3555 καὶ⁵
2968 3504 3178 3567 ποιεῖν,
3223 3501 3365 3554 ὥστε
3420 3501 3493 3573 μὴ

1909 3599 2025 3670 μεθ’
2050 3597 2465 3670 ἁμαρτημάτων
2498 3595 2802 3667 προσιέναι.
2838 3595 2958 3647 Ὅτι
2992 3595 3101 3667 γάρ
3134 3595 3309 3658 οὐδεὶς
3339 3594 3497 3663 λόγος

1906 3691 2115 3764 καιρῶν
2159 3688 2236 3759 τῷ
2263 3687 2382 3759 Θεῷ
2416 3689 2510 3743 καὶ
2540 3687 2978 3757 παρατηρήσεως
3006 3684 3262 3756 τοιαύτης
3286 3725 3301 3748 ,
3332 3683 3498 3738 ἄκου-

1908 3800 1998 3835 σον
2046 3782 2210 3835 αὐτοῦ
2247 3782 2556 3855 δικάζοντος
2581 3795 2594 3809 ⁸
2634 3778 2939 3832 Πεινῶντά
2963 3794 3041 3846 με
3082 3777 3272 3832 εἴδετε
3295 3816 3310 3841 ,
3341 3779 3496 3846 φησὶ,

1906 3874 2006 3928 καὶ
2032 3874 2352 3942 ἐθρέψατε,
2382 3869 2673 3939 διψῶντα.
2711 3869 2812 3923 καὶ
2846 3869 3168 3922 ἐετοτίσατε
3192 3909 3207 3933 ,
3239 3868 3495 3936 γυμνὸν,

1907 3969 2005 4023 καὶ
2036 3968 2441 4043 λεριεϐἁλετε·
2471 3966 2703 4027 καὶτοῖς
2742 3963 2804 4028 ἐξ
2847 3960 3144 4033 εὐωνύμων
3178 3960 3246 4014 τὰ
3280 3959 3498 4013 ἐναντία

1907 4062 2118 4124 τούτοις
2156 4060 2394 4129 ἐγκαλεῖ.
2428 4061 2538 4113 Kal
2586 4057 2748 4110 πάλιν
2795 4056 2952 4109 ἄλλον
2987 4050 3371 4121 ὲπεισαγαγὼν
3408 4051 3500 4103 ἐπὶ

1913 4153 2251 4225 μνησικακίᾳ
2303 4151 2556 4215 κολάζει·
2612 4147 2847 4217 Πονηρὲ
2890 4148 3033 4217 γὰρ,
3069 4144 3203 4215 φησὶ
3232 4186 3246 4210 ,
3290 4144 3497 4205 δοῦλε,

1912 4249 2120 4302 πᾶσαν
2148 4247 2264 4313 τὴν
2287 4244 2541 4313 ὀφειλὴν
2568 4241 2812 4309 ἐκείνην
2835 4235 3043 4306 ἀρῆκὰ
3075 4253 3174 4289 σοι
3195 4252 3211 4267 ο
3244 4236 3354 4289 οὐκ
3380 4234 3501 4290 ἔδει

1912 4339 2008 4392 καί
2034 4338 2109 4391 σὲ
2131 4337 2384 4405 ἐλεῆσαι
2412 4336 2519 4389 τὸν
2540 4331 2888 4387 σύνδουλόν
2908 4344 3045 4391 σου,
3069 4328 3149 4393 ὡς
3173 4326 3271 4381 καί
3292 4326 3406 4395 ἐγώ
3427 4342 3502 4381 σε

1910 4430 2187 4498 ἡίίέησας
2232 4429 2400 4483 Πάλιν
2452 4425 2549 4489 τὰς
2589 4423 2921 4496 παρθένους,
2956 4420 3141 4488 ἐπειδὴ
3178 4418 3355 4472 ἔλαιον
3401 4418 3502 4473 οὐκ

1914 4517 2058 4591 εἶχον
2092 4524 2149 4575 ὲν
2180 4524 2303 4584 ταῖς
2335 4519 2586 4588 λαμπάσι
2608 4558 2623 4582 ,
2667 4516 2761 4568 τοῦ
2812 4513 3097 4584 νυμφῶνος
3136 4510 3459 4567 ἀπέκλεισεν
3484 4528 3498 4543 ·

1915 4612 2121 4682 ἓτερον,
2150 4612 2333 4684 ἐπειδὴ
2353 4610 2555 4681 ἔνδυμα
2580 4609 2759 4678 γάμου
2787 4606 2887 4658 οὐκ
2913 4603 3052 4675 ἔχων
3077 4602 3348 4674 εἰσῆλθεν,
3368 4603 3505 4656 ἀλλά

1920 4703 2142 4776 ῥυπαρὰ
2172 4705 2445 4774 ἠμφίεστο
2481 4702 2670 4772 ἱμάτια
2692 4741 2707 4761 ,
2733 4698 2987 4769 πορνείαν
3016 4698 3112 4751 καὶ
3162 4694 3511 4768 ἀκαθαρσίαν

1920 4796 2416 4868 περιϐεϐλημένος·
2444 4796 2528 4849 ὅτι
2567 4793 2623 4846 δὲ
2668 4790 2747 4861 τῷ
2795 4791 2926 4843 δεῖνι
2964 4790 3094 4859 μηνὶ
3122 4789 3216 4841 καὶ
3258 4788 3337 4857 τῷ
3375 4788 3503 4842 δεῖνι

1919 4891 2141 4958 ἐποίησε
2176 4891 2236 4943 τὸ
2280 4889 2497 4958 πάσχα,
2539 4886 2714 4949 οὐδεὶς
2752 4882 3018 4953 ἐκολάσθη
3055 4882 3182 4935 ποτὲ
3225 4881 3346 4933 οὐδὲ
3392 4882 3504 4933 ἐνε-

1918 4983 2111 5051 κλήθη.
2145 4982 2258 5036 Καὶ
2292 4983 2344 5035 τί
2391 4980 2534 5048 λέγω
2567 4978 2696 5050 περὶ
2747 4978 2901 5050 ήμῶν
2931 4975 3039 5029 τῶν
3071 4973 3505 5046 ἀπηλλαγμένων

1920 5077 2100 5147 πάσης
2136 5076 2390 5149 τοιαύτης
2441 5074 2685 5144 ἀνάγκης
2711 5112 2725 5136 ,
2764 5072 2859 5125 καὶ
2907 5071 3021 5123 ἄνω
3074 5065 3505 5136 πολιτευομένων

1918 5173 1975 5226 ἐν
2023 5173 2135 5235 τοῖς
2170 5171 2321 5244 [615]
2348 5170 2595 5240 οὐρανοῖς
2616 5207 2631 5229 ,
2667 5165 2794 5219 ἔνθα
2825 5164 2996 5236 μῆνες
3017 5205 3032 5226 ,
3068 5162 3159 5216 καὶ
3197 5160 3378 5229 ἥλιος,
3415 5157 3507 5211 καὶ

1919 5262 2144 5333 σελήνη,
2173 5268 2267 5317 καὶ
2299 5261 2560 5316 ἐνιαυτῶν
2594 5259 2839 5330 περίοδος
2886 5259 2985 5311 οὐκ
3009 5257 3188 5316 ἔστινς
3221 5253 3356 5307 Οὐδὲ
3396 5257 3506 5323 γὰρ

1917 5357 2003 5409 ἐπ’
2026 5356 2204 5410 αὐτῶν
2228 5356 2336 5408 τῶν
2383 5354 2671 5416 Ἰουδαίων,
2704 5352 2770 5405 ἂν
2794 5350 3038 5421 ἀκριϐῶς
3066 5348 3357 5417 ἐπιστῆσαι
3390 5344 3508 5397 £08-

1918 5451 2057 5523 λήσςῃ
2086 5467 2170 5515 τις
2191 5490 2207 5511 ,
2235 5449 2296 5504 οὐ
2327 5448 2492 5501 πολὺν
2520 5446 2709 5516 ὄψεται
2751 5446 2845 5498 τοῦ
2874 5444 3067 5515 χρόνου
3103 5442 3388 5511 γινόμενον
3417 5438 3507 5491 λόο

1918 5560 2035 5611 γον,
2067 5541 2203 5596 άλλά
2232 5540 2326 5595 τὸν
2354 5539 2461 5593 τῶν
2497 5537 2883 5610 Ἱεροσολύμων
2912 5534 3077 5589 αὐτοῦ
3120 5535 3284 5588 τόπον
3319 5548 3508 5603 προτιιο

1922 5635 2193 5705 μώμενον.
2236 5633 2451 5706 Ἐπειδὴ
2498 5633 2607 5704 γὰρ
2660 5631 3051 5704 προσελθόντες
3108 5628 3387 5697 ἄνθρωποι
3426 5624 3507 5696 τῷ

1918 5729 2125 5799 Μωῦσῇ
2163 5725 2376 5797 ἔλεγον,
2419 5725 2756 5793 Ἀκάθαρτοί
2784 5724 2971 5794 ἐσμεν
3013 5721 3113 5776 ἐπί
3139 5712 3345 5791 ψυχῇ’
3383 5719 3511 5783 πῶς

3142 5938 3223 6000 22
