3920 6432
408 469 516 525 860

410 589 511 643 Ira
531 588 617 657 μὴ
634 590 1077 661 ’ὑστερήσωμεν
1106 593 1221 645 ἀπὸ
1248 593 1365 646 τῶν
1386 594 1589 663 δώρων
1613 593 1719 647 τοῦ
1732 592 1989 661 Κυρίου;

412 671 599 738 Στῆτε
628 673 812 726 αὐτοῦ
834 713 847 738 ,
881 676 1033 746 φησὶ,
1069 676 1164 729 καί
1200 677 1540 746 ἀνοίσωμεν
1566 676 1666 729 ἐπὶ
1690 676 1797 729 τόν
1822 676 1989 728 Θεόν.

414 752 546 809 Εἶτα
569 758 754 828 ἐπειδὴ
787 760 1072 829 ἀνήνεγκε,
1108 761 1410 830 κατήνεγκε
1440 760 1603 831 νόμον
1634 760 1881 827 λέγοντα,
1914 758 1995 811 ὅτι

418 840 522 891 Ἂν
545 855 636 905 τις
665 840 1002 908 ἀκάθαρτος
1035 841 1133 894 ἐπὶ
1162 841 1336 910 ψυχῇ
1362 837 1405 913 ᾖ
1423 883 1437 902 ,
1463 842 1501 911 ἢ
1532 842 1603 896 ἐν
1628 842 1746 907 ὀδῷ
1771 839 1994 911 μακρᾷ,

414 923 513 977 καί
555 925 641 991 μὴ
695 925 944 990 δύνηται
995 923 1241 990 ποιῆσαι
1271 926 1342 978 ἐν
1370 924 1450 991 τῷ
1496 927 1703 995 πρώτῳ
1747 925 1895 995 μηνὶ
1928 923 1996 977 τὸ

418 1006 644 1075 πάσχα,
680 1006 918 1072 ποιήσει
954 1008 1023 1060 ἐν
1055 1006 1133 1073 τῷ
1158 1007 1433 1075 δευτέρῳ.
1470 1003 1602 1062 Εἶτα
1629 1009 1721 1060 ἐπὶ
1765 1007 1862 1077 μέν
1888 1005 1994 1060 τῶν

429 1088 694 1144 Ἰουδαίων
729 1092 760 1160 ή
795 1090 889 1143 τοῦ
920 1091 1111 1164 χρόνου
1143 1091 1327 1144 λύεται
1354 1078 1734 1164 παρατήρησις
1755 1133 1769 1154 ,
1798 1090 1885 1143 ἵνα
1918 1091 1997 1153 είς

417 1171 485 1224 τὰ
525 1171 871 1243 Ἰεροσόλυμα
898 1173 960 1226 τὸ
998 1174 1181 1245 πάσχα
1211 1174 1472 1245 γένηται·
1508 1176 1571 1229 σὺ
1602 1174 1660 1227 δέ
1701 1175 1761 1227 οὐ
1812 1189 1998 1244 προτι-

420 1256 530 1325 μᾷς
560 1253 654 1307 τοῦ
687 1254 879 1326 χρόνου
910 1256 1007 1327 τῆς
1044 1256 1369 1326 Ἐκκλησίας
1392 1256 1490 1328 τὴν
1514 1256 1852 1326 συμφωνίαν,
1883 1255 1996 1309 ἀλλ’

417 1335 508 1390 ἵνα
533 1337 690 1409 δόξης
721 1338 935 1409 ἡμέρας
969 1342 1335 1410 παρατηρεῖν,
1375 1341 1455 1403 εἰς
1483 1339 1581 1410 τὴν
1613 1339 1796 1410 κοινὴν
1821 1338 1996 1392 ἁπάν-

417 1436 528 1473 των
561 1421 717 1492 ήμῶν
756 1423 1110 1494 ἐμπαροινεῖς
1155 1423 1366 1494 μητέρα
1385 1465 1399 1488 ,
1430 1424 1526 1477 καὶ
1550 1423 1650 1494 τὴν
1699 1422 1859 1492 ἀγίαν
1886 1422 1999 1475 δια-

419 1504 636 1574 τέμνεις
661 1505 908 1571 σύνοδον;
938 1506 1033 1560 καὶ
1069 1507 1186 1570 πῶς
1215 1507 1282 1561 ἂν
1306 1507 1454 1572 ἄξιος
1483 1507 1600 1577 εἴης
1645 1505 1995 1577 συγγνώμης,

421 1587 563 1658 ὑπὲρ
598 1588 693 1642 τοῦ
731 1589 955 1661 μηδενὸς
981 1590 1219 1644 τοσαῦτα
1246 1591 1583 1662 ἁμαρτάνειν
1607 1590 1961 1662 αίρούμενοςς

490 1670 603 1723 Καὶ
653 1669 705 1723 τί
732 1671 836 1743 χρὴ
869 1672 1049 1741 λέγειν
1090 1673 1218 1744 περί
1259 1673 1559 1738 Ἰουδαίων;
1595 1674 1718 1727 Ὅτι
1743 1673 1852 1744 γάρ
1877 1674 1999 1727 ούδέ

423 1755 626 1826 σφόδρα
681 1755 1026 1826 βουλομένοις
1071 1756 1202 1826 ήμῖν
1245 1757 1339 1810 καὶ
1373 1756 1730 1821 σπουδάζουσι
1778 1756 2000 1811 δυνατὸν

425 1837 640 1901 πάντως
661 1838 900 1910 τηρῆσαι
927 1837 1024 1909 τὴν
1046 1838 1259 1909 ἡμέραν
1291 1839 1534 1910 ἐκείνην,
1563 1838 1684 1893 καθ’
1710 1840 1777 1910 ἢν
1804 1840 2000 1892 ἐσταυ-

424 1919 596 1990 ρώθη,
627 1920 787 1988 δῆλον
808 1922 1037 1977 ἐκεῖθεν.
1070 1924 1134 1977 Εἰ
1156 1922 1264 1995 γὰρ
1296 1924 1394 1978 καὶ
1420 1922 1494 1994 μὴ
1520 1922 1847 1994 παρέϐαινον
1874 1923 2002 1976 Ἰου-

422 2001 582 2068 δαῖοι,
626 2002 757 2077 μηδὲ
779 2003 1090 2075 ἀγνώμονες
1111 2001 1250 2077 ἦσαν
1273 2048 1289 2073 ,
1320 2005 1455 2077 μηδέ
1482 2004 1795 2076 ἀναίσθητοι
1820 2044 1834 2067 ,
1868 2003 2001 2074 μηὂέ

426 2085 662 2156 ῥᾴθυμοι
710 2086 805 2139 καὶ
859 2090 1269 2160 καταφρονηταί
1300 2101 1362 2154 ι,
1416 2088 1547 2159 μηδέ
1576 2086 2002 2142 ἐκπεπτώκεσαν

421 2167 523 2238 τῆς
545 2168 804 2239 πατρῴας
831 2169 1105 2235 πολιτείας
1124 2212 1137 2235 ,
1171 2171 1287 2225 ἀλλ’
1314 2170 1557 2243 ἀκριϐῶς
1580 2170 1749 2243 αὐτὴν
1775 2172 2002 2243 ἐτήρουν

424 2249 541 2315 νῦν,
571 2249 690 2303 οὐδέ
714 2250 857 2305 οὕτω
890 2251 1112 2307 δυνατὸν
1139 2250 1207 2326 ἦν
1233 2257 1367 2325 ἡμῖν
1401 2253 1783 2309 ἀκολουθοῦσιν
1820 2254 2003 2317 αὐτοῖς

422 2332 775 2387 ἐπιλαϐέσθαι
802 2336 903 2406 τῆς
943 2338 1156 2407 ἡμέρας
1183 2339 1381 2409 αὐτῆς,
1417 2336 1539 2392 καθ’
1572 2337 1640 2408 ἢν
1665 2336 2001 2408 ἐσταυρώθη,

423 2417 519 2469 καὶ⁹
542 2417 602 2470 τὸ
632 2417 815 2489 πάσχα
845 2420 1149 2475 ἐπετέλεσε.
1167 2419 1273 2474 Καὶ
1304 2420 1421 2485 πῶς
1441 2460 1455 2480 ,
1482 2418 1592 2489 ἐγὼ
1623 2419 1788 2488 λέγω.
1814 2419 2004 2473 Ἦνίκα

424 2500 754 2572 ἐσταυροῦτο
777 2543 792 2567 ,
826 2502 946 2556 τότε
980 2505 1013 2575 ή
1044 2504 1234 2577 πρώτη
1256 2505 1364 2559 τῶν
1388 2504 1616 2577 ἀζύμων
1647 2502 1715 2577 ἦν
1737 2545 1753 2568 ,
1786 2505 1880 2559 καί
1911 2521 2005 2557 πα,

426 2586 666 2655 ρασκευή
697 2602 710 2614 ·
741 2585 1028 2656 ἀμφότερα
1055 2586 1112 2640 δὲ
1137 2589 1309 2642 ταῦτα
1335 2589 1396 2641 ού
1432 2583 1657 2643 δυνατὸν
1682 2590 1768 2642 ἀεὶ
1798 2605 2007 2657 συμπε-

424 2669 555 2719 σεῖν.
601 2666 730 2720 Ἰδοὺ
765 2667 895 2736 γοῦν
921 2668 1064 2722 κατά
1087 2669 1179 2723 τὸν
1207 2671 1450 2741 παρόντα
1479 2673 1724 2727 ἐνιαυτὸν
1748 2675 1781 2742 ή
1814 2670 2004 2743 πρώτη

422 2750 533 2802 τῶν
581 2747 808 2821 ἀζύμων
857 2754 937 2814 εἰς
983 2753 1250 2824 κυριακὴν
1304 2755 1516 2826 ἡμέραν
1564 2756 1865 2827 ἐμπίπτει,
1913 2756 2008 2810 καὶ

423 2835 638 2905 ἀνάγκη
664 2836 843 2889 πᾶσαν
871 2835 1160 2906 νηστεῦσαι
1188 2838 1286 2908 τὴν
1316 2838 1586 2909 ἑϐδομάδα
1611 2879 1625 2903 ,
1663 2840 1754 2893 καὶ
1782 2839 1875 2893 τοῦ
1903 2840 2008 2893 πά-

427 2922 555 2986 θους
592 2921 995 2993 παρελθόντος,
1033 2921 1128 2975 καὶ
1165 2921 1259 2975 τοῦ
1308 2922 1540 2994 σταυροῦ
1585 2922 1877 2993 γενομένου
1913 2922 2012 2976 καὶ

425 3009 524 3078 τῆς
557 3007 907 3069 ἀναστάσεως
931 3045 947 3069 ,
982 3007 1141 3076 ἡμεῖς
1195 3006 1430 3077 μένομεν
1480 3006 1848 3075 νηστεύοντες.
1897 3006 2010 3061 Καὶ

426 3091 685 3154 πολλάκις
708 3089 867 3144 τοῦτο
895 3089 1090 3159 συνέϐη
1116 3131 1130 3154 ,
1166 3090 1303 3161 μετά
1332 3090 1422 3143 τὸν
1458 3091 1709 3161 σταυρὸν,
1745 3088 1884 3161 μετά
1909 3088 2010 3161 τὴν

424 3174 720 3228 ἀνάστασιν
748 3213 762 3236 ,
817 3173 1042 3244 μηδέπω
1073 3173 1169 3243 τῆς
1216 3172 1509 3244 ἑϐδομάδος
1557 3170 2006 3244 ἀπαρτισθείσης,

424 3258 525 3330 τὴν
573 3257 829 3328 νηστείαν
881 3256 1283 3313 ἐπιτελεῖσθαι·
1318 3255 1490 3320 οὕτως
1538 3256 1760 3327 οὐδεμία
1815 3254 2008 3328 καιροῦ

426 3341 812 3414 παρατήρησις
849 3342 985 3395 ἐστι.
1988 3340 1991 3343 ’

436 3493 443 3501 ’
499 3488 592 3558 Μὴ
625 3488 805 3542 τοίνυν
860 3487 1251 3559 φιλονεικῶμεν
1277 3531 1289 3551 ,
1331 3488 1465 3560 μηδέ
1518 3489 1693 3541 ἐκεῖνο
1740 3486 2008 3557 λέγωμεν,

430 3571 696 3628 Τοσοῦτον
729 3573 1032 3643 ἐνήστευσα
1067 3571 1282 3643 χρόνον,
1323 3572 1416 3624 καὶ
1444 3570 1539 3625 νῦν
1587 3569 1964 3641 μεταϐήσομαι
1994 3586 2008 3636 ;

430 3655 510 3709 Δι’
536 3655 669 3708 αὐτὸ
716 3655 815 3726 μὲν
863 3649 958 3709 οὖν
994 3655 1153 3726 τοῦτο
1201 3654 1433 3724 μετάθου
1459 3669 1472 3682 ·
1523 3651 1709 3722 ἐπειδὴ
1759 3651 2013 3705 τοσοῦτον

430 3725 770 3810 ἀπεσχίσθης
799 3738 991 3811 χρόνον
1020 3725 1127 3808 τῆξ
1150 3736 1505 3808 Ἐκκλησίας,
1537 3735 1797 3790 ἐπάνελθε
1828 3735 2012 3791 λοιπὸν

433 3822 568 3895 πρὸς
620 3822 719 3893 τὴν
769 3821 999 3895 μητέρα.
1049 3820 1237 3884 Οὐδεὶς
1268 3821 1413 3889 λέγει
1437 3861 1452 3884 ,
1496 3820 1714 3892 Ἐπειδὴ
1763 3820 2012 3874 τοσοῦτον

433 3907 623 3979 χρόνον
655 3909 714 3960 ἐν
739 3906 910 3979 ἔχθρα
938 3906 1182 3977 διέμεινα
1214 3946 1229 3969 ,
1257 3905 1581 3977 αἰσχύνομαι
1611 3904 2011 3974 καταλλαγῆναι

432 3992 547 4045 νῦν.
582 3992 823 4063 Αίσχύνη
848 3992 957 4063 γάρ
986 3992 1134 4045 ἐστιν
1153 4030 1168 4054 ,
1195 3990 1256 4044 ού
1296 3990 1357 4042 τὸ
1403 3988 1835 4060 μεταϐάλλεσθαι
1879 3990 2015 4059 πρὸς

432 4075 495 4127 τὺ
538 4074 740 4143 βέλτιον
765 4114 780 4139 ,
827 4073 964 4129 ἀλλά
1001 4075 1062 4126 τὸ
1094 4075 1273 4145 μένειν
1320 4073 1413 4126 ἐπὶ
1459 4071 1560 4141 τῆς
1588 4072 1815 4143 ἀκαίρου
1864 4072 2012 4140 φιλο-

433 4159 660 4223 νεικίας.
690 4158 860 4213 Τοῦτο
887 4158 984 4212 καὶ⁹
1019 4156 1304 4220 Ἰουδαίους
1332 4156 1638 4219 ἀπώλεσεν,
1684 4156 1735 4210 οἳ
1776 4156 1876 4227 τὴν
1907 4172 2012 4208 πα·

435 4244 590 4299 λαιὰν
642 4240 1027 4314 ἐπιζητοῦντες
1072 4242 1159 4295 ἀεὶ
1214 4240 1538 4311 συνήθειαν,
1576 4241 1711 4310 πρὸς
1761 4239 2013 4293 ἀσέϐειαν

435 4325 609 4382 ἀπεσύ
617 4343 787 4398 ροντο.

505 4472 619 4525 Καὶ
658 4470 710 4523 τί
745 4470 888 4540 λέγω
919 4471 1047 4542 περὶ
1090 4471 1341 4542 νηστείας
1371 4469 1465 4523 καὶ
1509 4470 1735 4541 ἡμερῶν
1768 4488 2017 4544 παρατη-

439 4555 679 4626 ρήσεως,
708 4557 738 4609 ὁ
760 4555 971 4618 Παῦλος
994 4555 1088 4608 τὸν
1112 4555 1275 4625 νόμον
1304 4554 1527 4608 διετέλει
1561 4555 1846 4625 φυλάττων
1871 4596 1885 4620 ,
1923 4557 2017 4610 καὶ⁵

437 4639 604 4692 πολὺν
632 4638 925 4708 ὑπέμεινεν
960 4636 1180 4708 ἱδρῶτα,
1206 4638 1301 4691 καὶ
1333 4637 1535 4701 πολλάς
1563 4639 1662 4709 μὲν
1688 4638 2014 4709 ὁδοιπορίας,

437 4721 639 4786 πολλάς
660 4722 718 4776 δὲ
746 4721 1006 4792 ἠνέσχετο
1031 4721 1404 4792 ταλαιπωρίας
1428 4723 1622 4793 ἐτέρας
1639 4763 1654 4787 ,
1681 4723 1775 4776 καὶ
1800 4723 2018 4776 πάντων

437 4806 660 4878 ἐκράτει
697 4805 806 4859 τῶν
835 4805 1112 4877 ὁμηλίκων
1142 4805 1285 4879 κατά
1311 4806 1412 4877 τὴν
1441 4807 1543 4876 τῆς
1574 4807 1851 4871 πολιτείας
1878 4806 2021 4861 ἐκείσ

436 4909 536 4962 νης
579 4889 892 4962 ἀκρίϐειαν·
932 4888 1046 4942 ἀλλ’
1070 4889 1220 4960 ὅμως
1271 4890 1410 4960 μετά
1461 4891 1521 4944 τὸ
1552 4891 1689 4961 πρὸς
1737 4891 1799 4944 τὸ
1852 4890 2020 4963 ἀκρον

437 4975 626 5031 ἐλάσαι
673 4974 769 5045 τῆς
822 4972 1098 5035 πολιτείας
1145 4973 1394 5044 ἐκείνης,
1438 4973 1624 5043 ἐπειδὴ
1660 4972 1896 5026 συνεῖδεν
1939 4973 2021 5025 ὅτι

439 5055 527 5110 ἐπ’
574 5055 781 5126 ὀλέθρῳ
845 5056 939 5110 καὶ
998 5054 1169 5126 βλάϐῃ
1227 5055 1404 5109 πάντα
1460 5054 1726 5124 ἔπραττεν
1748 5095 1764 5118 ,
1818 5054 2019 5117 εὐθέως

441 5140 712 5212 μετέθετο.
743 5141 852 5193 Καὶ
882 5141 985 5193 οὒκ
1015 5135 1137 5193 εἷπε
1167 5139 1302 5209 πρὸς
1328 5139 1537 5204 ἐαυτὸν,
1570 5138 1720 5211 [614]
1745 5139 1809 5191 Τί
1836 5138 2019 5202 τοῦτο;

438 5223 707 5295 τοσαύτην
757 5222 1059 5294 ζημιοῦμαι
1095 5223 1368 5293 σπουδήν;
1402 5222 1653 5277 τοσοῦτον
1698 5224 1884 5278 ἀπολῶ
1929 5225 2023 5278 πό-

440 5322 563 5372 νον;
595 5305 731 5361 ἀλλά
766 5306 832 5359 δι’
865 5306 999 5359 αὐτὸ
1044 5306 1141 5377 μὲν
1186 5303 1278 5359 οὖν
1331 5305 1487 5359 τοῦτο
1517 5307 1814 5377 ταχύτερον
1866 5324 2023 5376 μετε-

440 5390 569 5461 τέθη
593 5429 608 5454 ,
638 5390 724 5442 ἵνα
750 5389 824 5460 μὴ
858 5389 995 5460 μένῃ
1029 5388 1189 5442 πάλιν
1223 5389 1318 5441 ἐπί
1342 5387 1439 5458 τῆς
1461 5389 1633 5458 αὐτῆς
1663 5387 1867 5461 ζημίας
1886 5431 1900 5455 ,
1929 5391 2024 5444 καὶ

440 5473 540 5544 τῆς
573 5476 630 5526 ἐν
659 5472 740 5542 τῷ
780 5472 929 5542 νόμῳ
960 5471 1306 5543 δικαιοσύνης
1338 5472 1770 5544 κατεφρόνησεν,
1804 5475 1889 5528 ἵνα
1926 5474 2025 5544 τὴν

443 5558 508 5611 ἐκ
545 5558 780 5619 πίστεως
826 5555 999 5628 λάϐῃ·
1048 5556 1142 5609 καὶ
1176 5556 1274 5626 βοᾷ
1305 5556 1478 5625 λέγων
1503 5599 1518 5622 ,
1550 5557 1752 5611 "Aura
1800 5555 1881 5628 ἦν
1923 5575 2026 5628 μοι

444 5638 622 5706 κέρδη
644 5680 658 5704 ,
692 5638 882 5692 ταῦτα
926 5637 1148 5708 ἥγημαι
1195 5638 1295 5692 διὰ
1335 5639 1442 5692 τὸν
1490 5640 1749 5709 Χριστὸν
1794 5638 2024 5710 ζημίαν.

458 5722 596 5775 Ἐὰν
628 5720 983 5792 προσφέρῄς
1038 5721 1106 5775 τὸ
1156 5722 1353 5791 δῶρόν
1386 5736 1532 5789 σου,
1586 5726 1748 5796 φησὶν
1773 5765 1786 5790 ,
1826 5725 1925 5778 ἐπὶ
1958 5725 2025 5777 τὸ

512 5905 530 5924 ⁸
560 5904 641 5953 Su:
660 5904 783 5961 “ea.
812 5903 943 5953 Editi
961 5918 1081 5953 vero
1104 5908 1463 5969 καταφρόνητοι.

1143 472 1198 528 S.
1239 472 1521 530 J‘OANNIS
1548 472 2007 543 CHRYSOSTOM

2113 473 2398 533 LRCHIEP.
2438 477 2998 540 CONSTANTINOP.

3564 481 3678 539 R70

2102 594 2538 666 θυσιαστήριον
2562 642 2576 666 ,
2635 599 2812 653 κάκεῖ
2851 597 3165 669 μνησθῇς,
3202 597 3290 652 ὅτι
3339 602 3372 652 ὀ
3411 600 3689 671 ἀδελφός

2096 693 2214 733 σου
2233 682 2357 748 ἕχει
2386 699 2440 735 τι
2476 682 2624 736 κατὰ
2645 683 2780 748 σοῦ,
2812 685 3022 753 ὕπαγε,
3055 682 3290 751 πρῶτον
3321 681 3691 751 διαλλάγηθι

2097 759 2176 826 τῷ
2195 762 2435 831 ἀδελφῷ
2462 781 2600 827 σου,
2630 767 2727 818 καί
2767 768 2899 819 τότε
2930 767 3123 821 ἐλθὼν
3150 767 3453 835 πρόσφερε
3478 768 3541 819 τὸ
3570 764 3689 818 δῶ-

2089 847 2207 912 ρόν
2243 858 2360 899 σου
2386 864 2398 876 ⁸
2428 847 2492 898 Τί
2522 847 2733 916 λέγεις;
2783 848 2849 904 ἂν
2881 849 2978 920 μὲν
3027 851 3057 902 ὁ
3087 848 3313 918 ἀδελφός
3342 866 3435 900 σου
3481 847 3585 920 ἔχῃ
3633 864 3689 901 τι

2099 927 2238 980 κατὰ
2269 929 2384 990 σοῦ,
2417 928 2478 981 ού
2514 933 2787 1002 συγχωρεῖ
2811 948 2892 985 σοι
2915 934 3302 1002 προσενεγκεῖν
3332 932 3432 1000 τὴν
3464 930 3688 996 θυσίαν,

2097 1010 2201 1074 ἕως
2230 1010 2297 1065 ἂν
2328 1009 2476 1082 αύτῷ
2502 1012 2847 1084 καταλλαγῇς
2864 1030 2880 1046 ο
2916 1014 3240 1085 Ἐκκλησίας
3268 1013 3326 1066 δὲ
3354 1013 3686 1084 ὁλοκλήρου,

2099 1094 2193 1147 καὶ
2215 1092 2481 1148 τοσούτων
2510 1095 2765 1167 πατέρων
2795 1097 3025 1167 ἐχόντων
3049 1097 3189 1151 κατά
3213 1095 3329 1161 σοῦ,
3352 1097 3557 1167 τολμᾷς
3589 1096 3691 1149 καὶ

2099 1176 2428 1248 ὑπομένεις,
2459 1178 2533 1250 μὴ
2578 1178 2887 1243 καταλύσας
2932 1179 3033 1251 τήν
3080 1179 3280 1250 ἔχθραν
3308 1179 3408 1249 τὴν
3451 1180 3690 1248 ἄκαιρον

2099 1260 2301 1332 ταύτην
2324 1301 2339 1325 ,
2368 1265 2480 1325 τοῖς
2513 1261 2677 1324 θείοις
2712 1262 3026 1332 προσελθεῖν
3058 1262 3379 1333 μυστηρίοις
3400 1278 3415 1327 ;
3439 1262 3534 1314 καὶ
3567 1260 3690 1324 πῶς

2101 1344 2168 1398 ἂν
2194 1343 2378 1398 δύναιο
2411 1344 2596 1414 πάσχα
2629 1344 2894 1398 ἐπιτελεῖν
2925 1345 3068 1398 οὕτω
3094 1345 3467 1414 διακείμενος
3498 1341 3689 1396 Ταῦτα

2098 1427 2219 1497 οὐχὶ
2242 1426 2380 1497 πρὸς
2405 1427 2644 1491 ἐκείνους
2668 1426 2811 1495 λέγω
2843 1429 3035 1498 μόνους
3050 1468 3063 1489 ,
3086 1426 3221 1481 ἀλλά
3253 1426 3349 1480 καὶ
3372 1425 3513 1495 πρὸς
3539 1425 3690 1495 ὑμᾶς

2100 1510 2226 1573 τοὺς
2257 1510 2612 1578 ὑγιαίνοντας.
2642 1509 2731 1562 ῖνα
2751 1510 2908 1573 ὅσους
2937 1509 3003 1563 ἂν
3036 1510 3181 1582 ἴδητε
3206 1507 3478 1572 τοιούτους
3501 1508 3687 1571 ὄντας,

2106 1592 2243 1663 μετά
2271 1593 2558 1664 ἀκριϐείας
2604 1592 2803 1662 πολλῆς
2843 1593 2939 1645 καὶ
2988 1593 3318 1664 προσηνείας
3368 1589 3689 1661 ἐκλέγοντες

2104 1675 2485 1746 συναγάγητε,
2533 1674 2628 1728 καὶ
2683 1674 2818 1745 πρὸς
2860 1674 2959 1745 τὴν
3009 1674 3225 1746 μητέρα
3272 1672 3684 1742 ἐπαναγάγητε.

2101 1757 2221 1812 Κᾶν
2248 1757 2623 1820 ἀντιτείνωσι,
2666 1756 2771 1810 κᾶν
2810 1755 3095 1828 σκιρτῶσι,
3138 1756 3243 1810 κᾶν
3286 1754 3463 1810 ὁτιοῦν
3497 1754 3688 1824 ἕτερον

2103 1841 2420 1911 πράττωσι,
2457 1840 2532 1913 μὴ
2571 1838 2947 1910 ἀποκάμωμεν
2968 1881 2982 1904 ,
3014 1838 3121 1902 ἐως
3148 1839 3214 1893 ἂν
3240 1838 3435 1899 αὐτοὺς
3482 1836 3685 1888 πείσω.

2105 1941 2240 1995 μεν·
2276 1923 2427 1978 ούδέν
2482 1922 2590 1995 γάρ
2643 1923 2864 1993 εἰρήνης
2915 1920 3028 1974 ἴσον
3071 1921 3165 1974 καὶ
3202 1919 3540 1990 συμφωνίας.
3586 1918 3686 1970 Διά

2101 2007 2259 2061 τοῦτο
2290 2008 2385 2060 καὶ
2408 2004 2591 2060 εἰσιὼν
2620 2007 2649 2059 ὁ
2680 2005 2862 2075 πατὴρ
2888 2045 2902 2069 ,
2929 2004 2990 2058 ού
3015 1998 3277 2075 πρότερον
3304 2002 3397 2054 ἐπὶ
3433 2001 3527 2054 τὸν
3556 1998 3685 2071 θρό-

2103 2106 2193 2143 νον
2237 2089 2517 2143 ἀναϐαίνει
2547 2088 2767 2152 τοῦτον,
2815 2087 2921 2150 ἕως
2952 2086 3018 2141 ἂν
3065 2086 3268 2140 ἅπασιν
3301 2085 3428 2154 ὑμῖν
3459 2083 3685 2154 εἰρήνην

2105 2173 2438 2246 ἐπεύξηται,
2471 2175 2565 2226 καὶ
2605 2172 2844 2235 ἀναστὰς
2895 2172 2955 2225 οὐ
3009 2170 3274 2242 πρότερον
3313 2167 3539 2241 ἄρχεται
3585 2168 3686 2236 τῆς

2105 2255 2241 2327 πρὸς
2270 2257 2414 2326 ὑμᾶς
2443 2255 2790 2318 διδασκαλίας
2816 2294 2830 2317 ,
2861 2253 2966 2317 ἕως
2997 2253 3063 2308 ἂν
3088 2253 3262 2307 ἅπασι
3290 2249 3363 2321 δῷ
3389 2250 3491 2320 τήν
3529 2249 3683 2319 εἰρή-

2102 2355 2219 2410 νην.
2267 2340 2375 2393 Καί
2433 2338 2717 2410 μέλλοντες
2768 2336 3009 2405 εὐλογεῖν
3061 2337 3111 2389 οἰ
3165 2335 3330 2405 ίερεῖς
3352 2372 3367 2396 ,
3420 2331 3683 2404 πρότερον

2103 2420 2263 2475 τοῦτο
2317 2422 2446 2493 ὑμῖν
2493 2420 2881 2491 ἐπευξάμενοι,
2936 2417 3078 2472 οὕτω
3127 2418 3227 2491 τῆς
3285 2415 3533 2483 εὐλογίας
3582 2415 3682 2484 ἀρ-

2104 2521 2307 2575 χονται.

2178 2651 2288 2705 Καὶ
2314 2653 2343 2704 ὁ
2373 2649 2619 2713 διάκονος
2649 2647 2704 2702 δὲ
2730 2647 2965 2702 κελεύων
2992 2645 3247 2717 εὔχεσθαι
3293 2640 3429 2716 μετά
3452 2640 3561 2694 τῶν
3592 2639 3684 2694 άλ-

2108 2733 2235 2796 λων,
2264 2734 2361 2787 καὶ
2383 2731 2541 2787 τοῦτο
2572 2731 2848 2785 ἐπιτάττει
2882 2729 3023 2784 κατά
3051 2729 3149 2800 τὴν
3184 2728 3370 2798 εὐχὴν,
3399 2726 3572 2778 αἰτεῖν
3596 2721 3685 2774 τὸν

2107 2815 2335 2885 ἄγγελον
2390 2815 2488 2885 τῆς
2542 2814 2765 2886 είρήνης
2790 2854 2805 2875 ,
2855 2814 2951 2866 καὶ
3000 2812 3069 2865 τά
3120 2809 3456 2883 προκείμενα
3509 2805 3688 2859 πάντα

2108 2897 2359 2969 είρηνικά
2382 2936 2398 2961 ,
2431 2897 2524 2950 καὶ
2568 2896 2666 2967 τῆς
2705 2894 2925 2949 συνόδου
2964 2893 3170 2959 ταύτης
3216 2889 3465 2946 ἀπολύων
3513 2887 3685 2958 ὑμᾶς,

2108 2981 2264 3036 τοῦτο
2291 2982 2420 3052 ὑμῖν
2444 2979 2740 3051 ἐπεύχεται
2770 2979 2966 3047 λέγων,
2997 2977 3332 3045 Πορεύεσθε
3356 2975 3426 3027 ἐν
3456 2970 3685 3041 εἰρήνῃο

2108 3064 2203 3118 καὶ
2230 3064 2382 3118 οὐδὲν
2408 3063 2543 3126 ὅλως
2578 3062 2658 3116 ενι
2693 3060 2816 3115 οὔτε
2848 3063 3021 3115 εἰπεῖν
3044 3102 3060 3126 ,
3101 3058 3225 3113 οὔτε
3261 3056 3465 3130 πρᾶξαι
3488 3055 3686 3123 ταύτης

2108 3147 2296 3217 χωρίς.
2332 3147 2482 3218 Δῦτη
2519 3145 2628 3215 γάρ
2665 3146 2873 3217 ἐστινὴ
2905 3143 3104 3213 τροφὸς
3153 3141 3311 3214 ήμῶν
3359 3139 3455 3193 καὶ
3487 3139 3686 3209 μήτηρ,

2111 3230 2390 3284 θάλπουσα
2419 3229 2558 3301 μετά
2578 3229 2781 3299 πολλῆς
2805 3228 2904 3298 τῆς
2931 3224 3217 3298 ἀκριϐείας
3253 3225 3420 3296 ἡμᾶς.
3452 3221 3696 3292 Εἰρήνην

2080 3378 2084 3382 α
2109 3313 2168 3367 δέ
2194 3313 2430 3381 λέγω,ού
2458 3312 2559 3383 τὴν
2589 3310 2697 3365 ἀπὸ
2719 3310 3079 3382 προσρήσεως
3097 3307 3261 3379 ψιλῆς
3278 3347 3293 3370 ,
3315 3306 3438 3362 οὺδέ
3461 3304 3561 3377 τὴν
3587 3302 3692 3356 ἀπὺ

2110 3397 2212 3465 τῆς
2243 3395 2526 3458 κοινωνίας
2578 3394 2686 3447 τῶν
2713 3392 3003 3465 τραπεζῶν
3022 3431 3037 3450 .
3088 3390 3226 3447 ἀλλά
3257 3390 3354 3461 τὴν
3386 3388 3526 3443 κατά
3560 3386 3691 3439 Θεὸν

2112 3482 2335 3552 εἰρήνην
2360 3520 2375 3544 ,
2405 3478 2504 3549 τὴν
2534 3479 2599 3531 ἐκ
2646 3477 2747 3547 τῆς
2787 3476 3105 3547 συμφωνίας
3144 3476 3245 3546 τῆς
3294 3470 3689 3543 πνευματικῆς.

2111 3565 2179 3634 ἢν
2209 3563 2392 3617 πολλοὶ
2418 3561 2688 3616 διασπῶσι
2708 3559 2825 3627 νῦν,
2857 3561 2997 3633 ὑπὲρ
3027 3559 3255 3631 ἀκαίρου
3278 3556 3611 3627 φιλονεικίας
3627 3555 3692 3608 τά

2113 3647 2357 3719 ήμέτερα
2387 3644 2806 3717 καθαιροῦντες,
2854 3646 2948 3697 καὶ
2993 3643 3062 3697 τά
3112 3641 3382 3697 Ἰουδαίων
3417 3638 3687 3703 αὔξοντες,

2113 3730 2355 3793 ἐκείνους
2402 3727 2876 3798 ἀξιοπιστοτέρους
2921 3725 3273 3787 διδασκάλους
3321 3721 3431 3776 τῶν
3478 3720 3690 3774 οἰκείων

2116 3813 2367 3884 πατέρων
2394 3810 2528 3885 ήγού
2537 3828 2709 3883 μενοι,
2734 3811 2829 3864 καὶ
2866 3812 2979 3875 τοῖς
3010 3807 3411 3881 χριστοκτόνοις
3444 3803 3574 3875 περί
3601 3800 3690 3856 τοῦ

2114 3896 2321 3959 πάθους
2359 3894 2742 3958 πιστεύοντεςε
2783 3888 2845 3948 οὗ
2893 3893 2945 3946 τί
2993 3891 3187 3962 γένοιτ’
3216 3890 3283 3946 ἀν
3323 3887 3689 3957 ἀλογώτερονι

2116 3983 2230 4036 Οὐκ
2260 3977 2405 4046 οἶδας
2433 3982 2514 4035 ὅτι
2543 3982 2722 4035 ἐκεῖνο
2744 3978 2943 4043 τύπος,
2968 3976 3129 4031 τοῦτο
3159 3976 3217 4030 δέ
3258 3974 3517 4045 manu;
3555 3972 3693 4042 Ὀρα

2119 4066 2229 4136 γάρ
2252 4064 2413 4118 πόσον
2444 4063 2505 4116 τὺ
2534 4064 2809 4134 διάφορον.
2852 4061 3058 4115 Ἐκεῖνο
3093 4059 3320 4114 θάνατον
3347 4056 3551 4111 ἐκώλυε
3589 4070 3691 4106 σω-

2127 4149 2374 4221 ματικὸν,
2399 4145 2559 4201 τοῦτο
2583 4146 2752 4219 ὀργὴν
2780 4144 2937 4198 έλυσε
2957 4144 3059 4214 τὴν
3086 4142 3225 4197 κατά
3251 4142 3350 4211 τῆς
3376 4136 3690 4207 οἰκουμένης
3729 4163 3734 4169 -

2127 4233 2434 4305 φερομένην
2458 4230 2680 4302 ἀπάσης
2702 4245 2717 4259 ⁸
2745 4230 2921 4281 ἐκεῖνο
2947 4227 3224 4296 Αίγύπτου
3247 4226 3368 4279 τότε
3400 4221 3691 4293 ἀπήλλαξε,

2125 4316 2284 4369 τοῦτο
2329 4311 2770 4385 εἰδωλολατρείας
2804 4309 3209 4381 ἠλευθέρωσεν·
3239 4310 3414 4362 ἐκεῖνο
3460 4306 3553 4359 τὸν
3593 4306 3694 4357 Φαο

2126 4397 2275 4471 ραὼ,
2318 4396 2476 4450 τοῦτο
2512 4395 2604 4449 τὸν
2633 4394 2880 4449 διάϐολον
2911 4392 3207 4458 ἀπέπνιξε·
3240 4391 3359 4464 μετ’
3386 4391 3561 4444 ἐκεῖνο
3592 4389 3694 4441 Πα-

2120 4478 2399 4551 λαιστίνη,
2433 4477 2572 4551 μετὰ
2599 4477 2757 4532 τοῦτο
2788 4477 3034 4549 οὐρανός.

2195 4622 2261 4676 Τί
2290 4622 2468 4677 τοίνυν
2503 4622 2584 4693 τῷ
2611 4610 2792 4693 λύ’χνῳ
2821 4619 3203 4693 προσεδρεύεις
3221 4660 3236 4686 ,
3270 4617 3364 4672 τοῦ
3393 4617 3548 4689 ήλίου
3595 4633 3694 4686 φα-

2121 4714 2339 4780 νέντος;
2367 4714 2419 4767 τί
2448 4713 2506 4768 δὲ
2533 4713 2612 4785 τῷ
2644 4706 2879 4783 γάλακτι
2910 4710 3208 4783 τρέφεσθαι
3238 4709 3450 4780 βούλει,
3479 4708 3695 4778 στερεάς

2127 4822 2211 4858 σοι
2241 4804 2523 4876 διδομένης
2553 4804 2797 4875 τροφῆςς
2839 4802 2939 4857 Διά
2978 4801 3135 4856 τοῦτο
3163 4800 3406 4873 ἐτράφης
3449 4798 3690 4870 γάλακτι,

2123 4896 2210 4950 ἵνα
2244 4895 2320 4967 μὴ
2356 4896 2522 4970 μένῃς
2551 4896 2610 4950 ἐν
2640 4894 2718 4966 τῷ
2743 4894 2978 4963 γάλακτι
3003 4912 3015 4924 ·
3051 4893 3140 4948 διὰ
3165 4893 3321 4947 τοῦτὸ
3350 4908 3434 4945 σοι
3459 4892 3490 4946 ὁ
3514 4891 3692 4957 λύχνος

2120 4988 2329 5058 ἐφάνη,
2361 4987 2448 5039 ἵνα
2488 4985 2627 5056 πρὸς
2661 4984 2752 5038 τὸν
2784 4983 2934 5055 ἥλιον
2958 4982 3394 5055 χειραγωγηθῇς.
3426 4976 3575 5049 [615]
3610 4976 3692 5048 Μή

2123 5078 2323 5144 τοίνυν,
2363 5077 2472 5131 τῶν
2493 5076 2841 5148 τελειοτέρων
2865 5076 3321 5147 παραγενομένων
3342 5068 3691 5140 πραγμάτων,

2128 5167 2264 5240 πρὸς
2291 5166 2360 5221 τά
2405 5167 2645 5240 πρότερα
2669 5166 3127 5238 ἐπανατρέχωμεν
3145 5203 3160 5229 ,
3200 5161 3335 5233 μηδέ
3363 5161 3574 5231 ἡμέρας
3608 5160 3693 5213 καὶ

2127 5260 2351 5331 καιροὺς
2394 5259 2487 5312 καὶ
2540 5259 2820 5322 ἐνιαυτοὺς
2850 5255 3261 5328 παρατηρῶμεν
3284 5294 3298 5319 ,
3329 5252 3466 5307 ἀλλά
3502 5268 3691 5307 παντασ

2127 5350 2224 5424 χοῦ
2276 5353 2343 5423 τῇ
2391 5349 2686 5422 Ἐκκλησία
2746 5351 2863 5421 μετ’
2911 5347 3195 5420 ἀκριϐείας
3252 5345 3553 5417 ἐπώμεθα,
3606 5344 3694 5416 τήν

2126 5445 2349 5514 ἀγάπην
2409 5444 2505 5497 καὶ
2563 5443 2661 5515 τὴν
2729 5442 2953 5514 εἰρήνην
3008 5439 3390 5511 προτιμῶντες
3430 5437 3689 5491 ἁπάντων.

2129 5535 2190 5589 Et
2222 5533 2329 5605 γὰρ
2360 5534 2456 5586 καὶ
2486 5531 2781 5602 ἐσφάλλετο
2804 5530 3170 5602 ήἙκκλησία,
3196 5532 3256 5584 οὐ
3293 5528 3546 5583 τοσοῦτον
3573 5544 3690 5582 κατ-

2128 5626 2355 5698 όρθωμα
2398 5625 2506 5698 ἀπὸ
2553 5625 2652 5694 τῆς
2699 5622 2808 5677 τῶν
2869 5624 3077 5693 χρόνων
3111 5620 3398 5693 ἀκριϐείας
3432 5614 3531 5690 ἦν,
3583 5618 3692 5672 ὅσον

2129 5696 2379 5789 ἔγκλημα
2408 5696 2516 5771 ἀπὸ
2537 5717 2636 5787 τῆς
2659 5715 2974 5787 διαιρέσεως
3012 5716 3104 5769 καὶ
3129 5713 3220 5768 τοῦ
3261 5714 3559 5785 σχίσματος
3591 5708 3690 5762 τούο
