3920 6366
126 508 217 564 ὃιὶθ

121 638 219 676 mus
245 632 393 687 super
413 615 655 677 animum,
685 606 932 680 quomodo
961 621 1059 658 non
1085 602 1436 675 fraudabimur
1462 598 1528 652 ad
1553 595 1678 662 οπε-

123 710 310 765 rcndum
328 708 464 760 dona
481 697 694 758 Domino
711 699 894 771 (Nunt.
917 699 969 752 9.
987 696 1078 764 7)?
1101 695 1245 748 State
1268 692 1399 754 istic,
1425 687 1614 758 inquit,
1637 695 1682 739 et

121 803 370 868 o/feremus
417 797 484 849 ad
533 795 694 848 Deum
747 791 856 862 (Ib.
884 808 936 844 υ.
967 790 1049 857 8).
1091 784 1290 840 Deinde
1319 797 1438 837 cum
1470 778 1682 834 retulis-

123 900 211 953 set,
241 891 402 958 legem
434 885 640 948 detulit,
674 898 792 953 quae
818 879 1160 952 przecipiebat
1182 894 1194 929 :
1220 875 1282 929 Si
1318 872 1428 943 quis
1459 871 1683 924 immun-

125 984 205 1034 dus
226 979 369 1048 fuerit
389 993 540 1046 super
560 975 780 1027 animam
799 972 877 1026 uel
898 974 949 1025 in
969 973 1048 1024 uia
1069 968 1243 1038 longa,
1265 974 1310 1019 et
1328 963 1488 1033 primo
1519 974 1686 1013 mense

131 1070 310 1124 Pascha
332 1073 496 1141 facere
522 1085 621 1121 non
647 1067 882 1136 poluerit,
914 1064 1061 1134 faciet
1088 1062 1142 1114 in
1167 1057 1382 1115 secundo
1411 1051 1686 1122 (Ib.v.10).

131 1164 318 1230 Ergone
345 1160 483 1228 apud
508 1156 721 1212 Judmos
754 1155 1005 1225 temporis
1029 1152 1251 1208 solvitur
1277 1147 1597 1212 observatio,
1631 1153 1689 1198 ut

130 1250 454 1321 ierosolytnis
477 1248 678 1302 Pascha
697 1247 1030 1302 celebretur:
1053 1252 1107 1298 et
1130 1251 1184 1296 tu
1204 1238 1544 1296 concordiam
1567 1251 1688 1290 cum

133 1343 348 1400 Ecclesia
381 1342 603 1410 tempori
630 1355 734 1393 non
761 1337 1045 1397 anteferes,
1073 1333 1165 1388 sed
1190 1340 1244 1386 ut
1264 1331 1380 1385 dies
1405 1329 1692 1382 observare

132 1436 358 1499 videaris,
389 1446 726 1488 communem
756 1430 992 1483 omnium
1018 1433 1258 1480 nostrum
1300 1432 1523 1475 matrem
1556 1418 1692 1485 inju-

133 1529 197 1581 ria
222 1527 432 1590 afticies,
459 1535 513 1579 et
537 1533 856 1578 conventum
885 1534 1096 1574 sacrum
1118 1513 1360 1572 divides?
1382 1513 1510 1579 Quis
1538 1511 1694 1580 igitur

134 1619 266 1671 venia
300 1625 348 1670 te
389 1616 607 1685 dignum
649 1613 911 1677 censebit,
963 1610 1050 1680 qui
1096 1608 1239 1662 nulla
1279 1607 1345 1660 de
1382 1618 1541 1659 causa
1573 1601 1694 1656 talia

137 1715 332 1776 peccare
361 1705 528 1760 velis?

197 1796 388 1851 Pascha
417 1813 517 1849 non
550 1811 813 1865 possumus
838 1792 1117 1852 observare,
1170 1805 1267 1859 quo
1307 1787 1388 1841 die
1424 1785 1698 1853 cruciﬁxus

137 1901 197 1942 ut
217 1887 451 1942 Christus.
479 1917 554 1926 ——
581 1887 713 1953 Quid
746 1895 920 1938 autem
961 1883 1029 1936 de
1067 1881 1264 1936 Judmis
1302 1877 1528 1948 loquor?
1567 1874 1698 1929 Nam

141 1999 195 2036 ne
222 1997 312 2036 nos
339 1981 554 2052 quidem
580 1981 738 2034 etiam
765 1979 808 2032 si
835 1977 1179 2031 vehementer
1206 1972 1485 2039 cupiamus
1516 1977 1570 2023 et
1602 1983 1699 2019 an—

140 2073 371 2137 nitamur,
400 2072 543 2126 diem
576 2071 723 2124 illum
771 2070 988 2122 omnino
1038 2068 1327 2120 observare
1373 2076 1547 2130 posse,
1596 2073 1701 2128 quo

140 2165 404 2218 cruciﬁxus
447 2173 550 2219 est.
585 2163 708 2216 inde
735 2168 961 2214 constat.
992 2158 1139 2212 Licet
1165 2157 1305 2210 enim
1339 2163 1700 2222 transgressos

142 2270 216 2310 res
239 2256 398 2310 Judaei
426 2273 532 2309 non
567 2255 806 2315 fuissent,
837 2268 1010 2321 neque
1039 2250 1228 2320 ingrati
1263 2247 1502 2309 fuissent,
1532 2259 1704 2313 neque

143 2346 334 2414 stupidi,
371 2361 546 2415 neque
571 2345 782 2399 desides
811 2359 874 2397 ac
899 2352 1319 2410 eontemptorcs,
1353 2352 1524 2407 neque
1552 2351 1580 2388 ει
1611 2352 1704 2401 1⁵³-

143 2438 286 2490 ternis
306 2437 486 2492 ritibus
510 2436 854 2500 excidissent,
882 2434 973 2488 sed
1001 2448 1094 2488 eos
1116 2433 1403 2486 etiamnum
1425 2429 1707 2498 diligenter

143 2528 479 2590 observarent,
514 2544 586 2607 ne
615 2529 691 2580 sic
719 2527 932 2597 quidem
965 2525 1076 2579 ﬁeri
1109 2531 1307 2593 posset,
1361 2531 1418 2575 ut
1461 2536 1559 2574 nos
1587 2519 1709 2574 illo-

146 2635 242 2672 rum
264 2622 490 2690 vestigiis
513 2620 812 2674 insistendo
832 2620 971 2674 diem
996 2620 1152 2672 istum
1174 2633 1281 2686 quo
1305 2613 1588 2670 cruciﬁxus
1602 2624 1704 2676 est,

145 2719 189 2763 et
214 2711 400 2765 Pascha
427 2711 745 2772 celebravit,
769 2723 1196 2778 assequeremur.
1231 2707 1349 2773 Quo
1378 2721 1507 2760 vero
1531 2714 1706 2778 pacto,

145 2814 228 2866 ego
253 2802 434 2855 dicam.
481 2801 712 2868 Quando
753 2803 1035 2854 cruciﬁxus
1063 2809 1166 2866 est,
1213 2807 1322 2852 tum
1365 2798 1566 2866 primus
1595 2796 1711 2851 dies

146 2901 422 2960 azymorum
447 2901 591 2958 erat,
616 2903 670 2946 et
700 2906 1016 2961 parasccvc:
1050 2891 1164 2944 haec
1191 2889 1331 2943 enim
1358 2897 1578 2958 utraque
1599 2887 1711 2941 ﬁeri

147 2983 323 3052 nequit,
355 2992 409 3036 ut
437 2992 699 3054 perpetuo
722 2992 1064 3037 concurrant.
1099 2982 1232 3035 Ecce
1255 2994 1482 3048 namque
1511 2980 1713 3048 primus

147 3073 244 3128 dies
266 3091 574 3147 azymorum
600 3075 703 3130 hoc
731 3091 872 3128 anno
899 3075 950 3128 in
977 3073 1298 3127 dominicum
1330 3071 1469 3126 diem
1503 3069 1710 3135 incidit,

148 3174 193 3218 et
214 3168 418 3222 omnino
448 3181 675 3222 necesse
693 3177 793 3231 est,
815 3175 875 3220 ut
901 3174 1006 3219 tota
1031 3164 1360 3219 hebdomada
1387 3163 1712 3233 jejunt-mus,

149 3267 318 3313 etcum
339 3261 512 3328 passio
547 3258 883 3327 praeterierit,
907 3269 958 3312 et
981 3273 1110 3310 crux
1133 3255 1428 3322 advenerit,
1456 3264 1510 3310 et
1537 3269 1713 3308 resur-

151 3349 314 3413 rectio,
345 3365 440 3403 nos
469 3348 655 3403 adhuc
680 3349 986 3418 jejunantes
1015 3361 1345 3402 maneamus.
1377 3347 1442 3400 Et
1471 3359 1717 3414 saepenu-

150 3455 277 3496 mero
303 3443 433 3498 istud
459 3442 682 3508 accidit,
716 3452 773 3497 ut
801 3451 920 3512 post
943 3457 1180 3506 crucem,
1223 3450 1343 3510 post
1371 3440 1718 3496 resurrectio-

152 3547 274 3597 nem,
305 3533 639 3589 hebdomada
681 3535 914 3588 nondum
945 3534 1208 3600 absoluta,
1232 3533 1493 3602 jejunium
1535 3535 1716 3588 obser-

152 3637 330 3679 vemus.
359 3627 431 3681 lta
460 3627 614 3682 nulla
643 3628 897 3695 temporis
921 3635 1004 3681 est
1032 3625 1357 3681 observatio.

210 3716 258 3770 6.
297 3719 367 3774 Ne
412 3719 580 3789 igitur
622 3718 1026 3782 contendamus,
1084 3733 1218 3773 neve
1269 3717 1400 3772 illud
1445 3717 1716 3784 dicamus,

154 3816 282 3864 tanto
305 3819 542 3881 tempore
563 3811 816 3880 jejunavi,
840 3820 893 3865 et
920 3825 1060 3866 nunc
1086 3826 1288 3864 morem
1317 3810 1569 3864 mutabo?
1592 3811 1719 3864 Pro-

155 3911 254 3966 pter
273 3902 367 3957 hoe
393 3904 571 3972 ipsum
598 3913 742 3957 muta
765 3921 776 3955 :
802 3903 940 3971 quod
967 3913 1069 3956 tam
1099 3903 1269 3956 multo
1296 3911 1536 3972 tempore
1562 3902 1722 3958 fueris

156 3993 212 4046 ab
239 3995 462 4051 Ecclesia
490 3997 722 4060 divisus,
765 3995 831 4049 ad
878 4004 1101 4050 matrem
1134 3995 1387 4065 deinceps
1427 4004 1718 4050 revertere.

157 4082 302 4139 Nemo
329 4087 475 4153 dicit,
507 4086 942 4158 quandoquidem
972 4096 1118 4140 tanto
1151 4095 1392 4155 tempore
1419 4085 1724 4140 inimicitias

157 4179 370 4246 exercui,
406 4193 555 4232 nunc
580 4177 911 4232 reconciliari
939 4192 1025 4231 me
1053 4177 1235 4246 pudet.
1267 4177 1359 4230 Est
1384 4177 1527 4231 enim
1556 4177 1725 4244 pudor

159 4274 204 4317 et
227 4267 500 4336 ignominia
525 4283 634 4322 non
658 4268 710 4320 in
740 4268 931 4322 melius
966 4267 1183 4331 mutari,
1215 4267 1308 4321 sed
1341 4267 1392 4320 in
1421 4267 1724 4336 importuna

162 4361 481 4416 contentione
509 4360 818 4430 persistere.
867 4360 978 4415 lloc
1017 4360 1232 4414 Judreos
1262 4359 1421 4412 etiam
1474 4357 1724 4428 perdidit,

162 4450 238 4514 qui
263 4452 379 4504 dum
421 4462 658 4506 veterem
701 4451 1140 4506 consuetudinem
1186 4465 1401 4520 semper
1430 4449 1726 4520 inquirunt,

59 4541 70 4550 '
163 4538 550 4610 adimpietatem
580 4541 1015 4597 devolvebantur.

226 4632 371 4688 Pauli
420 4636 710 4705 exemplum
742 4636 998 4705 prapouit.
1022 4633 1217 4689 ——Scd
1258 4633 1382 4703 quid
1418 4647 1518 4702 ego
1542 4631 1610 4686 de
1647 4631 1730 4699 je-

162 4720 294 4788 junio
333 4727 644 4796 dierumque
685 4729 1060 4783 observatione
1105 4727 1267 4781 verba
1311 4726 1490 4779 facio?
1540 4725 1733 4779 Paulus

166 4811 319 4881 legem
358 4832 572 4873 servare
602 4834 708 4872 non
739 4819 1049 4884 desinebat,
1093 4829 1144 4873 et
1175 4819 1371 4872 multos
1417 4817 1626 4871 labores
1671 4831 1735 4871 ac

165 4901 371 4961 sudores
399 4908 726 4973 sustinebat,
755 4916 810 4962 et
842 4909 1036 4962 multas
1068 4907 1553 4977 peregrinationes,
1596 4907 1734 4960 mul-

169 4998 344 5060 tasque
369 4997 502 5050 alias
531 5014 796 5052 :erumnas
823 4999 1106 5063 tolerabat,
1139 5009 1298 5067 atque
1328 5014 1516 5053 omnes
1546 5007 1736 5052 coaeta-

169 5099 284 5138 Ireos
311 5102 432 5139 suos
454 5088 687 5155 diligenti
716 5090 986 5157 religionis
1017 5090 1161 5143 illius
1185 5091 1559 5145 observatione
1576 5105 1738 5158 supc-

170 5172 304 5227 rabat
327 5193 340 5226 :
391 5187 756 5231 verumtamen
785 5188 1062 5248 postquam
1089 5180 1153 5232 ad
1181 5194 1445 5233 summum
1469 5181 1739 5249 religionis

171 5261 295 5315 illius
323 5265 584 5336 fastigium
617 5280 967 5337 pervenerat,
1010 5285 1128 5324 cum
1160 5270 1508 5326 intellexisset
1538 5274 1588 5325 in
1619 5287 1739 5340 pcr-

172 5353 344 5410 niciem
371 5373 429 5412 ac
457 5358 831 5415 detrimentum
859 5376 918 5416 sc
940 5370 1127 5415 cuncta
1143 5371 1423 5429 prwstare.
1447 5363 1739 5418 confestim-

176 5453 391 5500 mutatus
433 5459 534 5501 est.
561 5449 669 5506 Nec
718 5452 856 5521 apud
887 5467 946 5506 se
973 5452 1106 5506 dixit
1135 5470 1149 5506 :
1198 5451 1323 5521 quid
1354 5451 1456 5506 hoc
1488 5454 1562 5506 rei
1614 5455 1738 5508 est?

175 5528 330 5586 Tanto
351 5537 528 5590 studio
556 5538 806 5595 fraudor?
833 5542 1060 5595 Tantum
1091 5543 1328 5596 laborem
1358 5543 1585 5595 amitto“?
1633 5545 1744 5598 lmo

181 5638 294 5677 vero
322 5641 534 5697 propter
563 5632 660 5687 hoc
691 5635 862 5702 ipsum
892 5635 1049 5688 citius
1072 5645 1155 5688 est
1184 5643 1416 5688 mutatus
1437 5676 1451 5699 ,
1489 5651 1555 5689 ne
1581 5637 1745 5690 detri—

185 5726 401 5771 mentum
430 5721 558 5774 illud
585 5724 774 5779 iterum
804 5735 1096 5794 pateretur,
1145 5741 1208 5780 ac
1250 5727 1505 5794 justitiam
1533 5743 1598 5781 ex
1629 5728 1745 5795 lege

183 5812 507 5873 Mummii,
542 5824 595 5863 ut
621 5814 737 5868 ﬁdei
761 5816 1019 5882 justitiam
1049 5817 1332 5885 acciperet,
1363 5828 1416 5870 et
1437 5818 1632 5872 clamat
1659 5821 1742 5872 di-

155 5917 160 5920 -
191 5896 336 5947 Ceus:
364 5896 486 5961 Qua:
507 5902 622 5954 mihi
644 5908 845 5976 fuerunt
872 5912 1033 5972 lucra,
1067 5911 1172 5960 ha‘c
1196 5909 1462 5962 arbitratus
1483 5925 1590 5962 sum
1623 5928 1743 5979 pro-

884 491 949 548 ΙΝ
982 489 1110 547 EOS
1137 487 1251 556 QUI
1289 485 1552 542 PASCllA
1593 479 1713 538 JEJl

1822 479 1952 534 tNT.
1995 475 2353 556 aovsusrs
2390 476 2530 531 JUD.
2576 473 2661 528 ιιι.

3267 447 3375 502 870

1791 605 1899 664 pter
1948 592 2201 649 Christum
2247 593 2546 646 detrimenta
2592 589 2826 660 (Philip.
2875 587 2928 642 5.
2972 584 3066 658 τ).
3118 585 3176 640 Si
3216 584 3381 653 offers

1795 701 1978 738 munus
2009 694 2151 737 tuum
2189 685 2256 736 ad
2283 685 2444 736 altare
2467 724 2482 749 ,
2515 693 2562 736 et
2603 681 2670 734 ibi
2697 680 2993 734 recordatus
3036 679 3189 747 fueris
3215 719 3230 740 ,
3259 677 3378 746 quia

1790 784 1950 848 frater
1967 789 2082 832 tuus
2103 778 2247 831 habet
2262 777 2457 848 aliquid
2479 775 2742 829 adversum
2757 782 2823 840 te,
2842 771 2987 834 vade,
3009 773 3149 840 prius
3165 769 3380 822 reconci.

1789 871 1915 923 tiare
1933 870 2078 938 fratri
2105 878 2211 930 tuo,
2233 879 2277 921 et
2299 878 2414 920 tunc
2434 868 2634 921 veniens
2650 863 2779 932 oﬂer
2798 878 2979 917 munus
2996 873 3135 915 tuum
3162 859 3375 932 (Matth.

1791 961 1848 1016 5.
1875 960 1987 1032 23).
2018 959 2156 1026 Quid
2179 958 2292 1014 ais?
2321 958 2377 1013 Si
2403 958 2564 1012 frater
2585 955 2799 1026 quidem
2826 963 2948 1008 tuus
2974 953 3166 1008 habeat
3187 953 3381 1020 aliquid

1792 1054 2074 1108 adversum
2100 1061 2171 1117 te,
2201 1049 2519 1106 sacrificium
2552 1059 2608 1102 ut
2631 1046 2940 1133 offeras\tibi
2970 1061 3075 1098 non
3103 1043 3380 1111 permittit.

1793 1144 1964 1198 donec
1985 1141 2356 1198 reconciliatus
2383 1139 2454 1192 illi
2477 1138 2640 1192 fueris
2660 1174 2675 1204 ,
2698 1152 2819 1190 cum
2843 1151 2970 1189 vero
2992 1144 3098 1187 tota
3123 1134 3384 1194 Ecclesia,

1795 1245 1849 1291 et
1875 1245 1981 1289 tam
2013 1234 2164 1288 multi
2209 1233 2392 1286 Patres
2425 1229 2656 1284 habeant
2685 1227 2966 1281 adversum
3001 1236 3051 1279 te
3071 1267 3086 1289 ,
3134 1223 3300 1276 audes
3326 1235 3388 1276 ac

1797 1328 2028 1382 sustines
2057 1339 2165 1379 non
2209 1323 2455 1393 deposito
2496 1321 2641 1390 prius
2684 1321 2986 1388 importuno
3045 1316 3147 1370 hoc
3174 1315 3297 1369 odio
3322 1313 3385 1365 ad

1800 1433 2076 1473 sacrorum
2099 1414 2560 1484 participationem
2591 1409 2967 1482 mysteriorum
2994 1405 3291 1460 accedere?
3323 1404 3388 1456 Et

1799 1525 1905 1580 quo
1926 1518 2079 1580 pacto
2109 1507 2309 1576 poteris
2332 1506 2409 1559 sic
2444 1503 2662 1557 allectus
2691 1500 2891 1556 Pascha
2923 1496 3238 1553 celebrare?
3267 1495 3390 1548 lla‘c

1799 1620 1828 1657 a
1861 1618 1946 1658 me
1975 1617 2078 1657 non
2109 1600 2176 1655 ad
2213 1600 2332 1653 illos
2364 1606 2566 1652 tantum
2593 1596 2860 1658 dicuntur,
2892 1591 2984 1646 sed
3011 1591 3173 1645 etiam
3204 1587 3270 1641 ad
3303 1601 3394 1640 vos

1802 1697 1889 1766 qui
1916 1695 2029 1751 sani
2073 1694 2201 1747 estis
2222 1735 2235 1758 ,
2271 1701 2328 1745 ιιι
2365 1699 2624 1760 quotquot
2655 1688 2786 1741 tales
2811 1700 2929 1740 esse
2970 1683 3206 1736 videritis
3227 1722 3242 1744 ,
3270 1695 3392 1735 cum

1803 1791 1966 1844 multa
1988 1789 2260 1858 diligentia
2284 1797 2331 1842 et
2368 1785 2582 1840 leuitate
2608 1783 2835 1837 selectos
2855 1775 3209 1846 congregatis,
3237 1781 3396 1841 atque

1803 1882 1868 1935 ad
1895 1888 2119 1934 matrem
2148 1879 2291 1947 ipsos
2317 1874 2601 1930 reducatis.
2633 1873 2779 1927 Licet
2805 1869 3078 1929 resistant,
3107 1866 3229 1919 licet
3259 1863 3396 1914 resi-

1805 1973 1955 2037 liaut,
1985 1972 2109 2026 licet
2132 1969 2274 2024 aliud
2305 1967 2514 2038 quidvis
2545 1965 2756 2026 faciant,
2791 1977 2857 2015 ne
2882 1960 3264 2027 defatigemur,
3297 1953 3400 2007 do—

1807 2079 1908 2121 nec
1931 2066 2009 2118 eis
2037 2061 2478 2132 persuaserimus.
2503 2057 2642 2111 NEhil
2669 2055 2810 2110 enim
2838 2063 2939 2115 est,
2964 2051 3102 2120 quod
3125 2064 3243 2104 cum
3267 2060 3401 2116 pace

1813 2159 1983 2212 valeat
2011 2166 2066 2211 et
2090 2153 2373 2210 concordia
2395 2150 2711 2218 comparari.
2736 2148 3020 2215 Propterea
3047 2157 3257 2213 quoque
3278 2156 3400 2196 cum

1811 2247 2107 2318 ingreditur
2137 2247 2310 2310 Pater,
2342 2259 2448 2298 non
2475 2244 2620 2312 prius
2646 2240 2712 2294 ad
2742 2240 2878 2292 hanc
2903 2236 3090 2292 sedem
3121 2231 3397 2293 ascendit,

1810 2354 1966 2410 quam
2009 2337 2158 2391 vobis
2186 2335 2432 2390 omnibus
2474 2347 2654 2402 pacem
2687 2329 2846 2382 fuerit
2891 2335 3134 2396 precatus
3155 2366 3168 2387 ,
3200 2332 3254 2376 et
3281 2337 3401 2376 cum

1811 2431 1978 2499 surgit
2005 2471 2020 2493 ,
2051 2443 2156 2481 non
2191 2427 2340 2496 prius
2377 2425 2573 2479 docere
2602 2437 2694 2474 vos
2727 2420 2941 2488 incipit,
2968 2432 3126 2487 quam
3158 2413 3402 2468 omnibus

1815 2539 1998 2592 pacem
2039 2521 2268 2575 dederit.
2300 2518 2619 2575 Sacerdotes
2662 2515 2821 2568 etiam
2853 2527 2974 2566 cum
3018 2509 3208 2563 fuerint
3237 2505 3401 2560 bene-

1813 2618 2022 2681 dicturi,
2048 2617 2136 2670 ubi
2158 2615 2304 2685 prius
2326 2613 2427 2667 hoc
2448 2611 2594 2666 vobis
2615 2607 2881 2679 apprecati
2913 2603 3126 2667 fuerint,
3152 2599 3401 2668 deinceps

1816 2710 2073 2778 incipiunt
2118 2705 2456 2761 benedicere.
3111 2707 3128 2730 κ

1887 2801 2106 2855 Diaconi
2143 2817 2240 2855 vox
2276 2799 2331 2852 in
2370 2796 2602 2867 Lilurgia
2647 2793 2890 2864 populum
2919 2787 3229 2842 dimittcntis.
3251 2814 3321 2825 --
3346 2782 3412 2837 Et

1818 2908 1945 2948 vero
1977 2892 2240 2945 Diaconus
2270 2889 2395 2944 dum
2423 2903 2544 2942 cum
2575 2886 2694 2939 aliis
2723 2883 2925 2953 precari
2946 2881 3120 2950 jubet,
3150 2879 3250 2932 hoc
3272 2891 3408 2946 quo-

1816 2999 1924 3056 que
1949 2985 2175 3052 imperat
2204 2982 2254 3035 in
2285 2980 2525 3034 oratione
2546 3021 2560 3042 ,
2586 2991 2642 3030 ut
2668 2975 2911 3046 angelum
2953 2972 3100 3043 pacis
3126 2981 3407 3038 rogemus,

1818 3086 1870 3133 et
1899 3092 2018 3146 quae
2046 3074 2316 3144 proposita
2347 3081 2469 3127 sunt
2497 3080 2685 3125 cuneta
2714 3067 2953 3136 paciﬁca.
2985 3074 3034 3118 et
3066 3063 3133 3115 ab
3159 3062 3260 3114 hoc
3284 3074 3414 3113 con-

1820 3177 1982 3225 ventu
2027 3182 2124 3222 vos
2166 3165 2440 3220 dimittens
2484 3163 2585 3216 hoc
2614 3159 2766 3216 vobis
2817 3166 3066 3226 precatur
3107 3154 3321 3208 dicens:
3351 3149 3412 3203 lu

1822 3277 1946 3330 pace
1972 3258 2248 3313 discedite:
2275 3266 2329 3310 et
2373 3255 2503 3308 nihil
2547 3253 2598 3306 in
2633 3252 2939 3306 universum
2987 3255 3163 3316 potest
3190 3243 3274 3298 vel
3308 3242 3410 3295 dici

1821 3352 1906 3408 vel
1933 3351 2049 3406 ﬁcri
2073 3351 2189 3404 sine
2214 3349 2332 3402 ista.
2373 3347 2468 3400 Est
2491 3345 2634 3401 enim
2675 3343 2790 3397 haec
2817 3340 2994 3395 nutrix
3021 3355 3083 3393 ac
3123 3345 3294 3391 mater
3321 3352 3408 3386 no-

1824 3453 1966 3509 stra,
1997 3456 2117 3512 quae
2146 3440 2315 3494 multo
2344 3453 2464 3493 cum
2506 3436 2683 3491 studio
2715 3450 2777 3488 ac
2803 3432 3074 3502 diligentia
3122 3444 3221 3484 nos
3250 3427 3412 3482 fovet.

1823 3533 2015 3589 Pacem
2047 3544 2209 3601 porro
2231 3529 2352 3584 dico
2381 3544 2484 3582 non
2514 3527 2650 3580 hanc
2684 3541 2713 3579 a
2759 3524 2872 3578 sola
2914 3522 3291 3592 appellatione,
3322 3533 3416 3572 ne-

1825 3639 1928 3695 que
1957 3624 2102 3678 illam
2128 3637 2247 3692 quae
2274 3621 2326 3675 in
2353 3633 2553 3674 mensa:
2596 3615 2974 3672 communione
3015 3610 3293 3674 consistit,
3325 3610 3416 3664 sed

1828 3733 2012 3790 pacem
2039 3716 2333 3772 secundum
2365 3715 2532 3769 Deum
2557 3753 2572 3777 ,
2605 3726 2725 3779 qua:
2754 3725 2817 3765 ex
2851 3705 3109 3777 spirituali
3136 3702 3419 3759 concordia

1827 3810 2064 3865 nascitur
2089 3850 2104 3873 ,
2137 3824 2296 3878 quam
2353 3805 2503 3860 multi
2534 3818 2672 3858 nunc
2718 3801 3016 3869 dissipant,
3061 3813 3088 3848 a
3117 3795 3307 3865 quibus
3337 3809 3421 3847 res

1829 3913 2026 3961 nostra:
2048 3901 2418 3972 intempestiva
2441 3898 2669 3968 quadam
2691 3895 3034 3951 contentione
3055 3890 3420 3951 destruuntur,

1829 4006 1884 4052 et
1922 4011 2009 4051 res
2051 3995 2354 4051 Judteorum
2398 4001 2693 4060 augentur,
2723 3988 2847 4042 dum
2879 4000 2974 4040 eos
3018 3983 3118 4038 ﬁde
3154 3982 3426 4051 digniores

1831 4089 2086 4143 doctores
2111 4101 2268 4156 quam
2293 4098 2418 4138 suos
2444 4082 2629 4137 Patres
2655 4081 2998 4141 arbitrantur,
3015 4085 3066 4130 et
3087 4074 3285 4128 Christi
3315 4088 3416 4140 pan

1831 4179 2014 4234 ricidis
2055 4177 2123 4231 de
2154 4175 2398 4244 passione
2424 4172 2666 4236 credunt,
2694 4185 2800 4240 quo
2834 4168 2960 4238 quid
2987 4165 3267 4220 absurdius
3313 4163 3420 4216 ﬁeri

1832 4268 2033 4339 possit?
2079 4266 2304 4320 Nescitis
2335 4263 2460 4316 illud
2493 4263 2745 4330 ﬁguram,
2779 4260 2879 4312 hoc
2905 4259 3180 4311 veritatem
3224 4254 3423 4309 fuisse?

1835 4358 1969 4414 Vide
1999 4370 2230 4424 namque
2252 4363 2508 4422 quantum
2539 4352 2610 4405 sit
2651 4350 2965 4404 discrimen.
3004 4345 3135 4401 Illud
3173 4357 3434 4414 corpora-
3478 4352 3483 4358 '

1834 4453 1938 4506 lem
1971 4456 2196 4504 mortem
2229 4444 2584 4515 prohibebat,
2623 4442 2728 4496 hoc
2756 4441 2888 4495 iram
2913 4438 3154 4504 sedavit,
3187 4452 3306 4507 quas
3332 4435 3420 4489 ad-

1835 4558 2023 4598 versus
2063 4540 2371 4594 universum
2415 4546 2676 4592 terrarum
2708 4535 2892 4597 orbem
2935 4532 3201 4585 ferebatur
3239 4547 3252 4582 :
3300 4525 3426 4582 illud

1837 4637 1904 4691 ab
1943 4635 2177 4704 Egypto
2217 4629 2543 4693 vindicavit,
2576 4627 2678 4681 hoc
2723 4626 2789 4680 ab
2820 4624 3116 4679 idololatria
3148 4621 3422 4676 liberavit:

1839 4727 1964 4782 illud
1993 4727 2324 4780 Pharaonem
2348 4763 2362 4786 ,
2395 4721 2497 4774 hoc
2520 4717 2790 4774 diabolum
2817 4715 3126 4771 suﬁ‘ocavit:
3156 4721 3276 4784 post
3301 4709 3431 4764 illud

1840 4817 2141 4880 Palaestina,
2170 4823 2290 4884 post
2317 4813 2419 4868 hoc
2443 4811 2651 4866 ctelum.
2870 4797 2872 4800 ’

1912 4909 1986 4962 Ab
2008 4906 2347 4961 observatione
2374 4903 2561 4956 rituum
2585 4898 2917 4952 Iudaicarum
2947 4897 3178 4948 deterret.
3205 4922 3276 4932 —-
3295 4890 3434 4956 Quid

1843 5001 2002 5071 igitur
2037 4999 2271 5052 lucerna:
2315 4993 2557 5056 assides,
2588 5006 2709 5045 cum
2759 4989 2840 5044 sol
2893 4983 3242 5056 apparuerit?
3288 4983 3432 5045 Cur,

1797 5105 1806 5114 ’
1844 5106 2045 5160 quaeso,
2072 5088 2211 5142 lacte
2239 5086 2318 5139 vis
2347 5084 2575 5149 nutriri,
2607 5097 2728 5136 cum
2752 5081 2901 5135 cibus
2943 5078 3031 5132 tibi
3069 5075 3270 5129 so'idus
3298 5088 3438 5143 pra:-

1848 5181 2080 5236 beatur?
2106 5180 2392 5247 Propterea
2424 5175 2560 5230 lat-te
2587 5175 2813 5227 nutritus
2841 5186 2919 5234 es,
2954 5186 3020 5224 ne
3052 5170 3188 5222 lacte
3211 5179 3433 5221 conten-

1847 5283 1930 5327 tus
1950 5286 2130 5327 esses:
2162 5279 2443 5340 pr0pterea
2467 5266 2554 5320 tibi
2582 5265 2795 5319 lucerna
2817 5261 3078 5331 apparuit,
3104 5266 3156 5316 ut
3176 5258 3244 5310 ad
3269 5257 3438 5312 solem

1845 5362 2207 5418 deducereris.
2239 5361 2372 5415 Cum
2404 5359 2562 5428 igitur
2600 5372 2685 5412 res
2722 5354 3066 5424 perfectiores
3104 5350 3436 5411 advenerim,

1848 5455 1913 5511 ad
1945 5456 2146 5524 priores
2173 5468 2238 5506 ne
2265 5464 2604 5507 recurremus
2628 5490 2643 5513 ,
2673 5463 2846 5516 neque
2873 5446 2987 5500 dies
3013 5453 3068 5499 et
3105 5451 3343 5511 tempora
3387 5455 3415 5492 e
3434 5453 3452 5493 ι

1849 5562 2016 5602 annos
2042 5545 2387 5600 observemus
2409 5583 2425 5608 ,
2475 5541 2566 5596 sed
2597 5539 2792 5608 ubique
2836 5537 3117 5606 diligenter
3147 5531 3380 5587 Ecclesia
3401 5548 3450 5583 Ill

1850 5653 2136 5708 sequamur
2155 5646 2206 5690 et
2224 5635 2496 5690 caritatem
2515 5647 2576 5686 ac
2597 5646 2779 5701 pacem
2802 5628 3048 5684 omnibus
3067 5625 3414 5695 prazferamus
3434 5663 3441 5672 .

1853 5729 2002 5784 Licet
2028 5728 2170 5782 enim
2198 5725 2436 5780 Ecclesia
2466 5724 2734 5778 falleretur
2753 5764 2768 5787 ,
2809 5737 2914 5775 non
2943 5727 3146 5774 tantum
3174 5714 3348 5770 laudis
3377 5730 3446 5766 at:

1853 5822 1982 5877 lucri
2011 5836 2076 5875 ex
2106 5827 2402 5886 temporum
2435 5826 2618 5870 exncta
2643 5817 2869 5879 ratione,
2903 5823 3156 5884 quantum
3189 5805 3442 5878 vituperii

1854 5928 1920 5967 ex
1951 5910 2207 5966 divisione
2234 5923 2295 5963 ac
2329 5907 2614 5963 schismate
2643 5915 2952 5963 nasceretur
2977 5922 2990 5971 ;
3018 5903 3128 5976 jam
3161 5914 3290 5958 vero
3322 5896 3438 5952 uul-
