3920 6360
486 442 580 496 871
1205 453 1244 513 5
1301 450 1578 511 JOANNIS
1618 455 2095 512 CllliYSOSTOMl
2132 457 2448 512 ARCHIEP.
2493 459 3027 520 CONSTANTlNOP.

453 565 597 638 ,lam
651 583 754 640 ego
790 555 1050 639 iemporis
1082 570 1347 624 rationem
1399 570 1606 636 habeo,
1657 569 2084 640 quandoquidem

490 672 664 726 neque
690 657 850 714 habet
882 659 1020 714 Deus
1042 699 1056 723 ,
1087 659 1534 730 quemadmodum
1561 661 2042 716 demonstravimus
2066 703 2081 728 ,

489 763 610 804 cum
645 753 745 807 hac
773 752 842 806 de
871 767 928 806 re
965 754 1114 808 multi
1147 753 1310 809 habiti
1351 754 1546 809 fuerint
1588 768 1618 807 a
1645 770 1730 808 me
1766 769 2079 809 sermones:

487 841 582 896 scd
623 858 784 898 unum
813 844 877 900 ,id
918 860 1122 914 quam,
1154 855 1211 900 ut
1236 846 1291 901 in
1323 862 1451 917 pace
1475 847 1870 918 concordiaque
1894 858 2080 903 cuncta

485 933 768 1001 faciamus,
805 953 872 992 ne
896 937 1022 992 dum
1062 953 1160 992 nos
1180 939 1505 1010 jejunamns,
1537 955 1599 995 ac
1629 942 1857 1011 populus
1884 940 2078 1007 omnis,

477 1034 530 1078 et
569 1040 760 1094 preces
796 1043 890 1096 pro
923 1039 1185 1084 terrarum
1213 1031 1345 1086 orbe
1386 1031 1610 1086 fundunt
1646 1030 1990 1098 Sacerdotes,
2025 1042 2082 1086 tu

479 1114 733 1170 ebrietati
760 1117 903 1172 domi
932 1135 1106 1176 vaces.
1141 1122 1326 1192 Cogita
1351 1138 1508 1193 qnam
1528 1122 1631 1177 hoc
1660 1123 1730 1177 sit
1753 1123 2080 1193 operationis

485 1204 762 1263 diabolicae
785 1249 802 1275 ,
833 1226 930 1264 nec
958 1227 1121 1266 unum
1149 1213 1323 1267 solum
1348 1254 1363 1280 ,
1394 1228 1493 1269 nec
1516 1213 1623 1268 duo
1647 1256 1661 1281 ,
1691 1230 1790 1268 nec
1817 1215 1912 1268 :ria
1938 1255 1953 1280 ,
1983 1213 2078 1268 sed

483 1300 651 1354 multo
681 1302 828 1370 plura
863 1317 1076 1372 peccata
1099 1319 1279 1360 secum
1311 1309 1503 1361 trahat.
1528 1309 1570 1361 A
1594 1322 1755 1378 grege
1784 1319 1834 1361 te
1854 1307 2075 1372 divellit,

483 1400 538 1444 et
563 1388 762 1458 efﬁcit,
793 1405 848 1448 ut
894 1405 1000 1449 tam
1040 1397 1238 1453 multos
1267 1397 1456 1452 Patres
1475 1400 1832 1466 condemnes,
1863 1400 1913 1453 in
1944 1415 2075 1454 con-

484 1481 751 1538 tentiones
781 1487 1104 1556 prmeipitu,
1143 1488 1210 1542 ad
1237 1487 1451 1543 Judaeos
1489 1487 1739 1559 expellit,
1769 1490 2074 1545 scandalum

483 1581 538 1630 te
567 1591 752 1630 rursus
777 1586 830 1632 et
856 1577 1164 1634 domesticis
1207 1591 1259 1636 ct
1285 1582 1473 1637 alienis
1502 1584 1767 1652 proponit.
1798 1584 1898 1652 Qui
1927 1601 2075 1638 nam-

481 1678 588 1733 que
617 1669 909 1735 poterimus
935 1668 1053 1725 illos
1080 1672 1473 1740 reprehendere
1497 1714 1512 1739 ,
1542 1674 1585 1727 si
1613 1673 1758 1729 domi
1787 1686 2071 1740 maneant,

481 1769 602 1808 cum
632 1765 686 1810 tu
712 1757 778 1810 ad
809 1758 930 1814 illos
955 1762 1184 1815 curras?
1218 1761 1403 1833 Neque
1445 1779 1574 1820 vero
1599 1763 1715 1820 bare
1752 1766 1921 1819 solum
1947 1781 2074 1835 pec-

479 1854 599 1902 cata
628 1858 753 1903 sunt
772 1891 785 1914 ,
819 1851 913 1908 sed
941 1853 1082 1922 quod
1114 1870 1362 1925 magnum
1389 1857 1768 1913 detrimentum
1795 1861 2036 1928 capiatur
2055 1901 2069 1923 ,

478 1953 599 1992 cum
626 1956 800 2011 neque
827 1943 1116 2013 Scripturis
1135 1988 1149 2011 ,
1185 1963 1356 2018 neque
1383 1949 1748 2014 conciouibus,
1777 1966 1948 2020 neque
1978 1951 2070 2006 be-

479 2031 783 2088 nedictione
809 2076 824 2101 ,
872 2051 1046 2106 neque
1085 2040 1458 2094 communibus
1503 2041 1749 2108 precibus
1777 2042 1828 2095 in
1854 2041 2072 2111 jejuniis

482 2122 588 2176 illis
616 2124 807 2178 fruaris
831 2168 846 2192 ,
889 2127 984 2182 sed
1013 2142 1135 2182 cum
1165 2144 1324 2198 prava
1366 2131 1693 2186 conscientia
1738 2140 1906 2187 totum
1944 2134 2069 2188 illud

477 2219 688 2284 tempus
719 2214 965 2271 traducas
984 2257 1000 2283 ,
1031 2227 1275 2274 metuens
1297 2235 1359 2275 ac
1387 2232 1648 2287 tremens,
1676 2240 1741 2277 ne
1766 2224 2068 2294 deprchen-

425 2373 428 2376 .
475 2301 620 2358 daris
643 2313 912 2376 tamquam
938 2308 1234 2380 alienigena
1263 2311 1478 2382 quidam
1507 2324 1559 2368 et
1587 2316 1914 2385 peregrinus,
1947 2331 2068 2372 cum

476 2403 529 2451 te
553 2406 826 2467 oporteret
851 2415 972 2456 cum
1015 2403 1205 2458 fiducia
1257 2416 1312 2460 et
1341 2407 1611 2476 voluptate
1635 2451 1650 2474 ,
1684 2424 1804 2463 cum
1845 2409 2026 2465 laetitia
2052 2453 2066 2476 ,

473 2502 594 2543 cum
625 2491 774 2544 omni
800 2492 1047 2550 libertate
1077 2495 1268 2562 simul,
1299 2513 1419 2552 cum
1449 2499 1687 2556 Ecclesia
1711 2511 1904 2556 cuncta
1944 2519 2065 2572 per-

473 2578 653 2634 licere.
700 2580 886 2651 Neque
928 2583 1071 2639 enim
1101 2585 1342 2643 Ecclesia
1371 2600 1612 2644 exactam
1645 2590 1906 2646 rationem
1938 2600 2071 2646 tem-

473 2683 663 2738 porum
705 2673 881 2726 novit:
914 2675 1007 2728 sed
1037 2678 1286 2746 quoniam
1330 2680 1398 2734 ab
1424 2681 1574 2735 initio
1604 2681 1850 2736 Patribus
1895 2682 2064 2738 visum

3679 471 3782 526 872

2192 580 2275 626 est
2304 569 2422 625 loco
2461 571 2661 628 dissitis
2699 573 2856 630 simul
2884 576 3169 632 convenire
3195 619 3208 644 ,
3257 589 3416 649 atque
3464 580 3607 637 hunc
3639 585 3778 638 diem

2189 663 2416 720 definire
2438 705 2452 732 ,
2484 680 2806 722 consensum
2838 668 3033 738 ubique
3062 671 3272 739 plurimi
3299 671 3502 728 faciens
3523 715 3539 739 ,
3571 684 3626 729 et
3655 691 3784 729 con-

2163 757 2425 814 cordiam
2454 759 2683 830 diligens
2707 803 2719 825 ,
2751 761 2891 831 quod
2921 763 3228 819 mandatum
3273 764 3374 820 fuit
3401 767 3649 836 amplexa
3683 779 3780 819 est.

2186 849 2327 905 Fieri
2357 851 2552 921 quippe
2577 866 2680 906 non
2711 866 2870 922 posse
2890 895 2904 920 ,
2937 863 2995 908 ut
3025 855 3105 909 vel
3137 872 3234 912 nos
3269 857 3354 912 vel
3381 873 3503 923 vos,
3535 859 3618 912 vel
3645 857 3783 910 alius

2185 943 2356 1012 quivis
2381 944 2549 1013 ipsum
2577 942 2902 999 dominicum
2925 946 3065 1001 diem
3089 957 3421 1018 assequatur,
3452 948 3785 1003 sufficienter

2185 1044 2268 1088 est
2303 1034 2355 1086 in
2387 1035 2810 1104 praecedentibus
2855 1037 3302 1095 demonstratum.
3345 1039 3421 1094 Ne
3450 1041 3606 1110 igitur
3656 1055 3781 1094 cum

2186 1124 2374 1178 umbra
2403 1124 2757 1195 digladiemur
2777 1168 2790 1192 ,
2821 1143 2994 1198 neque
3023 1129 3092 1184 de
3123 1131 3282 1184 rebus
3311 1131 3610 1202 vulgaribus
3638 1148 3780 1186 cono

2185 1215 2460 1272 tendentes
2487 1218 2540 1271 in
2573 1221 2777 1288 magnis
2801 1235 2900 1274 nos
2927 1220 3069 1289 ipsos
3099 1221 3374 1277 lzedamus.
3403 1222 3532 1277 Nam
3561 1223 3665 1278 hoc
3690 1224 3779 1278 vel

2183 1305 2274 1360 illo
2303 1316 2541 1376 tempore
2578 1308 2822 1378 jejunare
2849 1311 3052 1366 nullum
3081 1323 3162 1367 est
3199 1315 3398 1369 crimen
3438 1331 3451 1368 :
3481 1315 3781 1371 Ecclesiam

2187 1406 2368 1452 autem
2396 1398 2635 1454 dividere
2655 1440 2670 1465 ,
2699 1415 2763 1456 ac
2791 1404 3221 1458 contentionibus
3249 1420 3461 1471 vacare,
3485 1414 3538 1460 et
3565 1407 3784 1462 discor-

2180 1489 2294 1544 dias
2317 1504 2498 1545 serere
2523 1535 2538 1557 ,
2572 1508 2736 1563 seque
2770 1510 2925 1550 sacro
2946 1507 3208 1554 conventu
3239 1509 3490 1569 perpetuo
3519 1501 3738 1570 privare
3760 1543 3775 1567 ,

2181 1582 2335 1637 venia
2366 1592 2536 1651 caret,
2566 1587 2940 1644 criminatione
2967 1589 3206 1658 dignum,
3239 1599 3294 1644 et
3318 1590 3483 1644 multo
3510 1592 3778 1661 supplicio

2179 1681 2262 1727 est
2288 1673 2598 1729 obnoxium.
2627 1678 2703 1730 Ac
2734 1687 2978 1745 poterant
3003 1680 3216 1748 quidem
3255 1681 3402 1750 plura
3431 1681 3551 1747 diei,
3581 1674 3776 1735 verum

2179 1766 2244 1820 iis
2269 1768 2356 1835 qui
2385 1768 2573 1822 attenti
2618 1767 2850 1836 fuerint,
2882 1785 2944 1825 ea
2989 1787 3108 1842 quae
3138 1770 3247 1842 jam
3279 1773 3575 1829 sunt’dicta
3614 1775 3778 1828 suffi-

2177 1857 2354 1910 ciunt:
2386 1857 2561 1912 minus
2585 1861 2801 1915 attentis
2829 1871 3031 1931 autem,
3060 1879 3232 1934 neque
3259 1864 3303 1918 si
3335 1864 3481 1934 plura
3503 1865 3776 1932 dicantur,

2177 1949 2462 2020 quidquam
2494 1952 2753 2020 proderit.
2800 1955 3057 2022 Quocirca
3104 1958 3264 2012 finem
3309 1960 3397 2014 hic
3439 1958 3638 2012 dicendi
3695 1957 3780 2011 fa-

2177 2041 2380 2097 cientes
2406 2057 2593 2099 omncs
2619 2045 2778 2100 simul
2807 2045 2998 2102 fratres
3023 2058 3236 2104 nostros
3260 2065 3472 2104 oremus
3500 2059 3554 2104 ut
3576 2049 3635 2103 ad
3669 2066 3777 2103 nos

2178 2135 2436 2205 redeant,
2468 2147 2525 2192 et
2551 2153 2736 2208 pacem
2768 2140 3185 2209 amplectantur,
3217 2142 3284 2198 ab
3313 2143 3603 2211 importuna
3627 2157 3772 2197 con-

2178 2227 2412 2282 tentione
2439 2228 2734 2296 discedant,
2769 2240 2822 2286 et
2851 2233 2932 2288 his
2972 2233 3185 2303 ineptiis
3227 2235 3481 2305 neglectis
3529 2244 3770 2290 mentem

2175 2327 2231 2372 et
2260 2319 2634 2390 cogitationem
2682 2324 2965 2389 attollant,
3016 2335 3174 2396 atque
3203 2343 3232 2381 a
3262 2337 3553 2397 temporum
3583 2328 3773 2382 obser—

2178 2410 2389 2467 vatione
2433 2413 2726 2470 liberentur
2746 2457 2760 2480 ,
2808 2426 2864 2472 ut
2907 2433 3013 2474 uno
3042 2433 3230 2475 omnes
3255 2420 3435 2474 animo
3471 2428 3627 2489 atque
3654 2436 3770 2472 uno

2176 2519 2272 2559 ore
2299 2506 2660 2576 glorificemus
2686 2510 2853 2565 Deum
2883 2522 2937 2567 et
2963 2513 3175 2568 Patrem
3209 2514 3417 2570 Domini
3446 2516 3609 2569 nostri
3633 2513 3768 2570 Iesu

2178 2595 2406 2663 Christi,
2434 2599 2517 2653 cui
2543 2600 2713 2669 gloria
2739 2611 2794 2656 et
2821 2603 3102 2672 imperium
3132 2621 3273 2662 nunc
3311 2616 3363 2662 et
3390 2621 3602 2676 semper
3626 2615 3679 2659 et
3713 2606 3767 2658 in

2177 2687 2370 2741 saecula
2393 2690 2734 2748 smculorum.
2775 2696 2969 2750 Amen.

533 2879 856 2945 CONTRA
884 2885 1207 2950 JUDZEOS
1237 2890 1319 2950 ΙΝ
1364 2891 1619 2953 ΤΠΒΑΞ
1663 2892 2100 2955 PASCHATIS
2143 2895 2447 2976 EORUM,
2495 2903 2961 2971 ANTIOCHI/E
3006 2912 3309 2976 ΗΑΒΙΤΛ
3356 2917 3433 2978 IN
3475 2918 3767 2986 MAGNA

1877 2994 2260 3058 ECCLESIA
2288 2998 2329 3058 ¹.

1889 3142 2308 3212 mm»

464 3209 476 3292 ἐ

1043 3285 1240 3329 ORATIO
1270 3289 1498 3338 QUARTA.

539 3418 593 3474 ί.
628 3420 836 3480 Rursus
863 3425 1104 3484 infelices
1125 3429 1200 3484 illi
1228 3432 1640 3504 mortaliumqtte
1679 3439 1920 3494 omnium
1963 3442 2063 3495 mi-

467 3510 680 3566 serrimi
701 3511 873 3569 Judmi
894 3515 1183 3586 jejunaturi
1209 3529 1334 3574 sunt
1365 3539 1378 3576 :
1409 3537 1594 3579 rursus
1619 3524 1816 3582 Christi
1846 3544 2062 3601 gregem

466 3602 773 3661 muniamus
794 3621 1019 3663 necesse
1061 3617 1164 3664 est.
1215 3611 1654 3685 Quandoquidem
1702 3627 1756 3673 et
1797 3631 2059 3690 pastores,

466 3693 722 3762 quamdiu
753 3696 913 3752 noxia
941 3699 1112 3755 bestia
1139 3703 1360 3758 molesta
1385 3720 1488 3761 non
1511 3717 1614 3775 est,
1649 3711 1749 3765 sub
1774 3712 1950 3768 ilicem
1973 3725 2064 3769 aut

468 3783 725 3852 populum
755 3789 1008 3857 porrecti,
1033 3789 1208 3846 fistula
1239 3805 1458 3865 canunt,
1479 3798 1716 3857 sinentes
1743 3817 1870 3858 oves
1897 3805 2063 3863 libere

469 3891 566 3944 pro
589 3891 688 3933 suo
709 3880 968 3938 arbitratu
999 3898 1220 3953 pascere
1248 3903 1261 3940 :
1291 3903 1474 3944 verum
1495 3891 1655 3946 simul
1682 3903 1841 3965 atque
1866 3911 2024 3953 sense
2039 3931 2054 3939 -

464 3966 575 4023 rint
615 3969 863 4028 alicunde
903 3973 1146 4044 luporum
1184 3977 1545 4037 incursionem
1594 3985 1897 4052 imminere,
1938 4003 2060 4044 mox

463 4059 672 4131 abjecta
697 4061 894 4132 fistula,
922 4066 1136 4122 fundam
1173 4070 1457 4141 arripiunt,
1496 4083 1551 4130 et
1585 4076 1788 4132 omisso
1828 4080 2058 4147 calamo,

462 4150 690 4212 fustibus
715 4164 769 4212 et
792 4159 936 4214 saxis
965 4158 1244 4217 obarmant
1271 4176 1411 4232 sese,
1456 4181 1658 4236 proque
1708 4169 1833 4224 ovili
1880 4173 2060 4227 consi-

461 4253 687 4314 stentes,
707 4264 904 4320 magno
930 4251 1187 4322 clamore,
1213 4255 1520 4328 ingentique
1541 4260 1743 4315 ululatu
1767 4264 2061 4319 vociferan-

464 4343 564 4400 tes,
595 4338 904 4408 frequenter
924 4341 1042 4411 ipso
1069 4344 1306 4402 clamore
1328 4346 1517 4416 feram,
1537 4351 1846 4423 priusquam
1876 4355 2062 4410 irrum-

461 4435 572 4494 pat,
601 4428 850 4500 abigunt.
895 4432 1083 4489 Itidem
1123 4445 1179 4491 et
1221 4452 1318 4493 nos
1365 4442 1732 4510 superioribus
1767 4444 1959 4502 diebus
2005 4449 2057 4502 in

463 4516 758 4587 Scriptura,
789 4522 936 4576 velut
972 4524 1024 4578 in
1076 4534 1252 4595 prato,
1295 4527 1541 4586 ludentes
1587 4533 1920 4607 choreasque
1959 4537 2060 4593 du-

462 4617 668 4676 centes,
698 4611 828 4668 nihil
858 4614 910 4668 in
937 4619 1274 4675 enarratione
1298 4623 1570 4692 attigimus
1601 4630 1920 4687 contentiosi
1946 4646 2059 4687 ser-

463 4700 675 4756 monis:
709 4716 776 4758 eo
795 4705 937 4774 quod
962 4707 1141 4762 nullus
1174 4719 1337 4777 esset,
1380 4713 1471 4784 qui
1522 4715 1678 4772 nobis
1722 4719 2054 4789 obturbaret,

459 4801 552 4847 aut
596 4793 856 4851 molestus
893 4806 1056 4854 esset.
1102 4799 1371 4858 Caeterum
1414 4807 1666 4874 quoniam
1716 4809 1875 4867 hodie
1918 4814 2057 4884 lupis

461 4885 711 4941 omnibus
732 4887 984 4943 saeviores
1017 4889 1187 4945 Judaei
1234 4907 1363 4950 oves
1407 4897 1562 4953 nobis
1603 4900 2054 4960 circumvallaturi

459 4984 604 5043 sunt,
624 4976 692 5032 ad
722 4993 928 5049 pugnos
954 4989 1008 5036 et
1047 4997 1278 5053 pugnam
1322 4987 1666 5059 accingamur
1701 5003 1936 5062 oportet,
1987 5011 2056 5052 ne

457 5068 584 5136 quid
616 5069 769 5126 nobis
804 5081 1044 5142 ereptum
1094 5076 1249 5133 cedat
1294 5079 1346 5134 in
1395 5082 1630 5150 praedam
1675 5083 1930 5140 ferarum.
1977 5088 2056 5143 Ne

457 5173 586 5214 vero
619 5162 814 5217 mirum
859 5165 1012 5221 vobis
1057 5167 1334 5237 videatur,
1376 5172 1419 5227 si
1459 5187 1582 5228 cum
1625 5175 1883 5245 jejunium
1923 5179 2052 5234 illttd

457 5259 580 5316 post
605 5251 790 5308 decem
823 5265 878 5310 et
906 5272 972 5312 eo
998 5260 1227 5329 amplius
1249 5261 1364 5318 dies
1391 5273 1676 5320 venturum
1723 5267 1814 5333 sit,
1849 5285 1944 5324 nos
1986 5271 2054 5326 ab

457 5341 560 5399 hoc
589 5345 768 5400 statim
793 5356 1032 5419 tempore
1050 5355 1320 5410 munimus
1341 5365 1395 5412 et
1418 5371 1688 5414 armamus
1717 5361 1922 5418 animas
1957 5381 2052 5420 ve-

454 5444 597 5493 stras
625 5455 638 5490 :
667 5441 1097 5512 quandoquidem
1125 5454 1180 5500 et
1206 5445 1344 5503 inter
1372 5450 1634 5520 agricolas
1652 5453 1741 5522 qui
1772 5455 2052 5524 vigilantes

453 5537 512 5583 et
537 5528 783 5585 industrii
815 5542 957 5600 sunt,
991 5549 1115 5590 cum
1142 5535 1340 5593 habent
1360 5540 1593 5596 vicinum
1623 5551 1935 5614 torrentem,
1961 5549 2049 5618 qtti

521 5703 657 5777 {sic
672 5712 776 5757 tres
801 5714 932 5770 Mss;
956 5713 1250 5777 postremam
1265 5726 1386 5765 vero
1417 5723 1606 5777 partem
1631 5719 1772 5777 tituli,
1795 5719 2054 5774 Antiochiae

636 5766 691 5834 in
722 5781 904 5834 magna
919 5758 2052 5834 '_écc_tes{d;'“ifabéi'eb§&“§§ii7'i’n"'éiiiﬁéi'n'é

456 5823 850 5944 :aelerlgagitur',
894 5831 1112 5894 eiusdem
1133 5823 1795 5906 contraiudices-ordimur:
1836 5823 2052 5896 etut-lviii]

2173 3256 2350 3356 vexat,
2379 3289 2635 3361 laeditque
2655 3302 2912 3363 segetem,
2937 3310 3043 3350 non
3067 3297 3387 3354 adventante
3432 3301 3630 3369 hieme,
3669 3304 3760 3358 sed

2170 3381 2380 3452 tempus
2405 3383 2533 3438 illud
2563 3396 2947 3456 prmvertentes
2978 3398 3032 3444 et
3060 3391 3203 3462 ripas
3242 3393 3544 3464 obsepiunt,
3579 3407 3635 3451 et
3671 3413 3763 3467 ag-

2167 3488 2322 3544 geres
2347 3475 2578 3546 erigunt,
2609 3486 2661 3532 et
2691 3478 2862 3535 fossas
2887 3492 3071 3552 agunt,
3114 3484 3345 3555 denique
3379 3488 3554 3542 modis
3581 3491 3759 3544 omni-

2167 3564 2269 3621 bus
2296 3583 2416 3623 sese
2449 3580 2754 3640 praeparant
2777 3572 3032 3628 adversus
3075 3577 3327 3632 torrentis
3369 3576 3599 3632 futuram
3643 3581 3760 3634 vio-

2167 3657 2408 3714 lentiam.
2443 3660 2576 3715 Dum
2607 3663 2748 3717 enim
2779 3666 3099 3736 tranquillus
3137 3678 3256 3732 est...
3281 3677 3439 3740 atque
3476 3682 3755 3742 angustus,

2167 3748 2326 3805 facile
2352 3759 2435 3805 est
2459 3751 2534 3806 illi
2573 3753 2819 3809 admoliri
2871 3771 3062 3814 manus
3117 3777 3130 3813 :
3183 3775 3366 3814 verum
3411 3771 3756 3833 posteaquam

2166 3840 2413 3908 increvit,
2433 3843 2709 3915 multoque
2736 3862 2996 3917 aquarum
3030 3851 3229 3920 impetu
3267 3851 3434 3907 fertur
3465 3855 3753 3920 violentus,

2165 3950 2273 3988 non
2325 3936 2551 4005 perinde
2592 3938 2748 3996 facile
2787 3951 2870 3996 est
2914 3945 3205 3999 exundanti
3245 3946 3526 4003 obsistere.
3569 3949 3757 4020 quue

2165 4029 2338 4084 multo
2363 4039 2489 4085 ante
2535 4040 2776 4102 tempore
2827 4037 3159 4104 praeveniunt
3206 4039 3347 4094 illius
3392 4041 3751 4110 eruptionem,

2163 4121 2519 4192 undequaque
2545 4135 2910 4193 praeparantes
2944 4127 3200 4198 quidquid
3227 4145 3382 4201 agros
3416 4133 3588 4201 possit
3613 4143 3754 4189 tutos

2163 4213 2411 4269 reddere.
2432 4215 2521 4271 Sic
2540 4225 2594 4272 et
2614 4218 2814 4273 milites
2837 4228 2890 4273 et
2919 4230 3116 4283 nautae,
3148 4230 3203 4277 et
3228 4223 3494 4292 agricola-3,
3527 4234 3582 4279 et
3609 4241 3752 4280 mes-

2162 4323 2314 4363 sores
2347 4307 2524 4365 facere
2565 4323 2980 4368 consueverunt.
3020 4313 3294 4385 Siquidem
3340 4317 3538 4372 milites
3574 4318 3750 4387 prius-

2162 4414 2322 4468 quam
2351 4401 2529 4456 vcniat
2568 4402 2837 4473 pugnandi
2879 4411 3107 4473 tempus,
3149 4417 3202 4460 et
3233 4407 3501 4462 thoracem
3539 4407 3751 4463 abster—

2160 4503 2314 4561 gnnt,
2348 4503 2400 4548 et
2426 4503 2634 4549 scutum
2665 4495 3129 4564 circumSpiciunt,
3162 4505 3217 4552 et
3261 4497 3440 4553 frenos
3468 4510 3746 4568 apparant,

2161 4593 2410 4655 ethuos
2437 4587 2584 4640 omni
2621 4587 2896 4658 diligentia
2935 4589 3193 4652 nutriunt,
3235 4597 3536 4659 cmteraque
3573 4593 3748 4644 omnia

2162 4684 2308 4731 recte
2333 4677 2724 4746 diligenterque
2747 4687 2958 4734 curant.
2991 4679 3249 4734 Similiter
3277 4689 3332 4736 et
3359 4690 3536 4736 nautre
3575 4684 3750 4751 prius-

2160 4783 2318 4837 quam
2345 4769 2521 4822 navim
2545 4771 2596 4823 in
2630 4779 2841 4844 portum
2863 4771 3166 4838 detrahant,
3203 4782 3256 4827 et
3299 4774 3533 4828 carinam
3584 4789 3750 4844 appa-

2161 4871 2303 4927 rant,
2327 4871 2378 4916 et
2407 4861 2709 4917 instaurant
2747 4863 2935 4930 latera,
2979 4873 3032 4918 et
3075 4879 3253 4919 remos
3291 4864 3493 4930 dolant,
3531 4873 3590 4919 et
3637 4866 3750 4918 vela

2159 4954 2554 5017 consarcinant,
2591 4953 2824 5024 denique
2864 4955 3120 5025 quidquid
3166 4963 3424 5024 praeterea
3471 4955 3537 5009 ad
3587 4954 3751 5030 totius

2160 5044 2309 5097 navis
2333 5051 2656 5098 armaturam
2685 5045 2936 5113 pertinet,
2969 5044 3254 5114 diligenter
3281 5053 3569 5099 accurant:
3602 5060 3749 5100 mes-

2157 5150 2309 5191 sores
2346 5135 2471 5190 item
2515 5135 2696 5190 multis
2732 5146 2857 5190 ante
2891 5135 3079 5192 diebus
3121 5146 3176 5192 et
3217 5135 3384 5190 falces
3429 5147 3650 5201 acuunt,
3699 5148 3743 5192 et

2156 5243 2335 5283 arcam
2368 5237 2697 5300 praeparant,
2749 5229 2916 5285 boves
2966 5230 3094 5285 item
3134 5238 3189 5284 et
3225 5244 3463 5295 currum,
3514 5231 3744 5286 breviter

2157 5320 2410 5392 quidquid
2436 5320 2567 5390 ipsis
2590 5319 2659 5375 ad
2684 5334 2915 5376 messem
2945 5330 3001 5376 et
3026 5317 3268 5375 trituram
3297 5320 3636 5376 conducibile
3659 5322 3745 5390 ju-

2155 5413 2353 5468 dicant.
2383 5411 2494 5468 lmo
2520 5411 2704 5468 videas
2757 5426 2948 5470 omnes
2995 5410 3263 5479 homines,
3310 5411 3356 5466 si
3391 5411 3519 5481 quid
3566 5427 3745 5466 rerum

2157 5507 2419 5578 agendum
2447 5515 2549 5573 est,
2577 5508 2727 5578 prius
2748 5505 2814 5559 ad
2833 5520 2925 5561 eas
2955 5515 3271 5575 apparatum
3311 5504 3510 5572 facere,
3542 5515 3600 5560 ut
3627 5521 3746 5560 cum

2155 5601 2436 5657 advenerit
2465 5602 2539 5656 rei
2569 5598 2820 5672 gerendae
2841 5610 3073 5672 tempus,
3097 5598 3252 5656 facile
3280 5600 3586 5666 conficiant,
3605 5599 3744 5671 quod

2155 5703 2240 5749 est
2261 5706 2418 5763 opus.

2226 5805 2526 5862 Iudaeorum
2547 5806 2806 5878 jejunium
2833 5805 3064 5877 impium.
3106 5832 3177 5846 -—
3215 5803 3325 5860 Hos
3360 5803 3521 5876 igitur
3551 5809 3606 5855 et
3647 5813 3741 5853 nos

2159 5899 2446 5965 imitantes,
2483 5899 2666 5955 multis
2709 5909 2838 5956 ante
2882 5897 3070 5952 diebus
3108 5894 3503 5966 praemunimus
3535 5893 3736 5946 animas
