3920 6360
148 335 241 392 87!
1368 335 1739 397 ADVERSUS
1772 339 2079 397 JUDEOS.
2120 338 2209 393 IV.

150 470 257 522 του·
305 451 422 507 νυνὶ
469 451 526 506 δέ
556 449 734 517 οὐδείς
777 468 869 524 μοι
906 451 1037 525 περὶ
1076 451 1270 527 καιροῦ
1310 453 1495 524 λόγος,
1525 456 1713 529 ἐπειδὴ

147 533 262 591 οὐδὲ
278 534 356 606 τῷ
386 534 503 604 Θεῷ
528 574 543 598 ,
574 534 825 607 καθάπερ
862 535 1255 608 ἀπεδείξαμεν,
1289 538 1414 591 ἐπεὶ
1453 540 1548 594 κα)⁵
1574 540 1715 612 ὑπὲρ

145 618 325 673 τούτου
369 617 599 680 πολλοὺς
633 618 884 689 ἀνήλωσα
910 620 1102 690 λόγους
1122 639 1138 654 ·
1166 622 1304 677 ἀλλὰ
1336 622 1394 677 ἐν
1426 623 1586 694 μόνον
1614 624 1711 695 ζη-

143 701 251 767 τῶ,
277 701 428 764 ὅπως
455 702 514 754 ἐν
545 702 736 773 ειρήνῃ
780 703 875 756 καὶ
922 705 1143 777 ὁμονοίᾳ
1178 705 1395 760 ἅπαντα
1443 705 1711 777 ποιῶμεν,

142 786 282 847 ὅπως
319 783 422 855 μὴ,
452 784 818 855 νηστευόντων
847 787 1004 857 ἡμῶν
1028 788 1121 841 καὶ
1152 788 1248 842 τοῦ
1276 789 1450 860 δήμου
1490 789 1709 854 παντὸς,

143 866 374 921 καὶτῶν
414 866 603 938 ἱερέων
653 867 754 931 τὰς
799 868 986 932 κοινάς
1034 871 1372 941 ποιουμένων
1422 871 1565 943 ὑπὲρ
1614 870 1713 941 τῆς

143 948 457 1020 οἰκουμένης
494 950 816 1022 ἱκετηρίας,
865 953 929 1005 σὺ
987 952 1155 1024 μένῃς
1210 953 1424 1024 μεθύων
1476 954 1572 1007 ἐπὶ
1610 953 1711 1023 τῆς

142 1032 328 1095 οίκίας.
373 1032 652 1102 Ἐννόησον
686 1032 804 1096 πῶς
841 1032 1153 1105 διαϐολικῆς
1190 1035 1348 1089 τοῦτό
1379 1037 1524 1090 ἐστιν
1555 1038 1710 1107 ἐνερ-

142 1114 317 1183 γείας,
360 1114 457 1168 καὶ
505 1113 581 1178 ὡς
615 1114 714 1184 οὐχ
758 1113 815 1168 ἐν
863 1116 1055 1187 μόνον,
1099 1118 1220 1171 οὐδὲ
1257 1117 1383 1185 δύο,
1424 1118 1545 1172 οὐδέ
1583 1118 1711 1189 τρία

144 1196 252 1249 ἐστὶ
294 1194 363 1249 τά
419 1197 832 1268 ἁμαρτήματα,
889 1198 1027 1253 ἀλλὰ
1078 1198 1258 1271 πολλῷ
1307 1200 1497 1255 πλείω.
1552 1202 1705 1254 Ἀποο

145 1276 307 1348 σχίζει
341 1294 401 1331 σε
447 1280 545 1348 τῆς
592 1280 834 1350 ἀγέλης,
870 1283 965 1335 καὶ¹
1019 1282 1452 1351 καταγινώσκειν
1500 1300 1561 1336 σε
1603 1301 1709 1338 πα-

147 1361 462 1431 ρασκευάζει
495 1362 748 1433 πατέριον
774 1364 1076 1432 τοσούτων,
1118 1368 1200 1427 είς
1235 1366 1567 1434 φιλονεικίαν
1612 1369 1711 1438 ἐμ-

144 1442 316 1495 όάλλει
335 1485 350 1509 ,
400 1444 538 1515 πρὸς
577 1444 859 1507 Ἰουδαίους
882 1445 1016 1500 ώθεῖ
1037 1486 1052 1511 ,
1090 1448 1384 1504 σκάνδαλόν
1418 1466 1478 1501 σε
1510 1445 1576 1502 αῦ
1606 1450 1711 1504 πά-

144 1524 220 1578 λιν
245 1525 532 1597 προτίθησι
557 1528 654 1580 καὶ
682 1530 795 1591 τοῖς
839 1528 1061 1593 οἰκείοις
1096 1530 1192 1583 καὶ
1231 1533 1344 1593 τοῖς
1389 1530 1705 1602 ἀλλοτρίοις.

146 1605 258 1670 Πῶς
285 1607 394 1678 γάρ
417 1607 757 1679 δυνησόμεθα
786 1611 1039 1679 ἐγκαλεῖν
1071 1613 1301 1676 ἐκείνοις
1342 1603 1591 1683 μένουσιν
1618 1615 1710 1667 ἐπ)⁸

143 1688 234 1758 τῆς
285 1691 461 1753 οἰκίας
489 1730 504 1755 ,
550 1691 681 1747 ὅταν
743 1693 806 1746 σὺ
860 1694 994 1763 πρὸς
1045 1695 1286 1759 ἐκείνους
1336 1696 1578 1768 τρέχῃς;
1630 1695 1708 1751 Οὐ

144 1771 300 1825 ταῦτα
331 1772 387 1827 δέ
436 1773 597 1844 μόνον
644 1775 762 1829 ἐστὶ
810 1777 878 1831 τά
909 1778 1286 1849 ἁμαρτήματα
1308 1819 1322 1841 ,
1360 1780 1473 1833 ἀλλ’
1507 1781 1587 1833 ὅτι
1618 1782 1711 1833 καί

148 1856 341 1926 μεγάλη
371 1856 545 1930 βλάᾶη
582 1858 777 1928 γένοιτ’
813 1859 901 1924 ἂν,
942 1862 1072 1914 ὅταν
1100 1863 1239 1932 μήτε
1277 1862 1539 1933 Γραφῶν,
1571 1864 1711 1932 μήτε

145 1939 394 2007 συνόδων,
434 1943 578 2012 μήτε
629 1942 909 2011 εὐλογίας,
952 1945 1091 2015 μήτε
1127 1943 1321 1999 κοινῶν
1366 1944 1541 2016 εὐχῶν
1576 1946 1712 1999 ἀπο-

145 2020 297 2093 λαύῃς
322 2024 378 2076 ἐν
404 2026 527 2088 ταῖς
555 2025 829 2095 νηστείαις
854 2027 1090 2091 ἐκείναις
1109 2068 1125 2094 ,
1153 2026 1289 2081 άλλά
1314 2028 1452 2099 μετά
1473 2028 1709 2101 πονηροῦ

148 2106 425 2171 συνειδότος
447 2107 666 2162 ἅπαντα
685 2107 873 2162 τοῦτον
892 2109 1083 2182 διάγῃς
1103 2110 1193 2164 τὸν
1218 2111 1429 2181 χρόνον,
1456 2111 1710 2175 δεδοικὼς

146 2188 227 2240 καὶ
258 2189 474 2262 τρέμων
512 2191 585 2262 μὴ
616 2191 749 2264 γένῃ
782 2192 1127 2264 κατάφωρος,
1160 2194 1411 2265 καθάπερ
1442 2211 1527 2257 τις
1554 2194 1708 2247 άλλόσ

148 2271 294 2338 φυλος
337 2275 429 2328 καὶ
475 2274 807 2345 ἀλλογενὴς,
838 2275 955 2328 δέον
1012 2277 1148 2347 μετά
1190 2278 1537 2348 παρρησίας,
1588 2277 1708 2345 μεθ’

148 2354 356 2425 ἡδονῆς,
404 2357 549 2427 μετά
581 2357 946 2429 εὐφροσύνης,
992 2359 1109 2430 μετ’
1139 2360 1454 2429 ἐλευθερίας
1489 2360 1708 2429 ἁπάσης

148 2440 283 2508 κοινῇ
336 2438 473 2508 μετά
519 2439 619 2509 τῆς
663 2440 988 2510 Ἐκκλησίας
1034 2442 1210 2496 πάντα
1249 2442 1534 2496 ἐπιτελεῖν.
1572 2442 1707 2495 Οὐδέ

147 2520 242 2593 γὰρ
263 2523 294 2591 ή
318 2522 613 2594 Ἐκκλησία
641 2523 848 2595 χρόνων
876 2524 1161 2595 ἀκρίϐειαν
1195 2520 1354 2579 οἶδεν·
1375 2525 1489 2578 ἀλλ’
1517 2525 1707 2596 ἐπειδὴ

149 2602 282 2671 παρά
311 2606 407 2675 τήν
437 2606 619 2677 ἀρχὴν
655 2606 819 2659 πᾶσιν
844 2605 989 2672 ἔδοξε
1018 2610 1128 2670 τοῖς
1159 2606 1399 2678 πατράσι
1438 2607 1705 2679 διῃρημέο

3303 342 3408 397 872

1824 477 1937 524 νοις
1961 460 2096 531 όμοῦ
2133 457 2431 525 συνελθεῖν,
2460 460 2553 513 καὶ
2590 460 2795 532 ταύτην
2824 460 3005 532 ὁρίσαι
3033 462 3132 534 τήν
3165 464 3398 536 ἡμέραν,

1821 542 1919 614 τὴν
1954 544 2277 613 συμφωνίαν
2322 543 2601 614 πανταχοῦ
2646 546 2865 615 τιμῶσα
2894 546 2987 598 καὶ
3013 544 3113 616 τὴν
3149 547 3372 616 ὁμόνοια

1821 624 2114 693 ἀγαπῶσα,
2159 624 2488 690 κατεδέξατο
2512 624 2574 677 τὸ
2604 626 2917 697 ἐπιταχθέν.
2959 627 3082 680 Ὅτι
3118 626 3228 699 γὰρ
3274 627 3400 683 ἀδύ-

1820 706 2032 777 νατονῆ
2062 704 2283 779 ἡμᾶς,ή
2314 706 2529 777 ὑμᾶς,ἢ
2561 706 2749 779 ἕτερον
2774 707 3050 763 ὁντιναοῦν
3078 709 3250 778 αὐτῆς
3279 709 3402 762 ἐπι-

1817 787 2075 843 λαϐέσθαι
2090 788 2191 858 τῆς
2217 789 2488 859 κυριακῆς
2508 788 2740 860 ἡμέρας,
2764 789 2965 854 ἱκανῶς
2987 791 3044 842 ἐν
3060 791 3173 853 τοῖς
3191 789 3401 860 ἐμπρο-

1818 871 1946 923 σθεν
1974 870 2372 924 ἀποδέδεικται.
2428 870 2521 940 Μὴ
2573 870 2753 925 τοίνυν
2799 870 3211 942 σκιομαχῶμεν,
3264 870 3401 941 μηδέ

1817 953 1956 1025 ὑπὲρ
1985 953 2094 1007 τῶν
2126 953 2396 1022 τυχόντων
2428 953 2878 1023 φιλονεικοῦντες,
2904 955 2963 1006 ἐν
2991 956 3105 1017 τοῖς
3142 950 3397 1024 μεγάλοις

1818 1035 2046 1098 ἑαυτοὺς
2093 1034 2580 1105 καταδλάπτωμεν.
2618 1034 2691 1087 Τὸ
2724 1035 2821 1105 μὲν
2851 1034 2961 1106 γὰρ
2988 1033 3123 1104 τῷδε
3173 1035 3207 1105 ἢ
3257 1033 3393 1104 τῷδε

1817 1117 1995 1189 χρόνῳ
2045 1117 2340 1188 νηστεῦσαι
2373 1119 2472 1171 οὐκ
2517 1118 2787 1189 ἔγκλημα,
2824 1118 2885 1172 τὸ
2935 1119 2991 1172 δὲ
3043 1119 3226 1188 σχίσαι
3270 1118 3393 1169 Ἐκ-

1816 1200 2067 1269 κλησίαν,
2101 1200 2194 1253 καὶ
2227 1200 2543 1268 φιλονείκως
2568 1200 2899 1271 διατεθῆναι,
2927 1202 3020 1254 καὶ
3050 1198 3393 1269 διχοστασίας

1817 1285 2088 1355 ἐμποιεῖν,
2125 1283 2222 1335 καὶ
2249 1284 2350 1354 τῆς
2379 1283 2599 1337 συνόδου
2633 1283 2895 1353 διηνεκῶς
2942 1282 3133 1335 ἐαυτὸν
3159 1283 3394 1334 ἀποστε-

1817 1370 1952 1438 ρεῖν,
1980 1366 2364 1435 ἀσύγγνωστον
2398 1366 2492 1418 καὶ
2518 1364 2852 1436 κατηγορίας
2868 1365 3037 1430 ἄξιον,
3067 1365 3162 1418 καὶ
3194 1363 3391 1433 πολλὴν

1816 1452 1930 1522 ἔχει
1960 1451 2059 1522 τὴν
2094 1449 2382 1520 τιμωρίαν.
2403 1449 2563 1519 Ἐνῆν
2588 1450 2685 1519 μέν
2706 1444 2799 1503 οῦν
2825 1449 2918 1504 καὶ
2944 1448 3165 1502 πλείονα
3188 1447 3393 1500 τούτων

1815 1536 2011 1597 εἰπεῖν,
2054 1531 2190 1586 ἀλλά
2235 1534 2349 1594 τοῖς
2382 1532 2479 1602 μὲν
2507 1531 2839 1603 προσέχουσι
2868 1531 2964 1585 καὶ
3004 1530 3073 1583 τὰ
3125 1528 3394 1599 εἰρημένα

1814 1620 1995 1689 ἀρκεῖ,
2031 1620 2144 1679 τοῖς
2174 1616 2230 1669 δέ
2271 1617 2343 1687 μὴ
2375 1617 2734 1685 προσέχουσιν
2763 1614 2884 1667 οὐδέ
2916 1616 2963 1667 εί
2995 1614 3167 1666 πλείω
3190 1610 3394 1664 τούτων

1816 1700 2053 1771 λεχθείη,
2088 1699 2242 1753 ἔσται
2272 1718 2322 1754 τι
2346 1699 2527 1752 πλέον.
2554 1700 2757 1770 Διόπερ
2789 1697 3024 1752 ἐνταῦθα
3051 1695 3395 1749 καταλύσαν-

1815 1800 1907 1847 τες
1925 1783 2015 1837 τὸν
2039 1783 2219 1851 λόγον,
2253 1786 2403 1854 κοινῇ
2440 1782 2644 1846 πάντες
2676 1781 2962 1853 εὐξώμεθα
2989 1779 3114 1842 τοὺς
3131 1777 3393 1847 ἀδελφοὺς

1813 1868 1941 1930 τοὺς
1976 1866 2281 1937 ἡμετέρους
2316 1864 2634 1919 ἐπανελθεῖν
2677 1864 2814 1935 πρὸς
2848 1864 3019 1934 ήμᾶς,
3056 1861 3153 1914 καὶ
3181 1856 3279 1931 τὴν
3318 1859 3396 1911 εί-

1819 1952 1987 2020 ρήνην
2030 1948 2416 2012 ἀσπάσασθαι,
2479 1949 2571 2001 καὶ
2617 1948 2717 2017 τῆς
2772 1946 3006 2017 ἀκαίρου
3062 1940 3391 2013 φιλονεικίας

1816 2031 2141 2101 ἀποστῆναι,
2197 2032 2291 2083 καὶ
2337 2031 2435 2101 τῆς
2463 2030 2803 2101 ψυχρότητος
2856 2028 3058 2099 ταύτης
3090 2022 3394 2092 καταγελά-

1817 2133 2037 2179 σαντας,
2079 2113 2289 2184 ὑψηλήν
2335 2129 2458 2165 τινα
2516 2113 2609 2165 καὶ
2644 2111 2889 2182 μεγάλην
2922 2110 3106 2164 λαϐεῖν
3134 2107 3391 2168 διάνοιαν,

1816 2199 1910 2252 καὶ
1948 2198 2048 2267 τῆς
2090 2197 2200 2249 τῶν
2250 2192 2888 2267 ήμερῶνάπαλλαγῆναι
2934 2192 3390 2265 παρατηρήσεως,

1816 2283 1903 2335 ἵνα
1934 2280 2277 2349 ὁμοθυμαδὸν
2325 2279 2526 2342 πάντες
2562 2281 2618 2331 ἐν
2676 2280 2757 2331 ἐνὶ
2796 2277 3026 2348 στόματι
3082 2273 3393 2342 δοξάζωμεν

1813 2365 1904 2417 τὸν
1934 2364 2065 2416 Θεδν
2099 2362 2193 2415 καὶ
2225 2362 2446 2432 Πατέρα
2475 2361 2568 2413 τοῦ
2615 2361 2821 2431 Κυρίου
2850 2360 3007 2430 ήμῶν
3058 2355 3231 2428 Ἰησοῦ
3261 2353 3393 2425 Χρι-

1814 2445 1963 2510 στοῦ,
2079 2442 2395 2514 ήδόξα’καὶ
2431 2444 2492 2496 τὸ
2526 2443 2747 2515 κράτος,
2775 2441 2869 2495 νῦν
2896 2442 2989 2495 καὶ
3022 2440 3142 2505 ἀεὶ,
3180 2437 3275 2491 καὶ
3311 2436 3392 2499 είς

1812 2532 1937 2591 τοὺς
1970 2528 2172 2591 αἰῶνας
2207 2527 2313 2579 τῶν
2353 2526 2585 2581 αἰώνων.
2629 2526 2822 2596 Ἀμήν.

156 2926 296 3003 [616]
342 2942 369 2972 ι
421 2930 567 2986 ΤΟΥ
604 2929 839 2984 ΑΥΤΟΥ
888 2928 1080 2982 ΚΑΤΑ
1127 2925 1447 2981 ΙΟΥΔΑΙΩΝ
1468 2967 1484 2993 ,
1525 2928 1631 2981 ΕΙΣ
1672 2928 1805 2981 ΤΑΣ
1839 2928 2223 2982 ΣΑΛΠΙΓΓΑΣ
2261 2930 2398 2983 ΤΟΥ
2436 2929 2666 2983 ΠΑΣΧΑ
2705 2925 2955 2981 ΑΥΤΩΝ.
2995 2924 3271 2980 ΕΔΕΧΘΗ
3309 2924 3390 2978 ΔΕ

1017 3020 1109 3073 ΕΝ
1147 3019 1520 3092 ΑΝΤΙΟΧΕΙᾼ
1559 3021 1650 3073 EN
1687 3021 1781 3092 Τῌ
1822 3019 2107 3091 ΜΕΓΑΛῌ
2146 3020 2522 3089 ΕΚΚΑΗΣΙᾼ.

668 3271 860 3338 Λόγος
892 3273 1192 3341 τέταρτος.

212 3359 275 3406 α’.
293 3352 455 3407 Πάλιν
474 3354 531 3406 οἱ
554 3350 773 3406 δείλαιοι
801 3354 894 3406 καὶ
925 3355 1142 3409 πάντων
1173 3354 1480 3427 ἀνθρώπων
1512 3355 1713 3413 ἀθλιώ-

153 3451 282 3507 τεροι
308 3437 598 3508 νηστεύειν
644 3434 933 3506 μέλλουσιν
961 3438 1226 3503 Ἰουδαῖοι,
1249 3439 1345 3491 καὶ
1364 3438 1527 3493 πάλιν
1545 3440 1713 3509 ἀσφα-

155 3517 380 3574 λίσασθαι
402 3521 506 3589 τὴν
542 3519 637 3573 τοῦ
667 3519 908 3591 Χριστοῦ
945 3521 1182 3591 ποίμνην
1208 3522 1525 3589 ἀναγκαῖον.
1562 3524 1714 3576 Ἐπεὶ

155 3602 237 3654 καὶ
260 3604 534 3675 ποιμένες,
554 3600 660 3666 ἕως
696 3604 794 3673 μὲν
833 3601 900 3657 ἂν
936 3604 1104 3675 μηδὲν
1136 3604 1328 3675 ἐνοχλῇ
1364 3604 1574 3675 θηρίον,
1608 3606 1714 3659 ὐπὸ

156 3682 321 3756 δρῦνῆ
348 3685 567 3756 πεύκην
600 3685 829 3749 ἑαυτοὺς
863 3686 1119 3756 ῥίψαντες
1148 3686 1227 3758 τῷ
1276 3688 1511 3759 καλάμῳ
1565 3689 1716 3761 συρί-

157 3765 343 3832 ζουσιν,
381 3769 619 3838 ἀφέντες
664 3767 752 3821 ἐπ’
798 3767 1049 3834 ἐξουσίας
1078 3769 1297 3842 ἀπάσης
1349 3770 1418 3824 τὰ
1465 3770 1717 3841 πρόϐατα

155 3850 418 3919 νέμεσθαι·
450 3850 679 3924 ἐπειδάν
710 3850 768 3904 δέ
810 3851 992 3904 λύκων
1026 3852 1376 3924 καταδρομὴν
1420 3852 1712 3907 αἴσθωνται

156 3933 444 4003 γινομένην,
466 3933 685 4004 ταχέως
704 3932 797 3985 τὸν
821 3933 1073 4004 κάλαμον
1106 3934 1380 4004 ῥίψαντες,
1418 3937 1517 4006 τὴν
1556 3952 1717 4004 σφεν-

156 4010 293 4085 δόνην
324 4014 815 4087 μεταχειρίζονται,
837 4017 930 4069 καὶ
963 4018 1061 4089 τὴν
1093 4015 1330 4088 σύριγγα
1357 4018 1607 4086 ἀφέντες,
1628 4020 1718 4089 ῥο-

157 4094 329 4160 πάλοις
364 4099 457 4152 καὶ
489 4096 662 4161 λίθοις
712 4099 942 4162 ἑαυτοὺς
998 4099 1423 4164 καθοπλίζουσι,
1481 4089 1577 4153 καὶ
1609 4100 1718 4170 πρὸ

158 4176 242 4248 τῆς
268 4181 495 4253 ποίμνης
532 4181 777 4245 στάντες,
806 4182 901 4235 καὶ⁵
940 4182 1082 4253 μέγα
1118 4184 1213 4236 καὶ
1263 4181 1548 4251 διωλύγιον
1600 4182 1717 4235 ὀλο-

158 4258 391 4327 λύξαντες
417 4266 467 4331 δ,
501 4266 572 4335 τῇ
609 4268 761 4335 φωνῇ
794 4265 1055 4329 πολλάκις
1084 4266 1192 4336 πρὸ
1221 4265 1319 4335 τῆς
1348 4264 1511 4335 βολῆς
1529 4266 1590 4319 τὸ
1620 4266 1717 4335 θη-

162 4347 260 4415 ρίον
301 4348 610 4421 ἀπήλασαν.
665 4347 821 4403 οὕτω
858 4349 922 4418 δὴ
971 4350 1065 4403 καὶ
1115 4350 1276 4419 ήμεῖς
1327 4351 1385 4402 ἐν
1448 4349 1547 4420 μὲν
1597 4351 1718 4412 ταῖς

159 4427 443 4502 ἔμπροσθεν
478 4433 742 4504 ἡμέραις,
793 4430 982 4504 ὥσπερ
1009 4434 1068 4485 ἐν
1104 4430 1334 4502 λειμῶνι
1357 4448 1488 4496 τινι,
1515 4434 1581 4504 τῇ
1609 4431 1719 4486 τῶν

160 4509 368 4582 Γραφῶν
392 4516 648 4587 διηγήσει
682 4516 1036 4587 σκιρτῶντες,
1054 4515 1266 4579 οὐδενὸς
1287 4514 1552 4586 ἡψάμεθα
1573 4516 1718 4584 ἀγω-

160 4598 381 4652 νιστικοῦ
432 4599 596 4668 λόγου
618 4616 633 4630 ·
663 4600 841 4662 οὐδεὶς
881 4598 992 4670 γάρ
1024 4593 1093 4670 ἦν
1129 4600 1261 4670 ήμῖν
1313 4602 1341 4653 ό
1392 4598 1714 4669 διενοχλῶν·

161 4676 327 4750 ἐπειδὴ
356 4682 413 4735 δέ
440 4684 684 4755 σήμερον
710 4682 761 4735 οί
812 4682 994 4736 λύκων
1045 4682 1302 4735 ἁπάντων
1345 4680 1719 4752 χαλεπώτεροι

173 4756 391 4817 Ἰουδαῖοι
416 4764 800 4836 περιίστασθαι
831 4765 992 4837 ήμῶν
1015 4765 1084 4819 τά
1116 4764 1366 4836 πρόϐατα
1397 4763 1681 4833 μέλλουσιν
1702 4801 1717 4824 ,

165 4839 356 4917 ἀνάγκη
397 4849 688 4902 πυκτεύειν
713 4848 809 4901 καὶ
840 4847 1133 4919 μάχεσθαι,
1172 4847 1321 4910 ὅπως
1364 4846 1537 4918 μηδὲν
1585 4847 1719 4918 ήμῖν

164 4920 476 5003 θηριάλωτον
522 4932 770 5001 γένηται.
806 4932 919 4985 Καὶ
969 4931 1044 5003 μὴ
1097 4930 1438 5001 θαυμάσητε,
1475 4930 1524 4982 εί
1582 4928 1720 4999 μετὰ

163 5002 282 5061 δέκα
306 5012 395 5064 καὶ
408 5011 628 5076 πλείους
644 5013 881 5084 ἡμέρας,
911 5015 1011 5084 τῆς
1031 5002 1290 5084 νηστείας
1310 5013 1526 5083 ἐκείνης
1552 5013 1721 5066 ἀπαν-

163 5089 250 5157 τᾷν
275 5092 587 5166 μελλούσης,
620 5098 783 5167 ήμεῖς
821 5095 1071 5151 ἐντεῦθεν
1116 5096 1220 5168 ἤδη
1252 5094 1716 5167 καθοπλιζόμεθα,

164 5172 248 5226 καὶ
289 5178 726 5249 περιφράττομεν
769 5178 871 5243 τάς
898 5179 1172 5251 ὑμετέρας
1216 5178 1416 5251 ψυχὰς,
1463 5180 1587 5233 ἐπεὶ
1626 5181 1721 5234 καὶ

164 5254 259 5309 τῶν
307 5260 562 5337 γεωργῶν
583 5263 633 5316 οί
690 5261 989 5332 φιλόπονοι,
1022 5262 1247 5317 ἐπειδὰν
1284 5263 1453 5333 εχωσι
1501 5262 1719 5332 γείτονα

164 5340 446 5417 Χείμαρῤον
492 5347 884 5423 παρασύροντα
919 5347 1021 5413 τὰς
1064 5344 1363 5418 γεωργίας,
1396 5346 1498 5401 οὐκ
1553 5348 1612 5400 ἐν
1643 5345 1720 5416 τῷ

236 5510 661 5595 1.339998,
693 5524 994 5595 Ροειτειρεσι
1012 5532 1135 5595 νεξτο
1160 5523 1369 5595 ,υνδερ
1384 5518 1719 5595 ,ιίὲιξέιέλέξιθη

165 5568 558 5648 ἒέ.¹ν.ῘΑνῖιρκείειι
584 5568 723 5648 ἔνι’τῇ
740 5568 1207 5648 μὰᾶλῄθέκκλῇσίέι
1251 5580 1403 5648 habet
1422 5581 1594 5648 .eéiam.
1631 5568 1721 5648 Sa:

270 5629 523 5707 Ῐρβάξιῖἧζι
535 5629 570 5707 ξ
590 5629 1285 5707 Μοῖείίῖέςὶἷυιῖτοῦαύτοῦ
1320 5642 1447 5690 κατὰ.
1477 5640 1721 5691 Ἰουδαίων

158 5693 854 5788 *"’I°‘1£I:.°LEEMLP:92193-

301 5770 322 5804 l‘

156 5764 376 5873 es
402 5776 515 5815 mss'
563 5764 892 5827 ἀλαλάξαντες,
931 5767 1082 5818 SaVil.
1118 5764 1291 5816 Morel.
1337 5771 1389 5816 ει
1421 5764 1507 5816 alii
1550 5764 1716 5814 ὀλολύ-

1815 3236 1992 3345 καιρῷ
2035 3270 2130 3325 τοῦ
2171 3267 2462 3340 χειμῶνος,
2510 3266 2646 3321 ἀλλὰ
2678 3266 2784 3337 πρὸ
2821 3266 2921 3335 τῆς
2954 3263 3106 3335 ῶρας
3155 3261 3391 3332 ἐκείνης,

1815 3358 1908 3411 καὶ
1935 3354 2102 3426 ὄχθας
2126 3370 2192 3406 πε
2202 3352 2576 3424 ριφράττουσι,
2608 3350 2701 3405 καὶ
2728 3346 2960 3419 χώματα
2989 3345 3284 3419 ἐγείρουσι,
3301 3349 3396 3399 καὶ

1812 3440 2054 3510 τάφρους
2088 3435 2394 3498 ἐλαύνουσι,
2453 3433 2548 3487 καὶ
2604 3433 2766 3486 παντὶ
2822 3431 2960 3501 πρὸς
3005 3428 3167 3483 αὐτὸν
3221 3445 3398 3499 παρα-

1816 3519 2173 3585 σκευάζονται
2193 3518 2398 3589 τρόπῳ.
2441 3515 2802 3586 Ἠσυχάζοντι
2838 3513 2936 3585 μὲν
2964 3512 3075 3580 γὰρ
3106 3512 3201 3567 καὶ⁵
3233 3526 3397 3564 κατε-

1816 3605 2103 3676 σταλμένῳ
2134 3602 2315 3673 ῥᾴδιον
2349 3599 2658 3661 ἐπιθέσθαι,
2711 3597 2998 3668 αὐξομένῳ
3039 3597 3097 3649 δὲ
3127 3599 3223 3648 καὶ
3258 3594 3397 3676 μετά

1816 3687 2017 3757 πολλῆς
2052 3684 2339 3757 φερομένῳ
2389 3682 2490 3753 τῆς
2541 3682 2648 3734 τῶν
2688 3680 2899 3734 ὑδάτων
2944 3678 3158 3750 ῥύμης,
3213 3675 3395 3732 οὐκέθ’

1815 3772 2017 3841 ὁμοίως
2048 3769 2270 3822 εῦκολον
2295 3767 2563 3836 ἀπαντᾷν.
2589 3764 2686 3818 Διά
2714 3762 2874 3817 τοῦτο
2907 3762 3202 3833 φθάνουσιν
3229 3757 3396 3814 αὐτοῦ

1816 3856 1912 3919 τάς
1940 3852 2199 3915 ἐπιϐολάς
2225 3861 2247 3890 ο
2283 3849 2391 3922 πρὸ
2440 3847 2635 3902 πολλοῦ
2667 3846 2762 3901 τοῦ
2794 3846 3012 3918 χρόνου,
3050 3847 3231 3900 πᾶσαν
3262 3860 3399 3897 παν-

1816 3938 2046 4011 ταχόθεν
2078 3934 2423 3998 ἐπινοοῦντες
2457 3933 2781 4003 ἀσφάλειαν.
2813 3930 2973 3986 Οῦτω
3013 3931 3108 3983 καὶ
3135 3926 3399 4011 στρατιῶ-

1816 4009 2023 4077 ταικαῖ
2042 4020 2236 4074 ναῦται
2261 4020 2356 4072 καὶ
2394 4017 2632 4087 γεωργοὶ
2672 4015 2764 4069 καὶ
2794 4012 3043 4085 θερισταὶ
3075 4014 3250 4065 ποιεῖν
3272 4009 3398 4063 είώ-

1819 4108 1964 4161 θασι.
1993 4106 2102 4159 Καὶ
2135 4104 2244 4175 γάρ
2279 4103 2477 4155 ἐκεῖνοι
2513 4100 2620 4172 πρὸ
2673 4098 2768 4152 τοῦ
2812 4094 3010 4168 καιροῦ
3064 4096 3165 4165 τῆς
3219 4093 3399 4164 μάχης

1819 4190 1912 4242 καὶ
1932 4188 2159 4258 θώρακα
2190 4185 2591 4254 άποσμήχουσι,
2612 4181 2707 4233 καὶ
2743 4179 2945 4234 ἀσπίδα
2977 4175 3396 4249 περισκοποῦσι,

1820 4271 1913 4325 καὶ
1941 4269 2196 4341 χαλινοὺς
2228 4263 2734 4336 παρασκευάζουσι,
2774 4263 2869 4315 καλ⁵
2909 4262 3109 4324 ἵππους
3136 4260 3398 4331 τρέφουσι

1822 4353 1963 4423 μετά
2017 4350 2218 4421 πολλῆς
2269 4350 2368 4418 τῆς
2410 4347 2749 4418 ἐπιμελείας,
2795 4346 2892 4399 καὶ
2932 4344 3002 4397 τὰ
3041 4342 3176 4398 ἄλλα
3222 4342 3402 4395 πάντα

1820 4432 1878 4490 εῦ
1928 4433 2278 4489 διατίθενται.
2313 4432 2424 4487 Καὶ
2455 4430 2670 4493 ναῦται,
2721 4430 2850 4500 πρὶν
2883 4428 2917 4499 ἢ
2969 4428 3030 4482 τὸ
3064 4427 3272 4496 σκάφος
3321 4426 3401 4487 εἰς

1818 4507 2016 4591 λιμένα
2057 4515 2415 4579 καθελκύσαι,
2455 4515 2550 4568 καὶ
2585 4512 2779 4582 τρόπιν
2830 4510 3275 4576 ἐπισκευάζουσι,
3308 4509 3403 4561 καὶ

1818 4603 2033 4673 τοίχους
2071 4598 2379 4660 ἀνανεοῦσι,
2422 4598 2515 4651 καὶ
2554 4595 2745 4659 κώπας
2771 4594 3086 4662 άποξέουσι,
3131 4593 3225 4647 καὶ
3257 4592 3401 4645 ἱστία

1822 4688 2109 4757 ῥάπτουσι,
2140 4684 2235 4738 καὶ
2279 4681 2379 4755 τήν
2432 4680 2600 4752 ἄλλην
2634 4678 2854 4734 ἃπασαν
2888 4677 2984 4731 τοῦ
3015 4676 3201 4731 πλοίου
3230 4692 3400 4731 κατα-

1821 4769 2026 4840 σκευὴν
2060 4766 2497 4839 εὐτρεπίζουσιν.
2538 4764 2651 4817 Καὶ
2679 4761 2931 4833 θερισταὶ
2970 4762 3028 4816 δὲ
3059 4760 3262 4832 ὁμοίως
3295 4759 3403 4829 πρὸ

1821 4851 2032 4907 πολλῶν
2057 4850 2167 4905 τῶν
2196 4853 2228 4921 ή
2237 4848 2420 4921 μερῶν
2435 4848 2530 4901 καὶ
2550 4847 2825 4917 δρεπάνην
2849 4844 3204 4916 θήγουσι,καὶ
3221 4843 3402 4897 ἆλωνα

1821 4935 2304 5007 παρασκευάζουσι
2337 4934 2433 4987 καὶ
2465 4932 2591 5002 βοῦς
2624 4931 2719 4984 καὶ
2752 4928 2994 5001 ἄμαξαν,
3064 4929 3158 4982 καὶ
3187 4928 3287 4980 ὅσα
3337 4925 3403 4978 ἂν

1824 5017 1977 5091 [617]
1990 5018 2127 5072 ἀλλα
2140 5019 2277 5088 πρὸς
2290 5017 2384 5070 τὸν
2398 5016 2609 5087 άμητον
2624 5016 2809 5077 αὐτοῖς
2819 5012 2847 5053 ἀ
2867 5010 3117 5082 συντελῇ.
3140 5010 3251 5064 Καὶ
3273 5007 3404 5091 πάν-

1819 5089 1917 5165 τας
1948 5089 2274 5170 ἀνθρώπους
2318 5099 2420 5154 ίδοι
2462 5114 2548 5162 τις
2585 5096 2653 5154 ἂν
2686 5096 2791 5167 πρὸ
2819 5094 2915 5149 τοῦ
2948 5092 3140 5167 καιροῦ
3163 5091 3264 5155 τὰς
3291 5089 3401 5142 τῶν

1822 5182 2166 5255 πραγμάτων
2194 5182 2554 5253 ποιουμένους
2583 5177 2963 5250 παρασκευὰς,
2991 5176 3133 5230 ὥστε
3159 5172 3253 5229 τοῦ
3274 5190 3402 5228 και-

1824 5267 1919 5340 ροῦ
1961 5266 2070 5320 τῶν
2106 5265 2447 5337 πραγμάτων
2476 5261 2798 5324 ἐπιστάντος
2842 5258 3063 5315 εὔκολον
3091 5259 3277 5321 αὐτοῖς
3305 5271 3401 5328 γε·

1821 5351 2008 5406 νέσθαι
2034 5351 2134 5422 τὴν
2163 5349 2271 5404 τῶν
2322 5350 2499 5421 ἔργων
2529 5346 2899 5417 ἐκπλήρωσιν.

1893 5434 2128 5498 Τούτους
2159 5432 2224 5503 δὴ
2252 5435 2345 5485 καὶ
2364 5433 2525 5503 ήμεῖς
2555 5430 2905 5501 μιμούμενοι,
2940 5427 3046 5499 πρὸ
3065 5423 3277 5480 πολλῶν
3291 5422 3401 5477 τῶν

1823 5517 2044 5589 ἡμέρων
2069 5516 2168 5578 τάς
2196 5515 2464 5586 ὑμετέρας
2487 5512 2897 5584 ἀσφαλιζόμεθα
2921 5509 3122 5582 ψυχὰς,
3152 5522 3401 5581 παρακαρ

1887 5705 1908 5764 εξ
1935 5701 2164 5764 Quinque
2183 5715 2297 5751 mss.
2322 5701 2405 5757 τὰς
2427 5698 2695 5764 ἐπιδουλέςν
2718 5711 3001 5764 ΡΞΓΡΕΨΨ·

1875 5757 2057 5877 filii:
2077 5757 2189 5814 ἔπιδε.
2219 5765 2433 5825 συντελῇ,
2459 5757 2732 5812 recle.Sed
2749 5757 2917 5811 Μὸιιιί.
2943 5760 2994 5811 In
3012 5757 3275 5813 indicativo
3301 5769 3409 5805 aw-

1825 5839 1875 5875 τε
1894 5843 1960 5877 κει.
2060 5838 2121 5875 I'r.
