3920 6374
194 467 438 522 vestras,
463 453 811 511 exhortantes
838 456 1044 531 vos,'ut
1074 448 1298 518 impium
1346 446 1449 503 hoc
1490 447 1799 505 Judzeorum

198 556 256 602 et
300 547 630 601 sceleratum
649 542 912 614 jejunium
941 540 1176 612 fugiatis.
1205 539 1393 611 Neque
1436 540 1578 595 enim
1620 541 1690 595 ita
1717 541 1801 596 di-

198 639 379 702 xeris,
399 634 687 707 jcjunaut:
723 634 850 705 quin
876 633 1051 703 potius
1076 630 1210 687 illud
1233 631 1365 686 mihi
1387 631 1676 697 ostendito,
1704 645 1802 686 eos

195 746 262 785 ex
317 729 420 784 Dei
466 728 728 783 sententia
776 726 1043 798 jejunare.
1084 724 1236 793 Quod
1292 724 1343 778 ni
1391 724 1443 779 id
1472 723 1582 790 ﬁat,
1614 726 1802 795 quavis

195 820 471 875 ebrietate
496 816 813 874 sceleratius
833 827 916 873 est
933 816 1219 887 jejunium.
1245 815 1432 885 Neque
1457 815 1598 872 enim
1626 816 1800 872 solum

197 909 662 966 considerandum
704 919 786 965 est
830 909 958 980 quid
1003 909 1072 963 ab
1119 908 1237 963 istis
1280 907 1393 973 liat,
1442 924 1628 963 verum
1672 908 1800 964 illud

197 1002 366 1057 etiam
394 1001 812 1070 observandum,
843 1016 1001 1072 quam
1027 1000 1095 1056 ob
1120 1014 1334 1056 causam
1364 1000 1582 1055 faciant.

273 1092 366 1147 Ea:
393 1072 655 1147 voluntate
681 1091 780 1148 Dei
808 1102 915 1146 tum
942 1092 1128 1145 bonum
1172 1100 1277 1145 tum
1315 1090 1507 1146 malum
1544 1092 1800 1162 penditur.

199 1214 270 1225 —
294 1184 520 1239 Etenim
558 1183 702 1253 quod
742 1182 827 1249 lit,
836 1184 988 1252 juxta
1026 1182 1120 1237 Dei
1162 1181 1512 1250 voluntatem,
1560 1181 1804 1252 quamvis

201 1276 458 1331 videatur
485 1275 785 1346 improbum
819 1289 959 1339 esse,
981 1273 1219 1328 omnium
1244 1274 1503 1342 optimum
1530 1280 1630 1327 est.
1659 1273 1802 1327 Con-

204 1378 308 1433 tra,
334 1367 485 1439 quod
513 1367 573 1422 lit
598 1375 792 1438 praeter
818 1365 915 1421 Dei
949 1365 1277 1420 voluntatem
1319 1374 1373 1420 et
1402 1364 1675 1434 placitum,
1703 1364 1803 1420 etsi

203 1467 436 1529 putetur
458 1457 741 1528 optimum,
778 1464 956 1511 tamen
1005 1463 1090 1512 est
1132 1455 1372 1510 omnium
1411 1454 1703 1526 pessimum
1750 1463 1806 1510 et

206 1549 630 1621 iniquissimum.
658 1548 830 1604 Etiam
853 1548 896 1603 si
919 1547 1038 1619 quis
1066 1547 1276 1604 occidat
1295 1547 1589 1613 hominem,
1614 1547 1685 1602 ita
1713 1561 1808 1602 vo-

204 1645 353 1698 lente
374 1642 512 1708 Deo,
544 1644 731 1713 quavis
757 1641 1087 1697 humanitate
1113 1640 1304 1697 melius
1331 1650 1412 1696 est
1448 1640 1550 1696 hoc
1578 1640 1805 1695 homici-

205 1738 379 1792 dium.
414 1736 626 1791 Rursus
655 1735 700 1790 si
732 1734 849 1806 quis
881 1743 1082 1805 parcat,
1115 1743 1169 1789 et
1195 1733 1541 1789 humanitatis
1570 1734 1803 1789 officium

205 1829 492 1885 collocarit
520 1829 572 1883 in
600 1829 905 1899 quempiam
928 1834 1125 1899 prater
1157 1826 1248 1882 Dei
1295 1827 1637 1892 sententiam,
1670 1841 1802 1894 qua-

208 1925 288 1978 vis
307 1922 465 1979 caede
492 1921 810 1979 sceleratior
834 1929 917 1977 est
954 1920 1071 1976 haec
1106 1919 1453 1991 indulgentia.
1499 1917 1614 1974 Non
1662 1919 1805 1974 enim

209 2019 321 2086 ipsa
351 2031 538 2071 rerum
568 2025 756 2070 natura
789 2013 912 2069 facit
953 2023 1008 2068 ut
1052 2012 1239 2069 eadem
1278 2012 1362 2068 vel
1402 2011 1540 2068 bona
1578 2013 1687 2067 sint
1724 2011 1807 2066 vel

210 2109 370 2173 mala,
400 2108 498 2164 sed
529 2106 626 2162 Dei
649 2106 921 2176 placitum.

278 2198 335 2251 2.
377 2196 451 2253 Ut
497 2205 678 2251 autem
742 2196 1009 2266 intelligas
1060 2194 1164 2250 hoc
1217 2208 1338 2250 esse
1384 2208 1606 2257 verum,
1660 2191 1804 2246 audi.

214 2291 418 2355 Achab,
445 2304 571 2345 cum
600 2303 779 2359 regem
803 2286 1087 2359 quemdam
1113 2285 1371 2358 Syrorum
1400 2284 1648 2354 cepisset,
1673 2296 1807 2339 con-

212 2392 289 2438 tm
314 2383 408 2438 Dei
436 2382 770 2437 voluntatem
796 2380 944 2436 dedit
970 2380 1165 2445 vitam,
1213 2386 1270 2434 et
1303 2392 1521 2434 assessu
1562 2376 1810 2447 dignatus

214 2484 314 2540 est,
341 2474 583 2544 denique
610 2473 775 2528 multa
809 2488 930 2528 cum
976 2469 1376 2526 honorificentia
1419 2469 1642 2525 dimisit.
1690 2468 1809 2522 Mox

215 2566 478 2637 propheta
506 2564 769 2637 quispiam
787 2564 1069 2631 accedens,
1089 2563 1222 2618 dixit
1247 2564 1315 2617 ad
1341 2561 1440 2617 sibi
1471 2560 1808 2632 proximum:

219 2658 280 2713 In
302 2675 540 2714 sermone
571 2657 776 2712 Domini
802 2664 1002 2729 percute
1038 2671 1156 2722 me;
1202 2653 1291 2710 ille
1331 2669 1446 2709 vero
1489 2652 1652 2707 noluit
1698 2667 1812 2705 eum

218 2763 498 2821 perculere.
530 2750 676 2805 Dixit
704 2750 861 2822 igitur
885 2749 955 2804 ad
988 2748 1135 2804 illum
1161 2746 1278 2804 :Eo
1296 2746 1432 2820 quod
1474 2763 1576 2800 non
1622 2744 1814 2799 audisti

217 2858 382 2896 uocem
406 2840 642 2907 Domini,
671 2857 782 2897 ecce
809 2850 864 2894 tu
889 2839 1087 2894 recedes
1111 2856 1142 2893 a
1167 2855 1267 2903 me,
1295 2847 1342 2893 et
1367 2837 1610 2910 percutiet
1638 2845 1687 2890 te
1712 2835 1810 2889 leo.

222 2934 457 2989 Discessit
491 2935 555 2989 ab
580 2934 691 3001 illo,
717 2942 764 2987 et
792 2933 976 3005 reperit
1001 2949 1112 2987 eum
1135 2931 1230 2996 leo,
1264 2939 1311 2986 et
1337 2929 1600 3002 percussit.
1631 2927 1702 2983 Ac
1728 2944 1812 2982 rc-

220 3026 339 3095 perit
366 3025 538 3080 alium
566 3024 819 3079 hominem
838 3066 852 3090 ,
881 3023 963 3077 cui
991 3023 1118 3077 dixit
1144 3039 1159 3078 :
1194 3025 1415 3080 Percute
1433 3037 1530 3075 me.
1581 3018 1650 3074 Et
1694 3035 1812 3089 per-

219 3119 368 3171 cussit
406 3134 531 3172 eum
572 3117 722 3171 homo
762 3116 872 3182 ille,
914 3115 1293 3186 vulneravitque
1326 3131 1461 3180 eum,
1501 3130 1561 3166 ac
1596 3111 1682 3168 ille
1722 3112 1815 3167 sibi

219 3205 448 3279 obligavit
504 3209 685 3279 faciem
729 3206 805 3280 (5.
838 3206 965 3277 Reg.
993 3206 1084 3262 20.
1134 3206 1352 3276 55οὸ8).
1391 3204 1528 3272 Quid
1565 3204 1668 3259 hoc
1698 3214 1813 3259 stu-

221 3311 344 3366 pore
366 3298 589 3368 dignius
619 3297 730 3352 ﬂeri
780 3297 987 3369 possit?
1027 3295 1127 3365 Qui
1170 3297 1437 3367 percussit
1473 3294 1811 3366 pr0phetam,

221 3389 386 3444 evasit
412 3388 853 3459 incolumiszqui
897 3388 1157 3460 pepercit,
1199 3387 1349 3442 dedit
1396 3401 1580 3457 pinnas
1608 3403 1623 3443 :
1654 3386 1814 3440 nimio

223 3493 333 3532 rum
365 3489 423 3535 ut
469 3479 837 3551 intelligeres,
881 3480 932 3534 in
969 3478 1134 3549 jussis
1179 3477 1373 3533 divinis
1416 3494 1522 3532 non
1563 3487 1816 3547 oportere

223 3571 493 3627 curiosum
518 3586 661 3639 esse,
683 3572 1103 3642 examinareque
1123 3586 1305 3625 rerum
1344 3585 1464 3639 quae
1492 3570 1814 3640 praecipiun-

225 3670 308 3717 tur
353 3674 640 3731 naturatn,
687 3665 784 3721 sed
839 3663 972 3719 nihil
1020 3663 1165 3720 aliud
1215 3678 1375 3735 quam
1421 3665 1813 3734 obtemperare.

225 3752 430 3813 Etenim
466 3772 540 3812 ne
572 3758 718 3828 prior
743 3757 835 3813 ille
863 3759 1068 3813 veritus
1095 3765 1344 3827 parceret
1377 3757 1673 3827 pr0phctre,
1711 3770 1817 3810 non

224 3846 350 3904 dixit
371 3851 444 3905 illi
468 3849 807 3920 simpliciter,
849 3853 1075 3918 Percute
1097 3867 1202 3917 me,
1233 3848 1328 3904 sed
1359 3847 1583 3913 addidit,
1614 3846 1680 3902 In
1710 3863 1817 3901 ser-

226 3956 365 3994 mone
389 3940 602 3996 Domini
627 3956 647 3995 :
668 3941 772 3996 hoc
796 3948 897 4007 est,
932 3940 1076 3996 Deus
1101 3940 1377 4011 pratcepit,
1409 3940 1489 3996 Ne
1515 3953 1696 4010 quaere
1732 3937 1818 3995 ul-

228 4032 388 4087 terius
423 4050 437 4086 :
471 4031 591 4087 Rex
607 4041 692 4087 est
714 4030 806 4102 qui
829 4031 972 4088 hanc
991 4031 1295 4102 praescribit
1322 4031 1489 4101 legem
1522 4030 1820 4086 :Revercre

224 4122 454 4190 jubentis
482 4124 887 4192 auctoritatem,
910 4110 1228 4194 summaque
1259 4137 1382 4179 cum
1430 4122 1595 4177 animi
1638 4137 1820 4193 prom-

228 4216 489 4283 ptitudine
501 4216 836 4287 obtempera.
857 4218 925 4271 At
941 4216 993 4271 id
1022 4214 1198 4270 facere
1220 4228 1329 4270 non
1349 4211 1624 4280 sustinuit,
1647 4225 1820 4280 eoque

230 4320 409 4376 poenas
435 4310 589 4366 dedit
605 4309 976 4380 gravissimas,
1006 4322 1106 4363 suo
1136 4305 1387 4375 exemplo
1427 4312 1674 4376 posteros
1720 4301 1819 4356 ad-

231 4396 468 4472 hortans,
493 4408 555 4457 ut
579 4399 834 4472 quidquid
863 4398 1182 4471 praeceperit
1218 4397 1359 4452 Deus
1379 4437 1394 4462 ,
1425 4395 1475 4451 ei
1510 4409 1606 4465 per
1639 4391 1819 4450 omnia

232 4489 662 4564 obtemperarent
687 4508 1001 4564 moremque
1024 4500 1295 4564 gererent.
1328 4490 1459 4546 Dein
1485 4504 1607 4546 cum
1636 4495 1821 4561 poste-

232 4582 336 4637 rior
371 4585 462 4643 ille
504 4584 860 4657 percussisset
892 4600 1016 4640 eum
1056 4593 1113 4640 et
1150 4582 1514 4648 vulnerasset,
1557 4578 1818 4652 prepheta

232 4673 328 4728 sibi
354 4685 516 4747 caput
538 4677 785 4733 obvinxit
810 4677 951 4743 loro,
972 4685 1029 4732 et
1046 4675 1233 4732 oculos
1253 4673 1483 4738 obtexit,
1512 4672 1744 4745 denique
1764 4670 1818 4727 in

232 4777 342 4820 eam
368 4770 602 4839 speciem
629 4784 754 4827 sese
792 4768 1213 4835 transformavit,
1250 4777 1310 4823 ut
1334 4784 1365 4822 a
1394 4767 1608 4824 nemine
1636 4773 1820 4837 posset

232 4860 459 4925 agnosci.
488 4862 652 4932 Cujus
674 4861 749 4916 rei
778 4862 949 4932 gratia
973 4860 1080 4916 hoc
1105 4860 1262 4916 fecit?
1278 4860 1409 4915 Erat
1434 4858 1818 4929 redarguturus

234 4945 451 5019 Regem,
469 4962 523 5009 et
550 4954 871 5009 sententiam
904 4953 958 5009 in
980 4968 1105 5009 eum
1137 4953 1344 5008 laturus
1372 4952 1442 5009 de
1476 4951 1648 5006 salute
1676 4952 1819 5021 regis

234 5038 419 5112 Syriae.
449 5047 500 5102 Is
526 5047 689 5119 igitur
713 5063 858 5116 cum,
893 5056 948 5102 ut
970 5056 1088 5103 erat
1124 5047 1342 5118 impius,
1374 5061 1591 5118 semper
1634 5045 1814 5101 odium

232 5135 474 5199 gessisset
509 5139 766 5196 adversus
796 5139 1118 5211 prophetas,
1151 5154 1219 5195 ne
1248 5147 1593 5211 conspectum
1639 5139 1815 5210 ipsum

231 5231 281 5276 et
318 5229 552 5299 agnitum
589 5231 659 5288 ab
699 5232 870 5288 oculis
909 5233 1021 5287 suis
1057 5231 1420 5295 submoveret,
1466 5246 1638 5301 eoque
1676 5229 1817 5285 facto

234 5328 331 5370 non
368 5323 628 5395 reciperet
656 5326 1076 5393 correctionem,
1107 5325 1252 5380 velut
1279 5324 1536 5394 propheta
1576 5323 1734 5378 simul
1764 5332 1819 5377 et

237 5402 412 5466 faciem
434 5428 603 5484 suam,
626 5425 681 5473 et
705 5418 902 5488 negotii
929 5415 1315 5484 narrationem,
1339 5424 1397 5470 ut
1416 5424 1469 5473 et
1493 5414 1594 5485 ipsi
1615 5414 1817 5470 contin-

236 5507 375 5561 geret
411 5515 642 5572 potestas
679 5506 891 5563 dicendi
917 5523 1038 5578 qua:
1065 5506 1301 5574 volebat,
1331 5516 1386 5562 et
1415 5506 1575 5580 Regis
1602 5506 1814 5561 confes-

238 5584 429 5647 sionem
451 5605 809 5669 extorqueret.
839 5599 1046 5655 Etenim
1069 5614 1191 5654 cum
1220 5598 1331 5653 Rex
1366 5599 1680 5668 prmleriret,
1708 5599 1816 5654 cla-

242 5689 380 5737 more
402 5691 727 5760 compellans
755 5707 900 5756 cum,
927 5690 1062 5745 dixit
1091 5709 1104 5745 :
1130 5691 1322 5746 Servus
1349 5700 1465 5745 tuus
1491 5708 1716 5762 egressus
1741 5701 1816 5747 est

249 5777 310 5829 ad
393 5784 572 5841 ercitus
595 5787 785 5855 aciem,
817 5796 863 5841 et
898 5801 1009 5841 ecce
1046 5785 1119 5841 vir
1146 5784 1354 5857 quidam
1395 5785 1612 5842 adduxit
1640 5786 1709 5842 ad
1738 5801 1817 5841 me

1442 331 1808 392 ADVERSUS
1841 332 2141 392 ιυωεοε.
2184 331 2274 390 IV.

3386 337 3450 392 87
3461 340 3489 391 λι

1911 451 2092 517 virum,
2126 448 2559 525 dixitque:Serva
2589 452 2715 507 mihi
2738 451 2873 505 [tunc
2899 468 2918 507 .°
2939 452 3075 524 quod
3096 453 3139 507 si
3160 455 3360 524 elapsus
3387 470 3499 508 era-

1907 544 2048 607 serit,
2080 545 2177 597 erit
2203 545 2373 598 anima
2393 554 2482 598 tua
2508 561 2603 616 pro
2629 545 2802 601 anima
2826 546 2989 611 illius,
3019 555 3108 600 aut
3138 542 3390 616 dependes
3416 562 3502 598 ar-

1907 635 2042 708 ρεηιὶ
2072 637 2336 691 talentum.
2368 635 2436 690 Et
2473 638 2662 692 accidit
2698 638 2819 692 dum
2853 653 3025 692 servus
3056 647 3171 691 tuus
3206 637 3506 705 circumspi-

1906 739 2039 784 ceret
2070 729 2169 784 kuc
2192 738 2240 783 et
2272 730 2418 798 illuc,
2446 739 2494 784 et
2519 746 2633 785 ecce
2654 730 2731 784 vir
2753 746 2855 785 non
2893 730 3234 796 comparebat.
3267 727 3334 781 Et
3373 727 3502 781 dixit

1908 821 2021 877 Rea:
2048 821 2214 877 Israel
2238 815 2409 877 :Ecce
2435 823 2598 893 iudex
2638 831 2692 876 tu
2726 823 2866 894 apud
2904 838 2982 875 me
3013 839 3032 875 :
3058 821 3306 876 occidisti.
3340 818 3405 873 Et
3435 818 3503 872 il-

1907 913 2004 967 lico
2036 914 2282 984 propheta
2310 912 2529 968 detraa‘it
2553 914 2776 968 velamen
2795 916 2859 967 ab
2879 914 3039 968 oculis
3068 912 3195 977 suis,
3224 922 3272 967 et
3298 912 3503 983 agnovit

1905 1004 2053 1059 illum
2084 1003 2199 1059 Rea:
2227 1005 2425 1070 Israel,
2467 1005 2603 1077 quod
2641 1014 2769 1060 esset
2803 1022 2936 1060 unus
2964 1022 3026 1059 ea:
3064 1003 3187 1074 ﬁliis
3220 1005 3500 1076 propheta-

1906 1114 2051 1165 rum,
2076 1098 2302 1168 dixitque
2338 1099 2407 1152 ad
2436 1098 2620 1152 illum:
2639 1095 2761 1153 Han:
2788 1098 2910 1152 dicit
2943 1097 3197 1153 Dominus
3228 1116 3246 1152 :
3264 1097 3342 1151 Eo
3366 1095 3503 1165 quod

1908 1189 2146 1243 dimisisti
2183 1190 2345 1243 virum
2380 1190 2532 1243 exitio
2561 1189 2772 1260 dignum
2808 1205 2836 1243 e
2862 1206 3019 1243 manu
3047 1198 3154 1256 tua,
3193 1189 3288 1243 erit
3330 1188 3504 1240 anima

1910 1289 1998 1334 tua
2023 1294 2115 1350 pro
2141 1278 2316 1332 anima
2343 1278 2503 1344 illius,
2532 1288 2578 1333 et
2606 1288 2722 1335 tuus
2749 1281 2971 1350 populus
3000 1296 3093 1351 pro
3136 1279 3327 1351 populo
3357 1278 3502 1332 illius

1912 1372 1990 1442 (ὅ.
2035 1365 2165 1435 Reg.
2208 1370 2390 1427 20.36.
2412 1368 2710 1442 sqq.)Vidcs
2753 1371 2894 1442 quod
2916 1387 3021 1426 non
3038 1371 3207 1426 solum
3228 1369 3388 1434 Deus,
3408 1370 3506 1425 sed

1910 1470 1966 1519 et
1990 1464 2235 1518 homines
2260 1464 2419 1519 simili
2441 1462 2880 1532 modojudicant,
2920 1479 3026 1519 non
3056 1464 3405 1533 reSpicientes
3436 1462 3502 1515 ad

1908 1570 2095 1612 eorum
2139 1572 2259 1627 quae
2302 1556 2437 1612 fiunt
2477 1564 2741 1618 naturam,
2782 1557 2876 1612 sed
2920 1557 2987 1612 ad
3031 1556 3190 1613 linem
3234 1556 3412 1629 potius
3452 1564 3508 1610 ct
3542 1552 3543 1555 “

1909 1649 2130 1704 causas?
2162 1650 2320 1715 Ecce,
2356 1650 2523 1720 inquit
2559 1649 2720 1705 etiam
2750 1651 2863 1720 ipse
2894 1650 3042 1715 Rex,
3080 1660 3134 1705 tu
3164 1649 3330 1721 judex
3364 1647 3504 1719 apud

1909 1756 2018 1808 me,
2070 1742 2160 1812 qui
2211 1742 2492 1798 occideris.
2540 1741 2816 1797 Homicida
2866 1757 2954 1810 es,
3008 1742 3195 1813 inquit,
3244 1755 3311 1797 eo
3362 1740 3506 1811 quod

1912 1834 2119 1888 hostem
2148 1833 2439 1889 dimiseris.
2471 1833 2552 1887 Ob
2582 1832 2685 1888 hoc
2708 1833 2851 1887 enim
2882 1833 3139 1903 propheta
3160 1833 3337 1887 velum
3365 1831 3507 1887 addi-

1911 1924 2086 1992 derat,
2119 1933 2174 1979 ct
2207 1924 2351 1980 velut
2384 1925 2437 1979 in
2467 1924 2639 1980 aliena
2674 1939 2833 1980 causa
2860 1925 3005 1980 litem
3035 1924 3272 1990 induxit,
3302 1932 3358 1977 ut
3391 1922 3508 1976 Rex

1912 2016 2234 2071 sententiam
2281 2024 2483 2071 rectam
2532 2016 2901 2086 pronuntiaret
2943 2031 2957 2070 :
2993 2013 3137 2086 quod
3189 2023 3242 2069 et
3291 2012 3506 2068 accidit.

1915 2109 2128 2166 Etenim
2160 2117 2439 2180 postquam
2469 2109 2703 2179 scipsum
2730 2123 2825 2163 sua
2857 2108 3119 2165 sententia
3150 2106 3508 2163 condemnas-

1914 2212 2016 2267 set,
2057 2202 2298 2258 detraclo
2334 2202 2475 2267 velo,
2512 2201 2645 2256 dixit
2685 2200 2944 2272 propheta
2975 2218 2987 2255 :
3022 2200 3279 2269 Quoniam
3323 2207 3377 2253 tu
3430 2198 3511 2252 di-

1913 2293 2096 2348 misisti
2120 2294 2282 2347 virum
2313 2293 2466 2347 exitio
2495 2291 2705 2363 dignum
2730 2308 2757 2346 e
2785 2308 2937 2346 manu
2967 2300 3073 2354 tua,
3107 2291 3202 2345 erit
3225 2290 3397 2344 anima
3425 2298 3512 2343 tua

1914 2400 2009 2453 pro
2051 2384 2224 2438 anima
2267 2384 2425 2448 illius,
2470 2393 2516 2438 et
2560 2385 2782 2454 populus
2822 2392 2940 2437 tuus
2979 2399 3071 2452 pro
3114 2372 3304 2453 populo
3347 2381 3507 2435 illius.

1920 2475 2081 2532 Vides
2109 2489 2242 2546 quas
2266 2490 2365 2547 pro
2392 2475 2718 2530 humanitate
2749 2488 2934 2543 pmnas
2964 2473 3123 2528 luerit
3143 2472 3279 2539 Rex,
3311 2486 3513 2542 proque

1916 2568 2293 2638 intempestiva
2322 2566 2603 2622 clementia
2633 2581 2739 2636 quo
2767 2564 2988 2620 affectus
3017 2564 3087 2619 sit
3115 2562 3417 2634 supplicio?
3448 2561 3515 2617 Et

1918 2659 2007 2715 hic
2032 2659 2248 2731 quidem
2277 2660 2369 2729 qui
2409 2658 2667 2726 servavit,
2699 2658 2945 2727 punitur;
2978 2657 3111 2711 alter
3139 2671 3268 2713 vero
3296 2655 3385 2727 qui
3419 2669 3513 2709 oc-

1918 2749 2067 2818 cidit,
2112 2748 2371 2819 prohatus
2419 2757 2521 2804 est.
2569 2748 2731 2819 Igitur
2782 2755 2836 2805 et
2879 2746 3133 2814 Phinees,
3185 2745 3274 2816 qui
3323 2744 3512 2800 eodem

1921 2841 2177 2911 temporis
2226 2840 2453 2896 articulo
2498 2839 2694 2910 duplex
2743 2837 3070 2909 perpetravit
3124 2836 3512 2902 homicidium,

1919 2933 2196 3002 virumque
2228 2931 2385 2986 simul
2412 2946 2532 2986 cum
2573 2930 2795 2985 muliere
2821 2928 3064 2995 sustulit,
3092 2927 3394 2984 sacerdotio
3422 2925 3515 2981 ho-

1918 3033 2141 3080 noratur
2160 3023 2457 3096 (Num.25)
2480 3041 2492 3077 :
2518 3039 2619 3078 nec
2645 3022 2819 3077 solum
2850 3038 2953 3076 non
2982 3022 3279 3092 inquinavit
3300 3035 3515 3075 manum

1918 3118 2199 3188 sanguine,
2242 3132 2428 3173 verum
2471 3117 2631 3172 etiam
2672 3116 2943 3186 puriorem
2989 3113 3238 3170 reddidit.
3285 3112 3517 3169 Proinde

1919 3225 2041 3266 eum
2070 3209 2267 3265 videris
2296 3225 2418 3265 eum
2440 3210 2529 3280 qui
2561 3208 2873 3279 pr0phetam
2907 3207 3172 3278 percussit
3195 3222 3315 3262 esse
3335 3222 3518 3261 serva-

1922 3311 2056 3368 tum,
2083 3316 2207 3358 eum
2229 3317 2357 3357 vero
2382 3301 2473 3372 qui
2503 3317 2606 3356 non
2634 3300 2897 3371 percussit
2921 3299 3266 3362 exstinctum,
3293 3307 3348 3352 et
3369 3297 3516 3351 illum

1921 3394 2009 3465 qui
2041 3401 2357 3464 pepercerat
2381 3392 2509 3449 dare
2537 3407 2744 3462 pennas,
2778 3391 3040 3461 punitum,
3073 3404 3257 3445 rursus
3280 3405 3399 3443 eum
3427 3387 3521 3459 qui

1921 3501 2028 3540 non
2062 3487 2322 3556 pepercit,
2366 3483 2720 3555 approbatum
2765 3500 2779 3537 :
2813 3498 3027 3552 semper
3069 3480 3209 3551 apud
3256 3488 3308 3535 te
3342 3480 3518 3549 potior

1923 3577 1993 3632 sit
2032 3577 2201 3643 ratio,
2232 3575 2358 3646 quid
2391 3576 2532 3631 Deus
2572 3574 2867 3646 prmcipiat,
2910 3589 3068 3644 quam
3100 3587 3220 3642 qua:
3258 3572 3327 3627 sit
3356 3584 3518 3640 nego-

1922 3670 2120 3724 tiorum
2147 3678 2334 3724 natura
2367 3687 2380 3724 :
2417 3666 2563 3739 quod
2597 3667 2642 3722 si
2673 3666 2796 3737 quid
2828 3666 3155 3736 compereris
3198 3664 3289 3720 illo
3318 3677 3518 3735 appro-

1922 3765 2084 3821 bante
2112 3762 2246 3833 geri,
2278 3762 2409 3818 illud
2436 3762 2609 3818 solum
2631 3761 2979 3831 amplectere.

1994 3855 2049 3911 5.
2075 3855 2253 3925 Atque
2284 3855 2385 3909 hac
2414 3863 2625 3910 utentes
2650 3852 2832 3924 regula
2853 3892 2869 3918 ,
2898 3861 2952 3905 et
2977 3850 3240 3921 jejunium
3281 3848 3387 3904 hoc
3427 3846 3521 3903 Ju-

1923 3948 2161 4004 dzeorum
2193 3945 2582 4016 expendamus.
2609 3944 2823 4000 Etenim
2869 3942 2922 3997 ni
2973 3942 3024 3997 id
3071 3940 3377 4005 fecerimus,
3423 3937 3522 3995 sed

1924 4039 2165 4094 actiones
2190 4036 2380 4103 nudas,
2415 4052 2511 4106 per
2546 4050 2606 4090 se
2637 4044 2839 4089 tantum
2874 4033 2927 4087 in
2967 4031 3200 4087 medium
3237 4028 3470 4100 prolatas
3494 4069 3510 4094 ,

1923 4129 2330 4187 consideremus
2359 4146 2373 4182 :
2406 4128 2597 4198 ingens
2627 4127 2731 4182 erit
2766 4124 3032 4189 confusio,
3072 4136 3370 4193 magnaque
3399 4134 3521 4190 per-

1927 4221 2178 4277 turbatio.
2208 4218 2341 4274 Nam
2366 4217 2661 4272 latronibus
2686 4216 2990 4273 lacerantur
3015 4214 3211 4281 latera,
3235 4221 3291 4267 et
3326 4224 3522 4265 monu-

1925 4321 2228 4368 mentorum
2260 4307 2676 4379 perfossoribus,
2707 4318 2762 4362 et
2790 4304 3266 4377 prmstigiatoribus
3292 4321 3304 4356 :
3330 4317 3520 4356 verum

1925 4401 2066 4457 idem
2099 4399 2375 4471 patiuntur
2416 4407 2473 4454 et
2513 4408 2799 4470 martyres.
2837 4396 3000 4452 Facta
3027 4394 3246 4466 quidem
3277 4401 3402 4449 sunt
3429 4409 3520 4447 ea-

1924 4494 2047 4550 dem
2067 4535 2084 4562 ,
2127 4499 2382 4548 caeterum
2429 4489 2641 4545 animus
2671 4498 2726 4544 et
2753 4503 2914 4544 causa
2942 4503 3040 4545 cur
3068 4488 3184 4542 haec
3214 4488 3340 4541 liant
3365 4527 3380 4552 ,
3415 4502 3519 4540 non

1924 4594 2008 4640 est
2036 4582 2245 4648 eadem,
2279 4596 2452 4654 eoque
2477 4581 2768 4652 plurimum
2796 4588 2881 4636 est
2906 4579 3230 4636 discriminis
3256 4578 3400 4633 inter
3424 4577 3521 4631 hos

1925 4685 1979 4732 et
2021 4674 2159 4730 illos.
2188 4673 2339 4730 Sicut
2386 4672 2546 4744 igitur
2573 4672 2626 4727 in
2658 4670 2764 4726 illis
2805 4686 2912 4726 non
2950 4679 3274 4726 tormentum
3317 4678 3520 4724 tantum

1924 4767 2298 4838 expendimus,
2330 4764 2423 4821 sed
2455 4763 2603 4835 prius
2628 4763 2866 4818 animum
2894 4770 2951 4817 et
2977 4777 3192 4818 causam
3215 4803 3230 4827 ,
3262 4761 3332 4817 ob
3361 4774 3522 4830 quam

1925 4860 2193 4915 cruciatus
2212 4857 2530 4923 inferuntur,
2561 4855 2985 4921 consideramus,
3010 4862 3065 4909 et
3084 4855 3154 4910 ob
3179 4854 3229 4908 id
3257 4861 3523 4924 martyres

1925 4967 2188 5017 amamus,
2213 4966 2317 5006 non
2346 4947 2491 5021 quod
2515 4949 2843 5014 crucientur,
2867 4946 2962 5002 sed
2981 4944 3124 5018 quod
3149 4945 3219 5000 ob
3246 4944 3519 5001 Christum

1924 5042 2194 5099 cruciatus
2215 5041 2414 5107 ferant;
2439 5049 2623 5096 contra
2641 5039 2877 5094 latrones
2892 5037 3244 5102 detestamur,
3270 5049 3376 5090 non
3398 5034 3521 5105 quia
3574 5084 3581 5089 .

1926 5134 2238 5205 puniuntur,
2269 5131 2361 5187 sed
2389 5131 2533 5203 quod
2563 5131 2633 5187 ob
2658 5129 2936 5185 malefacta
2972 5128 3300 5200 puniuntur:
3331 5127 3520 5182 eodem

1924 5228 2085 5284 modo
2106 5227 2206 5282 hac
2227 5228 2277 5282 in
2297 5243 2356 5282 re
2380 5225 2641 5281 calculum
2670 5237 2874 5294 ponas:
2902 5222 2950 5279 si
2973 5221 3171 5277 videris
3200 5220 3318 5276 illos
3338 5234 3524 5274 amore

1924 5322 2018 5377 Dei
2045 5321 2384 5392 jcjunantes,
2410 5316 2737 5389 amplectere
2763 5314 2905 5388 quod
2938 5314 3000 5371 ﬁt
3026 5333 3040 5369 :
3073 5322 3129 5368 at
3160 5312 3208 5368 si
3238 5326 3524 5384 perspexe-

1922 5416 2032 5482 ris,
2064 5414 2185 5469 illos
2212 5413 2313 5468 hoc
2354 5420 2549 5481 printer
2577 5410 2808 5465 divinam
2851 5408 3179 5464 voluntatem
3224 5405 3480 5461 iacientes
3505 5446 3520 5470 ,
3568 5469 3578 5485 ,

1922 5507 2091 5576 magis
2142 5519 2237 5560 eos
2283 5503 2591 5568 detestare,
2638 5501 2946 5571 majorcque
2990 5498 3116 5555 odio
3157 5512 3519 5570 prosequere,

1923 5613 2081 5668 quam
2112 5596 2324 5662 ebrios,
2357 5609 2515 5664 quam
2568 5592 2893 5648 temulentite
2938 5599 2995 5646 et
3037 5587 3521 5646 comessationibus

1924 5692 2280 5765 indulgentes.
2314 5688 2370 5745 In
2399 5688 2501 5744 hoc
2527 5694 2703 5742 autem
2732 5684 2937 5757 jejunio
2963 5699 3070 5740 non
3110 5682 3240 5740 satis
3279 5689 3367 5738 est
3388 5694 3521 5735 cau-

1931 5798 2045 5841 sam
2092 5783 2357 5855 inquirere
2377 5823 2392 5851 ,
2425 5778 2521 5837 sed
2544 5788 2596 5838 ct
2623 5778 2777 5836 locus
2805 5787 2855 5834 et
2887 5789 3103 5853 tempus
3131 5773 3413 5834 considera
3427 5779 3533 5836 nil:
