3920 6372
514 293 622 352 875

1145 306 1203 364 S.
1252 308 1537 370 JOANNIS
1594 317 2092 385 CHRYSOSTOMI
2131 328 2445 387 AllUlllEP.
2487 333 3014 393 CONS‘I'ANTINOP.

3615 351 3703 407 ατο

513 422 661 469 sunt.
698 412 897 471 Verum
922 419 1246 493 priusquam
1278 442 1597 489 moveamus
1624 437 1799 493 aciem
1828 441 2092 501 adversus
2174 441 2425 494 mutarint
2448 458 2602 498 suum
2628 445 2882 516 ieiunium
2901 491 2915 516 .
2949 464 3076 504 Imm
3101 451 3174 505 mi
3202 452 3301 508 8⁸11)
3325 455 3519 512 9880M
3545 463 3706 515 no'tis~

507 506 749 576 Judaeos,
783 512 977 569 lubens
1000 520 1305 575 orationem
1331 527 1588 581 verterim
1620 530 1687 585 ad
1715 548 1812 589 eos
1844 537 1936 605 qui
1960 546 2090 592 sunt

508 601 684 653 nostri
704 604 951 672 corporis
971 608 1214 663 membra
1225 625 1309 672 ,ac
1323 615 1498 667 nostri
1513 618 1731 685 quidem
1745 601 1954 679 ordinis
1966 639 2088 681 esse

506 692 785 770 videntur,
804 707 1060 751 caeterum
1084 698 1300 753 illorutn
1322 704 1528 758 cultum
1542 718 2085 785 sequuntur,proque

504 783 614 838 illis
643 785 1005 843 defendendis
1022 790 1153 844 nihil
1187 792 1393 849 laboris
1414 811 1527 851 non
1542 802 1874 871 suscipiunt,
1895 783 2081 876 quain

505 883 655 941 parte
703 877 896 947 dignos
933 895 1060 935 esse
1108 883 1266 938 video
1314 888 1568 954 graviore
1598 892 2078 963 condemnatione,

500 982 663 1034 quam
702 965 924 1025 Judaeos
964 973 1274 1032 universos.
1312 977 1364 1031 Id
1394 994 1517 1035 esse
1538 997 1751 1050 verum,
1779 1001 1887 1039 non
1916 989 2080 1044 modo

501 1058 776 1126 sapientes
791 1070 845 1114 et
862 1064 1292 1122 cordati.verum
1310 1072 1478 1125 etiam
1500 1074 1834 1146 quicumque
1848 1080 1931 1134 vel
1952 1095 2078 1150 pau-

500 1151 607 1202 lum
639 1151 836 1206 habent
863 1157 1065 1212 mentis
1100 1167 1154 1212 et
1194 1162 1451 1227 rationis,
1488 1178 1702 1221 mecum
1736 1168 2071 1226 fatebuntur.

492 1241 603 1295 Nec
623 1244 766 1296 enim
791 1261 930 1314 opus
959 1258 1045 1303 est
1070 1251 1529 1319 sepltismatibus,
1557 1272 1659 1312 nec
1681 1271 1944 1329 apparatu
1964 1279 2075 1319 ser-

494 1335 695 1401 monis,
714 1352 816 1392 nec
836 1340 1064 1408 prolixis
1091 1345 1331 1411 periodis
1351 1347 1416 1401 ad
1440 1348 1545 1402 hoc
1561 1349 2068 1421 demonstrandum,

491 1441 614 1479 cum
634 1429 771 1483 satis
784 1431 855 1485 sit
869 1431 992 1487 illos
1012 1433 1246 1505 simplici
1273 1442 1687 1505 percontatione
1702 1446 2070 1519 interrogatos

487 1533 552 1572 ex
577 1517 691 1590 ipsa
711 1526 1072 1593 reSponsione
1086 1531 1448 1597 capere.Quid
1472 1536 1661 1605 igitur?
1686 1517 2061 1611 Unumquem-

487 1621 595 1674 que
610 1608 717 1663 isto
735 1612 1185 1669 morboaffectum
1206 1625 1570 1686 percontabor
1589 1645 1601 1680 :
1618 1608 1967 1689 Christianus
1981 1635 2067 1690 es?

482 1698 595 1752 Cur
640 1716 772 1771 ergo
800 1706 1076 1763 aemularis
1105 1708 1368 1767 Iudaica?
1394 1717 1457 1767 At
1498 1701 1734 1775 ιιιάωυέ
1768 1723 1863 1777 es?
1893 1724 2066 1790 Quam

477 1789 647 1853 igitur
661 1795 731 1849 ob
750 1811 972 1879 causam
990 1804 1251 1859 molestus
1272 1821 1329 1858 es
1348 1806 1627 1861 Ecclesiae?
1647 1810 1748 1873 Qui
1774 1814 1934 1872 Persa
1955 1829 2063 1879 est.

476 1876 656 1918 nonne
693 1882 814 1937 quae
858 1870 1139 1929 Persarum
1186 1887 1311 1932 sunt
1348 1879 1537 1935 curat?
1566 1870 1849 1951 Barbarus,
1880 1870 2058 1940 nonne

481 1952 826 2011 barbarorum
874 1963 1007 2016 ritus
1044 1965 1356 2020 aemulatur?
1391 1968 1490 2034 Qui
1530 1969 1731 2026 habitat
1769 1974 1819 2027 in
1860 1975 2058 2032 ditimze

481 2041 865 2115 Romanorum,
885 2066 990 2104 non
1015 2054 1175 2108 utitur
1198 2057 1392 2109 nostris
1413 2059 1650 2128 legibus?
1672 2063 1781 2133 Age
1800 2064 1884 2119 die
1907 2061 2055 2135 mihi,

480 2145 657 2187 nonne
683 2135 727 2188 si
755 2139 871 2206 quis
899 2139 1086 2195 horum
1112 2184 1126 2208 ,
1158 2146 1246 2214 qui
1275 2142 1423 2214 apud
1441 2164 1536 2201 nos
1557 2152 1774 2220 vivunt,
1807 2171 1925 2210 cum
1953 2159 2055 2214 illis

478 2226 676 2280 sentire
701 2226 1263 2302 lucrit’deprehensus,
1291 2240 1553 2296 inauditus
1578 2246 1817 2314 citraque
1837 2264 2054 2305 examen

478 2317 711 2385 punitur,
743 2321 949 2376 etiamsi
978 2324 1176 2380 infinita
1205 2327 1415 2392 haheat.
1448 2334 1638 2402 quibus
1662 2350 1873 2392 causam
1906 2356 2052 2395 suam

478 2411 643 2474 possit
667 2412 988 2471 defendere?
1015 2418 1087 2499 Et
1104 2420 1149 2474 si
1178 2422 1294 2490 quis
1319 2425 1455 2492 apud
1488 2425 1615 2480 istos
1640 2430 1937 2497 exstiterit,
1966 2435 2053 2501 qui

476 2500 729 2556 Romanis
761 2515 938 2562 utatur
964 2509 1220 2568 institutis
1244 2556 1257 2579 ,
1291 2531 1467 2571 nonne
1493 2533 1678 2573 rursus
1707 2521 1845 2576 idem
1886 2526 2054 2591 patie-

478 2592 601 2646 tur?
642 2593 917 2662 Quomodo
960 2601 1116 2670 igitur
1162 2615 1215 2659 tu
1258 2608 1346 2676 qui
1390 2608 1455 2662 ad
1497 2611 1714 2680 impium
1760 2615 1886 2669 illud
1934 2618 2053 2672 vitae

476 2683 773 2741 institutum
805 2690 1069 2761 deiecisti,
1102 2697 1266 2752 audes
1291 2713 1508 2768 sperare
1538 2704 1800 2760 salutem?
1825 2709 1905 2762 An
1935 2710 2052 2764 exi-

475 2789 632 2840 guum
661 2777 992 2836 intervallum
1020 2793 1102 2838 est
1131 2787 1268 2841 inter
1294 2805 1388 2843 nos
1414 2802 1465 2846 et
1493 2792 1842 2852 Judaeos?An
1870 2799 1935 2853 de
1967 2819 2054 2855 re-

477 2866 575 2920 bus
603 2868 805 2926 levibus
830 2881 922 2928 aut
948 2877 1249 2947 vulgaribus
1280 2882 1420 2937 inter
1449 2900 1543 2939 nos
1569 2897 1650 2941 est
1673 2894 2050 2959 controversia,

475 2967 531 3010 ut
560 2968 611 3013 tu
642 2978 801 3018 unum
844 2976 899 3020 et
945 2968 1083 3024 idem
1113 2985 1234 3026 esse
1259 2974 1448 3030 credas
1479 2989 1717 3032 nostrum
1746 2991 1800 3035 et
1842 2981 2050 3039 illarum

474 3049 811 3108 institutum?
842 3057 949 3112 Cur
977 3076 1081 3115 non
1109 3065 1376 3133 miscenda
1406 3068 1638 3124 misces?
1664 3071 1743 3125 llli
1774 3074 2054 3130 crucitixe-

472 3152 594 3196 runt
620 3144 887 3202 Christum
908 3192 922 3216 ,
953 3167 1110 3220 quem
1140 3164 1194 3208 tu
1219 3155 1430 3212 adoras.
1464 3159 1626 3215 Vides
1670 3174 1925 3232 quantum
1973 3167 2053 3220 in-

473 3241 670 3293 terest?
694 3240 791 3309 Qui
822 3244 880 3298 lit
906 3245 1083 3315 igitur,
1119 3258 1175 3303 ut
1201 3250 1266 3304 ad
1297 3251 1415 3306 illos
1439 3255 1525 3322 qui
1550 3254 1814 3311 Christum
1840 3261 2050 3314 occide-

472 3338 594 3382 runt
616 3345 800 3387 curras
823 3375 837 3397 ,
870 3337 1126 3403 prolitens
1156 3351 1206 3395 te
1232 3340 1455 3398 adorare
1492 3346 1840 3401 crucifixum?
1870 3349 2051 3419 Neque

470 3431 597 3473 vero
625 3419 739 3488 ipse
768 3422 1101 3493 legemghauc
1132 3429 1245 3484 fero
1270 3472 1286 3498 ,
1331 3448 1435 3500 qua
1482 3434 1599 3488 illos
1642 3436 1916 3500 criminor,
1949 3454 2050 3494 nec

472 3507 607 3563 hanc
634 3515 986 3571 aecusationis
1027 3517 1250 3574 formam
1301 3522 1497 3577 inveni.
1538 3525 1727 3580 Annon
1777 3526 2047 3598 Scriptura

470 3599 630 3654 simili
657 3603 817 3657 modo
855 3618 1067 3662 accusat
1098 3610 1253 3665 illos?
1277 3614 1412 3668 Audi
1446 3615 1603 3686 igitur
1634 3618 1761 3688 quid
1790 3620 1931 3675 dicat
1954 3621 2049 3679 Je-

471 3690 666 3745 remias
690 3693 942 3751 adversus
970 3698 1087 3753 illos
1117 3718 1131 3756 :
1156 3701 1301 3756 Abite
1323 3704 1376 3757 in
1403 3702 1585 3771 Cedar,
1614 3719 1661 3761 et
1689 3709 1883 3775 videte;
1903 3714 2050 3766 emit-

471 3780 559 3835 tite
579 3782 648 3835 ad
666 3784 856 3839 insulas
880 3786 1110 3855 Cltetiim,
1134 3800 1181 3846 et
1198 3794 1446 3864 judicate,
1472 3813 1590 3849 num
1613 3799 1734 3852 talia
1758 3801 1893 3870 facta
1916 3798 2049 3869 sint;

469 3884 537 3923 an
584 3869 763 3927 Gentes
806 3886 991 3931 mutent
1035 3878 1153 3934 deos
1178 3898 1296 3936 suos
1319 3924 1334 3947 ,
1366 3894 1410 3938 et
1437 3886 1521 3939 isti
1546 3903 1645 3941 non
1674 3869 1789 3943 sunt
1827 3891 1917 3945 dii.
1948 3891 2050 3947 Vos

469 3969 636 4015 autem
669 3966 897 4020 mutastis
921 3970 1131 4037 gloriam
1158 3984 1370 4027 vestram
1412 3977 1464 4029 in
1507 3993 1617 4029 eam
1636 4020 1650 4042 ,
1693 3995 1754 4032 ea:
1786 3997 1883 4049 qua
1923 3982 2051 4037 nihil

469 4052 700 4108 utilitatis
723 4057 930 4126 capietis
960 4059 1090 4131 (Jer.
1121 4063 1176 4115 2.
1207 4064 1292 4119 10.
1323 4065 1432 4136 11).
1461 4066 1577 4121 Νοη
1617 4067 1778 4134 dixit,
1807 4072 2049 4127 mutastis

468 4139 597 4197 deos
625 4155 830 4200 vestros
850 4188 865 4212 ,
893 4150 984 4204 sed
1010 4152 1230 4219 gloriam
1262 4172 1277 4208 :
1309 4155 1359 4209 id
1384 4166 1495 4223 est,
1530 4157 1631 4225 illi,
1678 4158 1883 4227 inquit,
1927 4176 2047 4215 cum

467 4233 693 4289 adorent
722 4236 893 4306 idola,
924 4241 1209 4313 eolantque
1237 4244 1510 4300 daemones
1529 4289 1543 4311 ,
1576 4257 1682 4302 tam
1714 4260 1961 4305 consmnt
1988 4252 2041 4306 in

467 4339 668 4391 errore,
699 4338 756 4382 ut
786 4347 853 4386 ne
878 4333 1041 4387 velint
1069 4336 1283 4404 quidem
1317 4337 1400 4391 illa
1433 4339 1754 4409 relinquere,
1786 4350 1841 4395 ct
1865 4341 1930 4395 ad
1958 4358 2049 4397 ve-

469 4415 679 4472 ritatem
727 4420 1072 4492 transfugere.
1102 4424 1207 4479 Vos
1244 4437 1419 4482 autem
1465 4430 1554 4497 qui
1603 4446 1784 4486 verum
1815 4431 2049 4488 adoratis

474 4503 659 4571 Deum,
688 4508 868 4563 relicta
902 4513 1160 4581 majorum
1188 4516 1464 4586 religione,
1493 4520 1632 4575 ultro
1656 4521 1722 4576 ad
1753 4524 1923 4578 aliena
1950 4524 2046 4579 de-

472 4592 701 4662 fecistis;
732 4613 902 4669 aeque
931 4611 1131 4657 tantum
1162 4606 1424 4674 religiosa:
1467 4611 1662 4664 mentis
1690 4613 1950 4679 praestatis
1996 4615 2047 4666 in

469 4689 710 4752 veritate,
737 4702 990 4758 quantum
1014 4693 1088 4748 illi
1111 4704 1362 4764 praestant
1391 4699 1441 4752 in
1467 4715 1565 4755 suo
1590 4716 1792 4756 errore.
1821 4703 2049 4759 Proinde

467 4779 597 4835 dicit
624 4798 637 4834 :
664 4781 725 4836 Si
748 4782 890 4837 istius
916 4787 1052 4839 modi
1071 4788 1207 4857 facta
1226 4800 1364 4857 sunt,
1386 4791 1428 4844 si
1453 4795 1713 4846 mutabunt
1733 4791 1913 4849 Gentes
1932 4796 2050 4871 deos

466 4886 586 4925 suos
606 4912 619 4934 ,
666 4882 712 4927 et
748 4875 831 4928 isti
870 4892 969 4929 non
1005 4887 1120 4931 sunt
1145 4878 1258 4932 dii:
1283 4897 1366 4933 vos
1395 4891 1559 4935 autem
1582 4884 1812 4937 mutastis
1835 4885 2050 4954 gloriam

468 4972 701 5027 vestram,
728 4964 861 5018 unde
883 4967 1076 5020 nullam
1103 4969 1308 5036 capietis
1332 4971 1596 5025 utilitatem
1625 4972 1855 5044 (Malae.
1885 4974 1937 5028 5.
1961 4974 2047 5044 6).

467 5048 583 5106 Non
628 5052 793 5121 dixit,
836 5059 1081 5113 mutastis
1119 5058 1283 5114 Deum
1312 5069 1541 5117 vestrum
1567 5079 1581 5116 :
1611 5063 1749 5118 Deus
1774 5064 1915 5118 enim
1944 5080 2047 5119 non

468 5150 705 5199 mutatur
730 5163 743 5199 :
775 5148 894 5214 sed,
925 5147 1163 5204 Mutastis
1196 5153 1411 5222 gloriam
1438 5163 1671 5209 vestram.
1701 5154 1882 5225 Neque
1905 5157 2049 5211 enim

470 5248 556 5285 me
586 5234 818 5303 laesistis,
850 5236 1055 5309 inquit;
1087 5255 1258 5311 neque
1278 5243 1382 5297 ulla
1406 5258 1543 5297 noxa
1572 5243 1637 5297 ad
1660 5259 1746 5298 me
1768 5245 2009 5313 pervenit
2033 5262 2047 5300 :

471 5325 827 5395 vosmetipsos
853 5328 1104 5385 afl’ecistis
1133 5331 1452 5402 ignominia;
1485 5349 1656 5388 meam
1691 5335 1911 5404 gloriam
1944 5350 2050 5391 non

472 5414 833 5479 itnminuistis,
866 5419 958 5473 sed
990 5431 1241 5475 vestram.
1287 5422 1578 5478 Concedite
1619 5438 1749 5480 sane
1796 5426 1946 5489 mihi,
1994 5437 2053 5482 ut

475 5503 619 5561 hunc
658 5522 961 5564 sermonem
1006 5512 1164 5565 etiam
1194 5511 1265 5566 ad
1293 5522 1502 5567 nostros
1544 5512 1975 5579 accommodem;
2004 5517 2051 5571 si

481 5610 651 5652 tamen
686 5616 780 5669 par
817 5610 901 5655 est
926 5601 1049 5657 illos
1073 5604 1341 5673 appellare
1385 5614 1598 5660 nostros
1619 5647 1633 5671 ,
1666 5607 1757 5677 qui
1789 5621 1911 5661 cum
1944 5607 2050 5663 illis

479 5683 742 5746 sentiunt.
778 5692 932 5749 Abite
979 5693 1030 5748 in
1074 5693 1376 5767 Synagogas
1405 5704 1457 5753 ct
1487 5695 1662 5752 videte
1681 5737 1698 5766 ,
1728 5712 1853 5752 num
1884 5696 2053 5753 Judaei

2167 543 2289 583 cum
2317 532 2640 588 celebrarint
2670 536 2951 607 jejunium,
2980 556 3104 595 num
3131 541 3233 598 hoc
3256 543 3340 600 die
3365 562 3603 616 umquam
3627 565 3706 603 co-

2168 621 2446 676 mederint.
2491 626 2648 694 Atqui
2696 627 2797 682 hoc
2841 644 2948 684 non
2993 639 3077 686 est
3121 631 3415 701 jejunium,
3462 637 3552 691 sed
3595 639 3706 708 legis

2168 713 2518 780 transgressio
2540 755 2556 779 ,
2600 715 2693 767 sed
2736 730 2907 784 error,
2933 719 3029 774 sed
3067 731 3336 790 peceatum
3362 733 3620 781 :attamen
3644 729 3705 783 illi

2166 815 2452 870 numquam
2501 813 2815 863 mutarunt..
2846 807 2952 862 Vos
3001 819 3175 864 autem
3227 815 3469 868 mutastis
3510 816 3705 885 gloriam

2164 901 2418 956 vestram,
2452 894 2590 949 unde
2619 894 2748 948 nihil
2778 897 3017 951 utilitatis
3041 900 3258 969 capietis
3282 943 3297 965 ,
3324 912 3375 957 et
3407 903 3543 958 ultro
3568 906 3628 959 ad
3651 908 3706 961 il-

2165 980 2333 1035 lorum
2365 983 2497 1037 ritus
2524 984 2839 1040 descivistis.
2868 988 3088 1055 Quando
3118 992 3333 1048 Pascha:
3355 994 3704 1062 jejuniumce-

2164 1070 2435 1125 lebrarunt
2464 1072 2538 1126 illi
2554 1074 2578 1127 ?
2592 1074 2814 1140 Quando
2830 1087 3118 1149 martyrum
3145 1079 3305 1135 festos
3319 1082 3437 1137 dies
3458 1084 3704 1141 uobiscum

2163 1163 2423 1230 egerunt?
2446 1162 2667 1229 Quando
2694 1164 2833 1220 diem
2855 1166 3268 1247 Epiphaniorum
3294 1173 3563 1229 nobiscum
3585 1177 3707 1230 cele-

2163 1250 2423 1306 brarunt?
2449 1254 2527 1308 Illi
2554 1271 2659 1308 non
2693 1268 2977 1313 accurrunt
3018 1259 3083 1313 ad
3122 1262 3435 1326 veritatem;
3467 1273 3518 1318 et
3542 1280 3629 1321 vos
3651 1268 3706 1322 ad

2164 1340 2491 1409 iniquitatem
2521 1346 2837 1414 properatis.
2865 1346 3199 1415 Iniquitatem
3225 1362 3402 1407 autem
3427 1353 3577 1420 dico,
3601 1357 3706 1426 quia

2162 1431 2261 1485 ista
2303 1432 2434 1486 fiunt
2475 1450 2580 1487 non
2624 1451 2723 1490 suo
2762 1446 3015 1506 tempore.
3053 1438 3181 1494 Erat
3218 1442 3343 1494 olim
3375 1453 3595 1512 tempus,
3618 1460 3707 1514 quo

2162 1522 2508 1578 conveniebat
2567 1526 2664 1579 ista
2719 1541 2984 1593 servare;
3022 1529 3133 1597 jam
3180 1546 3307 1583 vero
3348 1548 3454 1586 non
3496 1544 3573 1588 est
3606 1549 3705 1588 ant-

2162 1613 2318 1683 plius.
2346 1614 2529 1685 quue
2557 1618 2701 1687 quod
2727 1627 2835 1672 tum
2856 1620 3006 1688 juxta
3034 1622 3202 1693 legem
3230 1623 3408 1690 ﬁebat,
3433 1640 3569 1680 nunc
3591 1640 3705 1695 prae-

2162 1713 2244 1760 ter
2271 1705 2439 1774 legem
2472 1705 2548 1760 fit.

2229 1797 2283 1850 4.
2312 1795 2598 1853 Concedite
2629 1799 2757 1854 mihi
2787 1808 2846 1854 ut
2882 1801 3010 1856 illud
3038 1802 3195 1857 etiam
3240 1804 3406 1859 Heliae
3441 1806 3605 1859 dicam
3631 1806 3705 1861 ad-

2160 1903 2343 1942 versus
2370 1904 2482 1944 eos.
2513 1890 2642 1944 Cum
2671 1893 2812 1946 enim
2850 1892 2941 1948 ille
2967 1896 3295 1962 conspiceret
3322 1894 3535 1951 Judzeos
3570 1897 3707 1967 impie

2160 1977 2417 2044 viventes,
2449 1985 2505 2032 et
2549 1995 2688 2033 nunc
2715 1980 2926 2051 quidem
2957 1982 3387 2052 obtemperantes
3420 1986 3525 2040 Deo
3546 2027 3559 2049 ,
3588 2002 3706 2040 nunc

2160 2084 2343 2123 rursus
2391 2070 2530 2124 idola
2583 2071 2857 2138 colentes,
2903 2073 2969 2127 ad
3018 2075 3161 2130 hunc
3201 2075 3433 2146 loquitur
3472 2079 3704 2134 modum:

2162 2158 2429 2229 Quousque
2453 2159 2750 2215 claudicatis
2776 2173 2986 2232 utroque
3013 2166 3199 2232 paplite
3225 2167 3428 2219 vestro?
3458 2167 3518 2221 Si
3546 2167 3703 2221 Domi-

2158 2265 2253 2303 nus
2273 2260 2344 2303 est
2362 2249 2497 2305 Deus
2520 2252 2789 2317 vobiscum,
2818 2256 2972 2307 venite
2990 2263 3036 2307 et
3051 2255 3312 2323 sequimini
3331 2272 3484 2321 eum;
3506 2258 3549 2312 si
3565 2268 3703 2310 autem

2158 2339 2304 2407 Baal,
2338 2345 2406 2395 ite
2433 2353 2542 2412 post
2565 2360 2678 2397 eum
2711 2345 2802 2415 (5.
2832 2345 2958 2415 Reg.
2989 2347 3074 2400 18.
3104 2345 3167 2399 21
3196 2346 3235 2416 ).
3265 2347 3407 2402 Idem
3434 2358 3486 2401 ct
3510 2350 3614 2417 ipse
3638 2350 3703 2399 lo-

2157 2447 2292 2500 quor
2311 2432 2378 2486 ad
2408 2433 2555 2486 istos.
2587 2435 2641 2487 Si
2668 2434 3000 2490 .ludaistnum
3032 2436 3230 2504 putatis
3258 2452 3441 2491 verum
3472 2452 3601 2500 esse,
3626 2453 3705 2491 cur

2157 2522 2465 2592 obstrepitis
2493 2523 2791 2580 Ecclesize?
2828 2524 2980 2591 Quod
3028 2525 3072 2579 si
3113 2525 3547 2581 Christianismus
3570 2541 3704 2580 verus

2156 2623 2258 2678 eSI,
2290 2613 2427 2667 sicut
2454 2628 2636 2668 revera
2665 2623 2785 2680 est,
2827 2614 2879 2667 in
2920 2629 2986 2668 eo
3013 2624 3251 2681 manete,
3281 2624 3339 2670 et
3364 2616 3509 2670 illum
3538 2630 3702 2684 sequa-

2155 2703 2306 2758 mini.
2351 2704 2622 2774 Particeps
2667 2720 2725 2760 es
2769 2706 3043 2760 nobiseum
3084 2709 3613 2778 mysteriorum:age
3633 2708 3703 2761 dic

2155 2793 2283 2847 mihi
2305 2834 2321 2860 ,
2363 2794 2630 2849 Christum
2660 2793 2850 2849 adoras
2876 2805 2932 2849 ttt
2960 2795 3325 2861 Christianus,
3356 2798 3425 2851 ab
3462 2798 3548 2851 illo
3588 2798 3703 2851 bona

2157 2886 2312 2953 petis,
2336 2894 2388 2939 et
2414 2900 2533 2939 cum
2564 2885 2708 2940 illius
2739 2885 2980 2941 hostibus
3006 2884 3196 2941 festum
3228 2888 3473 2943 celebras
3490 2889 3514 2942 ?
3534 2889 3591 2942 Et
3615 2902 3703 2957 quo

2156 2975 2366 3029 tandem
2418 2975 2595 3029 animo
2645 2976 2825 3044 prodis
2877 2976 2929 3030 in
2976 2975 3316 3031 Ecclesium?
3364 2978 3553 3033 Verum
3607 2978 3702 3030 hac

2153 3064 2353 3121 dixisse
2382 3065 2608 3121 sufﬁciat
2634 3066 2699 3120 ad
2732 3066 2851 3120 illos
2890 3067 2979 3136 qui
3020 3067 3309 3137 praedicant
3355 3085 3415 3124 se
3455 3069 3699 3123 nobiscum

2152 3157 2370 3222 sentire,
2402 3172 2522 3212 cum
2552 3172 2637 3212 res
2666 3157 2879 3212 illorum
2924 3158 3214 3213 imitentur.
3242 3159 3377 3226 Quia
3423 3175 3545 3213 vero
3579 3167 3627 3212 et
3647 3155 3699 3210 ad

2154 3246 2275 3301 illos
2293 3246 2413 3301 volo
2441 3246 2668 3317 dirigere
2692 3260 3016 3312 sermonem,
3045 3248 3317 3303 concedite
3342 3247 3470 3301 mihi
3499 3256 3549 3302 ut
3572 3248 3701 3300 liceat

2151 3335 2447 3390 doctrinam
2478 3334 2616 3390 hanc
2639 3336 2799 3391 altius
2824 3344 3086 3404 repetere,
3116 3351 3220 3406 quo
3250 3338 3582 3405 perspicuum
3607 3334 3698 3397 ﬁat,

2150 3425 2364 3482 Iudaeos
2399 3441 2540 3481 nunc
2581 3425 2882 3495 jejunantes
2926 3424 3097 3495 legem
3146 3425 3436 3495 ignominia
3479 3426 3697 3489 allicere,

2154 3520 2349 3588 Deique
2391 3527 2657 3587 praecepta
2703 3516 3036 3582 conculcare,
3077 3531 3289 3586 semper
3331 3532 3397 3571 ea
3442 3517 3698 3576 facientes,

2151 3624 2270 3679 qua:
2296 3609 2437 3664 illius
2468 3607 2679 3678 placitis
2702 3607 3069 3662 adversantur.
3097 3606 3307 3661 Etenim
3335 3621 3457 3662 cum
3490 3607 3602 3660 illos
3623 3619 3701 3657 vo-

2152 3701 2294 3756 lebat
2317 3700 2579 3770 jejunare,
2609 3707 2717 3752 tum
2748 3696 3194 3762 incrassahantur,
3223 3695 3694 3765 dilatabantttrque:

2152 3805 2337 3846 rursus
2365 3791 2449 3844 ubi
2478 3805 2580 3842 non
2608 3788 2816 3843 volebat
2841 3803 2934 3841 eos
2960 3786 3200 3856 jejunare
3224 3830 3238 3852 ,
3266 3788 3365 3856 ipsi
3390 3787 3696 3856 jejunabant.

2150 3881 2281 3936 Cum
2309 3881 2467 3934 vellet
2497 3879 2613 3933 illos
2639 3879 2879 3932 victimas
2907 3876 3128 3941 oll'erre,
3172 3876 3239 3931 ad
3282 3877 3559 3931 simulacra
3597 3888 3701 3943 pro-

2151 3972 2407 4043 perabant
2433 3989 2445 4025 :
2476 3986 2596 4026 cum
2625 3969 2788 4024 vellet
2833 3969 2950 4023 illos
2992 3968 3260 4023 celebrare
3304 3967 3497 4023 festum
3540 3967 3698 4029 diem,

2150 4080 2257 4119 non
2288 4064 2559 4119 celebrare
2583 4062 2860 4116 curabant.
2889 4059 2959 4114 Et
2998 4058 3117 4113 ideo
3158 4057 3459 4128 Stephanus
3496 4056 3621 4112 dixit
3646 4054 3699 4106 ad

2146 4134 2292 4214 illos,
2308 4145 2408 4200 Vos
2422 4145 2849 4216 semperSpiritui
2861 4149 3045 4196 sancto
3065 4140 3314 4193 resistitis
3331 4134 3638 4209 (Act.7.5l).
3655 4131 3700 4185 In

2138 4239 2269 4304 hoc,
2292 4238 2490 4309 inquit,
2516 4237 2691 4292 solum
2735 4233 3087 4297 ineubuistis,
3118 4241 3176 4286 ut
3219 4242 3559 4301 quaecunque
3577 4225 3702 4279 Deus

2144 4330 2490 4402 praeceperit,
2522 4327 2589 4383 iis
2612 4325 2890 4381 contraria
2923 4324 3159 4389 faciatis,
3184 4321 3638 4393 quemadmodum
3658 4323 3703 4368 et

2144 4438 2290 4477 nunc
2316 4421 2544 4476 faciunt.
2568 4418 2724 4474 Unde
2746 4418 2799 4472 id
2827 4417 3038 4487 liquet?
3062 4415 3333 4470 Nimirum
3356 4429 3422 4469 ex
3442 4414 3557 4484 ipsa
3580 4412 3700 4480 lege.

2141 4512 2420 4582 Siquidem
2436 4510 2490 4565 in
2508 4510 2642 4580 ipsis
2664 4508 2828 4564 etiam
2846 4507 3002 4563 festis
3016 4505 3263 4561 Judaicis
3280 4520 3390 4560 non
3410 4514 3703 4573 tempusso-

2143 4601 2478 4663 lum,vertnn
2494 4609 2548 4654 et
2570 4599 2749 4653 locum
2763 4598 3045 4653 observari
3065 4596 3233 4666 jussit
3252 4596 3369 4665 ipsa
3393 4596 3499 4651 lex.
3522 4592 3644 4648 Nam
3657 4596 3703 4643 et

2142 4693 2211 4750 de
2236 4692 2505 4749 Paschate
2541 4692 2686 4761 quod
2719 4702 2837 4746 erat
2862 4689 3007 4759 apud
3031 4689 3182 4760 ipsos
3211 4689 3515 4751 disserens,
3541 4686 3609 4739 ita
3636 4682 3703 4734 lo—

2141 4785 2329 4856 quitur
2350 4803 2363 4838 :
2385 4783 2508 4838 Non
2529 4784 2746 4853 potestis
2758 4782 3023 4837 celebrare
3040 4780 3314 4835 Paschain
3328 4779 3443 4833 ulla
3455 4779 3702 4832 ciuitatum

2142 4893 2348 4942 earum,
2367 4894 2500 4949 quas
2517 4875 2773 4930 Dominus
2792 4875 2934 4929 Deus
2960 4875 3058 4927 dat
3078 4873 3221 4928 vobis
3243 4872 3427 4941 (Deut.
3459 4872 3541 4925 16.
3562 4870 3611 4922 5.
3635 4864 3698 4930 6).

2152 4968 2260 5024 Sed
2278 4948 2436 5021 'sieut
2460 4948 2669 5019 decimo
2695 4973 2886 5032 quarto
2911 4960 3001 5016 die
3027 4959 3181 5030 primi
3205 4957 3403 5013 mensis
3424 4997 3438 5022 ,
3470 4955 3539 5009 ita
3564 4951 3701 5007 Jero-

2154 5057 2375 5129 solymis
2410 5056 2564 5124 jubet
2584 5051 2734 5111 ,illud
2763 5052 2977 5122 peragi,
3007 5049 3255 5104 similiter
3277 5047 3436 5101 etiam
3468 5044 3700 5098 Penteco-

2154 5156 2271 5205 sten
2301 5154 2356 5203 et
2380 5146 2480 5201 loci
2499 5153 2554 5199 et
2579 5143 2833 5213 temporis
2870 5139 3241 5196 observatione
3267 5135 3524 5227 conclusit
3551 5149 3569 5227 ξ
3593 5129 3700 5227 dum

2155 5251 2276 5312 post
2295 5246 2501 5308 septem
2530 5233 2890 5290 hebdomadas
2918 5232 3071 5302 jubet
3101 5230 3202 5285 hoc
3225 5228 3427 5322 festum
3445 5222 3701 5322 celebrari.

2153 5341 2209 5387 et
2232 5345 2447 5387 rursum
2475 5343 2597 5383 cum
2621 5325 2804 5382 addit:
2838 5323 2905 5378 In
2941 5324 3050 5377 loco
3072 5338 3218 5392 quem
3251 5319 3450 5408 elegerit
3480 5314 3706 5408 Domitius

2157 5423 2295 5478 Deus
2321 5431 2436 5476 tuus
2461 5420 2658 5491 (Deut.
2688 5417 2773 5473 12.
2804 5417 2864 5471 11
2892 5415 2935 5486 ).
2967 5414 3056 5470 Sic
3089 5408 3359 5468 etfestum
3382 5405 3703 5472 Seenopegize

2158 5513 2407 5569 instituit.
2435 5510 2541 5567 Sed
2563 5509 2905 5578 dispiciamus
2929 5545 2945 5569 ,
2973 5513 3148 5590 utrum
3184 5498 3396 5554 tandem
3429 5496 3606 5590 horum

2159 5607 2326 5676 magis
2352 5603 2735 5667 necessarium,
2766 5598 2917 5654 locus
2955 5611 3025 5650 an
3067 5587 3298 5662 tempus.
3325 5586 3460 5645 Etsi
3490 5598 3588 5639 non
3613 5582 3704 5633 sint

2162 5698 2276 5752 haec
2301 5698 2439 5750 inter
2464 5709 2524 5750 se
2548 5691 2714 5764 paria,
2748 5697 2924 5744 utrum
2949 5682 3341 5743 observandum
3367 5686 3447 5736 est
3481 5681 3703 5743 tempus:
