3920 6442
214 346 343 405 875

211 463 327 516 οὐκ
350 462 562 518 αἰτίαν
583 465 689 537 χρὴ
718 464 903 538 ζητεῖν
929 467 1108 538 μόνον,
1131 469 1269 525 ἀλλά
1287 471 1378 526 καὶ
1408 474 1571 529 τόπον
1593 478 1685 531 καὶ
1714 496 1835 532 και-

214 545 344 618 ρόν.
378 547 624 601 Μᾶλλον
644 547 700 600 δὲ
726 550 856 620 πρὶν
889 549 921 621 ἢ
946 551 1081 622 πρὸς
1115 554 1400 621 Ἰουδαίους
1430 558 1836 627 ἀποτείνασθαι,

208 630 340 692 τοῖς
372 630 692 700 ἡμετέροις
724 632 894 702 ἡδέως
922 633 1277 709 διαλεξόμεθα
1297 650 1323 678 α
1367 640 1573 709 μέλεσι,
1612 645 1725 708 τοῖς
1749 645 1833 697 60-

207 710 389 764 κοῦσι
429 712 549 783 μὲν
577 713 694 783 μεθ’
724 714 881 785 ἡμῶν
912 717 1214 787 τετάχθαι,
1270 720 1633 791 θεραπεύουσι
1675 725 1732 777 δὲ
1770 726 1839 779 τά

210 794 501 860 ἐκείνων,
540 799 632 851 καὶ
664 797 755 851 τὸν
784 799 968 867 ἀγῶνα
998 801 1216 856 ἅπαντα
1242 804 1384 875 ὑπὲρ
1426 806 1604 860 αὐτῶν
1634 809 1840 879 ἀνῃρη-

210 879 450 950 μένοις,
479 879 582 943 οὒς
604 880 697 934 καὶ
719 880 963 946 πλείονος
987 885 1127 939 κατὰ
1150 886 1307 939 τοῦτο
1330 890 1707 961 κατακρίσεως
1730 891 1838 945 τῶν

224 963 540 1018 Ἰουδαίων
567 965 823 1019 ἁπάντων
852 966 1035 1033 ἀξίους
1064 968 1226 1033 ὄντας
1252 972 1382 1041 ὁρῶ.
1422 972 1531 1026 Καὶ
1554 973 1714 1027 τοῦτο
1739 975 1839 1046 οὐχ

204 1049 261 1101 oi
292 1048 475 1117 σοφοὶ
508 1049 605 1101 καὶ
635 1049 849 1102 συνετοὶ
876 1050 1059 1120 μόνον,
1090 1052 1226 1106 ἀλλά
1257 1054 1351 1107 καὶ
1395 1057 1443 1108 οἱ
1474 1057 1722 1112 ὁπωσοῦν
1751 1058 1839 1111 λό-

206 1148 319 1199 γου
375 1133 491 1185 καὶ
548 1132 785 1196 διανοίας
848 1134 1169 1203 μετέχοντες
1230 1137 1719 1210 συνομολογήσαιεν
1771 1141 1837 1195 ἂν

207 1217 387 1285 ἡμῖν.
417 1216 506 1268 Οὐ
548 1214 656 1287 γὰρ
690 1216 849 1286 χρεία
874 1219 1227 1286 σοφισμάτων
1262 1221 1355 1273 καί
1375 1223 1723 1292 κατασκευῆς
1744 1225 1838 1277 καὶ

214 1299 476 1371 μακρῶν
514 1301 782 1371 περιόδων
817 1300 958 1354 ὥστε
992 1302 1271 1368 ἀποδεῖξαι
1315 1304 1492 1371 τοῦτο,
1528 1306 1643 1360 ἀλλ’
1677 1309 1839 1379 ἀρκεῖ

209 1385 393 1454 ψιλήν
423 1401 564 1437 τινα
597 1383 866 1455 ἐρώτησιν
888 1386 1146 1458 ἐρόμενον
1183 1387 1321 1440 ἐλεῖν
1353 1391 1554 1453 αὐτοὺς
1595 1391 1706 1444 ἀπὸ
1736 1391 1838 1461 τῆς

210 1466 620 1539 ἀποκρίσεως.
674 1468 738 1521 Τί
778 1464 903 1535 οῦν;
933 1469 1163 1523 ἕκαστον
1195 1470 1302 1523 τῶν
1331 1470 1491 1525 τοῦτο
1539 1472 1836 1527 νοσούντων

212 1554 540 1624 ἐρήσομαι,
570 1553 895 1623 Χριστιανὸς
926 1549 1010 1616 εἷ;
1051 1553 1196 1616 τινος
1231 1550 1324 1607 οὖν
1357 1555 1543 1609 ἕνεκεν
1591 1556 1660 1611 τὰ
1707 1558 1837 1611 Ἰου-

210 1636 394 1690 δαίων
434 1636 669 1708 ξηλοῖς;
718 1635 882 1689 Ἀλλά
916 1636 1168 1700 Ἰουδαῖος
1201 1632 1290 1703 si;
1328 1639 1475 1702 τίνος
1507 1635 1599 1693 οὖν
1648 1640 1834 1694 ἕνεκεν

215 1720 479 1790 ἐνοχλεῖς
529 1721 597 1791 τῇ
645 1719 976 1791 Ἐκκλησίᾳς
1033 1719 1089 1773 ὐ
1138 1720 1355 1791 Πέρσης
1392 1722 1453 1773 οὐ
1488 1722 1556 1774 τά
1606 1723 1834 1793 Περσῶν

214 1806 463 1873 φρονεῖ;
498 1805 532 1856 6
575 1803 852 1884 βάρϐαρος
905 1804 967 1856 οὐ
1019 1803 1088 1857 τὰ
1123 1803 1416 1877 βαρϐάρων
1448 1805 1632 1876 ζηλοῖ;
1676 1809 1706 1860 ό
1736 1808 1833 1878 τὴν

226 1888 549 1958 Ῥωμαίων
584 1888 766 1958 χώραν
792 1887 957 1941 οἰκῶν
979 1889 1039 1940 οὐ
1067 1889 1164 1959 τὴν
1193 1889 1470 1959 ἡμετέραν
1494 1890 1702 1961 μέτεισι
1730 1908 1830 1945 πο-

217 1969 487 2036 λιτείαν;
526 1970 627 2023 “Av
666 1969 779 2040 ἀλῷ
827 1988 934 2034 τις,
977 1971 1099 2023 εἰπέ
1130 1989 1240 2040 μοι,
1268 1972 1375 2026 τῶν
1410 1975 1539 2044 παρ’
1575 1976 1706 2044 ἡμῖν
1752 1977 1833 2028 0E-

217 2052 479 2107 κούντων
506 2054 582 2107 τά
605 2054 828 2106 ἐκείνων
861 2054 1095 2123 φρονῶν,
1128 2055 1226 2107 οὐκ
1247 2054 1451 2119 εὐθέως
1482 2058 1651 2127 χωρὶς
1673 2057 1830 2126 λόγου

219 2138 319 2191 καὶ
371 2137 691 2202 ἐξετάσεως
738 2136 1047 2201 κολάζεται,
1099 2137 1198 2191 κᾶν
1231 2139 1400 2209 μυρία
1446 2139 1831 2207 ἀπολογεῖσθαι

219 2223 322 2293 ἔχῃ
346 2239 362 2286 ;
399 2221 473 2275 ἂν
499 2224 647 2292 φανῇ
672 2239 755 2283 τις
785 2223 914 2292 παρ’
943 2223 1172 2285 ἐκείνοις
1210 2225 1322 2286 τοῖς
1370 2223 1656 2292 Ῥωμαίων
1684 2224 1829 2298 χρώ-

225 2322 394 2376 μενος
423 2306 645 2374 νόμοις,
671 2305 732 2356 οὐ
762 2304 918 2357 τοῦτο
940 2306 1071 2359 αὐτὸ
1093 2306 1337 2359 πείσεται
1362 2306 1558 2374 πάλιν;
1591 2308 1716 2372 Πῶς
1736 2306 1831 2362 οῦν

223 2393 290 2444 σὺ
323 2391 476 2461 πρὸς
512 2389 616 2460 τὴν
646 2388 963 2459 παράνομον
988 2390 1202 2459 ἐκείνην
1245 2389 1640 2461 μεθιστάμενος
1680 2393 1830 2446 πολι-

220 2475 378 2529 τείαν
418 2475 606 2539 ἀξιοῖς
640 2471 942 2538 σώζεσθαι;
972 2474 1063 2544 Μὴ
1088 2474 1198 2545 γὰρ
1223 2473 1400 2541 ὀλίγον
1420 2476 1547 2542 ,ἐστὶ
1568 2475 1630 2527 τὸ
1665 2476 1829 2546 μέσον

221 2557 388 2627 ἡμῶν
444 2558 553 2611 καί
598 2556 903 2621 Ἰουδαίων;
960 2556 1035 2627 μὴ
1085 2557 1194 2628 γάρ
1227 2557 1368 2628 ὑπὲρ
1396 2556 1506 2610 τῶν
1557 2558 1829 2628 τυχόντων

225 2644 375 2696 ἐστὶν
408 2644 445 2714 ἡ
491 2639 935 2713 ἀμφισϐήτησις,
995 2641 1084 2693 ἵνα
1111 2640 1169 2693 ἐν
1209 2642 1304 2695 καὶ
1342 2642 1406 2694 τὸ
1437 2641 1571 2695 αὐτὸ
1599 2643 1829 2715 νομίσῃς

224 2724 401 2795 εἶναι;
440 2728 513 2780 Τί
548 2725 798 2796 μιγνύεις
828 2726 856 2765 ι)
882 2725 952 2777 τά
972 2726 1178 2795 ἄμικτα
1198 2742 1213 2791 ;
1236 2726 1588 2798 ἐσταύρωσαν
1631 2728 1828 2781 ἐκεῖνοι

222 2813 316 2865 τὸν
349 2811 626 2883 Χριστὸν,
661 2811 722 2864 ὃν
753 2810 817 2862 σὺ
847 2811 1194 2881 προσκυνεῖς.
1244 2811 1407 2881 Ὁρᾷς
1438 2812 1603 2864 πόσον
1645 2812 1706 2865 τὸ
1734 2814 1829 2883 μέ-

230 2912 321 2949 σον
344 2914 360 2960 ;
395 2896 534 2957 Πῶς
563 2890 657 2947 οὖν
685 2892 819 2963 πρὸς
848 2892 1090 2956 ἐκείνους
1119 2893 1333 2963 τρέχεις
1358 2894 1483 2956 τοὺς
1516 2894 1824 2959 ἀνελόντας.

228 2982 256 3031 6
294 2980 639 3050 προσκυνεῖν
670 2972 845 3045 λέγων
870 2975 958 3027 τὸν
983 2976 1433 3046 ἐσταυρωμένον;
1460 2977 1551 3049 Μὴ
1581 2977 1690 3050 γὰρ
1717 2979 1829 3047 ἐγὼ

229 3061 419 3116 τοῦτον
448 3061 669 3131 εἰσάγω
698 3059 807 3113 τῶν
836 3058 1199 3130 ἐγκλημάτων
1220 3058 1309 3112 τὸν
1334 3060 1496 3130 νόμον
1524 3062 1619 3115 καὶ
1645 3061 1705 3114 τὸ
1728 3062 1828 3132 τῆς

230 3145 585 3217 κατηγορίας
618 3140 793 3209 εἶδος;
821 3142 942 3212 οὐχὶ
970 3143 1062 3195 καὶ
1086 3143 1120 3212 ἡ
1143 3141 1335 3213 Γραφὴ
1359 3142 1534 3214 τούτῳ
1563 3144 1826 3215 κέχρηται

160 3284 167 3293 ,
233 3229 367 3300 πρὸς
392 3227 605 3290 αὐτοὺς
628 3225 705 3297 τῷ
724 3225 912 3297 τρόπῳ
933 3243 948 3292 ;
985 3226 1253 3278 ’Ἄκουσον
1276 3225 1330 3278 τί
1354 3243 1517 3298 φησιν
1561 3227 1827 3298 Ἱερεμίας

232 3311 368 3381 πρὸς
398 3312 609 3374 αὐτοὺς
660 3308 934 3372 ἐκείνους·
988 3308 1293 3363 Ἀπέλθετε
1328 3311 1417 3375 είς
1461 3309 1684 3378 Κηδὰρ,
1726 3311 1824 3364 καὶ

235 3394 389 3449 τδετε
408 3413 424 3428 ο
455 3395 871 3451 ἀποστείλατε
902 3396 985 3458 εἰς
1018 3394 1124 3458 τὰς
1176 3390 1413 3458 νήσους
1452 3394 1701 3462 Χετιεὶμ,
1726 3393 1827 3446 καὶ

234 3477 441 3547 γνῶτε,
455 3482 505 3536 εί
542 3478 753 3548 γέγονε
806 3478 1068 3533 τοιαῦτα.
1123 3478 1259 3531 Ποῖα
1301 3475 1510 3541 ταῦτα;
1546 3477 1613 3530 El
1639 3476 1828 3530 ἀλλά-

238 3561 442 3625 ξοντιιι
471 3562 626 3629 ἔθνη
644 3561 818 3628 θεοὺς
834 3559 1054 3625 αὐτῶν,
1085 3560 1369 3615 καίαύτοὶ
1393 3562 1505 3614 οὐκ
1532 3561 1650 3614 είσὶ
1665 3561 1788 3614 θεοί
1809 3579 1824 3594 ο

236 3645 402 3713 ὑμεῖς
426 3646 498 3699 δὲ
528 3644 886 3713 ἠλλάξασθε
917 3643 1033 3711 τὴν
1054 3643 1245 3708 δόξαν
1282 3642 1479 3712 ὑμῶν,
1508 3643 1578 3707 ἐξ
1608 3639 1684 3714 ἧς
1715 3645 1827 3697 οὐκ

236 3727 735 3798 ὠ;εεληοήσεσθε.
779 3728 893 3781 Οὐκ
930 3722 1119 3780 εἶπενο
1181 3724 1512 3791 Ἦλλάξασθε
1564 3726 1656 3779 τὸν
1697 3725 1830 3779 Θεὸν

239 3813 413 3882 ὑμῶν,
440 3813 609 3877 ἀλλὰ,
628 3812 742 3879 τὴν
760 3809 948 3877 δόξαν
982 3821 1029 3863 ί.
1058 3811 1123 3863 ὐ
1146 3810 1201 3864 δὲ
1225 3809 1373 3879 λέγει
1398 3809 1636 3863 τοιοῦτόν
1657 3809 1826 3864 ἐστίν·

251 3895 503 3962 Ἐκεῖνοι,
541 3893 725 3965 φησὶν,
758 3893 953 3947 εἴδωλα
981 3892 1432 3962 προσκυνοῦντες,
1451 3895 1545 3947 καὶ
1571 3892 1830 3963 δαίμονας

240 3979 665 4050 θεραπεύοντες,
695 3975 949 4030 τοσοῦτον
979 3979 1109 4047 περὶ
1134 3979 1234 4048 τὴν
1252 3977 1464 4050 πλάνην
1491 3976 1674 4049 έχουσι
1702 3994 1828 4031 συν-

245 4063 400 4127 ειδὸς,
432 4064 513 4127 ὡς
555 4061 689 4132 μηδέ
722 4059 936 4113 ἑλέσθαι
968 4060 1290 4114 καταλιπεῖν
1317 4062 1521 4118 ἐκεῖνα.
1565 4061 1659 4114 καὶ
1694 4061 1831 4132 πρὸς

241 4146 338 4216 τὴν
365 4146 633 4218 ἀλήθειαν
663 4142 1029 4213 αὐτομολῆσαι
1053 4158 1065 4171 ·
1099 4143 1259 4211 ὑμεῖς
1287 4142 1343 4195 δὲ
1371 4142 1462 4196 τὸν
1491 4143 1667 4213 ἀληθῆ
1699 4143 1830 4196 Θεὸν

243 4228 713 4299 προσκυνοῦντες,
778 4225 929 4298 [6‘20]
968 4225 1197 4295 ἀφέντες
1220 4225 1320 4297 τὴν
1362 4224 1620 4296 πατρῴαν
1673 4225 1829 4278 εὐσέ-

245 4309 429 4379 ϐειαν,
474 4312 618 4382 πρὸς
664 4310 735 4363 τὰ
776 4309 1033 4379 ἀλλότρια
1079 4309 1523 4380 ηὐτομολὴσατε’
1582 4307 1677 4361 καὶ
1708 4308 1829 4361 οὐδὲ

245 4392 374 4467 ὅσην
404 4397 625 4469 ἔχουσιν
648 4396 846 4447 ἐκεῖνοι
869 4393 997 4463 περὶ
1026 4390 1125 4463 τὴν
1157 4382 1364 4461 πλάνην
1398 4390 1600 4461 ταύτην
1648 4390 1829 4443 συνεί-

243 4473 415 4547 δησιν,
441 4477 716 4549 τοσαύτην
751 4477 880 4547 περὶ
912 4475 1009 4547 τὴν
1058 4473 1316 4545 ἀλήθειαν
1349 4474 1505 4543 ὑμεῖς
1546 4472 1827 4538 ἐπεδείξα-

249 4561 362 4622 σθε,
386 4564 486 4617 Διά
515 4561 674 4615 τοῦτό
707 4576 871 4630 φησιν
889 4577 902 4590 ο
940 4560 1011 4613 El
1028 4557 1238 4627 γέγονε
1273 4557 1538 4621 τοιαῦτα,
1567 4556 1622 4609 εί
1641 4555 1828 4611 ἀλλά-

249 4641 452 4707 ξονται
478 4646 624 4714 ἔθνη
647 4645 825 4711 θεοὺς
848 4642 1069 4708 αὐτῶν,
1096 4643 1193 4697 καί
1212 4642 1382 4697 αὐτοὶ
1412 4643 1524 4696 οὐκ
1540 4641 1824 4696 81010801-

248 4726 414 4794 ὑμεῖς
433 4729 504 4784 δὲ
524 4718 878 4799 ἠλλάξασθε
916 4727 1031 4795 τὴν
1073 4727 1263 4792 δόξαν
1295 4721 1481 4795 ὑμῶν,
1515 4725 1586 4789 ἐξ
1609 4721 1687 4795 ἧς
1717 4727 1829 4779 οὐκ

248 4810 734 4884 ὠφεληθήσεσθε.
787 4812 902 4866 υὺκ
940 4806 1115 4876 εἶπεν,
1180 4809 1512 4874 Ἦλλάξασθε
1545 4811 1638 4863 τὸν
1696 4811 1830 4865 Θεὸν

252 4891 401 4963 ὑμῶν
421 4913 436 4927 ·
469 4900 499 4952 6
525 4898 659 4961 Θεὸς
689 4895 802 4967 γὰρ
833 4896 934 4949 οὐκ
963 4894 1294 4948 ἀλλάσσεται
1314 4910 1329 4923 ·
1359 4892 1496 4957 ἀλλ’,
1537 4893 1829 4959 Ἠλλάξα-

251 4979 357 5030 σθε
376 4977 490 5047 τὴν
511 4979 700 5044 δόξαν
729 4978 916 5043 ὑμῶν.
947 4977 1039 5049 Μὴ
1062 4977 1173 5048 γὰρ
1198 4977 1319 5046 ἐμὲ,
1357 4979 1541 5048 φησιν,
1563 4977 1831 5047 ἠδικήσα-

250 5074 337 5112 τε·
373 5062 445 5136 μὴ
480 5063 591 5135 γάρ
614 5062 739 5135 ἐμοὶ
766 5061 982 5130 ἐγένετο
1016 5061 1190 5132 βλάϐη
1213 5078 1230 5093 ⁸
1261 5060 1419 5133 ὑμεῖς
1460 5062 1689 5126 ἑαυτοὺς
1713 5064 1833 5132 ἠτι-

257 5140 470 5210 μὼσατε
490 5163 504 5178 ν
529 5147 630 5219 τὴν
665 5145 803 5216 ἐμὴν
827 5145 928 5198 οὐκ
956 5144 1308 5214 ἡλαττώσατε
1337 5140 1519 5211 δόξαν,
1555 5144 1696 5199 ἀλλὰ
1731 5145 1831 5216 τὴν

254 5223 537 5300 ὑμετέραν.
565 5230 699 5283 Δότε
728 5228 793 5300 δὴ
820 5229 991 5299 κάμοι
1015 5228 1174 5281 τοῦτο
1200 5230 1296 5282 καὶ
1324 5229 1461 5301 πρὸς
1478 5231 1606 5292 τοὺς
1630 5229 1827 5300 ἡμετέοι

256 5321 376 5374 ρους
402 5312 596 5377 εἰπεῖν,
616 5311 670 5365 εί
688 5328 753 5379 γε
784 5311 1089 5383 ἡμετέρους
1107 5312 1213 5383 χρὴ
1239 5312 1427 5365 καλεῖν
1449 5313 1576 5375 τοὺς
1591 5312 1661 5365 τὰ
1689 5312 1834 5365 ἐκεί-

257 5401 356 5442 νων
393 5396 742 5466 φρονοῦντας.
777 5394 1082 5466 Πορεύεσθε
1113 5397 1193 5461 είς
1217 5394 1318 5459 τάς
1367 5397 1711 5466 συναγωγὰς,
1739 5396 1833 5451 καὶ

256 5466 389 5526 εδετε
419 5478 469 5530 εί
496 5478 803 5551 ἠλλάξαντο
846 5479 1089 5533 Ἰουδαῖοι
1127 5479 1227 5552 τὴν
1259 5478 1514 5549 νηστείαν
1547 5480 1750 5545 αὐτῶν,
1782 5480 1832 5532 εί

256 5596 657 5717 ᾱέιεξορὲυῐὶωἰ
680 5618 797 5656 mss.
825 5605 993 5657 Monlf.
1020 5607 1356 5669 διαλεξώμεθα,
1378 5608 1510 5671 quod
1532 5608 1694 5658 minus
1710 5622 1833 5672 qua-

317 5720 346 5792 '3
366 5724 565 5792 §them
586 5742 703 5778 mss.
731 5730 847 5778 εἶναι
872 5731 953 5778 καὶ
977 5730 1184 5792 μιγνύῃς.

323 5784 343 5812 ε
364 5784 490 5855 ηερ,
515 5793 604 5855 οὐκ
624 5791 771 5855 εἶπεν,
793 5784 1056 5850 ἠλλάεασθέ
1074 5784 1164 5840 rb?
1181 5792 1301 5842 Θεὸν
1321 5794 1473 5855 ὑμῶν,
1498 5794 1619 5843 ἀλλὰ
1639 5796 1724 5851 τὴν
1747 5796 1827 5843 δό-

269 5840 357 5922 ςρξνν
374 5840 551 5922 ςξςειὶυι
570 5854 620 5901 in
642 5840 861 5922 εενίίλξι
885 5840 941 5901 ili
958 5840 1073 5902 mss.
1096 5840 1307 5922 sepiem,
1334 5840 1421 5922 ἐει]
1441 5840 1623 5904 6υῶνὶιί
1649 5840 1823 5905 Πότε-ι.

277 5909 325 5951 οι
346 5905 447 5959 aliis
460 5912 682 5972 iaceant.
706 5920 758 5964 et
780 5914 837 5963 ad
862 5927 1059 5965 sensum
1084 5905 1341 5973 quidrcn't,
1368 5918 1546 5969 inlacta
1587 5926 1831 5971 maneant.

1478 359 1845 422 Αυγειιευε
1883 366 2195 429 ΠΙΒᾹΞΟΒ.
2235 374 2323 429 ιν.

1869 652 1877 769 l

1940 486 2001 540 16
2036 487 2221 575 πάσχα
2238 488 2362 575 μεθ’
2387 490 2544 561 ἡμῶν
2573 493 2928 563 ἐνήστευσαν,
2959 495 3010 550 εί
3037 498 3243 571 ταύτην
3269 502 3367 574 τὴν
3394 508 3531 575 ἡμέ.

1945 588 2044 640 ραν
2076 570 2205 625 ποτὲ
2231 570 2454 640 ἔφαγον.
2495 576 2606 628 Καὶ
2638 576 2779 649 αὕτη
2820 580 2921 633 οὐκ
2952 579 3070 634 ἐστι
3107 570 3351 654 νηστείαν,
3390 570 3527 642 ἀλλὰ

1941 654 2259 739 παρανομία
2288 657 2383 709 καὶ
2413 656 2656 729 ἁμαρτία
2695 661 2791 713 καὶ
2807 660 3155 734 πλημμέλεια
3178 680 3193 697 ο
3236 666 3349 720 ἀλλ’
3374 669 3528 739 ὅμως

1938 735 2322 821 ούκΠὴλλαξαν.
2373 739 2564 809 Ὑμεῖς
2595 742 2651 795 δὲ
2683 743 2989 812 ἡλλάξασθε
3028 747 3130 818 τὴν
3161 748 3319 813 δόξαν
3349 735 3524 821 ὐμῶν,

1939 813 2098 904 «ἐξ-ἦς
2121 820 2221 873 οὐκ
2251 821 2691 894 ὠφεληθήσεσθε,
2719 827 2811 880 καὶ
2840 829 2977 899 πρὸς
3002 813 3326 886 τάέκείνων
3363 813 3524 904 ηὐτοὲ

1942 899 2237 971 μολήσατε.
2274 905 2413 957 Πότε
2442 906 2502 958 τὸ
2540 909 2727 978 πάσχα
2757 912 3103 981 ἐνήστευσαν
3127 912 3356 981 ἐκεῖνοι;
3385 899 3528 967 ⁷πότε

1905 1043 1909 1048 1
1942 982 2237 1053 μαρτύρων
2262 987 2382 1055 μεθ’
2406 989 2563 1058 ἡμῶν
2594 991 2788 1062 ἑορτὴν
2809 993 3175 1061 ἐπετέλεσαν;
3211 996 3342 1049 πότε
3386 997 3531 1051 κατὰ

1908 1065 2038 1136 ντὴν
2065 1066 2176 1120 τῶν
2226 1070 2556 1139 Ἐπιφανίων
2590 1074 2802 1144 ἡμέραν
2835 1078 2966 1145 ἡμῖν
2997 1078 3402 1149 ἐκοινώνησαν;
3445 1081 3531 1133 Ἐ-

1939 1151 2107 1233 κεῖνοι
2135 1151 2272 1221 πρὸς
2285 1154 2385 1223 τὴν
2410 1154 2669 1225 ἀλήθειαν
2696 1158 2757 1209 οὐ
2781 1158 3059 1228 τρέχουσι,
3085 1161 3180 1212 καὶ
3207 1162 3367 1230 ὑμεῖς
3390 1162 3527 1233 πρὸς

1938 1228 2037 1299 τὴν
2075 1236 2423 1311 παρανομίαν
2453 1236 2707 1307 τρέχετε·
2732 1241 3077 1310 παρανομίαν
3104 1242 3161 1294 δὲ
3193 1228 3529 1311 λέγω,ἐπει-

1939 1313 2003 1384 δὴ
2043 1316 2194 1387 παρὰ
2218 1306 2313 1370 ίτὸν
2335 1306 2683 1391 προσήκοντα
2715 1306 2888 1376 ταῦτα
2916 1306 3125 1391 γίνεται
3177 1306 3388 1397 καιρόν.
3417 1322 3527 1379 Ἷῐν

1940 1416 2070 1452 ποτε
2105 1401 2315 1471 καιρὸς,
2357 1404 2445 1455 ὅτε
2484 1404 2659 1458 ταῦτα
2705 1406 3071 1474 φυλάττεσθαι
3105 1409 3234 1470 ἔδει,
3264 1409 3402 1462 ἀλλὰ
3430 1408 3526 1462 νῦν

1938 1482 2038 1535 οὐκ
2066 1482 2203 1538 ἐστι.
2231 1484 2331 1538 Διὰ
2355 1484 2515 1541 τοῦτο
2543 1488 2604 1542 τὸ
2629 1491 2761 1543 ποτέ
2800 1491 3025 1557 ἔννομον
3058 1492 3377 1564 παράνομόν
3410 1494 3527 1546 ἐστι

1938 1582 2055 1620 νυν.

2005 1645 2067 1700 δ’.
2098 1648 2225 1702 Δότε
2263 1667 2352 1720 μοι
2382 1651 2444 1704 τὸ
2468 1653 2563 1706 τοῦ
2610 1653 2766 1708 Ἠλία
2803 1655 2938 1727 πρὸς
2968 1658 3165 1721 αὐτοὺς
3186 1658 3379 1711 εἰπεῖν.
3416 1658 3527 1710 Καὶ

1937 1730 2046 1801 γὰρ
2062 1733 2265 1796 ἐκεῖνος
2283 1735 2309 1784 6
2317 1734 2424 1802 ρῶν
2445 1737 2572 1798 τοὺς
2603 1736 2891 1801 Ἰουδαίους
2906 1740 3261 1804 ἀσεϐοῦντας,
3278 1742 3373 1793 καὶ
3393 1740 3524 1793 ποτέ

1940 1813 2038 1884 μὲν
2064 1813 2142 1884 τῷ
2184 1815 2303 1885 Θεῷ
2343 1817 2732 1887 προσέχοντας,
2774 1822 2906 1875 ποτέ
2935 1823 2992 1875 δὲ
3020 1821 3092 1875 τά
3117 1823 3314 1877 εἴδωλα
3365 1823 3528 1889 θεραο

1938 1895 2225 1963 πεύοντας,
2256 1898 2398 1952 οὕτω
2427 1918 2541 1964 πως
2573 1903 2738 1971 φησίν
2760 1921 2773 1934 ·
2810 1906 2966 1969 ’Έως
3015 1908 3162 1960 πότε
3197 1908 3526 1976 χωλανεῖτε

1935 1981 2027 2033 ἐπ’
2075 1982 2437 2052 ἀμφοτέραις
2479 1986 2610 2051 ταῖς
2652 1989 2917 2055 try-tiam;
2959 1991 3030 2043 Εὶ
3073 1988 3206 2042 ἔστι
3234 1991 3454 2056 Κύριος
3490 1993 3525 2043 ό

1938 2064 2083 2128 Θεὸς
2109 2063 2279 2132 ἡμῶν
2300 2070 2431 2134 μεθ’
2448 2066 2616 2135 ὑμῶν
2643 2068 2694 2133 ά,
2720 2069 2894 2124 δεῦτε
2912 2072 3009 2124 καὶ
3038 2072 3368 2139 πορεύεσθε
3396 2072 3525 2124 ὀπί-

1935 2164 2023 2199 σω
2052 2148 2239 2201 αὺτοῦ
2259 2163 2272 2175 '
2309 2151 2363 2202 εί
2400 2149 2469 2202 δὲ
2502 2153 2534 2204 ὀ
2574 2153 2762 2216 Βαὰλ,
2804 2154 3135 2221 πορεύεσθε
3177 2155 3373 2207 ὀπίσω
3417 2155 3525 2207 αὑ-

1935 2230 2060 2284 τοῦ.
2085 2230 2255 2284 Τοῦτο
2288 2233 2381 2286 καὶ
2431 2232 2543 2301 ἐγὼ
2584 2230 2680 2288 νῦν
2712 2235 2856 2304 λέγω
2888 2236 3026 2307 πρὸς
3057 2236 3256 2301 αὐτούς
3275 2254 3289 2266 ·
3340 2238 3403 2289 Ei
3433 2236 3526 2290 τὸν

1947 2314 2281 2386 Ἰουδαῖσμὸν
2322 2317 2575 2386 νομίζετε
2617 2318 2879 2390 ἀλήθειαν
2935 2316 3099 2385 εἶναι,
3157 2321 3300 2383 τίνος
3337 2320 3525 2373 ἕνεκεν

1932 2397 2200 2466 ἐνοχλεῖτε
2222 2400 2288 2468 τῇ
2335 2399 2669 2472 Ἐκκλησίᾳ;
2695 2403 2744 2454 εί
2782 2403 2841 2456 δὲ
2867 2405 2895 2456 ό
2914 2404 2957 2456 Χ
2968 2403 3341 2472 ριστιανισμός
3375 2404 3524 2455 ἐστιν

1933 2479 2160 2550 ἀληθὴς,
2213 2481 2499 2550 ὼσπεροῦν
2549 2484 2645 2538 καὶ
2674 2484 2813 2550 ἐστι,
2855 2485 3069 2556 μένετε,
3098 2486 3194 2539 καὶ
3222 2484 3522 2556 πορεύεσθε

1932 2562 2108 2615 ὀπίσω
2136 2561 2324 2619 αὐτοῦ.
2362 2564 2484 2619 Τῶν
2532 2568 2848 2638 μυστηρίων
2881 2572 3181 2634 κοινωνεῖς,
3230 2570 3354 2622 εἰπέ
3409 2585 3520 2639 μοι,

1930 2645 2022 2700 τὸν
2050 2645 2287 2717 Χριστὸν
2314 2652 2640 2717 προσκυνεῖς
2672 2649 2748 2713 ὡς
2770 2651 3099 2721 Χριστιανὸς
3131 2662 3178 2716 ⁸,
3228 2651 3358 2722 παρ’
3385 2649 3523 2703 ἐκεί·-

1933 2745 2025 2782 νου
2055 2729 2123 2782 τά
2151 2728 2331 2797 ἀγαθά
2355 2731 2563 2795 αἰτεῖς·
2604 2732 2699 2786 καὶ
2742 2732 2880 2803 μετά
2918 2733 3028 2786 τῶν
3080 2734 3294 2804 ἐχθρῶν
3330 2732 3523 2803 ἑορτά-

1894 2830 1901 2835 ’
1933 2809 2046 2875 ξεις
2081 2811 2195 2865 τῶν
2222 2812 2435 2865 ἐκείνου
2457 2829 2470 2878 ;
2498 2814 2591 2867 καὶ
2625 2814 2753 2885 ποίᾳ
2780 2814 2977 2886 γνώμῃ
3003 2818 3084 2880 είς
3102 2816 3202 2887 τὴν
3225 2816 3522 2886 ἐκκλησίαν

1932 2894 2177 2964 ἀπαντᾷς
2200 2893 2417 2960 λοιπόν;
2449 2897 2595 2966 Πρὸς
2632 2896 2731 2967 μὲν
2761 2893 2855 2952 οῦν
2895 2900 3023 2962 τοὺς
3053 2898 3122 2951 τά
3153 2899 3399 2969 ἡμέτερα
3434 2898 3524 2950 λέ-

1931 2992 2128 3043 γοντας
2179 2980 2422 3048 φρονεῖν,
2481 2980 2578 3031 καὶ
2626 2979 2696 3032 τά
2723 2981 2948 3033 ἐκείνων
2987 2980 3308 3050 ζηλοῦντας,
3360 2982 3523 3051 ἀρκεῖ

1930 3051 2083 3122 οὗτος
2108 3059 2137 3110 ό
2158 3059 2317 3128 λόγος
2353 3062 2485 3131 ἡμῖν
2501 3076 2516 3090 '
2547 3062 2736 3133 ἐπειδὴ
2762 3063 2820 3116 δὲ
2845 3063 2940 3116 καὶ
2966 3063 3102 3133 πρὸς
3127 3063 3369 3125 ἐκείνους
3384 3064 3519 3116 ἀπο-

1929 3141 2208 3195 τείνασθαι
2246 3142 2529 3213 βούλομαι,
2563 3144 2684 3197 δότε
2727 3162 2817 3215 μοι
2850 3147 3200 3216 μακροτέραν
3229 3160 3531 3219 προσενεγ-

1932 3228 2048 3279 κεῖν
2070 3226 2169 3298 τὴν
2199 3226 2548 3280 διδασκαλίαν
2580 3229 2677 3281 καὶ
2701 3229 2869 3294 δεῖξαι
2897 3230 3014 3292 πῶς
3060 3230 3153 3283 τὸν
3194 3230 3359 3298 νόμον
3392 3230 3517 3281 άτι-

1935 3308 2199 3379 μάζουσιν
2232 3310 2281 3363 οί
2328 3309 2571 3364 Ἰουδαῖοι
2608 3310 2964 3381 νηστεύοντες
3011 3311 3140 3376 νῦν,
3187 3312 3280 3366 καὶ
3308 3311 3381 3365 τά
3418 3310 3516 3364 τοῦ

1932 3392 2068 3446 Θεοῦ
2108 3390 2485 3447 καταπατοῦσι
2536 3395 2966 3464 προστάγματα,
3019 3395 3350 3457 ἀπεναντίας
3406 3398 3518 3458 τοῖς

1932 3475 2128 3546 ἐκείνῳ
2149 3476 2366 3531 δοκοῦσι
2396 3477 2575 3530 πάντα
2610 3477 2892 3541 ποιοῦντες
2917 3479 3021 3532 ἀεί.
3060 3480 3186 3531 Ὅτε
3217 3479 3347 3546 γοῦν
3368 3478 3520 3531 ἐϐού-

1932 3560 2054 3613 λετο
2095 3561 2289 3623 αὐτοὺς
2324 3559 2628 3630 νηστεύειν,
2667 3559 3011 3625 λιπαίνοντες
3057 3562 3419 3614 ἐπλατύνοντο
3460 3561 3513 3599 τ’

1931 3644 2021 3697 ὅτε
2049 3645 2106 3696 δέ
2140 3642 2385 3713 βούλεται
2428 3643 2625 3706 αὐτοὺς
2659 3642 2734 3714 μὴ
2759 3644 3076 3713 νηστεύειν,
3126 3643 3247 3697 τότε
3283 3642 3518 3712 φιλονει-

1933 3726 2090 3779 κοῦσι
2117 3725 2470 3796 νηστεύοντες
2491 3743 2502 3754 ·
2527 3726 2616 3778 ὅτε
2652 3724 2847 3795 ἢθελεν
2890 3727 3091 3787 αὐτοὺς
3121 3725 3313 3779 θυσίαν
3345 3741 3523 3796 προσ-

1932 3809 2108 3877 άγειν,
2144 3808 2280 3879 πρὸς
2303 3807 2373 3861 τὰ
2398 3808 2593 3862 εἴδωλα
2624 3807 2878 3880 ἐτρεχονο
2923 3809 3012 3862 ὅτε
3053 3809 3113 3862 οὐ
3150 3808 3396 3877 βούλεται
3421 3806 3521 3859 αύ-

1930 3893 2060 3956 τοὺς
2101 3891 2294 3963 ἐορτάς
2324 3890 2612 3955 ἐπιτελεῖν,
2646 3891 3039 3957 σπουδάζουσιν
3090 3891 3393 3961 ἑορτάζειν.
3424 3890 3522 3942 Διὰ

1932 3975 2092 4029 τοῦτο
2124 3976 2152 4027 ό
2179 3973 2447 4042 Στέφανος
2471 3973 2623 4042 ἔλεγε
2652 3974 2789 4044 πρὸς
2811 3974 3010 4040 αὐτούς
3043 3992 3056 4005 ·
3106 3974 3292 4044 Ὑμεῖς
3319 3972 3414 4027 ἀεὶ
3440 3972 3522 4037 τῷ

1933 4058 2237 4126 Πνεύματι
2268 4056 2349 4121 τῷ
2389 4057 2536 4126 ἁγίῳ
2564 4056 2968 4111 ἀντιπίπτετε.
3018 4060 3115 4112 Ἓν
3147 4057 3325 4121 τοῦτο,
3368 4054 3485 4127 [6‘21
3499 4053 3519 4124 j

1936 4130 2140 4210 φησὶν(
2163 4139 2536 4192 ἐσπουδάκατε
2575 4138 2755 4209 μόνον,
2812 4139 3031 4192 ἐναντία
3063 4142 3238 4191 ποιεῖν
3286 4130 3360 4190 ὧν
3396 4138 3462 4190 ἂν
3492 4138 3522 4189 ό

1934 4222 2067 4284 Θεὸς
2092 4221 2353 4292 ἐπιτάξῃ·
2383 4221 2637 4293 καθάπερ
2666 4218 2758 4276 οῦν
2799 4223 2893 4275 καὶ⁵
2926 4222 3023 4276 νῦν
3064 4222 3298 4274 ποιοῦσι.
3348 4220 3522 4274 Πόθεν

1932 4304 2092 4358 τοῦτο
2111 4304 2268 4374 δῆλον
2290 4319 2304 4369 ;
2340 4304 2459 4356 Ἀπ’
2489 4302 2654 4356 αὑτοῦ
2681 4303 2777 4357 τοῦ
2813 4304 3000 4374 νόμου.
3035 4300 3147 4357 Καὶ
3164 4303 3272 4373 γὰρ
3296 4303 3522 4356 ἐπὶτῶν

1935 4387 2138 4460 ἑορτῶν
2179 4387 2287 4439 τῶν
2329 4387 2637 4441 Ἰουδαϊκῶν
2686 4389 2746 4441 οὐ
2803 4388 2993 4460 καιρὸν
3041 4388 3224 4458 μόνον,
3263 4384 3399 4439 ἀλλὰ
3425 4385 3522 4440 καὶ

1931 4473 2098 4526 τόπον
2128 4474 2470 4543 παρατηρεῖν
2502 4469 2789 4524 ἐκέλευσεν
2822 4472 2850 4524 ό
2886 4472 3071 4542 νόμος.
3102 4472 3213 4524 Καὶ
3250 4471 3359 4541 γὰρ
3392 4471 3522 4543 περὶ

1932 4555 2027 4610 τοῦ
2062 4556 2248 4626 πάσχα
2285 4556 2480 4608 τούτου
2520 4554 2657 4625 πρὸς
2697 4556 2896 4620 αὐτοὺς
2925 4555 3324 4626 διαλεγόμενος,
3376 4554 3524 4608 οὕτω

1934 4640 2052 4705 πώς
2078 4656 2270 4712 φησιν⁸
2300 4642 2381 4693 Οὐ
2408 4637 2753 4704 δυνήσεσθε
2775 4640 2968 4694 ποιεῖν
2992 4641 3061 4694 τὸ
3088 4640 3300 4709 πάσχα
3329 4641 3398 4693 ἐν
3421 4641 3521 4693 οὑν

1933 4722 2106 4795 δεμιᾷ
2134 4722 2253 4777 τῶν
2281 4724 2517 4776 πόλεων
2548 4715 2636 4775 ὧν
2661 4723 2876 4792 Κύριος
2899 4725 2932 4777 ό
2963 4725 3108 4791 Θεός
3150 4740 3267 4778 σου
3308 4722 3521 4777 δίδωσι

1934 4824 2056 4863 σοι.
2100 4806 2243 4860 Ἀλλ’
2259 4806 2449 4879 ὥσπερ
2472 4807 2532 4859 ἐν
2552 4808 2618 4877 τῇ
2649 4807 3219 4880 τεσσαρεσκαιδεκάτῃ
3244 4806 3339 4860 τοῦ
3367 4804 3521 4879 πρώ-

1932 4908 2027 4944 του
2064 4890 2254 4963 μηνὸς,
2277 4888 2423 4942 οὕτω
2456 4888 2551 4943 καὶ
2579 4891 2637 4942 ἐν
2667 4891 2781 4953 τοῖς
2817 4888 3210 4960 Ἰεροσολύμοις
3255 4889 3388 4943 αὐτὸ
3424 4906 3521 4955 κετ

1934 4975 2083 5047 λεύει
2112 4976 2289 5027 ποιεῖν
2307 4990 2323 5006 ο
2359 4973 2453 5027 καὶ
2479 4972 2579 5044 τὴν
2605 4972 2979 5044 πεντηκοστὴν
3021 4973 3222 5043 ὁμοίως
3275 4973 3368 5027 καλ⁵
3396 4972 3525 5041 χρό-

1932 5077 2026 5112 νου
2065 5059 2163 5112 καὶ
2206 5057 2375 5112 τόπου
2421 5057 2803 5128 παρατηρήσει
2844 5056 3179 5118 συνέκλεισε,
3213 5054 3353 5124 μετά
3383 5054 3525 5109 ἑπτὰ

1934 5142 2237 5213 ἑϐδομάδας
2255 5140 2518 5204 κελεύσας
2538 5141 2710 5211 αὐτὴν
2728 5141 3017 5204 ἐπιτελεῖν,
3045 5139 3142 5192 καὶ
3165 5138 3329 5194 πάλιν
3351 5154 3523 5208 προσ-

1935 5222 2069 5289 θεὶς,
2104 5225 2187 5278 ὃτι
2247 5223 2344 5278 Ἐν
2384 5222 2465 5289 τῷ
2490 5223 2650 5286 τόπῳ
2691 5216 2740 5289 ᾧ
2779 5222 2858 5277 ἂν
2886 5221 3207 5291 ἐκλέξηται
3239 5221 3456 5289 Κύριος
3489 5222 3523 5273 ὀ

1935 5309 2080 5375 Θεός
2106 5321 2249 5363 σου.
2278 5306 2435 5361 Οὕτω
2468 5308 2562 5361 καὶ
2585 5305 2684 5370 τὰς
2712 5306 3107 5378 σκηνοπηγίας.
3155 5304 3296 5360 Ἀλλ’
3324 5304 3523 5373 ἴδωμεν

1933 5392 2261 5462 ἀμφοτέρων
2298 5390 2525 5457 τούτων,
2558 5388 2655 5444 τοῦ
2714 5388 2907 5460 καιροῦ
2953 5390 3050 5443 καὶ
3102 5389 3197 5443 τοῦ
3223 5388 3427 5451 τόπου,
3466 5387 3523 5442 τί

1934 5476 2065 5529 ποτέ
2093 5476 2241 5529 ἐστιν
2265 5473 2712 5545 ἀναγκαιότερον,
2734 5474 2861 5529 ὅταν
2886 5473 3173 5545 ἀμφότερα
3202 5471 3281 5544 μὴ
3295 5471 3396 5543 ἐξῇ
3415 5469 3523 5525 σῶ-

1995 5669 2021 5710 d
2044 5670 2247 5721 Plurimi
2271 5684 2386 5720 mss.
2408 5668 2551 5730 εβεὸς
2572 5669 2671 5730 μεθ’
2697 5668 2846 5730 ὑμῶν.
2871 5665 3067 5730 Morel.,
3088 5664 3262 5730 ﬁgi],
3288 5669 3343 5730 ei
3367 5662 3451 5714 alii
3480 5668 3521 5716 εί

1995 5686 2021 5710 α
2046 5686 2247 5721 I’Inl'lml
2271 5686 2386 5720 mss.
2408 5686 2551 5725 ευεος
2608 5686 2668 5717 ευ·
2697 5686 2846 5730 υμων.
2873 5686 3067 5728 σιω-ειη
3108 5686 3260 5715 δικ-ιι.
3288 5686 3340 5713 ιιι
3367 5686 3451 5714 am
3480 5686 3518 5716 ει

1934 5736 2111 5812 ξζύριος
2127 5726 2469 5812 όΘεόε-ἡμῶν
2508 5686 2607 5793 μεθξ
2629 5731 2779 5792 ὑμῶν.
2820 5729 2877 5779 In
2918 5729 3040 5779 edit.
3083 5722 3203 5778 LXX
3242 5728 3380 5790 ἡμῶν
3413 5731 3518 5788 μεθ’

1932 5794 2065 5858 ὑμῶν
2090 5809 2183 5844 non
2207 5794 2432 5844 habetur.

2015 5859 2032 5919 ξ
2059 5857 2191 5913 Hac,
2220 5858 2283 5911 ὡς
2308 5853 2601 5919 Χριστιανός,
2622 5852 2812 5919 desunl_
2828 5853 2878 5919 in
2904 5851 3196 5919 qqibusdam
3215 5864 3333 5901 mss.

2011 5916 2031 5957 ί
2079 5919 2284 5969 Plurimi
2307 5914 2419 5968 m'ss.
2448 5915 2757 5973 ἑλιπαίνοντο,
2794 5914 3124 5965 ἐπλατύνοντο.
