3920 6430
408 339 508 394 877

414 488 528 533 σαι,
545 471 774 542 πότερον
794 468 891 525 τοῦ
911 470 1080 525 τόπου
1101 472 1184 526 δεῖ
1208 471 1637 543 καταφρονῆσαι,
1668 471 1761 524 τὸν
1790 468 1979 540 καιρὸν

410 555 465 609 δὲ
490 554 742 624 φυλάξαι,
763 552 796 624 ἢ
822 552 918 607 τοῦ
936 554 1129 627 καιροῦ
1149 556 1687 625 καταφρονήσαντας,
1711 554 1801 608 τὸν
1819 553 1984 607 τόπον

409 640 668 709 τηρῆσαι.
704 640 770 692 '0
802 638 859 692 δὲ
889 638 1052 706 λέγω,
1086 637 1327 692 τοιοῦτόν
1359 641 1510 691 ἐστιν
1529 656 1542 668 ·
1593 636 1852 703 Ἐπέταξε
1890 637 1985 689 καὶ⁸

411 724 469 775 ἐν
506 721 585 793 τῷ
638 720 841 793 πρώτῳ
873 721 1024 793 μηνὶ,
1069 723 1165 775 καὶ
1192 723 1251 775 ἐν
1286 721 1681 793 Ἱεροσολύμοις
1705 723 1768 776 16
1800 721 1984 792 πάσχα

410 804 690 873 γίνεσθαι,
726 806 821 859 καὶ
858 806 916 857 ἐν
957 805 1136 876 καιρῷ
1172 805 1268 857 καὶ
1314 804 1377 857 ἐν
1422 799 1979 876 τόπῳδιωρισμένῳ.

420 887 779 956 Ύποθώμεθα
811 888 989 940 τοίνυν
1014 886 1110 940 δύο
1130 886 1285 948 τινάς
1313 882 1454 941 εἶναι
1487 885 1773 949 ποιοῦντας
1795 887 1856 941 16
1881 888 1986 940 πά-

408 986 535 1040 σχα,
568 972 662 1023 καὶ
683 972 712 1023 6
743 970 843 1039 μὲν
862 969 1249 1041 παραϐαινὲτω
1275 969 1370 1024 τὸν
1387 971 1571 1035 τόπον,
1598 969 1690 1023 τὸν
1710 970 1769 1023 δὲ
1792 970 1983 1040 καιρὸν

408 1052 643 1123 τηρείτω
662 1067 677 1080 ’
704 1054 734 1104 ὁ
764 1052 821 1104 δὲ
866 1052 1103 1123 τηρείτω
1137 1053 1235 1124 μὲν
1267 1054 1359 1107 τὸν
1382 1054 1565 1119 τόπον,
1598 1054 1984 1126 παραϐαινέτω

407 1134 463 1187 δέ
493 1135 585 1187 τὸν
608 1135 799 1203 καιρόν
819 1151 832 1166 ·
862 1138 957 1187 καὶ
986 1135 1209 1188 ποιείτω
1239 1138 1270 1189 6
1310 1136 1409 1206 μὲν
1441 1136 1533 1189 16v
1560 1137 1751 1207 καιρὸν
1777 1136 1980 1207 τηρῶν,

406 1217 760 1287 παραϐαίνων
783 1217 842 1271 δὲ
866 1218 956 1273 τὸν
985 1219 1148 1272 τόπον
1173 1221 1231 1272 ἐν
1251 1218 1330 1290 τῷ
1351 1220 1551 1291 πρώτῳ
1587 1221 1737 1291 μηνὶ,
1763 1219 1985 1274 καὶτῶν

416 1298 806 1371 Ἱεροσολύμων
838 1301 945 1368 ἐξω
981 1319 1084 1356 που
1120 1303 1370 1373 μακράν·
1406 1305 1435 1357 6
1466 1302 1522 1356 δὲ
1550 1302 1642 1356 τὸν
1686 1303 1851 1358 τόπον
1884 1321 1983 1374 τη·-

407 1383 537 1454 ρῶν,
561 1384 915 1454 παραϐαίνων
941 1386 999 1439 δὲ
1017 1387 1108 1441 τὸν
1132 1387 1342 1456 καιρὸν,
1379 1387 1600 1440 ποιείτω
1637 1387 1737 1458 μὲν
1773 1389 1831 1439 ἐν
1883 1387 1983 1439 ἰε-

408 1466 728 1538 ροσολύμοις
754 1466 816 1520 16
847 1468 1055 1539 πάσχα,
1093 1470 1169 1539 μὴ
1200 1468 1278 1539 τῷ
1299 1471 1502 1540 πρώτῳ
1533 1469 1591 1522 δὲ
1636 1469 1767 1540 μηνὶ
1786 1510 1800 1534 ,
1849 1467 1985 1522 ἀλλὰ

406 1549 484 1619 τῷ
513 1550 748 1623 δευτέρῳ
769 1568 785 1583 ·
818 1546 937 1605 εἶτα
969 1552 1167 1622 ῐδωμεν
1193 1554 1276 1616 τίς
1306 1552 1415 1606 τῶν
1439 1552 1533 1605 δύο
1553 1553 1758 1605 τούτων
1782 1552 1930 1604 ἐστὶν
1954 1552 1984 1603 6

324 1668 331 1673 Α
406 1631 825 1701 ἐγκαλούμενος,
846 1633 932 1696 τίς
950 1633 1007 1686 δὲ
1024 1634 1053 1686 6
1072 1633 1392 1705 εὐδοκιμῶν,
1416 1638 1444 1688 6
1467 1634 1718 1706 παραϐὰς
1742 1634 1834 1687 τὸν
1863 1651 1985 1688 και-

410 1714 524 1786 ρὸν,
558 1716 653 1768 καὶ
673 1718 733 1769 ἐν
755 1716 832 1787 τῷ
858 1717 1007 1788 τόπῳ
1037 1719 1287 1789 ποιήσας,
1315 1719 1346 1789 ἢ
1376 1721 1404 1772 6
1432 1719 1523 1773 τὸν
1563 1719 1730 1772 τόπον
1755 1717 1982 1771 καταλι-

404 1797 545 1861 πὼν,
570 1799 664 1852 καὶ
688 1800 781 1853 τὸν
804 1801 994 1871 καιρὸν
1031 1800 1293 1871 φυλάξας.
1333 1804 1430 1856 Ἂν
1456 1804 1565 1874 γὰρ
1595 1806 1623 1856 6
1649 1803 1742 1857 τὸν
1790 1803 1983 1873 καιρὸν

406 1881 507 1950 μὲν
528 1883 783 1954 παραϐὰς
827 1885 918 1937 ἵνα
944 1884 1075 1938 εῐσω
1098 1886 1299 1958 ποιήσῃ
1331 1875 1431 1958 τῆς
1453 1887 1680 1950 πόλεως,
1713 1887 1985 1958 ἀποδοχῆς

404 1962 553 2026 ἄξιος
571 1962 647 2018 ὣν
675 1970 840 2038 φανῇ,
869 1970 898 2021 6
918 1967 975 2020 δὲ
996 1967 1087 2022 τὸν
1111 1969 1302 2038 καιρὸν
1342 1969 1441 2039 μὲν
1469 1969 1731 2039 φυλάξας,
1768 1970 1987 2023 καταλι-

405 2042 525 2098 πὼν
550 2045 719 2102 δέτδν
752 2049 932 2113 τόπον,
972 2049 1336 2121 ἐγκλημάτων
1376 2052 1472 2105 καὶ
1510 2052 1846 2124 κατηγορίας
1878 2052 1986 2107 ὥσ-

405 2144 512 2195 περ
546 2128 843 2200 ἀσεϐήσας,
869 2131 1109 2204 εὔδηλον,
1141 2135 1223 2188 ὅτι
1250 2135 1344 2187 καὶ
1371 2127 1516 2188 οὗτοι
1552 2136 1981 2207 παρανομοῦσιν,

404 2210 464 2261 ἐν
491 2209 573 2280 τῷ
598 2212 748 2283 τόπῳ
775 2214 851 2285 μὴ
887 2214 1184 2282 ποιοῦντες,
1227 2216 1331 2271 κᾶν
1373 2217 1632 2288 μυριάκις
1671 2218 1870 2287 λέγωσι
1895 2219 1984 2274 τὸν

405 2291 600 2363 καιρὸν
635 2298 843 2365 τηρεῖν.
892 2296 1063 2352 Πόθεν
1113 2293 1206 2353 οὖν
1232 2298 1390 2353 τοῦτο
1434 2300 1587 2355 ἐσται
1621 2302 1819 2373 δῆλον;
1866 2303 1983 2355 Ἀπ’

404 2373 570 2428 αὐτοῦ
599 2377 694 2431 τοῦ
720 2380 1017 2444 Μωῦσέως.
1066 2382 1285 2455 Ἐπειδὴ
1332 2382 1442 2456 γὰρ
1472 2386 1736 2457 ἐποίησαν
1780 2386 1886 2453 ἔξω
1921 2387 1984 2440 τὸ

406 2456 610 2540 πάσχα,
643 2461 969 2532 προσῆλθον,
998 2465 1153 2535 φησὶ,
1176 2467 1320 2530 τινὲς
1344 2467 1421 2537 τῷ
1450 2456 1678 2540 Μωῦσῇ,
1710 2469 1981 2537 λέγοντες

415 2537 614 2607 Ἡμεῖς
640 2542 963 2612 ἀκάθαρτοι
986 2547 1175 2617 ἐσμεν
1192 2548 1292 2601 ἐπὶ
1321 2549 1495 2618 ψυχῇ
1522 2537 1867 2618 ἀνθρώπουο
1895 2551 1983 2620 μὴ

402 2621 832 2695 ὑστερήσωμεν
849 2629 1278 2698 προσενεγκεῖν
1291 2630 1358 2684 τὸ
1383 2631 1575 2700 δῶρον
1590 2634 1811 2701 Κυρίου
1834 2633 1987 2686 κατὰ

404 2708 612 2773 καιρὸν
646 2707 835 2762 αὑτοῦ
879 2709 952 2764 ἐν
989 2712 1160 2781 μέσῳ
1196 2713 1343 2767 υἱῶν
1383 2715 1661 2783 Ἰσραήλ;
1711 2716 1820 2770 Καὶ
1855 2712 1986 2770 εἷπε

402 2788 557 2853 πρὸς
573 2789 797 2857 αὐτοὺς
825 2793 1118 2861 Μωῦσῆς·
1140 2785 1326 2864 Στῆτε
1353 2797 1560 2865 αὐτοῦ,
1595 2799 1695 2851 καί
1723 2800 1983 2853 ἀκούσο-

402 2887 508 2938 μαι
532 2870 590 2923 τί
615 2872 941 2930 ἐντελεῖται
972 2878 1187 2946 Κύριος
1201 2879 1335 2947 περὶ
1362 2878 1550 2949 ὑμῶν.
1574 2881 1685 2934 Καὶ
1714 2880 1985 2949 ἐλάλησε
2020 2884 2025 2887 “

404 2953 621 3021 Κύριος
652 2955 803 3024 πρὸς
821 2959 1107 3029 Μωῦσῆν,
1135 2960 1354 3030 λέγων·
1383 2961 1667 3031 Λάλησον
1688 2962 1813 3030 τοῖς
1834 2963 1987 3030 υἱοῖς

403 3035 666 3105 Ἰσραὴλ,
694 3039 889 3109 λέγων
911 3056 926 3074 ο
969 3043 1304 3111 Ἄνθρωπος
1329 3044 1396 3109 ὃς
1428 3044 1537 3098 ἐὰν
1566 3045 1811 3115 γένηται
1841 3046 1987 3101 ἀκά-

403 3122 620 3187 θαρτος
639 3121 734 3175 ἐπὶ
768 3121 942 3193 ψυχῇ
976 3125 1311 3194 ἀνθρώπου,
1339 3126 1378 3197 ἢ
1407 3128 1478 3182 ἐν
1519 3128 1636 3195 ὀδῷ
1685 3129 1904 3199 μακρᾷ,
1945 3130 1983 3198 ἣ

402 3201 470 3254 ὲν
494 3202 656 3272 ὑμῖν,
675 3205 746 3259 ἐν
770 3208 901 3273 ταῖς
922 3208 1155 3277 γενεαῖς
1182 3209 1371 3279 ὑμῶν,
1401 3213 1644 3278 ποιήσει
1674 3211 1742 3266 τὸ
1774 3213 1987 3283 πάσχα

402 3283 474 3337 ἐν
500 3284 583 3351 τῷ
603 3287 753 3356 μηνὶ
784 3289 866 3354 τῷ
895 3289 1171 3360 δευτέρῳ.
1206 3294 1341 3348 Ὃδέ
1366 3294 1533 3363 λέγει,
1556 3295 1796 3350 τοιοῦτόν
1815 3299 1981 3351 ἐστιν’

333 3392 354 3413 ο
407 3369 506 3456 Ὦς
526 3370 593 3424 ἂν
617 3369 674 3444 ᾗ,
706 3376 891 3444 φησιν,
913 3376 973 3430 ἐν
999 3378 1279 3451 ἀποδημία
1295 3380 1439 3434 κατὰ
1462 3383 1555 3434 τὸν
1576 3382 1791 3453 πρῶτον
1817 3385 1983 3456 μῆνα,

407 3452 484 3540 Ρζὴ
512 3456 745 3540 ξεοεείῖιξ)
768 3457 867 3527 τῆς
895 3457 1102 3522 πόλεως
1121 3460 1248 3525 ἔξω,
1280 3463 1394 3516 ἀλλ’
1411 3466 1470 3517 ἐν
1496 3464 1575 3535 τῷ
1602 3452 1842 3538 δευτέρῳ
1875 3452 1985 3540 μη-

404 3536 479 3601 νὶ,
511 3535 814 3611 ἴναφθάσῃ
841 3541 921 3603 είς
961 3541 1333 3614 Ἱεροσόλυμα,
1364 3548 1460 3600 καὶ
1487 3535 1986 3618 παραϐαινέτωτόν

405 3622 616 3691 καιρὸν,
654 3624 743 3678 ἵνα
766 3626 841 3696 μὴ
868 3625 967 3696 τῆς
1001 3625 1211 3691 πόλεως
1242 3630 1450 3702 ἐκπέσῃ
1471 3646 1486 3661 ⁶
1541 3633 1636 3686 ἀπ’
1679 3635 1847 3689 αὑτοῦ
1880 3636 1987 3691 δει-

406 3705 557 3767 κνὺς,
579 3705 661 3758 ὅτι
694 3708 726 3778 ή
759 3707 853 3791 τοῦ
892 3708 1060 3762 τόπου
1096 3714 1479 3784 παρατήρησις
1524 3717 1625 3787 τῆς
1667 3719 1762 3771 τοῦ
1791 3721 1983 3791 καιροῦ

406 3789 843 3873 παρατηρήσεώς
873 3792 1024 3845 ἐστιν
1057 3794 1480 3865 ἀναγκαιοτέρα.
1516 3798 1581 3850 Τί
1604 3800 1785 3855 τοίνυν
1811 3789 1985 3873 ἐχοιεν

342 3938 347 3941 _
407 3870 476 3923 ἂν
499 3873 673 3926 εἰπεῖν
694 3876 743 3927 οί
769 3875 866 3946 τῆς
899 3876 1107 3942 πόλεως
1133 3877 1238 3943 ἔξω
1269 3878 1420 3953 [(522]
1470 3882 1789 3952 110106111“;
1815 3870 1985 3941 Ὅταν

406 3954 516 4027 γὰρ
548 3955 609 4008 16
634 3958 1059 4031 ἀναγκαιότερον
1090 3963 1430 4031 παραϐῶσιν,
1475 3966 1651 4039 ούδὲή
1683 3969 1741 4022 ἐν
1782 3969 1860 4041 τῷ
1893 3988 1983 4040 μι-

409 4040 654 4125 κροτέρῳ
702 4046 1085 4116 παρατήρησις
1126 4048 1265 4120 ὑπὲρ
1313 4050 1493 4103 αὐτῶν
1540 4052 1986 4125 ἀπολογήσασθαι

405 4122 649 4208 δύναται.
683 4129 847 4180 Ὥστε
870 4130 975 4183 κᾶν
1004 4131 1265 4201 μυριάκις
1284 4133 1483 4188 δοκῶσι
1514 4137 1587 4208 μὴ
1628 4122 1986 4208 παραϐαίνειν

405 4207 499 4261 τὸν
533 4210 740 4282 καιρὸν,
783 4212 1021 4284 ἐσχάτην
1061 4219 1406 4288 παρανομίαν
1440 4207 1839 4292 παρανομοῦσι.
1875 4224 1990 4277 Καὶ

405 4292 565 4347 τοῦτο
593 4295 694 4349 οὐκ
727 4297 977 4352 ἐντεῦθεν
1005 4299 1165 4370 δῆλον
1196 4302 1357 4371 μόνον
1376 4344 1391 4369 ,
1434 4304 1570 4359 ἀλλά
1606 4308 1700 4361 καὶ
1743 4308 1851 4362 ἀπὸ
1877 4310 1985 4365 τῶν

406 4377 723 4464 προφητῶν.
786 4380 953 4464 Ὅταν
998 4383 1110 4454 γὰρ
1138 4384 1435 4452 φαίνωνται
1468 4389 1688 4457 ἐκεῖνοι,
1728 4394 1868 4464 μήτε
1894 4394 1986 4447 θύ-

409 4475 621 4550 σαντες,
657 4463 793 4532 μήτε
820 4462 965 4550 ώδὴν
985 4466 1216 4537 ᾄσαντες
1237 4469 1330 4523 ἐπὶ
1366 4471 1470 4542 γῆς
1503 4462 1812 4548 ἀλλοτρίας,
1848 4480 1984 4550 μήτε

406 4544 661 4633 νηστείαν
712 4547 967 4618 τοιαύτην
994 4552 1120 4604 τινὰ
1159 4553 1571 4622 νηστεύσαντες,
1609 4544 1767 4614 ποίαν
1810 4544 1986 4633 ἔχοιεν

408 4626 475 4679 ἂν
505 4620 650 4681 οὗτοι
676 4630 1037 4703 συγγνώμην;
1064 4635 1255 4689 Καίτοι
1275 4653 1339 4705 γε
1362 4640 1557 4695 ἐκεῖνοι
1580 4620 1986 4714 προσδοκῶντες

407 4711 793 4802 ἀπολήψεσθαι.
825 4717 926 4787 τὴν
972 4717 1231 4802 τοιαύτην
1281 4722 1458 4776 αὐτῶν
1508 4711 1802 4794 πολιτείαν,
1837 4711 1987 4802 ὅμως

408 4792 601 4886 ἔμενον
625 4793 704 4867 τῷ
737 4797 886 4886 νόμῳ
914 4798 1246 4886 πειθόμενοι,
1281 4806 1375 4858 καὶ
1398 4807 1467 4861 τὰ
1510 4808 1615 4886 106
1643 4792 1808 4882 νόμου
1848 4792 1987 4886 πληξ-

411 4875 633 4967 ροῦντες
658 4892 672 4907 ⁸
705 4879 862 4967 τοῦτο
888 4881 998 4954 γὰρ
1095 4885 1257 4955 νόμος
1290 4887 1475 4957 ἔλεγεν
1502 4908 1517 4922 ο
1557 4875 1720 4946 οὗτοι-
1748 4895 1805 4947 δὲ
1851 4875 1986 4967 μηδέ

407 4957 739 5045 ἐλπίδατινά
762 4961 978 5032 ἔχοντες
1004 4966 1105 5038 τήν
1131 4970 1404 5041 προτέραν
1433 4974 1812 5045 ἀπολήψεσθαι
1835 4957 1988 5032 πολι-

388 5042 557 5130 ντείαν
589 5042 1088 5130 (ιποῦγάρέχουσιν
1126 5061 1153 5091 ι
1193 5052 1300 5106 ἀπὸ
1328 5054 1433 5109 τῶν
1486 5042 1787 5129 προφητῶν
1818 5062 1986 5130 δεῖξαι

407 5125 625 5211 τοῦτο;)
655 5128 776 5182 ούδέ
805 5128 981 5195 οὓτως
1023 5134 1307 5208 ἀνέχονται
1351 5125 1671 5211 ἡσυχάζειν..
1695 5125 1987 5200 Καίτοινεί

408 5208 506 5298 καὶ
537 5211 880 5298 προσεδόκων
927 5216 1333 5289 ἀπολήψεσθαι,
1373 5208 1653 5280 καῖ-οὓτω
1703 5229 1987 5298 μιμεῖσθαι

408 5290 671 5381 εδει-τοὺς
698 5295 882 5365 ἁγίους
917 5300 1179 5368 ἐκείνους,
1210 5306 1305 5358 καὶ
1344 5307 1626 5378 νηστεύειν
1646 5351 1661 5377 ,
1693 5290 1829 5381 μηδὲ
1861 5313 1989 5368 ἀλλο

407 5376 648 5431 τοιοῦτον
667 5383 861 5435 ποιεῖν.
1398 5376 1406 5378 ⁷
1491 5402 1501 5409 ’

481 5466 543 5514 ε’.
564 5461 685 5515 Ὅτι
703 5462 811 5534 γὰρ
834 5463 984 5520 οὐδὲν
1006 5466 1211 5523 τούτων
1233 5470 1496 5543 ἐποίησαν
1511 5473 1730 5542 ἐκεῖνοι,
1755 5478 1987 5537 ἄκουσον

473 5698 488 5720 ⁸
510 5699 886 5774 ῥιὶΙ-ςπολιτείανς
988 5708 1076 5773 γὰρ
1098 5709 1305 5773 ἔχουσιν,
1328 5714 1457 5774 quod
1481 5674 1656 5766 (3;)de
1680 5720 1870 5769 recidit.
1907 5720 1985 5769 In-

404 5759 474 5810 fra
505 5759 659 5811 Savil.
681 5772 731 5814 et
753 5768 953 5828 prurimi
976 5759 1090 5820 ὧδὲ.
1117 5759 1196 5820 ἷὶαι
1219 5759 1915 5852 μήτε’νη-στεύεῦἶίμῆτξ-άλλαί

1099 358 1154 414 S.
1193 357 1478 416 JOANNIS
1517 355 1704 414 CHRY
1715 352 1984 426 $051206!

2093 355 2373 415 110111121).
2420 352 2975 415 coxsnsrmor;
3120 333 3126 339 ’
3559 360 3653 415 s13

2090 469 2144 522 τί
2183 471 2321 541 πρὸς
2364 473 2488 537 τοὺς
2532 475 2849 545 ἐρωτῶντας
2884 473 3089 543 ἔλεγον.
3145 475 3362 548 Ἐπειδὴ
3396 474 3501 549 γὰρ
3542 481 3656 536 ἐπί·

2092 571 2270 608 κειντο
2292 554 2600 628 βιαζόμενοι
2622 560 2716 612 καὶ
2747 557 3151 627 ἀναγκάζοντες
3174 560 3371 624 αὐτοὺς
3401 562 3450 614 οἱ
3476 561 3670 633 βάρϐα-

2095 653 2175 707 ροι
2198 639 2496 709 κεχρῆσθαι
2517 644 2629 703 τοῖς
2645 641 2896 711 ὀργάνοις
2912 641 3113 715 αὐτῶν,
3137 641 3389 710 λέγοντες
3409 659 3422 672 ·
3450 646 3669 715 ’ᾼσατσ

2089 720 2234 788 ἡμῖν
2256 721 2370 789 τὴν
2409 723 2575 791 ᾠδὴν
2625 725 2867 793 Κυρίου,
2920 713 3118 777 ἐκεῖνοι
3147 724 3239 778 τὸν
3267 726 3435 796 νόμον
3486 713 3671 791 σαφῶς

2089 804 2441 873 ἐπιστάμενοι
2468 806 2568 857 ούκ
2596 806 2966 876 ἐπιτρέποντα
2982 806 3160 860 ταῦτα
3192 806 3296 872 ἔξω
3330 812 3525 874 ποιεῖν,
3556 810 3669 863 ἐλεσ

2089 902 2185 954 γον
2201 905 2215 918 ·
2243 888 2374 953 Πῶς
2405 886 2637 957 ᾇσομεν
2672 888 2789 957 τὴν
2811 888 2977 957 ᾠδὴν
2990 891 3213 958 Κυρίου
3236 890 3335 944 ἐπὶ
3355 892 3471 961 τῆς
3489 893 3670 948 ἀλλο-

2088 970 2296 1037 τρίας;
2326 972 2435 1025 Καὶ
2458 971 2620 1026 πάλιν
2645 973 2693 1024 οί
2715 972 2905 1035 παῖδες
2925 972 2975 1026 οί
2996 976 3144 1042 τρεῖς
3177 974 3235 1027 ἐν
3260 973 3537 1028 Βαϐυλῶνι
3559 975 3644 1029 δια

2088 1052 2364 1123 τρίϐοντες
2400 1054 2586 1122 ἔλεγον
2610 1071 2624 1085 ·
2652 1056 2775 1109 Οὐκ
2824 1054 2997 1109 ἔστιν
3028 1055 3100 1109 ἐν
3147 1054 3228 1122 τῷ
3263 1056 3445 1125 καιρῷ
3484 1059 3670 1124 τούτῳ

2088 1136 2288 1203 ἄρχων
2324 1137 2423 1191 καὶ
2469 1137 2808 1207 προφήτης,
2841 1137 2986 1192 οὐδὲ
3015 1139 3199 1205 τόπος
3223 1138 3330 1192 τοῦ
3361 1140 3670 1209 καρπῶσαι

2086 1217 2345 1271 ἐνώπιόν
2384 1234 2519 1285 σου,
2560 1222 2659 1273 καί
2689 1220 2889 1288 εὑρεῖν
2927 1221 3121 1287 ἕλεος.
3162 1222 3357 1275 Καίτοι
3389 1238 3453 1291 γε
3505 1223 3671 1287 πολὺς

2087 1294 2155 1369 ἦν
2194 1303 2310 1354 ἐκεῖ
2330 1302 2515 1366 τόπος,
2549 1303 2666 1357 ἀλλ’
2695 1303 2886 1374 ἐπειδὴ
2915 1305 2943 1357 6
2972 1303 3098 1367 va6;
3128 1304 3228 1357 οὐκ
3259 1299 3346 1374 ἦν.
3371 1304 3563 1374 ἔμενον
3595 1305 3671 1377 μὴ

2089 1382 2328 1447 θύοντες.
2356 1386 2467 1439 Καὶ
2501 1385 2639 1457 πρὸς
2671 1385 2891 1456 ἐτέρους
2932 1386 2989 1439 δὲ
3028 1386 3191 1439 πάλιν
3224 1388 3253 1439 6
3279 1385 3411 1449 Θεὸς
3438 1385 3528 1439 διὰ
3576 1386 3671 1440 τοῦ

2089 1466 2383 1535 Ζαχαρίου,
2433 1468 2530 1536 Μὴ
2575 1469 2871 1536 νηστείαν
2933 1467 3375 1535 νενηστεύκατέ
3409 1486 3513 1538 μοι
3565 1469 3671 1538 ἔτη

2088 1546 2496 1618 ἐϐδομήκοντα
2517 1564 2536 1614 ;
2561 1551 2629 1605 τὰ
2661 1551 2759 1621 τῆς
2789 1551 3170 1622 αἰχμαλωσίας
3196 1550 3392 1619 λέγων.
3434 1550 3560 1615 Πῶς
3579 1547 3674 1605 οὖν

2090 1631 2157 1683 σὺ
2188 1630 2284 1685 νῦν
2316 1633 2618 1702 νηστεύεις,
2654 1634 2778 1687 εἰπέ
2807 1651 2919 1705 μοι,
2955 1634 3065 1688 τῶν
3098 1634 3377 1703 προγόνων
3407 1629 3515 1687 τῶν
3566 1634 3673 1687 σῶν

2089 1710 2215 1766 οὔτε
2252 1714 2551 1778 θυσάντων,
2587 1716 2712 1768 οὔτε
2747 1719 3185 1787 νηστευσάντων,
3213 1714 3338 1769 οὔτε
3373 1719 3673 1787 ἐορτασάν-

2088 1811 2234 1860 των;
2275 1796 2397 1849 Ὀτι
2442 1797 2551 1868 γὰρ
2601 1796 2729 1852 οὕτε
2758 1798 2822 1852 16
2851 1800 3037 1870 πάσχα
3090 1798 3401 1865 ἐπετέλουν,
3440 1798 3674 1869 μάλιστα

2092 1878 2191 1948 μὲν
2220 1878 2316 1933 καὶ
2367 1880 2432 1931 ἐκ
2469 1879 2676 1933 τούτων
2705 1880 2885 1953 δῆλον.
2924 1883 3101 1934 Ὅπου
3128 1881 3238 1952 γὰρ
3264 1881 3424 1934 θυσία
3452 1882 3554 1934 οὑκ
3579 1876 3672 1952 ἦν,

2088 1961 2209 2014 οὐδὲ
2238 1962 2398 2034 ἐορτὴ
2436 1958 2524 2034 ἦν,
2547 1963 2737 2035 ἐπειδὴ
2762 1964 2943 2028 πάσας
2964 1963 3137 2028 οὕτως
3159 1963 3527 2017 ἐπιτελεῖσθαι
3541 1963 3673 2017 ἔδει.

2036 2051 2041 2058 “
2091 2043 2211 2097 Ἵνα
2242 2043 2300 2097 δὲ
2332 2046 2427 2097 καὶ
2473 2044 2638 2099 αὐτοῦ
2670 2045 2766 2098 τοῦ
2817 2047 2844 2086 ιι
2880 2048 3209 2118 πράγματος
3253 2046 3352 2117 τὴν
3398 2044 3674 2110 ἀπόδειξιν

2090 2127 2523 2199 παρασχώμεθα,
2552 2129 2784 2183 ἄκουσον
2810 2130 2860 2183 τί
2889 2147 3053 2200 φησιν
3082 2131 3112 2182 6
3144 2128 3344 2199 Δανιήλ
3363 2145 3377 2159 ·
3421 2128 3524 2182 Ἐν
3546 2127 3674 2195 ταῖς

2088 2210 2337 2279 ἡμέραις
2365 2212 2624 2279 ἐκείναις
2651 2212 2816 2283 ἤμην
2835 2213 2951 2283 ἐγὼ
2982 2213 3207 2280 Δανιὴλ
3236 2211 3490 2275 πενθῶν,
3514 2211 3675 2278 τρεῖς

2089 2292 2418 2363 ἑϐδομάδας
2440 2295 2623 2363 ἄρτον
2643 2294 2969 2365 ἐπιθυμιῶν
2987 2299 3097 2349 οὐκ
3123 2296 3370 2365 ἔφαγον,
3387 2294 3487 2347 καί
3508 2291 3675 2360 οἶνος

2090 2375 2192 2429 καί
2233 2376 2410 2444 κρέας
2453 2379 2564 2431 οὐκ
2600 2376 2887 2446 εἰσῆλθεν
2931 2380 3019 2445 εὶς
3043 2378 3110 2431 τὸ
3148 2380 3343 2446 στόμα
3375 2394 3529 2445 μου,
3574 2376 3672 2430 καί

2089 2458 2347 2528 ἄλειμμα
2368 2462 2481 2514 οὐκ
2514 2461 2863 2529 ἠλειψάμην
2896 2462 2968 2515 ἐν
2989 2461 3121 2525 ταῖς
3148 2458 3473 2529 ἑϐδομάσιν
3520 2459 3675 2512 ἐκεί.

2088 2558 2240 2607 ναις.
2273 2542 2387 2595 Καὶ
2415 2543 2739 2612 ὲτένετοέν
2759 2542 2834 2612 τῇ
2864 2542 3117 2610 τετάρτῃ
3142 2543 3242 2596 καί
3263 2540 3453 2596 εἰκάδι
3484 2541 3677 2611 ἡμέρᾳ

2090 2624 2196 2678 τοῦ
2226 2624 2460 2693 πρώτου
2475 2625 2690 2694 μηνὸς,
2706 2622 2873 2679 εἶδον
2892 2624 3008 2694 τὴν
3027 2624 3261 2694 ὅρασιν.
3290 2622 3557 2678 Ἐνταῦθά
3582 2640 3674 2693 μοι

2093 2705 2232 2776 μετά
2261 2708 2547 2778 ἀκριϐείας
2589 2709 2920 2780 προσέχετε·
2950 2710 3060 2761 6116
3093 2708 3202 2780 γάρ
3246 2707 3453 2763 τούτων
3489 2706 3670 2777 δῆλον,

2088 2789 2171 2842 ὅτι
2198 2788 2260 2841 τὸ
2293 2791 2480 2860 πάσχα
2516 2791 2618 2844 οὐκ
2651 2791 3009 2845 ἐπετέλεσαν·
3055 2791 3152 2845 καὶ
3189 2791 3324 2854 πῶς,
3360 2790 3473 2859 ἐγὼ
3504 2788 3670 2857 λέγω.

2103 2870 2192 2924 Ἐν
2234 2874 2354 2936 ταῖς
2377 2872 2617 2944 ήμέραις
2654 2873 2763 2927 τῶν
2798 2873 3025 2945 ἀζύμων
3072 2874 3353 2944 νηστεύειν
3398 2871 3675 2934 Ἰουδαίοις

2089 2955 2151 3008 ού
2185 2955 2375 3026 θέμις’
2420 2950 2577 3021 οὗτος
2603 2956 2661 3010 δὲ
2709 2957 2922 3029 ἡμέρας
2960 2958 3135 3010 εἴκοσι
3166 2958 3259 3011 καὶ
3288 2956 3417 3028 μίαν
3458 2955 3673 3019 οὐδενὸς

2089 3037 2226 3101 ὅλως
2257 3039 2575 3109 μετέλαϐεν.
2609 3040 2720 3093 Καὶ
2761 3040 2925 3094 πόθεν
2953 3040 3131 3110 δῆλον,
3167 3040 3352 3112 φησὶν,
3394 3041 3478 3093 ὅτι
3506 3039 3564 3092 αἱ
3595 3040 3674 3093 εί-

2091 3137 2212 3174 κοσι
2240 3122 2441 3193 ήμέραι
2463 3122 2559 3175 καὶ
2593 3123 2692 3192 μία
2730 3124 2871 3178 κατά
2892 3123 2993 3188 τάς
3034 3124 3250 3197 ἡμέρας
3289 3123 3397 3178 τῶν
3446 3122 3675 3191 ἀζύμων

2088 3200 2265 3276 ἦσαν;
2317 3206 2405 3272 Ἐξ
2434 3199 2508 3259 ὧν
2544 3203 2719 3273 εἶπεν,
2763 3208 2846 3261 ὅτι
2887 3207 3142 3279 τετάρτῃ
3185 3208 3286 3263 καί
3326 3207 3520 3262 εἰκάδι
3563 3205 3675 3261 τοῦ

2091 3288 2326 3358 πρώτου
2352 3290 2568 3359 μηνός.

2165 3510 2359 3565 Καίτοι
2395 3527 2461 3579 γε
2493 3511 2554 3564 16
2587 3511 2773 3582 πάσχα
2802 3512 2883 3576 είς
2915 3510 3043 3582 μίαν
3078 3511 3173 3567 καὶ
3204 3511 3397 3566 εἰκάδα
3423 3510 3673 3582 τελευτᾷ.

2093 3594 2243 3668 [625]
2287 3592 2611 3666 Ἀρξάμενοι
2646 3595 2756 3667 γὰρ
2792 3594 2902 3648 ἀπὸ
2931 3596 3031 3666 τῆς
3074 3593 3674 3666 τεσσαρεσκαιδεκάτης

2089 3677 2184 3733 τοῦ
2216 3677 2434 3751 πρῶτον
2467 3677 2657 3750 μηνὸς.
2692 3676 2810 3732 εἶτα
2861 3680 3076 3750 ἡμέρας
3126 3680 3267 3733 ἐτιτά
3296 3678 3671 3750 ἐορτάσαντες,

2091 3764 2172 3826 είς
2195 3762 2294 3834 τὴν
2316 3762 2507 3816 είκάδα
2553 3762 2648 3815 καὶ
2692 3762 2918 3834 πρώτην
2965 3762 3303 3816 ἀπαντῶσιν.
3326 3761 3485 3814 ’Ἀλλ’
3523 3761 3675 3831 ὅμως

2091 3847 2188 3901 καὶ
2218 3845 2581 3919 παρελθόντος
2612 3845 2708 3899 τοῦ
2735 3847 2919 3917 πάσχα
2941 3845 3156 3917 ἔμεινεν
3180 3845 3342 3909 αὐτὸς
3371 3844 3671 3917 νηστεύων.

2104 3930 2438 4002 Ἀρξάμενος
2463 3929 2574 4000 γὰρ
2605 3930 2714 3983 6116
2734 3933 2834 4002 τῆς
2863 3930 3053 4001 τρίτης
3082 3929 3296 4001 ἡμέρας
3334 3927 3427 3982 τοῦ
3453 3927 3672 3999 πρώτου

2094 4014 2281 4086 μηνὸς,
2324 4011 2444 4069 εἶτα
2480 4017 2654 4069 εἴκοσι
2687 4012 2783 4067 καὶ
2824 4012 2953 4083 μίαν
2982 4012 3305 4084 πληρώσας,
3337 4011 3436 4083 τὴν
3473 4028 3671 4064 τεσσα-

2094 4097 2522 4170 ρεσκαιδεκάτην
2546 4095 2844 4169 παρῆλθεν,
2885 4099 2982 4150 καὶ
3006 4099 3123 4167 μετ’
3157 4096 3372 4168 ἐκείνην
3409 4094 3551 4148 ἐπτά
3578 4095 3674 4147 καὶ

2089 4183 2241 4252 τρεῖς
2268 4182 2480 4252 ἡμέρας
2530 4180 2724 4250 ἐτέρας
2760 4193 2808 4234 υ.
2840 4178 2965 4243 Πῶς
3011 4176 3105 4233 οὖν
3155 4180 3257 4232 οὐκ
3281 4180 3496 4247 ἐναγεῖς
3527 4171 3673 4230 οὗτοι

2091 4263 2187 4317 καὶ
2222 4264 2431 4335 μιαροὶ,
2482 4263 2591 4316 τῶν
2638 4262 2810 4332 ἁγίων
2846 4262 3072 4314 ἐκείνων
3104 4261 3258 4316 οὐδὲν
3300 4261 3542 4315 τοιοῦτον
3565 4260 3673 4314 τῶν

2090 4347 2338 4418 νομίμων
2397 4345 2773 4415 φυλαττόντων
2813 4348 2906 4399 ἐπὶ
2933 4345 3038 4416 γῆς
3084 4345 3390 4419 ἀλλοτρίας,
3428 4346 3581 4399 αὐτοὶ
3605 4344 3676 4398 τὰ

2091 4431 2309 4485 ἐναντία
2334 4429 2613 4494 ποιοῦντες
2633 4430 2772 4502 πρὸς
2787 4428 3118 4498 φιλονεικίαν
3147 4430 3241 4483 καὶ
3258 4429 3402 4500 ἐριν;
3432 4430 3544 4483 Καὶ
3564 4429 3673 4499 γὰρ

2091 4518 2141 4570 εἱ
2167 4516 2267 4588 μὲν
2293 4516 2527 4588 ρᾴθυμοί
2557 4533 2704 4579 τινες
2736 4511 2879 4586 ἦσαν
2924 4516 3020 4570 καὶ
3062 4514 3378 4578 ἀνευλαϐεῖς
3411 4515 3463 4566 οί
3500 4513 3673 4566 ταῦτα

2090 4599 2343 4669 λέγοντες
2372 4601 2466 4653 καὶ
2494 4599 2796 4664 ποιοῦντες,
2839 4597 2970 4662 ἴσως
2997 4598 3064 4652 ἄν
3086 4614 3170 4662 τις
3197 4597 3469 4669 ῥᾳθυμίας
3494 4596 3673 4664 ἐνόμι-

2094 4699 2186 4736 σεν
2217 4677 2357 4735 εἶναι
2387 4681 2448 4734 16
2478 4682 2553 4753 μή
2597 4682 2886 4751 φυλάττειν
2908 4698 2922 4713 ·
2950 4682 2999 4733 εί
3019 4680 3076 4734 δὲ
3109 4679 3348 4749 φιλόθεοι
3379 4679 3673 4732 11611616-

2092 4765 2343 4833 ϐεῖς,καὶ
2374 4765 2472 4827 τὰς
2497 4763 2675 4835 ψυχὰς
2714 4765 2812 4828 τὰς
2854 4763 3066 4818 ἑαυτῶν
3106 4765 3246 4835 ὑπὲρ
3294 4762 3401 4816 τῶν
3449 4761 3525 4832 τῷ
3554 4761 3671 4832 Θεῷ

2092 4847 2393 4903 δοκούντων
2415 4848 2644 4911 ἔδωκαν,
2673 4846 2897 4919 εὔδηλον
2919 4847 3079 4902 ὅτιτὸ
3112 4846 3186 4918 μὴ
3211 4846 3445 4917 φυλάξαι
3472 4846 3561 4899 τὸν
3588 4846 3672 4899 νό-

2097 4950 2197 5004 μον
2225 4934 2286 4987 ού
2309 4932 2451 4987 κατά
2485 4931 2755 5003 ρᾳθυμίαν
2789 4931 3028 4996 ἐποίουν,
3057 4932 3193 4984 ἀλλά
3215 4930 3367 5003 παρᾶ
3400 4929 3461 4983 τὸ
3484 4930 3674 4983 πεπεῖ-

2096 5020 2220 5073 σθαι
2250 5021 2381 5089 παρ’
2434 5016 2598 5071 αὑτοῦ
2639 5016 2734 5070 τοῦ
2775 5016 2965 5086 νόμου,
3004 5017 3086 5069 ὅτι
3124 5016 3224 5080 τὰς
3258 5016 3672 5086 παρατηρήσεις

2092 5102 2297 5164 ταύτας
2319 5100 2535 5163 ἁπάσας
2563 5099 2668 5165 ἔξω
2694 5100 2802 5153 τῶν
2826 5099 2854 5139 ἀ
2892 5098 3155 5169 ’[εροσολύ
3165 5117 3280 5170 μων
3305 5098 3592 5168 φυλάττειν
3612 5099 3670 5151 οὐ

2094 5189 2221 5259 χρή.
2249 5188 2360 5241 Καὶ
2384 5187 2570 5257 ἓτερον
2595 5185 2652 5239 δὲ
2673 5184 2781 5238 ἀπὸ
2807 5183 3001 5239 τούτου
3041 5183 3489 5254 συνωμολόγηται
3523 5182 3673 5254 μέγι-

2095 5288 2250 5327 στον’
2295 5273 2378 5324 ὅτι
2421 5268 2624 5321 θυσιῶν
2669 5266 3087 5339 παρατηρήσεις
3122 5266 3217 5319 καὶ
3269 5266 3557 5320 σαϐϐάτων
3582 5268 3673 5320 καὶ

2094 5354 2420 5426 νουμηνιῶν,
2457 5353 2552 5405 καὶ
2577 5351 2798 5405 πάντων
2824 5351 2932 5404 τῶν
2961 5348 3239 5415 τοιούτων,
3266 5349 3331 5401 ἐκ
3358 5345 3670 5420 περιουσίας

2093 5439 2295 5511 ἀπῄτει
2339 5439 2373 5508 ή
2419 5435 2541 5488 τότε
2570 5435 2819 5490 πολιτεία
2841 5450 2854 5463 ·
2890 5433 2986 5488 καὶ
3026 5430 3151 5485 οὔτε
3201 5433 3513 5504 τηρούμενα
3542 5431 3672 5503 πρὸς

2153 5600 2182 5640 ι)
2206 5601 2343 5651 Unus
2373 5599 2480 5649 cod.
2504 5600 2586 5647 καὶ
2611 5598 2693 5646 ἀπ’
2715 5596 2863 5646 αὐτοῦ
2884 5595 2991 5645 τοῦ.

2157 5667 2180 5694 ο
2204 5663 2294 5712 Hic
2317 5669 2421 5711 tres
2462 5673 2580 5710 mss.
2624 5660 2832 5709 multum
2882 5659 3090 5717 variant,
3128 5655 3209 5704 καὶ
3248 5656 3335 5713 τήν
3373 5657 3474 5718 μετ’
3494 5656 3669 5711 ἐκείνην

2092 5727 2254 5774 ἔπειτα
2273 5725 2354 5773 καὶ
2370 5723 2491 5786 τρεῖς
2514 5724 2689 5786 ἐτέρας-
2802 5784 2811 5786 _
2910 5782 2918 5786 Α
2984 5782 3024 5786 η
3129 5780 3151 5786 ﬂ
3239 5781 3304 5786 ___
3362 5780 3391 5786 ,
3459 5777 3467 5784 .

2157 5786 2185 5825 τι
2213 5786 2350 5837 Unus
2374 5779 2445 5833 ὅτι
2477 5786 2560 5840 τὰς
2579 5779 2768 5839 ἁπάσας
2794 5782 2956 5846 ἑορτὰς
2981 5782 3068 5838 ἔξω
3092 5780 3204 5830 τῶν.
3231 5781 3338 5844 (Sic
3360 5779 3531 5844 Savil.)
