3920 6434
339 413 462 469 877

338 539 618 602 neglecto
660 537 904 592 loco:an
951 535 1190 607 neglecto
1221 544 1496 603 tempore,
1539 531 1640 585 loci
1689 531 1824 582 ratio
1871 535 1953 582 te-

338 627 548 682 nenda
579 630 699 683 est?
724 630 876 698 Quod
902 628 1021 683 dico
1045 671 1061 694 ,
1101 628 1206 682 tale
1236 635 1354 681 est:
1386 623 1639 693 praecepit
1663 621 1918 674 Dominus
1938 661 1953 684 ,

339 729 405 770 ut
457 718 521 773 in
573 721 743 788 primo
787 736 972 775 mense
1001 728 1055 775 et
1081 718 1427 788 Jcrosolymis
1467 715 1829 769 celebraretur
1857 711 1954 764 Pa-

337 810 494 864 si‘ha
539 829 555 866 :
591 812 836 866 videlicet
885 822 1124 880 tempore
1174 810 1375 879 pariter
1415 815 1470 861 et
1511 805 1630 859 loco
1670 802 1952 872 prmiinito.

336 899 643 956 Ponamus
673 902 830 972 igitur
853 902 988 957 duos
1008 901 1284 972 quospiam
1313 913 1454 960 esse,
1500 895 1588 966 qui
1635 893 1837 948 Pascha
1863 907 1954 946 ce-

337 991 602 1056 lebrent,
633 1008 863 1062 quorum
893 993 1029 1047 alter
1057 991 1436 1061 prazvaricetur
1481 989 1654 1041 locum
1682 1027 1697 1050 ,
1749 995 1956 1052 tempus

333 1081 622 1136 observet
653 1101 665 1135 :
694 1067 880 1137 rursus
909 1085 1046 1138 alter
1073 1084 1320 1138 observet
1355 1080 1570 1151 qnidcm
1603 1081 1772 1133 locum
1797 1119 1812 1142 ν
1861 1075 1956 1130 8θά

339 1172 797 1241 Iransgrediatur
824 1183 1062 1243 tempus;
1092 1184 1250 1244 atque
1281 1174 1325 1226 is
1354 1175 1442 1242 qui
1467 1182 1677 1239 tempus
1706 1170 1958 1223 observat

337 1261 614 1328 neglecto
643 1261 791 1328 loco,
831 1264 1068 1318 celebret
1093 1263 1294 1317 Pascha
1327 1262 1378 1316 in
1412 1261 1583 1331 primo
1611 1273 1794 1315 mense
1815 1300 1828 1322 ,
1861 1258 1954 1313 sed

336 1352 563 1406 alicubi
592 1354 774 1422 procul
801 1355 1131 1426 Jerosolyma
1163 1373 1176 1409 :
1206 1357 1250 1408 is
1277 1369 1404 1408 vero
1439 1354 1527 1423 qui
1569 1353 1742 1406 locum
1769 1353 1957 1406 obser-

339 1452 444 1495 vat
502 1443 753 1513 neglecto
782 1454 1018 1514 tempore
1037 1487 1052 1511 ,
1086 1446 1283 1500 Pascha
1312 1444 1548 1499 celebret
1574 1443 1952 1514 Jerosolymis,

339 1547 463 1585 non
501 1541 685 1586 tamen
715 1536 888 1604 prium
916 1550 1116 1599 mense,
1146 1534 1240 1589 sed
1269 1533 1523 1588 secundo.
1557 1532 1752 1587 Deinde
1782 1531 1958 1586 videa-

340 1639 478 1678 mus
515 1634 640 1679 nter
661 1625 855 1679 horum
885 1625 1108 1679 duorum
1135 1627 1204 1680 sit
1233 1627 1284 1679 in
1315 1625 1557 1687 crimine,
1588 1633 1705 1678 uter
1728 1625 1958 1692 proban-

340 1715 501 1769 dus:
541 1716 658 1770 isne
699 1716 789 1785 qui
832 1717 1074 1785 negleeto
1113 1723 1352 1784 tempore
1398 1715 1570 1768 locum
1601 1714 1860 1777 servavit,
1889 1728 1956 1766 an

340 1809 442 1877 qui
492 1809 619 1863 loco
659 1809 899 1878 neglecto
931 1818 1136 1878 tempus
1171 1808 1422 1863 servavit.
1463 1807 1674 1861 Etenim
1715 1807 1759 1861 si
1790 1807 1835 1859 is
1867 1807 1955 1874 qui

343 1910 582 1969 tempus
602 1901 855 1970 neglexit,
884 1911 942 1955 ut
966 1902 1101 1953 intra
1122 1900 1388 1955 civitatem
1419 1898 1614 1952 Pascha
1643 1897 1954 1962 celebraret,

345 1989 581 2044 videtur
623 1990 996 2058 approbandus
1027 2009 1040 2045 :
1067 1999 1250 2044 contra
1276 2031 1292 2055 ,
1334 1990 1422 2060 qui
1461 1999 1671 2042 servato
1719 1998 1958 2055 tempore

346 2081 544 2136 locum
579 2081 834 2149 neglexit,
861 2084 1129 2136 vocandus
1156 2092 1236 2137 est
1265 2082 1318 2135 in
1344 2083 1566 2147 crimen,
1594 2089 1647 2135 et
1675 2080 1958 2149 impietatis

347 2187 490 2227 reus
521 2172 857 2241 peragendus
890 2190 902 2225 :
933 2173 1182 2226 nimirum
1223 2172 1415 2241 liquet,
1445 2171 1585 2242 quod
1617 2171 1700 2224 isti
1744 2185 1958 2240 quoque

348 2265 540 2333 legem
571 2264 793 2328 violant,
824 2264 941 2318 loco
972 2279 1076 2318 non
1108 2278 1206 2318 suo
1231 2265 1520 2329 iacientes,
1558 2262 1698 2333 quod
1725 2261 1954 2327 faciunt,

349 2355 581 2410 etiamsi
613 2354 788 2409 decies
819 2355 1011 2409 millies
1039 2354 1330 2424 praedicent
1373 2370 1430 2410 se
1476 2369 1690 2409 servare
1730 2363 1954 2422 tempus.

351 2447 521 2500 Unde
567 2447 726 2515 igitur
771 2447 872 2500 hoc
909 2446 1063 2500 nobis
1098 2446 1436 2516 perspicuum
1463 2446 1582 2501 est?
1608 2445 1866 2500 Videlicet
1892 2444 1959 2498 ab

350 2538 479 2605 ipso
524 2536 695 2590 Mose.
734 2536 1006 2606 Siquidem
1033 2551 1153 2590 cum
1182 2536 1398 2605 quidam
1427 2545 1607 2591 essent
1643 2534 1958 2590 celebraturi

350 2626 598 2691 Pascha,
622 2625 871 2681 adierunt
896 2627 1100 2694 Mosen,
1132 2625 1369 2681 dicentes
1397 2642 1411 2679 :
1443 2624 1556 2680 Nos
1581 2625 1766 2695 impuri
1785 2640 1960 2678 sumus

350 2733 519 2786 super
562 2717 782 2770 hominis
823 2718 994 2771 anima
1021 2734 1041 2771 :
1066 2734 1188 2771 num
1229 2719 1511 2772 omittemus
1555 2716 1739 2783 offerre
1779 2731 1962 2769 munus

352 2809 594 2863 Domino
621 2810 776 2879 juxta
804 2819 998 2880 tempus
1023 2826 1203 2876 suum,
1229 2809 1282 2863 in
1306 2810 1470 2863 medio
1507 2809 1730 2877 ﬁliorum
1761 2807 1963 2861 Israel?

353 2899 653 2970 Respondit
677 2899 779 2954 illis
809 2900 979 2955 Moses
1000 2896 1173 2955 :State
1214 2901 1329 2965 hic,
1363 2910 1409 2954 et
1437 2900 1642 2954 audiam
1668 2900 1788 2970 quid
1825 2915 1961 2968 pra:-

351 3000 609 3058 cepturus
633 2991 695 3042 sit
719 2989 971 3044 Dominus
998 2991 1060 3043 de
1087 2990 1244 3044 vobis.
1273 2989 1336 3042 Et
1364 2989 1598 3059 loquutus
1621 2999 1692 3043 est
1715 2988 1962 3043 Dominus

355 3079 501 3132 Mosi
533 3079 740 3134 dicens:
762 3077 932 3135 Homo
949 3081 1243 3151 quicumque
1265 3083 1415 3152 fuerit
1453 3081 1582 3134 inter
1618 3097 1702 3134 vos
1731 3082 1960 3147 impurus

352 3187 515 3240 super
546 3170 767 3224 hominis
791 3172 983 3234 anima,
1012 3181 1101 3224 aut
1131 3172 1182 3225 in
1210 3173 1360 3242 longo
1389 3171 1583 3236 itinere,
1612 3181 1699 3223 aut
1723 3172 1773 3228 in
1799 3171 1956 3240 vobis,

353 3264 408 3314 in
437 3263 853 3333 generationibus
884 3264 1059 3317 vestris
1079 3303 1094 3328 ,
1134 3265 1282 3336 faciet
1310 3262 1515 3320 Pascha
1541 3281 1707 3319 mense
1742 3267 1960 3320 secundo

356 3353 559 3423 (Num.
589 3354 842 3424 9.7-“).
865 3353 919 3409 id
944 3365 1058 3411 est:
1085 3357 1342 3426 quisquis,
1372 3357 1560 3422 inquit,
1588 3358 1758 3426 primo
1779 3371 1961 3411 mense

357 3444 738 3513 deprehensus
759 3445 916 3499 fuerit
937 3446 989 3498 in
1019 3447 1462 3517 peregrinatione,
1487 3463 1556 3503 ne
1584 3448 1737 3502 iaciat
1758 3448 1959 3502 Pascha

357 3546 510 3605 extra
545 3535 833 3598 civitatem,
863 3535 955 3590 sed
981 3551 1166 3591 mense
1195 3536 1450 3602 secundo,
1488 3547 1546 3591 ut
1585 3538 1766 3593 venire
1795 3539 1962 3607 possit

359 3624 762 3696 Jerosoiymam
791 3641 854 3680 ac
880 3635 1088 3696 tempus
1116 3628 1345 3698 negligat
1384 3629 1556 3698 potius
1576 3671 1590 3694 ,
1618 3644 1774 3699 quam
1805 3629 1961 3685 faciat

357 3726 512 3769 extra
550 3716 818 3772 civitatem
859 3734 872 3770 :
905 3733 972 3772 ex
1013 3719 1113 3774 hoc
1143 3720 1453 3788 declarans,
1491 3722 1632 3791 quod
1659 3723 1960 3779 observatio

357 3806 464 3862 loci
494 3811 754 3877 temporis
785 3809 1154 3866 observatione
1179 3813 1448 3882 magisest
1476 3815 1791 3869 necessaria.
1822 3815 1958 3882 Quid

359 3899 524 3969 igitur
570 3901 655 3955 isti
701 3900 896 3956 habent
940 3903 1081 3973 quod
1125 3903 1338 3970 dicant,
1378 3905 1467 3975 qui
1507 3917 1655 3960 extra
1693 3907 1957 3962 civitatem

359 3991 730 4060 pnescriptam
750 3992 947 4047 iaciunt
965 3993 1165 4048 Pascha
1182 3995 1204 4048 ?
1221 3994 1350 4048 Nam
1373 4011 1491 4050 cum
1512 3998 1960 4067 transgredientur

360 4080 412 4134 id
446 4082 596 4151 quod
623 4082 790 4152 magis
819 4092 902 4136 est
931 4085 1286 4138 necessarium
1306 4127 1320 4150 ,
1365 4085 1498 4140 nihil
1541 4087 1660 4141 illos
1701 4103 1958 4145 excusare

363 4181 545 4238 potest
587 4172 702 4240 ejus
742 4173 1075 4240 observatio,
1121 4175 1260 4244 quod
1302 4177 1520 4232 minoris
1555 4187 1637 4231 est
1680 4182 1954 4234 momenti.

364 4259 532 4328 Igitur
549 4261 755 4316 etiamsi
777 4263 956 4318 decies
978 4265 1167 4320 millies
1186 4265 1467 4320 videantur
1485 4281 1701 4323 servare
1725 4277 1954 4340 tempus,

364 4361 608 4406 extrema
641 4353 769 4421 legis
799 4355 1150 4423 transgressio
1176 4364 1258 4410 est
1285 4356 1424 4425 quod
1457 4356 1673 4411 iaciunt.
1699 4361 1873 4428 Atque
1903 4361 1954 4414 id

367 4455 487 4496 esse
513 4458 723 4516 verum,
752 4459 854 4497 non
887 4443 1010 4499 hinc
1035 4445 1201 4514 liquet
1229 4455 1453 4511 tantum,
1485 4463 1674 4502 verum
1703 4451 1860 4504 etiam
1889 4466 1953 4504 ex

368 4533 664 4600 prophetis.
688 4531 818 4586 Cum
849 4534 990 4587 enim
1030 4543 1240 4590 constet
1277 4536 1395 4591 illos
1436 4553 1720 4606 numquam
1751 4542 1955 4594 sacriﬁ-

367 4635 543 4687 casse,
568 4637 740 4691 neque
766 4624 1030 4678 canticum
1060 4625 1318 4680 cecinisse
1339 4625 1390 4678 in
1422 4635 1559 4681 terra
1589 4629 1758 4683 aliena
1781 4629 1952 4700 (Psal.

371 4709 492 4764 156.
525 4709 620 4781 4),
652 4726 826 4780 neque
872 4712 1166 4767 istiusmodi
1195 4715 1452 4782 jejunium
1479 4716 1770 4786 jejunasse,
1798 4736 1953 4788 quam

369 4799 576 4853 veniam
604 4812 975 4868 promerentur
995 4803 1117 4857 isti?
1144 4803 1392 4860 Attamen
1414 4806 1487 4860 illi
1524 4808 1736 4877 quidem
1767 4825 1957 4880 exspe-

371 4897 576 4944 ctantes
603 4891 761 4944 talem
806 4893 927 4947 vita:
971 4907 1080 4947 sua:
1121 4903 1314 4948 statum
1342 4911 1402 4952 se
1429 4909 1756 4968 recepturos,
1790 4901 1956 4958 nihilo

372 4980 545 5033 secius
573 4982 926 5050 persistebant
956 4983 1005 5036 in
1035 4985 1149 5054 lege
1169 5027 1182 5051 ,
1216 4998 1460 5055 parentes
1489 4991 1582 5056 illi,
1621 5007 1844 5062 quaeque
1871 4995 1952 5049 lex

374 5071 771 5138 przescribebat,
806 5072 1107 5142 implentes.
1139 5076 1249 5130 lloc
1276 5080 1417 5132 enim
1450 5081 1533 5135 lcx
1563 5082 1673 5150 ipsa
1712 5084 1817 5138 illis
1840 5083 1955 5141 fore

376 5161 706 5224 promiserat.
758 5163 846 5216 Isti
891 5179 1020 5219 vero
1064 5164 1176 5220 haec
1205 5166 1438 5234 faciunt,
1479 5187 1600 5225 cum
1631 5173 1826 5226 nullam
1855 5173 1952 5227 ha-

373 5245 529 5305 beant
557 5263 706 5320 spem
737 5249 870 5318 fore,
901 5263 957 5307 ut
986 5253 1264 5322 pristinum
1292 5258 1412 5311 vita:
1433 5268 1625 5314 statum
1654 5262 1911 5331 recipiant
1937 5283 1950 5318 :

374 5340 520 5405 cujus
535 5343 676 5396 enim
691 5343 741 5397 id
759 5343 1032 5414 propheta:
1044 5346 1343 5401 testimonio
1361 5351 1684 5417 probabunt?
1697 5355 1762 5408 Et
1778 5366 1950 5412 tamen

377 5444 440 5483 ne
483 5435 558 5489 sic
594 5436 807 5505 quidem
855 5447 1080 5507 possunt
1124 5439 1420 5508 quiescere.
1448 5441 1564 5496 Jam
1587 5486 1600 5510 ,
1633 5455 1689 5500 ut
1723 5451 1952 5506 maxime

377 5535 647 5588 sperarent
676 5543 737 5582 se
756 5529 1026 5585 civitatem
1048 5540 1387 5600 recepturos,
1403 5533 1562 5588 etiam
1599 5545 1722 5592 tunc
1797 5556 1952 5610 opor-

375 5614 515 5671 tebat
542 5629 757 5675 sanctos
781 5621 900 5676 illos
923 5623 1137 5688 imitari,
1164 5633 1271 5678 ttnn
1297 5641 1326 5678 a
1349 5625 1583 5697 jejuniis,
1614 5638 1723 5684 tum
1749 5647 1777 5686 a
1800 5644 1952 5690 cxte-

368 5704 434 5758 ris
460 5711 933 5767 observationibus
957 5716 1305 5770 abstinentes.

332 5823 336 5828 ι
432 5796 476 5852 5-
526 5802 678 5871 Quod
716 5805 859 5860 enim
889 5806 1184 5863 istiusmodi
1214 5825 1391 5866 rerum
1420 5811 1548 5868 nihil
1580 5817 1648 5871 illi
1682 5819 1904 5876 fecerint
1927 5865 1940 5888 ,

1618 397 1977 460 ADVERSUS
2015 396 2313 454 JUDAZOS.
2356 398 2434 454 IV.

3542 414 3645 470 873

2063 524 2184 577 audi
2224 525 2348 593 quid
2377 526 2686 596 rogantibus
2726 527 3116 598 responderint.
3150 531 3279 585 Cum
3311 532 3449 585 enim
3485 549 3641 604 urge-

2061 622 2201 675 rent.
2229 615 2632 684 compellerent,
2659 628 3016 689 cogerentque
3037 621 3266 687 barbari,
3295 631 3350 676 ut
3371 631 3646 678 uterentur

2061 705 2274 772 organis
2299 707 2427 770 suis,
2457 707 2802 778 dicerentque
2825 726 2840 763 :
2867 707 3077 764 Cantate
3107 711 3246 766 nobis
3267 715 3518 766 canticum
3548 715 3646 767 Do-

2058 796 2182 849 mini
2212 796 2383 867 (Psal.
2415 799 2535 854 l36.
2564 799 2619 869 5)
2648 819 2661 853 :
2693 801 2766 855 illi
2789 801 3267 875 quipulcbrelegis
3298 817 3527 861 mentem
3560 815 3642 862 te-

2059 887 2290 952 nebant,
2335 890 2760 957 responderunt,
2803 908 2908 946 non
2945 893 3137 949 decere
3178 905 3235 949 ut
3263 898 3360 952 ista
3409 898 3646 952 facerent

2058 986 2206 1031 extra
2237 978 2622 1050 Jerosolymam
2651 999 2663 1035 :
2699 983 2995 1051 Quomodo,
3029 986 3296 1056 inquiunt,
3331 991 3643 1045 cantabimus

2059 1067 2310 1120 canticum
2338 1067 2545 1122 Domini
2572 1072 2623 1123 in
2647 1081 2778 1124 terra
2798 1073 3004 1126 aliena?
3035 1073 3237 1131 Rursus
3259 1086 3367 1132 tres
3394 1079 3466 1132 illi
3490 1081 3637 1149 pueri

2059 1159 2149 1228 qui
2178 1160 2525 1216 versabantur
2551 1163 2602 1217 in
2633 1163 2899 1236 Babylone
2920 1209 2935 1232 ,
2983 1168 3268 1224 dicebant:
3300 1169 3423 1226 Non
3447 1183 3516 1226 est
3547 1175 3642 1229 hoc

2062 1261 2284 1321 tempore
2305 1254 2556 1322 princeps,
2588 1272 2746 1323 neque
2769 1259 3030 1326 prapheta,
3064 1277 3163 1314 non
3191 1261 3330 1317 locus
3353 1272 3410 1317 ut
3435 1266 3638 1333 sacriﬁ-

2059 1358 2228 1395 cemus
2263 1344 2316 1396 in
2355 1357 2621 1416 conspectu
2657 1357 2772 1414 tuo,
2805 1358 2850 1401 et
2899 1349 3208 1405 inveniamus
3246 1355 3639 1409 misericordium

2064 1430 2224 1498 (Dan.
2255 1435 2307 1487 3.
2333 1435 2444 1504 38).
2475 1439 2542 1490 At
2587 1452 2716 1492 sane
2745 1440 2938 1493 multus
2965 1452 3078 1495 erat
3107 1443 3178 1497 ibi
3205 1443 3389 1500 locus:
3423 1455 3477 1500 at
3501 1462 3638 1516 quo-

2059 1524 2199 1577 niam
2229 1524 2299 1578 ibi
2332 1527 2587 1596 templum
2617 1545 2723 1583 non
2767 1541 2915 1596 erat,
2958 1533 3224 1588 abstinent
3268 1550 3298 1589 a
3346 1538 3637 1592 sacriﬁciis.

2058 1612 2174 1668 Jam
2206 1631 2333 1668 vero
2370 1627 2424 1670 et
2462 1616 2527 1670 ad
2553 1618 2684 1671 alios
2727 1635 2822 1687 per
2848 1620 3158 1677 Zachariam
3197 1625 3427 1695 loquitur
3455 1627 3636 1683 Deus:

2063 1704 2201 1757 Num
2237 1707 2488 1777 jejunium
2511 1709 2783 1778 jejunastis
2823 1713 2947 1765 mihi
2991 1731 3080 1783 per
3120 1732 3278 1770 annos
3323 1721 3638 1789 septuaginta

2060 1794 2238 1865 (Zach.
2273 1796 2324 1849 7.
2360 1795 2458 1868 5)?
2487 1798 2707 1868 loquens
2731 1801 2798 1855 de
2825 1803 2977 1856 annis
2998 1820 3133 1872 quos
3158 1817 3375 1876 egerant
3396 1809 3446 1861 in
3473 1811 3644 1878 capti-

2060 1885 2241 1939 vitate.
2265 1885 2543 1951 Quomodo
2564 1904 2690 1959 ergo
2717 1898 2772 1944 tu
2799 1908 2940 1947 nunc
2964 1893 3191 1963 jcjunas,
3221 1897 3306 1950 dic
3335 1897 3487 1964 mihi,
3515 1914 3635 1954 cum

2057 1979 2286 2047 majores
2315 1980 2387 2032 tui
2432 1995 2530 2034 nec
2566 1981 3012 2050 saeriﬁcaverint,
3056 2002 3154 2040 nec
3184 1988 3506 2057 jejunarint,
3539 2007 3638 2046 nec

2058 2067 2190 2123 festa
2234 2068 2659 2126 celebraverint?
2705 2072 2856 2138 Quod
2898 2085 3075 2131 autem
3113 2078 3312 2133 Pascha
3345 2095 3449 2134 non
3493 2083 3639 2137 cele-

2060 2158 2332 2213 braverint
2360 2175 2424 2214 ex
2453 2161 2535 2215 his
2562 2162 2734 2230 palam
2761 2173 2861 2218 est.
2889 2164 3018 2220 Nam
3042 2167 3128 2221 ubi
3156 2184 3260 2222 non
3291 2178 3407 2224 erat
3435 2171 3639 2226 sacriﬁ-

2059 2249 2201 2304 cium
2219 2293 2233 2316 ,
2265 2250 2336 2305 ibi
2377 2266 2444 2305 ne
2471 2251 2664 2307 festum
2693 2253 2904 2323 quidem
2931 2267 3084 2311 erat:
3115 2274 3181 2312 eo
3205 2259 3345 2328 quod
3373 2274 3531 2314 omne
3561 2261 3640 2315 fe.

2057 2351 2198 2395 stum
2229 2341 2304 2394 sic
2346 2347 2526 2412 peragi
2555 2345 2852 2414 oportebat.
2885 2347 3036 2412 Quod
3063 2349 3106 2403 si
3146 2351 3439 2420 pleniorem
3485 2351 3640 2422 hujus

2060 2432 2134 2484 rei
2183 2431 2697 2489 demonstrationem
2745 2437 2998 2492 exhibere
3043 2441 3297 2506 velimus,
3347 2443 3468 2508 audi
3513 2444 3638 2512 quid

2059 2521 2200 2575 dicat
2231 2523 2412 2577 Daniel
2438 2541 2450 2576 :
2479 2523 2548 2577 In
2576 2524 2750 2579 diebus
2777 2526 2882 2580 illis
2910 2545 3047 2582 eram
3075 2547 3166 2600 ego
3205 2531 3392 2586 Daniel
3426 2534 3602 2604 lugens
3619 2575 3637 2600 ,

2060 2611 2218 2665 tribus
2244 2613 2634 2669 hebdomadibus
2666 2632 2846 2685 panem
2872 2619 3252 2674 desiderabilem
3280 2642 3382 2682 non
3410 2625 3640 2691 comedi,

2060 2712 2106 2755 et
2136 2704 2306 2756 vinum
2329 2720 2600 2775 carnesque
2625 2722 2727 2760 non
2762 2707 3002 2778 ingressa!
3041 2720 3157 2768 sunt
3181 2712 3233 2771 in
3261 2735 3318 2772 os
3357 2729 3557 2779 meum,
3593 2724 3640 2767 et

2061 2806 2315 2865 unguento
2343 2813 2444 2850 non
2469 2797 2690 2868 angebar
2706 2801 2761 2852 in
2785 2800 3180 2863 hebdomadibus
3207 2811 3328 2864 illis.
3357 2810 3421 2864 Et
3449 2813 3639 2881 factum

2061 2896 2134 2938 est
2173 2889 2400 2941 vicesimo
2439 2899 2619 2958 quarto
2665 2891 2747 2943 die
2793 2890 2942 2960 primi
2987 2900 3203 2968 mensis,
3257 2902 3361 2956 vidi
3402 2904 3640 2957 visionem

2064 2973 2226 3046 (Dan.
2251 2976 2336 3032 10.
2363 2975 2440 3047 2).
2475 2978 2572 3032 Hic
2598 2979 2728 3039 mihi
2768 2979 3052 3057 diligenter
3087 2993 3398 3048 auscultate.
3441 2995 3514 3047 Ex
3557 2993 3641 3050 his

2061 3067 2202 3120 enim
2235 3069 2569 3143 perspicuum
2595 3085 2695 3140 est,
2727 3079 2867 3147 quod
2897 3089 3005 3134 tum
3036 3081 3235 3136 Pascha
3263 3099 3367 3137 non
3398 3085 3639 3140 celebra-

2061 3157 2254 3215 vcrint.
2276 3157 2384 3224 Qui
2411 3163 2530 3218 sic?
2559 3165 2758 3218 Dicam.
2795 3167 2894 3221 Per
2918 3168 3032 3223 dies
3061 3186 3366 3240 azymorum
3393 3173 3636 3243 jejunare

2061 3248 2260 3304 Judceis
2302 3251 2382 3305 fas
2427 3268 2534 3307 non
2579 3265 2713 3309 erat.
2756 3256 2854 3311 Hic
2892 3268 3068 3312 autem
3114 3260 3227 3314 dies
3255 3263 3435 3331 viginti
3477 3280 3638 3319 unum

2061 3356 2277 3412 prorsus
2297 3359 2402 3398 non
2431 3345 2600 3414 attigit
2627 3362 2840 3416 panem.
2865 3349 2932 3403 Et
2953 3351 3090 3405 unde
3112 3351 3212 3406 hoc
3236 3353 3476 3418 docetur,
3499 3357 3640 3411 dicet

2059 3435 2278 3504 aliquis,
2311 3437 2450 3504 quod
2497 3439 2580 3492 isti
2617 3439 2798 3508 viginti
2837 3441 2951 3495 dies
2989 3451 3043 3496 et
3085 3459 3218 3498 unus
3263 3445 3544 3501 inciderint
3586 3449 3637 3503 in

2059 3523 2175 3578 dies
2216 3528 2562 3596 azymorum?
2604 3529 2658 3582 Id
2695 3529 2818 3586 inde
2862 3531 3281 3602 demonstratur,
3314 3537 3454 3606 quod
3476 3537 3636 3607 dicit,

2060 3628 2249 3688 quarto
2275 3628 2329 3674 et
2349 3620 2605 3690 vigesimo
2631 3622 2716 3677 die
2745 3624 2900 3693 primi
2931 3627 3150 3681 mensis.

2137 3711 2349 3766 Pascha:
2377 3715 2652 3768 secundum
2692 3716 2848 3787 legem
2875 3727 3088 3788 tempus.
3118 3750 3191 3761 —
3216 3721 3284 3774 At
3312 3721 3533 3779 Pascha:
3561 3725 3639 3781 fe-

2060 3813 2198 3858 stum
2230 3805 2484 3874 vigesimo
2510 3806 2680 3874 primo
2709 3808 2796 3863 die
2836 3808 3134 3866 ﬁniebatur.
3167 3812 3296 3867 Nam
3326 3815 3638 3885 incipientes

2059 3909 2088 3948 a
2114 3895 2324 3949 decimo
2348 3905 2536 3966 quarto
2565 3897 2652 3952 die
2683 3899 2838 3968 primi
2864 3903 3085 3969 mensis,
3118 3903 3311 3960 deinde
3337 3907 3524 3962 diebus
3548 3924 3637 3964 se-

2060 3997 2200 4056 ptem
2229 3991 2531 4044 continuata
2577 3991 2915 4059 celebritate,
2959 3995 3025 4049 ad
3051 3996 3364 4066 vigesimum
3410 4001 3637 4069 primum

2059 4077 2197 4131 diem
2238 4080 2637 4147 perveniebant.
2666 4081 2912 4136 Attamen
2944 4084 3124 4138 Daniel
3155 4089 3530 4156 perseverabat
3552 4092 3638 4158 je-

2054 4168 2269 4237 junans,
2298 4172 2455 4224 etiam
2485 4187 2605 4226 cum
2637 4175 2981 4240 prmteriisset
3009 4177 3225 4231 Pascha:
3255 4189 3478 4249 tempus.
3505 4182 3636 4236 Nam

2057 4275 2178 4314 cum
2207 4261 2456 4335 empisset
2485 4278 2515 4316 a
2559 4265 2718 4317 tertio
2743 4264 2828 4318 die
2870 4267 3022 4334 primi
3063 4271 3299 4335 mensis,
3343 4287 3404 4325 ac
3444 4273 3638 4329 deinde

2058 4365 2154 4418 per
2174 4352 2292 4406 dies
2313 4353 2494 4421 viginti
2516 4368 2676 4406 unum
2700 4356 3080 4419 continuasset,
3107 4360 3351 4413 nimirum
3373 4361 3636 4418 decimum

2056 4449 2300 4510 quartum
2327 4441 2466 4495 diem
2495 4444 2766 4511 przeteriit,
2795 4454 2847 4498 et
2877 4455 2998 4512 post
3025 4447 3167 4502 hunc
3196 4451 3320 4504 item
3349 4462 3552 4521 septem
3584 4464 3638 4509 et

2056 4538 2167 4585 tres
2192 4531 2325 4585 alios
2349 4531 2607 4600 jejunavit
2633 4532 2792 4603 (Dan.
2818 4536 2904 4590 lO.
2933 4535 3012 4606 4).
3044 4539 3232 4593 Annon
3258 4541 3416 4610 igitur
3442 4545 3525 4597 isti
3548 4561 3640 4600 ex-

2057 4620 2200 4690 lcges
2229 4630 2283 4676 et
2309 4623 2475 4692 impii,
2505 4623 2614 4693 qui,
2643 4639 2764 4678 cum
2797 4626 2868 4679 illi
2903 4628 3068 4682 sancti
3099 4631 3194 4684 viri
3223 4632 3272 4685 in
3297 4633 3467 4688 aliena
3499 4644 3638 4692 terra

2058 4711 2186 4764 nihil
2215 4712 2546 4766 servaverint
2566 4729 2750 4768 eorum
2775 4733 2892 4785 qua:
2921 4718 3004 4771 lex
3036 4723 3430 4789 praescribebat,
3462 4735 3636 4781 tamen

2056 4815 2154 4869 per
2177 4803 2569 4857 contentionem
2618 4815 2672 4859 et
2713 4808 3067 4875 pervicaciam
3108 4811 3317 4867 diversa
3362 4814 3640 4872 factitant?

2058 4891 2265 4946 Etenim
2316 4893 2359 4946 si
2405 4895 2643 4949 nonnulli
2690 4894 2915 4952 fuissent
2959 4900 3305 4971 ineogitantes
3349 4922 3639 4978 parumque

2054 4982 2458 5052 circumSpecti,
2499 4985 2590 5056 qui
2636 4987 2755 5040 talia
2787 4990 2869 5042 vel
2913 4989 3182 5060 facerent,
3229 4995 3310 5050 vel
3357 4996 3638 5054 dicerent:

2056 5071 2276 5128 forsitan
2321 5075 2653 5146 negligentia:
2698 5079 2951 5136 tribueret
2980 5083 3208 5153 aliquis,
3253 5088 3391 5154 quod
3434 5105 3497 5145 ea
3529 5108 3637 5147 non

2055 5164 2360 5219 observent.
2390 5165 2504 5219 Jam
2535 5182 2656 5222 cum
2697 5171 2930 5241 religiosi
2973 5173 3075 5227 sint
3098 5216 3114 5242 ,
3155 5191 3275 5231 cum
3308 5180 3413 5247 pii,
3445 5197 3566 5237 cum
3607 5185 3639 5237 ii

2055 5254 2144 5323 qui
2174 5269 2270 5323 pro
2299 5257 2583 5326 praeceptis
2611 5259 2702 5313 Dei
2730 5261 3060 5318 tradiderunt
3083 5266 3288 5322 animas
3316 5285 3438 5327 suas
3461 5314 3475 5338 ,
3506 5290 3637 5329 con-

2056 5344 2297 5414 spicuum
2325 5355 2440 5414 est,
2471 5363 2565 5403 eos
2605 5349 3008 5424 haudquaquam
3043 5373 3134 5424 per
3162 5361 3532 5432 negligentiam
3564 5366 3638 5420 fe-

2055 5437 2194 5492 cisse
2224 5439 2361 5508 quod
2392 5437 2667 5506 fecerunt,
2709 5444 2803 5497 sed
2835 5446 2901 5498 ab
2932 5446 3042 5516 ipsa
3070 5450 3246 5517 potius
3271 5452 3387 5522 lege
3413 5469 3634 5523 persua-

2055 5543 2142 5582 sos
2163 5571 2178 5594 ,
2206 5529 2344 5599 quod
2371 5547 2476 5584 non
2505 5543 2748 5602 oporteat
2775 5537 3058 5607 quidquam
3091 5542 3273 5595 talium
3305 5551 3636 5602 ceremonia-

2055 5637 2170 5675 rum
2219 5631 2369 5675 extra
2424 5623 2808 5696 Jcrosolymam
2857 5630 3166 5688 observare.
3214 5635 3350 5702 Quin
3395 5648 3448 5692 et
3493 5642 3634 5696 aliu'd

2053 5711 2301 5781 quiddam
2333 5730 2397 5768 ex
2427 5714 2507 5769 bis
2533 5719 2811 5788 perspicue
2834 5722 3098 5792 colligitur
3123 5726 3279 5796 longe
3308 5731 3593 5785 maximum
3615 5775 3631 5799 ,

2055 5803 2336 5872 videlicet,
2366 5807 2504 5874 quod
2545 5809 2940 5869 observationes
2970 5817 3348 5876 sacriﬁciorum
3369 5867 3384 5890 ,
3429 5824 3625 5882 sabba-
