3920 6434
378 357 482 415 879

376 475 586 541 torum,
630 483 686 531 et
730 473 1158 540 noviluniorum,
1204 472 1434 542 denique
1461 469 1715 524 similium
1759 467 1958 523 rituum

376 567 614 621 omnium
653 582 719 621 ex
746 566 1035 622 abundanti
1080 563 1282 625 additae.
1301 570 1426 617 sunt
1458 560 1692 616 Iudaicae
1722 558 1842 613 vitae
1867 577 1882 613 :
1911 569 1968 612 ut

379 675 553 729 neque
578 660 622 713 si
651 669 952 724 serventur,
984 655 1182 727 aliquid
1211 653 1387 725 magni
1428 652 1683 706 momenti
1724 650 1969 705 conferre

377 751 585 820 possint
623 750 688 803 ad
717 749 1005 813 virtutem;
1037 761 1208 817 neque
1236 745 1282 799 si
1313 742 1813 813 przrtermittantnr,
1846 754 1968 809 pos-

376 845 486 898 sint
512 859 576 897 cx
599 843 738 895 bono
763 841 940 897 facere
962 840 1178 903 malum,
1202 847 1293 891 aut
1316 835 1525 906 pietatis
1547 834 1802 897 studium,
1826 831 1965 902 quod

378 932 430 986 in
477 933 657 986 animo
686 933 846 986 sitmn
874 940 985 996 est,
1026 908 1203 998 aliqua
1246 944 1311 982 ex
1345 936 1494 995 parte
1520 925 1854 980 iunninuere.
1888 921 1964 976 llli

374 1022 537 1091 igitur
578 1023 668 1092 qui
711 1023 870 1076 vitam
913 1021 1164 1090 angelica.-
1211 1018 1459 1072 matulam
1509 1014 1664 1068 nobis
1713 1014 1764 1066 in
1810 1013 1967 1067 terris

375 1115 759 1180 ostenderunt,
791 1130 911 1168 cum
955 1113 1141 1166 barum
1184 1127 1366 1165 rerum
1404 1108 1537 1163 nihil
1567 1106 1786 1162 omnino
1815 1121 1970 1175 pereo

373 1206 583 1275 get-int,
634 1220 740 1259 non
770 1206 1039 1260 victimam
1087 1204 1407 1266 mactarint,
1449 1216 1555 1253 non
1602 1198 1792 1252 festum
1823 1196 1965 1250 diem

372 1297 745 1359 observarint,
792 1313 897 1352 non
940 1294 1242 1351 istiusmodi
1286 1294 1549 1363 jejunium
1595 1289 1962 1359 susceperint:

371 1385 507 1440 adeo
535 1395 713 1442 tamen
747 1388 1060 1458 placuerunt
1088 1386 1226 1449 Deo,
1261 1393 1318 1436 ut
1343 1385 1510 1452 ipsam
1545 1390 1785 1453 naturam
1816 1387 1964 1432 tran-

377 1476 720 1543 scenderint,
762 1487 1038 1546 totumque
1069 1484 1329 1529 terrarum
1357 1472 1575 1536 orbem,
1622 1486 1715 1539 per
1756 1484 1817 1521 ea
1847 1483 1966 1537 quae

376 1569 510 1636 ipsis
549 1569 888 1637 obtigerunt,
934 1567 1001 1620 ad
1047 1566 1139 1620 Dei
1186 1564 1541 1634 cognitionem
1588 1559 1962 1630 pertraxerint.

370 1659 509 1727 Quid
533 1660 673 1715 enim
704 1659 926 1729 proferri
955 1669 1131 1729 queat,
1160 1656 1300 1727 quod
1326 1672 1446 1711 cum
1478 1653 1693 1708 Daniele
1718 1651 1964 1706 confera-

375 1751 499 1805 tur?
540 1750 667 1820 qnid
706 1750 849 1821 quod
889 1765 1012 1806 cum
1053 1750 1219 1804 tribus
1257 1747 1479 1819 pueris?
1524 1743 1962 1815 Quandoquidem

376 1843 450 1896 illi
489 1843 633 1912 quod
664 1851 987 1912 prreceptum
1018 1843 1070 1897 iu
1107 1840 1406 1912 Evangeliis
1429 1839 1726 1894 maximum
1749 1878 1762 1902 ,
1798 1835 1967 1906 quod-

372 1950 476 2004 que
501 1939 764 1991 bonorum
793 1936 1033 1991 omnium
1068 1944 1248 2005 caput,
1273 1942 1396 1987 ante
1421 1932 1690 2002 proditum
1720 1930 1965 1999 Evangeo

372 2028 501 2082 lium
546 2039 907 2098 occuparunt,
941 2028 1179 2097 ipsisque
1208 2026 1361 2081 factis
1392 2024 1746 2078 declararunt.
1794 2021 1967 2089 Majo-

371 2134 478 2172 rem
522 2119 648 2186 hac,
694 2118 899 2189 inquit,
944 2118 1200 2179 caritatem
1246 2132 1390 2170 nemo
1428 2113 1605 2180 habet,
1649 2122 1705 2166 ut
1742 2112 1965 2165 animam

369 2224 516 2260 suam
556 2218 710 2278 ponat
749 2209 862 2278 quis
902 2223 995 2278 pro
1021 2208 1198 2261 amicis
1238 2206 1343 2259 suis
1377 2203 1569 2275 (Joan.
1612 2203 1696 2258 15.
1733 2202 1841 2273 15).
1886 2201 1963 2255 llli

370 2312 502 2352 vero
530 2300 765 2353 animam
809 2315 960 2354 suam
997 2307 1361 2369 exposuerunt
1404 2312 1502 2366 pro
1540 2296 1667 2350 Deo.
1711 2295 1821 2349 Nec
1864 2294 1965 2348 hac

373 2398 524 2457 parte
566 2389 739 2443 solum
784 2389 1081 2444 admirandi
1111 2397 1271 2455 sunt,
1322 2403 1512 2442 verum
1552 2387 1712 2441 etiam
1753 2386 1822 2440 ob
1862 2384 1965 2439 hoc

370 2482 512 2552 quod
541 2483 593 2537 id
622 2485 818 2538 nullius
841 2484 1108 2539 mercedis
1138 2483 1303 2553 gratia
1333 2481 1595 2536 fecerunt.
1630 2480 1859 2549 Ideoque
1878 2478 1962 2532 di-

369 2574 561 2630 cebant
598 2591 612 2627 :
659 2574 755 2629 Est
791 2574 933 2632 Deus
979 2577 1033 2630 in
1076 2574 1203 2630 cwlo
1248 2583 1424 2645 potens
1463 2573 1655 2642 eripere
1695 2588 1785 2624 nos
1818 2586 1837 2623 :
1879 2569 1964 2638 qui

369 2667 565 2721 etiamsi
593 2684 693 2722 non
721 2669 941 2738 eripiat,
972 2677 1146 2722 notum
1168 2667 1234 2720 sit
1266 2664 1384 2728 tibi,
1416 2681 1533 2728 rem,
1567 2680 1659 2717 nos
1686 2678 1784 2716 non
1811 2661 1966 2714 servi-

369 2768 511 2813 turos
535 2759 633 2813 diis
664 2758 763 2813 tuis
785 2758 948 2828 (Dan.
976 2758 1030 2813 5.
1058 2758 1167 2827 17).
1198 2756 1405 2812 Sufﬁcit
1434 2755 1589 2809 nobis
1615 2754 1706 2808 illa
1732 2766 1958 2817 merces,

369 2851 515 2921 quod
538 2862 756 2923 propter
781 2853 948 2907 Deum
972 2851 1250 2905 morimur.
1276 2849 1400 2904 llaec
1420 2847 1805 2919 praestiterunt,
1830 2852 1965 2897 tam-

367 2959 475 3013 que
497 2944 758 3015 insignem
782 2946 1036 2999 virtutem
1066 2942 1429 2998 cxbibnernnt
1448 2982 1464 3008 ,
1494 2939 1627 2994 nihil
1654 2950 1841 2993 eorum
1864 2934 1963 2990 ob-

368 3044 670 3100 servantes,
703 3050 824 3106 quae
852 3035 937 3089 lex
965 3033 1389 3103 praescripserat.

424 3127 495 3201 Δ6.
524 3126 665 3197 Ergo
693 3142 795 3197 qua
819 3126 1058 3192 tandem,
1084 3126 1312 3196 inquies,
1339 3122 1508 3194 gratia
1536 3121 1676 3176 Dens
1697 3120 1795 3174 ista
1827 3132 1965 3187 prte-

368 3218 541 3288 ccpit,
588 3218 634 3272 si
675 3234 779 3274 non
810 3218 1025 3273 volebat
1052 3216 1368 3272 observari?
1397 3222 1452 3269 et
1480 3214 1526 3270 si
1555 3212 1668 3268 ﬁeri
1710 3210 1957 3276 volebat,

366 3325 471 3380 qua
502 3310 671 3380 gratia
706 3318 848 3364 tuam
879 3310 1151 3365 civitatem
1192 3307 1480 3364 demolitus
1507 3305 1628 3361 est?
1655 3303 1790 3358 Nam
1822 3302 1962 3357 alte-

369 3417 487 3455 rum
514 3417 544 3456 e
570 3401 778 3457 duobus
806 3401 877 3455 illi
910 3400 1209 3456 faciendum
1240 3407 1375 3465 erat,
1407 3400 1451 3454 si
1477 3397 1738 3452 voluisset
1766 3395 1853 3449 illa
1876 3409 1962 3449 re-

368 3508 624 3548 manere:
656 3504 752 3547 aut
780 3509 883 3546 non
926 3493 1217 3562 praecipere
1240 3534 1255 3559 ,
1301 3500 1359 3546 ut
1393 3489 1494 3560 ipsi
1525 3502 1630 3544 uno
1675 3496 1877 3542 tantum
1905 3485 1960 3540 in

367 3585 488 3641 loco
512 3586 773 3641 sacriﬁcia
806 3586 1012 3653 ﬁerent,
1040 3601 1162 3642 cum
1188 3599 1287 3640 vos
1310 3600 1406 3654 per
1433 3597 1621 3638 omnes
1646 3580 1827 3635 mundi
1852 3579 1962 3649 pla-

364 3692 462 3746 gas
491 3687 633 3733 esset
669 3677 1010 3748 dispersurus
1038 3695 1051 3731 :
1091 3684 1185 3730 aut
1219 3676 1265 3730 si
1302 3674 1519 3729 volebat
1546 3685 1640 3728 vos
1663 3686 1729 3726 eo
1762 3672 1813 3724 ln
1840 3669 1961 3723 loco

366 3768 673 3823 sacriﬁcare
702 3777 907 3822 tantum
928 3809 944 3830 ,
983 3782 1090 3822 non
1135 3765 1364 3822 debebat
1394 3779 1490 3819 vos
1519 3778 1615 3833 per
1654 3763 1960 3817 universum

368 3861 557 3916 orbem
586 3861 883 3933 dissipare,
929 3876 992 3915 ac
1017 3859 1186 3914 solum
1219 3859 1363 3913 illam
1404 3856 1673 3912 civitatem
1720 3854 1959 3908 inacces-

368 3967 483 4008 sam
513 3953 756 4021 reddere,
787 3953 839 4007 in
867 3966 971 4022 qua
998 3951 1110 4006 sola
1138 3949 1383 4005 victimas
1400 3949 1635 4019 jusserat
1657 3944 1957 4001 immolare.

438 4046 559 4113 Cur,
576 4046 710 4102 Deus
738 4047 993 4116 sacriﬁcia
1030 4044 1228 4099 Iudaeis
1256 4042 1572 4114 prleceperit.
1600 4070 1672 4080 —
1695 4038 1833 4108 Quid
1860 4039 1961 4107 igi-

369 4139 487 4194 tur?
512 4142 593 4194 An
619 4154 803 4194 secum
832 4138 965 4208 ipse.
995 4137 1192 4207 inquis,
1226 4143 1425 4206 pugnat
1451 4134 1626 4199 Deus,
1655 4131 1745 4201 qni
1774 4145 1880 4184 uno
1907 4129 1960 4183 in

368 4232 489 4288 loco
517 4231 804 4287 sacriﬁcari
846 4231 1102 4301 jusserit,
1144 4237 1199 4285 et
1239 4242 1427 4284 rursus
1453 4226 1522 4281 ab
1551 4224 1655 4280 hoc
1699 4223 1815 4294 ipso
1843 4222 1961 4275 loco

366 4322 654 4378 excludat?
678 4322 1024 4393 Nequaquam
1046 4364 1061 4388 ,
1105 4321 1215 4376 imo
1253 4330 1576 4388 magnopere
1605 4313 1708 4369 sibi
1751 4319 1962 4368 constat

370 4415 509 4468 Dens
531 4429 548 4468 :
573 4428 746 4484 neque
765 4415 908 4468 enim
941 4413 1093 4468 initio
1116 4411 1216 4467 sibi
1240 4409 1454 4464 volebat
1469 4406 1650 4463 oll'erri
1676 4405 1958 4461 sacriﬁcia.

368 4503 448 4559 En
467 4545 483 4570 ,
528 4505 701 4575 ipsum
732 4504 1047 4574 prophetam
1075 4502 1283 4556 adduco
1307 4508 1498 4556 testem
1517 4540 1534 4565 ,
1565 4498 1655 4568 qui
1684 4496 1763 4553 sic
1787 4494 1963 4566 loqui-

367 4604 495 4651 tur:
533 4596 719 4650 Audite
752 4597 953 4651 verbum
997 4595 1237 4659 Domini,
1286 4593 1539 4664 principes
1577 4590 1919 4647 Sodomorum
1942 4629 1959 4656 ,

365 4686 612 4741 attendite
632 4686 729 4757 legi
751 4685 846 4741 Dei
866 4687 1014 4740 vestri
1035 4687 1253 4756 populus
1279 4682 1574 4738 Gomorrlue
1599 4681 1647 4753 (I
1655 4682 1750 4736 sai.
1776 4680 1958 4751 1.10).

368 4776 484 4834 Νοη
511 4776 579 4832 ad
608 4777 913 4832 Sodomitas
936 4786 993 4831 et
1019 4775 1398 4832 Gomorrhteos
1420 4774 1581 4830 verba
1613 4772 1814 4828 faciens
1847 4771 1965 4825 hare

368 4869 621 4942 loquitur,
666 4869 762 4925 sed
808 4869 876 4924 ad
918 4868 1155 4925 Iudaeos.
1201 4868 1293 4924 Sic
1338 4879 1519 4922 autem
1568 4867 1797 4938 appellat
1844 4864 1965 4920 illos

371 4962 546 5029 Deus,
577 4961 720 5032 quod
748 4961 1022 5016 imitantes
1062 4960 1272 5015 illorum
1301 4958 1557 5014 malitiam
1579 4998 1595 5025 ,
1623 4957 1726 5013 sibi
1762 4970 1963 5028 cogna-

371 5054 574 5110 tionem
617 5070 739 5111 cum
772 5052 876 5108 illis
920 5051 1256 5108 ascivissent.
1285 5050 1543 5108 Similiter
1580 5057 1636 5105 et
1658 5063 1820 5105 canes
1845 5049 1965 5104 illos

366 5146 601 5216 appellat
633 5145 798 5217 (lsai.
831 5146 922 5202 56.
953 5143 1069 5213 to),
1101 5152 1157 5200 et
1188 5158 1357 5214 equos
1382 5141 1693 5199 emissarios
1730 5139 1874 5213 (Jer.
1906 5140 1963 5196 5.

367 5236 447 5307 8),
480 5252 587 5291 non
623 5237 765 5308 quod
794 5237 1006 5293 illorum
1031 5244 1176 5292 esset
1202 5233 1583 5290 transformata
1613 5240 1835 5300 natura,
1867 5230 1964 5287 sed

367 5327 511 5397 quod
541 5327 757 5383 illorum
784 5328 1093 5383 animalium
1130 5326 1574 5381 incontinentiam
1602 5324 1960 5380 imitarentur.

371 5421 488 5487 Quo
530 5421 656 5476 mihi
707 5419 1084 5475 multitudinem
1125 5419 1445 5475 victimarum
1490 5416 1808 5472 vestrarum?
1840 5414 1965 5469 dicit

371 5512 624 5570 Dominus
650 5512 804 5586 (Isai.
841 5514 893 5569 1.
918 5512 1029 5585 Η).
1061 5511 1329 5568 Caeterum
1354 5510 1446 5582 qui
1476 5508 1727 5565 Sodomis
1756 5507 1967 5563 habita-

370 5603 522 5671 bant,
561 5619 853 5676 numquam
882 5605 982 5661 visi
1011 5613 1137 5659 sunt
1170 5603 1449 5658 immolare
1471 5601 1751 5667 victimas,
1777 5599 1871 5656 sed
1896 5599 1965 5655 ad

371 5694 585 5752 Iudaeos
610 5709 792 5750 sermo
834 5697 924 5752 Dei
959 5694 1226 5766 dirigitur,
1270 5693 1343 5749 ob
1379 5706 1597 5749 causam
1636 5707 1796 5764 quam
1826 5692 1965 5747 dixi.

372 5801 513 5856 mus,
541 5785 895 5844 Sodomorum
922 5787 1237 5858 cognomina
1266 5785 1369 5842 illis
1392 5784 1650 5843 tribuens.
1687 5786 1799 5857 Quo
1827 5785 1959 5841 mihi

1116 355 1177 412 S.
1216 350 1495 412 JOANNIS
1530 347 2007 409 CllRYSOSTOMl
2047 350 2362 409 ARCHIEP.
2402 355 2939 414 CONSTAN’I'INOP.

3558 359 3659 417 880

2078 467 2465 524 multitudinem
2496 470 2812 525 victimarum
2853 472 3169 535 vestrarum?
3213 471 3340 527 dicit
3398 472 3659 529 Dominus.

2074 560 2268 615 Plenus
2301 579 2413 616 sum
2466 563 2883 617 holocautomatis
2912 542 3124 617 arietum
3142 605 3158 630 ,
3199 576 3244 618 et
3270 564 3486 634 adipem
3508 582 3663 636 agno-

2072 668 2209 719 rum,
2236 662 2283 706 et
2311 654 2609 724 sanguinem
2636 664 2898 708 taurorum
2920 665 3007 709 aut
3028 654 3283 709 hircorum
3313 655 3481 711 nolo:
3511 673 3599 710 nec
3627 659 3665 710 si

2072 745 2281 798 veniatis
2314 746 2366 798 in
2387 755 2703 815 conspectum
2732 763 2917 801 meum.
2952 746 3077 814 Quis
3102 746 3236 801 enim
3262 748 3539 819 acquisivit
3568 750 3665 802 [126

2071 840 2240 892 omnia
2252 833 2314 886 de
2327 831 2566 886 manibus
2578 833 2756 887 vestris
2770 830 2815 903 (1
2824 832 2922 886 sai.
2938 830 3081 886 LH.
3096 832 3258 904 seqq.)
3272 831 3555 887 iAudistis
3567 832 3670 886 cla-

2072 930 2339 984 rissimam
2368 944 2549 985 vocem
2578 928 2867 996 dicentem,
2895 932 3036 1001 quod
3065 930 3214 985 initio
3241 945 3357 984 non
3385 929 3663 999 postularit

2071 1019 2187 1073 inec
2215 1020 2280 1075 de
2308 1021 2553 1075 manibus
2576 1021 2801 1075 vestris?
2831 1021 3039 1076 Etenim
3064 1021 3109 1074 si
3138 1020 3491 1091 postulasset,
3523 1021 3663 1075 simi-

2072 1112 2194 1167 liter
2221 1123 2274 1167 et
2300 1114 2505 1195 priscos
2534 1113 2654 1169 illos
2680 1129 2889 1180 omnes,
2920 1114 3007 1184 qui
3041 1123 3165 1168 ante
3199 1112 3300 1168 bos
3329 1112 3660 1182 ﬂoruerunt,

2070 1205 2220 1276 prius
2249 1205 2315 1259 ad
2362 1204 2462 1259 hac
2502 1205 2625 1259 vita:
2668 1205 2967 1260 institutum
2999 1205 3283 1276 adegisset.
3325 1206 3449 1273 Quo
3488 1206 3660 1276 igitur,

2074 1297 2271 1365 inquis,
2303 1297 2528 1352 consilio
2551 1297 2664 1352 luec
2687 1297 2846 1353 modo
2869 1298 3157 1367 prmcepit?
3184 1296 3455 1352 Nimirum
3480 1307 3663 1353 vestrm

2072 1401 2276 1464 morem
2318 1401 2513 1457 gerens
2557 1388 2872 1442 inﬁrmitati.
2906 1389 2972 1442 Et
3003 1387 3461 1459 quemadmodum
3505 1388 3662 1443 medi-

2070 1492 2187 1543 cus,
2220 1477 2405 1532 videns
2434 1480 2704 1533 hominem
2733 1478 3140 1543 febricitantem,
3167 1494 3475 1547 morosum,
3507 1478 3663 1547 impa-

2073 1568 2315 1630 tientem.
2344 1569 2389 1622 si
2415 1569 2757 1638 concupiscat
2792 1569 3034 1639 frigidam
3064 1569 3280 1636 bibere,
3312 1584 3381 1623 ac
3411 1569 3656 1635 minetur,

2071 1660 2125 1713 ni
2150 1660 2406 1729 accipiat,
2439 1660 2596 1731 plane
2636 1659 2869 1716 futurum
2900 1671 2958 1715 ut
2996 1660 3080 1731 vel
3110 1676 3169 1715 se
3211 1660 3413 1731 laqueo
3440 1674 3657 1734 suSpen-

2070 1749 2182 1817 dat,
2210 1751 2296 1807 vel
2318 1768 2349 1806 e
2373 1752 2586 1806 sublimi
2613 1767 2673 1808 se
2699 1753 3026 1822 prmcipitem
3052 1750 3162 1818 det,
3190 1750 3319 1805 dum
3347 1749 3533 1805 studet
3557 1765 3658 1804 ma-

2066 1835 2156 1915 jus
2184 1845 2467 1901 excludere
2498 1846 2694 1899 malum
2714 1885 2731 1909 ,
2763 1845 3023 1915 permittit
3045 1844 3186 1914 quod
3214 1845 3399 1897 minus
3429 1850 3541 1909 est,
3569 1858 3656 1896 cu-

2070 1939 2224 2007 piens
2263 1938 2411 1993 illum
2449 1937 2750 2003 a,violenta
2790 1948 2962 1991 morte
3001 1950 3255 1991 revocare
3288 1953 3302 1989 :
3341 1935 3415 1989 ita
3455 1934 3576 1989 fecit
3609 1942 3656 1989 et

2073 2031 2235 2097 Deus,
2268 2030 2517 2099 quoniam
2543 2029 2672 2083 vidit
2698 2029 2818 2083 illos
2846 2028 3194 2090 insanientes,
3227 2027 3444 2092 anxios,
3467 2041 3655 2080 concu-

2070 2122 2336 2192 piscentes
2365 2121 2700 2175 victimarum
2729 2119 3053 2174 oblationem
3079 2161 3093 2184 ,
3118 2119 3361 2188 jamque,
3394 2119 3496 2173 nisi
3526 2119 3653 2173 acci-

2072 2222 2259 2282 perent
2283 2212 2423 2283 quod
2453 2211 2859 2276 desiderabant,
2899 2220 3113 2280 paratos
3139 2219 3197 2264 nt
3220 2209 3287 2263 ad
3320 2209 3466 2267 idola
3496 2209 3651 2264 delle-

2071 2313 2298 2370 cterent,
2333 2307 2442 2361 imo
2465 2321 2571 2361 non
2598 2305 2771 2361 solum
2798 2313 3031 2375 paratos,
3061 2315 3245 2359 verum
3272 2305 3437 2359 etiam
3469 2320 3534 2358 en
3552 2305 3650 2373 jam

2072 2397 2347 2467 prolapsos
2369 2415 2383 2450 :
2411 2397 2651 2467 permisit
2670 2395 3089 2459 immolationem
3109 2395 3472 2449 victimarum.
3494 2396 3653 2462 Atque

2070 2497 2127 2542 ut
2155 2490 2331 2555 scias,
2376 2488 2515 2543 hanc
2555 2486 2719 2542 fuisse
2749 2501 3002 2551 causam,
3044 2485 3128 2540 vel
3169 2501 3233 2540 ex
3275 2486 3397 2555 ipso
3428 2494 3651 2556 tempore

2068 2578 2371 2634 declaretur
2399 2579 2450 2632 id
2479 2578 2624 2648 quod
2652 2578 2793 2633 dico.
2822 2577 3092 2647 Siquidem
3122 2586 3243 2646 post
3268 2577 3490 2642 festum,
3517 2574 3649 2646 quod

2070 2668 2247 2738 impiis
2273 2669 2605 2724 dmmonibus
2629 2668 3004 2733 celebrarunt,
3034 2678 3143 2723 tum
3175 2668 3395 2722 demum
3426 2666 3648 2737 permisit

2072 2760 2175 2815 illis
2206 2761 2597 2816 immolationes
2628 2759 2912 2830 pecudum,
2946 2768 3152 2815 tantum
3184 2775 3292 2814 non
3322 2760 3540 2818 dicens:
3572 2759 3646 2813 in-

2069 2850 2254 2906 sanitis
2274 2890 2290 2918 ,
2322 2860 2376 2906 et
2401 2852 2558 2906 vultis
2586 2851 2867 2906 immolare
2894 2851 3161 2916 victimas,
3195 2851 3362 2921 igitur
3399 2849 3526 2905 mihi
3556 2863 3643 2919 po-

2069 2943 2174 2998 tius
2203 2943 2510 2999 immoletis.
2540 2944 2874 3014 Quamquam
2903 2958 2972 2998 ne
3007 2942 3110 2998 hoc
3136 2940 3357 3013 quidem
3389 2939 3642 3011 permisit,

2068 3045 2126 3090 ut
2153 3045 2413 3106 perpetuo
2440 3037 2649 3105 liceret,
2680 3036 2774 3092 sed
2802 3036 3221 3106 prudentissimo
3242 3036 3490 3100 consilio,
3516 3031 3642 3103 quod

2070 3130 2428 3201 permiserat,
2462 3144 2648 3183 rursus
2684 3128 2899 3199 eripuit.
2932 3128 2999 3182 Et
3027 3127 3165 3182 sicut
3202 3127 3249 3181 si
3285 3126 3523 3183 medicus
3546 3123 3641 3187 ille,

2067 3222 2201 3277 nihil
2246 3222 2387 3277 enim
2422 3231 2568 3277 vetat
2596 3221 2787 3277 eodem
2826 3222 3076 3291 exemplo
3120 3220 3300 3276 denuo
3344 3218 3449 3280 uti,
3478 3224 3641 3287 postea

2067 3328 2225 3385 quam
2253 3312 2471 3369 indulsit
2496 3312 2756 3382 appetitui
2780 3311 3071 3367 laborantis
3089 3352 3105 3376 ,
3136 3325 3262 3366 mox
3293 3309 3472 3379 phiala
3496 3322 3525 3363 e
3546 3304 3642 3361 suis

2067 3406 2272 3461 :edibus
2297 3406 2458 3461 allata
2482 3404 2809 3474 praescribat,
2836 3413 2894 3457 ut
2914 3419 2975 3459 ex
3002 3402 3100 3457 hac
3119 3401 3231 3457 sola
3256 3401 3405 3456 bibat
3428 3411 3638 3469 aquam:

2066 3497 2261 3553 deinde
2302 3512 2559 3566 persuaso
2597 3506 2829 3566 aegroto,
2882 3495 3018 3550 clam
3069 3494 3133 3549 iis
3177 3494 3270 3564 qui
3320 3492 3637 3551 ministrant,

2068 3589 2341 3660 praecipiat
2382 3588 2719 3660 confringere
2767 3587 2999 3658 phialam
3040 3588 3213 3654 illam,
3259 3597 3322 3641 ut
3370 3600 3488 3641 eum
3516 3582 3638 3636 clam

2067 3680 2307 3751 nihilque
2332 3681 2692 3751 suspicantem
2715 3688 2901 3735 avocet
2917 3679 2985 3734 ab
3012 3678 3099 3732 illa
3125 3677 3418 3749 cupiditate
3443 3668 3637 3729 bibendi

2067 3770 2355 3842 frigidam:
2389 3771 2573 3826 itidem
2614 3769 2736 3826 fecit
2782 3769 2927 3824 Deus
2973 3768 3336 3840 permittendo
3377 3761 3634 3820 sacriﬁcia.

2066 3862 2252 3933 Neque
2274 3862 2417 3918 enim
2449 3862 2503 3916 in
2534 3861 2642 3916 ullo
2661 3860 2809 3915 orbis
2836 3860 2955 3914 loco
2986 3858 3227 3929 permisit
3254 3858 3309 3913 id
3341 3855 3452 3912 ﬁeri
3477 3851 3569 3907 nisi
3589 3849 3635 3901 in

2066 3954 2188 4008 unis
2233 3953 2601 4025 Jerosolymis.
2645 3951 2767 4008 Mox
2793 3950 2882 4006 ubi
2907 3965 3002 4021 per
3027 3949 3195 4004 breve
3222 3960 3431 4018 tempus
3456 3938 3637 3997 sacriﬁ-

2069 4054 2318 4112 cassent,
2365 4043 2531 4100 diruit
2567 4043 2880 4099 civitatem:
2925 4051 2983 4096 ut
3021 4040 3161 4095 sicut
3204 4039 3444 4094 medicus
3484 4033 3633 4087 fracto

2069 4151 2229 4203 vase,
2273 4136 2345 4191 ita
2378 4136 2518 4192 Deus
2548 4136 2802 4191 subversa
2830 4133 3045 4189 civitate
3072 4133 3155 4188 vel
3191 4132 3386 4186 invitos
3415 4127 3527 4183 illos
3550 4121 3636 4176 ab-

2065 4228 2284 4284 duceret
2303 4243 2334 4282 a
2356 4227 2605 4282 victimis.
2638 4215 2850 4280 Etenim
2875 4225 2921 4279 si
2941 4224 3086 4280 clare
3108 4222 3388 4293 palamque
3411 4216 3630 4275 dixisset.

2066 4319 2330 4386 desistite,
2362 4335 2468 4374 non
2483 4318 2637 4373 facile
2650 4318 2717 4373 ab
2740 4317 3047 4372 immolandi
3073 4316 3276 4371 insania
3302 4311 3629 4370 destitissent.

2064 4408 2218 4465 Nunc
2243 4419 2422 4467 autem
2451 4410 2553 4465 loci
2578 4408 2811 4479 adempti
2833 4407 3171 4475 necessitate,
3199 4404 3491 4462 clanculum
3529 4396 3631 4451 illos

2065 4499 2287 4554 abduxit
2326 4500 2395 4555 ab
2444 4499 2771 4555 oblationum
2816 4496 3042 4553 insania.
3090 4497 3173 4552 Sit
3215 4496 3375 4567 igitur
3418 4487 3630 4547 medicus

2066 4592 2285 4664 quidem
2325 4592 2441 4662 ipse
2478 4593 2654 4660 Deus,
2696 4590 2872 4662 phiala
2909 4604 3040 4645 vero
3075 4589 3297 4653 civitas;
3331 4589 3400 4642 sit
3423 4585 3628 4651 aegrotus

2070 4684 2161 4739 ille
2186 4699 2432 4740 morosus
2455 4683 2762 4739 Iudaeorum
2792 4679 3022 4753 populus
3045 4699 3060 4735 :
3086 4680 3317 4749 denique
3344 4672 3521 4746 frigida
3547 4680 3627 4736 90‘

2068 4774 2144 4829 tio
2168 4775 2239 4829 sit
2271 4774 2604 4830 victimarum
2637 4772 2918 4843 permissio
2955 4771 3356 4841 concessioque.
3384 4755 3623 4833 Quemado

2072 4866 2291 4923 modum
2321 4869 2481 4938 igitur
2500 4868 2740 4925 medicus
2750 4866 2918 4922 fracto
2928 4880 3056 4922 vase
3074 4854 3330 4935 aegrotum
3347 4856 3545 4917 cohibet
3569 4846 3627 4902 ab

2073 4959 2452 5030 intempestivo
2471 4959 2642 5031 frigidi
2660 4968 2816 5029 potus
2831 4959 3090 5029 appetitu,
3114 4957 3194 5012 sic
3209 4966 3263 5012 et
3281 4957 3439 5020 Deus,
3459 4955 3626 5004 eversa

2068 5052 2284 5108 civitate
2296 5054 2430 5123 ipsa,
2447 5053 2691 5123 adeoque
2710 5051 2947 5108 funditus
2963 5051 3162 5117 diruta,
3177 5034 3231 5104 ut
3253 5046 3490 5104 omnibus
3507 5038 3624 5093 facta

2069 5143 2139 5198 sit
2164 5144 2458 5212 inaccessa,
2484 5142 2698 5199 Judaeos
2718 5159 2749 5197 a
2775 5142 3049 5198 sacriﬁciis
3072 5141 3308 5196 abduxit.
3336 5137 3459 5193 Nam
3478 5130 3518 5186 si
3538 5126 3625 5181 hoc

2070 5251 2178 5291 non
2225 5236 2448 5307 agebat,
2492 5250 2589 5291 cur
2629 5236 2943 5307 religionem
2984 5235 3129 5289 illam
3175 5233 3228 5288 in
3273 5243 3429 5286 unum
3472 5225 3627 5307 locum

2071 5306 2369 5394 conclusit,
2400 5326 2490 5396 qui
2519 5306 2782 5397 nusquam
2815 5340 2921 5380 non
2948 5333 3030 5379 est
3062 5338 3327 5392 pmsens,
3356 5316 3441 5388 qui
3466 5306 3626 5377 imP’“

2072 5418 2358 5474 universa?
2386 5418 2492 5473 Cur
2516 5418 2678 5488 igitur
2703 5417 2903 5473 cultum
2931 5415 3143 5484 redegit
3177 5414 3244 5469 ad
3273 5410 3526 5468 victimas,
3554 5397 3621 5447 Vi'

2069 5511 2263 5567 etimas
2286 5510 2354 5566 ad
2380 5518 2586 5571 certum
2629 5510 2805 5566 locum
2826 5551 2842 5577 ,
2873 5509 3049 5565 locum
3077 5507 3144 5563 ad
3176 5517 3413 5575 tempus,
3443 5494 3623 5557 ιοιηρσιε

2070 5600 2137 5654 ad
2170 5615 2329 5655 unam
2359 5600 2629 5658 civitatem
2671 5599 2939 5657 contraxit
2958 5639 2973 5664 ,
3005 5613 3068 5653 ac
3098 5612 3283 5653 rursus
3311 5596 3441 5651 hanc
3475 5584 3619 5653 illum

2070 5691 2341 5747 civitatem
2378 5691 2679 5747 subvertit?
2707 5690 2860 5747 Adde
2884 5689 3028 5761 quod
3068 5689 3261 5745 mirum
3291 5687 3445 5743 estet
3469 5676 3619 5761 iocre:

2056 5784 2238 5841 'dibile
2257 5826 2271 5853 ,
2318 5793 2462 5841 totus
2491 5794 2754 5843 terrarum
2798 5753 2945 5843 orbis
2973 5781 3284 5841 conceditur
3313 5770 3521 5837 ludatis,
3543 5753 3618 5815 ubi
