3920 6384
141 504 246 559 881

145 805 510 858 vehementer
535 805 695 858 etiam
719 804 926 858 stolidis
947 806 1147 860 clarum
1170 807 1612 877 perspicuumque
1633 819 1738 876 est,

137 906 299 960 quam
332 892 408 946 ob
437 906 657 946 causam
689 908 750 947 ea
785 892 971 947 civitas
997 893 1153 949 fuerit
1185 895 1476 949 subversa?
1503 897 1634 950 Nam
1664 898 1738 951 si-

136 991 229 1036 cut
258 981 601 1036 architectus
618 983 772 1052 jactis
801 983 1178 1050 fundamentis,
1209 985 1400 1038 erectis
1429 985 1735 1054 parietibus,

136 1082 532 1128 concamerata
575 1075 870 1139 testudine,
919 1061 1138 1145 ipsaque
1177 1079 1640 1133 concameratione
1685 1079 1736 1133 in

139 1181 307 1220 unum
351 1167 592 1235 lapidem
634 1167 685 1221 in
724 1169 899 1222 medio
944 1171 1172 1237 positum
1217 1184 1488 1234 connexa,
1540 1172 1584 1226 si
1616 1187 1737 1226 eum

142 1259 329 1324 tollat,
385 1267 559 1312 totam
602 1259 810 1314 tediﬁcii
855 1276 1162 1330 compagem
1207 1263 1461 1317 solverit:
1495 1263 1738 1318 similiter

149 1353 294 1405 Deus
325 1367 455 1405 cum
487 1366 604 1405 eam
632 1353 901 1406 civitatem
945 1351 1132 1408 fecerit
1159 1354 1307 1422 quasi
1344 1355 1543 1408 nodum
1578 1355 1737 1408 totius

142 1441 426 1510 religionis
457 1441 729 1506 Iudaicae,
773 1457 834 1496 ac
874 1457 994 1495 mox
1033 1458 1148 1496 eam
1177 1444 1526 1509 subvertcrit,
1561 1459 1737 1498 nonne

147 1534 347 1604 pariter
374 1541 432 1588 et
462 1535 772 1587 universum
801 1535 918 1602 ejus
947 1544 1142 1588 statum
1173 1535 1454 1590 dissolvit?

211 1627 261 1679 7.
310 1623 521 1678 Verum
576 1624 832 1679 hactenus
887 1626 1142 1680 adversus
1182 1625 1396 1680 JUdiPOS
1447 1636 1734 1697 pugnatum

147 1725 279 1771 esto.
310 1715 451 1770 Nam
489 1715 650 1770 hodie
681 1716 852 1770 solum
879 1717 1088 1771 eminus
1109 1718 1158 1772 in
1189 1718 1308 1771 illos
1325 1717 1515 1787 jaculis
1536 1717 1736 1773 velitati

147 1823 361 1874 sumus,
399 1817 609 1862 tantum
663 1809 893 1878 loquuti,
924 1817 1176 1878 quantum
1204 1809 1334 1863 satis
1361 1819 1476 1863 erat
1520 1809 1586 1863 ad
1637 1809 1733 1864 de-

149 1897 459 1966 pellendum
491 1898 784 1966 perieulum
816 1913 844 1951 a
895 1898 1144 1952 fratribus
1175 1897 1403 1966 nostris,
1438 1899 1545 1952 imo
1570 1900 1736 1954 multo

149 1991 308 2042 etiam
330 1989 588 2058 amplius.
617 1989 799 2042 Restat
825 1998 1002 2043 autem
1031 1988 1159 2041 illud
1208 1990 1530 2055 necessario,
1561 1999 1616 2042 ut
1641 2005 1736 2044 vos

151 2082 237 2151 qui
261 2082 467 2137 adestis
493 2123 509 2146 ,
541 2082 905 2147 adhortemur,
938 2091 996 2136 ut
1045 2082 1264 2136 multam
1317 2082 1731 2136 sollicitudinem

154 2171 389 2226 habeatis
441 2187 548 2241 pro
601 2172 852 2226 membris
899 2172 1114 2226 nostris.
1162 2171 1238 2226 Ne
1285 2171 1561 2236 dixeritis,
1609 2169 1735 2240 quid

126 2281 265 2320 mea
294 2267 501 2320 refert?
525 2282 622 2320 cur
641 2275 814 2319 autem
837 2281 934 2335 ego
961 2280 1140 2321 rerum
1172 2265 1468 2319 alienarum
1494 2265 1736 2318 curiosus

154 2358 246 2410 sim
265 2367 318 2410 et
337 2357 606 2412 sollicitus
630 2357 653 2410 ἲ
676 2357 932 2410 Dominus
958 2365 1178 2426 propter
1200 2369 1298 2408 nos
1337 2364 1575 2408 mortuus
1617 2365 1730 2419 est;

156 2457 206 2500 tu
225 2463 352 2502 vero
373 2463 444 2502 ne
473 2462 777 2501 sermonem
811 2447 1024 2516 quidem
1056 2444 1284 2515 profers?
1299 2445 1364 2498 Et
1387 2461 1543 2514 quam
1587 2446 1735 2498 inve-

159 2537 264 2589 nies
288 2537 502 2590 veniam
528 2578 542 2602 ,
573 2545 663 2590 aut
684 2551 840 2606 quam
872 2536 1105 2604 reperies
1135 2533 1562 2589 excusationem?
1587 2531 1732 2598 Quo-

157 2626 307 2680 modo
331 2627 398 2681 ad
415 2627 618 2680 Christi
647 2626 876 2680 tribunal
902 2626 1067 2681 stabis
1088 2640 1206 2680 cum
1238 2624 1449 2688 fiducia,
1477 2623 1560 2677 dic
1581 2622 1733 2687 mihi,

165 2727 233 2770 tot
283 2720 593 2771 animarum
643 2718 860 2772 exitium
911 2717 1288 2771 dissimulans?
1343 2715 1554 2770 Utinam
1607 2713 1734 2767 mihi

160 2809 419 2878 contingat
451 2823 524 2863 eo
550 2817 825 2862 currentes
851 2808 1055 2874 videre,
1075 2822 1404 2876 nequaquam
1431 2806 1579 2859 vobis
1601 2820 1736 2873 opus

162 2910 310 2965 esset,
340 2900 435 2954 sed
459 2900 798 2954 celerrimam
829 2898 1135 2953 adhiberem
1157 2898 1563 2953 correctionem.

224 2983 526 3038 Adhortatio
573 2984 640 3036 ad
681 2983 1075 3037 emendationem
1124 2983 1362 3053 fratrum.
1402 3009 1474 3020 —-
1511 2979 1730 3045 Quoties

164 3072 313 3128 frater
340 3084 423 3129 est
441 3072 822 3130 emendandus
843 3116 859 3141 ,
889 3073 1094 3127 etiamsi
1141 3071 1246 3125 vita
1266 3071 1337 3124 sit
1360 3069 1732 3138 impendenda,

164 3180 221 3218 ne
243 3180 474 3220 recuses.
509 3164 720 3220 Imitare
750 3165 1030 3219 Dominum
1049 3171 1215 3218 tuum.
1239 3161 1388 3229 Quod
1411 3160 1456 3214 si
1484 3160 1735 3214 famulum

166 3255 317 3311 habes
336 3298 354 3323 ,
405 3259 451 3312 si
493 3272 716 3312 uxorem
739 3299 753 3321 ,
787 3257 951 3311 multa
980 3271 1099 3310 cum
1145 3254 1418 3324 diligentia
1447 3254 1566 3307 illos
1589 3251 1736 3306 domi

163 3349 446 3403 contineas.
475 3349 694 3404 Etenim
723 3349 770 3402 si
810 3363 917 3402 non
947 3346 1208 3416 permittis
1252 3345 1355 3399 illis
1393 3353 1452 3399 ut
1483 3344 1535 3397 in
1589 3343 1737 3397 thea-

166 3445 290 3492 trum
318 3449 440 3494 eant
459 3482 472 3504 ,
504 3448 703 3509 quanto
733 3439 898 3508 magis
923 3455 952 3493 a
978 3439 1252 3510 Synagoga
1281 3436 1584 3492 Judmorum
1613 3443 1737 3489 sunt

166 3530 404 3584 arcendi?
426 3531 602 3600 Majus
635 3540 715 3584 est
762 3529 851 3583 hic
892 3530 1065 3583 scelus
1111 3543 1269 3598 quam
1296 3526 1420 3580 illic.
1449 3525 1600 3591 Quod
1630 3525 1736 3579 illic

167 3621 249 3684 lit,
278 3633 554 3692 peccaturo
583 3631 693 3688 est;
722 3621 862 3691 quod
892 3621 976 3674 hic
995 3663 1010 3687 ,
1034 3620 1296 3688 impietas.
1328 3617 1451 3671 Haec
1480 3633 1583 3670 non
1615 3615 1736 3670 ideo

169 3710 358 3780 loquor.
386 3723 443 3768 ut
465 3713 590 3768 illos
615 3713 798 3766 sinatis
825 3711 876 3764 in
897 3713 1159 3765 theatrum
1182 3709 1289 3772 ire,
1320 3722 1442 3761 nam
1473 3715 1527 3760 et
1548 3705 1598 3758 id
1624 3720 1738 3758 ma-

170 3803 265 3858 lum
302 3814 419 3860 est:
451 3806 554 3862 sed
606 3813 663 3859 ut
712 3804 778 3858 ab
816 3804 916 3857 hoc
969 3803 1135 3856 multo
1178 3801 1345 3870 magis
1385 3798 1734 3870 prohibeatis.

168 3893 289 3959 Quid
315 3906 653 3966 spectaturus
691 3895 861 3950 curris
900 3894 963 3948 ad
1007 3893 1336 3965 Synagogam
1367 3892 1458 3946 Dei
1504 3891 1735 3945 hostium

170 3984 492 4043 iud-auorum?
523 4002 650 4043 num
678 3987 920 4040 homines
943 3985 1067 4039 tuba
1096 3982 1386 4038 canentes?
1417 3985 1483 4035 At
1503 3981 1737 4050 oportuit

171 4072 299 4130 domi
326 4080 600 4134 sedentem
630 4077 856 4148 gemitus
880 4091 944 4130 ac
970 4077 1228 4146 lacrymas
1262 4089 1356 4144 pro
1383 4073 1484 4126 illis
1515 4070 1735 4141 profun-

173 4163 317 4234 dere,
344 4172 481 4238 quod
518 4169 776 4223 rebellent
802 4174 1068 4237 praaCeplo
1110 4166 1236 4230 Dei,
1280 4163 1420 4232 quod
1462 4161 1733 4216 diabolum

175 4252 386 4311 habeant
435 4275 561 4314 cum
601 4259 725 4328 ipsis
762 4258 984 4311 choreas
1019 4265 1280 4324 agentem.
1323 4252 1452 4306 Nam
1475 4295 1488 4319 ,
1515 4261 1572 4304 ut
1614 4259 1737 4304 ante

175 4343 290 4408 dixi,
318 4350 450 4417 quod
477 4352 536 4402 lit
559 4357 751 4418 praeter
777 4348 1098 4402 voluntatem
1127 4345 1239 4410 Dei,
1263 4344 1469 4398 etiamsi
1493 4343 1736 4410 aliquan-

177 4431 236 4485 do
255 4435 341 4489 fuit
365 4440 684 4506 permissum
708 4481 722 4502 ,
758 4447 937 4507 postea
966 4437 1180 4490 violatio
1205 4436 1332 4500 legis
1352 4442 1452 4499 est,
1497 4441 1551 4487 et
1577 4433 1734 4486 innu-

180 4531 494 4585 merabilium
559 4531 938 4600 suppliciorum
988 4529 1227 4583 materia.
1260 4526 1408 4582 Tuba
1474 4523 1738 4578 canebant

179 4613 329 4673 Judzri
363 4630 469 4675 tum
497 4639 617 4677 cum
649 4621 912 4690 habebant
938 4619 1226 4685 sacriﬁcia,
1257 4632 1396 4671 nunc
1449 4631 1577 4671 vero
1629 4630 1735 4668 non

181 4703 291 4762 licet
327 4711 426 4765 illis
465 4713 604 4767 idem
649 4711 846 4766 facere.
898 4711 1128 4765 Proinde
1153 4711 1333 4779 accipe
1368 4709 1478 4777 jam
1499 4749 1513 4771 ,
1537 4722 1639 4777 qua
1669 4707 1737 4762 de

184 4809 325 4853 causa
379 4803 511 4858 data:
567 4805 674 4859 sint
716 4803 818 4858 illis
864 4803 1024 4858 tubae.
1056 4801 1196 4866 Fac,
1229 4802 1424 4870 inquit,
1457 4801 1543 4853 tibi
1593 4799 1737 4852 tuba:

182 4889 373 4946 ductile:
412 4906 670 4966 argenteas
717 4893 904 4964 (Num.
936 4894 1021 4949 10.
1064 4893 1144 4966 2),
1184 4908 1414 4964 moxque
1459 4906 1735 4947 common-

183 4987 344 5036 strans
389 5001 536 5042 usum
569 4988 800 5053 illarum,
831 4986 1078 5056 subjicit:
1103 4987 1167 5040 Et
1196 4987 1299 5040 illis
1325 4987 1488 5040 canite
1513 4987 1567 5038 in
1593 4986 1738 5039 Italo-

182 5079 456 5132 cautomatis
472 5082 663 5145 vestris,
682 5090 727 5135 et
753 5081 807 5134 in
833 5080 1096 5147 sacriﬁciis
1111 5080 1411 5134 salutarium
1438 5088 1732 5131 vestrorum.

185 5153 274 5212 Ubi
314 5163 464 5233 igitur
492 5179 574 5225 est
598 5171 795 5234 altare,
825 5169 914 5223 ubi
941 5185 1093 5233 arca,
1121 5168 1210 5222 ubi
1237 5167 1632 5222 tabernaculum
1685 5173 1739 5220 et

187 5244 370 5310 Sancta
383 5270 716 5327 sanctorum,
736 5260 826 5315 ubi
873 5259 1142 5322 sacerdos,
1175 5257 1264 5312 ubi
1294 5256 1578 5312 Cherubim
1617 5256 1736 5326 glo-

185 5343 297 5407 ritn,
339 5348 423 5402 ubi
472 5351 793 5406 thuribulutn
843 5365 1093 5414 aureum,
1141 5349 1228 5403 ubi
1279 5347 1734 5416 propitiatorium,

188 5429 267 5484 “bi
296 5437 478 5502 Phiala.
506 5444 590 5498 ubi
625 5451 819 5513 patera:
847 5441 1124 5506 libatoriw,
1147 5441 1234 5494 ubi
1266 5439 1401 5509 ignis
1425 5440 1513 5493 ille
1535 5439 1738 5492 caelitus

191 5515 464 5583 demissus?
501 5533 631 5587 Cum
670 5533 846 5591 omnia
873 5531 1149 5596 amiseris,
1181 5529 1313 5584 nihil
1357 5529 1497 5584 aliud
1543 5529 1738 5583 retines

194 5623 333 5676 quant
363 5622 538 5680 tubas?
565 5625 724 5682 Vides
765 5627 881 5680 illos
911 5625 1092 5680 ludere
1142 5625 1320 5678 verius
1364 5638 1522 5692 quam
1572 5622 1736 5676 Deum

198 5704 385 5764 coiere?
408 5714 589 5773 Verum
637 5719 1082 5790 quemadmodum
1112 5718 1231 5774 illos
1252 5718 1524 5787 culpamus
1548 5759 1562 5785 ι
1596 5715 1736 5788 (ιυοά

1384 510 1744 568 ADVERSUS
1780 511 2080 568 JUD/EOS.
2123 510 2208 567 IV.

141 623 218 675 fas
241 636 354 674 non
384 628 476 675 est
511 620 832 687 sacriﬁcari;
864 621 1030 677 solam
1061 620 1446 694 Jerosolymam
1477 623 1577 679 illis
1597 625 1745 682 adire

140 727 244 768 non
282 713 453 778 licet,
504 713 555 766 in
594 727 694 783 qua
723 714 838 768 sola
878 714 1000 768 licet
1044 711 1337 794 immolare.
1367 715 1556 769 Annon
1586 717 1744 785 igitur

3317 524 3422 578 882

1854 625 2025 694 legem
2059 624 2546 694 transgrediuntur:
2580 628 2647 681 ita
2697 629 2863 684 multo
2889 631 3054 701 magis
3074 648 3167 687 vos
3215 633 3426 689 incusa-

1852 729 1970 768 mus
1991 757 2005 781 ,
2034 716 2174 784 quod
2204 715 2271 769 ad
2329 725 2750 786 transgressores
2777 720 2906 790 legis
2939 724 3291 789 concurritis;
3325 742 3430 782 nec

1848 808 1968 861 illos
1999 816 2198 861 tantum
2219 850 2232 871 ,
2263 810 2352 871 qui
2382 825 2446 864 eo
2498 820 2842 876 concurrunt,
2872 828 3057 869 verum
3107 816 3266 870 etiam
3325 834 3421 874 eos

1847 899 2038 967 quibus
2062 915 2180 953 cum
2207 899 2276 954 sit
2321 901 2608 955 auctoritas
2631 904 2941 970 prohibendi
2967 921 3119 972 suos,
3145 911 3313 962 nolint
3340 920 3418 964 ta-

1851 1005 1971 1043 men
2031 990 2080 1044 id
2121 990 2311 1046 facere.
2364 993 2438 1046 Ne
2463 994 2588 1047 mihi
2621 995 2851 1049 dixeris:
2875 997 2998 1065 quid
3029 999 3154 1051 mihi
3177 1013 3297 1053 cmn
3329 1002 3421 1055 illo

1843 1080 2145 1133 commercii
2174 1081 2293 1134 est?
2328 1081 2549 1136 Alienus
2572 1092 2686 1148 est,
2717 1083 2922 1151 ignotus
2951 1094 3059 1140 est.
3097 1087 3227 1140 Dum
3263 1087 3423 1144 fuerit

1845 1167 2016 1222 ﬁdelis
2037 1210 2050 1233 ,
2080 1168 2205 1223 dum
2235 1171 2542 1224 earumdem
2572 1173 2831 1242 particeps
2861 1176 3229 1246 mysteriorum
3252 1218 3267 1242 ,
3292 1177 3417 1232 dum

1844 1259 1893 1311 in
1924 1259 2166 1314 eamdem
2216 1263 2464 1316 convenit
2493 1262 2784 1316 Ecclesiam
2804 1305 2818 1326 ,
2844 1273 2898 1317 et
2926 1265 3209 1332 fratribus,
3239 1277 3292 1320 et
3329 1282 3415 1321 co-

1841 1351 2043 1417 gnatis,
2070 1358 2125 1403 et
2150 1352 2465 1405 necessariis
2485 1394 2498 1416 ,
2525 1361 2578 1406 et
2603 1354 2810 1407 caeteris
2839 1354 3082 1408 omnibus
3102 1369 3182 1409 est
3201 1356 3416 1426 propin-

1841 1441 2012 1508 quior.
2043 1440 2270 1495 Proinde
2296 1443 2434 1496 sicut
2465 1460 2567 1496 non
2606 1445 2701 1512 ipsi
2731 1454 2931 1498 tantum
2975 1445 3118 1500 fures
3148 1447 3273 1500 dant
3301 1462 3416 1516 pte-

1841 1546 1962 1596 nas,
1997 1547 2179 1586 verum
2206 1535 2364 1587 etiam
2403 1536 2589 1590 eadem
2622 1551 2775 1604 paena
2800 1538 3108 1606 plectuntur
3138 1540 3195 1606 ii,
3227 1541 3420 1612 quibus

1840 1635 1961 1674 cum
2013 1633 2155 1676 esset
2207 1632 2438 1692 potestas
2460 1627 2700 1690 vetandi,
2744 1641 2847 1680 non
2875 1639 3157 1683 vetuerunt
3202 1641 3413 1685 tamen:

1841 1710 1912 1764 ita
1939 1727 2041 1765 non
2068 1714 2239 1767 solum
2263 1715 2351 1783 qui
2401 1715 2560 1782 impie
2583 1729 2772 1786 agunt,
2794 1733 2978 1772 verum
3003 1720 3162 1773 etiam
3195 1721 3268 1776 illi
3321 1725 3414 1790 qui

1838 1816 1959 1856 cum
1994 1804 2194 1871 possint
2221 1803 2287 1857 ab
2334 1805 2603 1873 impietate
2655 1822 2935 1872 revocare,
2992 1817 3165 1862 tamen
3224 1810 3306 1865 vel
3346 1811 3420 1865 ob

1840 1893 2135 1963 pigritiam,
2167 1895 2250 1949 vel
2280 1895 2350 1949 ob
2394 1896 2724 1951 timiditatem
2753 1898 2801 1950 id
2827 1897 2999 1952 facere
3029 1899 3234 1967 nolunt,
3258 1899 3419 1956 simili

1843 1998 1962 2037 cum
1995 1984 2098 2038 illis
2144 2001 2297 2054 poma
2327 1987 2652 2056 plectuntur.
2681 1987 2953 2057 Siquidem
2987 1990 3239 2044 talentum
3288 1992 3419 2046 illud

1840 2075 1982 2144 quod
2011 2087 2285 2144 acceperat
2305 2092 2368 2130 ac
2389 2077 2664 2132 defoderat
2687 2092 2872 2133 servus
2897 2079 3003 2146 ille,
3027 2080 3254 2135 reddidit
3285 2081 3422 2136 inte-

1841 2183 2023 2236 grum;
2072 2177 2304 2222 attamen
2353 2169 2446 2222 dat
2499 2183 2806 2239 poenas,eo
2851 2171 2991 2239 quod
3044 2186 3147 2224 non
3198 2181 3422 2228 auxerat

1841 2256 2044 2311 lucrum
2091 2256 2315 2329 (Matth.
2346 2259 2428 2314 l8.
2459 2259 2548 2313 2L
2575 2260 2732 2330 sqq.):
2780 2261 2850 2314 ita
2882 2269 2935 2314 tu
2961 2261 3172 2330 quidem
3209 2263 3419 2318 etiamsi

1841 2347 1954 2415 ipse
1985 2362 2148 2416 purus
2174 2358 2225 2402 et
2253 2349 2506 2403 innocens
2531 2365 2871 2418 perseveres,
2901 2351 2946 2404 si
2974 2368 3077 2404 non
3105 2367 3298 2422 augeas
3343 2360 3422 2407 ta-

1841 2437 2040 2491 lentum
2063 2478 2076 2500 ,
2110 2453 2208 2491 nec
2229 2437 2443 2493 fratrem
2469 2449 2776 2508 pereuntem
2806 2447 3025 2494 revoces
3055 2441 3122 2494 ad
3157 2441 3416 2506 salutem,

1845 2527 2030 2580 eadem
2057 2542 2174 2595 quae
2206 2527 2294 2582 ille
2324 2529 2558 2597 patieris.
2586 2528 2721 2595 Quid
2752 2529 2925 2598 magni
2968 2529 3219 2597 postulo?
3242 2528 3418 2584 Unus-

1840 2619 2063 2687 quisque
2086 2627 2319 2673 vestrnm
2353 2635 2514 2674 unum
2541 2620 2668 2674 mihi
2696 2636 2761 2674 ex
2791 2619 3038 2675 fratribus
3083 2621 3149 2676 ad
3193 2623 3418 2679 salutem

1842 2719 2090 2773 revocet;
2120 2709 2206 2764 hic
2228 2711 2506 2775 sollicitus,
2541 2711 2627 2766 hic
2651 2712 2872 2780 quisque
2892 2711 3133 2766 curiosus
3152 2723 3289 2780 esto,
3314 2729 3419 2784 quo

1841 2802 2088 2855 nimirum
2114 2802 2164 2856 in
2191 2804 2420 2858 crastina
2447 2804 2666 2858 collecta
2699 2803 2860 2858 multa
2889 2819 3009 2858 cum
3055 2806 3241 2860 ﬁducia
3267 2822 3418 2862 com-

1839 2907 2125 2963 pareamus
2163 2894 2382 2948 donaria
2429 2896 2537 2949 Deo
2583 2896 2810 2949 ferentes
2833 2934 2848 2959 ,
2883 2896 3100 2949 donaria
3125 2938 3140 2963 ,
3172 2897 3414 2968 inquam,

1843 2984 2079 3037 omnium
2114 2984 2524 3052 pretiosissima,
2553 2985 2594 3037 si
2629 2985 2834 3038 animas
2862 2985 3153 3039 errantium
3184 2986 3416 3042 reduxe-

1841 3076 2042 3139 rimus;
2070 3075 2280 3130 etiamsi
2317 3077 2637 3131 contumelia
2669 3076 2825 3130 fuerit
2846 3075 3098 3142 ferenda,
3121 3077 3166 3130 si
3191 3077 3422 3131 toleran-

1839 3167 1906 3218 da
1954 3165 2208 3232 verbera,
2260 3167 2305 3221 si
2353 3165 2561 3235 quidvis
2609 3165 2750 3219 aliud
2793 3163 3186 3229 sull'erendum,
3237 3166 3418 3220 omnia

1841 3255 2096 3311 faciamus
2147 3265 2205 3310 ut
2257 3257 2373 3311 illos
2418 3271 2814 3324 recuperemus.
2860 3255 3301 3327 Quandoquidem
3354 3265 3414 3312 et

1840 3357 2072 3415 a-grotos
2099 3346 2333 3401 calcibus
2386 3346 2670 3412 ferientes,
2702 3348 3037 3402 contumeliis
3064 3357 3120 3402 et
3162 3347 3418 3403 conviciis

1841 3437 2172 3493 incessentes
2218 3439 2475 3502 ferimus,
2527 3454 2627 3493 nec
2677 3438 2998 3494 offendimur
3042 3440 3415 3494 contumeliis:

1839 3545 2027 3584 verum
2074 3529 2204 3583 nihil
2257 3529 2399 3583 aliud
2429 3530 2610 3584 videre
2638 3529 2880 3598 cupimus
2900 3571 2917 3593 ,
2945 3544 3102 3598 quam
3133 3529 3417 3583 sanitatem

1841 3619 2070 3675 hominis
2093 3637 2188 3690 per
2216 3621 2460 3675 morbum
2491 3621 2740 3675 indecora
2765 3619 3028 3675 facientis.
3058 3619 3194 3688 Quin
3223 3629 3277 3674 et
3300 3637 3417 3676 me-

1841 3713 1945 3767 dici
1977 3722 2178 3768 vestem
2227 3729 2369 3782 smpe
2415 3713 2667 3768 laceravit
2694 3721 2991 3781 :egrotans,
3023 3721 3076 3765 at
3107 3727 3210 3765 non
3240 3711 3359 3766 ideo
3385 3729 3416 3766 a

1841 3819 1966 3858 cura
2010 3803 2214 3857 destitit
2267 3803 2372 3858 ille.
2424 3805 2521 3871 Qui
2554 3805 2610 3858 lit
2659 3803 2838 3872 igitur,
2870 3811 2926 3856 ut
2968 3802 3056 3871 qui
3102 3802 3417 3870 corporibus

1842 3895 2160 3958 consulunt,
2192 3903 2337 3949 tanta
2368 3905 2581 3948 utantur
2607 3895 2876 3964 diligentia
2899 3935 2912 3956 ,
2949 3909 3047 3947 nos
3087 3902 3164 3946 tot
3213 3893 3417 3946 anima—

1843 3986 1941 4040 bus
1965 3986 2306 4055 pereuntibus
2325 4000 2617 4049 cessemus,
2643 3984 2858 4054 perinde
2879 3985 3026 4054 quasi
3053 3983 3418 4037 existimemus

1841 4077 1973 4131 nihil
2000 4079 2243 4133 accidere
2293 4093 2482 4145 grave,
2513 4093 2631 4130 cum
2689 4077 2927 4130 membra
2971 4084 3149 4128 nostra
3208 4085 3416 4141 putres-

1839 4168 2003 4222 cunt?
2032 4171 2101 4221 At
2127 4184 2230 4221 non
2254 4170 2324 4222 ita
2349 4167 2539 4220 Paulus
2563 4183 2576 4220 :
2601 4165 2694 4220 sed
2723 4163 3024 4235 quomodo?
3048 4163 3204 4228 Quis,
3227 4162 3414 4230 inquit,

1840 4258 2147 4324 inﬁrmatur,
2179 4267 2224 4310 et
2249 4274 2349 4310 non
2373 4256 2634 4322 inﬁrmor?
2663 4255 2788 4321 Qui:
2809 4253 3098 4319 offenditur,
3128 4260 3171 4305 et
3197 4268 3287 4321 ego
3316 4268 3415 4302 non

1839 4363 1961 4399 uror
1988 4345 2060 4417 (2.
2095 4347 2210 4400 Cor.
2236 4348 2322 4401 ll.
2350 4344 2468 4415 '29)?
2490 4345 2638 4398 llunc
2667 4346 2838 4413 ignem
2867 4353 2917 4396 tu
2941 4358 3148 4412 quoque
3172 4341 3413 4408 concipe,

1840 4445 1895 4492 et
1924 4439 1970 4502 si,
1994 4436 2336 4507 conspexeris
2360 4436 2571 4489 fratrem
2604 4445 2911 4504 pereuntem
2929 4475 2943 4498 ,
2966 4431 3208 4501 quamvis
3231 4432 3413 4485 convi-

1839 4529 2030 4589 cietur.
2054 4529 2292 4597 quamvis
2317 4525 2687 4582 contumeliam
2714 4524 2938 4590 inferat,
2965 4522 3203 4592 quamvis
3230 4522 3409 4577 verbe-

1841 4629 1943 4686 ret,
1971 4619 2214 4689 quamvis
2244 4619 2514 4672 minitetur
2547 4631 2605 4670 se
2636 4615 2867 4669 futurum
2897 4619 3122 4676 hostem,
3153 4621 3244 4666 aut
3271 4611 3410 4668 aliud

1841 4711 2353 4782 quidlibetintentet,
2376 4707 2460 4762 fac
2485 4707 2660 4761 omnia
2686 4705 2922 4775 perferas
2949 4704 3169 4768 fortiter,
3201 4712 3256 4757 ut
3277 4702 3414 4757 illius

1841 4801 2140 4856 lucrifacias
2160 4801 2405 4855 salutem.
2423 4799 2480 4855 Si
2510 4798 2598 4853 ille
2626 4798 2715 4852 ﬁat
2737 4797 2983 4851 inimicus
3001 4837 3016 4860 ,
3043 4795 3178 4849 Deus
3203 4795 3292 4848 tibi
3313 4796 3413 4848 erit

1841 4894 2062 4958 amicus;
2085 4893 2393 4962 magnisque
2421 4891 2472 4944 in
2496 4889 2584 4944 die
2605 4889 2700 4944 illo
2718 4887 2871 4942 bonis
2899 4896 2950 4942 te
2969 4885 3409 4941 remunerabitur.

1842 4985 2052 5040 Utinam
2083 4993 2258 5037 autem
2281 4983 2331 5036 id
2357 4981 2565 5037 eveniat
2585 4988 2888 5036 sanctorum
2911 4977 3046 5030 voﬁs
3065 4990 3128 5030 ae
3148 4975 3412 5044 precibus,

1841 5085 1900 5130 ut
1927 5086 1981 5131 et
2023 5077 2112 5145 qui
2137 5076 2187 5128 in
2204 5089 2438 5129 errorem
2490 5073 2700 5127 abducti
2729 5078 2886 5137 sunt,
2919 5077 3300 5138 recuperentur
3349 5065 3415 5120 ad
3509 5097 3516 5108 κ

1843 5168 2062 5221 salutem
2085 5208 2100 5232 ,
2132 5178 2183 5220 et
2209 5181 2302 5219 vos
2331 5166 2380 5219 in
2414 5164 2515 5218 hoc
2542 5173 2733 5218 venatu
2761 5162 2868 5216 voti
2893 5169 3166 5230 compotes
3217 5157 3412 5212 evada-

1843 5258 1944 5325 tis;
1994 5268 2048 5312 et
2102 5259 2177 5311 illi
2233 5257 2333 5324 ipsi
2377 5254 2707 5325 blasphetni,
2763 5252 2971 5307 liberati
3025 5250 3091 5303 ab
3144 5248 3415 5314 impietate

1841 5361 1972 5413 sua,
2018 5347 2287 5400 Christum
2352 5352 2641 5413 agnoscant
2709 5357 2804 5410 pro
2860 5340 2986 5409 ipsis
3058 5337 3412 5398 crucilixnm,

1843 5449 1900 5493 ut
1968 5454 2155 5493 omnes
2208 5452 2313 5491 uno
2367 5436 2579 5500 animo,
2631 5434 2924 5502 eodemque
2983 5446 3079 5486 ore
3147 5428 3414 5497 gloriﬁce-

1845 5546 1962 5584 mus
1994 5531 2159 5584 Deum
2190 5538 2241 5583 et
2275 5527 2482 5582 Patrem
2510 5525 2718 5580 Domini
2741 5521 2908 5577 nostri
2928 5521 3052 5576 Jesu
3081 5519 3295 5581 Christi,
3332 5519 3413 5570 cui

1843 5621 2007 5689 gloria
2038 5629 2092 5674 et
2117 5618 2353 5688 potentia
2382 5631 2500 5669 cum
2529 5622 2713 5670 sancto
2730 5611 2932 5684 Spiritu
2954 5611 3006 5663 in
3032 5617 3217 5665 cuncta
3246 5621 3407 5660 swcu'

1843 5713 1893 5767 la
1914 5712 2253 5776 smculorum,
2283 5709 2474 5762 Amen.
