3920 6364
508 467 615 521 833

1215 447 1274 503 S.
1314 448 1591 507 JOANNIS
1626 441 2096 501 CllRYr‘OSTOMI
2137 439 2455 496 ARCllIEP.
2496 437 3031 498 CONSTANTINOP.

722 567 3284 602 W———————

3636 447 3725 507 881

3336 569 3725 592 Μ

1271 655 1496 765 ΑΒ
1517 650 1907 764 VERS
1931 648 2098 757 US
2179 646 2836 756 JUD/EOS
2883 652 2934 755 ¹.

1061 878 1253 921 ommo
1287 877 1501 929 ρυικτι.

574 964 627 1018 1.
668 960 820 1018 Unde
848 960 999 1014 nobis
1049 957 1204 1010 hodie
1243 951 1569 1023 frequentior
1590 954 1885 1004 conventus
1910 947 2077 998 tactus

498 1057 624 1112 est?
662 1054 741 1110 Ad
786 1047 1180 1120 emugitandum
1231 1046 1371 1115 qttod
1423 1040 1642 1112 polliciti
1692 1051 1878 1092 sumus
1924 1036 2078 1103 plane

501 1145 846 1209 convenistis,
896 1153 953 1195 ut
994 1148 1272 1207 argentum
1303 1134 1410 1204 igni
1465 1130 1766 1202 probatum,
1799 1127 1941 1197 quod
1992 1140 2077 1180 me

503 1239 655 1294 vobis
675 1236 1039 1291 exhibiturum
1072 1230 1418 1300 promiseram
1440 1266 1456 1290 ,
1487 1221 1780 1291 accipiatis.
1808 1218 1938 1274 Nam
1966 1216 2075 1270 elo-

499 1329 646 1400 quia,
681 1326 870 1396 inquit,
896 1322 1023 1383 Dei,
1051 1320 1251 1389 eloquia
1287 1326 1426 1370 casta
1451 1329 1469 1367 :
1497 1321 1761 1383 argentum
1799 1309 1916 1379 igne
1951 1323 2074 1360 exa-

498 1396 766 1482 minatum,
820 1416 1089 1485 probatum
1129 1421 1276 1463 terra:
1323 1404 1492 1476 (Ρδαι.
1523 1404 1609 1458 il.
1639 1401 1715 1471 7).
1760 1396 2077 1453 Benedictus

500 1511 661 1574 Deus,
683 1523 772 1574 qut
800 1504 949 1558 vobis
978 1511 1178 1556 tantum
1200 1496 1447 1553 a'udiendi
1471 1492 1773 1562 spirituales
1792 1501 2074 1543 sermones

500 1599 779 1668 inspiravit
817 1595 1083 1649 ardorem.
1136 1587 1595 1659 Quemadmodum
1633 1582 1773 1638 enim
1830 1580 2075 1635 homines

497 1689 622 1740 vino
647 1697 700 1740 et
728 1683 1032 1756 potionibus
1060 1679 1225 1736 dediti
1249 1720 1263 1743 ,
1292 1677 1500 1747 singulo
1522 1689 1730 1745 quoque
1757 1670 1846 1727 die
1886 1670 2075 1724 obam-

497 1778 719 1842 bulant,
771 1776 1084 1842 curioseque
1127 1770 1457 1839 disquirtmt,
1517 1766 1603 1820 ubi
1657 1761 2077 1830 contpotationcs

497 1869 783 1939 agitentur,
831 1865 921 1918 ubi
960 1862 1232 1927 convivia,
1265 1859 1352 1912 ubi
1407 1872 1610 1919 ciente,
1660 1852 1752 1907 ubi
1803 1863 2078 1904 comessa-

499 1964 701 2024 ti0ues,
734 1958 823 2011 ubi
851 1955 1194 2017 temulentitc,
1243 1951 1454 2021 phialae,
1487 1960 1719 2003 crateres
1748 1953 1803 1999 et
1848 1941 2073 2011 pocula:

498 2054 577 2108 sic
603 2061 665 2107 et
683 2064 781 2105 vos
812 2046 1051 2118 quotidie
1075 2044 1232 2098 simul
1260 2051 1419 2109 atque
1464 2036 1838 2100 surrexeritis,
1867 2032 2077 2087 curiose

501 2140 802 2213 perquiritis
822 2179 837 2203 ,
862 2138 1073 2191 ubinam
1102 2135 1273 2188 futura
1303 2132 1372 2187 sit
1408 2126 1729 2190 exhortatio,
1760 2124 1846 2178 ubi
1893 2121 2078 2174 admo-

500 2210 668 2299 nitio,
698 2232 786 2286 ubi
828 2229 1091 2293 doctrina,
1134 2227 1219 2279 ubi
1259 2237 1435 2278 sermo
1490 2219 1556 2273 ad
1609 2216 1831 2287 gloriam
1876 2210 2077 2267 Christi

501 2326 824 2382 conducens.
854 2323 997 2389 Quas
1020 2320 1089 2373 ob
1117 2332 1203 2373 res
1250 2324 1307 2370 et
1359 2329 1457 2369 nos
1483 2325 1695 2381 quoque
1735 2303 2079 2376 propensiore

498 2418 675 2473 studio
701 2414 840 2486 quod
866 2410 1084 2482 polliciti
1117 2423 1300 2464 sumus
1322 2403 1688 2474 aggredimur:
1728 2405 1783 2452 ct
1806 2411 1925 2465 qua:
1957 2407 2076 2463 pro-

500 2508 776 2573 misimus,
832 2502 1179 2573 libentissime
1228 2494 1615 2568 pmstahimus.
1666 2490 1849 2557 itaque
1905 2496 2075 2553 pugna

497 2599 654 2655 nobis
678 2611 797 2652 cum
819 2594 1015 2649 Judaeis
1035 2597 1300 2658 suscepta,
1330 2586 1529 2641 exitum
1557 2596 1715 2652 quem
1732 2577 1933 2640 debuit,
1963 2589 2077 2628 sor-

504 2694 596 2747 tita
648 2698 750 2745 est.
799 2687 1080 2755 Troptcum
1129 2689 1366 2736 erectum
1409 2685 1521 2742 est,
1566 2686 1622 2729 et
1670 2684 1865 2727 corona
1923 2666 2077 2721 nobis

499 2792 649 2855 parta
674 2788 757 2838 est
774 2821 790 2847 ,
818 2788 867 2833 et
899 2778 1137 2831 bravium
1167 2789 1232 2828 ex
1259 2772 1531 2840 superiore
1553 2765 1813 2822 concione
1838 2768 2079 2830 reporta-

498 2853 696 2930 vimus.
741 2870 1013 2941 Siquidem
1064 2867 1166 2920 huc
1216 2873 1622 2930 susceperamus
1670 2853 1967 2925 agendum,
2019 2858 2079 2905 ut

498 2969 986 3023 demonstraremus
1009 2959 1148 3028 quod
1168 2972 1231 3012 ea
1255 2971 1371 3024 qua:
1395 2966 1535 3007 nunc
1555 2949 1689 3003 fiunt
1715 2947 1783 3000 ab
1810 2945 1949 3009 istis,
1972 2943 2078 2996 sint

495 3058 740 3131 quaedam
803 3052 1153 3123 transgressio
1226 3049 1358 3117 legis
1427 3039 1925 3114 pra2varicati0que,
1979 3048 2078 3089 nec

458 3163 466 3166 ‘
492 3130 637 3203 aliud
660 3161 815 3216 quam
838 3143 1107 3197 hominum
1133 3140 1386 3193 adversus
1404 3136 1570 3189 Deum
1598 3130 1879 3186 commissa
1905 3138 2075 3195 pugna

495 3215 829 3306 bellumque:
862 3234 1021 3304 idque
1050 3230 1159 3286 Deo
1190 3228 1474 3283 auxiliante
1500 3222 1652 3278 nobis
1679 3215 2077 3275 accuratissime

493 3331 917 3384 demonstrattun
966 3334 1067 3377 est.
1099 3320 1310 3375 Etenim
1354 3317 1398 3371 si
1423 3315 1690 3369 civitatem
1716 3325 1864 3364 suam
1896 3313 2077 3362 essent

498 3416 783 3487 aliquando
830 3410 1127 3481 recepturi,
1175 3416 1231 3463 et
1270 3409 1338 3460 ad
1382 3405 1659 3474 pristinum
1706 3399 1829 3453 vita:
1881 3405 2075 3452 statum

498 3506 753 3569 redituri,
784 3503 1143 3572 templumque
1162 3501 1507 3553 instauratum
1540 3492 1729 3552 visuri,
1757 3501 2074 3559 quamquam

493 3588 544 3642 id
575 3603 862 3656 numquam
915 3594 999 3638 est
1045 3585 1311 3648 futurum;
1338 3595 1405 3634 ne
1446 3579 1523 3633 sic
1563 3579 1779 3647 quidem
1820 3579 2079 3629 haberent

488 3681 687 3749 justam
707 3677 1104 3731 excusationem
1134 3686 1320 3728 eorum
1344 3684 1464 3741 qua:
1498 3667 1713 3723 faciunt.
1733 3666 1864 3721 Nam
1890 3673 1945 3720 et
1971 3674 2076 3718 tres

495 3771 569 3824 illi
596 3769 769 3840 pueri,
799 3776 856 3822 et
885 3765 1085 3829 Daniel,
1120 3765 1405 3832 caeterique
1427 3774 1615 3816 omnes
1637 3758 1729 3830 qui
1755 3757 2002 3812 vivebant
2023 3756 2075 3809 in

492 3861 819 3931 captivitate,
835 3857 1214 3929 exspectabant
1226 3871 1286 3910 se
1300 3862 1606 3923 recepturos
1622 3852 1890 3907 civitatem
1903 3864 2075 3915 suam,

494 3963 554 4007 ut
598 3960 722 4024 post
764 3965 933 4005 annos
972 3948 1299 4019 septuaginta
1344 3946 1593 4001 viderent
1639 3942 1824 4014 patriae
1866 3942 2075 4006 solum,

494 4047 841 4118 pristinisque
887 4044 1128 4098 viverent
1170 4040 1376 4110 legibus
1421 4037 1579 4110 (Dan.
1609 4037 1635 4090 1
1665 4047 1709 4090 et
1733 4036 1893 4104 seqq).
1918 4033 2078 4102 Atqui

492 4155 614 4195 cum
649 4139 750 4193 hoc
778 4137 884 4192 illis
909 4134 1186 4191 evidenter
1210 4140 1356 4188 esset
1380 4130 1698 4201 promissum
1721 4168 1735 4193 ,
1773 4142 1839 4181 ne
1858 4127 1935 4180 sic
1958 4124 2078 4195 qui-

491 4231 617 4287 dem
648 4238 771 4285 ante
804 4226 1211 4298 promissionem
1241 4231 1297 4278 et
1336 4221 1565 4277 reditum
1607 4219 1724 4273 ausi
1772 4224 1897 4272 sunt
1923 4213 2079 4285 quid-

492 4337 654 4392 quam
682 4336 869 4376 eorum
887 4318 1063 4374 facere
1082 4317 1230 4387 juxta
1262 4314 1396 4385 legis
1421 4313 1589 4379 ritus,
1612 4326 1730 4380 qua:
1753 4309 1951 4364 faciunt
1971 4307 2078 4361 isti.

496 4415 610 4469 lloc
637 4424 790 4483 paeto
816 4411 1016 4481 poteris
1053 4421 1108 4465 et
1136 4409 1248 4477 ipse
1268 4407 1456 4462 Iudaeo
1511 4419 1574 4459 os
1599 4401 1901 4458 occludcre.
1936 4400 2081 4469 Roga

496 4507 644 4560 illum
661 4545 677 4571 ,
705 4518 806 4573 qua
830 4501 901 4556 de
925 4516 1084 4556 causa
1109 4500 1359 4570 jejunus,
1387 4512 1508 4552 cum
1538 4512 1644 4551 non
1673 4494 1872 4550 habeas
1898 4492 2082 4548 civita-

499 4593 650 4650 tem?
676 4592 829 4661 Quod
849 4594 893 4647 si
916 4592 1128 4655 dixerit,
1152 4590 1402 4660 quoniam
1432 4603 1592 4659 Spero
1618 4602 1707 4642 me
1744 4596 2081 4656 recepturum

496 4685 792 4749 civitatem,
821 4683 907 4738 die
932 4682 1008 4735 illi
1040 4700 1053 4736 ε
1087 4681 1310 4749 proinde
1338 4680 1574 4749 quiesce,
1601 4678 1772 4732 donec
1796 4677 2080 4746 receperis.

501 4779 636 4835 Nam
683 4778 761 4832 illi
807 4776 1008 4841 sancti,
1036 4774 1210 4829 donec
1249 4772 1314 4827 ad
1343 4772 1568 4842 patriam
1611 4785 1765 4826 suam
1814 4769 2081 4834 redirent,

499 4873 635 4928 nihil
660 4886 844 4927 eorum
875 4884 994 4938 qua:
1022 4877 1081 4922 tu
1108 4866 1238 4921 facis
1261 4906 1276 4931 ,
1300 4865 1415 4920 ausi
1444 4873 1572 4918 sunt
1594 4863 1789 4919 facere.
1820 4862 2084 4929 Proinde,

498 4976 553 5020 ut
580 4965 757 5035 palam
777 4970 880 5028 est,
910 4975 1050 5015 nunc
1073 4960 1241 5027 legem
1270 4958 1366 5012 Dei
1384 4957 1554 5012 violas
1581 4975 1594 5010 :
1619 4953 1850 5020 etiamsi,
1884 4962 1943 5007 ut
1969 4953 2084 5019 ais,

500 5034 817 5126 recepturus
840 5054 915 5108 sis
943 5052 1209 5106 civitatem
1235 5090 1251 5116 ,
1283 5059 1457 5104 tamen
1487 5059 1637 5117 pacta
1663 5034 1785 5101 cum
1817 5046 1931 5100 Deo
1960 5045 2087 5099 inita

502 5147 794 5212 rescindis,
823 5156 876 5200 et
903 5146 954 5198 in
985 5146 1154 5213 ipsum
1175 5143 1303 5196 vitae
1326 5148 1524 5194 statum
1554 5137 1976 5193 contumeliosus
2006 5150 2084 5190 es.

504 5240 667 5310 Igitur
716 5240 768 5292 in
798 5237 1040 5292 oratione
1065 5234 1344 5303 superiore
1363 5232 1594 5286 diximus
1619 5240 1811 5285 vestrae
1841 5228 2087 5292 caritati,

500 5340 754 5400 quantum
799 5330 928 5384 satis
969 5327 1037 5381 ad
1065 5323 1448 5381 retundendam
1481 5321 1785 5377 Judazorum
1815 5319 2093 5388 impuden-

506 5425 664 5491 tiam,
692 5430 747 5477 et
764 5420 831 5475 ad
862 5416 1281 5488 redarguendam
1297 5428 1483 5471 eorum
1508 5411 2019 5483 praevaricationem.

575 5512 842 5583 Templum
883 5508 1184 5563 Judteorum
1225 5521 1501 5575 numquam
1548 5500 1942 5558 restaurandum
1988 5515 2096 5552 esse

505 5616 765 5674 pronatur.
795 5630 869 5642 -—-
888 5600 1152 5655 Caeterum
1190 5597 1404 5668 quando
1432 5610 1535 5650 non
1562 5594 1668 5649 hoc
1706 5602 1908 5647 tantum
1939 5588 2095 5645 nobis

506 5706 622 5749 erat
662 5693 1014 5764 propositum,
1046 5700 1102 5745 ut
1128 5690 1339 5745 illorum
1367 5702 1461 5743 ora
1488 5687 1878 5750 clauderemus,
1906 5697 2092 5738 verum

512 5792 572 5835 ut
595 5785 891 5841 Ecclesiam
938 5782 1207 5849 copiosius
1234 5780 1304 5836 de
1347 5780 1457 5834 suis
1491 5778 1720 5851 propriis
1756 5774 2095 5847 dogmatibus

573 5890 593 5920 ι
628 5892 748 5934 'nes
764 5880 898 5941 Mss,
914 5889 1087 5933 contra
1109 5870 1542 5937 Judteosl‘lomitia
1562 5883 1721 5935 tertia.

2185 852 2567 908 edoocrcmus:
2594 868 2694 923 age
2718 871 2901 909 rursus
2924 865 2978 910 et
3004 855 3105 911 hoc
3129 871 3193 912 ex
3220 856 3503 912 abundanti
3529 856 3734 913 demon-

2183 953 2433 1008 stremus,
2461 944 2601 1013 quod
2624 944 2877 1014 templqu
2915 962 3198 1015 numquam
3226 946 3612 1011 inStaurabitur,
3647 961 3728 1003 ne-

2182 1050 2283 1104 que
2311 1036 2376 1088 ad
2409 1035 2685 1104 pristinum
2714 1036 2835 1090 vice
2859 1045 3054 1091 statum
3079 1037 3388 1092 restituendi
3419 1037 3582 1093 Judaei
3605 1048 3727 1095 sunt.

2182 1125 2293 1179 Hoc
2317 1132 2471 1195 pacto
2498 1125 2609 1189 fiet,
2640 1134 2699 1179 ut
2721 1134 2775 1178 et
2800 1141 2894 1181 vos
2914 1127 3156 1181 exactius
3185 1128 3441 1182 noveritis
3469 1127 3730 1197 apostolica

2183 1214 2452 1283 dogmata,
2477 1225 2531 1269 et
2560 1214 2637 1269 illi
2665 1223 2847 1270 contra
2869 1216 2935 1270 ad
2980 1217 3235 1286 majorem
3275 1218 3591 1285 impietatem
3621 1234 3721 1285 pro-

2186 1303 2319 1372 lapsi
2362 1305 2660 1373 ettpiantur.
2706 1306 2901 1360 llarum
2933 1321 3058 1361 vero
3090 1322 3267 1360 rerum
3299 1317 3486 1361 testem
3529 1307 3728 1362 adduce-

2186 1411 2302 1449 mus
2342 1410 2444 1451 non
2474 1398 2743 1466 angelum,
2775 1384 2879 1451 non
2910 1398 3308 1469 archangelum,
3342 1384 3440 1454 scd
3467 1401 3603 1453 orbis
3625 1402 3723 1453 uni-

2182 1486 2321 1539 versi
2355 1487 2642 1555 priucipem
2676 1487 2954 1543 Dominum
2986 1499 3222 1544 nostrum
3255 1490 3435 1545 Jesum
3466 1491 3723 1545 Christum.

2182 1575 2436 1641 lsenim,
2466 1593 2588 1633 cum
2631 1580 2897 1651 ingressus
2933 1581 3319 1653 Jerosolymam
3364 1584 3574 1638 vidisset
3615 1595 3722 1638 tem-

2184 1669 2351 1738 plum,
2397 1671 2527 1724 dixit
2550 1689 2564 1724 :
2597 1670 2855 1725 Futurum
2883 1683 2935 1727 ut
2962 1672 3283 1744 Jerosolyma
3319 1677 3676 1729 conculcaretur
3697 1693 3722 1728 α

2182 1763 2412 1834 gentibus
2458 1765 2657 1827 multis,
2705 1765 2863 1819 donec
2904 1767 3230 1835 implerentur
3273 1777 3499 1836 tempora
3536 1766 3723 1838 gentium

2183 1856 2457 1908 multarum
2488 1854 2639 1927 (Luc.
2664 1854 2755 1908 2|.
2790 1855 2882 1926 24)
2911 1874 2924 1908 :
2954 1865 3161 1926 tempus
3182 1858 3485 1927 significans
3508 1856 3725 1926 usquead

2182 1946 2694 2002 consummationem
2737 1947 2941 2002 nutudi.
2987 1949 3063 2003 Ac
3093 1962 3274 2002 rursus
3316 1949 3429 2002 lucc
3454 1947 3520 2003 de
3561 1949 3726 2017 templo

2183 2038 2531 2092 comminatus
2558 2048 2660 2103 θεῖ,
2710 2040 2934 2107 loquens
2980 2038 3274 2108 discipulis,
3308 2052 3416 2092 non
3457 2052 3724 2091 mansurum

2184 2126 2413 2198 lapidem
2452 2142 2613 2197 super
2657 2127 2885 2198 lapidem
2925 2127 2977 2181 in
3018 2142 3083 2183 eo
3112 2127 3230 2182 loco
3255 2127 3344 2197 qui
3392 2142 3496 2181 non
3522 2127 3725 2181 diruatur

2185 2218 2395 2291 (Matth.
2442 2217 2532 2273 2t.
2585 2218 2683 2288 2):
2736 2221 3013 2289 perSpicue
3058 2219 3352 2287 praedicens
3397 2233 3515 2273 eum
3545 2231 3725 2287 prorsus

2183 2308 2525 2371 abolendum,
2541 2318 2596 2364 et
2623 2310 2674 2363 in
2699 2318 3004 2378 perpetuam
3030 2308 3371 2363 solitudinem
3394 2306 3722 2378 redigendum.

2188 2398 2379 2453 Verum
2409 2398 2623 2453 Judteus
2658 2399 2877 2453 omnino
2905 2398 3081 2466 rejicit
3105 2397 3204 2452 hoc
3232 2397 3607 2464 testimonium,
3648 2411 3724 2449 nec

2184 2490 2372 2560 recipit
2396 2505 2457 2544 ea
2488 2506 2606 2559 qua:
2632 2490 2879 2544 dicimus.
2911 2490 3164 2544 Inimicus
3197 2490 3364 2555 enim,
3396 2489 3576 2558 inquit.
3602 2503 3722 2541 meus

2183 2587 2284 2643 est,
2312 2580 2401 2649 qui
2431 2579 2552 2633 talia
2581 2580 2846 2650 loquitur;
2877 2593 2977 2650 ego
3006 2579 3150 2633 illum
3176 2579 3327 2648 adegi
3362 2580 3414 2632 itt
3441 2587 3725 2641 crucetu;rt

2183 2672 2448 2739 quomodo
2473 2672 2722 2740 recipiam
2750 2672 2890 2725 illius
2921 2671 3324 2725 testimonium?
3355 2671 3508 2740 Atqui
3537 2670 3627 2723 hoc
3651 2669 3717 2737 ip-

2183 2774 2301 2814 Sum
2335 2761 2524 2814 mirum
2549 2769 2652 2825 est,
2700 2776 2733 2815 ο
2757 2761 2958 2826 «Ιιιιὶωθ,
2990 2761 3132 2831 quod
3165 2777 3283 2815 cum
3334 2770 3390 2815 tu
3436 2759 3725 2815 crucifixerts

2184 2865 2328 2915 eum,
2360 2851 2446 2904 ille
2478 2860 2756 2920 postquam
2786 2850 2883 2906 abs
2911 2861 2961 2907 te
2985 2852 3270 2907 crucifixus
3299 2861 3403 2915 est,
3433 2860 3553 2905 tunc
3573 2849 3720 2904 civitas

2185 2951 2290 2995 tem
2323 2951 2463 2996 tuam
2493 2943 2701 3006 evertit,
2735 2951 2876 2997 tuam
2903 2951 3115 3013 gentem
3142 2942 3439 3011 dissipavit,
3481 2950 3615 2995 tuum
3647 2952 3722 3007 po-

2183 3032 2364 3102 pulum
2395 3048 2489 3102 per
2518 3034 2827 3089 universum
2855 3032 3038 3089 orbem
3070 3033 3360 3103 dispersit:
3392 3032 3619 3086 videlicet
3657 3042 3723 3083 re-

2183 3125 2294 3195 ipsa
2315 3123 2613 3189 declarans,
2642 3139 2701 3179 se
2726 3125 3104 3190 resurrexisse,
3136 3138 3200 3179 ac
3224 3124 3427 3186 virere,
3451 3131 3599 3192 atque
3612 3130 3724 3172 nunc

2183 3229 2303 3271 esse
2347 3215 2399 3268 in
2426 3216 2588 3270 caelis.
2629 3215 2890 3282 Quoniam
2922 3215 3064 3271 enim
3107 3229 3175 3271 ex
3212 3213 3503 3271 benefactis
3543 3208 3720 3267 noluisti

2183 3310 2473 3375 potentiam
2513 3307 2654 3362 illius
2685 3321 3031 3377 cognoscere,
3063 3322 3158 3376 per
3187 3322 3377 3378 pinnas
3402 3322 3465 3360 ac
3501 3302 3721 3385 supplicia

2181 3395 2569 3452 demonstravit
2596 3398 2756 3452 robur
2779 3412 2954 3458 suum,
2988 3398 3293 3453 inevitabile
3316 3399 3516 3467 pariter
3535 3404 3585 3449 ct
3606 3395 3725 3448 inex-

2185 3488 2485 3558 pugnabile.
2522 3490 2586 3541 At
2613 3502 2679 3542 ne
2718 3487 2796 3542 sic
2826 3470 3037 3556 quidem
3079 3487 3274 3554 credis,
3306 3494 3402 3541 aut
3427 3494 3572 3557 putas
3609 3481 3725 3535 illum

2184 3591 2305 3632 esse
2330 3577 2519 3640 Deum,
2549 3591 2613 3632 ac
2642 3578 2806 3634 totius
2833 3578 2977 3635 orbis
3008 3579 3325 3643 Dominum;
3356 3579 3453 3635 sed
3496 3574 3731 3633 arbitraris

2187 3667 2460 3722 hominem
2499 3666 2664 3723 fuisse
2691 3669 2987 3739 vulgarem.
3019 3670 3133 3739 Age
3174 3669 3352 3739 igitur,
3390 3668 3597 3740 perinde
3622 3680 3677 3720 ac
3697 3662 3731 3717 si

2185 3759 2348 3815 homo
2373 3769 2578 3815 tantum
2626 3761 2800 3823 fuerit,
2850 3777 2963 3817 rem
3003 3763 3357 3818 excutiamus.
3385 3764 3515 3817 Cum
3557 3761 3729 3829 aliquos

2183 3850 2428 3906 videmus
2458 3850 2723 3916 homines,
2751 3868 2886 3921 quos
2911 3852 2963 3906 in
2997 3852 3247 3908 omnibus
3272 3854 3621 3923 comperimus
3639 3860 3733 3903 esse

2188 3955 2428 4007 veraces,
2479 3956 2580 3996 nec
2605 3943 2711 3996 ulla
2744 3943 2795 3995 in
2827 3956 2886 3997 re
2914 3943 3272 3998 mentientes:
3306 3943 3518 4010 borum,
3564 3935 3732 3996 etiamsi

2188 4030 2383 4087 fuerint
2412 4032 2614 4098 hostes,
2645 4033 2804 4087 modo
2828 4033 3119 4102 sapiamus,
3152 4033 3289 4089 dicta
3318 4035 3597 4103 recipimus
3620 4031 3731 4084 Rur-

2186 4138 2303 4179 sum
2333 4125 2379 4178 si
2407 4123 2694 4179 viderimus
2721 4138 2817 4179 eos
2854 4124 3188 4190 mentientes,
3220 4124 3431 4180 etiamsi
3462 4128 3512 4178 in
3538 4117 3729 4177 noanul-

2186 4214 2251 4268 lis
2280 4228 2498 4271 veraces
2523 4214 2741 4280 fuerint,
2772 4228 2874 4270 nec
2892 4214 2980 4269 illa
3005 4214 3157 4270 facile
3179 4214 3483 4282 recipimus,
3511 4226 3620 4283 qua:
3636 4219 3733 4262 vere

2188 4306 2256 4358 ab
2283 4304 2385 4359 illis
2409 4303 2553 4361 dicta
2576 4313 2721 4360 sunt.

2259 4397 2314 4450 2.
2356 4395 2610 4450 Christum
2635 4397 2689 4450 in
2724 4395 3133 4467 prtedt'ctionibus
3170 4411 3377 4466 prorsus
3402 4406 3612 4447 ueracem
3650 4399 3732 4439 me

2188 4489 2579 4544 demonstratur.
2601 4517 2675 4530 —
2695 4490 2806 4558 Age
2831 4503 2990 4553 nunc,
3022 4486 3422 4542 Consideremus
3442 4482 3621 4538 Christi
3643 4493 3734 4531 mo-

2189 4596 2278 4636 res
2302 4590 2357 4636 et
2399 4582 2582 4635 vitam.
2631 4580 2748 4635 Non
2793 4582 2935 4636 enim
2964 4580 3066 4635 hoc
3095 4589 3295 4634 tantum
3337 4578 3479 4648 quod
3517 4575 3730 4631 diximus.

2190 4672 2460 4743 praedixit,
2492 4683 2653 4742 atque
2683 4673 3075 4743 praenuntiavit,
3111 4686 3294 4725 verum
3320 4671 3479 4724 etiam
3506 4668 3601 4720 alia
3621 4661 3733 4717 mul-

2193 4773 2266 4829 ta,
2293 4762 2452 4832 longo
2480 4770 2601 4832 post
2630 4771 2869 4831 tempore
2894 4770 3139 4824 ventura,
3167 4760 3482 4817 vaticinatus
3507 4764 3599 4810 est.
3633 4752 3732 4805 Pro-

2193 4855 2424 4910 feramus
2453 4856 2610 4925 igitur
2635 4854 3012 4925 praedictiones
3040 4854 3157 4908 illas
3186 4855 3237 4908 in
3269 4853 3538 4908 medium:
3562 4848 3610 4901 in
3636 4840 3733 4913 qui-

2193 4945 2294 5001 bus
2319 4947 2365 5001 si
2394 4947 2592 5002 videris
2618 4946 2764 5000 illum
2796 4945 3129 5011 mendacem,
3159 4959 3227 5000 ne
3250 4944 3385 5000 hanc
3410 4940 3609 5013 quidem
3626 4929 3737 4990 reci-

2195 5036 2327 5106 Ρίιον
2373 5052 2546 5105 neque
2589 5046 2744 5106 putes
2786 5037 2859 5091 illi
2908 5036 3064 5092 ﬁdem
3101 5036 3420 5091 habendam.
3467 5033 3663 5088 Contm.
3699 5021 3732 5073 Si

2196 5126 2392 5181 videris
2422 5126 2569 5199 illum
2603 5126 2653 5180 in
2699 5129 2908 5181 caneris
2947 5126 3195 5181 omnibus
3230 5140 3493 5187 veracem,
3542 5130 3590 5175 et
3624 5116 3737 5169 hanc

2196 5220 2366 5287 ipsam
2413 5217 2807 5287 praedictionem
2854 5216 3098 5272 evenisse
3141 5233 3153 5268 :
3204 5216 3393 5270 deinde
3430 5228 3544 5268 cum
3588 5206 3733 5259 \‘itlvas

2197 5310 2516 5365 immensuin
2550 5317 2847 5378 temporum
2892 5309 3217 5365 curriculum
3262 5316 3515 5362 attestatts
3560 5291 3731 5355 veritali

2193 5415 2383 5455 comm
2410 5415 2529 5469 quae
2556 5400 2820 5469 prtcdixit,
2866 5415 2933 5454 ne
2961 5399 3090 5453 velis
3130 5399 3264 5453 ultra
3306 5395 3578 5467 perfricare
3616 5388 3730 5440 fron-

2200 5497 2329 5555 tctn,
2362 5505 2535 5560 neque
2560 5489 2724 5545 rebus
2748 5490 2862 5544 sole
2890 5489 3208 5545 clarioribus
3232 5488 3548 5554 obstrepere.
3582 5474 3734 5528 Υίιιεὲ·

2199 5593 2317 5633 mus
2339 5579 2498 5648 igitur
2517 5580 2642 5649 quid
2665 5590 2923 5650 praeterea
2946 5580 3268 5650 prtedixerit.
3289 5574 3519 5633 Accessit
3538 5571 3596 5625 ad
3617 5566 3729 5650 illum

2199 5667 2393 5723 mulier
2413 5648 2734 5724 alabastrum
2758 5648 2959 5725 habens
2981 5669 3230 5739 unguenti
3259 5666 3490 5738 pretiosi.
3512 5674 3559 5717 et
3586 5648 3730 5711 cﬂ'ﬂdi‘

2200 5769 2525 5829 νοειιειιιιιιιη
2551 5759 2762 5833 (Matth.
2791 5759 2905 5833 26).
2934 5760 3047 5816 Hoc
3074 5762 3268 5815 factum
3310 5757 3514 5826 indigne
3541 5751 3728 5806 ferentes

2201 5850 2465 5924 discipuli,
2493 5853 2742 5910 dicebant
2766 5872 2778 5907 :
2803 5855 2973 5923 Quare
2998 5870 3097 5909 non
3117 5854 3466 5908 venumdatum
3484 5855 3552 5902 est
3576 5844 3728 5897 ποιεῖν
