3920 6382
459 352 575 405 885

455 467 818 536 τριακοσίων
839 464 1158 535 δηναρίων,
1189 465 1286 518 καί
1314 463 1494 531 ἐδόθη
1524 462 1780 530 πτωχοῖς
1797 479 1815 528 ;
1853 463 2048 532 Ἐγκα-

455 550 564 602 λῶν
594 550 776 602 τοίνυν
803 549 986 612 αὐτοῖς
1006 589 1018 612 ,
1047 547 1191 601 οὕτω
1220 563 1338 610 πως
1366 545 1521 617 φησί·
1544 546 1604 600 Τί
1636 547 1869 612 κόπους
1899 559 2051 611 παρ-

456 636 624 704 έχετε
676 631 752 701 τῇ
815 632 1098 702 γυναικίς
1150 631 1330 701 ἔργον
1383 629 1494 699 γὰρ
1529 629 1721 684 καλὸν
1777 630 2048 698 ἐποίησε.

459 717 621 785 Λέγω
653 716 763 786 γὰρ
791 715 954 785 ὑμῖν,
978 715 1130 769 ὅπου
1157 714 1269 768 ἐὰν
1295 711 1572 782 κηρυχθῇ
1603 728 1671 766 το
1683 711 2054 784 Εὐαγγέλιον

455 800 633 856 τοῦτο
663 803 751 867 εἰς
777 800 986 854 πᾶσαν
1031 799 1148 868 τὴν
1173 798 1312 869 γῆν,
1345 799 1447 852 καί
1486 797 1517 852 ὃ
1568 798 1861 866 ἐποίησεν
1897 798 2080 866 αὕτη.

455 884 870 952 λαληθήσεται
931 886 1018 950 εἰς
1073 883 1478 952 μνημόσυνον
1515 879 1728 948 αὐτῆς.
1789 876 1917 952 Ἆρ’
1960 877 2054 935 οῦν

459 967 747 1038 ἐψεύσατο,
779 968 812 1038 ἦ
849 967 1183 1036 ἡλήθευσεν;
1219 963 1378 1018 ἔλαϐε
1406 963 1556 1028 τέλος
1597 966 1632 1035 ή
1665 963 2051 1036 προφητεία,ἢ

454 1049 739 1116 διέπεσεν;
802 1049 1106 1122 Ἑρώτησον
1159 1047 1251 1102 τὸν
1318 1047 1589 1102 Ἰουδαῖονο
1641 1046 1756 1100 κᾶν.
1799 1047 2057 1118 μυριάκις

456 1137 790 1207 ἀναισχυντῇ
839 1133 976 1205 πρὸς
999 1135 1098 1204 τὴν
1125 1133 1434 1204 πρόρρησιν
1480 1129 1682 1204 ταύτην
1737 1131 2054 1202 ἀντιϐλέψαι

455 1218 555 1289 οὐχ
583 1218 694 1284 ἕξει
729 1229 778 1274 θ.
815 1217 925 1272 Καὶ⁷
950 1216 1059 1288 γὰρ
1089 1217 1146 1268 ἐν
1181 1214 1500 1286 ἐκκλησίαις
1526 1215 1764 1279 ἁπάσαις
1785 1214 2054 1286 ἀκούομεν

453 1302 554 1374 τὴν
585 1306 819 1372 γυναῖκα
863 1301 1222 1373 λαλουμένην,
1283 1301 1380 1354 καὶ
1431 1299 1728 1372 ἑστήκασιν
1765 1299 2055 1363 ἀκούοντες

457 1385 676 1453 ὕπατοι,
710 1385 1033 1458 στρατηγοὶ,
1093 1385 1307 1456 ἄνδρες,
1363 1385 1660 1454 γυναῖκες,
1711 1387 2053 1456 περιφανεῖς,

455 1469 740 1542 ἐπίσημοι,
774 1470 1020 1542 λαμπροί
1049 1473 1106 1522 ἐν
1133 1469 1374 1531 ἁπάσαις
1409 1468 1647 1522 πόλεσιν·
1685 1469 1780 1522 καὶ
1810 1469 2055 1540 ὅπουπερ

455 1553 524 1609 ἀν
546 1554 719 1627 ἀφίκῃ
749 1555 849 1625 τῆς
897 1553 1246 1624 οἰκουμένης,
1287 1553 1425 1625 μετά
1460 1553 1640 1624 πάσης
1666 1552 1900 1624 ἡσυχίας
1925 1553 2056 1606 πάνυ

455 1655 548 1703 τες
599 1639 858 1694 ἀκούουσι
892 1636 986 1692 τοῦ
1019 1640 1119 1710 τῆς
1162 1638 1424 1708 γυναικὸς
1457 1636 1908 1710 κατορθώματος,
1962 1636 2056 1691 καὶ

455 1723 554 1776 οὐκ
575 1722 692 1776 ἐστι
724 1722 888 1796 μέρος
912 1722 1007 1794 τῆς
1033 1721 1380 1793 οἰκουμένης,
1409 1721 1436 1774 ὃ
1461 1721 1524 1775 τὸ
1547 1720 1840 1790 γενόμενον
1863 1720 2058 1791 ἠγνόη-

457 1823 576 1862 σεν.
602 1807 795 1860 Καίτοι
849 1805 1006 1860 πόσοι
1057 1805 1294 1876 βασιλεῖς
1325 1804 1498 1859 πολλά
1549 1803 1644 1858 καί.
1699 1802 1910 1875 μεγάλα
1943 1803 2056 1874 εἰρ-

454 1891 694 1960 γάσαντο
716 1891 815 1956 τὰς
845 1891 1028 1953 πόλεις
1056 1890 1086 1929 b
1116 1887 1317 1958 ἀγαθὰ,
1345 1887 1438 1941 καὶ
1467 1887 1733 1958 πολέμους
1761 1885 2054 1958 κατώρθω-

457 1992 577 2040 σαν,
607 1976 702 2030 καί
723 1974 961 2046 τρόπαια
994 1971 1165 2026 πολλά
1190 1971 1446 2041 ἔστησαν,
1493 1971 1590 2024 καὶ
1617 1969 1746 2042 ἔθνη
1768 1969 2052 2030 διέσωσαν,

455 2059 551 2112 καὶ
579 2057 760 2122 πόλεις
799 2057 1127 2127 ἀνέστησαν,
1159 2055 1257 2108 καί
1291 2053 1590 2127 προσόδους
1627 2051 1831 2125 μυρίας
1885 2069 2058 2124 προσ-

457 2143 778 2212 εκτήσαντο’
829 2139 944 2194 ἀλλ’
975 2141 1126 2210 ὅμως
1156 2137 1478 2208 σεσίγηνται
1509 2135 1649 2208 μετὰ
1671 2135 1783 2189 τῶν
1839 2135 2056 2189 οἰκείων

457 2222 924 2295 κατορθωμάτων.
957 2221 1068 2276 Καὶ
1107 2219 1382 2291 βασιλίδες
1431 2217 1648 2284 πολλαὶ,
1683 2217 1780 2272 καὶ
1819 2215 2056 2289 μεγάλαι

457 2309 748 2378 γυναῖκες,
811 2305 980 2379 μυρία
1035 2306 1163 2370 τοὺς
1213 2303 1551 2378 ἀρχομένους
1601 2303 2055 2375 εὐεργετήσασαι,

457 2391 577 2445 οὐδὲ
602 2391 666 2459 ἐξ
713 2390 974 2462 ὀνόματός
1003 2389 1110 2446 εἰσί
1161 2406 1271 2443 τισι
1297 2387 1592 2461 γνώριμαι.
1651 2388 1718 2442 Ἦ
1751 2387 1810 2442 δὲ
1834 2385 2059 2458 εὐτελὴς

456 2473 598 2546 αῦτη
625 2475 788 2545 γυνὴ,
838 2473 1017 2528 ἔλαιον
1050 2473 1372 2544 καταχέασα
1416 2471 1600 2544 μόνον,
1653 2468 1932 2541 πανταχοῦ
1961 2469 2059 2540 τῆς

455 2559 784 2631 οἰκουμένης
809 2558 1017 2630 ᾅδεται,
1053 2559 1148 2613 καὶ
1197 2559 1390 2629 χρόνου
1425 2555 1634 2627 πλῆθος
1674 2554 1930 2609 τοσοῦτον
1957 2553 2058 2608 οὐκ

457 2643 680 2698 ἔσϐεσεν
705 2644 878 2714 αὐτῆς
906 2641 1004 2714 τὴν
1057 2643 1304 2714 μνήμην,
1333 2641 1458 2695 οὐδὲ
1493 2639 1677 2695 σϐέσει
1725 2636 1877 2712 [650]
1904 2636 2055 2691 ποτέ·

456 2727 638 2780 καίτοι
661 2727 782 2780 οὐδὲ
810 2726 870 2780 τὸ
903 2725 1064 2798 ἔργον
1093 2725 1414 2796 περιφανές
1446 2723 1499 2777 τί
1525 2723 1636 2795 γὰρ
1659 2718 1750 2794 ἦν,
1779 2721 1840 2776 τὸ
1872 2721 2054 2776 ἔλαιον

459 2811 780 2882 καταχέειν;
813 2809 936 2864 ούδέ
959 2810 1020 2864 τὸ
1044 2809 1337 2882 πρόσωπον
1365 2809 1659 2880 ἐπίσημονο
1691 2805 1832 2878 γυνὴ
1857 2805 1966 2878 γὰρ
1990 2801 2058 2876 ἦν

456 2894 826 2968 ἀπερῤιμένηο
857 2893 980 2947 ούδέ
1028 2893 1078 2947 οἰ
1116 2893 1392 2965 μάρτυρες
1437 2890 1642 2945 πολλοίο
1697 2889 1900 2962 μεταξὺ
1949 2887 2059 2962 γὰρ

456 2980 566 3034 τῶν
633 2977 893 3050 μαθητῶν
947 2975 1224 3046 ἐποίησεν·
1277 2975 1398 3028 οὐδὲ
1438 2975 1467 3028 ὁ
1525 2974 1690 3038 τόπος
1735 2971 2056 3043 κατάδηλος·

457 3065 580 3119 ούδέ
640 3063 748 3137 γὰρ
790 3063 848 3118 ἐν
882 3061 1094 3134 θεάτρῳ
1142 3059 1488 3132 παρελθοῦσα
1537 3057 1696 3112 τοῦτο
1742 3057 2057 3130 εἰργάσατο,

461 3146 578 3202 ἀλλ’
607 3149 666 3200 ὲν
693 3145 862 3218 οἰκίᾳ,
893 3144 1028 3199 δέκα
1058 3143 1219 3216 μόνον
1249 3142 1535 3216 παρόντων
1571 3140 1896 3214 ἀνθρώπων.
1916 3139 2057 3194 Ἀλλ’

457 3233 610 3304 ὅμως
629 3229 757 3284 οῦτε
781 3231 817 3302 ή
849 3229 1094 3284 εὐτέλεια
1125 3225 1220 3282 τοῦ
1252 3226 1571 3298 προσώπου,
1597 3223 1725 3279 οὔτε
1748 3227 1782 3296 ή
1807 3223 2059 3294 ὀλιγότης

457 3314 570 3369 τῶν
622 3311 940 3387 μαρτύρων,
994 3309 1120 3364 οὔτε
1139 3311 1204 3364 τὸ
1249 3311 1465 3382 ἄσημον
1497 3308 1593 3364 τοῦ
1620 3309 1790 3363 τόπου
1829 3319 1878 3373 ο,
1935 3305 2060 3360 οὔτε

461 3398 590 3453 ἄλλο
616 3397 769 3450 οὐδὲν
799 3395 1017 3467 ἴσχυσεν
1045 3394 1220 3466 αὐτῆς
1248 3394 1510 3464 ἀφανίσαι
1541 3391 1641 3463 τὴν
1664 3392 1906 3464 μνήμηψ
1923 3389 2062 3445 ἀλλά

460 3480 753 3553 βασιλίδων
803 3479 1014 3544 πασῶν,
1047 3481 1143 3534 καὶ
1199 3477 1464 3550 βασιλέων
1505 3477 1763 3532 ἀπάντων
1805 3476 2058 3548 λαμπρο-

463 3565 596 3638 τέρα
621 3563 718 3619 νῦν
744 3565 892 3618 ἐστιν
917 3566 950 3636 ὴ
989 3564 1149 3636 γυνὴ,
1177 3564 1272 3618 καὶ
1300 3563 1492 3636 χρόνος
1513 3561 1688 3626 οὐδεὶς
1714 3559 1852 3634 λήθῃ
1880 3559 1942 3614 τδ
1967 3577 2061 3630 γε’

454 3641 688 3721 ¹νόμενον
751 3647 1062 3720 παρέδωκε.
1112 3646 1314 3714 ΙΙόθεν;
1354 3647 1475 3701 εἰπέ
1535 3663 1658 3718 μοι·
1709 3647 1856 3710 τίνος
1901 3642 2062 3698 τοῦτο

465 3731 889 3804 ἐργασαμένους
926 3731 1048 3802 οὐχὶ
1099 3730 1194 3784 τοῦ
1241 3728 1669 3802 θεραπευθέντος
1721 3729 1846 3782 τότε
1899 3722 2061 3791 Θεοῦ,

461 3813 742 3886 πανταχοῦ
771 3812 869 3886 τὴν
901 3815 1093 3893 φήμην
1141 3813 1346 3886 ταύτην
1387 3811 1840 3884 διασπείραντος;
1877 3809 2062 3865 Ταῦτα

433 3894 556 3970 ,οὖν
602 3896 952 3970 ἀνθρωπίνης
1009 3897 1316 3970 δυνάμεως,
1365 3897 1488 3951 εἰπέ
1535 3913 1650 3968 μοι,
1722 3896 1782 3950 τὸ
1833 3893 2062 3948 τοιαῦτα

463 3983 914 4055 προαναφωνεῖνς
975 3981 1070 4035 καὶ
1096 3981 1181 4046 τίς
1235 3979 1302 4035 ἂν
1329 3981 1503 4035 ταῦτα
1535 3981 1686 4034 εἴποι
1731 3976 1858 4034 νοῦν
1885 3977 2060 4050 έχων;

463 4066 540 4120 Τὸ
575 4067 674 4139 μὲν
701 4065 810 4137 γάρ
835 4083 886 4121 τι
915 4064 1026 4119 τῶν
1055 4065 1146 4120 ὑπ’
1178 4063 1345 4120 αὐτοῦ
1361 4063 1671 4136 γενομένων
1699 4062 1990 4133 προλέγειν
2008 4060 2060 4127 ἀ,

465 4150 779 4222 θαυμαστὸν
811 4149 913 4220 μέν
967 4149 1064 4204 καί
1096 4147 1423 4220 παράδοξονο
1481 4146 1542 4202 τὸ
1589 4146 1648 4200 δὲ
1677 4146 1775 4200 καὶ
1816 4145 1885 4200 τὰ
1933 4145 2062 4215 παρ’

463 4235 666 4306 ἐτέρων
694 4232 959 4303 γινόμενα
987 4231 1296 4302 προλέγειν,
1327 4231 1425 4286 καὶ
1465 4231 1640 4286 ποιεῖν
1663 4229 1898 4282 εῦπιστα
1917 4229 2065 4298 γίνε-

466 4319 591 4372 σθαι
637 4317 733 4372 καί⁵
759 4317 894 4370 πᾶσι
923 4315 1230 4387 κατάδηλα,
1277 4313 1458 4384 πολλῷ
1507 4311 1696 4386 μεῖζον
1726 4313 1818 4367 καί
1851 4312 2064 4384 θαυμα-

465 4401 740 4474 στότερον.
776 4399 947 4454 Πάλιν
977 4401 1209 4468 προεῖπε
1255 4397 1335 4470 τῷ
1369 4397 1583 4470 Πέτρῳ,
1627 4396 1758 4452 Ἑπί
1791 4395 1909 4464 τὴν
1961 4395 2065 4449 πέ-

465 4500 614 4554 τραν
643 4483 871 4550 ταύτην
919 4479 1298 4551 οἰκοδομήσω
1343 4497 1464 4551 μου
1513 4479 1630 4550 τὴν
1679 4479 2059 4547 Ἐκκλησίαν·

465 4569 561 4622 καί
597 4567 786 4622 πύλαι
817 4565 968 4633 ᾅδου
1003 4566 1074 4619 οὐ
1101 4566 1588 4633 κατισχύσουσιν
1611 4561 1824 4632 αὐτῆς.
1856 4563 1922 4615 Τί
1947 4557 2064 4627 οὖν,

467 4649 590 4704 εἰπέ
620 4665 732 4721 μοι,
761 4648 906 4719 έχεις
929 4645 1284 4701 ἐπιλαϐέσθαι
1311 4645 1420 4700 τῶν
1463 4643 1774 4719 εἰρημένων
1796 4685 1812 4712 ,
1854 4641 1900 4699 ὦ
1933 4646 2066 4699 Ἰου-

467 4733 606 4796 δαῖε,
634 4733 730 4786 καί⁵
754 4731 924 4796 δεῖξαι
950 4730 1124 4800 ψευδῆ
1155 4729 1357 4802 ταύτην
1381 4725 1519 4784 εἶναι
1545 4729 1642 4801 τὴν
1671 4727 2066 4802 προαναφώνη-

469 4832 588 4882 σιν;
635 4814 776 4870 Ἀλλ’
804 4816 904 4868 οὐκ
926 4813 1176 4878 ἀνέξεται
1201 4811 1308 4866 τῶν
1335 4811 1678 4885 πραγμάτων
1703 4814 1736 4884 ή
1769 4811 2064 4884 μαρτυρία,

469 4900 571 4955 κάν
603 4899 864 4972 μυριάκις
900 4896 1063 4962 αὐτὸς
1093 4896 1424 4968 φιλονεικῇς.
1457 4897 1620 4950 Πόσοι
1661 4895 1794 4965 γοῦν
1841 4895 2066 4967 πόλεμοι

468 4983 614 5038 κατὰ
632 4985 735 5054 τῆς
772 4980 1105 5052 Ἐκκλησίας
1159 4977 1656 5052 ἀνεῤῥιπίσθησανς
1697 4979 1808 5034 Καὶ
1839 4981 2066 5052 στρατό·

470 5067 607 5122 πεδα
636 5065 806 5120 πολλά
837 5063 1386 5138 παρεσκευάσθησαν,
1437 5063 1531 5116 καὶ
1573 5062 1716 5118 ὅπλα
1757 5064 1981 5137 ἐκινήθη
2018 5075 2065 5132 ο,

470 5155 568 5208 καὶ
593 5153 700 5206 πᾶν
723 5147 862 5214 εἶδος
895 5149 1194 5214 κολάσεως,
1210 5147 1308 5202 καὶ
1337 5145 1611 5220 τιμωρίας
1637 5148 1928 5222 ἐπενοήθη,
1973 5153 2066 5205 καὶ

536 5281 564 5340 9
587 5276 754 5328 Monll‘.
778 5276 981 5340 legebat
1008 5277 1098 5340 οὐκ
1133 5275 1248 5340 έχει.
1268 5273 1408 5340 Eon.

535 5339 562 5378 ιδ
594 5340 688 5388 Alii
717 5339 820 5396 ταῖς
835 5336 1052 5400 πόλεσιν.
1080 5336 1426 5400 ιηίιιυ-αἰίψιοί
1467 5348 1582 5400 mss.
1610 5336 1776 5400 μυρίας
1798 5338 2068 5400 προσεκτή-

472 5415 618 5473 σανό
633 5401 783 5464 (quod
805 5414 832 5450 ε
857 5399 1044 5450 Savih’o
1063 5397 1332 5474 recepimus
1353 5409 1446 5461 pro
1466 5397 1594 5460 vulg.
1613 5397 1939 5508 εἰργάσω-ποῖ.
1956 5399 2066 5447 Mox

473 5467 624 5508 iidem
649 5462 886 5508 Βασιλίδεε
905 5463 1096 5508 πολλαὶ.
1119 5462 1295 5508 ὁμοιως
1315 5459 1586 5508 μεγάλακαὶ
1607 5475 1765 5508 uuam.
1795 5459 1892 5508 Pau
1919 5466 2066 5508 onost

422 5512 426 5516 .
473 5466 624 5515 iidem
640 5459 886 5526 ’βασιλίδες
905 5463 1096 5520 πολλαὶ,
1110 5459 1295 5526 *ομοίως
1315 5459 1587 5526 μεγάλοι
1607 5459 1765 5522 μυρία.
1795 5459 1946 5526 Paulo
1958 5466 2070 5526 pqu.

474 5533 578 5575 tres
617 5519 736 5634 uéiss.
767 5523 1016 5588 γνώριμοι,
1057 5519 1159 5572 αΙίἷ
1183 5519 1436 5586 γνώριμαι.
1481 5519 1617 5570 Ιὺίἀζ
1641 5519 2068 5584 anxiatum—alii

474 5603 630 5634 καταγ
661 5601 799 5634 ma.

474 5603 630 5636 καταγ
637 5601 799 5635 εουσα.

535 5652 560 5679 °
585 5641 684 5698 Klii
703 5646 760 5694 τὸ
781 5645 957 5704 ἄδηλον
973 5641 1234 5694 τοῦτόπου.

536 5711 566 5748 d
588 5709 684 5758 Alii
699 5707 798 5779 ’γὰρ
838 5701 942 5770 περὶ
976 5707 1074 5779 τῷν
1093 5706 1174 5754 ὑπ’
1213 5701 1363 5755 αὐτοῦ
1403 5703 1668 5779 κνομένων
1713 5706 2067 5770 προαναφωνεῆ

475 5767 744 5824 θαυμαστὸν
765 5767 914 5822 ὄντως
934 5767 1030 5816 καί.

539 5841 566 5868 e
588 5829 669 5880 Sic
695 5829 844 5879 Sam.
868 5827 1033 5877 Monu‘.
1057 5828 1139 5876 καί
1162 5827 1286 5878 ὅπλα
1305 5827 1622 5887 ἢκονήθησαν.
1645 5827 1780 5881 Enn.

1129 347 1188 401 S.
1227 344 1510 400 JUANMS
1551 339 2044 398 CllliYSOSTOMI

2163 341 2404 399 iClllEP.
2444 344 3004 406 (ΣΟΝδΤΑλΤΙΝΟΡ.

3648 354 3767 409 886

2156 463 2388 533 τήγανα,
2421 466 2515 519 καί
2567 466 2926 531 καταπέλται,
2968 467 3064 522 καὶ
3105 467 3353 537 λέϐητες,
3389 471 3484 524 καὶ
3515 471 3768 543 κάμινος.

2154 550 2249 602 καὶ
2281 547 2494 613 λάκκοι,
2555 552 2651 604 καὶ
2688 553 2948 623 κρημνοὶ,
2985 553 3080 606 καί
3120 551 3326 625 θηρίων
3383 553 3630 620 ὀδόντες,
3668 559 3771 613 καὶ

2154 631 2392 704 πελάγη,
2419 635 2514 688 καὶ
2541 633 2858 705 δημεύσεις,
2892 639 2986 690 καί
3029 637 3191 708 ἕτερα
3224 638 3395 709 μυρία
3430 637 3774 710 βασανιστήο

2158 731 2248 786 ρια
2281 716 2403 769 οὐδὲ
2431 716 2575 788 λόγῳ
2606 717 2768 790 ῥητὰ,
2808 720 2930 774 ούδέ
2960 720 3109 792 ἔργῳ
3132 722 3368 793 φορητὰ,
3406 723 3502 776 καὶ
3524 723 3585 777 ού
3609 725 3773 795 παρὰ

2153 799 2263 852 τῶν
2289 799 2488 866 ἔξωθεν
2525 801 2716 872 μόνον,
2761 803 2898 857 ἀλλά
2927 805 3020 858 καὶ
3052 804 3204 874 παρὰ
3233 806 3343 858 τῶν
3389 805 3611 860 οἰκείων
3666 808 3772 860 αύ-

2168 883 2300 936 τῶν.
2333 884 2438 936 Καὶ
2473 884 2580 954 γὰρ
2609 884 2872 955 ἐμφύλιος
2918 905 3001 952 τις
3030 888 3150 941 τότε
3201 887 3273 940 τά
3311 889 3488 942 πάντα
3540 893 3772 959 κατεῖχε

2159 967 2417 1037 πόλεμος,
2439 967 2637 1038 μᾶλλον
2663 967 2718 1022 δέ
2741 969 3006 1040 ἐμφυλίου
3032 970 3232 1034 παντὸς
3257 969 3666 1043 χαλεπώτερος.
3687 975 3768 1026 Οὐ

2157 1053 2266 1123 γάρ
2288 1051 2501 1104 πολῖται
2519 1051 2767 1116 πολίταις
2792 1052 2972 1122 μόνον,
2985 1052 3122 1106 ἀλλά
3143 1053 3238 1106 καὶ
3262 1057 3545 1122 συγγενεῖς
3562 1071 3774 1124 συγγε-

2155 1138 2290 1200 νέσι,
2307 1137 2399 1190 καὶ
2412 1139 2602 1190 οἰκεῖοι
2617 1137 2861 1202 οἰκείοις,
2877 1138 2974 1192 καὶ
2993 1137 3134 1207 φίλοι
3154 1137 3331 1208 φίλοις
3351 1141 3766 1210 συνερρήγνυν-

2155 1238 2218 1274 το
2235 1237 2248 1250 °
2285 1221 2400 1274 ἀλλ’
2417 1221 2565 1292 ὅμως
2586 1219 2740 1276 οὐδὲν
2763 1221 2968 1274 τούτων
2989 1221 3254 1276 κατέλυσε
3277 1223 3377 1294 τ’ὴν
3407 1223 3770 1294 Ἐκκλησίαν,

2155 1304 2276 1358 οὐδὲ
2291 1304 2547 1375 ἐποίησεν
2569 1304 2989 1376 ἀσθενεστέραν·
3017 1308 3112 1360 καὶ
3140 1307 3202 1361 τὸ
3229 1307 3294 1380 δὴ
3327 1307 3648 1379 θαυμαστὸν
3674 1309 3770 1362 καί

2157 1388 2481 1460 παράδοξον,
2505 1388 2590 1442 ὅτι
2631 1389 2691 1442 ἐν
2714 1391 2827 1453 τοῖς
2865 1390 3176 1462 προοιμίοις
3207 1391 3382 1446 ταῦτα
3429 1393 3609 1447 πάντα
3647 1395 3769 1446 ἐκι-

2156 1473 2300 1526 νεῖτο
2325 1474 2372 1531 τ.
2407 1471 2468 1525 Εἰ
2497 1471 2598 1542 μὲν
2631 1471 2740 1545 γὰρ
2771 1472 2894 1526 τότε
2934 1474 3176 1545 ἐπήγετο
3200 1473 3271 1528 τὰ
3297 1474 3466 1536 δεινά,
3489 1477 3580 1529 ὅτε
3611 1477 3766 1547 £99:-

2157 1555 2328 1628 ζώθη,
2359 1556 2456 1609 καὶ
2479 1556 2758 1626 πανταχοῦ
2787 1559 2885 1629 τῆς
2920 1559 3247 1630 οἰκουμένης
3281 1559 3668 1630 κατεφυτεύθη
3709 1561 3770 1612 τὸ

2157 1639 2445 1711 κήρυγμα,
2500 1639 2600 1710 οὐχ
2631 1640 2776 1694 οὕτω
2814 1640 3129 1711 θαυμαστὸν
3165 1638 3233 1714 ἧν
3271 1642 3332 1696 τὸ
3373 1643 3448 1713 μὴ
3472 1659 3772 1713 παρατραο

2156 1723 2327 1794 πῆναι
2353 1723 2455 1794 τὴν
2507 1723 2856 1794 Ἐκκλησίαν⁸
2907 1724 2970 1777 τὸ
2993 1723 3051 1776 δέ
3098 1726 3156 1778 ἐν
3183 1728 3328 1798 ἀρχῇ
3369 1725 3468 1796 τῆς
3496 1725 3770 1780 διδασκα-

2155 1805 2298 1873 λίας,
2319 1806 2445 1880 ἄρτι
2469 1806 2568 1877 τῆς
2589 1805 2824 1870 πίστεως
2855 1806 3314 1880 καταϐληθείσης,
3348 1809 3441 1865 καὶ
3487 1809 3592 1880 τῆς
3651 1809 3770 1864 δια-

2157 1890 2303 1954 νοίας
2355 1891 2464 1943 τῶν
2501 1889 2809 1944 ἀκουόντων
2839 1891 3201 1963 ἀπαλωτέρας
3249 1891 3438 1962 οὔσης,
3462 1891 3773 1957 τοσούτους

2159 1971 2502 2044 συρραγῆναι
2531 1973 2804 2044 πολέμους
2827 2015 2842 2038 ,
2892 1975 2987 2028 καὶ
3015 1973 3096 2046 μὴ
3127 1975 3288 2046 μόνον
3321 1975 3487 2046 μηδὲν
3515 1976 3770 2029 ἐλαττω-

2159 2056 2319 2126 θῆναι
2341 2056 2409 2110 τά
2439 2056 2563 2110 καθ’
2592 2059 2743 2129 ἡμᾶς
2770 2060 3073 2131 πράγματα
3091 2099 3106 2121 ,
3166 2058 3304 2114 ἀλλὰ
3333 2059 3428 2112 καὶ
3473 2057 3774 2112 ἐπιδοῦνω

2159 2139 2341 2204 πλέον,
2379 2140 2538 2194 τοῦτό
2565 2142 2683 2194 ἐστι
2704 2142 2764 2196 τὸ
2796 2143 2996 2208 παντὸς
3036 2141 3316 2213 θαύματος
3361 2141 3478 2213 ἔχον
3521 2141 3774 2212 ὑπερϐο-

2157 2221 2276 2296 λήν.
2311 2225 2426 2278 Ἵνα
2451 2225 2559 2294 γάρ
2591 2225 2668 2298 μὴ
2695 2225 2883 2300 λέγῃς,
2913 2226 2998 2280 ὅτι
3025 2226 3118 2280 νῦν
3140 2228 3173 2297 ή
3203 2226 3500 2296 Ἐκκλησία
3521 2227 3642 2280 ἀπὸ
3667 2227 3774 2292 τῆς

2157 2308 2267 2362 τῶν
2291 2307 2557 2378 βασιλέων
2605 2311 2829 2382 εἰρήνης
2874 2311 3227 2382 συνέστηκεν,
3278 2311 3368 2364 ὅτε
3408 2310 3656 2363 ἐλάττων
3675 2307 3771 2380 ἦν,

2160 2393 2248 2446 ὅτε
2273 2393 2638 2467 ἀσθενεστέρα
2675 2391 2816 2448 εἶναι
2839 2395 3036 2460 ἐδόκει,
3063 2396 3186 2452 τότε
3207 2396 3377 2467 αὐτὴν
3398 2395 3771 2464 πολεμεῖσθαι

2162 2477 2540 2549 συνεχώρησεν
2577 2477 2727 2552 [651]
2765 2481 2794 2534 ὁ
2831 2479 2983 2546 Θεὸς,
3017 2481 3105 2534 ίνα
3139 2479 3338 2552 μάθῃς,
3364 2480 3444 2533 ὃτι
3469 2481 3566 2532 καὶ
3592 2481 3636 2550 ή
3671 2480 3772 2532 νῦν

2158 2560 2434 2629 ἀσφάλεια
2461 2562 2632 2634 αὐτῆς
2665 2563 2767 2616 οὐκ
2796 2563 2906 2616 ἀπὸ
2933 2565 3033 2635 τῆς
3073 2563 3184 2617 τῶν
3213 2561 3477 2634 βασιλέων
3504 2565 3772 2634 εἰρήνης,

2160 2645 2276 2698 ἀλλ’
2306 2645 2415 2698 ἀπὸ
2437 2646 2536 2716 τῆς
2563 2646 2660 2700 τοῦ
2688 2647 2823 2701 Θεοῦ
2852 2647 3134 2720 δυνάμεως
3163 2649 3373 2717 γίνεται

2229 2728 2302 2798 γ’.
2320 2729 2433 2784 Καὶ
2452 2731 2534 2784 ὃτι
2557 2730 2714 2785 τοῦτό
2729 2734 2876 2786 ἐστιν
2907 2732 3128 2804 ἀληθὲς,
3159 2733 3471 2804 ἀναλόγισαι
3495 2731 3664 2785 πόσοι
3688 2732 3768 2785 δό-

2159 2831 2348 2886 γματα
2375 2815 2754 2888 ἠϐουλήθησαν
2782 2821 3100 2889 εἰσαγαγεῖν
3128 2816 3508 2890 παρ”Έλλησι,
3536 2817 3637 2870 καὶ
3677 2835 3768 2871 πον

2159 2899 2363 2953 λιτείαν
2395 2901 2761 2972 ἐνστήσασθαι
2783 2895 2964 2974 ξένην,
2996 2897 3106 2956 οἷον
3131 2904 3340 2972 Ζήνων,
3367 2900 3606 2962 Πλάτων,
3645 2895 3772 2954 Σωο

2160 2985 2389 3056 κράτης,
2419 2985 2710 3058 Διαγόρας,
2759 2987 3086 3058 Πυθαγόρας
3113 2995 3162 3052 ε,
3195 2987 3289 3040 καὶ
3339 2986 3511 3057 ἓτεροι
3543 2985 3766 3058 μύριοι·

2159 3067 2276 3122 ἀλλ’
2295 3068 2446 3140 ὅμως
2473 3067 2730 3122 τοσοῦτον
2781 3069 3020 3142 ἀπέσχον
3049 3069 3454 3142 περιγενέσθαι,
3501 3069 3578 3132 ὡς
3618 3071 3768 3140 μεηΞέ

2159 3153 2219 3220 ἐξ
2257 3152 2520 3224 ὀνόματος
2543 3147 2685 3208 εἶναι
2715 3155 2830 3218 τοῖς
2879 3154 3096 3218 πολλοῖς
3133 3154 3419 3228 γνώριμοι.
3462 3153 3597 3207 Ὀδέ
3625 3155 3767 3225 Χρι-

2161 3236 2286 3300 στὸς
2315 3236 2416 3290 οὐκ
2438 3235 2644 3309 ἔγραψε
2667 3237 2942 3292 πολιτείαν
2974 3237 3156 3309 μόνον,
3182 3238 3317 3293 ἀλλά
3349 3239 3446 3292 καὶ
3473 3241 3764 3311 πανταχοῦ

2159 3319 2262 3389 τῆς
2314 3319 2641 3392 οἰκουμένης
2672 3321 2843 3391 αὐτὴν
2881 3321 3276 3392 κατεφύτευσε.
3335 3321 3484 3376 Πόσα
3532 3321 3762 3390 λέγεται

2173 3401 2530 3467 ’Δπολλώνιος
2559 3405 2588 3456 ὁ
2611 3406 2675 3458 ἐκ
2703 3405 2926 3460 Τυάνων
2957 3406 3344 3477 πεποιηκέναι;
3381 3405 3516 3458 Ἀλλ’
3545 3407 3631 3459 ἵνα
3659 3409 3764 3476 μά.

2161 3485 2260 3560 θῃς
2289 3487 2373 3540 ὅτι
2401 3483 2600 3557 ψεῦδος
2641 3490 2821 3543 πάντα
2874 3491 3060 3543 ἐκεῖνα
3087 3485 3155 3560 ἦν
3204 3490 3298 3544 καὶ
3331 3489 3620 3559 φαντασία,
3663 3492 3764 3544 καὶ

2159 3571 2362 3644 ἀληθὲς
2387 3573 2560 3638 οὐδὲν,
2593 3573 2866 3640 ἔσϐεσται,
2893 3577 2988 3629 καὶ
3033 3576 3186 3639 τέλος
3211 3574 3372 3640 εὐθὺς
3404 3575 3616 3628 ἐλαϐεν,
3647 3577 3763 3630 Καὶ

2165 3655 2356 3728 μηδεὶς
2384 3656 2542 3729 ῦϐριν
2573 3653 2712 3711 εἶναι
2738 3659 3007 3730 νομιζέτω
3035 3659 3128 3712 τοῦ
3150 3659 3410 3730 Χριστοῦ,
3445 3660 3522 3712 ὅτι
3557 3661 3616 3712 ὲν
3638 3665 3756 3724 τοῖς

2163 3739 2294 3810 περὶ
2316 3739 2482 3794 αὐτοῦ
2512 3741 2692 3810 λόγοις
2740 3743 3060 3817 Πυθαγόρου
3110 3745 3206 3796 καὶ
3233 3743 3536 3808 Πλάτωνος,
3566 3744 3759 3814 Ζήνω-

2163 3839 2254 3885 νος
2289 3823 2383 3876 καὶ
2407 3822 2502 3877 τοῦ
2547 3825 2804 3890 Τυανέως
2833 3827 3186 3897 μεμνήμεθα·
3213 3827 3275 3878 ού
3301 3825 3410 3898 γὰρ
3459 3824 3518 3889 ἐξ
3545 3826 3759 3890 οἰκείας

2162 3905 2324 3958 τοῦτο
2357 3907 2618 3978 ποιοῦμεν
2655 3907 2902 3980 γνώμης,
2953 3907 3089 3962 ἀλλὰ
3110 3911 3175 3981 τῇ
3209 3907 3466 3980 ἀσθενείᾳ
3493 3907 3601 3962 τῶν
3622 3909 3758 3961 ’1ου-

2162 3991 2328 4044 δαίων
2363 3992 2906 4060 συγκαταϐαίνοντες,
2961 3992 3070 4046 τῶν
3117 3991 3446 4064 νομιζόντων
3473 3991 3638 4046 αὑτὸν
3662 3992 3760 4046 ἀνι

2164 4073 2383 4145 θρωπον
2404 4070 2540 4128 εἶναι
2563 4074 2736 4144 ψιλόν·
2760 4077 2882 4128 ἐπεὶ
2901 4076 2996 4130 καὶ
3024 4075 3236 4140 Παῦλος
3272 4073 3446 4138 οὓτως
3475 4075 3762 4145 ἐποίησεν;

2165 4157 2424 4212 εἰσελθὼν
2451 4159 2560 4228 γὰρ
2591 4160 2672 4221 εἰς
2715 4159 2815 4224 τάς
2854 4159 3106 4232 Ἀθήνας,
3140 4159 3240 4214 οὐκ
3298 4159 3407 4213 ἀπὺ
3457 4159 3756 4231 προφητῶν

2165 4241 2289 4296 οὐδὲ
2325 4242 2385 4306 ἐξ
2411 4241 2759 4312 Εὐαγγελίων
2805 4243 2989 4306 αὐτοῖς
3007 4243 3310 4312 διελέγετο,
3358 4241 3473 4296 ἀλλ’
3507 4241 3617 4295 ἀπὸ
3657 4241 3757 4294 τοῦ

2167 4325 2356 4398 βωμοῦ
2378 4327 2477 4398 τὴν
2505 4324 2828 4398 παραίνεσιν
2855 4329 3111 4380 ἐποιεῖτο·
3153 4329 3255 4381 ούκ
3305 4327 3495 4396 ἐπειδὴ
3521 4327 3614 4380 τὸν
3643 4326 3755 4396 βω-

2169 4409 2269 4482 μὸν
2299 4409 2740 4482 ἀξιοπιστότερον
2768 4410 2878 4466 τῶν
2905 4411 3254 4481 Εύαγγελίων
3312 4407 3450 4466 εἶναι
3480 4412 3754 4482 ἐνόμιζεν,

2165 4495 2286 4549 οὐδὲ
2315 4495 2504 4566 ἐπειδὴ
2533 4493 2606 4548 τὰ
2628 4495 2931 4566 γράμματα
2953 4495 3023 4549 τὰ
3053 4498 3174 4550 ἐκεῖ
3216 4495 3444 4568 κείμενα
3473 4496 3584 4550 τῶν
3629 4513 3758 4568 προ·

2166 4579 2353 4651 φητῶν
2377 4574 2518 4651 ἦσαν
2547 4579 2885 4652 τιμιώτερα,
2921 4579 3039 4634 ἀλλ’
3083 4580 3270 4654 ἐπειδὴ
3319 4581 3457 4654 πρὸς
3489 4581 3756 4652 ’Έλληνας

2165 4662 2436 4732 διελέγετο
2461 4663 2589 4727 τοὺς
2611 4663 2786 4718 οὐδενί
2822 4663 2932 4718 τῶν
2949 4665 3236 4737 ἡμετέρων
3258 4665 3632 4729 πιστεύοντας,
3647 4667 3755 4718 ἀπὸ

2165 4745 2272 4800 τῶν
2295 4746 2512 4800 οἰκείων
2537 4746 2737 4812 αὐτοὺς
2771 4747 3104 4822 ἐχειρώσατο
3143 4750 3452 4820 δογμάτων.
3495 4750 3596 4803 Διά
3642 4749 3755 4801 τοῦ·

2165 4829 2228 4884 τό
2297 4846 2484 4901 φησιν,
2529 4830 2858 4902 Ἐγενόμην
2918 4832 3041 4900 τοῖς
3107 4831 3424 4898 Ἰουδαίοις
3484 4833 3566 4899 ὡς
3616 4833 3754 4888 ἰου-

2166 4913 2352 4982 δαῖος,
2366 4915 2491 4981 τοῖς
2513 4915 2760 4986 ἀνόμοις
2787 4917 2868 4984 ὡς
2888 4917 3132 4988 ἄνομος,
3149 4917 3236 4988 μὴ
3255 4918 3342 4971 ὢν
3366 4918 3590 4987 ἄνομος
3613 4919 3752 4985 Θεῷ.

2167 4999 2306 5054 ἀλλ’
2356 4999 2614 5068 ἔννομος
2659 5003 2913 5072 Χριστῷ.
2970 5003 3128 5058 Οὕτω
3167 5006 3262 5058 καὶ
3296 5005 3331 5076 ή
3366 5003 3583 5058 Παλαιά
3633 5011 3756 5076 περὶ

2169 5082 2262 5137 τοῦ
2281 5081 2417 5137 Θεοῦ
2449 5083 2806 5158 διαλεγομένη
2845 5086 2982 5158 πρὸς
3025 5087 3314 5152 Ἰουδαίους
3353 5089 3496 5142 ποιεῖ
3523 5088 3754 5159 λέγουσα

2166 5166 2360 5231 οὓτως
2396 5168 2490 5235 Τίς
2506 5167 2710 5240 ὅμοιός
2741 5185 2841 5226 σοι
2867 5171 2938 5226 ἐν
2955 5171 3131 5239 θεοῖς,
3160 5174 3371 5241 Κύριε;
3399 5174 3465 5228 Τί
3489 5173 3688 5244 λέγεις,
3711 5170 3753 5230 ὦ

2169 5249 2408 5321 Μωῦσῆ;
2431 5251 2568 5316 ὅλως
2604 5253 2714 5324 γάρ
2739 5254 2856 5308 ἐστι
2892 5253 3213 5330 σύγκρισις;
3245 5256 3320 5310 υύ
3363 5257 3506 5312 κατά
3533 5258 3750 5329 σύγκρι-

2171 5352 2255 5388 σιν
2275 5333 2434 5388 τοῦτο
2459 5335 2630 5392 ποιῶν
2653 5333 2826 5402 εἶπον,
2865 5343 3048 5410 φησὶν,
3079 5338 3194 5392 ἀλλ’
3224 5341 3410 5414 ἐπειδὴ
3444 5342 3580 5413 πρὸς
3631 5343 3752 5396 Ίου-
3782 5395 3789 5410 ,

2168 5417 2348 5482 δαίους
2371 5418 2713 5493 διαλέγομαι,
2744 5421 2870 5485 τοὺς
2898 5423 3140 5494 μεγάλην
3175 5425 3310 5494 περί
3345 5425 3456 5480 τῶν
3487 5423 3750 5494 δαιμόνων

2169 5501 2389 5574 ἔχοντας
2419 5501 2594 5572 δόξαν,
2646 5505 2712 5577 τῇ
2763 5504 3019 5578 ἀσθενείᾳ
3055 5507 3234 5563 αὐτῶν
3285 5507 3748 5579 συγκαταϐαίνων,

2239 5644 2259 5716 ξ
2292 5646 2428 5716 ﬁnus
2445 5648 2816 5716 ﬁdﬁaﬁﬁvgto.
2845 5649 2956 5716 Mox
2984 5649 3134 5716 Savjl.
3154 5649 3480 5716 νῦν-ἐπήγετο.

2234 5709 2259 5748 ⁸
2292 5709 2435 5785 “"95.
2453 5713 2573 5785 οοάι
2591 5709 2850 5785 “mm
2865 5711 3191 5785 Ἀναξειῖρεοες-
3206 5713 3322 5785 ,Μοι
3335 5709 3476 5785 limis
3493 5715 3750 5785 ἀπέελονξο

2169 5773 2510 5882 ςιὲρξγενὲσθαι,
2548 5773 2622 5824 ὅτι
2647 5773 2816 5824 ἐκεῖνοι
2837 5774 2922 5839 μὲν
2945 5773 3056 5825 οὑδὲ
3075 5773 3122 5830 ἔξ
3141 5775 3376 5840 ὀνόματος
3413 5781 3507 5830 εἰσι
3523 5773 3744 5832 τοίςαολο
