3920 6438
171 358 297 415 885

170 938 296 1007 ejus
336 935 463 1009 (Ib.
504 953 550 991 υ.
585 937 672 993 10.
717 935 817 1008 sq).
863 938 1123 994 Utrumne
1153 940 1403 994 mentitus
1429 948 1532 1005 est,
1576 956 1642 995 an
1670 939 1806 995 dixit

168 1045 382 1084 verum
398 1032 428 1084 ἶ)
452 1031 648 1086 Evenit
667 1030 808 1102 quod
828 1031 1088 1102 pranlixit,
1106 1047 1172 1086 an
1193 1031 1288 1086 fuit
1305 1032 1462 1086 inane
1479 1033 1809 1087 vaticinium?

169 1123 490 1195 interroga
519 1123 793 1190 Judaeum;
826 1126 926 1180 etsi
957 1126 1148 1181 millies
1190 1125 1528 1195 perfricuerit
1555 1124 1802 1189 frontem,

168 1215 469 1271 adversus
522 1214 659 1271 hanc
702 1215 1102 1286 praedictionem
1148 1233 1251 1271 non
1284 1219 1480 1288 poterit
1510 1218 1694 1273 oculos
1720 1226 1804 1271 at-

170 1306 415 1362 tollere.
454 1305 515 1361 ln
546 1308 797 1362 omnibus
837 1307 980 1362 enim
1013 1308 1267 1363 Ecclesiis
1300 1309 1583 1363 memorari
1614 1308 1805 1362 mulie-

171 1413 301 1455 rem
334 1399 623 1455 audimus.
655 1400 792 1456 Sunt
835 1401 1102 1464 consules,
1134 1401 1319 1467 duces,
1365 1401 1484 1467 viri,
1530 1403 1802 1466 mulieres,

171 1494 432 1558 nobiles,
466 1494 728 1559 illustres,
762 1494 1048 1564 splendidi,
1080 1495 1131 1549 in
1159 1494 1410 1549 omnibus
1447 1493 1700 1559 urbibus;
1752 1505 1807 1549 et

176 1586 233 1640 in
265 1602 684 1658 quamcumque
711 1588 857 1643 orbis
891 1598 1094 1657 partem
1125 1586 1428 1654 deveneris,
1451 1602 1661 1642 summe
1680 1602 1802 1643 cum

174 1677 411 1734 silentio
444 1679 636 1734 audies
661 1679 820 1748 hujus
847 1679 1085 1734 mulieris
1113 1678 1347 1733 ofﬁcium
1386 1697 1400 1733 :
1432 1694 1532 1735 nec
1582 1688 1667 1735 est
1692 1679 1802 1734 ulla

176 1772 378 1827 mundi
410 1773 595 1843 plaga,
632 1754 751 1844 quae
775 1771 970 1827 factum
1000 1773 1103 1827 hoc
1133 1772 1358 1843 ignoret.
1387 1772 1544 1842 Atqui
1571 1786 1699 1843 quot
1721 1788 1803 1827 re-

173 1877 274 1933 ges
306 1863 497 1917 multa
530 1878 826 1933 magnaque
853 1864 905 1918 in
950 1864 1113 1918 urbes
1143 1864 1484 1918 contulerunt
1521 1863 1798 1929 beneﬁcia,

176 1952 323 2008 bella
355 1968 494 2009 cum
524 1952 680 2008 laude
704 1961 1008 2024 gesserunt,
1041 1962 1236 2023 tropzca
1264 1962 1582 2017 statuerunt,
1614 1963 1802 2024 gentes

175 2052 613 2111 conservarunt,
648 2045 807 2100 urbes
832 2044 1204 2110 condiderunt,
1228 2054 1281 2100 et
1307 2045 1619 2101 innumeros
1644 2061 1799 2116 para-

178 2151 312 2192 vere
354 2136 575 2192 reditus
613 2154 627 2192 :
659 2146 714 2193 et
744 2145 921 2192 tamen
951 2152 1073 2192 cum
1105 2137 1185 2191 bis
1219 2139 1475 2207 prmclare
1512 2139 1678 2210 gestis
1723 2139 1799 2193 si-

177 2229 353 2286 lentio
387 2231 702 2302 teguntur?
745 2231 879 2286 Item
921 2231 1121 2303 reginas
1165 2233 1541 2303 primariaaqne
1587 2231 1800 2289 femina:

179 2322 612 2378 innumerabilia
659 2322 938 2379 benefacta
987 2323 1331 2379 contulerunt
1379 2324 1431 2378 in
1465 2339 1561 2379 eos
1605 2324 1799 2395 quibus

179 2414 555 2485 imperabant,
577 2431 695 2485 quae
718 2431 784 2470 ne
809 2415 876 2470 de
897 2416 1113 2471 nomine
1139 2416 1353 2487 quidem
1381 2416 1471 2471 ulli
1495 2427 1634 2471 nota:
1652 2426 1795 2472 sunt.

181 2505 310 2561 llaec
344 2517 542 2562 autem
569 2506 776 2576 abjecta
809 2507 1023 2574 mulier,
1054 2523 1174 2578 qure
1216 2515 1420 2562 tantum
1465 2508 1653 2563 effudit
1697 2526 1795 2563 un-

181 2610 466 2668 guentum,
501 2607 617 2655 toto
644 2608 903 2655 terrarum
926 2600 1056 2655 orbe
1085 2600 1417 2657 decantatnr.
1440 2599 1520 2656 Ne
1542 2600 1798 2671 temporis

183 2690 405 2759 quidem
438 2700 556 2745 tam
598 2691 857 2746 immensa
888 2691 1162 2763 longitudo
1190 2693 1502 2748 memoriam
1537 2692 1680 2747 illius
1713 2691 1797 2747 vel

182 2785 469 2852 exstinxit,
517 2784 602 2840 vel
631 2785 932 2857 exstinguet
956 2800 1231 2854 umquam,
1263 2785 1422 2857 idque
1450 2800 1570 2842 cum
1601 2786 1796 2841 factmn

186 2875 362 2946 ipsum
409 2893 530 2933 non
556 2887 698 2933 esset
743 2878 949 2948 insigne
979 2896 992 2932 :
1021 2877 1147 2949 quid
1177 2879 1321 2933 enim
1350 2878 1526 2948 magni
1552 2887 1668 2933 erat
1697 2895 1796 2932 un-

183 2979 445 3038 guentum
488 2969 807 3027 effundere?
857 2985 1029 3041 neque
1060 2986 1287 3041 persona
1327 2981 1473 3025 esset
1520 2971 1794 3037 celebris;

186 3073 301 3118 erat
339 3063 495 3120 enim
540 3063 736 3119 mulier
781 3062 987 3133 abiecta
1025 3081 1039 3116 :
1073 3078 1248 3133 neque
1276 3061 1432 3117 multi
1489 3072 1650 3118 testes
1695 3061 1795 3117 ad-

186 3164 369 3222 erant;
401 3172 535 3211 nam
567 3156 704 3210 inter
723 3154 1013 3224 discipulos
1036 3169 1123 3210 res
1137 3164 1221 3209 est
1234 3163 1380 3225 gesta
1407 3173 1420 3208 :
1449 3170 1622 3225 neque
1647 3154 1796 3210 locus

189 3246 416 3314 nobilis;
450 3261 635 3317 neque
650 3247 793 3301 enim
823 3246 925 3302 hoc
948 3244 1071 3302 fecit
1103 3262 1198 3316 per
1220 3246 1483 3302 theatrum
1509 3246 1792 3311 transiens,

189 3337 281 3392 sed
305 3339 359 3392 in
386 3338 561 3395 domo
586 3337 772 3393 decem
793 3337 1072 3392 dumtaxat
1091 3337 1398 3393 hominibus
1421 3338 1791 3408 praesentibus.

194 3428 442 3486 Attamen
470 3444 652 3500 neque
696 3444 942 3499 persona:
970 3430 1167 3496 vilitas,
1196 3445 1371 3500 neque
1404 3430 1617 3486 testium
1659 3445 1792 3501 pan-

193 3522 342 3581 citas,
375 3535 564 3592 neque
593 3521 694 3575 loci
740 3521 1062 3586 obscuritas,
1097 3536 1271 3592 neque
1300 3523 1402 3575 ulla
1438 3536 1525 3577 res
1569 3522 1673 3576 alia
1702 3537 1792 3591 po-

194 3612 291 3667 tuit
340 3613 488 3670 illius
537 3613 758 3669 abolere
808 3615 1144 3670 memoriam.
1191 3613 1330 3682 Quin
1373 3615 1552 3685 potius
1594 3615 1795 3687 reginis

196 3706 440 3763 omnibus
468 3720 540 3761 ac
566 3706 781 3776 regibus
812 3706 1074 3761 universis
1098 3705 1360 3761 celebrior
1398 3714 1482 3761 est
1509 3721 1651 3761 nunc
1678 3706 1794 3761 hare

197 3797 405 3863 mulier,
455 3812 563 3853 nec
588 3798 694 3851 ulla
723 3805 853 3853 tetas
892 3797 1147 3853 oblivioni
1177 3797 1392 3852 tradidit
1421 3796 1564 3867 quod
1595 3798 1790 3852 factum

197 3897 294 3942 est.
321 3887 481 3946 Unde
516 3888 589 3955 id,
618 3888 704 3944 dic
740 3887 893 3957 mihi,
934 3899 1024 3944 aut
1050 3889 1171 3958 quis
1201 3890 1301 3944 hoc
1328 3889 1541 3945 effecit?
1600 3888 1790 3944 Annon

198 3978 333 4036 Deus
375 3983 518 4052 ipse,
561 3981 648 4036 cui
684 3991 794 4036 tum
825 3980 929 4037 hoc
969 3981 1205 4037 ofﬁcium
1235 3982 1608 4052 praestabatur,
1655 3980 1794 4035 hanc

199 4070 387 4128 famam
418 4090 521 4145 per
549 4074 731 4128 omnia
770 4085 1032 4129 terrarum
1077 4073 1192 4128 loca
1238 4072 1534 4142 dispersit?
1560 4071 1792 4127 Proinde

199 4163 281 4218 die
303 4166 455 4230 mihi,
486 4180 617 4220 num
645 4164 950 4235 huiusmodi
981 4164 1274 4234 prtedicere
1304 4164 1518 4218 virtutis
1546 4163 1792 4218 humana:

202 4253 435 4312 videtur?
484 4256 617 4324 Quis
657 4257 799 4311 enim
834 4270 978 4311 sanae
1024 4256 1221 4310 mentis
1249 4255 1350 4309 hoc
1393 4255 1627 4309 dixerit?
1656 4254 1788 4309 Nam

203 4347 492 4412 prtedicere
509 4364 627 4417 quze
654 4349 887 4403 facturus
908 4358 1070 4413 esset,
1097 4347 1288 4400 mirum
1328 4345 1544 4413 quidem
1574 4361 1637 4401 ac
1661 4360 1789 4416 pro~

206 4436 460 4507 digiosum
490 4458 506 4494 :
534 4455 718 4495 verum
746 4440 1039 4509 prtedicere
1064 4454 1182 4508 qum
1209 4438 1300 4493 alii
1327 4437 1517 4492 facturi
1544 4447 1686 4504 sunt,
1714 4436 1790 4492 ef-

207 4525 466 4602 ﬁcereque
496 4541 548 4587 ut
581 4531 715 4587 ﬁdes
747 4532 851 4586 illis
879 4531 1159 4595 habeatur,
1186 4532 1398 4600 sintque
1424 4530 1635 4584 cunctis
1666 4544 1789 4598 per-

208 4620 404 4686 spicua,
434 4624 605 4680 multo
652 4623 826 4689 majus
851 4631 933 4678 est
975 4637 1039 4676 ac
1064 4621 1380 4677 mirabilius.
1414 4620 1620 4675 RurSus
1651 4635 1790 4690 prmo

202 4711 336 4771 dixit
360 4717 557 4773 Petro:
610 4717 783 4788 Super
808 4716 940 4770 hanc
966 4724 1157 4786 petram
1197 4714 1462 4782 (adiﬁcabo
1509 4712 1790 4767 Ecclesium

210 4820 387 4877 meum,
416 4819 462 4865 et
510 4818 671 4881 portte
696 4810 848 4881 inferi
891 4826 992 4863 non
1036 4806 1376 4879 praevalebunt
1417 4808 1656 4862 adversus
1681 4823 1791 4860 eam

216 4896 419 4965 (Matth.
449 4903 532 4959 l6.
566 4903 680 4976 l8).
723 4902 952 4958 Proinde
976 4901 1062 4956 dic
1090 4917 1208 4972 age,
1239 4900 1443 4964 Judtee,
1473 4901 1598 4971 quid
1628 4900 1791 4955 habes

213 4990 348 5056 quod
391 4993 774 5064 reprehendas,
821 5001 913 5046 aut
943 4992 1231 5061 redarguas
1274 4992 1435 5047 exiis
1482 5008 1601 5062 qua:
1647 4992 1786 5045 dicta

214 5093 329 5137 sunt
347 5083 370 5137 τ
385 5086 520 5153 Quid
538 5087 722 5151 babes,
749 5101 855 5156 quo
876 5085 1071 5141 doceas
1096 5090 1229 5140 hanc
1250 5085 1646 5155 praedictionem
1670 5100 1791 5140 esse

216 5177 553 5234 mendacem?
574 5181 766 5234 Annon
788 5180 1149 5235 testimonium
1172 5194 1295 5234 cum
1322 5179 1482 5233 rebus
1500 5179 1786 5233 consentit.

216 5267 412 5322 etiamsi
460 5272 608 5327 mille
655 5271 829 5326 modis
872 5271 985 5339 ipse
1027 5270 1320 5325 contendas
1363 5270 1414 5323 in
1466 5270 1789 5325 adversum?

219 5352 347 5419 Quot
374 5362 513 5415 enim
540 5362 681 5417 bella
709 5361 967 5416 adversus
994 5359 1289 5415 Ecclesiam
1316 5359 1579 5414 concitata
1619 5360 1788 5414 sunt?

221 5445 350 5506 Quot
384 5453 647 5509 exercitus
674 5453 936 5517 instructi,
967 5462 1096 5521 quot
1124 5467 1271 5506 arma
1316 5461 1476 5513 mota,
1507 5452 1648 5520 quod
1680 5466 1786 5506 non

224 5541 472 5598 cruciatus
503 5555 556 5602 et
585 5545 829 5616 supplicii
862 5560 1031 5614 genus
1058 5543 1432 5614 excogitatum,
1464 5543 1784 5614 sartagines,

217 5634 501 5701 catapultae,
532 5637 757 5705 lebetes,
784 5636 1050 5704 fornaces,
1092 5637 1241 5692 lacus
1269 5644 1325 5691 et
1352 5635 1663 5705 praecipitia,
1692 5634 1788 5690 be-

214 5716 416 5778 stiarum
439 5730 660 5797 dentes,
687 5729 875 5796 maria,
917 5737 972 5784 et
999 5727 1441 5799 proscriptiones,
1468 5725 1680 5796 aliaque
1705 5725 1788 5780 in-

224 5818 425 5869 numera
480 5826 866 5877 tormentorum
922 5835 1141 5893 genera,
1172 5834 1346 5891 neque
1385 5816 1538 5875 dictis
1576 5830 1785 5873 memo-

1462 361 1823 420 ADVEllSUS
1858 362 2156 423 JUDEOS.
2203 367 2263 421 ν.

168 479 245 531 tis
272 477 622 543 denariigac
641 478 814 531 datum
828 476 1128 549 pauperibus
1146 476 1361 549 (Matth.
1378 478 1469 533 26.
1489 478 1581 554 9)?
1597 480 1709 535 lloc
1729 495 1816 535 re-

174 570 563 640 prehendens
607 571 844 641 loquitur
882 571 935 626 in
973 571 1117 626 hunc
1145 571 1381 638 modum,
1436 572 1572 639 Quid
1621 573 1817 628 molesti

178 662 318 716 cui:
352 661 618 716 mulieri?
643 663 829 716 bonum
853 663 986 717 enim
1013 679 1141 733 Opus
1169 663 1308 734 fecit.
1341 662 1464 717 Dico
1492 664 1622 717 enim
1653 664 1811 728 vobis,

175 752 527 821 ubicumque
573 754 908 825 prtedicittum
948 755 1105 823 fuerit
1134 755 1229 809 hoc
1271 756 1585 827 evangelium
1612 757 1665 811 in
1693 759 1811 810 uni-

170 861 335 899 versa
364 853 544 910 terra,
576 846 768 900 dicetur
787 846 950 900 ethoc
976 847 1114 916 quod
1140 847 1247 900 haec
1266 847 1382 917 fecit
1401 887 1416 912 ,
1445 846 1497 900 in
1520 850 1812 902 memoriam

3412 389 3520 444 886

1924 482 2110 547 rauda,
2143 499 2317 555 neque
2360 484 2514 543 factis
2543 487 2858 547 toleranda?
2882 492 3055 563 Atque
3083 494 3196 551 haec
3246 512 3351 551 non
3398 508 3515 553 tan-

1924 580 2035 627 tum
2065 572 2135 628 ab
2160 577 2447 643 extraneis,
2490 593 2676 634 verum
2708 581 2867 636 etiam
2891 597 2921 636 a
2952 584 3150 639 nostris
3175 585 3507 643 domesticis.

1921 666 2054 721 Nam
2085 668 2242 724 civile
2286 671 2554 740 quoddam
2594 673 2791 728 bellum
2844 686 3133 746 occuparat
3181 680 3381 746 omnia,
3430 688 3515 730 vel

1918 755 2108 826 quovis
2138 758 2312 827 potius
2357 760 2501 815 civili
2542 762 2683 818 bello
2729 766 3100 833 perniciosius.
3133 768 3318 840 Neque
3361 773 3505 827 enim

1918 849 2062 904 cives
2106 851 2266 906 modo
2295 867 2416 907 cum
2446 854 2671 922 civibus,
2706 873 2891 914 verum
2920 862 3079 917 etiam
3130 866 3340 935 cognati
3387 881 3507 921 cum

1916 942 2179 1010 cognatis,
2216 942 2496 999 domestici
2523 962 2643 1001 cum
2675 949 3002 1017 domesticis,
3035 954 3191 1010 amici
3221 971 3341 1011 cum
3370 959 3511 1011 ami-

1914 1032 1993 1086 cis
2020 1033 2464 1092 conflictabantur
2494 1057 2507 1093 :
2541 1041 2673 1095 nihil
2705 1051 2881 1098 tamen
2913 1044 3103 1100 borum
3130 1048 3378 1105 dissolvit
3407 1052 3509 1107 Ec-

1913 1124 2130 1180 clesiam
2153 1169 2167 1193 ,
2191 1143 2253 1183 ac
2280 1145 2348 1184 ne
2376 1129 2727 1189 inﬁrmiorem
2749 1136 2960 1206 quidem
2985 1138 3236 1195 reddidit.
3261 1143 3436 1212 Atque
3460 1144 3508 1198 id

1911 1230 2043 1271 sane
2071 1218 2266 1273 mirum
2308 1231 2363 1276 et
2388 1222 2718 1288 incredibile,
2769 1227 2910 1297 quod
2943 1229 3059 1283 haec
3084 1230 3135 1283 in
3169 1231 3298 1301 ipsis
3324 1235 3507 1288 statim

1911 1309 2221 1378 primordiis
2268 1323 2408 1368 mota
2460 1326 2603 1370 sunt.
2651 1315 2784 1372 Nam
2829 1320 2872 1373 si
2923 1327 3033 1374 tum
3063 1321 3346 1378 irruissent
3391 1326 3508 1380 hmo

1909 1402 2126 1467 acerba,
2158 1414 2438 1475 postquam
2465 1409 2576 1477 jam
2607 1409 2813 1465 radices
2846 1421 3048 1481 egerat,
3078 1423 3132 1468 et
3163 1414 3359 1485 ubique
3392 1428 3504 1471 ter-

1910 1508 2089 1549 rarum
2114 1496 2409 1566 plantatum
2433 1507 2549 1553 erat
2571 1500 2938 1569 Evangelium,
2965 1503 3102 1558 haud
3130 1505 3349 1574 perinde
3372 1505 3503 1561 fuis-

1908 1593 1993 1638 set
2035 1586 2431 1655 admirandum,
2483 1606 2589 1646 non
2632 1592 2797 1648 fuisse
2838 1594 3153 1651 subversam
3186 1599 3500 1654 Ecclesiam.

1907 1672 2172 1732 Ceterum
2199 1694 2319 1733 cum
2351 1680 2403 1734 in
2431 1681 2548 1750 ipso
2578 1682 2836 1738 doctrinae
2865 1686 3107 1753 exordio,
3150 1704 3323 1759 nuper
3353 1690 3501 1759 jacto

1908 1767 2027 1824 ﬁdei
2059 1771 2285 1840 semine,
2319 1774 2516 1829 teneris
2545 1776 2837 1831 etiamnum
2867 1779 3168 1834 auditorum
3203 1782 3493 1847 mentibus,

1908 1869 1987 1915 tot
2017 1861 2159 1917 bella
2200 1865 2498 1935 eruperint,
2532 1883 2621 1923 res
2663 1880 2875 1929 nostras
2907 1886 3009 1925 non
3040 1874 3210 1927 solum
3263 1874 3406 1928 nulla
3435 1891 3502 1929 ex

1905 1962 2057 2023 parte
2101 1953 2263 2011 fuisse
2292 1957 2601 2027 diminutas,
2634 1976 2819 2015 verum
2851 1964 3010 2017 etiam
3061 1965 3279 2019 multam
3311 1980 3501 2021 acces-

1904 2046 2109 2102 sionem
2138 2047 2442 2118 adjuuctam
2474 2049 2660 2117 fuisse,
2691 2050 2795 2107 hoc
2826 2053 3072 2108 nimirum
3100 2066 3319 2125 suprrat
3341 2071 3502 2111 omne

1906 2136 2242 2193 miraculum.
2270 2139 2347 2195 Ne
2376 2142 2495 2212 quis
2523 2153 2703 2199 autem
2732 2143 2916 2199 dicere
2948 2148 3138 2216 possit,
3177 2148 3319 2218 quod
3354 2165 3501 2203 nunc

1905 2229 2141 2284 Ecclesia
2175 2242 2294 2301 post
2320 2248 2503 2302 pacem
2532 2250 2562 2288 a
2593 2236 2808 2306 regibus
2852 2237 3131 2305 praebitam
3160 2239 3497 2294 constabilita

1902 2321 1993 2383 sit,
2018 2336 2138 2375 cum
2169 2333 2310 2378 esset
2334 2324 2528 2392 minor,
2561 2341 2681 2381 cum
2709 2328 2980 2383 videretur
3000 2330 3342 2398 imbecillior,
3375 2343 3500 2389 tunc

1903 2411 2048 2466 illam
2099 2417 2391 2491 oppugnari
2440 2418 2682 2487 permisit
2733 2419 2914 2475 Deus:
2967 2421 3281 2487 utediscas,
3331 2424 3492 2478 etiam

1902 2503 2044 2574 quod
2094 2520 2237 2560 nunc
2267 2507 2316 2560 in
2352 2516 2465 2562 tuto
2509 2509 2598 2573 sit,
2653 2525 2758 2563 non
2805 2511 3146 2567 tribuendum
3180 2530 3301 2570 esse
3356 2517 3494 2584 paci,

1901 2610 2060 2665 quam
2107 2606 2362 2666 prarstant
2391 2614 2566 2669 reges,
2596 2601 2690 2655 sed
2728 2617 2757 2655 a
2795 2604 3029 2672 polentia
3073 2603 3163 2659 Dei
3205 2604 3493 2676 proﬁcisci.

1973 2689 2029 2743 5.
2060 2687 2214 2742 Multi
2239 2691 2409 2744 conati
2432 2701 2548 2745 sunt
2570 2708 2725 2746 novas
2745 2694 2983 2748 inducere
3007 2694 3160 2766 leges,
3191 2712 3321 2751 unus
3343 2695 3492 2752 Citri-

1900 2789 2009 2835 stus
2037 2781 2219 2851 potuit.
2247 2811 2317 2821 —
2340 2781 2396 2836 id
2424 2791 2480 2836 ut
2506 2797 2799 2853 cognoscas
2819 2799 2940 2840 esse
2970 2803 3175 2851 rerum,
3205 2798 3392 2858 reputa
3418 2799 3492 2843 te-

1900 2889 2045 2943 cum,
2075 2891 2233 2946 quam
2268 2878 2419 2932 multi
2447 2879 2623 2933 conati
2655 2879 2763 2933 sint
2799 2878 2938 2949 apud
2969 2878 3185 2935 Grzccos
3212 2881 3495 2950 opiniones

1903 2983 2070 3025 novas
2100 2984 2163 3025 ac
2188 2970 2498 3041 peregrinas
2527 2971 2738 3026 vivendi
2764 2973 3002 3028 rationes
3045 2974 3321 3041 inducere,
3352 2975 3497 3029 velut

1900 3059 2067 3121 Zeno,
2097 3060 2269 3128 Plato,
2297 3061 2567 3128 Socrates,
2595 3064 2868 3133 Diagoras,
2912 3065 3265 3137 Pythagoras,
3300 3067 3496 3138 aliique

1900 3150 2164 3206 innumeri
2192 3169 2205 3205 :
2239 3161 2415 3207 tamen
2446 3153 2582 3209 adeo
2610 3171 2714 3207 non
2745 3155 3005 3218 vicerunt,
3039 3164 3097 3210 ut
3126 3157 3394 3227 plerisque
3426 3174 3493 3211 ne

1897 3242 1965 3298 de
1987 3243 2201 3299 nomine
2220 3243 2436 3314 quidem
2454 3245 2561 3300 sint
2587 3247 2718 3312 noti,
2741 3246 2986 3302 Christus
3006 3259 3184 3303 autem
3205 3264 3313 3302 non
3335 3250 3494 3302 modo

1898 3336 2224 3406 prmscripsit
2252 3340 2375 3391 vitm
2426 3336 2674 3404 fortnam,
2711 3354 2896 3393 verum
2928 3338 3089 3394 etiam
3124 3339 3262 3394 hanc
3292 3340 3488 3411 ubique

1898 3440 2162 3484 terrarum
2190 3429 2464 3499 plantavit.
2489 3430 2657 3498 Quam
2686 3431 2850 3486 multa
2874 3432 3041 3486 fertur
3063 3433 3376 3502 Apollonius
3398 3434 3489 3488 ille

1898 3520 2147 3591 Tyaneus
2176 3521 2412 3577 fecisse?
2455 3522 2654 3578 Verum
2687 3524 2762 3577 uti
2798 3524 2988 3591 scires,
3019 3524 3109 3579 illa
3152 3526 3329 3580 omnia
3371 3541 3495 3582 esse

1876 3613 2148 3691 ,cOnﬁcta,
2175 3629 2333 3681 vana,
2367 3615 2498 3669 nihil
2533 3616 2780 3671 habentia
2812 3617 2923 3671 veri
2951 3636 2964 3672 :
2994 3618 3257 3674 exstincta
3283 3628 3405 3673 sunt
3433 3631 3487 3673 et

1898 3708 2059 3761 linem
2091 3716 2433 3777 acceperunt.
2466 3706 2509 3762 J.
2531 3724 2584 3762 m
2614 3723 2681 3763 ne
2723 3708 2843 3778 quis
2881 3708 3173 3764 arbitretur
3210 3719 3490 3764 contume-

1899 3797 2023 3852 liam
2054 3813 2176 3854 esse
2205 3799 2425 3865 Christi,
2464 3799 2607 3869 quod
2637 3799 2705 3855 de
2748 3799 2843 3853 illo
2872 3800 3033 3854 verba
3068 3800 3344 3863 facientes,
3380 3800 3486 3872 Py-

1899 3890 2156 3961 thagorm,
2181 3891 2440 3959 Platonis,
2467 3891 2720 3957 Zenonis,
2748 3901 2804 3946 et
2828 3891 3028 3964 Tyanei
3047 3891 3449 3948 meminerimus
3476 3911 3485 3943 :

1898 3998 2004 4036 non
2034 3983 2176 4037 enim
2221 3982 2272 4037 id
2304 3982 2535 4038 facimus
2562 4000 2629 4037 ex
2671 3983 2832 4037 animi
2868 3985 3037 4039 nostri
3067 3985 3352 4050 sententia,
3393 3985 3487 4038 sed

1898 4073 1961 4128 ad
1988 4072 2295 4128 Judaaorum
2326 4074 2691 4129 inﬁrmitatem
2716 4088 2815 4128 nos
2838 4074 2983 4144 ipsos
3009 4074 3373 4139 demittentes,
3397 4076 3489 4144 qui

1895 4164 2122 4219 credunt
2165 4180 2287 4219 cum
2342 4179 2463 4220 esse
2516 4164 2716 4220 nudum
2764 4163 3076 4228 hominem;
3131 4163 3311 4220 itidem
3356 4173 3411 4219 et
3460 4181 3490 4218 a

1899 4257 2061 4311 Paulo
2088 4256 2283 4312 factum
2309 4264 2394 4312 est
2434 4256 2569 4326 (Act.
2606 4254 2717 4328 17).
2752 4257 2799 4311 Is
2842 4257 2985 4310 enim
3015 4257 3288 4326 ingressus
3318 4256 3488 4312 Athe-

1898 4363 2086 4401 narum
2134 4347 2343 4412 urbem,
2388 4362 2492 4401 non
2535 4363 2602 4401 ex
2636 4346 2913 4415 prophetis
2960 4361 3059 4400 nec
3088 4362 3154 4401 ex
3200 4347 3492 4418 Evangelio

1895 4452 2015 4492 cum
2048 4437 2150 4490 illis
2177 4436 2448 4501 disseruit,
2478 4436 2572 4491 sed
2618 4437 2685 4491 ab
2712 4451 2802 4490 ara
2846 4436 2987 4506 cepit
3019 4436 3444 4492 exhortationem
3473 4457 3485 4491 :

1897 4543 2003 4581 non
2034 4528 2177 4597 quod
2208 4543 2354 4582 aram
2378 4527 2521 4582 illam
2550 4527 2615 4581 ad
2642 4526 2939 4583 faciendam
2967 4528 3126 4583 ﬁdem
3152 4530 3270 4599 plus
3291 4529 3490 4585 habere

1895 4621 2153 4675 momenti
2190 4619 2456 4685 crederet,
2490 4635 2647 4689 quam
2681 4618 2991 4690 Evangelia,
3042 4636 3216 4691 neque
3244 4622 3386 4690 quod
3420 4621 3487 4675 li-

1897 4721 2039 4767 teras
2070 4712 2180 4766 illic
2210 4712 2496 4781 inscriptas
2529 4712 2765 4782 potiores
2793 4710 3017 4766 duceret
3054 4713 3365 4782 prophetis;
3393 4714 3489 4769 sed
3531 4757 3538 4769 .

1895 4806 2145 4875 quoniam
2171 4821 2291 4859 cum
2323 4806 2570 4876 gentibus
2597 4805 2923 4875 disputabat,
2957 4821 3076 4874 qua:
3119 4805 3248 4859 nulli
3279 4815 3490 4860 nostro—
3518 4842 3539 4850 -η

1895 4913 2015 4952 rum
2043 4897 2370 4951 voluminum
2397 4898 2645 4960 credunt,
2678 4913 2705 4949 a
2741 4898 2973 4967 prepriis
3006 4898 3242 4965 ipsorum
3269 4897 3487 4967 dogma-
3530 4882 3537 4887 ’

1897 4991 2036 5045 tibus
2065 4990 2209 5058 ipsos
2252 5004 2536 5060 aggressus
2563 4999 2663 5044 est.
2701 4990 2833 5043 Hinc
2854 4997 2937 5042 est
2966 4988 3107 5058 quod
3147 4990 3259 5042 ait:
3295 4987 3488 5043 Factus

1896 5098 2009 5135 sunt
2035 5081 2239 5136 Judwis
2282 5092 2336 5134 ut
2374 5081 2611 5140 Judwus,
2645 5082 2723 5133 Itis
2765 5080 2851 5149 qui
2876 5084 2985 5133 sine
3013 5080 3120 5150 lege
3149 5088 3312 5140 erant,
3360 5091 3489 5132 tam-

1895 5190 2047 5243 quam
2074 5190 2230 5227 essem
2258 5173 2369 5227 sine
2402 5173 2548 5243 lege;
2578 5189 2690 5225 cum
2734 5173 2843 5227 sine
2863 5172 2973 5242 lege
3014 5188 3116 5224 non
3158 5188 3314 5227 essem
3354 5170 3483 5231 Deo.

1893 5266 1983 5319 sed
2006 5282 2164 5319 essem
2207 5263 2261 5316 in
2287 5264 2393 5334 lege
2422 5263 2608 5317 Christi
2655 5263 2730 5334 (l.
2761 5260 2879 5317 Cor.
2910 5263 2965 5317 9.
2993 5261 3086 5316 20.
3132 5261 3250 5333 21).
3300 5262 3485 5316 Itidem

1900 5366 1956 5412 et
2000 5356 2196 5412 veteris
2237 5354 2542 5410 testamenti
2590 5354 2864 5424 Scriptura
2906 5354 3032 5408 facit
3056 5355 3124 5408 de
3152 5355 3261 5408 Deo
3287 5353 3487 5409 Judsris

1897 5447 2157 5516 loquens:
2191 5445 2271 5501 sic
2299 5445 2443 5500 enim
2495 5445 2607 5499 ait:
2643 5445 2767 5510 Quis
2811 5444 2990 5497 similis
3020 5444 3094 5497 tui
3120 5444 3172 5498 in
3218 5444 3338 5509 diis,
3370 5443 3485 5498 Do-

1894 5538 2029 5591 mine
2073 5536 2266 5610 (Exod.
2298 5537 2385 5593 l5.
2420 5536 2545 5606 ll)?
2575 5535 2712 5616 Quid
2741 5535 3092 5607 eis,Moyscs?
3142 5535 3290 5590 itane
3329 5550 3483 5589 coun—

1893 5633 2103 5701 paratio
2132 5641 2215 5685 est
2254 5630 2361 5685 ulla
2393 5630 2488 5685 Dei
2534 5631 2645 5685 veri
2676 5644 2740 5684 ac
2765 5629 2991 5684 deorum
3021 5627 3315 5684 falsorum?
3344 5627 3483 5693 Non,

1894 5722 2088 5793 inquit,
2110 5722 2211 5778 hoc
2230 5731 2287 5776 ut
2303 5722 2757 5815 comparationem
2784 5721 3030 5776 inducam
3053 5721 3307 5793 loquutus
3326 5735 3444 5775 sum
3469 5738 3482 5774 :

1895 5814 1990 5871 sed
2014 5815 2136 5886 quia
2164 5815 2230 5872 ad
2258 5814 2471 5891 JudtnOs
2499 5817 2629 5873 mihi
2657 5826 2771 5875 erat
2792 5831 2992 5888 sermo,
3030 5816 3121 5889 qui
3148 5818 3490 5889 magniﬁcam
