3920 6392
446 320 559 383 ’88⁸1

453 442 520 497 de
541 439 874 496 dxmonibus
897 439 1096 495 habent
1117 440 1443 511 Opinionem,
1466 437 1530 493 ad
1563 438 1768 494 illorum
1797 436 2038 493 imbecil-

451 535 649 589 litatem
699 549 783 588 me
831 531 1238 588 accommodans
1279 531 1381 586 hoc
1419 530 1642 586 docendi
1685 545 1881 601 genere
1917 545 2036 585 sum

453 639 597 677 usus.
630 623 890 689 Quoniam
928 623 1086 693 igitur
1116 622 1268 676 nobis
1294 637 1502 692 quoque
1522 621 1809 692 disputatio
1833 630 1913 676 est
1938 620 2034 676 ad-

449 731 634 770 versus
674 715 909 783 Judacos,
957 714 1047 785 qui
1073 713 1344 769 Christum
1391 713 1698 768 existimant
1739 713 2035 783 simplicem

448 806 614 860 fuisse
655 805 947 872 hominem,
980 815 1034 861 et
1059 806 1188 876 legis
1228 804 1724 874 przcvaricatorem:
1756 813 2032 874 propterea

443 899 513 954 ab
544 900 631 967 iis,
652 914 769 968 quae
799 899 936 968 apud
975 906 1162 968 gentes
1190 897 1244 951 in
1283 897 1637 952 admiratione
1661 906 1804 965 sunt,
1852 897 2034 952 induxi

442 991 919 1058 comparationem.
943 988 1095 1057 Quod
1116 991 1160 1045 si
1182 988 1341 1044 vultis
1363 1005 1447 1044 me
1473 997 1524 1044 et
1550 1003 1758 1055 eorum,
1783 987 1874 1058 qui
1896 987 2034 1057 apud

442 1080 588 1151 ipsos
613 1081 826 1136 iudices
855 1081 1042 1136 eadem
1071 1080 1250 1137 conati
1276 1089 1474 1136 suntet
1501 1078 1792 1149 discipulos
1823 1078 1923 1133 sibi
1949 1078 2036 1133 ad-

437 1179 733 1240 sciverunt,
781 1183 837 1229 et
867 1175 1137 1245 principes
1178 1183 1271 1228 aut
1315 1173 1573 1244 prmsides
1611 1172 1894 1243 designati,
1939 1170 2034 1226 sed

434 1266 685 1334 protinus
715 1267 961 1322 exstincti
993 1275 1136 1332 sunt,
1169 1267 1416 1335 eiu-.mpla
1445 1279 1728 1319 recensere
1757 1281 1769 1316 :
1812 1278 1908 1333 age
1938 1279 2031 1317 co-

440 1360 686 1413 nabimur
712 1371 765 1414 et
787 1360 863 1414 sic
891 1360 1282 1414 demonstrare.
1317 1359 1427 1412 lloc
1458 1357 1617 1429 igitur
1653 1355 1810 1410 modo
1835 1354 2032 1410 Gama-

438 1450 525 1504 liel
571 1464 632 1504 os
661 1450 925 1505 obturavit
967 1450 1089 1504 illis.
1138 1450 1268 1503 Cum
1315 1449 1457 1502 enim
1489 1448 1693 1501 videret
1738 1447 1857 1501 illus
1889 1446 2030 1499 insa-

432 1542 664 1608 nientes,
681 1541 1004 1612 cupidosque
1020 1539 1322 1595 eil'undendi
1344 1539 1614 1610 sanguinis
1629 1538 2028 1607 discipulorum,

437 1633 666 1688 studens
710 1649 804 1689 eos
847 1632 914 1687 ab
964 1633 1238 1702 impotenti
1288 1632 1500 1687 vesania
1548 1631 1819 1696 cohibere,
1863 1628 2031 1700 jussis

432 1725 706 1794 paulisper
727 1724 980 1780 secedere
1007 1725 1281 1794 apostolis,
1330 1725 1408 1778 sic
1435 1722 1501 1776 ad
1538 1723 1654 1777 illos
1683 1721 1842 1776 verba
1866 1720 2027 1775 fecit:

437 1816 721 1886 Prospicite
745 1818 881 1872 vobis
900 1818 1024 1889 quid
1051 1819 1112 1870 de
1133 1817 1210 1870 his
1236 1815 1520 1870 hominibus
1540 1815 1650 1868 sitis
1669 1813 1879 1885 facturi.
1900 1812 2032 1865 Ante

433 1913 525 1965 hos
557 1913 689 1965 enim
721 1911 826 1964 dies
870 1920 1072 1964 exortus
1097 1918 1166 1964 est
1201 1907 1456 1972 Tlteudas,
1488 1907 1658 1960 dicens
1699 1922 1752 1960 se
1785 1921 1892 1960 esse
1929 1902 2030 1956 ali-

431 2018 582 2073 quem
611 2019 632 2060 :
674 2011 721 2058 et
766 2005 958 2076 sequuti
989 2013 1105 2058 sunt
1130 2002 1275 2056 illum
1304 2001 1397 2054 viri
1437 1997 1818 2070 quadringenti,
1866 2005 1912 2050 et
1940 1995 2031 2051 ille

437 2096 610 2167 periit,
655 2106 702 2151 et
731 2113 901 2150 omnes
931 2103 1168 2165 quotquot
1207 2094 1252 2148 ei
1281 2101 1581 2164 paruerunt,
1623 2091 1839 2162 dispersi
1885 2097 2023 2143 sunt.

431 2188 500 2243 Et
525 2198 636 2258 post
664 2187 810 2242 illum
841 2199 1044 2242 exortus
1085 2196 1156 2242 est
1196 2185 1232 2240 Ι
1237 2186 1364 2239 udas
1393 2184 1659 2252 Galilteus,
1691 2185 1777 2254 qui
1819 2184 2027 2238 abduxit

429 2282 630 2334 turbam
652 2297 910 2351 magnam,
933 2289 978 2335 et
1008 2290 1233 2334 mortuus
1263 2288 1356 2346 est,
1381 2278 1718 2348 discipulique
1741 2278 1881 2332 illius
1907 2293 2026 2347 per-

429 2373 616 2430 ierunt.
665 2371 733 2424 Et
761 2388 894 2424 nunc
935 2372 1047 2424 dico
1073 2370 1210 2424 vobis
1245 2384 1266 2424 :
1296 2370 1538 2423 attendite
1576 2369 1730 2432 vobis,
1782 2369 2023 2439 quoniam

428 2468 470 2519 si
493 2481 620 2536 Opus
647 2465 742 2518 hoc
771 2463 925 2536 fuerit
949 2479 1013 2517 ea:
1036 2462 1343 2529 hominibus,
1367 2461 1702 2526 dissolvetur;
1727 2461 1808 2515 sin
1833 2477 1896 2515 ea:
1918 2461 2024 2514 Deo

426 2567 518 2623 est,
543 2573 644 2611 non
675 2555 902 2626 poteritis
924 2554 1053 2608 illud
1079 2554 1372 2619 dissolvere,
1401 2569 1463 2606 ne
1485 2552 1615 2620 forte
1639 2551 2025 2620 comperiamini

425 2659 470 2702 et
494 2649 735 2702 adversus
766 2647 930 2702 Deum
957 2663 1185 2717 pugnare
1215 2645 1353 2718 (Act.
1385 2645 1439 2700 5.
1475 2643 1707 2714 55-39).
1745 2642 1896 2698 Unde
1921 2643 2020 2713 igi-

427 2752 513 2796 tur
535 2739 873 2796 manifestum
902 2749 1002 2802 est,
1035 2740 1146 2794 fore
1175 2739 1293 2793 utsi
1322 2753 1388 2793 ex
1413 2737 1714 2791 hominibus
1736 2737 1806 2790 sit
1829 2735 2024 2790 dissol-

424 2842 598 2887 vatur.
645 2831 1113 2900 Experimenlmn,
1176 2826 1368 2899 inquit,
1423 2827 1644 2897 cepistis
1695 2843 1725 2881 a
1777 2827 1913 2882 Juda
1967 2835 2021 2881 et

423 2922 663 2979 Theuda.
697 2921 880 2993 Itaque
904 2932 958 2977 et
988 2921 1076 2976 hic
1102 2922 1188 2990 qui
1227 2921 1295 2975 ab
1321 2920 1438 2975 istis
1461 2919 1802 2988 praedicatur,
1827 2919 1873 2973 si
1902 2918 2020 2974 talis

423 3023 524 3083 est,
570 3014 754 3084 quales
797 3014 1011 3070 fuerunt
1049 3013 1145 3080 illi,
1179 3027 1282 3068 nec
1323 3011 1501 3066 divina
1541 3011 1772 3080 potentia
1816 3010 2021 3082 peragit

420 3111 638 3165 omnia:
679 3115 985 3178 exspectate
1012 3105 1302 3176 paulisper,
1334 3113 1386 3158 et
1419 3105 1534 3174 ipse
1581 3119 1758 3159 rerum
1795 3113 2020 3159 eventus

417 3198 570 3254 vobis
620 3196 780 3254 faciet
822 3198 978 3251 ﬁdem
1014 3216 1027 3250 :
1057 3213 1122 3252 ex
1153 3198 1267 3266 ipso
1304 3197 1408 3250 ﬁne
1435 3195 1790 3266 cognoscetis,
1837 3205 2014 3249 utrum

427 3291 514 3345 hie
545 3288 614 3344 sit
654 3293 933 3360 impostor,
966 3299 1025 3343 ut
1055 3288 1252 3354 dicitis,
1281 3301 1343 3340 ac
1376 3287 1505 3357 legis
1537 3296 1919 3356 transgressor,
1948 3300 2015 3340 an

418 3382 564 3437 Deus
619 3381 864 3436 universa
893 3395 1236 3440 conservans.
1272 3378 1628 3448 ineffabiliqtte
1659 3379 1895 3448 potentia
1927 3391 2015 3432 res

431 3473 738 3527 mortalium
769 3472 1085 3542 dispensans
1117 3471 1525 3540 moderansque.
1574 3470 1724 3538 Quod
1756 3469 1897 3536 dico,
1938 3468 2015 3523 fa-

409 3576 556 3621 ctum
579 3574 678 3621 est.
700 3568 1106 3636 Exspcetaruat,
1135 3575 1187 3619 et
1215 3580 1281 3618 cx
1305 3563 1433 3634 ipsis
1461 3565 1612 3618 factis
1642 3563 1905 3618 declarata
1933 3571 2015 3618 est

412 3659 588 3714 divina
614 3670 668 3713 et
697 3657 1121 3727 ineXpugnabilis
1166 3655 1426 3726 potentia.
1461 3656 1633 3723 Atque
1665 3653 1765 3708 hoc
1813 3654 2005 3708 inven-

413 3759 546 3814 tum,
582 3749 724 3819 quod
751 3749 817 3803 ad
846 3746 1194 3817 decipiendos
1234 3746 1492 3816 plurimos
1532 3744 1823 3799 adhibitum
1872 3754 2007 3808 erat,

407 3851 672 3897 retortum
709 3849 793 3896 est
819 3841 872 3895 in
897 3848 1055 3909 caput
1079 3838 1294 3893 diaboli.
1323 3836 1453 3891 Nam
1477 3852 1596 3890 cum
1625 3835 1831 3890 videret
1861 3836 2009 3890 illum

410 3934 716 4001 advenisse,
740 3931 925 3987 volens
946 3931 1087 3985 illius
1109 3930 1397 3985 obscurare
1417 3928 1703 3984 adventum
1724 3943 2009 3997 veramque

409 4024 885 4096 dispensationem,
909 4023 1156 4078 submisit
1182 4023 1497 4091 deccptores
1535 4020 1754 4090 aliquot,
1788 4035 1894 4090 quo
1923 4021 2005 4074 vi-

408 4117 598 4174 delicet
627 4125 681 4172 et
704 4117 792 4171 ille
813 4131 950 4171 unus
970 4131 1037 4171 ex
1061 4129 1245 4170 eorum
1271 4129 1494 4170 numero
1514 4121 1808 4184 putaretur.
1828 4113 2006 4183 Quod-

405 4225 510 4279 que
539 4209 594 4264 in
637 4224 797 4265 cruce
842 4207 987 4275 fecit,
1031 4221 1344 4277 procurans,
1379 4214 1434 4260 ut
1459 4205 1564 4260 duo
1595 4207 1828 4260 latrones
1875 4220 1999 4260 cum

407 4303 501 4357 illo
527 4300 1004 4373 eruciﬁgcrentur:
1036 4299 1178 4355 idem
1207 4298 1332 4355 fecit
1357 4299 1410 4353 in
1442 4298 1584 4354 illius
1609 4297 1862 4363 adventu,
1885 4307 2000 4353 stn-

401 4395 542 4451 -dens
572 4396 850 4450 veritatem
883 4395 1118 4450 admixto
1146 4393 1426 4449 mendacio
1455 4392 1781 4448 obscurare:
1814 4407 2000 4447 verum

406 4500 509 4539 nec
534 4484 640 4538 illic
669 4485 963 4554 praevaluit,
994 4500 1094 4538 nec
1132 4484 1240 4552 hic,
1269 4483 1396 4554 quin
1427 4483 1658 4538 maxime
1693 4483 1797 4538 hoc
1828 4485 1999 4553 ipsum

407 4575 696 4644 potentiam
740 4576 935 4630 Christi
981 4575 1290 4631 declaravit.
1321 4575 1532 4644 Alioqui
1561 4573 1648 4628 die
1674 4574 1828 4640 mihi,
1877 4587 1996 4639 cur,

409 4681 529 4721 cum
560 4676 668 4722 tres
713 4665 910 4722 fuerint
938 4667 1178 4722 cruciﬁxi
1221 4666 1408 4722 eodem
1449 4668 1587 4730 loco,
1622 4666 1812 4721 eodem
1860 4676 1998 4721 tem-

406 4776 561 4831 pom,
586 4758 685 4813 sub
729 4758 916 4815 iisdem
959 4760 1244 4829 judicibus,
1291 4759 1365 4812 illi
1395 4759 1675 4824 sileantur,
1721 4758 1809 4814 hic
1851 4759 2000 4813 solus

405 4850 696 4905 adoretur?
736 4850 942 4906 Rursus
969 4865 1126 4921 quam
1155 4850 1224 4905 ob
1249 4865 1362 4904 rem
1393 4850 1628 4913 tandem,
1660 4865 1782 4904 cum
1817 4850 1996 4918 plures

407 4958 599 4999 novam
622 4944 832 4998 vivendi
861 4944 1124 4998 rationem
1149 4942 1477 5007 induxerint,
1506 4956 1570 4996 ac
1593 4941 1884 5010 discipulos
1906 4941 1998 4993 ha-

407 5036 638 5105 buerint,
681 5036 895 5091 illorum
933 5051 1000 5090 ne
1037 5048 1233 5090 nomen
1261 5032 1476 5103 quidem
1503 5032 1659 5087 hodie
1695 5040 1876 5087 notum
1906 5031 1992 5096 sit,

409 5129 493 5182 hic
524 5142 617 5197 per
640 5141 828 5182 omnes
854 5126 1036 5180 mundi
1064 5125 1244 5195 plagas
1267 5124 1477 5178 colatur
1493 5123 1516 5176 ?
1535 5122 1644 5176 Res
1669 5122 1810 5177 enim
1834 5121 1997 5190 potis-

409 5221 602 5274 simum
645 5219 956 5276 eluceseunt
997 5235 1063 5273 ex
1092 5217 1398 5272 collatione.
1429 5214 1626 5271 Confer
1656 5217 1754 5269 ista
1784 5213 1930 5280 mihi,
1963 5229 1996 5269 ο

407 5309 611 5374 Judaze,
643 5324 705 5363 ac
728 5309 872 5364 disce
904 5310 1143 5365 veritatis
1165 5308 1555 5364 excellentiam.
1586 5305 1714 5374 Quis
1735 5305 1996 5374 impostor

411 5410 485 5452 tot
511 5400 777 5455 Ecclesias
801 5408 910 5455 toto
933 5411 1193 5456 terrarum
1217 5399 1346 5454 orbe
1378 5397 1622 5469 paravit?
1644 5397 1774 5464 Quis
1803 5397 1870 5450 ab
1896 5411 1993 5450 ex-

411 5493 594 5546 tremis
621 5492 689 5547 ad
717 5503 957 5548 extrema
979 5492 1161 5546 mundi
1191 5492 1390 5546 cultum
1418 5506 1569 5546 suum
1593 5489 1845 5560 protulit?
1865 5489 1992 5554 Quis

412 5596 599 5637 omnes
627 5584 896 5653 subjectos
935 5584 1140 5650 habuit,
1183 5584 1340 5654 idque
1366 5599 1484 5638 cum
1509 5591 1693 5638 essent
1717 5582 1992 5638 innumera

413 5670 723 5727 obstacula?
755 5674 923 5729 Nemo
947 5690 1097 5729 sane.
1129 5677 1318 5729 Annon
1343 5675 1503 5744 igitur
1525 5673 1863 5744 perapicuum
1886 5682 1987 5740 est,

404 5754 680 5814 Christum
704 5779 808 5818 non
837 5781 954 5821 esse
981 5767 1348 5836 impostorem,
1381 5767 1473 5823 sed
1515 5769 1858 5831 salvatorem,
1890 5765 1987 5823 sed

1197 325 1252 383 S.
1293 324 1573 383 JOANNS
1611 313 2082 379 CIIRYSOSTOMI
2126 319 2438 376 AllClllEl‘.
2483 322 3017 385 CONSTANTt-Xon.

3633 323 3752 382 888

2146 435 2464 506 beneﬁcum,
2483 438 2577 494 sed
2602 452 2925 512 curatorem,
2944 445 3038 501 sed
3059 445 3350 519 principem
3373 450 3496 506 vita:
3519 464 3740 512 nostrae.

2145 525 2375 583 Proinde
2401 528 2468 584 ad
2500 529 2551 584 id
2578 531 2718 603 quod
2746 544 2864 588 erat
2905 539 3234 606 propositum
3275 542 3483 606 redibo,
3514 545 3558 600 si
3589 550 3742 616 prius

2144 633 2303 673 unam
2334 619 2510 675 adhuc
2540 623 2941 692 praedictionem
2988 627 3264 685 addidero.
3300 631 3420 687 Non
3471 639 3600 701 veni,
3646 641 3740 692 in-

2143 710 2277 802 quit,
2311 712 2506 767 mittere
2529 731 2703 784 parem
2735 733 2890 788 super
2916 729 3121 786 terram,
3150 725 3240 776 sed
3266 726 3494 795 gladium
3517 728 3738 802 (Matth.

2145 802 2233 857 10.
2263 801 2354 874 54)
2384 820 2396 856 :
2430 820 2536 858 non
2561 804 2842 863 declarans
2869 810 2992 880 quid
3025 811 3138 882 ipse
3166 829 3406 886 cuperet,
3429 801 3534 874 sed
3558 837 3741 878 rerum

2144 903 2392 948 eventum
2438 896 2750 964 praedicens.
2791 899 2918 956 Veni
2945 905 3096 971 enim,
3144 907 3334 978 inquit,
3375 928 3625 984 separare
3646 916 3746 970 lio-

2142 986 2327 1040 minem
2363 989 2605 1044 adversus
2647 1003 2841 1062 patrem
2862 1012 3033 1064 suum,
3079 1009 3127 1054 et
3167 1017 3355 1057 nurum
3380 1005 3628 1060 adversus
3649 1023 3742 1061 so-

2141 1094 2281 1131 crum
2309 1095 2473 1147 suam,
2505 1091 2553 1134 et
2577 1082 2739 1151 ﬁliam
2768 1081 3016 1138 adversus
3036 1099 3247 1145 matrem
3271 1110 3416 1148 suam
3437 1093 3543 1166 (Ib.
3562 1095 3736 1168 ωδε).

2145 1169 2298 1224 Unde
2328 1170 2443 1226 haec
2474 1174 2740 1242 praedixit,
2792 1177 2837 1232 si
2868 1179 3000 1234 nihil
3027 1180 3170 1236 aliud
3201 1194 3316 1238 erat
3358 1201 3517 1255 quam
3549 1187 3733 1253 homo,

2141 1273 2194 1318 et
2238 1279 2371 1320 unus
2401 1267 2660 1337 quispiam
2691 1284 2722 1324 e
2766 1270 2965 1342 vulgo?
3001 1273 3152 1341 Quod
3193 1287 3369 1332 autem
3397 1278 3559 1345 dicit,
3592 1279 3738 1335 hunc

2141 1355 2301 1412 habet
2349 1373 2567 1416 sensum
2596 1380 2608 1416 :
2641 1363 2893 1433 quoniam
2940 1367 3136 1434 evenit,
3168 1378 3227 1424 ut
3269 1370 3320 1424 in
3352 1373 3538 1426 eadem
3570 1373 3740 1427 domo

2140 1463 2278 1501 unus
2308 1449 2376 1503 sit
2405 1451 2595 1518 ﬁdelis,
2628 1453 2765 1508 alter
2808 1455 3038 1511 inﬁdelis
3065 1475 3076 1510 :
3111 1459 3303 1515 deinde
3333 1473 3484 1531 pater
3511 1465 3641 1518 velit
3671 1465 3736 1518 ﬁ-

2139 1539 2266 1596 lium
2317 1556 2470 1596 suum
2521 1545 2832 1614 pertrahere
2875 1548 2942 1602 ad
2990 1549 3314 1621 impietatem
3359 1572 3371 1608 :
3413 1555 3512 1610 hoc
3552 1557 3732 1626 ipsum

2139 1631 2435 1701 prtedicens
2458 1635 2530 1688 ait
2557 1636 2728 1691 :adeo
2755 1639 2931 1694 vincet
2957 1641 3226 1713 Evangelii
3259 1656 3512 1714 potestas,
3547 1659 3604 1702 ut
3634 1648 3732 1703 filii

2136 1738 2349 1795 quoque
2391 1735 2736 1783 contemnant
2768 1740 2946 1800 patres
2977 1747 3125 1802 suos,
3174 1745 3228 1790 et
3256 1738 3375 1792 ﬁlia:
3421 1750 3645 1804 matres,
3681 1749 3736 1794 et

2137 1825 2384 1882 parentes
2431 1817 2649 1875 liberos.
2681 1819 2795 1875 Non
2838 1823 3012 1878 solum
3057 1837 3232 1880 autem
3278 1830 3425 1898 prius
3455 1829 3738 1888 habebunt

2135 1903 2429 1963 familiares
2492 1919 2859 1980 contemnere,
2906 1930 3090 1970 verum
3120 1921 3280 1973 etiam
3312 1936 3459 1976 suam
3489 1925 3734 1980 animam

2133 2013 2439 2070 exponere,
2467 2013 2766 2074 cunctaque
2794 2010 3061 2064 sustinere
3090 2025 3153 2066 ac
3184 2015 3406 2082 perpeti,
3440 2032 3505 2070 ne
3551 2017 3740 2085 pieta-

2134 2101 2239 2148 tem
2261 2093 2547 2164 abnegent.
2576 2095 2731 2153 Unde
2768 2097 2884 2155 hinc
2911 2100 2998 2156 ille
3029 2109 3138 2156 tum
3180 2104 3342 2171 scire,
3373 2114 3475 2160 tum
3505 2107 3736 2165 efﬁcere

2135 2187 2327 2254 potuit,
2356 2188 2399 2242 si
2429 2188 2526 2244 fuit
2557 2189 2718 2244 homo
2745 2207 2881 2246 unus
2909 2194 3168 2263 quispiam
3200 2212 3230 2250 e
3260 2197 3448 2269 vulgo?
3469 2199 3623 2256 Unde
3652 2201 3732 2256 illi

2131 2277 2279 2332 venit
2306 2279 2358 2334 in
2403 2289 2638 2337 mentem
2666 2281 2781 2337 hmc
2808 2285 3064 2354 cogitare,
3105 2288 3247 2357 quod
3278 2291 3389 2358 ipse
3427 2291 3544 2344 ﬁliis
3571 2304 3733 2348 esset

2130 2371 2298 2440 magis
2329 2373 2654 2428 reverendus
2679 2373 2886 2430 futurus
2915 2392 3073 2446 quam
3106 2389 3303 2448 patres,
3353 2382 3488 2452 quod
3518 2399 3731 2454 paren-

2131 2458 2272 2513 tibus
2295 2460 2500 2516 dulcior
2525 2458 2894 2534 quam'liberi,
2919 2467 3063 2537 quod
3093 2469 3348 2526 uxoribus
3387 2471 3727 2529 desiderabi-

2130 2548 2232 2603 lior
2259 2565 2418 2620 quam
2465 2553 2683 2607 mariti?
2725 2553 2885 2626 idque
2937 2571 3045 2611 non
3096 2573 3198 2612 una
3242 2561 3295 2615 in
3324 2560 3498 2624 domo,
3540 2578 3731 2635 neque

2127 2640 2354 2709 duabus,
2401 2659 2575 2714 neque
2605 2645 2796 2714 tribus,
2828 2663 3001 2719 neque
3051 2649 3260 2721 decem,
3296 2669 3466 2724 neque
3504 2657 3725 2726 viginti,

2128 2749 2298 2804 neque
2321 2746 2558 2804 centum,
2587 2738 2682 2793 sed
2713 2739 2907 2810 ubique
2937 2748 3220 2811 terrarum,
3266 2745 3318 2800 in
3346 2747 3560 2802 urbibus
3584 2764 3724 2804 om-

2128 2825 2286 2882 nibus
2330 2842 2394 2883 ac
2437 2829 2767 2899 regionibus,
2820 2831 2872 2886 in
2903 2841 3066 2900 terra,
3113 2833 3165 2888 in
3197 2836 3351 2903 mari,
3382 2841 3512 2892 etin
3557 2851 3726 2909 parte

2126 2916 2310 2971 mundi
2341 2918 2573 2974 habitata
2600 2921 2756 2976 simul
2779 2930 2831 2976 et
2862 2923 3234 2980 inhabitabili?
3258 2927 3365 2982 Nec
3390 2929 3511 2984 illud
3537 2934 3724 2998 possis

2124 3007 2344 3064 dicere:
2376 3009 2512 3065 dixit
2544 3012 2758 3081 quidem
2789 3014 2911 3082 ista,
2951 3031 3138 3070 verum
3185 3017 3325 3073 haud
3355 3021 3597 3089 perduxit
3643 3023 3718 3077 ad

2123 3098 2391 3154 etlectum.
2439 3101 2759 3172 Complures
2805 3105 2961 3174 igitur
3001 3107 3054 3161 in
3102 3107 3405 3177 primordiis
3451 3111 3720 3169 Ecclesia:

2122 3198 2280 3260 atque
2305 3191 2442 3246 adeo
2469 3208 2610 3248 nunc
2637 3210 2848 3265 quoque
2877 3197 2947 3251 ob
2978 3199 3228 3266 pietatem
3274 3199 3534 3256 habentur
3557 3205 3716 3271 odio,

2123 3282 2408 3351 ejiciuntur
2430 3298 2461 3338 e
2482 3285 2716 3354 paternis
2735 3287 2962 3353 aedibus,
2993 3304 3092 3344 nec
3121 3289 3187 3344 ad
3208 3290 3489 3361 quidquam
3511 3291 3713 3348 horum

2123 3381 2482 3440 revertuntur,
2507 3374 2720 3432 abunde
2745 3391 2994 3446 magnum
3017 3380 3262 3434 solatium
3285 3395 3404 3436 esse
3426 3381 3710 3451 ducentes,

2119 3463 2259 3533 quod
2292 3463 2406 3519 haec
2435 3474 2652 3536 propter
2690 3466 2964 3522 Christum
3013 3471 3396 3540 perpetiantur.
3431 3473 3520 3527 Dic
3550 3475 3710 3542 mihi,

2117 3555 2240 3624 quis
2285 3555 2400 3612 lucc
2439 3573 2688 3628 umquam
2737 3561 2909 3629 potuit
2938 3561 3078 3616 inter
3112 3562 3395 3618 homines?
3425 3565 3517 3620 llic
3545 3567 3713 3636 igitur

2119 3647 2236 3703 lucc
2263 3649 2439 3703 omnia
2475 3649 2738 3719 prazdixit,
2770 3651 2837 3706 de
2867 3653 3092 3708 muliere
3115 3653 3226 3720 illa,
3259 3654 3326 3710 de
3355 3655 3610 3724 Ecclesia,
3631 3657 3710 3714 de

2117 3737 2258 3793 bello
2286 3737 2388 3794 hoc
2432 3755 2447 3793 :
2491 3739 2631 3795 idem
2678 3742 2921 3810 prmdixit
2945 3745 3197 3813 templum
3227 3747 3509 3812 ruiturum,
3541 3746 3704 3802 Jeru-

2115 3831 2376 3901 solymam
2408 3844 2624 3902 captum
2670 3834 2755 3900 iri,
2788 3849 3014 3906 eamque
3044 3837 3309 3893 civitatem
3343 3855 3448 3894 non
3474 3841 3706 3910 amplius

2113 3923 2229 3978 fore
2275 3925 2542 3980 civitatem
2589 3926 2916 3996 Judacorum,
2975 3939 3031 3984 ut
3079 3940 3234 3986 antea
3273 3930 3386 4003 (Id.
3437 3933 3548 4006 2t).
3593 3934 3704 3988 Ita-

2113 4030 2219 4085 que
2239 4017 2282 4071 si
2305 4016 2555 4072 mentitus
2577 4027 2662 4072 est
2678 4019 2762 4073 illa
2781 4020 2980 4082 omnia,
3003 4037 3101 4076 nec
3120 4035 3411 4078 evenerunt
3429 4041 3544 4093 qua:
3561 4041 3703 4094 pra.»

2111 4107 2265 4175 dixit,
2315 4109 2398 4164 his
2446 4109 2605 4164 ﬁdem
2635 4126 2790 4180 nega.
2823 4111 2972 4184 Quod
3003 4114 3047 4166 si
3087 4113 3234 4167 vides
3274 4115 3361 4169 illa
3402 4116 3700 4172 clarissime

2110 4202 2374 4269 evenisse,
2407 4202 2570 4271 inque
2599 4203 2713 4259 dies
2744 4204 2982 4274 singulos
3024 4219 3332 4274 augescere,
3366 4223 3537 4277 neque
3566 4209 3698 4263 infe-

2108 4307 2288 4346 rorum
2317 4301 2499 4361 portas
2525 4293 2782 4348 adversus
2808 4295 3102 4350 Ecclesiatn
3127 4297 3444 4365 prievalere;
3473 4301 3519 4354 si
3548 4301 3696 4355 vides

2091 4369 2250 4455 quod
2293 4387 2485 4440 mulier
2513 4386 2598 4440 illa
2640 4386 2786 4453 fecit,
2833 4389 3111 4457 praedicari
3141 4398 3288 4446 tanto
3312 4391 3423 4460 jam
3453 4403 3692 4464 tempore

2109 4494 2204 4550 per
2234 4479 2539 4532 universum
2585 4479 2801 4545 orbem;
2834 4479 2876 4534 si
2929 4479 3172 4534 homines
3200 4481 3292 4552 qui
3325 4483 3400 4537 illi
3441 4484 3686 4539 credide-

2105 4580 2250 4635 runt,
2279 4586 2401 4625 eum
2435 4571 2601 4640 pluris
2629 4571 2835 4627 faciunt
2859 4587 3017 4642 quam
3047 4581 3320 4644 pereuntes,
3367 4590 3528 4646 quam
3559 4592 3688 4632 uxo-

2105 4680 2212 4732 res,
2241 4680 2401 4734 quam
2432 4665 2628 4720 liberos
2655 4682 2667 4718 :
2698 4680 2816 4733 cur,
2849 4680 3053 4735 quaso,
3083 4667 3207 4722 huic
3236 4669 3328 4722 uni
3357 4669 3686 4738 pmdlctiuni

2106 4757 2263 4812 ﬁdem
2312 4773 2419 4812 non
2473 4757 2735 4812 adhibes?
2785 4761 3078 4828 praesertim
3129 4775 3251 4815 cum
3297 4776 3364 4816 ex
3407 4763 3522 4831 ipso
3560 4775 3686 4816 tem-

2106 4865 2235 4918 pore
2289 4849 2649 4904 testimonium
2703 4849 2845 4903 illius
2898 4851 3164 4904 silentium
3226 4851 3462 4921 imponat
3515 4852 3686 4922 impu-

2102 4943 2296 4997 dentia:
2326 4952 2450 4996 tum.
2481 4941 2631 5009 Quod
2661 4941 2706 4996 si
2737 4951 2856 5011 post
2901 4943 3166 4997 excidium
3197 4944 3343 4998 urbis
3372 4959 3478 4998 non
3513 4954 3684 4999 trans-

2105 5035 2271 5088 issent
2307 5032 2410 5088 nisi
2456 5033 2644 5088 decem
2675 5034 2820 5098 anni,
2851 5044 2942 5088 aut
2967 5033 3174 5104 viginti,
3206 5043 3298 5088 aut
3329 5035 3561 5104 triginta,
3599 5046 3686 5089 aut

2101 5125 2478 5196 quinquaginta
2506 5141 2520 5179 :
2552 5125 2770 5180 minime
2801 5134 2975 5178 tamen
3007 5125 3232 5180 decebat
3261 5126 3343 5182 vel
3373 5135 3482 5180 tum
3521 5128 3685 5196 impu-

2101 5217 2291 5272 denter
2334 5216 2632 5284 obsistere,
2679 5217 2889 5272 etiamsi
2936 5217 3124 5272 fuisset
3164 5218 3340 5287 aliqua
3393 5218 3681 5273 reluctandi

2102 5308 2344 5373 occasio;
2397 5309 2506 5378 jam
2535 5324 2681 5374 vero,
2710 5309 2756 5363 si
2784 5323 2888 5362 non
2939 5308 3318 5378 quinquaginta
3369 5317 3592 5374 tanutm,
3632 5318 3682 5363 et

2101 5409 2338 5466 centum,
2390 5401 2496 5454 imo
2544 5399 2625 5453 bis
2655 5414 2719 5454 ac
2749 5409 2830 5454 tcr
2857 5409 3060 5453 tantum
3089 5414 3374 5467 annorum,
3405 5401 3681 5468 multoque

2100 5491 2353 5560 amplius,
2402 5492 2656 5560 prmteriit
2686 5501 2805 5561 post
2833 5492 3102 5547 civitatem
3129 5502 3360 5561 captam,
3416 5510 3515 5549 uec
3545 5494 3675 5548 inte-

2101 5581 2200 5635 rim
2227 5582 2392 5635 ullum
2421 5583 2726 5650 vestigium,
2757 5591 2849 5636 aut
2876 5583 3062 5638 umbra
3093 5585 3336 5654 apparuit
3368 5585 3504 5653 ejus,
3525 5601 3678 5655 quam

2099 5673 2452 5741 exspectatis,
2503 5675 2810 5729 mutationis
2854 5693 2869 5729 :
2921 5689 3019 5730 Cur
3071 5676 3267 5732 frustra
3322 5677 3577 5750 nullaque
3621 5679 3679 5734 de

2100 5778 2258 5819 causa
2281 5763 2332 5817 in
2366 5764 2686 5832 impudentia
2715 5766 3071 5836 perseveras?
