3920 6372
161 437 272 495 89.7

155 554 359 611 τοῦτον
378 551 484 624 τῆς
524 549 870 616 διδασκαλίας
894 553 1187 624 εἰσήγαγον
1212 550 1306 605 τὸν
1355 550 1577 623 τρόπον.
1607 552 1762 605 Ἐπεὶ

152 634 253 691 οὖν
276 637 387 690 καὶ
407 638 544 708 ἡμῖν
565 636 700 707 πρὸς
743 636 1025 699 Ἰουδαίους
1063 636 1093 688 ό
1119 634 1293 704 λόγος,
1328 635 1454 698 τοὺς
1479 634 1763 707 ἄνθρωπον

153 720 318 793 ψιλὸν
350 717 500 775 εἶναι
532 720 853 791 νομίζοντας
906 720 999 774 τὸν
1044 718 1279 791 Χριστὸν
1321 718 1415 772 καὶ
1448 717 1764 788 παράνομόν

155 822 305 867 τινα,
329 802 431 857 διὰ
454 801 609 856 τοῦτο
628 803 723 856 καὶ
754 803 862 857 ἀπὸ
888 802 997 857 τῶν
1023 802 1150 871 παρ’
1169 802 1393 873 Ἕλλησι
1422 800 1767 872 θαυμαζομέ-

155 904 270 941 νων
303 888 691 958 ἐποιησάμεθα
722 888 821 960 τὴν
878 887 1143 953 ἐξέτασιν.
1176 887 1240 939 Εἰ
1291 885 1347 938 δὲ
1380 884 1632 954 βούλεσθε
1672 884 1765 938 καὶ

159 972 272 1027 ἀπὸ
306 970 430 1025 τῶν
458 972 587 1044 παρ’
615 972 801 1035 αὐτοῖς
837 972 997 1026 τοῦτο
1026 969 1484 1042 ἐγχειρησάντων,
1513 970 1608 1023 καὶ
1663 985 1767 1040 μα·-

158 1055 340 1126 θητάς
384 1057 829 1125 συναγαγόντων,
866 1057 964 1111 καὶ
985 1058 1065 1120 εἰς
1093 1057 1381 1127 ἄρχοντας,
1407 1054 1503 1108 καὶ
1528 1055 1609 1117 εἰς
1632 1069 1766 1124 προ-

162 1139 379 1201 στάτας
410 1139 849 1210 ἀναρρηθέντων,
903 1141 997 1194 καὶ
1027 1138 1360 1192 σϐεσθέντων
1394 1135 1617 1199 εὐθέως,
1642 1138 1766 1189 ἐπι-

159 1225 524 1295 χειρήσωμεν
544 1227 668 1288 ταῖς
692 1224 999 1290 ἀποδείξεσι
1043 1225 1291 1286 ταύταις.
1317 1221 1473 1275 Οὕτω
1498 1218 1631 1289 γοῦν
1674 1220 1768 1273 καὶ

159 1307 188 1360 ὁ
216 1306 515 1378 Γαμαλιήλ
570 1308 769 1371 αὐτοὺς
797 1308 1176 1379 ἐπεστόμισεν.
1215 1304 1435 1376 Ἐπειδὴ
1486 1305 1596 1375 γάρ
1628 1299 1768 1357 εἶδεν

159 1390 370 1453 αὐτοὺς
404 1392 794 1461 μαινομένους,
826 1395 919 1446 καὶ
958 1390 1357 1463 ἐπιθυμοῦντας
1384 1390 1444 1445 τὸ
1491 1385 1632 1462 αἷμα
1659 1389 1768 1444 τῶν

162 1472 437 1543 μαθητῶν
466 1475 701 1544 ἐκχέειν,
735 1474 1059 1545 βουλόμενος
1087 1476 1283 1539 αὐτοὺς
1335 1474 1436 1545 τῆς
1463 1472 1767 1528 άκαθέκτου

165 1556 372 1624 μανίας
415 1560 732 1626 κατασχεῖν,
761 1557 1027 1621 κελεύσας
1056 1558 1162 1624 ἔξω
1188 1558 1411 1628 ποιῆσαι
1446 1556 1617 1629 βραχὺ
1644 1558 1769 1623 τοὺς

162 1639 531 1703 ἀποστόλους,
571 1640 714 1694 οὕτω
745 1642 882 1712 πρὸς
927 1642 1127 1705 αὐτοὺς
1177 1642 1383 1711 ἔλεγεν
1436 1643 1770 1712 Προσέχετε

161 1722 405 1789 ἑαυτοῖς
435 1723 539 1776 ἐπὶ
567 1722 694 1790 τοῖς
741 1722 1075 1793 ἀνθρώποις
1127 1725 1379 1791 τούτοις,
1416 1725 1474 1777 τί
1516 1723 1771 1794 μέλλετε

161 1805 496 1873 πράσσειν.
537 1804 659 1875 Πρό
687 1805 799 1874 γὰρ
840 1809 1069 1861 τούτων
1107 1806 1227 1860 τῶν
1267 1806 1503 1877 ἡμερῶν
1542 1807 1768 1878 ἀνέστη

164 1888 429 1955 Θευδᾶς,
464 1889 662 1959 λέγων
692 1887 850 1944 εἶναι
877 1908 1011 1945 τινα
1039 1891 1278 1945 ἑαυτόνσ
1309 1891 1409 1945 καί
1440 1891 1769 1960 ἠκολούθη-

161 1987 284 2027 σαν
312 1972 486 2038 αὐτῷ
514 1973 731 2044 ἄνδρες
753 1977 1147 2041 τετρακόσιοιθ
1183 1973 1460 2038 κάκεῖνος
1473 1974 1763 2042 ἀπώλετο,

162 2055 262 2109 καί
279 2055 517 2121 πάντες
532 2056 665 2111 ὅσοι
682 2057 992 2111 ἐπείθοντο
1007 2056 1168 2126 αὐτῷ
1187 2055 1760 2124 διεσκορπίσθησαν.

163 2138 271 2193 Καὶ
294 2141 429 2208 μετ’
453 2139 693 2193 ἐκεῖνον
719 2138 947 2207 ἀνέστη
990 2139 1221 2205 Ἰούδας
1256 2141 1293 2194 ὁ
1314 2139 1660 2208 Γαλιλαῖος,
1696 2141 1765 2210 ὃς

163 2222 528 2290 ἀπέστησεν
568 2222 757 2293 ὄχλον
782 2225 1014 2277 ἱκανόνθ
1050 2221 1324 2289 κάκεῖνος
1353 2223 1637 2291 ἀπέθανε,
1666 2226 1765 2281 καί

166 2308 217 2359 οἰ
244 2306 516 2373 μαθηταί
566 2304 753 2360 αὐτοῦ
820 2304 1151 2359 ἀπώλοντο.
1204 2306 1317 2360 Καὶ
1348 2306 1422 2360 τὰ
1469 2308 1588 2362 νῦν
1610 2308 1766 2379 λέγω

169 2390 328 2459 ὑμῖν,
363 2389 701 2459 προσέχετε
735 2389 994 2456 ἑαυτοῖς,
1018 2389 1129 2456 ὅτι,
1165 2391 1275 2444 ἐὰν
1301 2384 1344 2461 ᾖ
1374 2391 1443 2456 ἐξ
1474 2390 1625 2465 [652]
1662 2394 1766 2448 ἀν·-

169 2472 415 2541 θρώπων
447 2474 520 2528 τὸ
546 2474 726 2545 ἔργον
755 2474 955 2537 τοῦτο,
994 2474 1500 2542 καταλυθήσεταιν
1535 2476 1678 2531 εἰδὲ
1696 2478 1765 2531 ἐκ

170 2559 315 2614 Θεοῦ
343 2560 554 2628 ἐστιν,
584 2562 658 2615 οὐ
700 2557 1045 2625 δυνήσεσθε
1082 2559 1421 2615 καταλῦσαι
1480 2562 1648 2629 αὐτὸ,
1680 2562 1763 2633 μή

172 2659 312 2699 ποτε
328 2644 433 2699 καὶ
465 2643 751 2714 θεομάχοι
766 2642 1064 2714 εὑρεθῆτε.
1093 2642 1265 2697 Πόθεν
1296 2640 1390 2699 οὖν
1415 2644 1575 2715 δῆλον
1593 2645 1763 2713 ἔσται,

174 2726 271 2791 ὅτι,
303 2724 456 2803 ἐὰνῇ
488 2729 548 2794 ἐξ
574 2727 896 2800 ἀνθρώπων,
924 2727 1388 2798 καταλυθήσεται;
1418 2730 1620 2798 Πεῖραν
1641 2728 1765 2784 ἐλά-

175 2809 315 2875 ϐετε,
350 2813 545 2882 φησὶν,
582 2811 691 2865 ἀπὸ
735 2811 906 2866 Ἰούδα
932 2810 1029 2865 καὶ
1057 2810 1250 2865 Θευδᾶ.
1286 2811 1450 2864 ’Ὥστε
1489 2812 1583 2865 καὶ
1613 2807 1767 2877 οὗτος

173 2894 202 2945 ὁ
229 2895 641 2967 κηρυττόμενος
695 2894 801 2948 ὑπὸ
841 2894 1068 2960 τούτων,
1114 2895 1165 2947 εἰ
1210 2894 1452 2959 τοιοῦτός
1487 2898 1635 2950 ἐστιν
1663 2891 1766 2951 οἷοι

173 2975 388 3042 ἐκεῖνοι,
416 2978 520 3032 καὶ
560 2976 635 3050 μὴ
688 2975 805 3048 θείᾳ
836 2977 1064 3047 δυνάμει
1095 2977 1274 3031 πάντα
1323 2976 1638 3048 ἐργάζεται,
1678 2997 1766 3049 μι-

176 3060 301 3131 κρὸν
328 3059 683 3131 ἀναμείνατε,
707 3061 804 3114 καὶ
831 3059 968 3132 αὐτὴ
996 3059 1107 3114 τῶν
1136 3061 1476 3132 πραγμάτων
1500 3062 1642 3131 ὑμᾶς
1677 3078 1767 3113 πι-

177 3143 438 3199 στώσεται
469 3146 507 3214 ἡ
529 3143 773 3209 ἔκϐασις,
803 3144 898 3198 καὶ
926 3143 1016 3197 διὰ
1039 3143 1134 3197 τοῦ
1167 3143 1357 3208 τέλους
1383 3156 1410 3185 ι
1445 3144 1657 3198 εἴσεσθε
1680 3163 1768 3200 σα-

177 3228 309 3298 φῶς,
332 3230 444 3283 εἴτε
465 3227 756 3299 ἄνθρωπός
779 3230 897 3282 ἐστι
927 3228 1146 3293 πλάνος,
1170 3228 1245 3291 ὡς
1272 3229 1430 3298 φατὲ,
1477 3230 1571 3283 καί
1600 3228 1768 3303 παρά⁴

177 3327 353 3383 νομος,
388 3312 509 3367 εῐτε
529 3312 661 3376 Θεὸς
692 3314 721 3366 ό
755 3312 933 3367 πάντα
961 3312 1305 3384 συγκρατῶν,
1340 3314 1436 3368 καὶ
1461 3315 1767 3388 ἀπορρήτῳ

177 3393 396 3467 δυνάμει
424 3396 502 3451 τὰ
533 3396 655 3451 καθ’
681 3394 829 3467 ἡμᾶς
848 3395 1149 3466 οἰκονομῶν
1170 3396 1493 3467 πράγματα’
1523 3397 1658 3470 ὅπερ
1674 3396 1766 3454 οὖν

181 3480 269 3533 καὶ
296 3482 540 3549 ἐγένετο.
582 3481 918 3550 Ἀνέμειναν,
958 3479 1051 3535 καὶ
1073 3479 1142 3536 δι’
1169 3481 1351 3535 αὐτῶν
1374 3482 1482 3535 τῶν
1511 3499 1657 3553 πραγ
1666 3483 1769 3554 μά-

181 3578 282 3618 των
314 3564 623 3638 ἐδηλοῦτοή
647 3565 765 3619 θεία
790 3565 887 3620 καὶ
935 3564 1144 3637 ἄμαχος
1168 3563 1419 3636 δύναμις,
1465 3565 1560 3620 καὶ
1584 3567 1646 3620 τὸ
1681 3568 1769 3620 σόο

183 3652 353 3717 φισμα
370 3648 538 3703 τοῦτο
565 3650 661 3702 καὶ
686 3648 821 3720 πρὸς
841 3648 1056 3720 ἀπάτην
1082 3647 1190 3701 τῶν
1215 3646 1428 3702 πολλῶν
1455 3649 1767 3721 γενόμενον,

186 3729 260 3792 εἰς
287 3730 384 3802 τὴν
411 3730 514 3785 τοῦ
552 3731 801 3786 διαϐόλου
827 3730 1217 3803 περιετρέπετο
1245 3731 1507 3803 κεφαλήν.
1553 3732 1767 3806 Ἐπειδὴ

185 3809 287 3883 γὰρ
312 3810 451 3869 εἶδεν
474 3813 641 3869 αὐτὸν
669 3815 1137 3887 παραγενόμενον,
1188 3813 1511 3886 βουλόμενος
1546 3818 1770 3871 συσκιά-

190 3907 273 3946 σαι
308 3895 477 3952 αὐτοῦ
500 3896 598 3971 τὴν
624 3895 930 3968 παρουσίαν
958 3897 1053 3951 καί⁸
1102 3897 1203 3969 τὴν
1224 3897 1398 3970 άληθῆ
1437 3900 1767 3972 οἰκονομίαν,

188 3977 503 4050 εἰσήνεγκεν
544 3978 870 4045 ἀπατεῶνάς
895 3998 1084 4049 τινας,
1116 3979 1212 4045 οὒς
1267 3982 1625 4055 προείπομεν,
1684 3985 1770 4039 ῖνα

189 4061 278 4115 καὶ
297 4057 451 4130 οὗτος
477 4059 561 4128 εἷς
584 4064 813 4121 ἐκείνων
838 4064 1135 4137 νομίζηται
1168 4061 1328 4123 εἶναι.
1358 4066 1473 4120 Καὶ
1496 4068 1634 4140 ὅπερ
1675 4069 1771 4124 ἐπὶ

187 4140 275 4198 τοῦ
303 4146 543 4221 σταυροῦ
568 4148 965 4221 πεποίηκε,δύο
986 4150 1410 4222 παρασκευάσας
1429 4149 1630 4224 λῃστὰς
1651 4151 1771 4223 μετ’

190 4225 347 4283 αὑτοῦ
392 4230 800 4303 σταυρωθῆναι,
856 4230 1019 4285 τοῦτο
1067 4231 1163 4285 καὶ
1206 4232 1301 4287 ἐπὶ
1340 4233 1442 4304 τῆς
1469 4234 1770 4306 παρουσίας

192 4310 499 4381 εἰργάσατο,
524 4316 592 4385 τῇ
640 4314 941 4384 παραθέσει
979 4311 1071 4367 τοῦ
1107 4313 1335 4383 ψεύδους
1362 4315 1464 4387 τὴν
1510 4316 1770 4389 ἀλήθειαν

195 4396 476 4450 συσκιάσαι
508 4396 774 4451 σπεύδων·
804 4397 923 4452 ἀλλ’
954 4397 1076 4450 ούδέ
1109 4398 1229 4451 ἐκεῖ
1277 4416 1330 4451 τι
1362 4399 1598 4471 ῐσχυσεν,
1647 4402 1771 4456 οὐδὲ

194 4474 444 4547 ἐνταῦθα,
501 4481 614 4536 ἀλλ’
643 4480 777 4535 αὐτὸ
804 4481 869 4552 δὴ
913 4480 1073 4535 τοῦτο
1106 4480 1346 4552 μάλιστα
1400 4483 1505 4555 τὴν,
1542 4483 1781 4556 δύναμιν.

193 4556 350 4629 ἔδειξε
366 4565 460 4619 τοῦ
496 4563 755 4637 Χριστοῦ.
794 4564 895 4619 Διὰ
920 4566 974 4619 τί
1000 4565 1129 4638 γὰρ,
1159 4567 1281 4620 εἰπέ
1333 4583 1446 4638 μοι,
1488 4568 1656 4641 τριῶν
1678 4569 1775 4625 δνέ

191 4656 293 4697 των
314 4647 419 4703 τῶν
449 4650 893 4720 σταυρωθέντων,
910 4651 969 4704 ἐν
988 4650 1067 4722 τῷ
1093 4649 1242 4723 αὐτῷ
1256 4651 1497 4723 τόπῳ,ἐν
1521 4654 1599 4725 τῷ
1622 4654 1772 4727 αὐτῷ

195 4729 383 4800 καιρῷ,
412 4732 518 4785 ὑπὸ
542 4732 650 4786 τῶν
693 4732 871 4787 αὐτῶν
909 4733 1199 4801 δικαστῶν,
1265 4736 1464 4790 ἐκεῖνοι
1496 4736 1593 4808 μὲν
1626 4728 1771 4792 σεσίὲ

197 4822 400 4882 γηνται,
431 4811 582 4880 οὗτος
605 4816 663 4870 δὲ
701 4818 860 4888 μόνος
885 4820 1305 4890 προσκυνεῖται;
1362 4819 1551 4886 Πάλιν,
1594 4821 1649 4875 τί
1679 4822 1773 4894 δή·

198 4909 319 4976 ποτε
343 4898 548 4955 πολλῶν
572 4901 975 4970 εἰσαγαγόντων
1007 4901 1282 4957 πολιτείαν
1306 4904 1498 4976 καινὴν
1526 4904 1622 4961 καί
1667 4923 1771 4973 μα-

198 4971 358 5062 θητὰς
385 4982 714 5054 ἐσχηκότων,
748 4983 974 5039 ἐκείνων
1015 4985 1113 5056 μὲν
1145 4986 1267 5039 οὐδὲ
1320 4971 1556 5059 τοῦνομα
1609 4971 1770 5062 μέχρι

198 5059 423 5132 τήμερόν
455 5069 573 5121 ἐστι
612 5067 914 5140 γνώριμον,
956 5062 1114 5133 οὗτος
1143 5069 1199 5122 δέ
1246 5071 1523 5141 πανταχοῦ
1562 5059 1772 5145 τῆςτοί-

198 5147 459 5219 κουμένης
512 5150 930 5222 θεραπεύεται;
993 5152 1076 5205 Τὰ
1142 5152 1253 5224 γάρ
1309 5154 1615 5225 πράγματα
1662 5156 1772 5210 ἀπὸ

200 5229 526 5307 συγκρίσεως
548 5234 779 5305 μάλιστα
813 5235 1115 5304 φαίνονται.
1164 5236 1463 5307 Σύγκρινον
1486 5239 1686 5306 τοίνυν,
1725 5232 1771 5293 ὦ

212 5302 418 5395 Ὶςουδαῖε
446 5316 496 5381 ιι,
527 5302 623 5371 δέει),
654 5317 792 5386 μάθε
822 5302 920 5388 τῆς
943 5317 1200 5387 ἀληθείας
1226 5302 1330 5389 τὴν
1349 5320 1643 5390 ὑπεροχήν.
1671 5302 1770 5383 Τίς

203 5389 387 5476 πλάνος
424 5402 688 5462 τοσαύτας
726 5401 1004 5472 πανταχοῦ
1037 5400 1137 5470 τῆς
1174 5389 1498 5474 οἰκουμένης
1526 5389 1771 5476 Ἒκκλη-

205 5468 314 5559 σίας
338 5478 617 5552 ἐκτήσατο,
665 5486 761 5538 καὶ
790 5468 1185 5558 άπὸ-περάτων
1211 5486 1310 5556 τῆς
1330 5468 1666 5559 οἰκουμένης
1687 5468 1769 5555 είς

210 5553 407 5625 κέρατα
432 5567 531 5637 τήν
567 5586 627 5623 τε
659 5569 824 5624 αὐτοῦ
847 5553 1142 5646 θεραπείαν
1167 5553 1418 5639 ἐξέτεινε,
1447 5553 1540 5624 καὶ
1560 5553 1770 5637 πάντας

261 5695 398 5791 ςἰἳιὶἱίἱ
410 5706 489 5791 καὶ
505 5709 596 5772 πρὸ
615 5707 701 5757 τοῦ
721 5711 900 5788 τέλους-

422 5756 662 5839 σιξγκρινον
679 5772 832 5839 τοίνυν
853 5756 1109 5831 τοῦτον,ὦ.
1125 5772 1261 5839 Unus
1281 5773 1526 5839 σύγ-κρινῶ
1551 5794 1631 5839 μοι
1651 5776 1770 5827 ταῦ-

206 5815 655 5940 natanata}:
689 5815 826 5884 Κείιέ
839 5815 1157 5897 ῥόέιιὲιίιὲἰιῖ
1171 5815 1770 5893 ῖέἔιῖόιίἑὶῧὶἶέὧῖἱιὲἓὲι

1445 430 1817 491 ADVERSUS
1852 430 2159 491 J‘UDEOS.
2199 434 2264 490 VI.

3353 433 3462 491 δυο

1873 552 2287 617 ὑποκύπτοντας
2314 549 2459 622 έσχεο,
2491 549 2779 604 καὶταῦτα
2803 548 3013 621 μυρίων
3041 547 3209 602 ὄντων
3229 546 3461 604 τῶνκω·

1870 637 2138 702 λυόντων;
2170 638 2284 692 θύκ
2308 636 2458 690 ἔστιν
2490 635 2686 699 οὐδείς.
2715 633 2926 688 Οὐκοῦν
2957 633 3133 705 δῆλον,
3164 633 3247 686 ὅτι
3276 635 3306 686 ό
3329 633 3463 703 Χρι-

1873 720 1997 786 στός
2032 719 2155 793 ούχί
2193 719 2396 785 πλάνος
2426 716 2514 791 ἦν,
2571 719 2706 774 άλλά
2740 719 2944 789 σωτὴρ,
2994 719 3086 772 καὶ
3138 716 3457 787 εὐεργέτης,

1871 805 1966 859 καὶ
1994 803 2268 883 κηδεμὼν,
2301 805 2395 858 καὶ
2431 803 2742 875 προστάτης
2768 802 2866 873 τῆς
2883 801 3029 873 ζωῆς
3043 800 3142 872 τῆς
3158 800 3464 872 ἡμετέρας,

1871 889 2019 944 Μίαν
2049 887 2129 941 ἔτι
2176 889 2481 960 πρόρρησιν
2540 885 2821 959 προσθεὶς,
2852 885 2945 937 ἐπὶ
2989 884 3059 937 τδ
3099 883 3471 954 προκείμενον

1876 972 2184 1044 βαδιοῦμαι.
2221 974 2343 1026 Οὐκ
2371 967 2561 1043 ἦλθον
2579 968 2801 1035 βαλεῖν
2830 967 3103 1036 εἰρήνην,
3142 966 3326 1038 φησὶν,
3361 964 3465 1019 ἐπι

1872 1055 1989 1124 τὴν
2010 1053 2144 1126 γῆν,
2176 1054 2339 1109 ἀλλὰ
2365 1054 2684 1123 μάχαιραν·
2722 1052 2784 1105 ού
2814 1052 2914 1121 τὴν
2946 1051 3173 1121 γνώμην
3209 1050 3308 1120 τὴν
3331 1050 3459 1108 ἐαυη

1871 1136 1968 1193 τοῦ
1992 1137 2187 1206 λέγων,
2236 1136 2370 1191 ἀλλὰ
2396 1137 2458 1190 τὺ
2489 1136 2643 1200 τέλος
2667 1135 2776 1189 τῶν
2802 1134 3167 1188 ἐκϐαινόντων
3199 1132 3461 1209 πραγμάπ

1871 1238 2001 1275 των.
2027 1216 2257 1275 τΗλϐον
2286 1219 2396 1290 γὰρ
2432 1218 2697 1289 διχάσαι,
2722 1218 2908 1289 φησὶν,
2964 1216 3281 1287 ἄνθρωπον
3308 1214 3463 1271 κατὰ

1873 1304 1980 1359 τοῦ
2012 1303 2237 1371 πατρὸς
2273 1302 2479 1366 αὐτοῦ,
2515 1302 2611 1356 καὶ
2640 1303 2886 1371 νύμφην
2916 1299 3066 1354 κατὰ
3117 1298 3228 1368 τῆς
3249 1300 3461 1351 πενθε-

1865 1384 1984 1455 ρᾶς
2016 1385 2227 1453 αὐτῆς,
2250 1385 2349 1439 καί
2380 1385 2673 1455 θυγατέρα
2695 1390 2844 1440 κατά
2873 1383 2985 1453 τῆς
2999 1382 3227 1453 μητρὸς
3248 1379 3458 1451 αὐτῆς.

1877 1469 2047 1523 Πόθεν
2075 1468 2248 1524 ταῦτα
2281 1472 2563 1542 προεῖπεν,
2588 1468 2711 1523 εἰπέ
2744 1486 2853 1539 μοι,
2886 1469 2939 1521 εί
2962 1484 3025 1536 γε
3064 1466 3217 1537 ψιλὸς
3253 1465 3463 1537 ἄνθρωπ

1877 1572 1976 1618 πος
1997 1544 2065 1625 ἦν
2103 1554 2196 1608 καί
2237 1553 2346 1607 τῶν
2395 1552 2605 1606 πολλῶν
2636 1548 2748 1618 εἷς;
2803 1554 2868 1606 Ὃ
2906 1550 3014 1622 γάρ
3051 1549 3200 1620 λέγει
3224 1548 3462 1603 τοιοῦτόν

1878 1639 2044 1690 ἐστιν’
2086 1635 2303 1707 Ἐπειδὴ
2320 1635 2633 1690 συνέϐαινεν
2659 1637 2718 1689 ἐν
2750 1634 2897 1706 οἰκίᾳ
2937 1635 3036 1706 μιᾷ
3067 1633 3158 1688 τὸν
3188 1632 3285 1704 μὲν
3323 1628 3463 1689 εἶναι

1878 1721 2088 1787 πιστὸν,
2119 1720 2210 1774 τὸν
2261 1720 2318 1776 δὲ
2355 1721 2600 1783 ἄπιστον,
2642 1715 2762 1773 εἶτα
2802 1719 2895 1772 τὸν
2932 1718 3149 1790 πατέρα
3178 1715 3463 1787 βούλεσθαι

1876 1805 2055 1861 ἕλκειν
2085 1808 2176 1859 ἐπὶ
2202 1806 2304 1878 τὴν
2344 1805 2600 1860 ἀσέϐειαν
2638 1804 2729 1858 τὸν
2757 1804 2872 1858 υίὺν
2909 1802 3003 1856 τὸν
3044 1800 3259 1867 ἐαυτοῦ,
3304 1799 3487 1862 τοῦτο,

1875 1889 2009 1943 αὐτὸ
2043 1888 2345 1960 προλέγων,
2381 1888 2566 1957 φησίν·
2603 1888 2745 1942 οὕτω
2782 1887 3045 1959 κρατήσει
3063 1884 3157 1938 τοῦ
3180 1884 3465 1956 κηρύγμα-

1872 1990 1965 2036 τος
1991 1974 2024 2044 ἡ
2052 1972 2282 2043 δύναμις
2310 1972 2387 2035 ὡς
2415 1972 2509 2026 καὶ
2540 1972 2794 2043 πατέρων
2817 1971 3011 2033 παῖδας
3034 1969 3331 2040 ὑπερορᾷν,
3368 1970 3472 2027 καὶ

1875 2056 2128 2128 μητέρων
2154 2055 2476 2127 θυγατέρας,
2517 2057 2614 2110 καὶ
2658 2058 2836 2125 γονεῖς
2859 2054 3085 2109 παίδων.
3136 2054 3481 2124 Αίρὴσονταιη

1871 2140 1981 2211 γὰρ
2008 2140 2128 2211 ούχί
2148 2139 2257 2193 τῶν
2286 2140 2505 2193 οἰκείων
2554 2141 2918 2210 καταφρονεῖν
2961 2137 3145 2208 μόνον,
3202 2136 3341 2190 ἀλλὰ
3369 2138 3465 2192 καὶ

1871 2224 1970 2295 τὴν
1989 2223 2167 2295 ψυχὴν
2187 2222 2464 2278 ἐπιδοῦναι
2482 2223 2579 2292 τὴν
2618 2222 2848 2288 ἑαυτῶν,
2891 2221 2986 2275 καὶ
3015 2222 3193 2274 πάντα
3235 2221 3471 2290 ὑπομεῖ-.

1871 2324 1960 2363 ναι
1993 2308 2086 2362 καὶ
2113 2306 2327 2375 παθεῖν,
2347 2307 2490 2361 ὥστε
2523 2308 2597 2379 μὴ
2617 2305 2961 2379 ἀρνήσασθαι
2996 2304 3147 2378 [655]
3173 2303 3271 2375 τὴν
3308 2303 3467 2363 εὐσέέ

1873 2391 2050 2447 ϐειαν.
2086 2391 2260 2446 Πόθεν
2321 2391 2500 2463 τούτῳ
2553 2390 2728 2445 ταῦτα
2764 2390 2858 2443 καί
2905 2389 3106 2444 εἰδέναι
3160 2389 3257 2443 καίΙ
3290 2404 3465 2463 κατα-ε

1875 2475 2140 2529 σκευάσαι
2171 2473 2414 2537 δυνατὸν,
2451 2473 2507 2528 εί
2528 2490 2594 2544 γε
2650 2472 2937 2548 ἄνθρωπος
2988 2467 3058 2542 ἦν
3080 2465 3161 2534 είς
3184 2470 3295 2524 τῶν
3334 2471 3470 2524 πολ-ι

1873 2557 2015 2625 λῶν;
2047 2558 2210 2613 πόθεν
2241 2557 2475 2628 ἐπῆλθεν
2524 2555 2675 2627 αὐτῷ
2698 2555 3018 2628 λογίσασθαι
3045 2554 3226 2618 τοῦτο,
3259 2555 3342 2608 ὅτι
3370 2556 3467 2610 καὶ

1874 2642 2128 2714 πατέρων
2162 2641 2317 2696 ἐσται
2347 2642 2536 2695 παισὶν
2584 2639 3033 2711 αἰδεσιμώτερος,
3077 2639 3172 2695 καὶ
3225 2639 3466 2709 πατράσι

1875 2728 2079 2781 παίδων
2096 2727 2450 2798 γλυκύτερος,
2502 2725 2595 2779 καὶ
2623 2725 2871 2794 γυναιξὶν
2892 2723 3107 2794 ἀνδρῶν,
3152 2724 3472 2781 ποθεινότεα

1876 2827 2002 2882 ρος;
2032 2812 2143 2864 Καὶ
2168 2810 2341 2866 ταῦτα
2365 2811 2467 2864 οὐκ
2495 2811 2552 2863 ἐν
2591 2810 2693 2880 μιᾷ
2743 2808 2882 2882 μόνῃ
2913 2808 3084 2879 οἰκίᾳ,
3112 2806 3234 2861 οὐδὲ
3264 2811 3321 2867 ἐν
3347 2807 3467 2861 δυσί

1875 2896 1970 2948 καὶ
1988 2894 2156 2966 τρισὶ,
2172 2895 2267 2949 καὶ
2291 2894 2449 2961 δέκα,
2477 2894 2571 2947 καὶ
2597 2894 2790 2958 είκοσι,
2809 2894 2904 2946 καὶ
2931 2891 3144 2957 ἑκατὸν,
3175 2890 3313 2945 ἀλλὰ
3326 2910 3467 2944 παν-

1871 2976 2041 3049 ταχοῦ
2073 2979 2172 3049 τῆς
2196 2978 2554 3048 οἰκουμένης.
2592 2978 2650 3029 ἐν
2679 2975 2903 3030 πόλεσιν
2930 2975 3172 3038 ἀπάσαις
3223 2975 3318 3035 καὶ
3359 2973 3469 3045 χὼ-

1878 3080 2019 3135 ραις,
2046 3064 2105 3117 ἐν
2130 3065 2199 3134 γῇ
2231 3064 2327 3116 καὶ
2350 3061 2616 3133 θαλάσσῃ,
2645 3060 2739 3113 καὶ
2757 3060 3053 3130 οἰκουμένῃ
3079 3059 3174 3112 καὶ
3202 3060 3468 3129 ἀοικήτων

1873 3146 1985 3201 Καὶ
2008 3147 2109 3200 οὐκ
2135 3146 2280 3199 ἐστιν
2332 3147 2528 3211 εἰπεῖν,
2562 3145 2645 3198 ὅτι
2688 3140 2809 3198 εἷπε
2851 3145 2951 3215 μὲν
2979 3143 3173 3207 ταῦτα,
3238 3142 3338 3195 οῦκ
3367 3144 3473 3199 ἐπι

1874 3232 2052 3303 ήγαγε
2082 3231 2138 3284 δὲ
2165 3230 2228 3284 τὸ
2258 3229 2430 3293 τέλος.
2457 3228 2650 3283 Πολλοί
2674 3227 2806 3297 γοῦν
2832 3231 2891 3283 ἐν
2927 3228 3235 3299 προοιμίοις
3265 3228 3361 3280 καὶ
3405 3228 3475 3279 ἐνμ

1873 3316 2039 3388 ἀρχῇ,
2073 3315 2270 3387 μᾶλλον
2301 3314 2361 3368 δὲ
2393 3313 2474 3369 ἔτι
2512 3315 2608 3368 καὶ
2634 3313 2751 3379 νῦν,
2781 3312 2872 3367 διά
2898 3313 2999 3385 τὴν
3055 3311 3342 3365 εὐσέϐειαν
3377 3328 3467 3381 μι-

1876 3399 2116 3462 σοῦνται,
2146 3398 2501 3453 ἐκϐάλλονται
2535 3397 2646 3451 τῶν
2671 3396 2858 3451 οἰκιῶν
2884 3395 2993 3450 τῶν
3027 3393 3319 3465 πατρῴων,
3371 3393 3467 3446 καὶ

1875 3482 2014 3554 πρὸς
2043 3481 2196 3536 οὐδὲν
2239 3480 2657 3554 ἐπιστρέφονται
2695 3479 2925 3544 τούτων,
2989 3477 3181 3549 ἱκανὴν
3211 3494 3466 3548 παραμυ-

1876 3565 1997 3621 θίαν
2028 3565 2244 3637 ἐχοντες
2271 3565 2333 3619 τὸ
2360 3565 2448 3619 διὰ
2478 3563 2573 3619 τὸν
2602 3563 2838 3636 Χριστὸν
2879 3563 3052 3617 ταῦτα
3085 3562 3341 3632 πάσχειν.
3369 3560 3468 3623 Τίς

1874 3650 2049 3705 ταῦτα
2089 3652 2278 3722 ἴσχυσέ
2326 3667 2460 3704 ποτε
2511 3651 2569 3704 ἐν
2598 3649 2941 3722 άνθρώποιςς
2966 3647 3087 3701 εἰπέ
3116 3664 3228 3718 μοι.
3300 3639 3468 3707 Οὗτος

1874 3737 2055 3792 τοίνυν
2078 3739 2107 3790 ὁ
2133 3736 2306 3790 ταῦτα
2336 3738 2552 3791 ἅπαντα
2583 3735 2885 3807 προειπὼν,
2905 3734 2981 3787 ,τὰ
3001 3733 3131 3803 περὶ
3156 3731 3257 3802 τῆς
3279 3746 3469 3799 γυναι-

1877 3821 1972 3885 κὸς
1999 3821 2233 3891 ἐκείνης,
2251 3820 2466 3891 τάπερί
2493 3821 2592 3890 τῆς
2626 3817 2973 3888 Ἐκκλησίας,
3000 3818 3071 3870 τὰ
3099 3815 3227 3888 περὶ
3254 3813 3345 3868 τοῦ
3372 3831 3472 3866 ποι-

1876 3904 2043 3976 λέμου
2074 3905 2289 3959 τούτου’
2325 3899 2478 3968 οὗτος
2502 3906 2784 3975 προεῖπεν,
2825 3902 2908 3954 ὅτι
2941 3900 3036 3953 καὶ
3062 3901 3089 3951 ὁ
3118 3898 3242 3961 ναὸς
3278 3900 3465 3951 πεσεί-·

1876 4007 1991 4052 ται,
2019 3992 2114 4044 καὶ
2145 3988 2216 4043 τὰ
2258 3988 2610 4059 Ἰεροσόλυμα
2666 3984 2952 4049 ἁλώσεται,
3015 3983 3108 4037 καὶ
3140 3983 3322 4036 οὐκέτι
3358 3981 3467 4034 τῶν

1891 4072 2160 4127 Ἰουδαίων
2188 4071 2343 4125 ἔσται
2379 4072 2534 4135 πόλις
2561 4073 2594 4140 ή
2627 4070 2799 4133 πόλις,
2851 4067 3102 4137 καθάπερ
3130 4067 3226 4119 καὶ
3264 4061 3467 4135 πρότε-

1880 4171 1990 4226 ρον.
2026 4155 2091 4209 Εἰ
2116 4154 2215 4225 μὲν
2244 4150 2338 4209 οὖν
2371 4153 2641 4224 ἐψεύσατο
2670 4153 2847 4206 πάντα
2866 4144 3070 4214 ἐκεῖνα,
3087 4147 3273 4217 καὶμὴ
3304 4146 3466 4200 ἔλαϐε

1877 4237 2048 4304 τέλος,
2103 4237 2324 4291 ἀπίστει
2374 4238 2467 4291 καὶ
2492 4236 2723 4298 τούτοις·
2758 4237 2808 4287 εἰ
2852 4232 2909 4286 δέ
2940 4233 3071 4303 ὁρᾷς
3101 4232 3285 4284 ἐκεῖνα
3321 4230 3486 4300 λάμ-.

1879 4338 2050 4375 ποντα
2082 4319 2191 4376 άπὸ
2213 4320 2311 4390 τῆς
2344 4318 2645 4382 ἐκϐάσεως.
2675 4317 2769 4370 καὶ
2803 4315 2926 4370 καθ’
2965 4313 3205 4385 ἐκάστην
3255 4313 3481 4384 ἡμέραν¹

1879 4403 2247 4474 αὐξανόμενα,
2275 4402 2503 4456 καὶούδὲ
2526 4402 2624 4473 τῆς
2638 4399 2963 4472 Ἐκκλησίας
2986 4398 3150 4453 πύλαι
3183 4399 3309 4470 ᾅδου
3336 4416 3468 4457 κατέ

1883 4488 2127 4558 ίσχυσαν,
2149 4486 2244 4539 καὶ
2267 4485 2405 4556 ὅπερ
2437 4495 2459 4524 °
2489 4484 2748 4554 ἐποίησεν
2767 4486 2800 4553 ἡ
2820 4484 2958 4555 γυνὴ
2986 4483 3229 4538 λαλεῖται
3264 4499 3468 4537 παντα-

1879 4570 1976 4642 χοῦ
2003 4570 2103 4641 τῆς
2131 4568 2453 4640 οἰκουμένης
2507 4566 2649 4638 μετὰ
2684 4566 2875 4638 χρόνον
2902 4567 3179 4635 τοσοῦτον,
3203 4567 3252 4620 οί
3284 4566 3342 4620 δὲ
3370 4567 3467 4620 ἄν·

1880 4654 2089 4727 θρωποι
2120 4655 2170 4707 οἰ
2225 4652 2615 4716 πιστεύσαντες
2657 4652 2806 4724 αὐτῷ
2855 4653 2950 4706 καὶ
2986 4653 3240 4723 πατέρων
3287 4650 3466 4706 αὐτῶν

1880 4741 1976 4794 καὶ
2004 4737 2279 4809 γυναικῶν
2327 4737 2422 4791 καὶ
2453 4737 2659 4792 τέκνων
2692 4735 2856 4790 αὑτὸν
2893 4737 3290 4809 προετίμησαν·
3320 4736 3466 4796 τίνος

1879 4823 2068 4879 ἕνεκεν
2095 4822 2266 4892 ταύτῃ
2303 4821 2440 4893 μόνῃ
2468 4823 2533 4893 τῇ
2562 4822 2863 4893 προρρήσει
2889 4822 3159 4885 ἀπιστεῖς,
3196 4819 3317 4871 εἰπέ
3350 4836 3464 4888 μοι,

1879 4906 1975 4967 καὶ
2001 4904 2176 4960 ταῦτα
2198 4905 2297 4975 τῆς
2325 4904 2434 4958 άπὸ
2469 4904 2564 4958 τοῦ
2599 4904 2793 4975 χρόνου
2846 4903 3153 4975 μαρτυρίας
3180 4904 3468 4970 ἐπιστομι-

1878 4988 2077 5061 ζούσης
2123 5004 2217 5049 σου
2241 4989 2342 5060 τὴν
2364 4988 2778 5058 ἀναισχυντίαν;
2835 4988 2899 5042 Εἰ
2948 4987 3046 5057 μὲν
3074 4981 3166 5040 οὖν
3199 4986 3336 5056 μετὰ
3367 4986 3466 5054 τὴν

1878 5074 2080 5130 ἅλωσιν
2100 5073 2234 5127 δέκα
2270 5072 2429 5145 μόνον
2458 5071 2552 5143 ἔτη
2573 5068 2663 5143 ἦν,
2705 5072 2737 5143 ἢ
2765 5071 2960 5136 εἴκοσι,
3016 5071 3048 5142 ἢ
3079 5070 3394 5143 τριάκοντα,
3430 5070 3462 5140 ἢ

1878 5158 2240 5229 πεντήκοντα,
2298 5156 2532 5226 μάλιστα
2588 5156 2687 5228 μὲν
2719 5154 2841 5211 οὐδὲ
2889 5154 3062 5218 οὕτως
3090 5154 3258 5225 ἐχρῆν
3312 5154 3466 5207 ἀναι-

1878 5242 2145 5318 σχυντεῖν,
2176 5240 2316 5312 πλὴν
2352 5238 2468 5294 ἀλλ’
2490 5238 2640 5310 ὅμως
2684 5237 3039 5293 ύπελέλειπτό
3064 5253 3149 5301 τις
3168 5239 3282 5299 τοῖς
3313 5234 3481 5304 φιλο-.

1876 5326 2078 5377 νεικεῖν
2106 5322 2452 5393 βουλομένοις
2475 5322 2773 5393 πρόφασις·
2801 5325 2851 5376 εἰ
2886 5322 2944 5383 δὲ
2976 5321 3097 5391 οὐχὶ
3123 5320 3475 5388 πεντήκοντα,

1879 5407 2062 5477 μόνον,
2090 5405 2226 5461 ἀλλά
2255 5406 2349 5459 καὶ
2396 5406 2625 5471 ἑκατὸν,
2667 5407 2761 5460 καί
2792 5405 2874 5467 δὶς
2907 5404 3164 5468 τοσαῦτα,
3200 5404 3294 5458 καί
3321 5403 3465 5472 τρὶς,

1876 5491 1971 5543 καὶ
1996 5489 2177 5561 πολλῷ
2212 5489 2434 5543 πλείονα
2487 5488 2765 5561 παρῆλοον
2805 5489 2898 5559 ἐτη
2930 5488 3070 5560 μετὰ
3106 5487 3204 5560 τὴν
3236 5486 3477 5554 ἅλωσιν,

1876 5574 1971 5643 καὶ
2002 5573 2122 5627 οὐδὲ
2160 5574 2305 5642 ἴχνος
2352 5573 2474 5627 οὑδέ
2508 5574 2638 5630 σκιά
2690 5591 2776 5637 τις
2810 5574 2983 5643 ἐφάνη
3034 5573 3165 5626 ποτέ
3194 5571 3297 5642 τῆς
3331 5569 3462 5645 παρ’

1876 5655 2029 5727 ὑμῶν
2059 5657 2517 5729 προσδοκωμένης
2550 5656 2874 5728 μεταϐολῆς,
2921 5656 3069 5719 τίνος
3117 5655 3307 5715 ἐνεκεν,
3337 5656 3475 5732 εἰκῇ,

1876 5741 1970 5794 καὶ
1996 5740 2177 5813 μάτην
2203 5741 2580 5812 ἀναισχυντεῖς
2600 5758 2615 5808 ;

1938 5907 1963 5938 ⁶
1983 5905 2187 5973 Aliquot
2213 5907 2645 5976 ωεικατίσχυσαν
2666 5910 2734 5961 ἔτι
2751 5927 2804 5960 τε
2824 5912 2902 5965 καὶ
2921 5910 2964 5967 6.
