3920 6388
154 423 268 479 889

227 533 285 586 ι.
323 526 416 583 Ea:
461 525 720 598 praphetis
745 508 987 595 probatur
1006 518 1246 590 templum
1275 534 1375 573 non
1404 513 1770 571 restituendum

157 641 285 679 me.
311 651 391 664 ---
416 621 552 676 llaec
591 617 721 673 satis
762 625 915 673 erant
958 614 1025 671 ad
1066 609 1539 669 demonstrandum
1586 606 1769 675 vobis,

157 730 475 786 numquam
509 712 621 767 fore
639 720 699 765 ut
720 709 971 778 templum
997 706 1327 761 restituatur.
1350 701 1543 754 Verum
1564 699 1776 769 quando

158 808 375 862 veritas
405 805 596 860 multis
621 801 791 856 modis
813 793 1100 855 exuberat.
1131 793 1307 850 missis
1346 789 1647 860 Evangeliis
1667 829 1682 852 ,
1710 787 1776 841 ad

160 899 482 971 prophetas
506 910 592 950 me
616 903 795 955 verto,
828 890 1018 960 quibus
1042 886 1272 942 maxime
1303 882 1548 939 videnlur
1574 879 1774 934 fidere:

163 1003 337 1063 atque
372 1007 445 1044 ex
483 989 567 1043 his
616 985 952 1057 perspicuum
993 981 1214 1044 faciam,
1254 992 1428 1048 neque
1473 975 1777 1038 civitatem,

164 1098 352 1155 neque
371 1081 639 1152 templum
658 1091 906 1147 umquam
926 1073 1145 1145 posthac
1159 1066 1565 1125 restituendum.
1583 1064 1778 1131 Quam-

166 1192 334 1247 quam
369 1172 514 1228 nihil
544 1180 657 1226 erat
689 1169 816 1223 mihi
856 1179 1080 1221 necesse
1107 1163 1475 1218 demonstrare
1503 1155 1643 1226 quod
1676 1167 1780 1206 non

172 1270 525 1326 restituetur.
567 1263 752 1333 Neque
798 1260 940 1316 enim
988 1273 1159 1323 meae,
1207 1253 1301 1310 sed
1350 1252 1560 1306 illorum
1608 1253 1784 1318 partes

172 1370 335 1419 erant
363 1359 594 1421 docere,
619 1354 760 1426 quod
786 1362 929 1408 esset
957 1346 1363 1405 restituendum.
1387 1343 1515 1399 Nam
1543 1356 1643 1412 ego
1670 1338 1785 1409 qui-

174 1456 301 1507 dem
331 1468 403 1506 ex
440 1450 560 1519 ipso
590 1458 835 1517 tempore
858 1457 1151 1511 congruum
1184 1439 1356 1495 habeo
1390 1433 1782 1496 testimonium,

183 1544 317 1598 mihi
364 1535 880 1611 patrocinans:ipsi
919 1542 1128 1599 contra,
1177 1546 1297 1586 cum
1341 1545 1404 1584 ex
1448 1528 1566 1597 ipso
1608 1537 1786 1579 rerum

184 1641 390 1688 eventu
407 1630 755 1700 dejiciantur,
777 1641 876 1681 nec
895 1624 1184 1695 quidquam
1206 1636 1415 1688 eorum,
1439 1633 1556 1689 qua:
1582 1616 1784 1678 dicunt,

184 1732 389 1795 queant
411 1722 810 1781 demonstrare,
838 1728 1013 1770 tamen
1036 1713 1165 1768 nihil
1184 1710 1326 1767 aliud
1347 1724 1501 1780 quam
1523 1712 1791 1763 ostentant

184 1830 328 1879 sese,
359 1829 493 1869 cum
525 1819 770 1882 Oporteat
794 1810 937 1879 ipsos
965 1805 1323 1862 testimonium
1351 1801 1627 1858 exhibere.
1656 1797 1789 1854 Nam

190 1908 281 1960 illa
307 1920 433 1975 qua”:
464 1903 591 1958 dico
620 1918 684 1956 ex
715 1901 831 1970 ipso
860 1914 1037 1953 rerum
1077 1904 1268 1951 eventu
1291 1894 1460 1949 doceo
1487 1906 1607 1947 esse
1632 1904 1787 1945 vera:

192 1997 402 2051 corruit
433 1996 583 2050 enim
613 1992 822 2059 civitas,
865 2005 965 2045 nec
995 1999 1099 2043 tam
1126 1988 1286 2057 longo
1309 1985 1416 2055 jam
1446 1992 1683 2053 tempore
1707 1981 1791 2036 in-v

196 2098 443 2145 staurata
487 2096 604 2153 est;
645 2093 835 2141 contra
878 2097 998 2154 quae
1041 2081 1224 2136 dicunt
1267 2078 1376 2145 isti,
1418 2075 1576 2131 nudis
1618 2073 1794 2129 verbis

196 2184 467 2237 nituntur.
517 2177 674 2248 Atqui
717 2174 983 2230 debebant
1028 2172 1128 2241 ipsi
1173 2170 1407 2234 docere,
1460 2167 1692 2221 futurum
1737 2171 1793 2220 ut

197 2273 386 2328 civitas
416 2285 611 2325 rursus
637 2268 979 2322 instauratur.
1010 2259 1449 2331 Quandoquidem
1478 2259 1530 2312 in
1560 2255 1794 2311 forensi-

200 2366 297 2419 bus
322 2364 490 2419 etiam
515 2359 729 2431 judiciis
754 2356 994 2411 videmus
1021 2355 1098 2408 sic
1129 2352 1241 2407 ﬂeri
1272 2349 1635 2421 probationes.
1664 2346 1796 2401 Nam

200 2454 411 2524 quoties
442 2453 588 2507 inter
613 2450 750 2505 ullos
774 2449 949 2515 aliqua
973 2445 1158 2501 incidit
1181 2441 1565 2505 controversia,
1590 2448 1641 2495 et
1666 2439 1802 2493 alter

204 2545 581 2614 probationem
611 2542 812 2611 scripto
836 2536 1058 2610 profert,
1081 2535 1273 2592 deinde
1298 2535 1342 2589 is
1366 2532 1622 2588 adversus
1640 2544 1799 2601 quem

205 2636 415 2705 agitur,
472 2633 746 2689 inliciatur
786 2646 849 2686 ea
893 2644 1010 2699 quin
1058 2623 1646 2697 objiciuntur:eogitur
1689 2621 1803 2691 ipse

209 2738 390 2797 postea
423 2734 599 2781 testes
626 2735 681 2780 et
707 2724 842 2777 alias
867 2721 1058 2776 afferre
1083 2719 1449 2791 probationes,
1481 2714 1674 2786 quibus
1701 2712 1802 2767 do-

207 2831 322 2878 ceat
349 2836 459 2876 non
482 2833 610 2875 esse
626 2830 746 2873 vera
763 2831 883 2886 quae
898 2815 1096 2883 scripto
1116 2814 1477 2876 continentur,
1498 2823 1601 2862 non
1623 2814 1803 2862 autem

212 2914 254 2967 is
277 2912 364 2982 qui
397 2911 665 2980 scriptum
697 2906 965 2978 produxit.
1009 2901 1214 2958 Eodem
1258 2899 1420 2955 modo
1454 2896 1807 2954 conveniebat

210 3016 263 3059 et
304 3006 439 3058 istos
474 3002 570 3057 hic
613 3001 810 3065 facere,
861 2997 1121 3066 nobisque
1167 2996 1218 3048 in
1250 2993 1484 3048 medium
1514 2990 1806 3061 producere

215 3094 555 3167 prophetam,
579 3093 667 3160 qui
689 3089 995 3161 prmdixerit
1014 3086 1231 3141 omnino
1256 3084 1508 3146 futurum,
1538 3090 1596 3136 ut
1621 3080 1808 3136 civitas

215 3187 552 3240 restituatur.
571 3182 702 3237 Nam
730 3182 773 3235 si
798 3178 1077 3251 praesentis
1099 3174 1426 3247 captivitatis
1446 3173 1568 3228 finis
1587 3171 1807 3226 omnino

216 3276 420 3332 futurus
445 3284 617 3340 esset,
647 3288 867 3329 necesse
894 3271 1079 3336 fuisse,
1103 3278 1161 3323 ut
1178 3267 1456 3340 propheta:
1476 3264 1527 3320 id
1554 3279 1805 3335 praenun-

220 3369 443 3434 tiarent,
502 3366 674 3435 palam
713 3373 796 3419 est
840 3362 1123 3428 omnibus,
1170 3359 1260 3429 qui
1309 3356 1395 3413 vel
1434 3356 1608 3412 obiter
1645 3355 1809 3411 libros

223 3458 564 3529 propheticus
609 3455 954 3526 inspexerint.
982 3453 1094 3508 Mos
1119 3452 1261 3507 enim
1288 3459 1402 3505 erat
1428 3448 1569 3519 apud
1597 3447 1811 3502 Judacos

222 3558 386 3613 vetus,
415 3560 474 3604 ut
511 3547 783 3617 pr0pheta:
809 3544 1066 3599 divinitus
1094 3542 1257 3596 afﬂati
1304 3540 1653 3611 praedicerent
1684 3537 1809 3604 illis,

223 3656 333 3709 qua‘
359 3642 730 3704 imminerent,
754 3654 848 3694 seu
872 3639 1029 3702 bona,
1061 3651 1156 3691 seu
1179 3634 1336 3688 mala.
1365 3632 1544 3699 Quare
1571 3640 1625 3686 et
1647 3645 1808 3701 quam

224 3731 289 3784 ub
315 3734 468 3788 rem?
511 3731 735 3801 Propter
771 3729 1030 3799 insignem
1076 3727 1288 3781 illorum
1336 3724 1732 3795 improbitatem
1758 3731 1815 3777 et

227 3824 609 3893 impudentiam
634 3842 647 3878 :
668 3822 929 3893 siquidem
960 3820 1101 3875 illico
1130 3818 1512 3875 beneficiorum
1542 3816 1634 3872 Dei
1665 3816 1804 3871 obli-

225 3913 584 3976 visccbantnr,
609 3927 778 3982 eaque
800 3926 917 3981 quae
944 3911 1161 3976 fiebant,
1184 3909 1519 3964 daemonibus
1537 3907 1813 3962 adscribe-

229 4003 371 4071 bant,
399 4015 456 4059 et
487 4004 626 4059 bona
654 4002 762 4057 illis
788 4000 1136 4072 imputabant.
1172 4001 1344 4055 Etiam
1371 4014 1530 4064 nunc,
1561 4013 1682 4054 cum
1710 3997 1815 4053 illis

229 4097 452 4163 egressis
476 4111 546 4150 ex
573 4094 807 4166 JEgypto
833 4108 981 4149 mare
1008 4093 1234 4148 scissum
1264 4103 1424 4157 esset,
1457 4092 1666 4162 aliaque
1691 4105 1818 4161 pro-

232 4184 363 4253 digia
403 4185 630 4250 fierent,
673 4184 822 4241 obliti
863 4183 1005 4254 quod
1034 4182 1150 4239 haec
1182 4192 1401 4238 auctore
1432 4183 1538 4236 Deo
1560 4197 1814 4252 gererenv

237 4282 336 4341 tur,
372 4276 438 4332 iis
480 4278 573 4348 qui
597 4276 672 4332 dii
712 4291 819 4332 non
847 4282 999 4331 erant
1017 4317 1032 4343 ,
1061 4275 1366 4332 tribuebant
1388 4289 1451 4330 ea
1478 4289 1596 4344 quae
1621 4273 1819 4328 ﬂebant

212 4364 468 4430 dicentes
504 4367 702 4424 Aaroni
727 4385 740 4421 :
765 4367 874 4422 Fac
912 4368 1054 4423 nobis
1106 4366 1259 4435 deos,
1289 4366 1376 4436 qui
1405 4364 1689 4436 praecedant
1727 4381 1817 4418 nos

214 4455 424 4529 .(Exod.
469 4461 562 4518 52.
610 4462 684 4532 l).
727 4461 973 4517 Jeremiae
1019 4473 1230 4531 quoque
1274 4458 1819 4515 dicunt:Sermonem

237 4564 378 4613 quem
410 4552 642 4623 loquutus
681 4569 734 4606 es
765 4551 834 4605 ad
871 4568 962 4606 nos
987 4551 1043 4605 in
1070 4550 1273 4605 nomine
1307 4548 1547 4612 Domini.
1590 4565 1692 4603 non
1727 4564 1820 4603 au-

240 4640 426 4697 diemus
456 4659 519 4698 ea:
546 4654 613 4707 te,
631 4644 870 4714 quoniam
895 4643 1137 4715 faciemus
1160 4642 1349 4704 omnia,
1371 4655 1485 4710 qua:
1505 4640 1822 4711 egredietuur

242 4744 299 4781 ea:
323 4748 409 4787 ore
437 4744 607 4789 nostro
624 4749 643 4788 :
663 4742 716 4787 ut
741 4734 1035 4788 adoleantus
1060 4733 1248 4804 regina:
1275 4732 1407 4797 cazli,
1434 4740 1482 4785 et
1507 4730 1715 4785 libemus
1742 4729 1821 4784 illi

217 4885 223 4891 ι
242 4819 495 4892 libamina,
517 4826 940 4897 quemadmodum
959 4826 1168 4895 fecimus
1189 4833 1232 4879 et
1253 4841 1364 4889 nos,
1386 4834 1433 4878 et
1453 4832 1621 4895 patres
1641 4823 1818 4890 nostri,

245 4924 288 4964 et
312 4931 449 4986 reges
482 4919 643 4973 nostri
667 4929 713 4973 et
740 4919 991 4988 principes
1010 4919 1168 4973 nostri
1190 4933 1208 4972 :
1228 4927 1275 4971 et
1290 4917 1467 4988 repleti
1481 4932 1653 4970 sumus
1677 4915 1826 4985 pani-

244 5005 348 5069 I:us,
378 5019 424 5061 et
452 5009 642 5080 fuimus
658 5010 899 5081 jucundi,
919 5017 966 5064 et
995 5008 1131 5063 mala
1157 5026 1257 5063 non
1285 5008 1500 5062 vidimus
1517 5017 1600 5061 :et
1625 5016 1825 5077 postea-

244 5111 390 5161 quam
424 5100 703 5154 destitimus
727 5100 930 5154 adolere
952 5101 1140 5171 regina:
1164 5099 1296 5164 ca'li,
1333 5108 1380 5152 et
1405 5098 1563 5153 libare
1589 5098 1667 5151 illi
1691 5097 1823 5151 liba-

240 5187 412 5257 mina,
453 5191 686 5246 diminuti
715 5208 887 5246 sumus
916 5208 1086 5246 omnes
1130 5209 1255 5256 nos,
1295 5198 1343 5243 et
1382 5189 1554 5260 gladio
1594 5191 1825 5258 fameque

248 5278 512 5342 defecimus
551 5282 682 5356 (Jer.
718 5285 806 5340 44.
848 5284 935 5338 16.
981 5280 1093 5355 18).
1137 5281 1363 5336 Proinde
1391 5296 1458 5335 ne
1485 5279 1608 5349 quid
1638 5295 1821 5335 eorum

249 5384 360 5435 qua:
390 5378 780 5446 contingerent,
824 5374 1124 5429 simulacris
1153 5373 1495 5442 imputarent,
1527 5372 1620 5426 sed
1652 5373 1824 5440 potius

250 5459 519 5520 crederent
559 5474 613 5520 et
642 5466 867 5521 ultiones
896 5476 951 5521 et
996 5465 1253 5520 beneﬂcra
1284 5464 1414 5532 ipsis
1442 5479 1470 5516 a
1504 5463 1613 5518 Deo
1659 5462 1823 5533 proﬂ-

252 5546 400 5618 cisci;
446 5554 558 5611 illas
607 5556 818 5627 quidem
857 5558 928 5613 ob
962 5565 1221 5629 peccata,
1270 5554 1385 5610 haec
1425 5570 1554 5611 vero
1596 5571 1690 5623 per
1732 5555 1823 5610 Dei

253 5635 642 5715 benignitatem,
676 5649 951 5719 prophetae
980 5648 1236 5703 divinitus
1263 5646 1426 5701 afﬂati
1468 5645 1827 5715 prmdicebant

258 5725 356 5784 illis
382 5748 652 5793 eventura.
682 5740 854 5809 Atque
883 5747 941 5794 ut
962 5739 1162 5795 certius
1187 5739 1353 5805 scias,
1394 5738 1531 5793 hanc
1552 5752 1675 5793 esse
1699 5752 1825 5792 cau-

260 5833 363 5876 sam
407 5828 792 5898 praedictionis,
835 5830 953 5886 vide
990 5830 1116 5905 quid
1158 5830 1301 5886 dieatt
1341 5829 1706 5887 vocalissimus
1735 5829 1823 5886 ille

1386 390 1751 457 ADVERSUS
1779 396 2086 453 JUDASOS.
2130 394 2193 451 Υ.

3352 402 3457 459 890

1876 511 2037 568 lsaias
2086 512 2151 569 ad
2197 512 2451 584 populum
2505 512 2782 568 Iudaicum
2832 532 2846 570 :
2881 514 3000 570 Scio
3030 516 3171 587 quod
3213 517 3367 570 durus
3401 534 3453 569 es

1879 615 1953 671 tu,
1981 615 2028 660 et
2057 622 2235 662 nervus
2260 610 2453 677 [ει-ναις
2480 608 2649 662 cervix
2692 615 2778 661 tua
2802 605 2950 678 (Isai.
2976 608 3067 663 48.
3090 606 3145 678 4)
3186 624 3201 662 :
3233 607 3335 663 hoc
3357 618 3462 677 est,

1881 696 2184 753 inﬂexibilis
2209 714 2223 750 :
2248 696 2314 750 Et
2342 700 2485 769 frons
2511 706 2599 751 tua
2622 713 2776 763 terea,
2808 697 2913 753 hoc
2936 707 3016 753 est
3046 697 3348 768 impudens.
3377 697 3466 753 Sic

1881 797 1936 844 et
1952 802 2050 843 nos
2070 773 2380 858 frequenter
2394 787 2632 843 solemus
2647 803 2740 843 eos
2756 789 2845 858 qui
2865 789 3108 844 nesciunt
3126 790 3465 856 erubescere,

1885 889 2306 952 χαλκοπροσώπους
2330 921 2344 945 ,
2396 881 2446 936 id
2476 890 2557 936 est
2579 924 2592 945 ,
2626 897 2821 936 :rrcam
2853 882 3108 939 habentes
3133 884 3343 950 faciem,
3369 903 3462 957 ap-

1888 972 2104 1043 pellare.
2139 971 2205 1026 Et
2244 973 2544 1026 annuntiavi
2584 973 2670 1026 tibi
2715 989 2827 1043 qua
2858 982 3063 1028 venturi
3107 984 3251 1029 erant
3291 976 3343 1028 in
3385 988 3456 1041 te,

1887 1065 2180 1137 priusquam
2204 1064 2422 1134 fierent:
2446 1074 2491 1118 et
2517 1083 2578 1119 ea
2617 1075 2665 1119 te
2692 1067 2869 1121 audire
2898 1063 3013 1137 feci.
3047 1067 3252 1124 Deinde
3277 1069 3471 1138 praedi-

1886 1156 2080 1212 ctionis
2102 1170 2316 1212 causam
2357 1159 2669 1224 enuntians,
2701 1158 2909 1228 suhjieit
2933 1176 2947 1212 :
2977 1157 3060 1213 Ne
3080 1158 3283 1231 quando
3307 1159 3471 1228 dicas,

1888 1248 2029 1302 idola
2047 1248 2172 1301 mihi
2192 1248 2436 1317 fecerunt,
2466 1259 2511 1302 ct
2537 1249 2801 1318 sculptilia
2821 1250 3194 1323 con/latitiaque
3216 1266 3471 1323 precept-

1888 1348 2006 1392 runt
2035 1338 2179 1392 milii.
2209 1342 2287 1394 Ac
2317 1355 2534 1405 rursus,
2563 1342 2815 1410 quoniam
2854 1343 3161 1411 pervieaees
3180 1341 3392 1414 quidam
3426 1354 3481 1400 et

1891 1429 2014 1483 elati
2045 1439 2159 1498 ant
2194 1438 2443 1485 eventum
2476 1430 2549 1483 rei
2574 1430 2911 1500 impudenter
2931 1432 3178 1503 agebant,
3198 1434 3347 1504 quasi
3371 1450 3476 1488 non

1892 1519 2040 1589 prius
2065 1519 2374 1575 audissent:
2400 1521 2674 1590 prophetae
2701 1537 2806 1577 non
2829 1523 2999 1577 Solum
3026 1523 3200 1579 futura
3223 1526 3476 1596 praedice-

1895 1613 2023 1667 bant
2046 1652 2062 1677 ,
2097 1627 2285 1666 verum
2313 1614 2479 1668 etiam
2525 1622 2687 1669 testes
2729 1614 3053 1671 adhibebant
3090 1631 3275 1671 eorum
3298 1656 3314 1682 ς
3361 1631 3480 1686 que

1891 1703 2231 1772 gerebantur.
2276 1703 2363 1760 Sic
2400 1705 2543 1759 enim
2570 1721 2755 1760 rursus
2798 1706 3028 1776 loquitur
3075 1708 3215 1763 idem
3266 1709 3480 1766 Isaias:

1897 1792 1978 1846 Da
2004 1793 2129 1848 mihi
2158 1803 2304 1849 testes
2338 1796 2470 1849 viros
2509 1795 2652 1851 bona:
2696 1797 2848 1867 ﬁdei,
2897 1796 3074 1852 Uriam
3102 1808 3148 1852 et
3176 1800 3487 1856 Zachariam

1896 1884 2062 1955 ﬁlium
2107 1884 2375 1941 Baracltia:
2418 1887 2726 1942 sacerdotem
2779 1886 2907 1962 (Id.
2958 1889 3010 1944 8.
3060 1889 3161 1961 2).
3220 1891 3328 1946 Nec
3381 1893 3485 1948 hoc

1897 1985 2216 2046 contentus,
2269 1979 2321 2033 in
2370 1994 2510 2034 novo
2554 1980 2820 2037 volumine
2871 1981 3190 2052 descriptam
3240 1983 3488 2054 deposuit

1901 2070 2255 2140 prophetiam,
2279 2080 2333 2126 ut
2357 2080 2478 2141 post
2501 2081 2750 2128 eventum
2780 2075 2909 2144 ipsae
2936 2074 3104 2130 litera:
3133 2085 3315 2131 contra
3345 2078 3489 2148 ipsos

1899 2161 2116 2218 Iudaeos
2164 2163 2529 2218 testimonium
2583 2163 2808 2231 ferrent,
2861 2165 3004 2236 quod
3057 2166 3239 2222 afﬂatu
3287 2170 3493 2225 celesti

1901 2253 2071 2309 multo
2099 2262 2503 2324 antetempore
2550 2254 2737 2312 fuisset
2777 2257 2881 2313 illis
2921 2258 3259 2328 praedictum.
3307 2261 3495 2330 quue

1902 2358 2008 2399 non
2034 2344 2206 2399 solum
2236 2345 2452 2415 scripsit
2480 2346 2587 2401 illis
2619 2347 2673 2401 in
2705 2348 2998 2415 volumine,
3030 2349 3125 2405 sed
3151 2350 3202 2405 in
3235 2367 3377 2407 novo
3401 2369 3494 2407 vo-

1904 2434 2126 2502 lumine,
2154 2452 2260 2506 quo
2301 2446 2482 2506 posset
2527 2438 2579 2492 in
2622 2439 2846 2494 multum
2877 2440 3071 2495 durare
3115 2450 3361 2511 tempus,
3395 2459 3499 2500 nec

1905 2524 2058 2580 facile
2080 2526 2373 2596 corrumpi,
2407 2527 2500 2582 sed
2525 2538 2840 2598 exspectare
2865 2541 3114 2586 eventum
3147 2548 3347 2601 rerum,
3377 2551 3515 2604 quae.

1906 2616 1977 2671 ibi
2006 2617 2439 2673 continebantur.
2460 2621 2619 2676 Certe
2649 2636 2832 2676 verum
2860 2639 2981 2679 esse
3009 2625 3150 2694 quod
3175 2626 3317 2695 dico,
3346 2628 3495 2683 vide-

1906 2707 2030 2762 licet
2052 2708 2218 2764 Deum
2245 2710 2350 2765 illis
2377 2713 2557 2767 omnia
2584 2722 2804 2769 ventura
2829 2716 3161 2784 praedixisse,
3183 2734 3288 2774 non
3314 2736 3383 2775 ex
3412 2720 3500 2777 his

1909 2809 2113 2855 tantum
2134 2843 2149 2867 ,
2196 2818 2378 2857 verum
2409 2812 2464 2858 et
2490 2820 2556 2859 ex
2588 2805 2715 2875 ipsis
2762 2823 2880 2876 qua:
2912 2808 3016 2863 illis
3045 2810 3356 2867 acciderunt
3385 2820 3512 2867 tum.

1908 2891 2068 2957 bona,
2102 2906 2213 2948 tum
2243 2896 2405 2961 mala,
2437 2896 2838 2954 demonstrabo.

1978 2984 2031 3040 5.
2063 2984 2183 3040 Tres
2206 2986 2508 3042 Jutlozorum
2530 2990 2806 3045 servitutes.
2829 2991 3045 3049 —-Tres
3071 2996 3357 3052 servitutes
3380 3013 3501 3068 gra-

1908 3075 2155 3130 vissimas
2182 3078 2509 3145 pertulerunt
2532 3078 2722 3146 Juda:i,
2747 3084 2815 3150 qu
2855 3100 2969 3136 rum
3000 3086 3197 3139 nullam
3228 3087 3366 3143 Deus
3392 3089 3511 3143 illis

1911 3164 2132 3237 ingessit
2158 3182 2263 3221 non
2293 3169 2617 3237 praedictam,
2647 3172 2742 3227 sed
2770 3188 3195 3246 unamquamque
3226 3179 3329 3234 illis
3362 3196 3503 3249 pne-

1900 3259 2189 3319 ,dicentlam
2217 3262 2438 3326 curavit,
2465 3273 2518 3317 et
2548 3263 2745 3332 locum,
2776 3274 2828 3320 et
2857 3274 3084 3337 tempus,
3115 3278 3167 3322 et
3197 3284 3502 3339 personam,

1912 3361 1966 3406 et
2008 3350 2311 3407 afﬂictionis
2348 3354 2582 3423 speciem
2610 3396 2626 3421 ,
2668 3364 2723 3410 et
2771 3357 3021 3423 reditum,
3065 3360 3272 3431 aliaque
3313 3373 3503 3418 cuncta

1913 3460 2119 3501 summa
2158 3462 2279 3501 eum
2323 3447 2598 3519 diligentia
2640 3451 3029 3519 prainuncians.
3067 3452 3148 3508 Ae
3188 3453 3359 3523 primo
3388 3455 3506 3510 loco

1915 3538 2310 3607 praedictionem
2340 3539 2564 3596 referam
2590 3541 2656 3597 de
2676 3543 2979 3611 captivitate
3005 3544 3059 3599 in
3086 3546 3340 3618 ASgypto.
3368 3548 3510 3604 Deus

1915 3631 2140 3700 loquens
2166 3631 2232 3686 ad
2260 3632 2528 3688 Abraham
2559 3634 2639 3689 his
2669 3635 2845 3691 verbis
2875 3636 3041 3691 utitur
3074 3655 3086 3691 :
3129 3637 3307 3693 Sciens
3345 3641 3507 3708 scias,

1914 3723 2049 3794 quod
2075 3741 2240 3779 semen
2266 3734 2406 3779 tuum
2432 3727 2750 3798 peregrinum
2770 3728 2862 3782 erit
2882 3728 2933 3782 in
2960 3737 3093 3783 terra
3121 3747 3221 3784 non
3242 3747 3353 3794 sua,
3382 3742 3431 3786 et
3454 3732 3511 3785 in

1915 3816 2203 3870 servitutem
2232 3817 2459 3889 redigent
2489 3828 2537 3873 et
2569 3820 2786 3891 aﬁligent
2821 3821 2951 3875 illud
2989 3824 3135 3878 annis
3163 3824 3507 3896 quadringen-

1918 3908 2001 3962 tis.
2034 3906 2243 3964 Gentem
2271 3924 2436 3965 autem
2454 3952 2470 3977 ,
2498 3913 2792 3982 cuicumque
2811 3914 3090 3982 servierint,
3123 3932 3213 3986 ego
3230 3917 3506 3985 judicabo,

1918 3998 2041 4053 dicit
2080 3998 2350 4056 Dominus.
2402 4002 2598 4067 Quarta
2631 4013 2798 4058 autem
2844 4007 3167 4075 generatione
3199 4018 3510 4063 revertentur

1920 4091 2016 4145 huc
2044 4108 2160 4145 cum
2183 4102 2438 4162 apparatu
2458 4096 2664 4165 capioso
2693 4095 2846 4168 (Gen.
2881 4096 2967 4151 15.
3002 4098 3170 4152 15-16
3194 4100 3233 4167 ).
3270 4099 3428 4155 Vides
3455 4109 3514 4154 ut

1922 4191 1976 4239 et
2028 4199 2308 4239 numerum
2359 4200 2621 4240 annorum
2672 4189 3038 4256 expresserit,
3087 4189 3507 4258 quadringentos

1921 4289 2088 4328 annos
2112 4283 2165 4329 et
2199 4276 2466 4329 servitutis
2501 4275 2752 4344 modum,
2782 4292 2902 4331 eum
2943 4295 3047 4332 non
3089 4280 3402 4349 simpliciter
3430 4283 3514 4335 in-

1922 4365 2069 4433 quit,
2110 4366 2162 4417 in
2191 4367 2475 4419 servitutem
2513 4367 2758 4435 redigent,
2786 4368 2879 4423 sed
2907 4368 3073 4435 addit,
3104 4370 3341 4441 afﬂigant.
3374 4374 3512 4429 Audi

1922 4455 2189 4522 quomodo
2216 4456 2388 4510 Moses
2415 4457 2569 4526 paulo
2595 4468 2713 4527 post
2741 4469 2971 4528 exponat
2994 4461 3336 4517 afﬂictioncm
3365 4481 3378 4517 :
3407 4463 3519 4518 Pa-

1925 4546 2035 4613 lem,
2066 4545 2255 4615 inquit,
2285 4564 2386 4601 non
2414 4547 2600 4601 dantur
2627 4550 2831 4619 famulis
2861 4551 2979 4619 tuis,
3007 4561 3056 4606 et
3070 4552 3249 4622 jubent
3275 4570 3366 4609 nos
3392 4555 3519 4610 late-

1925 4655 2003 4691 res
2032 4643 2196 4708 facere
2225 4636 2426 4711 (Exod.
2461 4640 2517 4696 5.
2551 4640 2658 4711 lli)
2684 4659 2698 4697 :
2724 4651 2779 4696 et
2808 4643 2986 4712 ﬂagris
3012 4645 3358 4702 caedebantur
3378 4663 3516 4717 quo—

1929 4730 2052 4785 tidie
2075 4772 2090 4795 ,
2124 4740 2179 4785 ut
2210 4731 2475 4800 intelligas
2519 4732 2644 4802 quid
2674 4733 2774 4788 sibi
2804 4735 2964 4800 velit,
2996 4737 3050 4790 in
3080 4739 3366 4793 servitutem
3395 4740 3517 4793 νεά-

1925 4821 2063 4892 igent
2085 4830 2134 4875 et
2158 4822 2397 4893 aﬂiigent.
2431 4820 2639 4877 Gentem
2671 4816 3077 4893 antenn'inquit,
3106 4830 3190 4882 cui
3221 4831 3515 4896 servierint,

1926 4930 2017 4985 ego
2032 4915 2277 4986 judicubo
2305 4917 2321 4987 (
2347 4914 2474 4972 Gen.
2504 4916 2590 4972 i5.
2630 4916 2732 4988 Id)
2769 4936 2780 4970 :
2812 4918 3115 4989 significans
3143 4920 3520 4991 Egyptiorutu

1929 5004 2351 5061 submersionem
2393 5007 2444 5060 in
2486 5006 2619 5060 mari
2661 5007 2872 5073 Rubro,
2904 5024 3062 5078 quam
3091 5010 3143 5063 in
3171 5011 3395 5065 canticis
3423 5011 3520 5066 de-

1928 5096 2168 5152 scribens
2196 5095 2369 5152 Moses
2389 5096 2467 5151 sic
2480 5096 2713 5167 loquitur
2740 5114 2753 5151 :
2788 5096 2987 5168 Equum
3006 5110 3053 5153 et
3077 5116 3391 5154 ascensorem
3413 5102 3524 5171 ejus
3586 5095 3596 5105 ’

1930 5189 2138 5258 proiecit
2175 5189 2228 5242 in
2269 5206 2407 5243 mare
2428 5186 2634 5262 (Exod.
2660 5190 2743 5244 15.
2778 5191 2800 5243 l
2830 5190 2868 5259 ).
2919 5190 3040 5246 Mox
3071 5198 3127 5247 et
3161 5191 3362 5247 reditus
3403 5207 3522 5246 mo-

1928 5280 2092 5347 dum,
2130 5281 2271 5351 quod
2305 5290 2484 5336 essent
2525 5282 2744 5336 redituri
2787 5297 2909 5337 cum
2955 5284 3121 5340 multa
3162 5285 3518 5355 supellectile.

1932 5373 2147 5438 Sumite,
2184 5373 2372 5443 inquit,
2399 5374 2715 5427 commodata
2741 5392 2774 5428 a
2796 5391 2889 5428 sua
2912 5391 3121 5449 qumque
3146 5377 3309 5431 vicina
3332 5386 3379 5431 et
3404 5394 3528 5432 con—

1929 5463 2179 5517 tubernali
2218 5479 2338 5518 vasa
2371 5479 2525 5516 aurea
2561 5471 2610 5517 et
2649 5479 2887 5536 argentea
2943 5465 3067 5539 (Id.
3116 5468 3171 5522 3.
3215 5466 3331 5540 ΞΩ).
3382 5467 3527 5536 Quo-

1929 5553 2071 5608 niam
2101 5553 2243 5608 enim
2273 5554 2429 5622 longo
2460 5562 2700 5622 tempore
2727 5555 3060 5623 servierant,
3092 5571 3192 5613 nec
3216 5556 3523 5614 mercedem

1931 5651 2283 5714 receperant,
2310 5645 2448 5698 Deus
2472 5643 2650 5700 eﬂ‘ecit
2672 5653 2729 5702 ut
2757 5646 3102 5703 inscientibus
3129 5663 3193 5703 ac
3222 5648 3527 5705 nolentibus

1930 5737 2092 5793 etiam
2130 5744 2410 5806 peterent,
2449 5737 2751 5810 clamatque
2780 5740 3037 5810 propheta
3067 5742 3252 5798 dicens
3282 5760 3297 5798 :
3330 5742 3537 5798 Eduxit

1930 5847 2014 5886 eos
2039 5846 2151 5885 cum
2179 5840 2385 5901 argento
2410 5839 2457 5887 et
2477 5847 2622 5903 auro,
2652 5849 2742 5889 nec
2767 5843 2872 5889 erat
2901 5834 2953 5889 in
2980 5834 3545 5897 tribubuseonuuitb
