  <div class='ocr_page' id='page_1' title='image "/cluster/home/n/w/nwhite01/storage/ocr_20150623/48:no.1:pt.2/coo.31924054869478/369.png"; bbox 0 0 3920 6408; ppageno 0'>
   <div class='ocr_carea' id='block_1_1' title="bbox 480 406 579 465">
    <p class='ocr_par' dir='ltr' id='par_1_1' title="bbox 480 406 579 465">
     <span class='ocr_line' id='line_1_1' title="bbox 480 406 579 465; baseline -0.01 -1"><span class='ocrx_word' id='word_1_1' title='bbox 480 406 579 465; x_wconf 77' lang='grc'><strong><em>891</em></strong></span> 
     </span>
    </p>
   </div>
   <div class='ocr_carea' id='block_1_2' title="bbox 473 514 2071 600">
    <p class='ocr_par' dir='ltr' id='par_1_2' title="bbox 473 514 2071 600">
     <span class='ocr_line' id='line_1_2' title="bbox 473 514 2071 600; baseline -0.009 -14"><span class='ocrx_word' id='word_1_2' title='bbox 473 531 661 600; x_wconf 78' lang='lat' dir='ltr'><strong><em>ﬁrmus</em></strong></span> <span class='ocrx_word' id='word_1_3' title='bbox 684 524 708 600; x_wconf 92' lang='lat'><strong>(</strong></span> <span class='ocrx_word' id='word_1_4' title='bbox 730 523 873 583; x_wconf 86' lang='lat' dir='ltr'><strong><em>Psal.</em></strong></span> <span class='ocrx_word' id='word_1_5' title='bbox 904 524 1026 580; x_wconf 75' lang='lat' dir='ltr'><strong><em>ibi.</em></strong></span> <span class='ocrx_word' id='word_1_6' title='bbox 1053 523 1120 579; x_wconf 81' lang='lat'><strong><em>&#39;57</em></strong></span> <span class='ocrx_word' id='word_1_7' title='bbox 1143 521 1186 596; x_wconf 91' lang='lat'><strong><em>).</em></strong></span> <span class='ocrx_word' id='word_1_8' title='bbox 1212 521 1337 577; x_wconf 69' lang='lat' dir='ltr'><strong><em>llaec</em></strong></span> <span class='ocrx_word' id='word_1_9' title='bbox 1356 524 1437 576; x_wconf 82' lang='lat' dir='ltr'><strong><em>est</em></strong></span> <span class='ocrx_word' id='word_1_10' title='bbox 1461 534 1564 575; x_wconf 89' lang='lat' dir='ltr'><strong><em>una</em></strong></span> <span class='ocrx_word' id='word_1_11' title='bbox 1590 518 1822 576; x_wconf 83' lang='lat' dir='ltr'><strong><em>servitus</em></strong></span> <span class='ocrx_word' id='word_1_12' title='bbox 1843 514 2071 573; x_wconf 54' lang='lat' dir='ltr'><strong><em>exactis.</em></strong></span> 
     </span>
    </p>
   </div>
   <div class='ocr_carea' id='block_1_3' title="bbox 478 610 2073 690">
    <p class='ocr_par' dir='ltr' id='par_1_3' title="bbox 478 610 2073 690">
     <span class='ocr_line' id='line_1_3' title="bbox 478 610 2073 690; baseline -0.005 -18"><span class='ocrx_word' id='word_1_13' title='bbox 478 620 613 675; x_wconf 84' lang='lat' dir='ltr'><strong><em>sime</em></strong></span> <span class='ocrx_word' id='word_1_14' title='bbox 649 617 1061 690; x_wconf 74' lang='lat' dir='ltr'><strong><em>prtedicta.Age</em></strong></span> <span class='ocrx_word' id='word_1_15' title='bbox 1094 628 1235 671; x_wconf 81' lang='lat' dir='ltr'><strong><em>nunc</em></strong></span> <span class='ocrx_word' id='word_1_16' title='bbox 1258 624 1315 669; x_wconf 88' lang='lat' dir='ltr'><strong><em>et</em></strong></span> <span class='ocrx_word' id='word_1_17' title='bbox 1346 613 1413 667; x_wconf 80' lang='lat' dir='ltr'><strong><em>ad</em></strong></span> <span class='ocrx_word' id='word_1_18' title='bbox 1451 613 1675 668; x_wconf 78' lang='lat' dir='ltr'><strong><em>alteram</em></strong></span> <span class='ocrx_word' id='word_1_19' title='bbox 1712 610 2073 679; x_wconf 71' lang='lat' dir='ltr'><strong><em>captivitatem</em></strong></span> 
     </span>
    </p>
   </div>
   <div class='ocr_carea' id='block_1_4' title="bbox 480 701 2070 776">
    <p class='ocr_par' dir='ltr' id='par_1_4' title="bbox 480 701 2070 776">
     <span class='ocr_line' id='line_1_4' title="bbox 480 701 2070 776; baseline -0.004 -15"><span class='ocrx_word' id='word_1_20' title='bbox 480 717 753 763; x_wconf 81' lang='lat' dir='ltr'><strong><em>vertamus</em></strong></span> <span class='ocrx_word' id='word_1_21' title='bbox 773 719 1097 772; x_wconf 77' lang='lat' dir='ltr'><strong><em>sermon-m,</em></strong></span> <span class='ocrx_word' id='word_1_22' title='bbox 1116 719 1275 776; x_wconf 80' lang='lat' dir='ltr'><strong><em>quam</em></strong></span> <span class='ocrx_word' id='word_1_23' title='bbox 1298 703 1533 774; x_wconf 79' lang='lat' dir='ltr'><strong><em>perpessi</em></strong></span> <span class='ocrx_word' id='word_1_24' title='bbox 1555 711 1679 757; x_wconf 87' lang='lat' dir='ltr'><strong><em>sunt</em></strong></span> <span class='ocrx_word' id='word_1_25' title='bbox 1702 702 1753 756; x_wconf 87' lang='lat' dir='ltr'><strong><em>in</em></strong></span> <span class='ocrx_word' id='word_1_26' title='bbox 1781 701 2070 773; x_wconf 75' lang='lat' dir='ltr'><strong><em>Babylone.</em></strong></span> 
     </span>
    </p>
   </div>
   <div class='ocr_carea' id='block_1_5' title="bbox 480 791 2072 866">
    <p class='ocr_par' dir='ltr' id='par_1_5' title="bbox 480 791 2072 866">
     <span class='ocr_line' id='line_1_5' title="bbox 480 791 2072 866; baseline -0.003 -16"><span class='ocrx_word' id='word_1_27' title='bbox 480 798 610 852; x_wconf 83' lang='lat' dir='ltr'><strong><em>Nam</em></strong></span> <span class='ocrx_word' id='word_1_28' title='bbox 638 809 692 853; x_wconf 88' lang='lat' dir='ltr'><strong><em>et</em></strong></span> <span class='ocrx_word' id='word_1_29' title='bbox 721 797 862 853; x_wconf 80' lang='lat' dir='ltr'><strong><em>hanc</em></strong></span> <span class='ocrx_word' id='word_1_30' title='bbox 887 805 1134 853; x_wconf 80' lang='lat' dir='ltr'><strong><em>accurate</em></strong></span> <span class='ocrx_word' id='word_1_31' title='bbox 1169 795 1489 866; x_wconf 75' lang='lat' dir='ltr'><strong><em>praedixerat</em></strong></span> <span class='ocrx_word' id='word_1_32' title='bbox 1526 793 1787 849; x_wconf 78' lang='lat' dir='ltr'><strong><em>.lcremias</em></strong></span> <span class='ocrx_word' id='word_1_33' title='bbox 1814 826 1829 857; x_wconf 87' lang='lat'><strong><em>,</em></strong></span> <span class='ocrx_word' id='word_1_34' title='bbox 1874 792 1947 846; x_wconf 87' lang='lat' dir='ltr'><strong><em>ita</em></strong></span> <span class='ocrx_word' id='word_1_35' title='bbox 1988 791 2072 846; x_wconf 61' lang='lat' dir='ltr'><strong><em>lo.</em></strong></span> 
     </span>
    </p>
   </div>
   <div class='ocr_carea' id='block_1_6' title="bbox 477 882 2072 957">
    <p class='ocr_par' dir='ltr' id='par_1_6' title="bbox 477 882 2072 957">
     <span class='ocr_line' id='line_1_6' title="bbox 477 882 2072 957; baseline -0.001 -19"><span class='ocrx_word' id='word_1_36' title='bbox 477 903 649 956; x_wconf 76' lang='lat' dir='ltr'><strong><em>tltlBlIS</em></strong></span> <span class='ocrx_word' id='word_1_37' title='bbox 679 906 693 943; x_wconf 90' lang='lat'><strong>:</strong></span> <span class='ocrx_word' id='word_1_38' title='bbox 725 886 817 943; x_wconf 88' lang='lat' dir='ltr'><strong><em>Sic</em></strong></span> <span class='ocrx_word' id='word_1_39' title='bbox 843 888 913 940; x_wconf 90' lang='lat' dir='ltr'><strong><em>ait</em></strong></span> <span class='ocrx_word' id='word_1_40' title='bbox 944 886 1195 940; x_wconf 86' lang='lat' dir='ltr'><strong><em>Dominus</em></strong></span> <span class='ocrx_word' id='word_1_41' title='bbox 1221 900 1239 938; x_wconf 88' lang='lat'><strong><em>:</em></strong></span> <span class='ocrx_word' id='word_1_42' title='bbox 1276 896 1542 957; x_wconf 78' lang='lat' dir='ltr'><strong><em>postquam</em></strong></span> <span class='ocrx_word' id='word_1_43' title='bbox 1569 884 1766 953; x_wconf 83' lang='lat' dir='ltr'><strong><em>impleti</em></strong></span> <span class='ocrx_word' id='word_1_44' title='bbox 1802 882 1991 953; x_wconf 76' lang='lat' dir='ltr'><strong><em>fuerint</em></strong></span> <span class='ocrx_word' id='word_1_45' title='bbox 2018 882 2072 936; x_wconf 87' lang='lat' dir='ltr'><strong><em>in</em></strong></span> 
     </span>
    </p>
   </div>
   <div class='ocr_carea' id='block_1_7' title="bbox 480 977 2071 1051">
    <p class='ocr_par' dir='ltr' id='par_1_7' title="bbox 480 977 2071 1051">
     <span class='ocr_line' id='line_1_7' title="bbox 480 977 2071 1051; baseline -0.003 -18"><span class='ocrx_word' id='word_1_46' title='bbox 480 980 740 1051; x_wconf 78' lang='lat' dir='ltr'><strong><em>Babylone</em></strong></span> <span class='ocrx_word' id='word_1_47' title='bbox 761 981 1080 1050; x_wconf 83' lang='lat' dir='ltr'><strong><em>septuaginta</em></strong></span> <span class='ocrx_word' id='word_1_48' title='bbox 1107 980 1230 1032; x_wconf 86' lang='lat' dir='ltr'><strong><em>anni</em></strong></span> <span class='ocrx_word' id='word_1_49' title='bbox 1248 1019 1262 1044; x_wconf 89' lang='lat'><strong><em>,</em></strong></span> <span class='ocrx_word' id='word_1_50' title='bbox 1290 977 1498 1032; x_wconf 87' lang='lat' dir='ltr'><strong><em>visitabo</em></strong></span> <span class='ocrx_word' id='word_1_51' title='bbox 1528 993 1634 1043; x_wconf 79' lang='lat' dir='ltr'><strong><em>vos,</em></strong></span> <span class='ocrx_word' id='word_1_52' title='bbox 1668 985 1713 1030; x_wconf 87' lang='lat' dir='ltr'><strong><em>et</em></strong></span> <span class='ocrx_word' id='word_1_53' title='bbox 1740 991 1925 1047; x_wconf 80' lang='lat' dir='ltr'><strong><em>ponam</em></strong></span> <span class='ocrx_word' id='word_1_54' title='bbox 1951 991 2071 1046; x_wconf 78' lang='lat' dir='ltr'><strong><em>erga</em></strong></span> 
     </span>
    </p>
   </div>
   <div class='ocr_carea' id='block_1_8' title="bbox 478 1066 2068 1137">
    <p class='ocr_par' dir='ltr' id='par_1_8' title="bbox 478 1066 2068 1137">
     <span class='ocr_line' id='line_1_8' title="bbox 478 1066 2068 1137; baseline -0.004 -10"><span class='ocrx_word' id='word_1_55' title='bbox 478 1090 561 1127; x_wconf 76' lang='lat' dir='ltr'><strong><em>vos</em></strong></span> <span class='ocrx_word' id='word_1_56' title='bbox 587 1072 735 1126; x_wconf 82' lang='lat' dir='ltr'><strong><em>verba</em></strong></span> <span class='ocrx_word' id='word_1_57' title='bbox 761 1088 871 1127; x_wconf 83' lang='lat' dir='ltr'><strong><em>mea</em></strong></span> <span class='ocrx_word' id='word_1_58' title='bbox 899 1071 1048 1137; x_wconf 88' lang='lat' dir='ltr'><strong><em>bona,</em></strong></span> <span class='ocrx_word' id='word_1_59' title='bbox 1076 1080 1132 1125; x_wconf 87' lang='lat' dir='ltr'><strong><em>ut</em></strong></span> <span class='ocrx_word' id='word_1_60' title='bbox 1158 1070 1376 1125; x_wconf 84' lang='lat' dir='ltr'><strong><em>redeatis</em></strong></span> <span class='ocrx_word' id='word_1_61' title='bbox 1403 1069 1457 1122; x_wconf 87' lang='lat' dir='ltr'><strong><em>in</em></strong></span> <span class='ocrx_word' id='word_1_62' title='bbox 1486 1068 1651 1123; x_wconf 80' lang='lat' dir='ltr'><strong><em>locum</em></strong></span> <span class='ocrx_word' id='word_1_63' title='bbox 1677 1068 1812 1121; x_wconf 80' lang='lat' dir='ltr'><strong><em>hunc</em></strong></span> <span class='ocrx_word' id='word_1_64' title='bbox 1840 1066 2068 1137; x_wconf 80' lang='lat' dir='ltr'><strong><em>(Jerem.</em></strong></span> 
     </span>
    </p>
   </div>
   <div class='ocr_carea' id='block_1_9' title="bbox 477 1160 2070 1234">
    <p class='ocr_par' dir='ltr' id='par_1_9' title="bbox 477 1160 2070 1234">
     <span class='ocr_line' id='line_1_9' title="bbox 477 1160 2070 1234; baseline -0.004 -16"><span class='ocrx_word' id='word_1_65' title='bbox 477 1164 566 1218; x_wconf 78' lang='lat'><strong><em>‘29.</em></strong></span> <span class='ocrx_word' id='word_1_66' title='bbox 588 1161 687 1234; x_wconf 77' lang='grc'><strong>10)</strong></span> <span class='ocrx_word' id='word_1_67' title='bbox 720 1179 736 1217; x_wconf 88' lang='lat'><strong>:</strong></span> <span class='ocrx_word' id='word_1_68' title='bbox 765 1171 815 1217; x_wconf 89' lang='lat' dir='ltr'><strong><em>et</em></strong></span> <span class='ocrx_word' id='word_1_69' title='bbox 837 1172 1121 1217; x_wconf 85' lang='lat' dir='ltr'><strong><em>convertam</em></strong></span> <span class='ocrx_word' id='word_1_70' title='bbox 1147 1160 1482 1230; x_wconf 88' lang='lat' dir='ltr'><strong><em>captivitatent</em></strong></span> <span class='ocrx_word' id='word_1_71' title='bbox 1509 1168 1759 1224; x_wconf 87' lang='lat' dir='ltr'><strong><em>vestram,</em></strong></span> <span class='ocrx_word' id='word_1_72' title='bbox 1788 1168 1833 1211; x_wconf 90' lang='lat' dir='ltr'><strong><em>et</em></strong></span> <span class='ocrx_word' id='word_1_73' title='bbox 1856 1174 2070 1229; x_wconf 81' lang='lat' dir='ltr'><strong><em>congre-</em></strong></span> 
     </span>
    </p>
   </div>
   <div class='ocr_carea' id='block_1_10' title="bbox 477 1248 2071 1325">
    <p class='ocr_par' dir='ltr' id='par_1_10' title="bbox 477 1248 2071 1325">
     <span class='ocr_line' id='line_1_10' title="bbox 477 1248 2071 1325; baseline -0.003 -19"><span class='ocrx_word' id='word_1_74' title='bbox 477 1254 606 1325; x_wconf 79' lang='lat' dir='ltr'><strong><em>gabo</em></strong></span> <span class='ocrx_word' id='word_1_75' title='bbox 632 1270 722 1308; x_wconf 77' lang='lat' dir='ltr'><strong><em>sos</em></strong></span> <span class='ocrx_word' id='word_1_76' title='bbox 741 1269 804 1308; x_wconf 79' lang='lat' dir='ltr'><strong><em>ea:</em></strong></span> <span class='ocrx_word' id='word_1_77' title='bbox 827 1254 1059 1308; x_wconf 84' lang='lat' dir='ltr'><strong><em>omnibus</em></strong></span> <span class='ocrx_word' id='word_1_78' title='bbox 1080 1252 1329 1323; x_wconf 75' lang='lat' dir='ltr'><strong><em>gentibus,</em></strong></span> <span class='ocrx_word' id='word_1_79' title='bbox 1353 1260 1400 1305; x_wconf 89' lang='lat' dir='ltr'><strong><em>et</em></strong></span> <span class='ocrx_word' id='word_1_80' title='bbox 1426 1265 1489 1304; x_wconf 72' lang='lat' dir='ltr'><strong><em>ex:</em></strong></span> <span class='ocrx_word' id='word_1_81' title='bbox 1510 1250 1700 1303; x_wconf 85' lang='lat' dir='ltr'><strong><em>cunctis</em></strong></span> <span class='ocrx_word' id='word_1_82' title='bbox 1723 1248 1846 1303; x_wconf 88' lang='lat' dir='ltr'><strong><em>locis</em></strong></span> <span class='ocrx_word' id='word_1_83' title='bbox 1871 1249 1923 1301; x_wconf 83' lang='lat' dir='ltr'><strong><em>in</em></strong></span> <span class='ocrx_word' id='word_1_84' title='bbox 1946 1265 2071 1318; x_wconf 85' lang='lat' dir='ltr'><strong><em>quos</em></strong></span> 
     </span>
    </p>
   </div>
   <div class='ocr_carea' id='block_1_11' title="bbox 476 1341 2071 1417">
    <p class='ocr_par' dir='ltr' id='par_1_11' title="bbox 476 1341 2071 1417">
     <span class='ocr_line' id='line_1_11' title="bbox 476 1341 2071 1417; baseline -0.005 -16"><span class='ocrx_word' id='word_1_85' title='bbox 476 1347 691 1417; x_wconf 74' lang='lat' dir='ltr'><strong><em>dispersi</em></strong></span> <span class='ocrx_word' id='word_1_86' title='bbox 719 1362 805 1400; x_wconf 75' lang='lat' dir='ltr'><strong><em>vos</em></strong></span> <span class='ocrx_word' id='word_1_87' title='bbox 827 1388 841 1409; x_wconf 92' lang='lat'><strong><em>,</em></strong></span> <span class='ocrx_word' id='word_1_88' title='bbox 863 1346 987 1401; x_wconf 82' lang='lat' dir='ltr'><strong><em>dicit</em></strong></span> <span class='ocrx_word' id='word_1_89' title='bbox 1015 1343 1265 1398; x_wconf 79' lang='lat' dir='ltr'><strong><em>Dominus</em></strong></span> <span class='ocrx_word' id='word_1_90' title='bbox 1289 1385 1305 1411; x_wconf 91' lang='lat'><strong><em>,</em></strong></span> <span class='ocrx_word' id='word_1_91' title='bbox 1336 1352 1383 1397; x_wconf 90' lang='lat' dir='ltr'><strong><em>et</em></strong></span> <span class='ocrx_word' id='word_1_92' title='bbox 1405 1349 1693 1397; x_wconf 79' lang='lat' dir='ltr'><strong><em>convertam</em></strong></span> <span class='ocrx_word' id='word_1_93' title='bbox 1716 1354 1799 1395; x_wconf 81' lang='lat' dir='ltr'><strong><em>sos</em></strong></span> <span class='ocrx_word' id='word_1_94' title='bbox 1825 1341 1878 1395; x_wconf 88' lang='lat' dir='ltr'><strong><em>in</em></strong></span> <span class='ocrx_word' id='word_1_95' title='bbox 1904 1341 2071 1394; x_wconf 84' lang='lat' dir='ltr'><strong><em>locum</em></strong></span> 
     </span>
    </p>
   </div>
   <div class='ocr_carea' id='block_1_12' title="bbox 474 1434 2069 1509">
    <p class='ocr_par' dir='ltr' id='par_1_12' title="bbox 474 1434 2069 1509">
     <span class='ocr_line' id='line_1_12' title="bbox 474 1434 2069 1509; baseline -0.003 -16"><span class='ocrx_word' id='word_1_96' title='bbox 474 1438 612 1494; x_wconf 83' lang='lat' dir='ltr'><strong><em>unde</em></strong></span> <span class='ocrx_word' id='word_1_97' title='bbox 634 1456 721 1494; x_wconf 77' lang='lat' dir='ltr'><strong><em>vos</em></strong></span> <span class='ocrx_word' id='word_1_98' title='bbox 743 1439 1024 1509; x_wconf 74' lang='lat' dir='ltr'><strong><em>demigrare</em></strong></span> <span class='ocrx_word' id='word_1_99' title='bbox 1047 1437 1143 1507; x_wconf 72' lang='lat' dir='ltr'><strong><em>feci</em></strong></span> <span class='ocrx_word' id='word_1_100' title='bbox 1170 1435 1343 1508; x_wconf 86' lang='lat' dir='ltr'><strong><em>(Ibid.</em></strong></span> <span class='ocrx_word' id='word_1_101' title='bbox 1374 1455 1430 1493; x_wconf 88' lang='grc' dir='ltr'><strong><em>υ.</em></strong></span> <span class='ocrx_word' id='word_1_102' title='bbox 1455 1434 1583 1506; x_wconf 70' lang='grc'><strong>14).</strong></span> <span class='ocrx_word' id='word_1_103' title='bbox 1614 1434 1772 1490; x_wconf 79' lang='lat' dir='ltr'><strong><em>Vides</em></strong></span> <span class='ocrx_word' id='word_1_104' title='bbox 1801 1444 1856 1488; x_wconf 87' lang='lat' dir='ltr'><strong><em>ut</em></strong></span> <span class='ocrx_word' id='word_1_105' title='bbox 1884 1448 2069 1489; x_wconf 84' lang='lat' dir='ltr'><strong><em>rursus</em></strong></span> 
     </span>
    </p>
   </div>
   <div class='ocr_carea' id='block_1_13' title="bbox 477 1528 2071 1598">
    <p class='ocr_par' dir='ltr' id='par_1_13' title="bbox 477 1528 2071 1598">
     <span class='ocr_line' id='line_1_13' title="bbox 477 1528 2071 1598; baseline -0.003 -13"><span class='ocrx_word' id='word_1_106' title='bbox 477 1529 566 1586; x_wconf 91' lang='lat' dir='ltr'><strong><em>hic</em></strong></span> <span class='ocrx_word' id='word_1_107' title='bbox 591 1538 647 1586; x_wconf 91' lang='lat' dir='ltr'><strong><em>et</em></strong></span> <span class='ocrx_word' id='word_1_108' title='bbox 668 1530 939 1586; x_wconf 86' lang='lat' dir='ltr'><strong><em>civitatem</em></strong></span> <span class='ocrx_word' id='word_1_109' title='bbox 963 1528 1309 1598; x_wconf 78' lang='lat' dir='ltr'><strong><em>expresserit,</em></strong></span> <span class='ocrx_word' id='word_1_110' title='bbox 1327 1538 1381 1583; x_wconf 87' lang='lat' dir='ltr'><strong><em>et</em></strong></span> <span class='ocrx_word' id='word_1_111' title='bbox 1399 1541 1660 1582; x_wconf 83' lang='lat' dir='ltr'><strong><em>annorum</em></strong></span> <span class='ocrx_word' id='word_1_112' title='bbox 1688 1541 1991 1590; x_wconf 82' lang='lat' dir='ltr'><strong><em>numerum,</em></strong></span> <span class='ocrx_word' id='word_1_113' title='bbox 2015 1534 2071 1581; x_wconf 90' lang='lat' dir='ltr'><strong><em>et</em></strong></span> 
     </span>
    </p>
   </div>
   <div class='ocr_carea' id='block_1_14' title="bbox 478 1616 2068 1691">
    <p class='ocr_par' dir='ltr' id='par_1_14' title="bbox 478 1616 2068 1691">
     <span class='ocr_line' id='line_1_14' title="bbox 478 1616 2068 1691; baseline -0.004 -14"><span class='ocrx_word' id='word_1_114' title='bbox 478 1621 620 1677; x_wconf 81' lang='lat' dir='ltr'><strong><em>unde</em></strong></span> <span class='ocrx_word' id='word_1_115' title='bbox 649 1629 705 1676; x_wconf 91' lang='lat' dir='ltr'><strong><em>ct</em></strong></span> <span class='ocrx_word' id='word_1_116' title='bbox 730 1630 836 1691; x_wconf 86' lang='lat' dir='ltr'><strong><em>quo</em></strong></span> <span class='ocrx_word' id='word_1_117' title='bbox 872 1628 1018 1675; x_wconf 82' lang='lat' dir='ltr'><strong><em>esset</em></strong></span> <span class='ocrx_word' id='word_1_118' title='bbox 1055 1619 1174 1674; x_wconf 87' lang='lat' dir='ltr'><strong><em>illos</em></strong></span> <span class='ocrx_word' id='word_1_119' title='bbox 1217 1618 1682 1689; x_wconf 76' lang='lat' dir='ltr'><strong><em>congrt-gaturus?</em></strong></span> <span class='ocrx_word' id='word_1_120' title='bbox 1724 1617 1848 1673; x_wconf 85' lang='lat' dir='ltr'><strong><em>Ideo</em></strong></span> <span class='ocrx_word' id='word_1_121' title='bbox 1881 1616 2068 1671; x_wconf 81' lang='lat' dir='ltr'><strong><em>Daniel</em></strong></span> 
     </span>
    </p>
   </div>
   <div class='ocr_carea' id='block_1_15' title="bbox 479 1707 2071 1780">
    <p class='ocr_par' dir='ltr' id='par_1_15' title="bbox 479 1707 2071 1780">
     <span class='ocr_line' id='line_1_15' title="bbox 479 1707 2071 1780; baseline -0.001 -15"><span class='ocrx_word' id='word_1_122' title='bbox 479 1727 585 1768; x_wconf 86' lang='lat' dir='ltr'><strong><em>non</em></strong></span> <span class='ocrx_word' id='word_1_123' title='bbox 611 1710 757 1780; x_wconf 80' lang='lat' dir='ltr'><strong><em>prius</em></strong></span> <span class='ocrx_word' id='word_1_124' title='bbox 783 1725 946 1778; x_wconf 85' lang='lat' dir='ltr'><strong><em>super</em></strong></span> <span class='ocrx_word' id='word_1_125' title='bbox 973 1708 1057 1764; x_wconf 88' lang='lat' dir='ltr'><strong><em>his</em></strong></span> <span class='ocrx_word' id='word_1_126' title='bbox 1081 1710 1288 1779; x_wconf 77' lang='lat' dir='ltr'><strong><em>rogavit</em></strong></span> <span class='ocrx_word' id='word_1_127' title='bbox 1317 1710 1600 1764; x_wconf 88' lang='lat' dir='ltr'><strong><em>Dominum</em></strong></span> <span class='ocrx_word' id='word_1_128' title='bbox 1617 1748 1633 1774; x_wconf 91' lang='lat'><strong><em>,</em></strong></span> <span class='ocrx_word' id='word_1_129' title='bbox 1661 1724 1820 1778; x_wconf 84' lang='lat' dir='ltr'><strong><em>quam</em></strong></span> <span class='ocrx_word' id='word_1_130' title='bbox 1847 1707 2071 1764; x_wconf 75' lang='lat' dir='ltr'><strong><em>vidisset</em></strong></span> 
     </span>
    </p>
   </div>
   <div class='ocr_carea' id='block_1_16' title="bbox 476 1796 2068 1871">
    <p class='ocr_par' dir='ltr' id='par_1_16' title="bbox 476 1796 2068 1871">
     <span class='ocr_line' id='line_1_16' title="bbox 476 1796 2068 1871; baseline 0.001 -18"><span class='ocrx_word' id='word_1_131' title='bbox 476 1817 618 1856; x_wconf 78' lang='lat' dir='ltr'><strong><em>amo</em></strong></span> <span class='ocrx_word' id='word_1_132' title='bbox 637 1800 968 1871; x_wconf 74' lang='lat' dir='ltr'><strong><em>septuaginta</em></strong></span> <span class='ocrx_word' id='word_1_133' title='bbox 994 1800 1309 1869; x_wconf 88' lang='lat' dir='ltr'><strong><em>completos.</em></strong></span> <span class='ocrx_word' id='word_1_134' title='bbox 1338 1798 1470 1867; x_wconf 90' lang='lat' dir='ltr'><strong><em>Quis</em></strong></span> <span class='ocrx_word' id='word_1_135' title='bbox 1493 1800 1607 1855; x_wconf 77' lang='lat' dir='ltr'><strong><em>haec</em></strong></span> <span class='ocrx_word' id='word_1_136' title='bbox 1631 1799 1801 1855; x_wconf 77' lang='lat' dir='ltr'><strong><em>dicit?</em></strong></span> <span class='ocrx_word' id='word_1_137' title='bbox 1825 1796 1941 1870; x_wconf 85' lang='lat' dir='ltr'><strong><em>Ipse</em></strong></span> <span class='ocrx_word' id='word_1_138' title='bbox 1969 1799 2068 1854; x_wconf 83' lang='lat' dir='ltr'><strong><em>Da-</em></strong></span> 
     </span>
    </p>
   </div>
   <div class='ocr_carea' id='block_1_17' title="bbox 478 1892 2066 1966">
    <p class='ocr_par' dir='ltr' id='par_1_17' title="bbox 478 1892 2066 1966">
     <span class='ocr_line' id='line_1_17' title="bbox 478 1892 2066 1966; baseline -0.002 -18"><span class='ocrx_word' id='word_1_139' title='bbox 478 1894 580 1950; x_wconf 83' lang='lat' dir='ltr'><strong><em>niel</em></strong></span> <span class='ocrx_word' id='word_1_140' title='bbox 612 1896 683 1949; x_wconf 85' lang='lat' dir='ltr'><strong><em>ita</em></strong></span> <span class='ocrx_word' id='word_1_141' title='bbox 712 1895 935 1965; x_wconf 80' lang='lat' dir='ltr'><strong><em>loquens</em></strong></span> <span class='ocrx_word' id='word_1_142' title='bbox 962 1911 975 1945; x_wconf 87' lang='lat'><strong>:</strong></span> <span class='ocrx_word' id='word_1_143' title='bbox 1007 1893 1077 1947; x_wconf 84' lang='lat' dir='ltr'><strong><em>Et</em></strong></span> <span class='ocrx_word' id='word_1_144' title='bbox 1097 1910 1189 1966; x_wconf 85' lang='lat' dir='ltr'><strong><em>ego</em></strong></span> <span class='ocrx_word' id='word_1_145' title='bbox 1219 1892 1399 1948; x_wconf 79' lang='lat' dir='ltr'><strong><em>Daniel</em></strong></span> <span class='ocrx_word' id='word_1_146' title='bbox 1425 1893 1673 1965; x_wconf 72' lang='lat' dir='ltr'><strong><em>faciebam</em></strong></span> <span class='ocrx_word' id='word_1_147' title='bbox 1697 1909 1853 1963; x_wconf 77' lang='lat' dir='ltr'><strong><em>opera</em></strong></span> <span class='ocrx_word' id='word_1_148' title='bbox 1879 1892 2066 1963; x_wconf 78' lang='lat' dir='ltr'><strong><em>Regis,</em></strong></span> 
     </span>
    </p>
   </div>
   <div class='ocr_carea' id='block_1_18' title="bbox 476 1982 2064 2057">
    <p class='ocr_par' dir='ltr' id='par_1_18' title="bbox 476 1982 2064 2057">
     <span class='ocr_line' id='line_1_18' title="bbox 476 1982 2064 2057; baseline 0 -18"><span class='ocrx_word' id='word_1_149' title='bbox 476 1997 520 2039; x_wconf 69' lang='lat' dir='ltr'><strong><em>et</em></strong></span> <span class='ocrx_word' id='word_1_150' title='bbox 555 1985 848 2041; x_wconf 77' lang='lat' dir='ltr'><strong><em>admirabar</em></strong></span> <span class='ocrx_word' id='word_1_151' title='bbox 873 1986 1114 2041; x_wconf 73' lang='lat' dir='ltr'><strong><em>visionem</em></strong></span> <span class='ocrx_word' id='word_1_152' title='bbox 1138 2026 1154 2050; x_wconf 94' lang='lat'><strong><em>,</em></strong></span> <span class='ocrx_word' id='word_1_153' title='bbox 1186 2002 1275 2040; x_wconf 86' lang='lat' dir='ltr'><strong><em>nec</em></strong></span> <span class='ocrx_word' id='word_1_154' title='bbox 1311 1995 1418 2039; x_wconf 87' lang='lat' dir='ltr'><strong><em>erat</em></strong></span> <span class='ocrx_word' id='word_1_155' title='bbox 1449 1986 1535 2056; x_wconf 78' lang='lat' dir='ltr'><strong><em>qui</em></strong></span> <span class='ocrx_word' id='word_1_156' title='bbox 1562 1983 1863 2055; x_wconf 78' lang='lat' dir='ltr'><strong><em>intelligeret</em></strong></span> <span class='ocrx_word' id='word_1_157' title='bbox 1891 1982 2064 2057; x_wconf 90' lang='lat' dir='ltr'><strong><em>(Dan.</em></strong></span> 
     </span>
    </p>
   </div>
   <div class='ocr_carea' id='block_1_19' title="bbox 476 2078 2068 2150">
    <p class='ocr_par' dir='ltr' id='par_1_19' title="bbox 476 2078 2068 2150">
     <span class='ocr_line' id='line_1_19' title="bbox 476 2078 2068 2150; baseline -0.002 -16"><span class='ocrx_word' id='word_1_158' title='bbox 476 2082 529 2135; x_wconf 82' lang='lat'><strong><em>8.</em></strong></span> <span class='ocrx_word' id='word_1_159' title='bbox 554 2078 661 2150; x_wconf 64' lang='grc' dir='ltr'><strong><em>Ἦ)</em></strong></span> <span class='ocrx_word' id='word_1_160' title='bbox 693 2096 707 2133; x_wconf 89' lang='lat'><strong>:</strong></span> <span class='ocrx_word' id='word_1_161' title='bbox 740 2089 785 2134; x_wconf 90' lang='lat' dir='ltr'><strong><em>et</em></strong></span> <span class='ocrx_word' id='word_1_162' title='bbox 807 2080 1034 2134; x_wconf 72' lang='lat' dir='ltr'><strong><em>intellexi</em></strong></span> <span class='ocrx_word' id='word_1_163' title='bbox 1058 2079 1111 2132; x_wconf 87' lang='lat' dir='ltr'><strong><em>in</em></strong></span> <span class='ocrx_word' id='word_1_164' title='bbox 1140 2078 1280 2133; x_wconf 86' lang='lat' dir='ltr'><strong><em>libris</em></strong></span> <span class='ocrx_word' id='word_1_165' title='bbox 1304 2092 1567 2132; x_wconf 83' lang='lat' dir='ltr'><strong><em>numerum</em></strong></span> <span class='ocrx_word' id='word_1_166' title='bbox 1591 2090 1865 2143; x_wconf 85' lang='lat' dir='ltr'><strong><em>annorum,</em></strong></span> <span class='ocrx_word' id='word_1_167' title='bbox 1888 2088 1947 2132; x_wconf 86' lang='lat' dir='ltr'><strong><em>ut</em></strong></span> <span class='ocrx_word' id='word_1_168' title='bbox 1971 2078 2068 2148; x_wconf 76' lang='lat' dir='ltr'><strong><em>fuit</em></strong></span> 
     </span>
    </p>
   </div>
   <div class='ocr_carea' id='block_1_20' title="bbox 476 2168 2067 2241">
    <p class='ocr_par' dir='ltr' id='par_1_20' title="bbox 476 2168 2067 2241">
     <span class='ocr_line' id='line_1_20' title="bbox 476 2168 2067 2241; baseline -0.001 -16"><span class='ocrx_word' id='word_1_169' title='bbox 476 2187 641 2225; x_wconf 87' lang='lat' dir='ltr'><strong><em>sermo</em></strong></span> <span class='ocrx_word' id='word_1_170' title='bbox 657 2169 868 2224; x_wconf 81' lang='lat' dir='ltr'><strong><em>Domini</em></strong></span> <span class='ocrx_word' id='word_1_171' title='bbox 894 2168 964 2223; x_wconf 85' lang='lat' dir='ltr'><strong><em>ad</em></strong></span> <span class='ocrx_word' id='word_1_172' title='bbox 986 2168 1262 2224; x_wconf 86' lang='lat' dir='ltr'><strong><em>.lcremiam</em></strong></span> <span class='ocrx_word' id='word_1_173' title='bbox 1284 2170 1582 2241; x_wconf 66' lang='lat' dir='ltr'><strong><em>prophetam</em></strong></span> <span class='ocrx_word' id='word_1_174' title='bbox 1597 2212 1612 2235; x_wconf 92' lang='lat'><strong><em>,</em></strong></span> <span class='ocrx_word' id='word_1_175' title='bbox 1641 2170 1711 2224; x_wconf 75' lang='lat' dir='ltr'><strong><em>ad</em></strong></span> <span class='ocrx_word' id='word_1_176' title='bbox 1735 2170 2067 2241; x_wconf 68' lang='lat' dir='ltr'><strong><em>expietionem</em></strong></span> 
     </span>
    </p>
   </div>
   <div class='ocr_carea' id='block_1_21' title="bbox 475 2260 2067 2334">
    <p class='ocr_par' dir='ltr' id='par_1_21' title="bbox 475 2260 2067 2334">
     <span class='ocr_line' id='line_1_21' title="bbox 475 2260 2067 2334; baseline 0 -18"><span class='ocrx_word' id='word_1_177' title='bbox 475 2260 804 2316; x_wconf 75' lang='lat' dir='ltr'><strong><em>desolationis</em></strong></span> <span class='ocrx_word' id='word_1_178' title='bbox 838 2260 1169 2332; x_wconf 81' lang='lat' dir='ltr'><strong><em>Jerosolymte</em></strong></span> <span class='ocrx_word' id='word_1_179' title='bbox 1203 2262 1326 2316; x_wconf 87' lang='lat' dir='ltr'><strong><em>anni</em></strong></span> <span class='ocrx_word' id='word_1_180' title='bbox 1359 2262 1679 2334; x_wconf 85' lang='lat' dir='ltr'><strong><em>septuaginta</em></strong></span> <span class='ocrx_word' id='word_1_181' title='bbox 1704 2278 1725 2317; x_wconf 92' lang='lat'><strong><em>:</em></strong></span> <span class='ocrx_word' id='word_1_182' title='bbox 1750 2271 1799 2316; x_wconf 89' lang='lat' dir='ltr'><strong><em>et</em></strong></span> <span class='ocrx_word' id='word_1_183' title='bbox 1832 2262 1951 2318; x_wconf 73' lang='lat' dir='ltr'><strong><em>dedi</em></strong></span> <span class='ocrx_word' id='word_1_184' title='bbox 1986 2267 2067 2334; x_wconf 73' lang='lat' dir='ltr'><strong><em>[a-</em></strong></span> 
     </span>
    </p>
   </div>
   <div class='ocr_carea' id='block_1_22' title="bbox 474 2352 2068 2425">
    <p class='ocr_par' dir='ltr' id='par_1_22' title="bbox 474 2352 2068 2425">
     <span class='ocr_line' id='line_1_22' title="bbox 474 2352 2068 2425; baseline -0.001 -17"><span class='ocrx_word' id='word_1_185' title='bbox 474 2355 602 2408; x_wconf 76' lang='lat' dir='ltr'><strong><em>ciem</em></strong></span> <span class='ocrx_word' id='word_1_186' title='bbox 620 2353 687 2406; x_wconf 88' lang='lat' dir='ltr'><strong><em>ad</em></strong></span> <span class='ocrx_word' id='word_1_187' title='bbox 712 2352 986 2408; x_wconf 76' lang='lat' dir='ltr'><strong><em>Dominam</em></strong></span> <span class='ocrx_word' id='word_1_188' title='bbox 1005 2353 1172 2407; x_wconf 77' lang='lat' dir='ltr'><strong><em>Deum</em></strong></span> <span class='ocrx_word' id='word_1_189' title='bbox 1197 2370 1385 2421; x_wconf 78' lang='lat' dir='ltr'><strong><em>meum,</em></strong></span> <span class='ocrx_word' id='word_1_190' title='bbox 1411 2363 1466 2407; x_wconf 80' lang='lat' dir='ltr'><strong><em>ut</em></strong></span> <span class='ocrx_word' id='word_1_191' title='bbox 1488 2354 1797 2424; x_wconf 62' lang='lat' dir='ltr'><strong><em>exquirerem</em></strong></span> <span class='ocrx_word' id='word_1_192' title='bbox 1819 2370 1958 2425; x_wconf 79' lang='lat' dir='ltr'><strong><em>prect</em></strong></span> <span class='ocrx_word' id='word_1_193' title='bbox 1972 2355 2068 2408; x_wconf 59' lang='grc' dir='ltr'><strong><em>ιτοι</em></strong></span> 
     </span>
    </p>
   </div>
   <div class='ocr_carea' id='block_1_23' title="bbox 476 2442 2062 2518">
    <p class='ocr_par' dir='ltr' id='par_1_23' title="bbox 476 2442 2062 2518">
     <span class='ocr_line' id='line_1_23' title="bbox 476 2442 2062 2518; baseline -0.001 -21"><span class='ocrx_word' id='word_1_194' title='bbox 476 2461 588 2498; x_wconf 79' lang='lat' dir='ltr'><strong><em>nem</em></strong></span> <span class='ocrx_word' id='word_1_195' title='bbox 614 2453 659 2500; x_wconf 86' lang='lat' dir='ltr'><strong><em>et</em></strong></span> <span class='ocrx_word' id='word_1_196' title='bbox 685 2443 1075 2499; x_wconf 78' lang='lat' dir='ltr'><strong><em>obsecrationem</em></strong></span> <span class='ocrx_word' id='word_1_197' title='bbox 1097 2445 1148 2497; x_wconf 88' lang='lat' dir='ltr'><strong><em>in</em></strong></span> <span class='ocrx_word' id='word_1_198' title='bbox 1164 2444 1367 2514; x_wconf 84' lang='lat' dir='ltr'><strong><em>jejunio</em></strong></span> <span class='ocrx_word' id='word_1_199' title='bbox 1386 2486 1403 2512; x_wconf 92' lang='lat'><strong><em>,</em></strong></span> <span class='ocrx_word' id='word_1_200' title='bbox 1423 2460 1569 2499; x_wconf 88' lang='lat' dir='ltr'><strong><em>sacco</em></strong></span> <span class='ocrx_word' id='word_1_201' title='bbox 1588 2484 1604 2510; x_wconf 92' lang='lat'><strong><em>,</em></strong></span> <span class='ocrx_word' id='word_1_202' title='bbox 1633 2454 1678 2500; x_wconf 80' lang='lat' dir='ltr'><strong><em>et</em></strong></span> <span class='ocrx_word' id='word_1_203' title='bbox 1702 2445 1869 2500; x_wconf 87' lang='lat' dir='ltr'><strong><em>cinere</em></strong></span> <span class='ocrx_word' id='word_1_204' title='bbox 1889 2443 1909 2518; x_wconf 89' lang='lat'>(</span> <span class='ocrx_word' id='word_1_205' title='bbox 1929 2442 2062 2498; x_wconf 82' lang='lat' dir='ltr'><strong><em>Ibid.</em></strong></span> 
     </span>
    </p>
   </div>
   <div class='ocr_carea' id='block_1_24' title="bbox 474 2538 2063 2611">
    <p class='ocr_par' dir='ltr' id='par_1_24' title="bbox 474 2538 2063 2611">
     <span class='ocr_line' id='line_1_24' title="bbox 474 2538 2063 2611; baseline -0.001 -18"><span class='ocrx_word' id='word_1_206' title='bbox 474 2539 526 2593; x_wconf 78' lang='lat'><strong><em>9.</em></strong></span> <span class='ocrx_word' id='word_1_207' title='bbox 553 2539 608 2594; x_wconf 74' lang='lat'><strong><em>2.</em></strong></span> <span class='ocrx_word' id='word_1_208' title='bbox 634 2539 666 2595; x_wconf 80' lang='grc'>5</span> <span class='ocrx_word' id='word_1_209' title='bbox 690 2538 733 2607; x_wconf 91' lang='grc'><strong><em>).</em></strong></span> <span class='ocrx_word' id='word_1_210' title='bbox 764 2540 970 2595; x_wconf 85' lang='lat' dir='ltr'><strong><em>Audisti</em></strong></span> <span class='ocrx_word' id='word_1_211' title='bbox 996 2538 1444 2611; x_wconf 81' lang='lat' dir='ltr'><strong><em>quemadmodum</em></strong></span> <span class='ocrx_word' id='word_1_212' title='bbox 1464 2538 1582 2594; x_wconf 66' lang='lat' dir='ltr'><strong><em>haec</em></strong></span> <span class='ocrx_word' id='word_1_213' title='bbox 1602 2553 1816 2610; x_wconf 88' lang='lat' dir='ltr'><strong><em>quoque</em></strong></span> <span class='ocrx_word' id='word_1_214' title='bbox 1837 2538 2063 2610; x_wconf 83' lang='lat' dir='ltr'><strong><em>captivi-</em></strong></span> 
     </span>
    </p>
   </div>
   <div class='ocr_carea' id='block_1_25' title="bbox 474 2630 2063 2703">
    <p class='ocr_par' dir='ltr' id='par_1_25' title="bbox 474 2630 2063 2703">
     <span class='ocr_line' id='line_1_25' title="bbox 474 2630 2063 2703; baseline -0.001 -17"><span class='ocrx_word' id='word_1_215' title='bbox 474 2643 553 2687; x_wconf 87' lang='lat' dir='ltr'><strong><em>tas</em></strong></span> <span class='ocrx_word' id='word_1_216' title='bbox 574 2648 623 2703; x_wconf 76' lang='lat' dir='ltr'><strong><em>pi</em></strong></span> <span class='ocrx_word' id='word_1_217' title='bbox 637 2631 826 2689; x_wconf 65' lang='lat' dir='ltr'><strong><em>adicta</em></strong></span> <span class='ocrx_word' id='word_1_218' title='bbox 850 2631 1026 2700; x_wconf 87' lang='lat' dir='ltr'><strong><em>fuerit,</em></strong></span> <span class='ocrx_word' id='word_1_219' title='bbox 1049 2642 1101 2687; x_wconf 90' lang='lat' dir='ltr'><strong><em>et</em></strong></span> <span class='ocrx_word' id='word_1_220' title='bbox 1116 2630 1372 2703; x_wconf 77' lang='lat' dir='ltr'><strong><em>propheta</em></strong></span> <span class='ocrx_word' id='word_1_221' title='bbox 1391 2645 1497 2686; x_wconf 88' lang='lat' dir='ltr'><strong><em>non</em></strong></span> <span class='ocrx_word' id='word_1_222' title='bbox 1519 2644 1682 2685; x_wconf 86' lang='lat' dir='ltr'><strong><em>ausus</em></strong></span> <span class='ocrx_word' id='word_1_223' title='bbox 1699 2630 1857 2686; x_wconf 85' lang='lat' dir='ltr'><strong><em>fuerit</em></strong></span> <span class='ocrx_word' id='word_1_224' title='bbox 1878 2643 2063 2700; x_wconf 83' lang='lat' dir='ltr'><strong><em>preces</em></strong></span> 
     </span>
    </p>
   </div>
   <div class='ocr_carea' id='block_1_26' title="bbox 470 2723 2063 2793">
    <p class='ocr_par' dir='ltr' id='par_1_26' title="bbox 470 2723 2063 2793">
     <span class='ocr_line' id='line_1_26' title="bbox 470 2723 2063 2793; baseline -0.001 -16"><span class='ocrx_word' id='word_1_225' title='bbox 470 2733 527 2777; x_wconf 83' lang='lat' dir='ltr'><strong><em>et</em></strong></span> <span class='ocrx_word' id='word_1_226' title='bbox 567 2723 1009 2793; x_wconf 75' lang='lat' dir='ltr'><strong><em>supplicationem</em></strong></span> <span class='ocrx_word' id='word_1_227' title='bbox 1050 2724 1340 2778; x_wconf 76' lang='lat' dir='ltr'><strong><em>admovere</em></strong></span> <span class='ocrx_word' id='word_1_228' title='bbox 1375 2723 1484 2777; x_wconf 89' lang='lat' dir='ltr'><strong><em>Deo</em></strong></span> <span class='ocrx_word' id='word_1_229' title='bbox 1520 2729 1648 2776; x_wconf 83' lang='lat' dir='ltr'><strong><em>ante</em></strong></span> <span class='ocrx_word' id='word_1_230' title='bbox 1688 2729 1899 2790; x_wconf 82' lang='lat' dir='ltr'><strong><em>tempus</em></strong></span> <span class='ocrx_word' id='word_1_231' title='bbox 1925 2734 2063 2789; x_wconf 69' lang='lat' dir='ltr'><strong><em>pne-</em></strong></span> 
     </span>
    </p>
   </div>
   <div class='ocr_carea' id='block_1_27' title="bbox 472 2810 2064 2885">
    <p class='ocr_par' dir='ltr' id='par_1_27' title="bbox 472 2810 2064 2885">
     <span class='ocr_line' id='line_1_27' title="bbox 472 2810 2064 2885; baseline -0.002 -16"><span class='ocrx_word' id='word_1_232' title='bbox 472 2813 700 2881; x_wconf 74' lang='lat' dir='ltr'><strong><em>lin&#39;lum,</em></strong></span> <span class='ocrx_word' id='word_1_233' title='bbox 725 2830 792 2871; x_wconf 85' lang='lat' dir='ltr'><strong><em>ne</em></strong></span> <span class='ocrx_word' id='word_1_234' title='bbox 816 2814 1010 2871; x_wconf 80' lang='lat' dir='ltr'><strong><em>frustra</em></strong></span> <span class='ocrx_word' id='word_1_235' title='bbox 1033 2824 1343 2885; x_wconf 84' lang='lat' dir='ltr'><strong><em>temereque</em></strong></span> <span class='ocrx_word' id='word_1_236' title='bbox 1365 2812 1649 2879; x_wconf 79' lang='lat' dir='ltr'><strong><em>accedens,</em></strong></span> <span class='ocrx_word' id='word_1_237' title='bbox 1671 2811 1900 2878; x_wconf 84' lang='lat' dir='ltr'><strong><em>audiret,</em></strong></span> <span class='ocrx_word' id='word_1_238' title='bbox 1923 2810 2064 2882; x_wconf 82' lang='lat' dir='ltr'><strong><em>quod</em></strong></span> 
     </span>
    </p>
   </div>
   <div class='ocr_carea' id='block_1_28' title="bbox 472 2905 2067 2979">
    <p class='ocr_par' dir='ltr' id='par_1_28' title="bbox 472 2905 2067 2979">
     <span class='ocr_line' id='line_1_28' title="bbox 472 2905 2067 2979; baseline -0.002 -18"><span class='ocrx_word' id='word_1_239' title='bbox 472 2906 677 2962; x_wconf 68' lang='lat' dir='ltr'><strong><em>mndivit</em></strong></span> <span class='ocrx_word' id='word_1_240' title='bbox 703 2908 969 2963; x_wconf 83' lang='lat' dir='ltr'><strong><em>Jeremias</em></strong></span> <span class='ocrx_word' id='word_1_241' title='bbox 998 2925 1011 2961; x_wconf 89' lang='lat'>:</span> <span class='ocrx_word' id='word_1_242' title='bbox 1044 2905 1129 2963; x_wconf 84' lang='lat' dir='ltr'><strong><em>Ne</em></strong></span> <span class='ocrx_word' id='word_1_243' title='bbox 1154 2907 1411 2979; x_wconf 77' lang='lat' dir='ltr'><strong><em>rogaveris</em></strong></span> <span class='ocrx_word' id='word_1_244' title='bbox 1429 2922 1523 2976; x_wconf 78' lang='lat' dir='ltr'><strong><em>pro</em></strong></span> <span class='ocrx_word' id='word_1_245' title='bbox 1548 2905 1741 2976; x_wconf 75' lang='lat' dir='ltr'><strong><em>papula</em></strong></span> <span class='ocrx_word' id='word_1_246' title='bbox 1763 2906 1880 2972; x_wconf 77' lang='lat' dir='ltr'><strong><em>hoc,</em></strong></span> <span class='ocrx_word' id='word_1_247' title='bbox 1904 2919 2067 2977; x_wconf 76' lang='lat' dir='ltr'><strong><em>neque</em></strong></span> 
     </span>
    </p>
   </div>
   <div class='ocr_carea' id='block_1_29' title="bbox 471 2994 2066 3069">
    <p class='ocr_par' dir='ltr' id='par_1_29' title="bbox 471 2994 2066 3069">
     <span class='ocr_line' id='line_1_29' title="bbox 471 2994 2066 3069; baseline -0.001 -17"><span class='ocrx_word' id='word_1_248' title='bbox 471 2999 741 3069; x_wconf 60' lang='lat' dir='ltr'><strong><em>pstulat-is</em></strong></span> <span class='ocrx_word' id='word_1_249' title='bbox 769 3014 861 3069; x_wconf 80' lang='lat' dir='ltr'><strong><em>pro</em></strong></span> <span class='ocrx_word' id='word_1_250' title='bbox 886 2998 990 3053; x_wconf 77' lang='lat' dir='ltr'><strong><em>illis</em></strong></span> <span class='ocrx_word' id='word_1_251' title='bbox 1019 3013 1040 3053; x_wconf 88' lang='lat'><strong><em>:</em></strong></span> <span class='ocrx_word' id='word_1_252' title='bbox 1066 2999 1304 3069; x_wconf 79' lang='lat' dir='ltr'><strong><em>quoniam</em></strong></span> <span class='ocrx_word' id='word_1_253' title='bbox 1332 3012 1433 3051; x_wconf 84' lang='lat' dir='ltr'><strong><em>non</em></strong></span> <span class='ocrx_word' id='word_1_254' title='bbox 1462 2996 1733 3052; x_wconf 65' lang='lat' dir='ltr'><strong><em>exaudiam</em></strong></span> <span class='ocrx_word' id='word_1_255' title='bbox 1761 3004 1808 3050; x_wconf 91' lang='lat' dir='ltr'><strong><em>te</em></strong></span> <span class='ocrx_word' id='word_1_256' title='bbox 1832 2994 2066 3066; x_wconf 76' lang='lat' dir='ltr'><strong><em>(larem.</em></strong></span> 
     </span>
    </p>
   </div>
   <div class='ocr_carea' id='block_1_30' title="bbox 472 3088 2063 3162">
    <p class='ocr_par' dir='ltr' id='par_1_30' title="bbox 472 3088 2063 3162">
     <span class='ocr_line' id='line_1_30' title="bbox 472 3088 2063 3162; baseline -0.003 -15"><span class='ocrx_word' id='word_1_257' title='bbox 472 3093 559 3147; x_wconf 76' lang='lat' dir='ltr'><strong><em>M.</em></strong></span> <span class='ocrx_word' id='word_1_258' title='bbox 589 3092 676 3147; x_wconf 76' lang='grc'><strong>11.</strong></span> <span class='ocrx_word' id='word_1_259' title='bbox 706 3091 821 3162; x_wconf 72' lang='grc'><strong>12).</strong></span> <span class='ocrx_word' id='word_1_260' title='bbox 843 3090 1038 3146; x_wconf 84' lang='lat' dir='ltr'><strong><em>Verum</em></strong></span> <span class='ocrx_word' id='word_1_261' title='bbox 1067 3091 1155 3146; x_wconf 86' lang='lat' dir='ltr'><strong><em>ubi</em></strong></span> <span class='ocrx_word' id='word_1_262' title='bbox 1188 3088 1319 3146; x_wconf 74' lang='lat' dir='ltr'><strong><em>vidit</em></strong></span> <span class='ocrx_word' id='word_1_263' title='bbox 1338 3091 1646 3145; x_wconf 81' lang='lat' dir='ltr'><strong><em>vaticinium</em></strong></span> <span class='ocrx_word' id='word_1_264' title='bbox 1675 3102 1795 3145; x_wconf 82' lang='lat' dir='ltr'><strong><em>esse</em></strong></span> <span class='ocrx_word' id='word_1_265' title='bbox 1821 3089 2063 3160; x_wconf 81' lang='lat' dir='ltr'><strong><em>comple-</em></strong></span> 
     </span>
    </p>
   </div>
   <div class='ocr_carea' id='block_1_31' title="bbox 471 3180 2060 3259">
    <p class='ocr_par' dir='ltr' id='par_1_31' title="bbox 471 3180 2060 3259">
     <span class='ocr_line' id='line_1_31' title="bbox 471 3180 2060 3259; baseline -0.003 -21"><span class='ocrx_word' id='word_1_266' title='bbox 471 3196 579 3238; x_wconf 86' lang='lat' dir='ltr'><strong><em>tum</em></strong></span> <span class='ocrx_word' id='word_1_267' title='bbox 600 3225 621 3252; x_wconf 88' lang='lat'><strong><em>,</em></strong></span> <span class='ocrx_word' id='word_1_268' title='bbox 645 3183 913 3254; x_wconf 80' lang='lat' dir='ltr'><strong><em>simulque</em></strong></span> <span class='ocrx_word' id='word_1_269' title='bbox 943 3191 1150 3253; x_wconf 88' lang='lat' dir='ltr'><strong><em>tempus</em></strong></span> <span class='ocrx_word' id='word_1_270' title='bbox 1172 3190 1362 3238; x_wconf 81' lang='lat' dir='ltr'><strong><em>voeare</em></strong></span> <span class='ocrx_word' id='word_1_271' title='bbox 1387 3181 1453 3236; x_wconf 87' lang='lat' dir='ltr'><strong><em>ad</em></strong></span> <span class='ocrx_word' id='word_1_272' title='bbox 1485 3180 1735 3259; x_wconf 77' lang='lat' dir='ltr'><strong><em>reditum,</em></strong></span> <span class='ocrx_word' id='word_1_273' title='bbox 1768 3188 1893 3235; x_wconf 83' lang='lat' dir='ltr'><strong><em>tunc</em></strong></span> <span class='ocrx_word' id='word_1_274' title='bbox 1919 3186 2060 3246; x_wconf 84' lang='lat' dir='ltr'><strong><em>orat,</em></strong></span> 
     </span>
    </p>
   </div>
   <div class='ocr_carea' id='block_1_32' title="bbox 470 3270 2063 3345">
    <p class='ocr_par' dir='ltr' id='par_1_32' title="bbox 470 3270 2063 3345">
     <span class='ocr_line' id='line_1_32' title="bbox 470 3270 2063 3345; baseline -0.003 -16"><span class='ocrx_word' id='word_1_275' title='bbox 470 3290 571 3332; x_wconf 87' lang='lat' dir='ltr'><strong><em>nec</em></strong></span> <span class='ocrx_word' id='word_1_276' title='bbox 607 3275 959 3345; x_wconf 86' lang='lat' dir='ltr'><strong><em>simpliciter,</em></strong></span> <span class='ocrx_word' id='word_1_277' title='bbox 994 3274 1088 3329; x_wconf 90' lang='lat' dir='ltr'><strong><em>sed</em></strong></span> <span class='ocrx_word' id='word_1_278' title='bbox 1127 3272 1185 3328; x_wconf 87' lang='lat' dir='ltr'><strong><em>in</em></strong></span> <span class='ocrx_word' id='word_1_279' title='bbox 1212 3271 1453 3344; x_wconf 83' lang='lat' dir='ltr'><strong><em>jejunio,</em></strong></span> <span class='ocrx_word' id='word_1_280' title='bbox 1491 3285 1649 3327; x_wconf 71' lang='lat' dir='ltr'><strong><em>Sat-eo</em></strong></span> <span class='ocrx_word' id='word_1_281' title='bbox 1677 3278 1733 3327; x_wconf 86' lang='lat' dir='ltr'><strong><em>et</em></strong></span> <span class='ocrx_word' id='word_1_282' title='bbox 1758 3270 1942 3326; x_wconf 82' lang='lat' dir='ltr'><strong><em>cinere</em></strong></span> <span class='ocrx_word' id='word_1_283' title='bbox 1968 3286 1981 3324; x_wconf 91' lang='lat'><strong>:</strong></span> <span class='ocrx_word' id='word_1_284' title='bbox 2011 3279 2063 3324; x_wconf 87' lang='lat' dir='ltr'><strong><em>et</em></strong></span> 
     </span>
    </p>
   </div>
   <div class='ocr_carea' id='block_1_33' title="bbox 467 3361 2063 3438">
    <p class='ocr_par' dir='ltr' id='par_1_33' title="bbox 467 3361 2063 3438">
     <span class='ocr_line' id='line_1_33' title="bbox 467 3361 2063 3438; baseline -0.005 -15"><span class='ocrx_word' id='word_1_285' title='bbox 467 3366 610 3438; x_wconf 77' lang='lat' dir='ltr'><strong><em>quod</em></strong></span> <span class='ocrx_word' id='word_1_286' title='bbox 647 3367 700 3421; x_wconf 90' lang='lat' dir='ltr'><strong><em>in</em></strong></span> <span class='ocrx_word' id='word_1_287' title='bbox 724 3366 997 3423; x_wconf 85' lang='lat' dir='ltr'><strong><em>hominum</em></strong></span> <span class='ocrx_word' id='word_1_288' title='bbox 1021 3365 1260 3421; x_wconf 83' lang='lat' dir='ltr'><strong><em>moribus</em></strong></span> <span class='ocrx_word' id='word_1_289' title='bbox 1286 3365 1505 3420; x_wconf 78' lang='lat' dir='ltr'><strong><em>evenire</em></strong></span> <span class='ocrx_word' id='word_1_290' title='bbox 1530 3364 1687 3429; x_wconf 84' lang='lat' dir='ltr'><strong><em>solet,</em></strong></span> <span class='ocrx_word' id='word_1_291' title='bbox 1710 3362 1764 3418; x_wconf 90' lang='lat' dir='ltr'><strong><em>id</em></strong></span> <span class='ocrx_word' id='word_1_292' title='bbox 1793 3361 1920 3419; x_wconf 80' lang='lat' dir='ltr'><strong><em>iecit</em></strong></span> <span class='ocrx_word' id='word_1_293' title='bbox 1939 3375 2063 3432; x_wconf 77' lang='lat' dir='ltr'><strong><em>ergo</em></strong></span> 
     </span>
    </p>
   </div>
   <div class='ocr_carea' id='block_1_34' title="bbox 471 3453 2066 3525">
    <p class='ocr_par' dir='ltr' id='par_1_34' title="bbox 471 3453 2066 3525">
     <span class='ocr_line' id='line_1_34' title="bbox 471 3453 2066 3525; baseline -0.004 -13"><span class='ocrx_word' id='word_1_294' title='bbox 471 3458 660 3513; x_wconf 81' lang='lat' dir='ltr'><strong><em>Deum.</em></strong></span> <span class='ocrx_word' id='word_1_295' title='bbox 692 3456 800 3512; x_wconf 85' lang='lat' dir='ltr'><strong><em>Nos</em></strong></span> <span class='ocrx_word' id='word_1_296' title='bbox 825 3458 967 3514; x_wconf 87' lang='lat' dir='ltr'><strong><em>enim</em></strong></span> <span class='ocrx_word' id='word_1_297' title='bbox 1004 3472 1127 3512; x_wconf 89' lang='lat' dir='ltr'><strong><em>cum</em></strong></span> <span class='ocrx_word' id='word_1_298' title='bbox 1147 3455 1392 3511; x_wconf 84' lang='lat' dir='ltr'><strong><em>videmus</em></strong></span> <span class='ocrx_word' id='word_1_299' title='bbox 1422 3455 1667 3524; x_wconf 80' lang='lat' dir='ltr'><strong><em>aliquos,</em></strong></span> <span class='ocrx_word' id='word_1_300' title='bbox 1713 3454 1804 3525; x_wconf 87' lang='lat' dir='ltr'><strong><em>qui</em></strong></span> <span class='ocrx_word' id='word_1_301' title='bbox 1837 3453 2066 3509; x_wconf 74' lang='lat' dir='ltr'><strong><em>famuhis</em></strong></span> 
     </span>
    </p>
   </div>
   <div class='ocr_carea' id='block_1_35' title="bbox 469 3545 2063 3620">
    <p class='ocr_par' dir='ltr' id='par_1_35' title="bbox 469 3545 2063 3620">
     <span class='ocr_line' id='line_1_35' title="bbox 469 3545 2063 3620; baseline -0.001 -19"><span class='ocrx_word' id='word_1_302' title='bbox 469 3557 590 3620; x_wconf 85' lang='lat' dir='ltr'><strong><em>post</em></strong></span> <span class='ocrx_word' id='word_1_303' title='bbox 621 3549 782 3603; x_wconf 87' lang='lat' dir='ltr'><strong><em>multa</em></strong></span> <span class='ocrx_word' id='word_1_304' title='bbox 821 3548 1109 3619; x_wconf 79' lang='lat' dir='ltr'><strong><em>graviaque</em></strong></span> <span class='ocrx_word' id='word_1_305' title='bbox 1145 3546 1431 3602; x_wconf 70' lang='lat' dir='ltr'><strong><em>conmissa</em></strong></span> <span class='ocrx_word' id='word_1_306' title='bbox 1472 3546 1818 3616; x_wconf 79' lang='lat' dir='ltr'><strong><em>eonjeccrunt</em></strong></span> <span class='ocrx_word' id='word_1_307' title='bbox 1853 3545 1905 3600; x_wconf 89' lang='lat' dir='ltr'><strong><em>in</em></strong></span> <span class='ocrx_word' id='word_1_308' title='bbox 1943 3546 2063 3600; x_wconf 81' lang='lat' dir='ltr'><strong><em>vin—</em></strong></span> 
     </span>
    </p>
   </div>
   <div class='ocr_carea' id='block_1_36' title="bbox 469 3637 2067 3709">
    <p class='ocr_par' dir='ltr' id='par_1_36' title="bbox 469 3637 2067 3709">
     <span class='ocr_line' id='line_1_36' title="bbox 469 3637 2067 3709; baseline 0 -15"><span class='ocrx_word' id='word_1_309' title='bbox 469 3640 613 3707; x_wconf 86' lang='lat' dir='ltr'><strong><em>cuia,</em></strong></span> <span class='ocrx_word' id='word_1_310' title='bbox 640 3655 745 3695; x_wconf 86' lang='lat' dir='ltr'><strong><em>non</em></strong></span> <span class='ocrx_word' id='word_1_311' title='bbox 777 3639 1022 3709; x_wconf 83' lang='lat' dir='ltr'><strong><em>protinus</em></strong></span> <span class='ocrx_word' id='word_1_312' title='bbox 1050 3639 1101 3692; x_wconf 89' lang='lat' dir='ltr'><strong><em>in</em></strong></span> <span class='ocrx_word' id='word_1_313' title='bbox 1132 3638 1399 3709; x_wconf 78' lang='lat' dir='ltr'><strong><em>principio</em></strong></span> <span class='ocrx_word' id='word_1_314' title='bbox 1421 3638 1750 3708; x_wconf 75' lang='lat' dir='ltr'><strong><em>exordioque</em></strong></span> <span class='ocrx_word' id='word_1_315' title='bbox 1774 3637 2067 3708; x_wconf 83' lang='lat' dir='ltr'><strong><em>punitionis</em></strong></span> 
     </span>
    </p>
   </div>
   <div class='ocr_carea' id='block_1_37' title="bbox 468 3729 2069 3800">
    <p class='ocr_par' dir='ltr' id='par_1_37' title="bbox 468 3729 2069 3800">
     <span class='ocr_line' id='line_1_37' title="bbox 468 3729 2069 3800; baseline -0.001 -14"><span class='ocrx_word' id='word_1_316' title='bbox 468 3731 820 3787; x_wconf 79' lang='lat' dir='ltr'><strong><em>admovemus</em></strong></span> <span class='ocrx_word' id='word_1_317' title='bbox 844 3730 1289 3800; x_wconf 81' lang='lat' dir='ltr'><strong><em>supplicationem</em></strong></span> <span class='ocrx_word' id='word_1_318' title='bbox 1322 3746 1336 3784; x_wconf 89' lang='lat'><strong>:</strong></span> <span class='ocrx_word' id='word_1_319' title='bbox 1369 3729 1463 3785; x_wconf 84' lang='lat' dir='ltr'><strong><em>sed</em></strong></span> <span class='ocrx_word' id='word_1_320' title='bbox 1490 3729 1583 3785; x_wconf 84' lang='lat' dir='ltr'><strong><em>ubi</em></strong></span> <span class='ocrx_word' id='word_1_321' title='bbox 1604 3730 1922 3785; x_wconf 85' lang='lat' dir='ltr'><strong><em>sciverimus</em></strong></span> <span class='ocrx_word' id='word_1_322' title='bbox 1943 3729 2069 3785; x_wconf 80' lang='lat' dir='ltr'><strong><em>illos</em></strong></span> 
     </span>
    </p>
   </div>
   <div class='ocr_carea' id='block_1_38' title="bbox 468 3818 2067 3893">
    <p class='ocr_par' dir='ltr' id='par_1_38' title="bbox 468 3818 2067 3893">
     <span class='ocr_line' id='line_1_38' title="bbox 468 3818 2067 3893; baseline 0 -17"><span class='ocrx_word' id='word_1_323' title='bbox 468 3821 672 3893; x_wconf 84' lang='lat' dir='ltr'><strong><em>aliquot</em></strong></span> <span class='ocrx_word' id='word_1_324' title='bbox 711 3820 829 3877; x_wconf 86' lang='lat' dir='ltr'><strong><em>dics</em></strong></span> <span class='ocrx_word' id='word_1_325' title='bbox 867 3820 1276 3889; x_wconf 80' lang='lat' dir='ltr'><strong><em>temperatiorcs</em></strong></span> <span class='ocrx_word' id='word_1_326' title='bbox 1301 3834 1427 3876; x_wconf 86' lang='lat' dir='ltr'><strong><em>esse</em></strong></span> <span class='ocrx_word' id='word_1_327' title='bbox 1461 3818 1662 3888; x_wconf 79' lang='lat' dir='ltr'><strong><em>factos,</em></strong></span> <span class='ocrx_word' id='word_1_328' title='bbox 1691 3828 1819 3875; x_wconf 81' lang='lat' dir='ltr'><strong><em>tunc</em></strong></span> <span class='ocrx_word' id='word_1_329' title='bbox 1853 3820 2067 3876; x_wconf 82' lang='lat' dir='ltr'><strong><em>adimus</em></strong></span> 
     </span>
    </p>
   </div>
   <div class='ocr_carea' id='block_1_39' title="bbox 473 3911 2066 3982">
    <p class='ocr_par' dir='ltr' id='par_1_39' title="bbox 473 3911 2066 3982">
     <span class='ocr_line' id='line_1_39' title="bbox 473 3911 2066 3982; baseline 0.001 -15"><span class='ocrx_word' id='word_1_330' title='bbox 473 3914 637 3969; x_wconf 77' lang='lat' dir='ltr'><strong><em>heros</em></strong></span> <span class='ocrx_word' id='word_1_331' title='bbox 659 3954 675 3980; x_wconf 95' lang='lat'><strong><em>,</em></strong></span> <span class='ocrx_word' id='word_1_332' title='bbox 717 3911 857 3966; x_wconf 86' lang='lat' dir='ltr'><strong><em>nacti</em></strong></span> <span class='ocrx_word' id='word_1_333' title='bbox 892 3911 1003 3981; x_wconf 86' lang='lat' dir='ltr'><strong><em>jam</em></strong></span> <span class='ocrx_word' id='word_1_334' title='bbox 1041 3920 1095 3966; x_wconf 89' lang='lat' dir='ltr'><strong><em>et</em></strong></span> <span class='ocrx_word' id='word_1_335' title='bbox 1131 3912 1198 3967; x_wconf 80' lang='lat' dir='ltr'><strong><em>ab</em></strong></span> <span class='ocrx_word' id='word_1_336' title='bbox 1228 3912 1344 3982; x_wconf 81' lang='lat' dir='ltr'><strong><em>ipso</em></strong></span> <span class='ocrx_word' id='word_1_337' title='bbox 1375 3920 1614 3982; x_wconf 87' lang='lat' dir='ltr'><strong><em>tempore</em></strong></span> <span class='ocrx_word' id='word_1_338' title='bbox 1650 3911 1924 3966; x_wconf 67' lang='lat' dir='ltr'><strong><em>auxilitum</em></strong></span> <span class='ocrx_word' id='word_1_339' title='bbox 1954 3911 2066 3968; x_wconf 77' lang='lat' dir='ltr'><strong><em>Hoc</em></strong></span> 
     </span>
    </p>
   </div>
   <div class='ocr_carea' id='block_1_40' title="bbox 472 4002 2065 4075">
    <p class='ocr_par' dir='ltr' id='par_1_40' title="bbox 472 4002 2065 4075">
     <span class='ocr_line' id='line_1_40' title="bbox 472 4002 2065 4075; baseline 0.002 -17"><span class='ocrx_word' id='word_1_340' title='bbox 472 4020 603 4060; x_wconf 85' lang='lat' dir='ltr'><strong><em>sane</em></strong></span> <span class='ocrx_word' id='word_1_341' title='bbox 636 4012 694 4061; x_wconf 83' lang='lat' dir='ltr'><strong><em>et</em></strong></span> <span class='ocrx_word' id='word_1_342' title='bbox 733 4002 991 4073; x_wconf 80' lang='lat' dir='ltr'><strong><em>propheta</em></strong></span> <span class='ocrx_word' id='word_1_343' title='bbox 1024 4002 1167 4058; x_wconf 86' lang='lat' dir='ltr'><strong><em>fecit.</em></strong></span> <span class='ocrx_word' id='word_1_344' title='bbox 1203 4004 1491 4074; x_wconf 76' lang='lat' dir='ltr'><strong><em>Postquam</em></strong></span> <span class='ocrx_word' id='word_1_345' title='bbox 1518 4004 1661 4059; x_wconf 86' lang='lat' dir='ltr'><strong><em>enim</em></strong></span> <span class='ocrx_word' id='word_1_346' title='bbox 1691 4020 1877 4075; x_wconf 61' lang='lat' dir='ltr'><strong><em>pinnas</em></strong></span> <span class='ocrx_word' id='word_1_347' title='bbox 1898 4005 2065 4061; x_wconf 83' lang='lat' dir='ltr'><strong><em>dede-</em></strong></span> 
     </span>
    </p>
   </div>
   <div class='ocr_carea' id='block_1_41' title="bbox 472 4096 2064 4167">
    <p class='ocr_par' dir='ltr' id='par_1_41' title="bbox 472 4096 2064 4167">
     <span class='ocr_line' id='line_1_41' title="bbox 472 4096 2064 4167; baseline 0.001 -13"><span class='ocrx_word' id='word_1_348' title='bbox 472 4107 593 4154; x_wconf 83' lang='lat' dir='ltr'><strong><em>rant</em></strong></span> <span class='ocrx_word' id='word_1_349' title='bbox 614 4140 627 4164; x_wconf 90' lang='lat'><strong><em>,</em></strong></span> <span class='ocrx_word' id='word_1_350' title='bbox 656 4097 1063 4167; x_wconf 72' lang='lat' dir='ltr'><strong><em>haudquaquam</em></strong></span> <span class='ocrx_word' id='word_1_351' title='bbox 1092 4096 1283 4166; x_wconf 73' lang='lat' dir='ltr'><strong><em>dignas</em></strong></span> <span class='ocrx_word' id='word_1_352' title='bbox 1314 4097 1563 4152; x_wconf 85' lang='lat' dir='ltr'><strong><em>admissis</em></strong></span> <span class='ocrx_word' id='word_1_353' title='bbox 1587 4137 1604 4164; x_wconf 93' lang='lat'><strong><em>,</em></strong></span> <span class='ocrx_word' id='word_1_354' title='bbox 1631 4106 1869 4153; x_wconf 84' lang='lat' dir='ltr'><strong><em>attamen</em></strong></span> <span class='ocrx_word' id='word_1_355' title='bbox 1899 4098 2064 4155; x_wconf 81' lang='lat' dir='ltr'><strong><em>dedo-</em></strong></span> 
     </span>
    </p>
   </div>
   <div class='ocr_carea' id='block_1_42' title="bbox 473 4188 2065 4261">
    <p class='ocr_par' dir='ltr' id='par_1_42' title="bbox 473 4188 2065 4261">
     <span class='ocr_line' id='line_1_42' title="bbox 473 4188 2065 4261; baseline -0.001 -14"><span class='ocrx_word' id='word_1_356' title='bbox 473 4200 627 4254; x_wconf 80' lang='lat' dir='ltr'><strong><em>rant;</em></strong></span> <span class='ocrx_word' id='word_1_357' title='bbox 658 4191 762 4261; x_wconf 77' lang='lat' dir='ltr'><strong><em>jam</em></strong></span> <span class='ocrx_word' id='word_1_358' title='bbox 789 4189 901 4245; x_wconf 83' lang='lat' dir='ltr'><strong><em>adit</em></strong></span> <span class='ocrx_word' id='word_1_359' title='bbox 929 4190 1117 4255; x_wconf 86' lang='lat' dir='ltr'><strong><em>Deum,</em></strong></span> <span class='ocrx_word' id='word_1_360' title='bbox 1135 4204 1234 4260; x_wconf 86' lang='lat' dir='ltr'><strong><em>pro</em></strong></span> <span class='ocrx_word' id='word_1_361' title='bbox 1262 4189 1365 4243; x_wconf 84' lang='lat' dir='ltr'><strong><em>illis</em></strong></span> <span class='ocrx_word' id='word_1_362' title='bbox 1379 4189 1540 4245; x_wconf 82' lang='lat' dir='ltr'><strong><em>verba</em></strong></span> <span class='ocrx_word' id='word_1_363' title='bbox 1570 4188 1826 4244; x_wconf 80' lang='lat' dir='ltr'><strong><em>facturus.</em></strong></span> <span class='ocrx_word' id='word_1_364' title='bbox 1853 4190 2005 4256; x_wconf 84' lang='lat' dir='ltr'><strong><em>Quod</em></strong></span> <span class='ocrx_word' id='word_1_365' title='bbox 2020 4189 2065 4245; x_wconf 84' lang='lat' dir='ltr'><strong><em>si</em></strong></span> 
     </span>
    </p>
   </div>
   <div class='ocr_carea' id='block_1_43' title="bbox 472 4278 2067 4353">
    <p class='ocr_par' dir='ltr' id='par_1_43' title="bbox 472 4278 2067 4353">
     <span class='ocr_line' id='line_1_43' title="bbox 472 4278 2067 4353; baseline -0.001 -15"><span class='ocrx_word' id='word_1_366' title='bbox 472 4283 704 4350; x_wconf 79' lang='lat' dir='ltr'><strong><em>videtur,</em></strong></span> <span class='ocrx_word' id='word_1_367' title='bbox 736 4282 903 4353; x_wconf 84' lang='lat' dir='ltr'><strong><em>ipsam</em></strong></span> <span class='ocrx_word' id='word_1_368' title='bbox 947 4281 1107 4337; x_wconf 83' lang='lat' dir='ltr'><strong><em>etiam</em></strong></span> <span class='ocrx_word' id='word_1_369' title='bbox 1147 4279 1578 4351; x_wconf 69' lang='lat' dir='ltr'><strong><em>deprecationem</em></strong></span> <span class='ocrx_word' id='word_1_370' title='bbox 1608 4280 1903 4336; x_wconf 85' lang='lat' dir='ltr'><strong><em>audiamus.</em></strong></span> <span class='ocrx_word' id='word_1_371' title='bbox 1933 4278 2067 4336; x_wconf 84' lang='lat' dir='ltr'><strong><em>Con-</em></strong></span> 
     </span>
    </p>
   </div>
   <div class='ocr_carea' id='block_1_44' title="bbox 473 4373 2067 4447">
    <p class='ocr_par' dir='ltr' id='par_1_44' title="bbox 473 4373 2067 4447">
     <span class='ocr_line' id='line_1_44' title="bbox 473 4373 2067 4447; baseline 0.001 -19"><span class='ocrx_word' id='word_1_372' title='bbox 473 4379 636 4447; x_wconf 65' lang='lat' dir='ltr'><strong><em>fessus</em></strong></span> <span class='ocrx_word' id='word_1_373' title='bbox 671 4391 784 4430; x_wconf 88' lang='lat' dir='ltr'><strong><em>sunt</em></strong></span> <span class='ocrx_word' id='word_1_374' title='bbox 816 4377 981 4437; x_wconf 85' lang='lat' dir='ltr'><strong><em>enim,</em></strong></span> <span class='ocrx_word' id='word_1_375' title='bbox 1013 4374 1201 4444; x_wconf 85' lang='lat' dir='ltr'><strong><em>inquit,</em></strong></span> <span class='ocrx_word' id='word_1_376' title='bbox 1232 4385 1276 4428; x_wconf 87' lang='lat' dir='ltr'><strong><em>et</em></strong></span> <span class='ocrx_word' id='word_1_377' title='bbox 1311 4373 1439 4434; x_wconf 73' lang='lat' dir='ltr'><strong><em>dixi,</em></strong></span> <span class='ocrx_word' id='word_1_378' title='bbox 1481 4374 1697 4429; x_wconf 87' lang='lat' dir='ltr'><strong><em>Domine</em></strong></span> <span class='ocrx_word' id='word_1_379' title='bbox 1719 4373 1857 4428; x_wconf 85' lang='lat' dir='ltr'><strong><em>Deus</em></strong></span> <span class='ocrx_word' id='word_1_380' title='bbox 1886 4391 2067 4446; x_wconf 78' lang='lat' dir='ltr'><strong><em>magno</em></strong></span> 
     </span>
    </p>
   </div>
   <div class='ocr_carea' id='block_1_45' title="bbox 472 4466 2067 4536">
    <p class='ocr_par' dir='ltr' id='par_1_45' title="bbox 472 4466 2067 4536">
     <span class='ocr_line' id='line_1_45' title="bbox 472 4466 2067 4536; baseline -0.003 -12"><span class='ocrx_word' id='word_1_381' title='bbox 472 4478 521 4524; x_wconf 80' lang='lat' dir='ltr'><strong><em>et</em></strong></span> <span class='ocrx_word' id='word_1_382' title='bbox 546 4466 878 4530; x_wconf 70' lang='lat' dir='ltr'><strong><em>admirabilis,</em></strong></span> <span class='ocrx_word' id='word_1_383' title='bbox 908 4467 995 4536; x_wconf 85' lang='lat' dir='ltr'><strong><em>qui</em></strong></span> <span class='ocrx_word' id='word_1_384' title='bbox 1018 4482 1186 4522; x_wconf 77' lang='lat' dir='ltr'><strong><em>servas</em></strong></span> <span class='ocrx_word' id='word_1_385' title='bbox 1214 4482 1413 4536; x_wconf 87' lang='lat' dir='ltr'><strong><em>pactunt</em></strong></span> <span class='ocrx_word' id='word_1_386' title='bbox 1436 4474 1579 4521; x_wconf 87' lang='lat' dir='ltr'><strong><em>tuum</em></strong></span> <span class='ocrx_word' id='word_1_387' title='bbox 1603 4476 1649 4520; x_wconf 89' lang='lat' dir='ltr'><strong><em>et</em></strong></span> <span class='ocrx_word' id='word_1_388' title='bbox 1670 4467 2067 4522; x_wconf 86' lang='lat' dir='ltr'><strong><em>misericordiam</em></strong></span> 
     </span>
    </p>
   </div>
   <div class='ocr_carea' id='block_1_46' title="bbox 475 4556 2065 4631">
    <p class='ocr_par' dir='ltr' id='par_1_46' title="bbox 475 4556 2065 4631">
     <span class='ocr_line' id='line_1_46' title="bbox 475 4556 2065 4631; baseline 0.001 -19"><span class='ocrx_word' id='word_1_389' title='bbox 475 4568 615 4612; x_wconf 84' lang='lat' dir='ltr'><strong><em>tuam</em></strong></span> <span class='ocrx_word' id='word_1_390' title='bbox 634 4558 728 4622; x_wconf 89' lang='lat' dir='ltr'><strong><em>iis,</em></strong></span> <span class='ocrx_word' id='word_1_391' title='bbox 759 4557 846 4627; x_wconf 87' lang='lat' dir='ltr'><strong><em>qui</em></strong></span> <span class='ocrx_word' id='word_1_392' title='bbox 872 4568 920 4611; x_wconf 87' lang='lat' dir='ltr'><strong><em>te</em></strong></span> <span class='ocrx_word' id='word_1_393' title='bbox 937 4557 1175 4631; x_wconf 66' lang='lat' dir='ltr'><strong><em>diligunt,</em></strong></span> <span class='ocrx_word' id='word_1_394' title='bbox 1200 4568 1247 4611; x_wconf 88' lang='lat' dir='ltr'><strong><em>et</em></strong></span> <span class='ocrx_word' id='word_1_395' title='bbox 1273 4568 1472 4612; x_wconf 79' lang='lat' dir='ltr'><strong><em>servant</em></strong></span> <span class='ocrx_word' id='word_1_396' title='bbox 1493 4567 1744 4628; x_wconf 67' lang='lat' dir='ltr'><strong><em>pracepta</em></strong></span> <span class='ocrx_word' id='word_1_397' title='bbox 1768 4568 1856 4612; x_wconf 84' lang='lat' dir='ltr'><strong><em>tua</em></strong></span> <span class='ocrx_word' id='word_1_398' title='bbox 1886 4558 1906 4628; x_wconf 91' lang='lat'><strong>(</strong></span> <span class='ocrx_word' id='word_1_399' title='bbox 1928 4556 2065 4614; x_wconf 78' lang='lat' dir='ltr'><strong><em>Dan.</em></strong></span> 
     </span>
    </p>
   </div>
   <div class='ocr_carea' id='block_1_47' title="bbox 475 4646 2066 4719">
    <p class='ocr_par' dir='ltr' id='par_1_47' title="bbox 475 4646 2066 4719">
     <span class='ocr_line' id='line_1_47' title="bbox 475 4646 2066 4719; baseline -0.003 -15"><span class='ocrx_word' id='word_1_400' title='bbox 475 4648 530 4704; x_wconf 83' lang='lat'><strong><em>9.</em></strong></span> <span class='ocrx_word' id='word_1_401' title='bbox 562 4649 598 4705; x_wconf 71' lang='grc'><strong>4</strong></span> <span class='ocrx_word' id='word_1_402' title='bbox 623 4647 668 4719; x_wconf 88' lang='grc'><strong>).</strong></span> <span class='ocrx_word' id='word_1_403' title='bbox 694 4646 830 4714; x_wconf 85' lang='lat' dir='ltr'><strong><em>Quid</em></strong></span> <span class='ocrx_word' id='word_1_404' title='bbox 863 4647 1015 4714; x_wconf 80' lang='lat' dir='ltr'><strong><em>facis,</em></strong></span> <span class='ocrx_word' id='word_1_405' title='bbox 1044 4663 1077 4700; x_wconf 91' lang='lat' dir='ltr'><strong><em>o</em></strong></span> <span class='ocrx_word' id='word_1_406' title='bbox 1108 4646 1334 4701; x_wconf 84' lang='lat' dir='ltr'><strong><em>Daniel?</em></strong></span> <span class='ocrx_word' id='word_1_407' title='bbox 1364 4647 1468 4702; x_wconf 88' lang='lat' dir='ltr'><strong><em>Pro</em></strong></span> <span class='ocrx_word' id='word_1_408' title='bbox 1496 4646 1802 4702; x_wconf 85' lang='lat' dir='ltr'><strong><em>hominibus</em></strong></span> <span class='ocrx_word' id='word_1_409' title='bbox 1827 4649 1915 4718; x_wconf 89' lang='lat' dir='ltr'><strong><em>qui</em></strong></span> <span class='ocrx_word' id='word_1_410' title='bbox 1945 4663 2066 4719; x_wconf 85' lang='lat' dir='ltr'><strong><em>pec-</em></strong></span> 
     </span>
    </p>
   </div>
   <div class='ocr_carea' id='block_1_48' title="bbox 470 4738 2066 4805">
    <p class='ocr_par' dir='ltr' id='par_1_48' title="bbox 470 4738 2066 4805">
     <span class='ocr_line' id='line_1_48' title="bbox 470 4738 2066 4805; baseline 0.001 -10"><span class='ocrx_word' id='word_1_411' title='bbox 470 4747 657 4795; x_wconf 79' lang='lat' dir='ltr'><strong><em>carqu</em></strong></span> <span class='ocrx_word' id='word_1_412' title='bbox 686 4746 742 4794; x_wconf 91' lang='lat' dir='ltr'><strong><em>et</em></strong></span> <span class='ocrx_word' id='word_1_413' title='bbox 767 4738 1105 4794; x_wconf 82' lang='lat' dir='ltr'><strong><em>oli&#39;enderunt</em></strong></span> <span class='ocrx_word' id='word_1_414' title='bbox 1132 4738 1497 4805; x_wconf 59' lang='lat' dir='ltr'><strong><em>intercedente,</em></strong></span> <span class='ocrx_word' id='word_1_415' title='bbox 1523 4753 1710 4795; x_wconf 76' lang='lat' dir='ltr'><strong><em>eorum</em></strong></span> <span class='ocrx_word' id='word_1_416' title='bbox 1738 4740 2066 4796; x_wconf 79' lang='lat' dir='ltr'><strong><em>mentionem</em></strong></span> 
     </span>
    </p>
   </div>
   <div class='ocr_carea' id='block_1_49' title="bbox 476 4829 2067 4903">
    <p class='ocr_par' dir='ltr' id='par_1_49' title="bbox 476 4829 2067 4903">
     <span class='ocr_line' id='line_1_49' title="bbox 476 4829 2067 4903; baseline 0.001 -17"><span class='ocrx_word' id='word_1_417' title='bbox 476 4830 608 4886; x_wconf 79' lang='lat' dir='ltr'><strong><em>iacis</em></strong></span> <span class='ocrx_word' id='word_1_418' title='bbox 630 4830 721 4901; x_wconf 86' lang='lat' dir='ltr'><strong><em>qui</em></strong></span> <span class='ocrx_word' id='word_1_419' title='bbox 749 4830 897 4899; x_wconf 80' lang='lat' dir='ltr'><strong><em>leges</em></strong></span> <span class='ocrx_word' id='word_1_420' title='bbox 918 4829 1060 4885; x_wconf 87' lang='lat' dir='ltr'><strong><em>illius</em></strong></span> <span class='ocrx_word' id='word_1_421' title='bbox 1085 4830 1473 4885; x_wconf 79' lang='lat' dir='ltr'><strong><em>servaverunt?</em></strong></span> <span class='ocrx_word' id='word_1_422' title='bbox 1503 4829 1715 4899; x_wconf 74' lang='lat' dir='ltr'><strong><em>Ergone</em></strong></span> <span class='ocrx_word' id='word_1_423' title='bbox 1737 4830 1882 4903; x_wconf 76' lang='lat' dir='ltr'><strong><em>digni</em></strong></span> <span class='ocrx_word' id='word_1_424' title='bbox 1913 4832 2067 4887; x_wconf 82' lang='lat' dir='ltr'><strong><em>venia</em></strong></span> 
     </span>
    </p>
   </div>
   <div class='ocr_carea' id='block_1_50' title="bbox 471 4923 2067 4994">
    <p class='ocr_par' dir='ltr' id='par_1_50' title="bbox 471 4923 2067 4994">
     <span class='ocr_line' id='line_1_50' title="bbox 471 4923 2067 4994; baseline 0.001 -14"><span class='ocrx_word' id='word_1_425' title='bbox 471 4933 599 4981; x_wconf 86' lang='lat' dir='ltr'><strong><em>sunt</em></strong></span> <span class='ocrx_word' id='word_1_426' title='bbox 624 4923 717 4993; x_wconf 85' lang='lat' dir='ltr'><strong><em>qui</em></strong></span> <span class='ocrx_word' id='word_1_427' title='bbox 745 4932 1009 4994; x_wconf 62' lang='lat' dir='ltr'><strong><em>prateepta</em></strong></span> <span class='ocrx_word' id='word_1_428' title='bbox 1033 4923 1176 4979; x_wconf 89' lang='lat' dir='ltr'><strong><em>illius</em></strong></span> <span class='ocrx_word' id='word_1_429' title='bbox 1197 4925 1433 4979; x_wconf 70' lang='lat' dir='ltr'><strong><em>violant?</em></strong></span> <span class='ocrx_word' id='word_1_430' title='bbox 1462 4924 1575 4980; x_wconf 79' lang='lat' dir='ltr'><strong><em>Non</em></strong></span> <span class='ocrx_word' id='word_1_431' title='bbox 1607 4925 1675 4981; x_wconf 88' lang='lat' dir='ltr'><strong><em>ob</em></strong></span> <span class='ocrx_word' id='word_1_432' title='bbox 1697 4927 1828 4981; x_wconf 82' lang='lat' dir='ltr'><strong><em>istos</em></strong></span> <span class='ocrx_word' id='word_1_433' title='bbox 1849 4925 1963 4982; x_wconf 71' lang='lat' dir='ltr'><strong><em>lucc</em></strong></span> <span class='ocrx_word' id='word_1_434' title='bbox 1984 4926 2067 4982; x_wconf 87' lang='lat' dir='ltr'><strong><em>lo-</em></strong></span> 
     </span>
    </p>
   </div>
   <div class='ocr_carea' id='block_1_51' title="bbox 471 5014 2068 5088">
    <p class='ocr_par' dir='ltr' id='par_1_51' title="bbox 471 5014 2068 5088">
     <span class='ocr_line' id='line_1_51' title="bbox 471 5014 2068 5088; baseline 0.001 -18"><span class='ocrx_word' id='word_1_435' title='bbox 471 5032 638 5086; x_wconf 83' lang='lat' dir='ltr'><strong><em>quor,</em></strong></span> <span class='ocrx_word' id='word_1_436' title='bbox 668 5015 872 5085; x_wconf 88' lang='lat' dir='ltr'><strong><em>inquit,</em></strong></span> <span class='ocrx_word' id='word_1_437' title='bbox 901 5014 994 5072; x_wconf 83' lang='lat' dir='ltr'><strong><em>sed</em></strong></span> <span class='ocrx_word' id='word_1_438' title='bbox 1025 5016 1095 5071; x_wconf 89' lang='lat' dir='ltr'><strong><em>ob</em></strong></span> <span class='ocrx_word' id='word_1_439' title='bbox 1124 5015 1316 5071; x_wconf 85' lang='lat' dir='ltr'><strong><em>horum</em></strong></span> <span class='ocrx_word' id='word_1_440' title='bbox 1358 5016 1757 5088; x_wconf 72' lang='lat' dir='ltr'><strong><em>progenitores,</em></strong></span> <span class='ocrx_word' id='word_1_441' title='bbox 1794 5017 1865 5073; x_wconf 89' lang='lat' dir='ltr'><strong><em>ob</em></strong></span> <span class='ocrx_word' id='word_1_442' title='bbox 1898 5018 2068 5072; x_wconf 84' lang='lat' dir='ltr'><strong><em>Abra-</em></strong></span> 
     </span>
    </p>
   </div>
   <div class='ocr_carea' id='block_1_52' title="bbox 469 5106 2069 5179">
    <p class='ocr_par' dir='ltr' id='par_1_52' title="bbox 469 5106 2069 5179">
     <span class='ocr_line' id='line_1_52' title="bbox 469 5106 2069 5179; baseline 0.002 -18"><span class='ocrx_word' id='word_1_443' title='bbox 469 5107 616 5172; x_wconf 84' lang='lat' dir='ltr'><strong><em>ham,</em></strong></span> <span class='ocrx_word' id='word_1_444' title='bbox 643 5107 712 5163; x_wconf 85' lang='lat' dir='ltr'><strong><em>ob</em></strong></span> <span class='ocrx_word' id='word_1_445' title='bbox 737 5106 900 5173; x_wconf 78' lang='lat' dir='ltr'><strong><em>Isaac,</em></strong></span> <span class='ocrx_word' id='word_1_446' title='bbox 931 5108 1001 5162; x_wconf 89' lang='lat' dir='ltr'><strong><em>ob</em></strong></span> <span class='ocrx_word' id='word_1_447' title='bbox 1024 5106 1208 5163; x_wconf 87' lang='lat' dir='ltr'><strong><em>Jacob.</em></strong></span> <span class='ocrx_word' id='word_1_448' title='bbox 1238 5106 1349 5163; x_wconf 84' lang='lat' dir='ltr'><strong><em>illis</em></strong></span> <span class='ocrx_word' id='word_1_449' title='bbox 1376 5108 1640 5178; x_wconf 81' lang='lat' dir='ltr'><strong><em>promisit,</em></strong></span> <span class='ocrx_word' id='word_1_450' title='bbox 1671 5108 1775 5163; x_wconf 87' lang='lat' dir='ltr'><strong><em>illis</em></strong></span> <span class='ocrx_word' id='word_1_451' title='bbox 1806 5108 2069 5179; x_wconf 87' lang='lat' dir='ltr'><strong><em>pollicitus</em></strong></span> 
     </span>
    </p>
   </div>
   <div class='ocr_carea' id='block_1_53' title="bbox 468 5198 2070 5271">
    <p class='ocr_par' dir='ltr' id='par_1_53' title="bbox 468 5198 2070 5271">
     <span class='ocr_line' id='line_1_53' title="bbox 468 5198 2070 5271; baseline 0.001 -17"><span class='ocrx_word' id='word_1_452' title='bbox 468 5208 548 5255; x_wconf 78' lang='lat' dir='ltr'><strong><em>est</em></strong></span> <span class='ocrx_word' id='word_1_453' title='bbox 575 5198 737 5263; x_wconf 83' lang='lat' dir='ltr'><strong><em>Deus,</em></strong></span> <span class='ocrx_word' id='word_1_454' title='bbox 757 5199 844 5267; x_wconf 86' lang='lat' dir='ltr'><strong><em>qui</em></strong></span> <span class='ocrx_word' id='word_1_455' title='bbox 866 5209 1129 5269; x_wconf 60' lang='lat' dir='ltr'><strong><em>praecepta</em></strong></span> <span class='ocrx_word' id='word_1_456' title='bbox 1151 5199 1294 5254; x_wconf 86' lang='lat' dir='ltr'><strong><em>illius</em></strong></span> <span class='ocrx_word' id='word_1_457' title='bbox 1312 5208 1681 5255; x_wconf 81' lang='lat' dir='ltr'><strong><em>servaverunt.</em></strong></span> <span class='ocrx_word' id='word_1_458' title='bbox 1696 5199 1955 5266; x_wconf 82' lang='lat' dir='ltr'><strong><em>Quoniam</em></strong></span> <span class='ocrx_word' id='word_1_459' title='bbox 1974 5201 2070 5271; x_wconf 85' lang='lat' dir='ltr'><strong><em>igi-</em></strong></span> 
     </span>
    </p>
   </div>
   <div class='ocr_carea' id='block_1_54' title="bbox 466 5288 2069 5362">
    <p class='ocr_par' dir='ltr' id='par_1_54' title="bbox 466 5288 2069 5362">
     <span class='ocr_line' id='line_1_54' title="bbox 466 5288 2069 5362; baseline 0.002 -18"><span class='ocrx_word' id='word_1_460' title='bbox 466 5302 546 5344; x_wconf 78' lang='lat' dir='ltr'><strong><em>tur</em></strong></span> <span class='ocrx_word' id='word_1_461' title='bbox 573 5288 628 5344; x_wconf 87' lang='lat' dir='ltr'><strong><em>bi</em></strong></span> <span class='ocrx_word' id='word_1_462' title='bbox 643 5289 787 5346; x_wconf 83' lang='lat' dir='ltr'><strong><em>nullo</em></strong></span> <span class='ocrx_word' id='word_1_463' title='bbox 806 5289 929 5359; x_wconf 88' lang='lat' dir='ltr'><strong><em>jure</em></strong></span> <span class='ocrx_word' id='word_1_464' title='bbox 949 5298 1172 5360; x_wconf 86' lang='lat' dir='ltr'><strong><em>possunt</em></strong></span> <span class='ocrx_word' id='word_1_465' title='bbox 1189 5300 1371 5361; x_wconf 87' lang='lat' dir='ltr'><strong><em>petere</em></strong></span> <span class='ocrx_word' id='word_1_466' title='bbox 1387 5292 1634 5359; x_wconf 76' lang='lat' dir='ltr'><strong><em>salutem,</em></strong></span> <span class='ocrx_word' id='word_1_467' title='bbox 1653 5291 1851 5348; x_wconf 85' lang='lat' dir='ltr'><strong><em>idcirco</em></strong></span> <span class='ocrx_word' id='word_1_468' title='bbox 1880 5306 1951 5362; x_wconf 59' lang='lat' dir='ltr'><strong><em>pr.</em></strong></span> <span class='ocrx_word' id='word_1_469' title='bbox 1975 5307 2069 5362; x_wconf 77' lang='lat' dir='ltr'><strong><em>ge-</em></strong></span> 
     </span>
    </p>
   </div>
   <div class='ocr_carea' id='block_1_55' title="bbox 467 5381 2071 5454">
    <p class='ocr_par' dir='ltr' id='par_1_55' title="bbox 467 5381 2071 5454">
     <span class='ocr_line' id='line_1_55' title="bbox 467 5381 2071 5454; baseline 0.004 -21"><span class='ocrx_word' id='word_1_470' title='bbox 467 5381 704 5436; x_wconf 84' lang='lat' dir='ltr'><strong><em>nilorum</em></strong></span> <span class='ocrx_word' id='word_1_471' title='bbox 736 5381 1061 5436; x_wconf 84' lang='lat' dir='ltr'><strong><em>mentionem</em></strong></span> <span class='ocrx_word' id='word_1_472' title='bbox 1095 5382 1266 5449; x_wconf 85' lang='lat' dir='ltr'><strong><em>facio;</em></strong></span> <span class='ocrx_word' id='word_1_473' title='bbox 1296 5397 1360 5439; x_wconf 83' lang='lat' dir='ltr'><strong><em>ac</em></strong></span> <span class='ocrx_word' id='word_1_474' title='bbox 1389 5398 1457 5437; x_wconf 86' lang='lat' dir='ltr'><strong><em>ne</em></strong></span> <span class='ocrx_word' id='word_1_475' title='bbox 1482 5391 1698 5452; x_wconf 65' lang='lat' dir='ltr'><strong><em>pnetres</em></strong></span> <span class='ocrx_word' id='word_1_476' title='bbox 1719 5383 1861 5454; x_wconf 86' lang='lat' dir='ltr'><strong><em>quod</em></strong></span> <span class='ocrx_word' id='word_1_477' title='bbox 1891 5383 1961 5438; x_wconf 87' lang='lat' dir='ltr'><strong><em>de</em></strong></span> <span class='ocrx_word' id='word_1_478' title='bbox 1987 5384 2071 5439; x_wconf 90' lang='lat' dir='ltr'><strong><em>his</em></strong></span> 
     </span>
    </p>
   </div>
   <div class='ocr_carea' id='block_1_56' title="bbox 468 5472 2071 5546">
    <p class='ocr_par' dir='ltr' id='par_1_56' title="bbox 468 5472 2071 5546">
     <span class='ocr_line' id='line_1_56' title="bbox 468 5472 2071 5546; baseline 0.006 -24"><span class='ocrx_word' id='word_1_479' title='bbox 468 5472 628 5526; x_wconf 81' lang='lat' dir='ltr'><strong><em>verba</em></strong></span> <span class='ocrx_word' id='word_1_480' title='bbox 649 5472 869 5540; x_wconf 79' lang='lat' dir='ltr'><strong><em>faceret,</em></strong></span> <span class='ocrx_word' id='word_1_481' title='bbox 884 5488 1003 5527; x_wconf 86' lang='lat' dir='ltr'><strong><em>cum</em></strong></span> <span class='ocrx_word' id='word_1_482' title='bbox 1021 5473 1324 5544; x_wconf 86' lang='lat' dir='ltr'><strong><em>adjecissct,</em></strong></span> <span class='ocrx_word' id='word_1_483' title='bbox 1343 5472 1442 5540; x_wconf 76' lang='lat' dir='ltr'><strong><em>Qui</em></strong></span> <span class='ocrx_word' id='word_1_484' title='bbox 1461 5490 1629 5536; x_wconf 76' lang='lat' dir='ltr'><strong><em>servas</em></strong></span> <span class='ocrx_word' id='word_1_485' title='bbox 1646 5485 1847 5546; x_wconf 85' lang='lat' dir='ltr'><strong><em>pactum</em></strong></span> <span class='ocrx_word' id='word_1_486' title='bbox 1866 5485 2005 5529; x_wconf 87' lang='lat' dir='ltr'><strong><em>tuum</em></strong></span> <span class='ocrx_word' id='word_1_487' title='bbox 2023 5488 2071 5531; x_wconf 86' lang='lat' dir='ltr'><strong><em>et</em></strong></span> 
     </span>
    </p>
   </div>
   <div class='ocr_carea' id='block_1_57' title="bbox 466 5563 2074 5639">
    <p class='ocr_par' dir='ltr' id='par_1_57' title="bbox 466 5563 2074 5639">
     <span class='ocr_line' id='line_1_57' title="bbox 466 5563 2074 5639; baseline 0.007 -27"><span class='ocrx_word' id='word_1_488' title='bbox 466 5563 866 5618; x_wconf 84' lang='lat' dir='ltr'><strong><em>misericordiam</em></strong></span> <span class='ocrx_word' id='word_1_489' title='bbox 881 5574 1019 5617; x_wconf 87' lang='lat' dir='ltr'><strong><em>tuam</em></strong></span> <span class='ocrx_word' id='word_1_490' title='bbox 1028 5564 1347 5636; x_wconf 84' lang='lat' dir='ltr'><strong><em>diligentibus</em></strong></span> <span class='ocrx_word' id='word_1_491' title='bbox 1365 5576 1431 5631; x_wconf 91' lang='lat' dir='ltr'><strong><em>te,</em></strong></span> <span class='ocrx_word' id='word_1_492' title='bbox 1446 5576 1490 5621; x_wconf 88' lang='lat' dir='ltr'><strong><em>et</em></strong></span> <span class='ocrx_word' id='word_1_493' title='bbox 1501 5569 1812 5622; x_wconf 76' lang='lat' dir='ltr'><strong><em>servantibus</em></strong></span> <span class='ocrx_word' id='word_1_494' title='bbox 1822 5577 2074 5639; x_wconf 64' lang='lat' dir='ltr'><strong><em>praecepta</em></strong></span> 
     </span>
    </p>
   </div>
   <div class='ocr_carea' id='block_1_58' title="bbox 467 5654 2070 5731">
    <p class='ocr_par' dir='ltr' id='par_1_58' title="bbox 467 5654 2070 5731">
     <span class='ocr_line' id='line_1_58' title="bbox 467 5654 2070 5731; baseline 0.008 -30"><span class='ocrx_word' id='word_1_495' title='bbox 467 5659 554 5705; x_wconf 81' lang='lat' dir='ltr'><strong><em>tuo</em></strong></span> <span class='ocrx_word' id='word_1_496' title='bbox 575 5669 594 5707; x_wconf 87' lang='lat'><strong><em>:</em></strong></span> <span class='ocrx_word' id='word_1_497' title='bbox 616 5670 740 5709; x_wconf 73' lang='lat' dir='ltr'><strong><em>utox</em></strong></span> <span class='ocrx_word' id='word_1_498' title='bbox 770 5654 1003 5724; x_wconf 86' lang='lat' dir='ltr'><strong><em>subjicit,</em></strong></span> <span class='ocrx_word' id='word_1_499' title='bbox 1035 5655 1363 5712; x_wconf 72' lang='lat' dir='ltr'><strong><em>Peccavimus</em></strong></span> <span class='ocrx_word' id='word_1_500' title='bbox 1382 5699 1397 5726; x_wconf 91' lang='lat'><strong><em>,</em></strong></span> <span class='ocrx_word' id='word_1_501' title='bbox 1419 5659 1589 5730; x_wconf 84' lang='lat' dir='ltr'><strong><em>inique</em></strong></span> <span class='ocrx_word' id='word_1_502' title='bbox 1611 5660 1838 5730; x_wconf 75' lang='lat' dir='ltr'><strong><em>egimus;</em></strong></span> <span class='ocrx_word' id='word_1_503' title='bbox 1862 5662 2070 5731; x_wconf 85' lang='lat' dir='ltr'><strong><em>injusti-</em></strong></span> 
     </span>
    </p>
   </div>
   <div class='ocr_carea' id='block_1_59' title="bbox 468 5743 2073 5821">
    <p class='ocr_par' dir='ltr' id='par_1_59' title="bbox 468 5743 2073 5821">
     <span class='ocr_line' id='line_1_59' title="bbox 468 5743 2073 5821; baseline 0.009 -30"><span class='ocrx_word' id='word_1_504' title='bbox 468 5743 589 5794; x_wconf 76' lang='lat' dir='ltr'><strong><em>;imu</em></strong></span> <span class='ocrx_word' id='word_1_505' title='bbox 614 5747 1027 5813; x_wconf 82' lang='lat' dir='ltr'><strong><em>perpetravimus,</em></strong></span> <span class='ocrx_word' id='word_1_506' title='bbox 1046 5749 1188 5819; x_wconf 84' lang='lat' dir='ltr'><strong><em>impii</em></strong></span> <span class='ocrx_word' id='word_1_507' title='bbox 1212 5750 1427 5820; x_wconf 78' lang='lat' dir='ltr'><strong><em>fuimus,</em></strong></span> <span class='ocrx_word' id='word_1_508' title='bbox 1446 5749 1741 5820; x_wconf 61' lang='lat' dir='ltr'><strong><em>deﬁnimus</em></strong></span> <span class='ocrx_word' id='word_1_509' title='bbox 1760 5767 1792 5804; x_wconf 85' lang='lat' dir='ltr'><strong><em>tt</em></strong></span> <span class='ocrx_word' id='word_1_510' title='bbox 1813 5752 2073 5821; x_wconf 68' lang='lat' dir='ltr'><strong><em>prleceptis</em></strong></span> 
     </span>
    </p>
   </div>
   <div class='ocr_carea' id='block_1_60' title="bbox 473 5834 2069 5915">
    <p class='ocr_par' dir='ltr' id='par_1_60' title="bbox 473 5834 2069 5915">
     <span class='ocr_line' id='line_1_60' title="bbox 473 5834 2069 5915; baseline 0.009 -28"><span class='ocrx_word' id='word_1_511' title='bbox 473 5834 579 5892; x_wconf 73' lang='lat' dir='ltr'><strong><em>tuis</em></strong></span> <span class='ocrx_word' id='word_1_512' title='bbox 612 5845 660 5894; x_wconf 76' lang='lat' dir='ltr'><strong><em>et</em></strong></span> <span class='ocrx_word' id='word_1_513' title='bbox 684 5836 943 5904; x_wconf 74' lang='lat' dir='ltr'><strong><em>ujndiciis</em></strong></span> <span class='ocrx_word' id='word_1_514' title='bbox 964 5839 1095 5895; x_wconf 79' lang='lat' dir='ltr'><strong><em>tuis:</em></strong></span> <span class='ocrx_word' id='word_1_515' title='bbox 1113 5856 1211 5899; x_wconf 85' lang='lat' dir='ltr'><strong><em>non</em></strong></span> <span class='ocrx_word' id='word_1_516' title='bbox 1242 5843 1630 5903; x_wconf 65' lang='lat' dir='ltr'><strong><em>auscultabimus</em></strong></span> <span class='ocrx_word' id='word_1_517' title='bbox 1658 5846 1808 5899; x_wconf 53' lang='lat' dir='ltr'><strong><em>servis</em></strong></span> <span class='ocrx_word' id='word_1_518' title='bbox 1830 5845 1929 5909; x_wconf 71' lang='lat' dir='ltr'><strong><em>(uis</em></strong></span> <span class='ocrx_word' id='word_1_519' title='bbox 1955 5861 2069 5915; x_wconf 54' lang='grc' dir='ltr'><strong><em>»πθ-η</em></strong></span> 
     </span>
    </p>
   </div>
   <div class='ocr_carea' id='block_1_61' title="bbox 1227 393 3053 464">
    <p class='ocr_par' dir='ltr' id='par_1_61' title="bbox 1227 393 3053 464">
     <span class='ocr_line' id='line_1_61' title="bbox 1227 393 3053 464; baseline -0.001 0"><span class='ocrx_word' id='word_1_520' title='bbox 1227 406 1286 464; x_wconf 83' lang='lat' dir='ltr'><strong><em>S.</em></strong></span> <span class='ocrx_word' id='word_1_521' title='bbox 1324 402 1604 463; x_wconf 71' lang='lat' dir='ltr'><strong><em>JOANNIS</em></strong></span> <span class='ocrx_word' id='word_1_522' title='bbox 1641 394 2111 457; x_wconf 72' lang='lat' dir='ltr'><strong><em>CIIRYSOSTOMI</em></strong></span> <span class='ocrx_word' id='word_1_523' title='bbox 2154 393 2471 454; x_wconf 74' lang='lat' dir='ltr'><strong><em>AltClIlEP.</em></strong></span> <span class='ocrx_word' id='word_1_524' title='bbox 2511 399 3053 462; x_wconf 76' lang='lat' dir='ltr'><strong><em>CONSTANTINOP.</em></strong></span> 
     </span>
    </p>
   </div>
   <div class='ocr_carea' id='block_1_62' title="bbox 3673 417 3759 477">
    <p class='ocr_par' dir='ltr' id='par_1_62' title="bbox 3673 417 3759 477">
     <span class='ocr_line' id='line_1_62' title="bbox 3673 417 3759 477; baseline 0.07 -6"><span class='ocrx_word' id='word_1_525' title='bbox 3673 417 3759 477; x_wconf 76' lang='lat'><strong><em>89?.</em></strong></span> 
     </span>
    </p>
   </div>
   <div class='ocr_carea' id='block_1_63' title="bbox 2185 511 3755 600">
    <p class='ocr_par' dir='ltr' id='par_1_63' title="bbox 2185 511 3755 600">
     <span class='ocr_line' id='line_1_63' title="bbox 2185 511 3755 600; baseline 0.013 -34"><span class='ocrx_word' id='word_1_526' title='bbox 2185 513 2348 582; x_wconf 72' lang='lat' dir='ltr'><strong><em>piratis</em></strong></span> <span class='ocrx_word' id='word_1_527' title='bbox 2389 511 2571 587; x_wconf 78' lang='lat' dir='ltr'><strong><em>(Dan.</em></strong></span> <span class='ocrx_word' id='word_1_528' title='bbox 2600 515 2655 573; x_wconf 71' lang='grc'><strong>9.</strong></span> <span class='ocrx_word' id='word_1_529' title='bbox 2683 517 2780 589; x_wconf 85' lang='lat'><strong><em>5).</em></strong></span> <span class='ocrx_word' id='word_1_530' title='bbox 2817 518 2934 578; x_wconf 79' lang='lat' dir='ltr'><strong><em>Una</em></strong></span> <span class='ocrx_word' id='word_1_531' title='bbox 2968 518 3231 593; x_wconf 74' lang='lat' dir='ltr'><strong><em>siquidem</em></strong></span> <span class='ocrx_word' id='word_1_532' title='bbox 3270 521 3499 596; x_wconf 79' lang='lat' dir='ltr'><strong><em>solaque</em></strong></span> <span class='ocrx_word' id='word_1_533' title='bbox 3539 534 3755 600; x_wconf 76' lang='lat' dir='ltr'><strong><em>purgatio</em></strong></span> 
     </span>
    </p>
   </div>
   <div class='ocr_carea' id='block_1_64' title="bbox 2184 608 3754 684">
    <p class='ocr_par' dir='ltr' id='par_1_64' title="bbox 2184 608 3754 684">
     <span class='ocr_line' id='line_1_64' title="bbox 2184 608 3754 684; baseline 0.011 -24"><span class='ocrx_word' id='word_1_534' title='bbox 2184 608 2553 675; x_wconf 81' lang='lat' dir='ltr'><strong><em>peccatoribus</em></strong></span> <span class='ocrx_word' id='word_1_535' title='bbox 2581 609 2787 681; x_wconf 68' lang='lat' dir='ltr'><strong><em>reliqua</em></strong></span> <span class='ocrx_word' id='word_1_536' title='bbox 2808 621 2893 668; x_wconf 80' lang='lat' dir='ltr'><strong><em>est</em></strong></span> <span class='ocrx_word' id='word_1_537' title='bbox 2918 622 3037 683; x_wconf 77' lang='lat' dir='ltr'><strong><em>post</em></strong></span> <span class='ocrx_word' id='word_1_538' title='bbox 3066 625 3304 684; x_wconf 43' lang='lat' dir='ltr'><strong><em>peccata</em></strong></span> <span class='ocrx_word' id='word_1_539' title='bbox 3335 616 3586 674; x_wconf 75' lang='lat' dir='ltr'><strong><em>videlicet</em></strong></span> <span class='ocrx_word' id='word_1_540' title='bbox 3607 630 3660 675; x_wconf 90' lang='lat' dir='ltr'><strong><em>ut</em></strong></span> <span class='ocrx_word' id='word_1_541' title='bbox 3677 639 3754 678; x_wconf 83' lang='lat' dir='ltr'><strong><em>sua</em></strong></span> 
     </span>
    </p>
   </div>
   <div class='ocr_carea' id='block_1_65' title="bbox 2179 698 3754 785">
    <p class='ocr_par' dir='ltr' id='par_1_65' title="bbox 2179 698 3754 785">
     <span class='ocr_line' id='line_1_65' title="bbox 2179 698 3754 785; baseline 0.011 -31"><span class='ocrx_word' id='word_1_542' title='bbox 2179 698 2471 757; x_wconf 82' lang='lat' dir='ltr'><strong><em>commissa</em></strong></span> <span class='ocrx_word' id='word_1_543' title='bbox 2489 702 2862 759; x_wconf 61' lang='lat' dir='ltr'><strong><em>confitentur.</em></strong></span> <span class='ocrx_word' id='word_1_544' title='bbox 2881 705 2961 761; x_wconf 78' lang='lat' dir='ltr'><strong><em>To</em></strong></span> <span class='ocrx_word' id='word_1_545' title='bbox 2980 721 3106 762; x_wconf 83' lang='lat' dir='ltr'><strong><em>vero</em></strong></span> <span class='ocrx_word' id='word_1_546' title='bbox 3129 708 3256 762; x_wconf 81' lang='lat' dir='ltr'><strong><em>mihi</em></strong></span> <span class='ocrx_word' id='word_1_547' title='bbox 3277 711 3563 766; x_wconf 72' lang='lat' dir='ltr'><strong><em>considera</em></strong></span> <span class='ocrx_word' id='word_1_548' title='bbox 3582 721 3636 768; x_wconf 84' lang='lat' dir='ltr'><strong><em>ot</em></strong></span> <span class='ocrx_word' id='word_1_549' title='bbox 3646 714 3754 785; x_wconf 81' lang='lat' dir='ltr'><strong><em>jusu</em></strong></span> 
     </span>
    </p>
   </div>
   <div class='ocr_carea' id='block_1_66' title="bbox 2182 791 3753 880">
    <p class='ocr_par' dir='ltr' id='par_1_66' title="bbox 2182 791 3753 880">
     <span class='ocr_line' id='line_1_66' title="bbox 2182 791 3753 880; baseline 0.012 -35"><span class='ocrx_word' id='word_1_550' title='bbox 2182 791 2464 860; x_wconf 82' lang='lat' dir='ltr'><strong><em>virtutem,</em></strong></span> <span class='ocrx_word' id='word_1_551' title='bbox 2501 803 2555 851; x_wconf 89' lang='lat' dir='ltr'><strong><em>et</em></strong></span> <span class='ocrx_word' id='word_1_552' title='bbox 2588 794 2896 854; x_wconf 58' lang='lat' dir='ltr'><strong><em>iudicamus</em></strong></span> <span class='ocrx_word' id='word_1_553' title='bbox 2934 800 3353 871; x_wconf 80' lang='lat' dir='ltr'><strong><em>improbitatem.</em></strong></span> <span class='ocrx_word' id='word_1_554' title='bbox 3382 803 3518 860; x_wconf 79' lang='lat' dir='ltr'><strong><em>Nam</em></strong></span> <span class='ocrx_word' id='word_1_555' title='bbox 3547 807 3632 864; x_wconf 89' lang='lat' dir='ltr'><strong><em>ille</em></strong></span> <span class='ocrx_word' id='word_1_556' title='bbox 3654 812 3753 880; x_wconf 87' lang='lat' dir='ltr'><strong><em>qui-</em></strong></span> 
     </span>
    </p>
   </div>
   <div class='ocr_carea' id='block_1_67' title="bbox 2180 883 3751 965">
    <p class='ocr_par' dir='ltr' id='par_1_67' title="bbox 2180 883 3751 965">
     <span class='ocr_line' id='line_1_67' title="bbox 2180 883 3751 965; baseline 0.013 -28"><span class='ocrx_word' id='word_1_557' title='bbox 2180 883 2302 939; x_wconf 88' lang='lat' dir='ltr'><strong><em>dem</em></strong></span> <span class='ocrx_word' id='word_1_558' title='bbox 2345 886 2540 941; x_wconf 79' lang='lat' dir='ltr'><strong><em>nullius</em></strong></span> <span class='ocrx_word' id='word_1_559' title='bbox 2575 888 2701 942; x_wconf 89' lang='lat' dir='ltr'><strong><em>mali</em></strong></span> <span class='ocrx_word' id='word_1_560' title='bbox 2741 891 2841 944; x_wconf 83' lang='lat' dir='ltr'><strong><em>sibi</em></strong></span> <span class='ocrx_word' id='word_1_561' title='bbox 2882 893 3130 948; x_wconf 76' lang='lat' dir='ltr'><strong><em>conscius</em></strong></span> <span class='ocrx_word' id='word_1_562' title='bbox 3150 928 3167 959; x_wconf 83' lang='lat'><strong><em>,</em></strong></span> <span class='ocrx_word' id='word_1_563' title='bbox 3194 896 3438 965; x_wconf 81' lang='lat' dir='ltr'><strong><em>seipsuut</em></strong></span> <span class='ocrx_word' id='word_1_564' title='bbox 3469 900 3631 953; x_wconf 73' lang='lat' dir='ltr'><strong><em>multa</em></strong></span> <span class='ocrx_word' id='word_1_565' title='bbox 3650 914 3751 957; x_wconf 85' lang='lat' dir='ltr'><strong><em>cum</em></strong></span> 
     </span>
    </p>
   </div>
   <div class='ocr_carea' id='block_1_68' title="bbox 2178 978 3759 1063">
    <p class='ocr_par' dir='ltr' id='par_1_68' title="bbox 2178 978 3759 1063">
     <span class='ocr_line' id='line_1_68' title="bbox 2178 978 3759 1063; baseline 0.009 -32"><span class='ocrx_word' id='word_1_566' title='bbox 2178 978 2490 1034; x_wconf 81' lang='lat' dir='ltr'><strong><em>austeritate</em></strong></span> <span class='ocrx_word' id='word_1_567' title='bbox 2518 979 2768 1049; x_wconf 74' lang='lat' dir='ltr'><strong><em>damnat,</em></strong></span> <span class='ocrx_word' id='word_1_568' title='bbox 2795 981 2982 1040; x_wconf 82' lang='lat' dir='ltr'><strong><em>dicens</em></strong></span> <span class='ocrx_word' id='word_1_569' title='bbox 3012 1003 3027 1042; x_wconf 89' lang='lat'><strong>:</strong></span> <span class='ocrx_word' id='word_1_570' title='bbox 3056 983 3391 1042; x_wconf 79' lang='lat' dir='ltr'><strong><em>Peccavimus</em></strong></span> <span class='ocrx_word' id='word_1_571' title='bbox 3411 1031 3428 1056; x_wconf 95' lang='lat'><strong><em>,</em></strong></span> <span class='ocrx_word' id='word_1_572' title='bbox 3460 989 3627 1057; x_wconf 76' lang='lat' dir='ltr'><strong><em>inique</em></strong></span> <span class='ocrx_word' id='word_1_573' title='bbox 3650 993 3759 1063; x_wconf 83' lang='lat' dir='ltr'><strong><em>feci-</em></strong></span> 
     </span>
    </p>
   </div>
   <div class='ocr_carea' id='block_1_69' title="bbox 2179 1071 3751 1145">
    <p class='ocr_par' dir='ltr' id='par_1_69' title="bbox 2179 1071 3751 1145">
     <span class='ocr_line' id='line_1_69' title="bbox 2179 1071 3751 1145; baseline 0.011 -23"><span class='ocrx_word' id='word_1_574' title='bbox 2179 1086 2328 1134; x_wconf 86' lang='lat' dir='ltr'><strong><em>mus,</em></strong></span> <span class='ocrx_word' id='word_1_575' title='bbox 2360 1071 2663 1141; x_wconf 79' lang='lat' dir='ltr'><strong><em>injustitiam</em></strong></span> <span class='ocrx_word' id='word_1_576' title='bbox 2699 1078 3134 1145; x_wconf 80' lang='lat' dir='ltr'><strong><em>perpetravimus;</em></strong></span> <span class='ocrx_word' id='word_1_577' title='bbox 3171 1078 3224 1133; x_wconf 86' lang='lat' dir='ltr'><strong><em>bi</em></strong></span> <span class='ocrx_word' id='word_1_578' title='bbox 3253 1094 3385 1136; x_wconf 63' lang='grc' dir='ltr'><strong><em>κει-ο</em></strong></span> <span class='ocrx_word' id='word_1_579' title='bbox 3428 1082 3583 1139; x_wconf 77' lang='lat' dir='ltr'><strong><em>malis</em></strong></span> <span class='ocrx_word' id='word_1_580' title='bbox 3622 1084 3751 1141; x_wconf 76' lang='lat' dir='ltr'><strong><em>lun‘t-</em></strong></span> 
     </span>
    </p>
   </div>
   <div class='ocr_carea' id='block_1_70' title="bbox 2179 1163 3749 1235">
    <p class='ocr_par' dir='ltr' id='par_1_70' title="bbox 2179 1163 3749 1235">
     <span class='ocr_line' id='line_1_70' title="bbox 2179 1163 3749 1235; baseline 0.009 -18"><span class='ocrx_word' id='word_1_581' title='bbox 2179 1163 2340 1218; x_wconf 89' lang='lat' dir='ltr'><strong><em>meris</em></strong></span> <span class='ocrx_word' id='word_1_582' title='bbox 2368 1163 2510 1234; x_wconf 82' lang='lat' dir='ltr'><strong><em>pleni</em></strong></span> <span class='ocrx_word' id='word_1_583' title='bbox 2537 1204 2555 1230; x_wconf 95' lang='lat'><strong><em>,</em></strong></span> <span class='ocrx_word' id='word_1_584' title='bbox 2594 1174 2782 1221; x_wconf 85' lang='lat' dir='ltr'><strong><em>contra</em></strong></span> <span class='ocrx_word' id='word_1_585' title='bbox 2818 1167 3096 1235; x_wconf 77' lang='lat' dir='ltr'><strong><em>fecerunt,</em></strong></span> <span class='ocrx_word' id='word_1_586' title='bbox 3135 1170 3422 1228; x_wconf 80' lang='lat' dir='ltr'><strong><em>dicentes:</em></strong></span> <span class='ocrx_word' id='word_1_587' title='bbox 3456 1173 3749 1232; x_wconf 78' lang='lat' dir='ltr'><strong><em>Sersasinnu</em></strong></span> 
     </span>
    </p>
   </div>
   <div class='ocr_carea' id='block_1_71' title="bbox 2179 1258 3749 1328">
    <p class='ocr_par' dir='ltr' id='par_1_71' title="bbox 2179 1258 3749 1328">
     <span class='ocr_line' id='line_1_71' title="bbox 2179 1258 3749 1328; baseline 0.012 -24"><span class='ocrx_word' id='word_1_588' title='bbox 2179 1264 2431 1324; x_wconf 67' lang='lat' dir='ltr'><strong><em>pracepta</em></strong></span> <span class='ocrx_word' id='word_1_589' title='bbox 2455 1265 2543 1309; x_wconf 88' lang='lat' dir='ltr'><strong><em>tua</em></strong></span> <span class='ocrx_word' id='word_1_590' title='bbox 2567 1270 2585 1311; x_wconf 91' lang='lat'><strong><em>:</em></strong></span> <span class='ocrx_word' id='word_1_591' title='bbox 2611 1267 2656 1310; x_wconf 88' lang='lat' dir='ltr'><strong><em>et</em></strong></span> <span class='ocrx_word' id='word_1_592' title='bbox 2685 1272 2821 1313; x_wconf 84' lang='lat' dir='ltr'><strong><em>nunc</em></strong></span> <span class='ocrx_word' id='word_1_593' title='bbox 2855 1259 3023 1315; x_wconf 77' lang='lat' dir='ltr'><strong><em>beatos</em></strong></span> <span class='ocrx_word' id='word_1_594' title='bbox 3042 1258 3258 1317; x_wconf 77' lang='lat' dir='ltr'><strong><em>dicimus</em></strong></span> <span class='ocrx_word' id='word_1_595' title='bbox 3280 1264 3501 1328; x_wconf 74' lang='lat' dir='ltr'><strong><em>alienos,</em></strong></span> <span class='ocrx_word' id='word_1_596' title='bbox 3530 1277 3577 1320; x_wconf 89' lang='lat' dir='ltr'><strong><em>et</em></strong></span> <span class='ocrx_word' id='word_1_597' title='bbox 3598 1271 3749 1323; x_wconf 81' lang='lat' dir='ltr'><strong><em>medi-</em></strong></span> 
     </span>
    </p>
   </div>
   <div class='ocr_carea' id='block_1_72' title="bbox 2177 1342 3746 1429">
    <p class='ocr_par' dir='ltr' id='par_1_72' title="bbox 2177 1342 3746 1429">
     <span class='ocr_line' id='line_1_72' title="bbox 2177 1342 3746 1429; baseline 0.015 -34"><span class='ocrx_word' id='word_1_598' title='bbox 2177 1342 2401 1412; x_wconf 79' lang='lat' dir='ltr'><strong><em>ﬁcantur</em></strong></span> <span class='ocrx_word' id='word_1_599' title='bbox 2418 1346 2505 1417; x_wconf 77' lang='lat' dir='ltr'><strong><em>qui</em></strong></span> <span class='ocrx_word' id='word_1_600' title='bbox 2525 1356 2724 1417; x_wconf 83' lang='lat' dir='ltr'><strong><em>patrant</em></strong></span> <span class='ocrx_word' id='word_1_601' title='bbox 2749 1350 3060 1421; x_wconf 78' lang='lat' dir='ltr'><strong><em>iniquitatem</em></strong></span> <span class='ocrx_word' id='word_1_602' title='bbox 3085 1352 3237 1426; x_wconf 67' lang='lat' dir='ltr'><strong><em>(Hal.</em></strong></span> <span class='ocrx_word' id='word_1_603' title='bbox 3259 1356 3315 1411; x_wconf 79' lang='lat'><strong><em>&#39;5.</em></strong></span> <span class='ocrx_word' id='word_1_604' title='bbox 3338 1357 3429 1413; x_wconf 69' lang='lat' dir='ltr'><strong><em>ﬂ.</em></strong></span> <span class='ocrx_word' id='word_1_605' title='bbox 3453 1358 3560 1429; x_wconf 82' lang='grc'><strong><em>15).</em></strong></span> <span class='ocrx_word' id='word_1_606' title='bbox 3581 1361 3746 1426; x_wconf 84' lang='lat' dir='ltr'><strong><em>Quem-</em></strong></span> 
     </span>
    </p>
   </div>
   <div class='ocr_carea' id='block_1_73' title="bbox 2176 1434 3746 1515">
    <p class='ocr_par' dir='ltr' id='par_1_73' title="bbox 2176 1434 3746 1515">
     <span class='ocr_line' id='line_1_73' title="bbox 2176 1434 3746 1515; baseline 0.012 -26"><span class='ocrx_word' id='word_1_607' title='bbox 2176 1434 2464 1491; x_wconf 84' lang='lat' dir='ltr'><strong><em>admodum</em></strong></span> <span class='ocrx_word' id='word_1_608' title='bbox 2486 1438 2629 1493; x_wconf 89' lang='lat' dir='ltr'><strong><em>enim</em></strong></span> <span class='ocrx_word' id='word_1_609' title='bbox 2660 1439 2836 1495; x_wconf 80' lang='lat' dir='ltr'><strong><em>solent</em></strong></span> <span class='ocrx_word' id='word_1_610' title='bbox 2869 1443 3003 1513; x_wconf 87' lang='lat' dir='ltr'><strong><em>justi</em></strong></span> <span class='ocrx_word' id='word_1_611' title='bbox 3032 1453 3151 1514; x_wconf 83' lang='lat' dir='ltr'><strong><em>post</em></strong></span> <span class='ocrx_word' id='word_1_612' title='bbox 3185 1445 3329 1515; x_wconf 73' lang='lat' dir='ltr'><strong><em>jusza</em></strong></span> <span class='ocrx_word' id='word_1_613' title='bbox 3360 1446 3503 1503; x_wconf 81' lang='lat' dir='ltr'><strong><em>facta</em></strong></span> <span class='ocrx_word' id='word_1_614' title='bbox 3538 1450 3746 1508; x_wconf 74' lang='lat' dir='ltr'><strong><em>modesto</em></strong></span> 
     </span>
    </p>
   </div>
   <div class='ocr_carea' id='block_1_74' title="bbox 2180 1529 3743 1603">
    <p class='ocr_par' dir='ltr' id='par_1_74' title="bbox 2180 1529 3743 1603">
     <span class='ocr_line' id='line_1_74' title="bbox 2180 1529 3743 1603; baseline 0.011 -23"><span class='ocrx_word' id='word_1_615' title='bbox 2180 1539 2341 1598; x_wconf 79' lang='lat' dir='ltr'><strong><em>agere</em></strong></span> <span class='ocrx_word' id='word_1_616' title='bbox 2364 1569 2379 1591; x_wconf 90' lang='lat'><strong><em>,</em></strong></span> <span class='ocrx_word' id='word_1_617' title='bbox 2421 1529 2493 1582; x_wconf 82' lang='lat' dir='ltr'><strong><em>ita</em></strong></span> <span class='ocrx_word' id='word_1_618' title='bbox 2538 1530 2712 1586; x_wconf 85' lang='lat' dir='ltr'><strong><em>solent</em></strong></span> <span class='ocrx_word' id='word_1_619' title='bbox 2747 1532 2873 1587; x_wconf 82' lang='lat' dir='ltr'><strong><em>mali</em></strong></span> <span class='ocrx_word' id='word_1_620' title='bbox 2910 1544 3029 1603; x_wconf 84' lang='lat' dir='ltr'><strong><em>post</em></strong></span> <span class='ocrx_word' id='word_1_621' title='bbox 3060 1535 3293 1593; x_wconf 84' lang='lat' dir='ltr'><strong><em>admissa</em></strong></span> <span class='ocrx_word' id='word_1_622' title='bbox 3319 1539 3531 1594; x_wconf 82' lang='lat' dir='ltr'><strong><em>scelera</em></strong></span> <span class='ocrx_word' id='word_1_623' title='bbox 3559 1541 3743 1598; x_wconf 82' lang='lat' dir='ltr'><strong><em>laudare</em></strong></span> 
     </span>
    </p>
   </div>
   <div class='ocr_carea' id='block_1_75' title="bbox 2175 1618 3739 1694">
    <p class='ocr_par' dir='ltr' id='par_1_75' title="bbox 2175 1618 3739 1694">
     <span class='ocr_line' id='line_1_75' title="bbox 2175 1618 3739 1694; baseline 0.011 -23"><span class='ocrx_word' id='word_1_624' title='bbox 2175 1632 2319 1674; x_wconf 80' lang='lat' dir='ltr'><strong><em>sese.</em></strong></span> <span class='ocrx_word' id='word_1_625' title='bbox 2348 1618 2449 1688; x_wconf 91' lang='lat' dir='ltr'><strong><em>Qui</em></strong></span> <span class='ocrx_word' id='word_1_626' title='bbox 2480 1622 2678 1677; x_wconf 83' lang='lat' dir='ltr'><strong><em>nullius</em></strong></span> <span class='ocrx_word' id='word_1_627' title='bbox 2711 1625 2912 1692; x_wconf 74' lang='lat' dir='ltr'><strong><em>peccati</em></strong></span> <span class='ocrx_word' id='word_1_628' title='bbox 2940 1624 3042 1681; x_wconf 80' lang='lat' dir='ltr'><strong><em>sibi</em></strong></span> <span class='ocrx_word' id='word_1_629' title='bbox 3066 1632 3314 1683; x_wconf 84' lang='lat' dir='ltr'><strong><em>conscius</em></strong></span> <span class='ocrx_word' id='word_1_630' title='bbox 3345 1639 3496 1694; x_wconf 76' lang='lat' dir='ltr'><strong><em>erat,</em></strong></span> <span class='ocrx_word' id='word_1_631' title='bbox 3523 1630 3739 1688; x_wconf 71' lang='lat' dir='ltr'><strong><em>dicelnt:</em></strong></span> 
     </span>
    </p>
   </div>
   <div class='ocr_carea' id='block_1_76' title="bbox 2176 1708 3738 1790">
    <p class='ocr_par' dir='ltr' id='par_1_76' title="bbox 2176 1708 3738 1790">
     <span class='ocr_line' id='line_1_76' title="bbox 2176 1708 3738 1790; baseline 0.01 -26"><span class='ocrx_word' id='word_1_632' title='bbox 2176 1708 2511 1780; x_wconf 76' lang='lat' dir='ltr'><strong><em>iniquitatem</em></strong></span> <span class='ocrx_word' id='word_1_633' title='bbox 2534 1711 2775 1780; x_wconf 85' lang='lat' dir='ltr'><strong><em>fecimus,</em></strong></span> <span class='ocrx_word' id='word_1_634' title='bbox 2794 1711 3109 1771; x_wconf 62' lang='lat' dir='ltr'><strong><em>deuenimus</em></strong></span> <span class='ocrx_word' id='word_1_635' title='bbox 3124 1732 3156 1771; x_wconf 84' lang='lat' dir='ltr'><strong><em>a</em></strong></span> <span class='ocrx_word' id='word_1_636' title='bbox 3175 1721 3463 1790; x_wconf 73' lang='lat' dir='ltr'><strong><em>praeceptis</em></strong></span> <span class='ocrx_word' id='word_1_637' title='bbox 3487 1721 3617 1787; x_wconf 85' lang='lat' dir='ltr'><strong><em>tuis;</em></strong></span> <span class='ocrx_word' id='word_1_638' title='bbox 3635 1736 3738 1778; x_wconf 84' lang='lat' dir='ltr'><strong><em>oon-</em></strong></span> 
     </span>
    </p>
   </div>
   <div class='ocr_carea' id='block_1_77' title="bbox 2177 1802 3738 1880">
    <p class='ocr_par' dir='ltr' id='par_1_77' title="bbox 2177 1802 3738 1880">
     <span class='ocr_line' id='line_1_77' title="bbox 2177 1802 3738 1880; baseline 0.008 -26"><span class='ocrx_word' id='word_1_639' title='bbox 2177 1809 2291 1869; x_wconf 83' lang='lat' dir='ltr'><strong><em>tra,</em></strong></span> <span class='ocrx_word' id='word_1_640' title='bbox 2321 1802 2410 1872; x_wconf 88' lang='lat' dir='ltr'><strong><em>qui</em></strong></span> <span class='ocrx_word' id='word_1_641' title='bbox 2438 1802 2906 1861; x_wconf 82' lang='lat' dir='ltr'><strong><em>innumerabilium</em></strong></span> <span class='ocrx_word' id='word_1_642' title='bbox 2940 1807 3080 1863; x_wconf 82' lang='lat' dir='ltr'><strong><em>facin</em></strong></span> <span class='ocrx_word' id='word_1_643' title='bbox 3104 1823 3235 1862; x_wconf 55' lang='lat' dir='ltr'><strong><em>.rum</em></strong></span> <span class='ocrx_word' id='word_1_644' title='bbox 3263 1809 3738 1880; x_wconf 74' lang='lat' dir='ltr'><strong><em>sibiconsciiersnt,</em></strong></span> 
     </span>
    </p>
   </div>
   <div class='ocr_carea' id='block_1_78' title="bbox 2174 1887 3739 1971">
    <p class='ocr_par' dir='ltr' id='par_1_78' title="bbox 2174 1887 3739 1971">
     <span class='ocr_line' id='line_1_78' title="bbox 2174 1887 3739 1971; baseline 0.01 -26"><span class='ocrx_word' id='word_1_645' title='bbox 2174 1890 2456 1948; x_wconf 84' lang='lat' dir='ltr'><strong><em>dicebant:</em></strong></span> <span class='ocrx_word' id='word_1_646' title='bbox 2483 1887 2802 1944; x_wconf 73' lang='lat' dir='ltr'><strong><em>servavimus</em></strong></span> <span class='ocrx_word' id='word_1_647' title='bbox 2831 1900 3095 1960; x_wconf 67' lang='lat' dir='ltr'><strong><em>praecepta</em></strong></span> <span class='ocrx_word' id='word_1_648' title='bbox 3113 1904 3230 1949; x_wconf 88' lang='lat' dir='ltr'><strong><em>tua.</em></strong></span> <span class='ocrx_word' id='word_1_649' title='bbox 3264 1902 3444 1971; x_wconf 82' lang='lat' dir='ltr'><strong><em>Atque</em></strong></span> <span class='ocrx_word' id='word_1_650' title='bbox 3467 1900 3576 1959; x_wconf 69' lang='grc' dir='ltr'><strong><em>Ιιτιεσ</em></strong></span> <span class='ocrx_word' id='word_1_651' title='bbox 3598 1919 3658 1960; x_wconf 91' lang='lat' dir='ltr'><strong><em>eo</em></strong></span> <span class='ocrx_word' id='word_1_652' title='bbox 3677 1904 3739 1960; x_wconf 83' lang='lat' dir='ltr'><strong><em>ls-</em></strong></span> 
     </span>
    </p>
   </div>
   <div class='ocr_carea' id='block_1_79' title="bbox 2173 1984 3528 2056">
    <p class='ocr_par' dir='ltr' id='par_1_79' title="bbox 2173 1984 3528 2056">
     <span class='ocr_line' id='line_1_79' title="bbox 2173 1984 3528 2056; baseline 0.008 -20"><span class='ocrx_word' id='word_1_653' title='bbox 2173 1996 2331 2054; x_wconf 89' lang='lat' dir='ltr'><strong><em>quor,</em></strong></span> <span class='ocrx_word' id='word_1_654' title='bbox 2359 1992 2417 2037; x_wconf 86' lang='lat' dir='ltr'><strong><em>ut</em></strong></span> <span class='ocrx_word' id='word_1_655' title='bbox 2441 1984 2672 2040; x_wconf 85' lang='lat' dir='ltr'><strong><em>alterum</em></strong></span> <span class='ocrx_word' id='word_1_656' title='bbox 2700 1987 2952 2056; x_wconf 81' lang='lat' dir='ltr'><strong><em>vitemus,</em></strong></span> <span class='ocrx_word' id='word_1_657' title='bbox 2979 1988 3211 2055; x_wconf 79' lang='lat' dir='ltr'><strong><em>alterum</em></strong></span> <span class='ocrx_word' id='word_1_658' title='bbox 3233 1990 3528 2047; x_wconf 80' lang='lat' dir='ltr'><strong><em>imitemur.</em></strong></span> 
     </span>
    </p>
   </div>
   <div class='ocr_carea' id='block_1_80' title="bbox 2244 2075 3738 2155">
    <p class='ocr_par' dir='ltr' id='par_1_80' title="bbox 2244 2075 3738 2155">
     <span class='ocr_line' id='line_1_80' title="bbox 2244 2075 3738 2155; baseline 0.005 -23"><span class='ocrx_word' id='word_1_659' title='bbox 2244 2075 2300 2132; x_wconf 76' lang='grc'><strong><em>6.</em></strong></span> <span class='ocrx_word' id='word_1_660' title='bbox 2331 2075 2432 2131; x_wconf 83' lang='lat' dir='ltr'><strong><em>Dei</em></strong></span> <span class='ocrx_word' id='word_1_661' title='bbox 2472 2078 2598 2132; x_wconf 80' lang='lat' dir='ltr'><strong><em>ultio</em></strong></span> <span class='ocrx_word' id='word_1_662' title='bbox 2624 2078 2683 2134; x_wconf 84' lang='lat' dir='ltr'><strong><em>in</em></strong></span> <span class='ocrx_word' id='word_1_663' title='bbox 2714 2078 2945 2135; x_wconf 64' lang='lat' dir='ltr'><strong><em>Iudicas.</em></strong></span> <span class='ocrx_word' id='word_1_664' title='bbox 2977 2107 3048 2129; x_wconf 69' lang='grc' dir='ltr'><strong><em>-ηρ</em></strong></span> <span class='ocrx_word' id='word_1_665' title='bbox 3071 2081 3199 2137; x_wconf 84' lang='lat' dir='ltr'><strong><em>Post</em></strong></span> <span class='ocrx_word' id='word_1_666' title='bbox 3228 2083 3347 2138; x_wconf 64' lang='lat' dir='ltr'><strong><em>haec</em></strong></span> <span class='ocrx_word' id='word_1_667' title='bbox 3368 2086 3613 2155; x_wconf 83' lang='lat' dir='ltr'><strong><em>quoniam</em></strong></span> <span class='ocrx_word' id='word_1_668' title='bbox 3638 2086 3738 2140; x_wconf 86' lang='lat' dir='ltr'><strong><em>stti-</em></strong></span> 
     </span>
    </p>
   </div>
   <div class='ocr_carea' id='block_1_81' title="bbox 2171 2167 3737 2247">
    <p class='ocr_par' dir='ltr' id='par_1_81' title="bbox 2171 2167 3737 2247">
     <span class='ocr_line' id='line_1_81' title="bbox 2171 2167 3737 2247; baseline 0.008 -27"><span class='ocrx_word' id='word_1_669' title='bbox 2171 2176 2324 2238; x_wconf 66' lang='lat' dir='ltr'><strong><em>gerat</em></strong></span> <span class='ocrx_word' id='word_1_670' title='bbox 2347 2167 2562 2224; x_wconf 84' lang='lat' dir='ltr'><strong><em>illorum</em></strong></span> <span class='ocrx_word' id='word_1_671' title='bbox 2585 2176 2797 2240; x_wconf 80' lang='lat' dir='ltr'><strong><em>peccata</em></strong></span> <span class='ocrx_word' id='word_1_672' title='bbox 2827 2208 2843 2236; x_wconf 87' lang='lat'><strong><em>,</em></strong></span> <span class='ocrx_word' id='word_1_673' title='bbox 2884 2181 3063 2227; x_wconf 83' lang='lat' dir='ltr'><strong><em>narrat</em></strong></span> <span class='ocrx_word' id='word_1_674' title='bbox 3093 2181 3149 2229; x_wconf 84' lang='lat' dir='ltr'><strong><em>et</em></strong></span> <span class='ocrx_word' id='word_1_675' title='bbox 3177 2188 3395 2244; x_wconf 66' lang='lat' dir='ltr'><strong><em>plenam</em></strong></span> <span class='ocrx_word' id='word_1_676' title='bbox 3424 2190 3579 2247; x_wconf 83' lang='lat' dir='ltr'><strong><em>quam</em></strong></span> <span class='ocrx_word' id='word_1_677' title='bbox 3604 2175 3737 2232; x_wconf 83' lang='lat' dir='ltr'><strong><em>dede-</em></strong></span> 
     </span>
    </p>
   </div>
   <div class='ocr_carea' id='block_1_82' title="bbox 2175 2261 3735 2326">
    <p class='ocr_par' dir='ltr' id='par_1_82' title="bbox 2175 2261 3735 2326">
     <span class='ocr_line' id='line_1_82' title="bbox 2175 2261 3735 2326; baseline 0.008 -13"><span class='ocrx_word' id='word_1_678' title='bbox 2175 2267 2319 2326; x_wconf 85' lang='lat' dir='ltr'><strong><em>runt,</em></strong></span> <span class='ocrx_word' id='word_1_679' title='bbox 2345 2268 2402 2316; x_wconf 91' lang='lat' dir='ltr'><strong><em>et</em></strong></span> <span class='ocrx_word' id='word_1_680' title='bbox 2427 2276 2493 2317; x_wconf 79' lang='lat' dir='ltr'><strong><em>ex</em></strong></span> <span class='ocrx_word' id='word_1_681' title='bbox 2523 2261 2626 2317; x_wconf 83' lang='lat' dir='ltr'><strong><em>hoc</em></strong></span> <span class='ocrx_word' id='word_1_682' title='bbox 2654 2263 2825 2319; x_wconf 76' lang='lat' dir='ltr'><strong><em>Deum</em></strong></span> <span class='ocrx_word' id='word_1_683' title='bbox 2847 2263 2915 2319; x_wconf 85' lang='lat' dir='ltr'><strong><em>ad</em></strong></span> <span class='ocrx_word' id='word_1_684' title='bbox 2946 2265 3370 2322; x_wconf 84' lang='lat' dir='ltr'><strong><em>misericordiam</em></strong></span> <span class='ocrx_word' id='word_1_685' title='bbox 3402 2283 3642 2325; x_wconf 86' lang='lat' dir='ltr'><strong><em>revocare</em></strong></span> <span class='ocrx_word' id='word_1_686' title='bbox 3660 2284 3735 2325; x_wconf 82' lang='lat' dir='ltr'><strong><em>cu-</em></strong></span> 
     </span>
    </p>
   </div>
   <div class='ocr_carea' id='block_1_83' title="bbox 2177 2351 3739 2431">
    <p class='ocr_par' dir='ltr' id='par_1_83' title="bbox 2177 2351 3739 2431">
     <span class='ocr_line' id='line_1_83' title="bbox 2177 2351 3739 2431; baseline 0.004 -26"><span class='ocrx_word' id='word_1_687' title='bbox 2177 2351 2332 2420; x_wconf 76' lang='lat' dir='ltr'><strong><em>piens</em></strong></span> <span class='ocrx_word' id='word_1_688' title='bbox 2348 2352 2427 2407; x_wconf 82' lang='lat' dir='ltr'><strong><em>ait</em></strong></span> <span class='ocrx_word' id='word_1_689' title='bbox 2448 2371 2462 2407; x_wconf 89' lang='lat'><strong>:</strong></span> <span class='ocrx_word' id='word_1_690' title='bbox 2490 2351 2555 2407; x_wconf 85' lang='lat' dir='ltr'><strong><em>Et</em></strong></span> <span class='ocrx_word' id='word_1_691' title='bbox 2577 2354 2708 2408; x_wconf 87' lang='lat' dir='ltr'><strong><em>venit</em></strong></span> <span class='ocrx_word' id='word_1_692' title='bbox 2733 2366 2887 2424; x_wconf 84' lang='lat' dir='ltr'><strong><em>super</em></strong></span> <span class='ocrx_word' id='word_1_693' title='bbox 2913 2372 3007 2411; x_wconf 84' lang='lat' dir='ltr'><strong><em>nos</em></strong></span> <span class='ocrx_word' id='word_1_694' title='bbox 3032 2357 3336 2425; x_wconf 70' lang='lat' dir='ltr'><strong><em>maledictio,</em></strong></span> <span class='ocrx_word' id='word_1_695' title='bbox 3368 2374 3484 2431; x_wconf 74' lang='lat' dir='ltr'><strong><em>qua:</em></strong></span> <span class='ocrx_word' id='word_1_696' title='bbox 3500 2361 3739 2430; x_wconf 69' lang='lat' dir='ltr'><strong><em>scriptasit</em></strong></span> 
     </span>
    </p>
   </div>
   <div class='ocr_carea' id='block_1_84' title="bbox 2172 2442 3736 2519">
    <p class='ocr_par' dir='ltr' id='par_1_84' title="bbox 2172 2442 3736 2519">
     <span class='ocr_line' id='line_1_84' title="bbox 2172 2442 3736 2519; baseline 0.007 -24"><span class='ocrx_word' id='word_1_697' title='bbox 2172 2442 2227 2495; x_wconf 88' lang='lat' dir='ltr'><strong><em>in</em></strong></span> <span class='ocrx_word' id='word_1_698' title='bbox 2254 2442 2363 2514; x_wconf 83' lang='lat' dir='ltr'><strong><em>lege</em></strong></span> <span class='ocrx_word' id='word_1_699' title='bbox 2387 2442 2551 2499; x_wconf 71' lang='lat' dir='ltr'><strong><em>Hosis</em></strong></span> <span class='ocrx_word' id='word_1_700' title='bbox 2576 2446 2705 2500; x_wconf 76' lang='lat' dir='ltr'><strong><em>servi</em></strong></span> <span class='ocrx_word' id='word_1_701' title='bbox 2734 2443 2833 2501; x_wconf 87' lang='lat' dir='ltr'><strong><em>Dei</em></strong></span> <span class='ocrx_word' id='word_1_702' title='bbox 2849 2486 2865 2510; x_wconf 91' lang='lat'><strong><em>,</em></strong></span> <span class='ocrx_word' id='word_1_703' title='bbox 2892 2447 3011 2516; x_wconf 83' lang='lat' dir='ltr'><strong><em>quia</em></strong></span> <span class='ocrx_word' id='word_1_704' title='bbox 3040 2451 3380 2517; x_wconf 83' lang='lat' dir='ltr'><strong><em>peccavimus.</em></strong></span> <span class='ocrx_word' id='word_1_705' title='bbox 3412 2452 3653 2519; x_wconf 66' lang='lat' dir='ltr'><strong><em>Quaenam</em></strong></span> <span class='ocrx_word' id='word_1_706' title='bbox 3673 2458 3736 2505; x_wconf 83' lang='lat' dir='ltr'><strong><em>est</em></strong></span> 
     </span>
    </p>
   </div>
   <div class='ocr_carea' id='block_1_85' title="bbox 2176 2534 3736 2610">
    <p class='ocr_par' dir='ltr' id='par_1_85' title="bbox 2176 2534 3736 2610">
     <span class='ocr_line' id='line_1_85' title="bbox 2176 2534 3736 2610; baseline 0.006 -23"><span class='ocrx_word' id='word_1_707' title='bbox 2176 2534 2276 2590; x_wconf 80' lang='lat' dir='ltr'><strong><em>ista</em></strong></span> <span class='ocrx_word' id='word_1_708' title='bbox 2295 2535 2635 2590; x_wconf 77' lang='lat' dir='ltr'><strong><em>exsecratio?</em></strong></span> <span class='ocrx_word' id='word_1_709' title='bbox 2664 2536 2905 2594; x_wconf 81' lang='lat' dir='ltr'><strong><em>Voltisne</em></strong></span> <span class='ocrx_word' id='word_1_710' title='bbox 2931 2537 3175 2610; x_wconf 78' lang='lat' dir='ltr'><strong><em>legamus</em></strong></span> <span class='ocrx_word' id='word_1_711' title='bbox 3200 2541 3387 2597; x_wconf 82' lang='lat' dir='ltr'><strong><em>illam?</em></strong></span> <span class='ocrx_word' id='word_1_712' title='bbox 3412 2542 3531 2598; x_wconf 84' lang='lat' dir='ltr'><strong><em>Nisi</em></strong></span> <span class='ocrx_word' id='word_1_713' title='bbox 3552 2542 3736 2598; x_wconf 68' lang='lat' dir='ltr'><strong><em>saviari-</em></strong></span> 
     </span>
    </p>
   </div>
   <div class='ocr_carea' id='block_1_86' title="bbox 2181 2625 3735 2706">
    <p class='ocr_par' dir='ltr' id='par_1_86' title="bbox 2181 2625 3735 2706">
     <span class='ocr_line' id='line_1_86' title="bbox 2181 2625 3735 2706; baseline 0.006 -26"><span class='ocrx_word' id='word_1_714' title='bbox 2181 2628 2266 2691; x_wconf 87' lang='lat' dir='ltr'><strong><em>tis,</em></strong></span> <span class='ocrx_word' id='word_1_715' title='bbox 2290 2626 2481 2696; x_wconf 88' lang='lat' dir='ltr'><strong><em>inquit,</em></strong></span> <span class='ocrx_word' id='word_1_716' title='bbox 2514 2625 2736 2682; x_wconf 83' lang='lat' dir='ltr'><strong><em>Domino</em></strong></span> <span class='ocrx_word' id='word_1_717' title='bbox 2759 2628 2867 2683; x_wconf 86' lang='lat' dir='ltr'><strong><em>Deo</em></strong></span> <span class='ocrx_word' id='word_1_718' title='bbox 2889 2639 3073 2697; x_wconf 85' lang='lat' dir='ltr'><strong><em>vestro,</em></strong></span> <span class='ocrx_word' id='word_1_719' title='bbox 3095 2632 3341 2687; x_wconf 72' lang='lat' dir='ltr'><strong><em>inducam</em></strong></span> <span class='ocrx_word' id='word_1_720' title='bbox 3368 2650 3521 2706; x_wconf 79' lang='lat' dir='ltr'><strong><em>super</em></strong></span> <span class='ocrx_word' id='word_1_721' title='bbox 3540 2649 3620 2688; x_wconf 78' lang='lat' dir='ltr'><strong><em>vos</em></strong></span> <span class='ocrx_word' id='word_1_722' title='bbox 3635 2648 3735 2705; x_wconf 67' lang='lat' dir='ltr'><strong><em>got-</em></strong></span> 
     </span>
    </p>
   </div>
   <div class='ocr_carea' id='block_1_87' title="bbox 2174 2718 3734 2793">
    <p class='ocr_par' dir='ltr' id='par_1_87' title="bbox 2174 2718 3734 2793">
     <span class='ocr_line' id='line_1_87' title="bbox 2174 2718 3734 2793; baseline 0.004 -22"><span class='ocrx_word' id='word_1_723' title='bbox 2174 2727 2271 2772; x_wconf 86' lang='lat' dir='ltr'><strong><em>tem</em></strong></span> <span class='ocrx_word' id='word_1_724' title='bbox 2292 2718 2656 2789; x_wconf 80' lang='lat' dir='ltr'><strong><em>impudentem,</em></strong></span> <span class='ocrx_word' id='word_1_725' title='bbox 2683 2728 2733 2773; x_wconf 84' lang='lat' dir='ltr'><strong><em>et</em></strong></span> <span class='ocrx_word' id='word_1_726' title='bbox 2753 2735 2855 2775; x_wconf 80' lang='lat' dir='ltr'><strong><em>non</em></strong></span> <span class='ocrx_word' id='word_1_727' title='bbox 2874 2720 3211 2793; x_wconf 80' lang='lat' dir='ltr'><strong><em>intelligentcs</em></strong></span> <span class='ocrx_word' id='word_1_728' title='bbox 3225 2738 3402 2780; x_wconf 72' lang='grc' dir='ltr'><strong><em>νοεοηι</em></strong></span> <span class='ocrx_word' id='word_1_729' title='bbox 3425 2726 3579 2792; x_wconf 77' lang='lat' dir='ltr'><strong><em>illius,</em></strong></span> <span class='ocrx_word' id='word_1_730' title='bbox 3598 2734 3641 2778; x_wconf 81' lang='lat' dir='ltr'><strong><em>et</em></strong></span> <span class='ocrx_word' id='word_1_731' title='bbox 3656 2723 3734 2778; x_wconf 86' lang='lat' dir='ltr'><strong><em>eri-</em></strong></span> 
     </span>
    </p>
   </div>
   <div class='ocr_carea' id='block_1_88' title="bbox 2176 2809 3735 2885">
    <p class='ocr_par' dir='ltr' id='par_1_88' title="bbox 2176 2809 3735 2885">
     <span class='ocr_line' id='line_1_88' title="bbox 2176 2809 3735 2885; baseline 0.002 -21"><span class='ocrx_word' id='word_1_732' title='bbox 2176 2810 2242 2864; x_wconf 88' lang='lat' dir='ltr'><strong><em>tis</em></strong></span> <span class='ocrx_word' id='word_1_733' title='bbox 2269 2824 2478 2865; x_wconf 83' lang='lat' dir='ltr'><strong><em>tsumero</em></strong></span> <span class='ocrx_word' id='word_1_734' title='bbox 2508 2810 2661 2880; x_wconf 82' lang='lat' dir='ltr'><strong><em>pauci</em></strong></span> <span class='ocrx_word' id='word_1_735' title='bbox 2687 2810 2708 2884; x_wconf 90' lang='lat'>(</span> <span class='ocrx_word' id='word_1_736' title='bbox 2723 2809 2878 2866; x_wconf 77' lang='lat' dir='ltr'><strong><em>Deut.</em></strong></span> <span class='ocrx_word' id='word_1_737' title='bbox 2903 2811 2997 2868; x_wconf 77' lang='lat'><strong><em>28.</em></strong></span> <span class='ocrx_word' id='word_1_738' title='bbox 3020 2813 3110 2869; x_wconf 78' lang='grc'><strong><em>49.</em></strong></span> <span class='ocrx_word' id='word_1_739' title='bbox 3135 2813 3259 2885; x_wconf 80' lang='lat'><strong>50).</strong></span> <span class='ocrx_word' id='word_1_740' title='bbox 3290 2815 3409 2871; x_wconf 85' lang='lat' dir='ltr'><strong><em>Hoc</em></strong></span> <span class='ocrx_word' id='word_1_741' title='bbox 3432 2814 3567 2871; x_wconf 84' lang='lat' dir='ltr'><strong><em>idem</em></strong></span> <span class='ocrx_word' id='word_1_742' title='bbox 3590 2813 3735 2870; x_wconf 79' lang='lat' dir='ltr'><strong><em>decla-</em></strong></span> 
     </span>
    </p>
   </div>
   <div class='ocr_carea' id='block_1_89' title="bbox 2173 2901 3733 2977">
    <p class='ocr_par' dir='ltr' id='par_1_89' title="bbox 2173 2901 3733 2977">
     <span class='ocr_line' id='line_1_89' title="bbox 2173 2901 3733 2977; baseline 0.004 -21"><span class='ocrx_word' id='word_1_743' title='bbox 2173 2909 2354 2957; x_wconf 81' lang='lat' dir='ltr'><strong><em>rantes</em></strong></span> <span class='ocrx_word' id='word_1_744' title='bbox 2391 2910 2502 2956; x_wconf 81' lang='lat' dir='ltr'><strong><em>tres</em></strong></span> <span class='ocrx_word' id='word_1_745' title='bbox 2531 2901 2605 2956; x_wconf 85' lang='lat' dir='ltr'><strong><em>illi</em></strong></span> <span class='ocrx_word' id='word_1_746' title='bbox 2646 2902 2834 2972; x_wconf 84' lang='lat' dir='ltr'><strong><em>pueri,</em></strong></span> <span class='ocrx_word' id='word_1_747' title='bbox 2879 2903 3159 2975; x_wconf 81' lang='lat' dir='ltr'><strong><em>palamque</em></strong></span> <span class='ocrx_word' id='word_1_748' title='bbox 3196 2904 3459 2963; x_wconf 81' lang='lat' dir='ltr'><strong><em>facientes</em></strong></span> <span class='ocrx_word' id='word_1_749' title='bbox 3484 2949 3500 2974; x_wconf 90' lang='lat'><strong><em>,</em></strong></span> <span class='ocrx_word' id='word_1_750' title='bbox 3535 2904 3658 2977; x_wconf 87' lang='lat' dir='ltr'><strong><em>quod</em></strong></span> <span class='ocrx_word' id='word_1_751' title='bbox 3677 2903 3733 2958; x_wconf 84' lang='lat' dir='ltr'><strong><em>ob</em></strong></span> 
     </span>
    </p>
   </div>
   <div class='ocr_carea' id='block_1_90' title="bbox 2173 2992 3732 3069">
    <p class='ocr_par' dir='ltr' id='par_1_90' title="bbox 2173 2992 3732 3069">
     <span class='ocr_line' id='line_1_90' title="bbox 2173 2992 3732 3069; baseline 0.002 -24"><span class='ocrx_word' id='word_1_752' title='bbox 2173 2992 2411 3060; x_wconf 81' lang='lat' dir='ltr'><strong><em>ipsorum</em></strong></span> <span class='ocrx_word' id='word_1_753' title='bbox 2444 3000 2660 3061; x_wconf 81' lang='lat' dir='ltr'><strong><em>peccata</em></strong></span> <span class='ocrx_word' id='word_1_754' title='bbox 2701 2992 2984 3049; x_wconf 84' lang='lat' dir='ltr'><strong><em>accidisset</em></strong></span> <span class='ocrx_word' id='word_1_755' title='bbox 3027 2994 3126 3050; x_wconf 87' lang='lat' dir='ltr'><strong><em>huc</em></strong></span> <span class='ocrx_word' id='word_1_756' title='bbox 3167 2997 3423 3054; x_wconf 59' lang='lat' dir='ltr'><strong><em>vindica:</em></strong></span> <span class='ocrx_word' id='word_1_757' title='bbox 3459 3009 3616 3069; x_wconf 76' lang='lat' dir='ltr'><strong><em>genus</em></strong></span> <span class='ocrx_word' id='word_1_758' title='bbox 3640 3037 3655 3062; x_wconf 92' lang='lat'><strong><em>,</em></strong></span> <span class='ocrx_word' id='word_1_759' title='bbox 3690 3001 3732 3049; x_wconf 86' lang='lat' dir='ltr'><strong><em>et</em></strong></span> 
     </span>
    </p>
   </div>
   <div class='ocr_carea' id='block_1_91' title="bbox 2173 3084 3731 3159">
    <p class='ocr_par' dir='ltr' id='par_1_91' title="bbox 2173 3084 3731 3159">
     <span class='ocr_line' id='line_1_91' title="bbox 2173 3084 3731 3159; baseline 0.004 -20"><span class='ocrx_word' id='word_1_760' title='bbox 2173 3084 2277 3155; x_wconf 84' lang='lat' dir='ltr'><strong><em>ipsi</em></strong></span> <span class='ocrx_word' id='word_1_761' title='bbox 2304 3099 2402 3154; x_wconf 87' lang='lat' dir='ltr'><strong><em>pro</em></strong></span> <span class='ocrx_word' id='word_1_762' title='bbox 2427 3085 2798 3140; x_wconf 80' lang='lat' dir='ltr'><strong><em>communibus</em></strong></span> <span class='ocrx_word' id='word_1_763' title='bbox 2825 3088 3059 3156; x_wconf 84' lang='lat' dir='ltr'><strong><em>peccatis</em></strong></span> <span class='ocrx_word' id='word_1_764' title='bbox 3081 3088 3479 3146; x_wconf 78' lang='lat' dir='ltr'><strong><em>confessionem</em></strong></span> <span class='ocrx_word' id='word_1_765' title='bbox 3507 3091 3606 3145; x_wconf 84' lang='lat' dir='ltr'><strong><em>Deo</em></strong></span> <span class='ocrx_word' id='word_1_766' title='bbox 3625 3101 3731 3159; x_wconf 85' lang='lat' dir='ltr'><strong><em>pro-</em></strong></span> 
     </span>
    </p>
   </div>
   <div class='ocr_carea' id='block_1_92' title="bbox 2172 3172 3728 3236">
    <p class='ocr_par' dir='ltr' id='par_1_92' title="bbox 2172 3172 3728 3236">
     <span class='ocr_line' id='line_1_92' title="bbox 2172 3172 3728 3236; baseline 0.001 -8"><span class='ocrx_word' id='word_1_767' title='bbox 2172 3172 2405 3231; x_wconf 83' lang='lat' dir='ltr'><strong><em>lerentes</em></strong></span> <span class='ocrx_word' id='word_1_768' title='bbox 2445 3174 2695 3232; x_wconf 74' lang='lat' dir='ltr'><strong><em>dicebant</em></strong></span> <span class='ocrx_word' id='word_1_769' title='bbox 2726 3192 2740 3231; x_wconf 90' lang='lat'><strong>:</strong></span> <span class='ocrx_word' id='word_1_770' title='bbox 2773 3175 3052 3233; x_wconf 77' lang='lat' dir='ltr'><strong><em>Trodidisti</em></strong></span> <span class='ocrx_word' id='word_1_771' title='bbox 3092 3195 3187 3235; x_wconf 86' lang='lat' dir='ltr'><strong><em>nos</em></strong></span> <span class='ocrx_word' id='word_1_772' title='bbox 3227 3181 3283 3235; x_wconf 86' lang='lat' dir='ltr'><strong><em>in</em></strong></span> <span class='ocrx_word' id='word_1_773' title='bbox 3330 3198 3512 3236; x_wconf 78' lang='lat' dir='ltr'><strong><em>manus</em></strong></span> <span class='ocrx_word' id='word_1_774' title='bbox 3543 3182 3728 3235; x_wconf 66' lang='lat' dir='ltr'><strong><em>hostium</em></strong></span> 
     </span>
    </p>
   </div>
   <div class='ocr_carea' id='block_1_93' title="bbox 2174 3267 3727 3343">
    <p class='ocr_par' dir='ltr' id='par_1_93' title="bbox 2174 3267 3727 3343">
     <span class='ocr_line' id='line_1_93' title="bbox 2174 3267 3727 3343; baseline 0 -21"><span class='ocrx_word' id='word_1_775' title='bbox 2174 3267 2467 3338; x_wconf 71' lang='lat' dir='ltr'><strong><em>impiorum,</em></strong></span> <span class='ocrx_word' id='word_1_776' title='bbox 2496 3267 2960 3324; x_wconf 80' lang='lat' dir='ltr'><strong><em>inimicissimorum</em></strong></span> <span class='ocrx_word' id='word_1_777' title='bbox 2984 3269 3294 3326; x_wconf 75' lang='lat' dir='ltr'><strong><em>desertorum</em></strong></span> <span class='ocrx_word' id='word_1_778' title='bbox 3318 3314 3339 3342; x_wconf 87' lang='lat'><strong><em>,</em></strong></span> <span class='ocrx_word' id='word_1_779' title='bbox 3365 3287 3429 3327; x_wconf 76' lang='lat' dir='ltr'><strong><em>ac</em></strong></span> <span class='ocrx_word' id='word_1_780' title='bbox 3451 3272 3552 3343; x_wconf 81' lang='lat' dir='ltr'><strong><em>regi</em></strong></span> <span class='ocrx_word' id='word_1_781' title='bbox 3572 3270 3727 3342; x_wconf 73' lang='lat' dir='ltr'><strong><em>injuste</em></strong></span> 
     </span>
    </p>
   </div>
   <div class='ocr_carea' id='block_1_94' title="bbox 2176 3359 3729 3437">
    <p class='ocr_par' dir='ltr' id='par_1_94' title="bbox 2176 3359 3729 3437">
     <span class='ocr_line' id='line_1_94' title="bbox 2176 3359 3729 3437; baseline 0 -23"><span class='ocrx_word' id='word_1_782' title='bbox 2176 3369 2228 3415; x_wconf 87' lang='lat' dir='ltr'><strong><em>et</em></strong></span> <span class='ocrx_word' id='word_1_783' title='bbox 2251 3359 2641 3415; x_wconf 77' lang='lat' dir='ltr'><strong><em>sceleratissimo</em></strong></span> <span class='ocrx_word' id='word_1_784' title='bbox 2682 3359 2819 3417; x_wconf 85' lang='lat' dir='ltr'><strong><em>ultra</em></strong></span> <span class='ocrx_word' id='word_1_785' title='bbox 2842 3376 3043 3416; x_wconf 74' lang='lat' dir='ltr'><strong><em>omnem</em></strong></span> <span class='ocrx_word' id='word_1_786' title='bbox 3068 3372 3253 3417; x_wconf 84' lang='lat' dir='ltr'><strong><em>terram</em></strong></span> <span class='ocrx_word' id='word_1_787' title='bbox 3284 3363 3412 3437; x_wconf 80' lang='lat' dir='ltr'><strong><em>(Ib.</em></strong></span> <span class='ocrx_word' id='word_1_788' title='bbox 3456 3381 3508 3419; x_wconf 82' lang='grc' dir='ltr'><strong><em>υ.</em></strong></span> <span class='ocrx_word' id='word_1_789' title='bbox 3534 3363 3637 3435; x_wconf 69' lang='grc'><strong><em>32).</em></strong></span> <span class='ocrx_word' id='word_1_790' title='bbox 3656 3360 3729 3416; x_wconf 77' lang='lat' dir='ltr'><strong><em>Vi-</em></strong></span> 
     </span>
    </p>
   </div>
   <div class='ocr_carea' id='block_1_95' title="bbox 2180 3451 3727 3527">
    <p class='ocr_par' dir='ltr' id='par_1_95' title="bbox 2180 3451 3727 3527">
     <span class='ocr_line' id='line_1_95' title="bbox 2180 3451 3727 3527; baseline 0.001 -20"><span class='ocrx_word' id='word_1_791' title='bbox 2180 3453 2298 3521; x_wconf 86' lang='lat' dir='ltr'><strong><em>des,</em></strong></span> <span class='ocrx_word' id='word_1_792' title='bbox 2325 3451 2645 3522; x_wconf 83' lang='lat' dir='ltr'><strong><em>completam</em></strong></span> <span class='ocrx_word' id='word_1_793' title='bbox 2668 3466 2791 3509; x_wconf 85' lang='lat' dir='ltr'><strong><em>esse</em></strong></span> <span class='ocrx_word' id='word_1_794' title='bbox 2819 3453 3246 3509; x_wconf 81' lang='lat' dir='ltr'><strong><em>maledictiooem</em></strong></span> <span class='ocrx_word' id='word_1_795' title='bbox 3266 3471 3392 3527; x_wconf 69' lang='lat' dir='ltr'><strong><em>quae</em></strong></span> <span class='ocrx_word' id='word_1_796' title='bbox 3416 3457 3577 3514; x_wconf 83' lang='lat' dir='ltr'><strong><em>dicit:</em></strong></span> <span class='ocrx_word' id='word_1_797' title='bbox 3604 3453 3727 3509; x_wconf 74' lang='lat' dir='ltr'><strong><em>Erilis</em></strong></span> 
     </span>
    </p>
   </div>
   <div class='ocr_carea' id='block_1_96' title="bbox 2172 3543 3727 3616">
    <p class='ocr_par' dir='ltr' id='par_1_96' title="bbox 2172 3543 3727 3616">
     <span class='ocr_line' id='line_1_96' title="bbox 2172 3543 3727 3616; baseline 0.002 -17"><span class='ocrx_word' id='word_1_798' title='bbox 2172 3556 2383 3599; x_wconf 73' lang='lat' dir='ltr'><strong><em>numero</em></strong></span> <span class='ocrx_word' id='word_1_799' title='bbox 2404 3545 2573 3614; x_wconf 74' lang='lat' dir='ltr'><strong><em>pauci.</em></strong></span> <span class='ocrx_word' id='word_1_800' title='bbox 2595 3543 2803 3600; x_wconf 73' lang='lat' dir='ltr'><strong><em>Rursus</em></strong></span> <span class='ocrx_word' id='word_1_801' title='bbox 2819 3545 2960 3616; x_wconf 86' lang='lat' dir='ltr'><strong><em>quod</em></strong></span> <span class='ocrx_word' id='word_1_802' title='bbox 2981 3545 3112 3601; x_wconf 70' lang='lat' dir='ltr'><strong><em>(ﬁcit</em></strong></span> <span class='ocrx_word' id='word_1_803' title='bbox 3137 3563 3153 3601; x_wconf 90' lang='lat'><strong>:</strong></span> <span class='ocrx_word' id='word_1_804' title='bbox 3175 3546 3443 3602; x_wconf 74' lang='lat' dir='ltr'><strong><em>Adducunt</em></strong></span> <span class='ocrx_word' id='word_1_805' title='bbox 3462 3549 3512 3602; x_wconf 80' lang='lat' dir='ltr'><strong><em>in</em></strong></span> <span class='ocrx_word' id='word_1_806' title='bbox 3538 3562 3614 3601; x_wconf 86' lang='lat' dir='ltr'><strong><em>vos</em></strong></span> <span class='ocrx_word' id='word_1_807' title='bbox 3627 3560 3727 3616; x_wconf 72' lang='lat' dir='ltr'><strong><em>geu-</em></strong></span> 
     </span>
    </p>
   </div>
   <div class='ocr_carea' id='block_1_97' title="bbox 2172 3634 3726 3708">
    <p class='ocr_par' dir='ltr' id='par_1_97' title="bbox 2172 3634 3726 3708">
     <span class='ocr_line' id='line_1_97' title="bbox 2172 3634 3726 3708; baseline -0.001 -19"><span class='ocrx_word' id='word_1_808' title='bbox 2172 3643 2273 3690; x_wconf 87' lang='lat' dir='ltr'><strong><em>tem</em></strong></span> <span class='ocrx_word' id='word_1_809' title='bbox 2299 3634 2642 3707; x_wconf 74' lang='lat' dir='ltr'><strong><em>impudentem</em></strong></span> <span class='ocrx_word' id='word_1_810' title='bbox 2664 3672 2680 3701; x_wconf 91' lang='lat'><strong><em>,</em></strong></span> <span class='ocrx_word' id='word_1_811' title='bbox 2723 3634 2952 3705; x_wconf 83' lang='lat' dir='ltr'><strong><em>idipsum</em></strong></span> <span class='ocrx_word' id='word_1_812' title='bbox 2978 3646 3035 3692; x_wconf 83' lang='lat' dir='ltr'><strong><em>et</em></strong></span> <span class='ocrx_word' id='word_1_813' title='bbox 3063 3636 3249 3693; x_wconf 83' lang='lat' dir='ltr'><strong><em>Daniel</em></strong></span> <span class='ocrx_word' id='word_1_814' title='bbox 3276 3638 3369 3696; x_wconf 86' lang='lat' dir='ltr'><strong><em>hic</em></strong></span> <span class='ocrx_word' id='word_1_815' title='bbox 3396 3646 3536 3695; x_wconf 82' lang='lat' dir='ltr'><strong><em>recte</em></strong></span> <span class='ocrx_word' id='word_1_816' title='bbox 3561 3634 3726 3708; x_wconf 73' lang='lat' dir='ltr'><strong><em>signiti-</em></strong></span> 
     </span>
    </p>
   </div>
   <div class='ocr_carea' id='block_1_98' title="bbox 2173 3724 3726 3802">
    <p class='ocr_par' dir='ltr' id='par_1_98' title="bbox 2173 3724 3726 3802">
     <span class='ocr_line' id='line_1_98' title="bbox 2173 3724 3726 3802; baseline -0.003 -19"><span class='ocrx_word' id='word_1_817' title='bbox 2173 3741 2325 3795; x_wconf 70' lang='lat' dir='ltr'><strong><em>caus,</em></strong></span> <span class='ocrx_word' id='word_1_818' title='bbox 2357 3727 2484 3782; x_wconf 86' lang='lat' dir='ltr'><strong><em>dicit</em></strong></span> <span class='ocrx_word' id='word_1_819' title='bbox 2511 3743 2525 3780; x_wconf 89' lang='lat'><strong>:</strong></span> <span class='ocrx_word' id='word_1_820' title='bbox 2559 3724 2817 3782; x_wconf 76' lang='lat' dir='ltr'><strong><em>Venerunt</em></strong></span> <span class='ocrx_word' id='word_1_821' title='bbox 2842 3743 2998 3797; x_wconf 81' lang='lat' dir='ltr'><strong><em>super</em></strong></span> <span class='ocrx_word' id='word_1_822' title='bbox 3018 3744 3110 3783; x_wconf 87' lang='lat' dir='ltr'><strong><em>nos</em></strong></span> <span class='ocrx_word' id='word_1_823' title='bbox 3134 3729 3290 3794; x_wconf 85' lang='lat' dir='ltr'><strong><em>mala,</em></strong></span> <span class='ocrx_word' id='word_1_824' title='bbox 3320 3732 3495 3802; x_wconf 81' lang='lat' dir='ltr'><strong><em>qualia</em></strong></span> <span class='ocrx_word' id='word_1_825' title='bbox 3517 3743 3606 3784; x_wconf 77' lang='lat' dir='ltr'><strong><em>non</em></strong></span> <span class='ocrx_word' id='word_1_826' title='bbox 3627 3726 3726 3781; x_wconf 83' lang='lat' dir='ltr'><strong><em>atti-</em></strong></span> 
     </span>
    </p>
   </div>
   <div class='ocr_carea' id='block_1_99' title="bbox 2172 3816 3725 3893">
    <p class='ocr_par' dir='ltr' id='par_1_99' title="bbox 2172 3816 3725 3893">
     <span class='ocr_line' id='line_1_99' title="bbox 2172 3816 3725 3893; baseline 0.001 -22"><span class='ocrx_word' id='word_1_827' title='bbox 2172 3819 2352 3872; x_wconf 87' lang='lat' dir='ltr'><strong><em>derunt</em></strong></span> <span class='ocrx_word' id='word_1_828' title='bbox 2377 3817 2470 3872; x_wconf 85' lang='lat' dir='ltr'><strong><em>sub</em></strong></span> <span class='ocrx_word' id='word_1_829' title='bbox 2494 3816 2635 3871; x_wconf 84' lang='lat' dir='ltr'><strong><em>omni</em></strong></span> <span class='ocrx_word' id='word_1_830' title='bbox 2651 3818 2777 3872; x_wconf 79' lang='lat' dir='ltr'><strong><em>ctelo</em></strong></span> <span class='ocrx_word' id='word_1_831' title='bbox 2798 3856 2813 3881; x_wconf 91' lang='lat'><strong><em>,</em></strong></span> <span class='ocrx_word' id='word_1_832' title='bbox 2842 3817 3118 3873; x_wconf 75' lang='lat' dir='ltr'><strong><em>secundum</em></strong></span> <span class='ocrx_word' id='word_1_833' title='bbox 3159 3835 3219 3873; x_wconf 84' lang='lat' dir='ltr'><strong><em>ea</em></strong></span> <span class='ocrx_word' id='word_1_834' title='bbox 3245 3836 3364 3888; x_wconf 63' lang='lat' dir='ltr'><strong><em>quia</em></strong></span> <span class='ocrx_word' id='word_1_835' title='bbox 3398 3824 3530 3893; x_wconf 77' lang='lat' dir='ltr'><strong><em>facta</em></strong></span> <span class='ocrx_word' id='word_1_836' title='bbox 3562 3827 3660 3874; x_wconf 86' lang='lat' dir='ltr'><strong><em>sunt</em></strong></span> <span class='ocrx_word' id='word_1_837' title='bbox 3685 3817 3725 3872; x_wconf 81' lang='lat' dir='ltr'><strong><em>in</em></strong></span> 
     </span>
    </p>
   </div>
   <div class='ocr_carea' id='block_1_100' title="bbox 2171 3909 3723 3979">
    <p class='ocr_par' dir='ltr' id='par_1_100' title="bbox 2171 3909 3723 3979">
     <span class='ocr_line' id='line_1_100' title="bbox 2171 3909 3723 3979; baseline 0.001 -15"><span class='ocrx_word' id='word_1_838' title='bbox 2171 3909 2505 3979; x_wconf 64' lang='grc' dir='ltr'><strong><em>Ιεναάαρυω</em></strong></span> <span class='ocrx_word' id='word_1_839' title='bbox 2516 3909 2729 3966; x_wconf 82' lang='lat' dir='ltr'><strong><em>tandem</em></strong></span> <span class='ocrx_word' id='word_1_840' title='bbox 2748 3910 2879 3965; x_wconf 79' lang='lat' dir='ltr'><strong><em>ista?</em></strong></span> <span class='ocrx_word' id='word_1_841' title='bbox 2897 3910 2949 3964; x_wconf 73' lang='grc' dir='ltr'><strong><em>κ</em></strong></span> <span class='ocrx_word' id='word_1_842' title='bbox 2953 3921 3085 3973; x_wconf 76' lang='lat' dir='ltr'><strong><em>utres</em></strong></span> <span class='ocrx_word' id='word_1_843' title='bbox 3101 3910 3281 3968; x_wconf 81' lang='lat' dir='ltr'><strong><em>liberos</em></strong></span> <span class='ocrx_word' id='word_1_844' title='bbox 3294 3927 3417 3969; x_wconf 86' lang='lat' dir='ltr'><strong><em>suos</em></strong></span> <span class='ocrx_word' id='word_1_845' title='bbox 3427 3913 3723 3975; x_wconf 77' lang='lat' dir='ltr'><strong><em>comederunt.</em></strong></span> 
     </span>
    </p>
   </div>
   <div class='ocr_carea' id='block_1_101' title="bbox 2171 4000 3724 4073">
    <p class='ocr_par' dir='ltr' id='par_1_101' title="bbox 2171 4000 3724 4073">
     <span class='ocr_line' id='line_1_101' title="bbox 2171 4000 3724 4073; baseline -0.003 -15"><span class='ocrx_word' id='word_1_846' title='bbox 2171 4011 2229 4058; x_wconf 87' lang='lat' dir='ltr'><strong><em>ct</em></strong></span> <span class='ocrx_word' id='word_1_847' title='bbox 2248 4004 2350 4059; x_wconf 76' lang='lat' dir='ltr'><strong><em>hoc</em></strong></span> <span class='ocrx_word' id='word_1_848' title='bbox 2369 4018 2498 4057; x_wconf 88' lang='lat' dir='ltr'><strong><em>sane</em></strong></span> <span class='ocrx_word' id='word_1_849' title='bbox 2521 4003 2761 4073; x_wconf 66' lang='lat' dir='ltr'><strong><em>praedicit</em></strong></span> <span class='ocrx_word' id='word_1_850' title='bbox 2777 4001 2970 4070; x_wconf 76' lang='lat' dir='ltr'><strong><em>Moses,</em></strong></span> <span class='ocrx_word' id='word_1_851' title='bbox 2992 4015 3245 4059; x_wconf 62' lang='lat' dir='ltr'><strong><em>castarum</em></strong></span> <span class='ocrx_word' id='word_1_852' title='bbox 3259 4004 3517 4063; x_wconf 81' lang='lat' dir='ltr'><strong><em>Jeremias</em></strong></span> <span class='ocrx_word' id='word_1_853' title='bbox 3532 4000 3724 4062; x_wconf 87' lang='lat' dir='ltr'><strong><em>ostendit</em></strong></span> 
     </span>
    </p>
   </div>
   <div class='ocr_carea' id='block_1_102' title="bbox 2172 4093 3722 4165">
    <p class='ocr_par' dir='ltr' id='par_1_102' title="bbox 2172 4093 3722 4165">
     <span class='ocr_line' id='line_1_102' title="bbox 2172 4093 3722 4165; baseline -0.003 -14"><span class='ocrx_word' id='word_1_854' title='bbox 2172 4094 2438 4151; x_wconf 79' lang='lat' dir='ltr'><strong><em>evenisse.</em></strong></span> <span class='ocrx_word' id='word_1_855' title='bbox 2455 4094 2548 4149; x_wconf 87' lang='lat' dir='ltr'><strong><em>Ille</em></strong></span> <span class='ocrx_word' id='word_1_856' title='bbox 2567 4093 2780 4165; x_wconf 83' lang='lat' dir='ltr'><strong><em>quidem</em></strong></span> <span class='ocrx_word' id='word_1_857' title='bbox 2809 4094 3045 4164; x_wconf 78' lang='lat' dir='ltr'><strong><em>loquitur</em></strong></span> <span class='ocrx_word' id='word_1_858' title='bbox 3066 4112 3080 4149; x_wconf 86' lang='lat'><strong>:</strong></span> <span class='ocrx_word' id='word_1_859' title='bbox 3103 4094 3296 4151; x_wconf 86' lang='lat' dir='ltr'><strong><em>Tencra</em></strong></span> <span class='ocrx_word' id='word_1_860' title='bbox 3315 4115 3381 4152; x_wconf 86' lang='lat' dir='ltr'><strong><em>ac</em></strong></span> <span class='ocrx_word' id='word_1_861' title='bbox 3397 4097 3633 4160; x_wconf 72' lang='lat' dir='ltr'><strong><em>deliciam,</em></strong></span> <span class='ocrx_word' id='word_1_862' title='bbox 3650 4107 3722 4146; x_wconf 56' lang='lat' dir='ltr'><strong><em>cae</em></strong></span> 
     </span>
    </p>
   </div>
   <div class='ocr_carea' id='block_1_103' title="bbox 2161 4186 3721 4259">
    <p class='ocr_par' dir='ltr' id='par_1_103' title="bbox 2161 4186 3721 4259">
     <span class='ocr_line' id='line_1_103' title="bbox 2161 4186 3721 4259; baseline -0.004 -16"><span class='ocrx_word' id='word_1_863' title='bbox 2161 4189 2252 4259; x_wconf 84' lang='lat' dir='ltr'><strong><em>jus</em></strong></span> <span class='ocrx_word' id='word_1_864' title='bbox 2273 4202 2375 4242; x_wconf 82' lang='lat' dir='ltr'><strong><em>non</em></strong></span> <span class='ocrx_word' id='word_1_865' title='bbox 2398 4187 2531 4258; x_wconf 76' lang='lat' dir='ltr'><strong><em>cepit</em></strong></span> <span class='ocrx_word' id='word_1_866' title='bbox 2554 4186 2911 4257; x_wconf 70' lang='lat' dir='ltr'><strong><em>experientiam</em></strong></span> <span class='ocrx_word' id='word_1_867' title='bbox 2939 4202 3027 4255; x_wconf 84' lang='lat' dir='ltr'><strong><em>pes</em></strong></span> <span class='ocrx_word' id='word_1_868' title='bbox 3052 4188 3161 4257; x_wconf 80' lang='lat' dir='ltr'><strong><em>ejus</em></strong></span> <span class='ocrx_word' id='word_1_869' title='bbox 3183 4226 3201 4254; x_wconf 91' lang='lat'><strong><em>,</em></strong></span> <span class='ocrx_word' id='word_1_870' title='bbox 3229 4199 3285 4241; x_wconf 80' lang='lat' dir='ltr'><strong><em>ut</em></strong></span> <span class='ocrx_word' id='word_1_871' title='bbox 3307 4189 3549 4244; x_wconf 77' lang='lat' dir='ltr'><strong><em>insisteret</em></strong></span> <span class='ocrx_word' id='word_1_872' title='bbox 3578 4187 3624 4239; x_wconf 84' lang='lat' dir='ltr'><strong><em>in</em></strong></span> <span class='ocrx_word' id='word_1_873' title='bbox 3654 4199 3721 4238; x_wconf 81' lang='lat' dir='ltr'><strong><em>ve-</em></strong></span> 
     </span>
    </p>
   </div>
   <div class='ocr_carea' id='block_1_104' title="bbox 2175 4274 3722 4350">
    <p class='ocr_par' dir='ltr' id='par_1_104' title="bbox 2175 4274 3722 4350">
     <span class='ocr_line' id='line_1_104' title="bbox 2175 4274 3722 4350; baseline -0.005 -16"><span class='ocrx_word' id='word_1_874' title='bbox 2175 4278 2324 4350; x_wconf 84' lang='lat' dir='ltr'><strong><em>stigio</em></strong></span> <span class='ocrx_word' id='word_1_875' title='bbox 2346 4284 2552 4349; x_wconf 82' lang='lat' dir='ltr'><strong><em>propter</em></strong></span> <span class='ocrx_word' id='word_1_876' title='bbox 2580 4275 2965 4331; x_wconf 73' lang='lat' dir='ltr'><strong><em>teneritudinem</em></strong></span> <span class='ocrx_word' id='word_1_877' title='bbox 2989 4292 3050 4330; x_wconf 79' lang='lat' dir='ltr'><strong><em>ac</em></strong></span> <span class='ocrx_word' id='word_1_878' title='bbox 3068 4277 3297 4347; x_wconf 83' lang='lat' dir='ltr'><strong><em>delicias,</em></strong></span> <span class='ocrx_word' id='word_1_879' title='bbox 3326 4281 3531 4349; x_wconf 76' lang='lat' dir='ltr'><strong><em>attinget</em></strong></span> <span class='ocrx_word' id='word_1_880' title='bbox 3551 4274 3722 4345; x_wconf 69' lang='lat' dir='ltr'><strong><em>impiam</em></strong></span> 
     </span>
    </p>
   </div>
   <div class='ocr_carea' id='block_1_105' title="bbox 2171 4365 3719 4443">
    <p class='ocr_par' dir='ltr' id='par_1_105' title="bbox 2171 4365 3719 4443">
     <span class='ocr_line' id='line_1_105' title="bbox 2171 4365 3719 4443; baseline -0.002 -16"><span class='ocrx_word' id='word_1_881' title='bbox 2171 4388 2433 4436; x_wconf 83' lang='lat' dir='ltr'><strong><em>mensam,</em></strong></span> <span class='ocrx_word' id='word_1_882' title='bbox 2479 4380 2528 4425; x_wconf 80' lang='lat' dir='ltr'><strong><em>et</em></strong></span> <span class='ocrx_word' id='word_1_883' title='bbox 2573 4386 2692 4426; x_wconf 74' lang='lat' dir='ltr'><strong><em>suos</em></strong></span> <span class='ocrx_word' id='word_1_884' title='bbox 2734 4368 2895 4439; x_wconf 65' lang='lat' dir='ltr'><strong><em>ipsius</em></strong></span> <span class='ocrx_word' id='word_1_885' title='bbox 2923 4367 3058 4440; x_wconf 75' lang='lat' dir='ltr'><strong><em>ﬁlios</em></strong></span> <span class='ocrx_word' id='word_1_886' title='bbox 3084 4372 3304 4426; x_wconf 76' lang='lat' dir='ltr'><strong><em>comedet</em></strong></span> <span class='ocrx_word' id='word_1_887' title='bbox 3361 4372 3482 4443; x_wconf 84' lang='lat' dir='ltr'><strong><em>(Id.</em></strong></span> <span class='ocrx_word' id='word_1_888' title='bbox 3511 4371 3590 4426; x_wconf 78' lang='lat'><strong><em>28.</em></strong></span> <span class='ocrx_word' id='word_1_889' title='bbox 3615 4365 3719 4436; x_wconf 80' lang='lat'><strong><em>56)-</em></strong></span> 
     </span>
    </p>
   </div>
   <div class='ocr_carea' id='block_1_106' title="bbox 2171 4459 3721 4530">
    <p class='ocr_par' dir='ltr' id='par_1_106' title="bbox 2171 4459 3721 4530">
     <span class='ocr_line' id='line_1_106' title="bbox 2171 4459 3721 4530; baseline -0.007 -10"><span class='ocrx_word' id='word_1_890' title='bbox 2171 4463 2439 4520; x_wconf 72' lang='lat' dir='ltr'><strong><em>.ieremias</em></strong></span> <span class='ocrx_word' id='word_1_891' title='bbox 2452 4470 2631 4519; x_wconf 78' lang='lat' dir='ltr'><strong><em>autem</em></strong></span> <span class='ocrx_word' id='word_1_892' title='bbox 2650 4460 2889 4516; x_wconf 83' lang='lat' dir='ltr'><strong><em>declarat</em></strong></span> <span class='ocrx_word' id='word_1_893' title='bbox 2906 4459 3010 4516; x_wconf 83' lang='lat' dir='ltr'><strong><em>hoc</em></strong></span> <span class='ocrx_word' id='word_1_894' title='bbox 3031 4462 3298 4530; x_wconf 82' lang='lat' dir='ltr'><strong><em>evenisse,</em></strong></span> <span class='ocrx_word' id='word_1_895' title='bbox 3320 4466 3500 4520; x_wconf 82' lang='lat' dir='ltr'><strong><em>dicens</em></strong></span> <span class='ocrx_word' id='word_1_896' title='bbox 3520 4480 3534 4516; x_wconf 92' lang='lat'>:</span> <span class='ocrx_word' id='word_1_897' title='bbox 3570 4459 3721 4513; x_wconf 66' lang='lat' dir='ltr'><strong><em>laus:</em></strong></span> 
     </span>
    </p>
   </div>
   <div class='ocr_carea' id='block_1_107' title="bbox 2173 4548 3715 4628">
    <p class='ocr_par' dir='ltr' id='par_1_107' title="bbox 2173 4548 3715 4628">
     <span class='ocr_line' id='line_1_107' title="bbox 2173 4548 3715 4628; baseline -0.005 -17"><span class='ocrx_word' id='word_1_898' title='bbox 2173 4558 2443 4611; x_wconf 83' lang='lat' dir='ltr'><strong><em>mulierum</em></strong></span> <span class='ocrx_word' id='word_1_899' title='bbox 2457 4552 2880 4611; x_wconf 68' lang='lat' dir='ltr'><strong><em>misericordium</em></strong></span> <span class='ocrx_word' id='word_1_900' title='bbox 2888 4563 3143 4610; x_wconf 65' lang='lat' dir='ltr'><strong><em>cauerunt</em></strong></span> <span class='ocrx_word' id='word_1_901' title='bbox 3150 4554 3292 4623; x_wconf 81' lang='lat' dir='ltr'><strong><em>ﬁtios</em></strong></span> <span class='ocrx_word' id='word_1_902' title='bbox 3300 4558 3452 4628; x_wconf 83' lang='lat' dir='ltr'><strong><em>suos(</em></strong></span> <span class='ocrx_word' id='word_1_903' title='bbox 3458 4555 3499 4609; x_wconf 89' lang='lat' dir='ltr'><strong><em>T</em></strong></span> <span class='ocrx_word' id='word_1_904' title='bbox 3496 4550 3652 4613; x_wconf 65' lang='lat' dir='ltr'><strong><em>In.“</em></strong></span> <span class='ocrx_word' id='word_1_905' title='bbox 3656 4548 3715 4618; x_wconf 87' lang='lat'><strong><em>0).</em></strong></span> 
     </span>
    </p>
   </div>
   <div class='ocr_carea' id='block_1_108' title="bbox 2171 4644 3714 4718">
    <p class='ocr_par' dir='ltr' id='par_1_108' title="bbox 2171 4644 3714 4718">
     <span class='ocr_line' id='line_1_108' title="bbox 2171 4644 3714 4718; baseline -0.006 -16"><span class='ocrx_word' id='word_1_906' title='bbox 2171 4648 2507 4718; x_wconf 83' lang='lat' dir='ltr'><strong><em>Quamquam</em></strong></span> <span class='ocrx_word' id='word_1_907' title='bbox 2534 4654 2713 4701; x_wconf 79' lang='lat' dir='ltr'><strong><em>autem</em></strong></span> <span class='ocrx_word' id='word_1_908' title='bbox 2746 4654 2963 4714; x_wconf 77' lang='lat' dir='ltr'><strong><em>peccata</em></strong></span> <span class='ocrx_word' id='word_1_909' title='bbox 2994 4644 3237 4714; x_wconf 79' lang='lat' dir='ltr'><strong><em>illorum,</em></strong></span> <span class='ocrx_word' id='word_1_910' title='bbox 3261 4648 3349 4718; x_wconf 81' lang='lat' dir='ltr'><strong><em>qui</em></strong></span> <span class='ocrx_word' id='word_1_911' title='bbox 3381 4647 3714 4718; x_wconf 81' lang='lat' dir='ltr'><strong><em>peccaverant,</em></strong></span> 
     </span>
    </p>
   </div>
   <div class='ocr_carea' id='block_1_109' title="bbox 2172 4735 3719 4808">
    <p class='ocr_par' dir='ltr' id='par_1_109' title="bbox 2172 4735 3719 4808">
     <span class='ocr_line' id='line_1_109' title="bbox 2172 4735 3719 4808; baseline -0.006 -14"><span class='ocrx_word' id='word_1_912' title='bbox 2172 4740 2457 4808; x_wconf 81' lang='lat' dir='ltr'><strong><em>eloquntus</em></strong></span> <span class='ocrx_word' id='word_1_913' title='bbox 2473 4745 2637 4803; x_wconf 82' lang='lat' dir='ltr'><strong><em>esset,</em></strong></span> <span class='ocrx_word' id='word_1_914' title='bbox 2654 4745 2707 4792; x_wconf 90' lang='lat' dir='ltr'><strong><em>et</em></strong></span> <span class='ocrx_word' id='word_1_915' title='bbox 2729 4735 2986 4791; x_wconf 81' lang='lat' dir='ltr'><strong><em>ultionem</em></strong></span> <span class='ocrx_word' id='word_1_916' title='bbox 3008 4737 3061 4791; x_wconf 89' lang='lat' dir='ltr'><strong><em>in</em></strong></span> <span class='ocrx_word' id='word_1_917' title='bbox 3082 4738 3318 4795; x_wconf 86' lang='lat' dir='ltr'><strong><em>medium</em></strong></span> <span class='ocrx_word' id='word_1_918' title='bbox 3338 4738 3624 4797; x_wconf 80' lang='lat' dir='ltr'><strong><em>adduxisset</em></strong></span> <span class='ocrx_word' id='word_1_919' title='bbox 3639 4751 3651 4786; x_wconf 88' lang='lat'><strong><em>:</em></strong></span> <span class='ocrx_word' id='word_1_920' title='bbox 3665 4745 3719 4786; x_wconf 84' lang='lat' dir='ltr'><strong><em>ne</em></strong></span> 
     </span>
    </p>
   </div>
   <div class='ocr_carea' id='block_1_110' title="bbox 2173 4828 3714 4903">
    <p class='ocr_par' dir='ltr' id='par_1_110' title="bbox 2173 4828 3714 4903">
     <span class='ocr_line' id='line_1_110' title="bbox 2173 4828 3714 4903; baseline -0.006 -18"><span class='ocrx_word' id='word_1_921' title='bbox 2173 4831 2253 4886; x_wconf 90' lang='lat' dir='ltr'><strong><em>sic</em></strong></span> <span class='ocrx_word' id='word_1_922' title='bbox 2297 4830 2513 4900; x_wconf 77' lang='lat' dir='ltr'><strong><em>quidem</em></strong></span> <span class='ocrx_word' id='word_1_923' title='bbox 2556 4829 2678 4885; x_wconf 81' lang='lat' dir='ltr'><strong><em>illos</em></strong></span> <span class='ocrx_word' id='word_1_924' title='bbox 2729 4828 2916 4883; x_wconf 68' lang='lat' dir='ltr'><strong><em>bonum</em></strong></span> <span class='ocrx_word' id='word_1_925' title='bbox 2957 4843 3117 4884; x_wconf 85' lang='lat' dir='ltr'><strong><em>causa</em></strong></span> <span class='ocrx_word' id='word_1_926' title='bbox 3165 4843 3317 4903; x_wconf 80' lang='lat' dir='ltr'><strong><em>rogat</em></strong></span> <span class='ocrx_word' id='word_1_927' title='bbox 3361 4841 3415 4888; x_wconf 88' lang='lat' dir='ltr'><strong><em>ut</em></strong></span> <span class='ocrx_word' id='word_1_928' title='bbox 3460 4834 3714 4887; x_wconf 80' lang='lat' dir='ltr'><strong><em>serventur.</em></strong></span> 
     </span>
    </p>
   </div>
   <div class='ocr_carea' id='block_1_111' title="bbox 2174 4922 3714 4997">
    <p class='ocr_par' dir='ltr' id='par_1_111' title="bbox 2174 4922 3714 4997">
     <span class='ocr_line' id='line_1_111' title="bbox 2174 4922 3714 4997; baseline -0.006 -16"><span class='ocrx_word' id='word_1_929' title='bbox 2174 4922 2309 4981; x_wconf 79' lang='lat' dir='ltr'><strong><em>Vide</em></strong></span> <span class='ocrx_word' id='word_1_930' title='bbox 2344 4926 2505 4997; x_wconf 78' lang='lat' dir='ltr'><strong><em>igitur</em></strong></span> <span class='ocrx_word' id='word_1_931' title='bbox 2543 4923 2834 4979; x_wconf 83' lang='lat' dir='ltr'><strong><em>bonitatem</em></strong></span> <span class='ocrx_word' id='word_1_932' title='bbox 2880 4922 3087 4979; x_wconf 84' lang='lat' dir='ltr'><strong><em>famuli.</em></strong></span> <span class='ocrx_word' id='word_1_933' title='bbox 3118 4925 3389 4995; x_wconf 84' lang='lat' dir='ltr'><strong><em>Siquidem</em></strong></span> <span class='ocrx_word' id='word_1_934' title='bbox 3419 4927 3498 4981; x_wconf 84' lang='lat' dir='ltr'><strong><em>hic</em></strong></span> <span class='ocrx_word' id='word_1_935' title='bbox 3520 4936 3624 4978; x_wconf 86' lang='lat' dir='ltr'><strong><em>eum</em></strong></span> <span class='ocrx_word' id='word_1_936' title='bbox 3645 4933 3714 4973; x_wconf 78' lang='lat' dir='ltr'><strong><em>os-</em></strong></span> 
     </span>
    </p>
   </div>
   <div class='ocr_carea' id='block_1_112' title="bbox 2177 5008 3714 5087">
    <p class='ocr_par' dir='ltr' id='par_1_112' title="bbox 2177 5008 3714 5087">
     <span class='ocr_line' id='line_1_112' title="bbox 2177 5008 3714 5087; baseline -0.003 -14"><span class='ocrx_word' id='word_1_937' title='bbox 2177 5017 2455 5084; x_wconf 81' lang='lat' dir='ltr'><strong><em>tendisset,</em></strong></span> <span class='ocrx_word' id='word_1_938' title='bbox 2474 5014 2614 5087; x_wconf 83' lang='lat' dir='ltr'><strong><em>quod</em></strong></span> <span class='ocrx_word' id='word_1_939' title='bbox 2644 5015 2877 5070; x_wconf 88' lang='lat' dir='ltr'><strong><em>nondum</em></strong></span> <span class='ocrx_word' id='word_1_940' title='bbox 2899 5016 3058 5087; x_wconf 64' lang='lat' dir='ltr'><strong><em>digna</em></strong></span> <span class='ocrx_word' id='word_1_941' title='bbox 3079 5020 3285 5075; x_wconf 85' lang='lat' dir='ltr'><strong><em>meritis</em></strong></span> <span class='ocrx_word' id='word_1_942' title='bbox 3305 5029 3477 5076; x_wconf 88' lang='lat' dir='ltr'><strong><em>essent</em></strong></span> <span class='ocrx_word' id='word_1_943' title='bbox 3499 5008 3714 5087; x_wconf 64' lang='lat' dir='ltr'><strong><em>perpessi.</em></strong></span> 
     </span>
    </p>
   </div>
   <div class='ocr_carea' id='block_1_113' title="bbox 2175 5106 3718 5178">
    <p class='ocr_par' dir='ltr' id='par_1_113' title="bbox 2175 5106 3718 5178">
     <span class='ocr_line' id='line_1_113' title="bbox 2175 5106 3718 5178; baseline -0.005 -12"><span class='ocrx_word' id='word_1_944' title='bbox 2175 5122 2276 5166; x_wconf 88' lang='lat' dir='ltr'><strong><em>nec</em></strong></span> <span class='ocrx_word' id='word_1_945' title='bbox 2300 5106 2363 5165; x_wconf 82' lang='lat' dir='ltr'><strong><em>iis</em></strong></span> <span class='ocrx_word' id='word_1_946' title='bbox 2386 5150 2403 5176; x_wconf 90' lang='lat'><strong><em>,</em></strong></span> <span class='ocrx_word' id='word_1_947' title='bbox 2441 5122 2562 5178; x_wconf 63' lang='lat' dir='ltr'><strong><em>quae</em></strong></span> <span class='ocrx_word' id='word_1_948' title='bbox 2592 5108 2758 5162; x_wconf 85' lang='lat' dir='ltr'><strong><em>multa</em></strong></span> <span class='ocrx_word' id='word_1_949' title='bbox 2786 5107 2913 5164; x_wconf 82' lang='lat' dir='ltr'><strong><em>licet</em></strong></span> <span class='ocrx_word' id='word_1_950' title='bbox 2951 5110 3312 5178; x_wconf 86' lang='lat' dir='ltr'><strong><em>pertulerant,</em></strong></span> <span class='ocrx_word' id='word_1_951' title='bbox 3339 5111 3601 5168; x_wconf 85' lang='lat' dir='ltr'><strong><em>solvissent</em></strong></span> <span class='ocrx_word' id='word_1_952' title='bbox 3624 5113 3718 5172; x_wconf 63' lang='lat' dir='ltr'><strong><em>quc</em></strong></span> 
     </span>
    </p>
   </div>
   <div class='ocr_carea' id='block_1_114' title="bbox 2175 5194 3715 5275">
    <p class='ocr_par' dir='ltr' id='par_1_114' title="bbox 2175 5194 3715 5275">
     <span class='ocr_line' id='line_1_114' title="bbox 2175 5194 3715 5275; baseline -0.002 -17"><span class='ocrx_word' id='word_1_953' title='bbox 2175 5218 2273 5273; x_wconf 89' lang='lat' dir='ltr'><strong><em>pro</em></strong></span> <span class='ocrx_word' id='word_1_954' title='bbox 2297 5200 2599 5256; x_wconf 84' lang='lat' dir='ltr'><strong><em>commissis</em></strong></span> <span class='ocrx_word' id='word_1_955' title='bbox 2628 5200 2896 5256; x_wconf 84' lang='lat' dir='ltr'><strong><em>debebant</em></strong></span> <span class='ocrx_word' id='word_1_956' title='bbox 2917 5241 2934 5267; x_wconf 91' lang='lat'><strong><em>,</em></strong></span> <span class='ocrx_word' id='word_1_957' title='bbox 2965 5216 3087 5257; x_wconf 83' lang='lat' dir='ltr'><strong><em>mox</em></strong></span> <span class='ocrx_word' id='word_1_958' title='bbox 3113 5203 3353 5275; x_wconf 75' lang='lat' dir='ltr'><strong><em>confugit</em></strong></span> <span class='ocrx_word' id='word_1_959' title='bbox 3385 5203 3448 5260; x_wconf 86' lang='lat' dir='ltr'><strong><em>ad</em></strong></span> <span class='ocrx_word' id='word_1_960' title='bbox 3478 5200 3560 5256; x_wconf 88' lang='lat' dir='ltr'><strong><em>Dei</em></strong></span> <span class='ocrx_word' id='word_1_961' title='bbox 3586 5194 3715 5250; x_wconf 69' lang='lat' dir='ltr'><strong><em>misc-</em></strong></span> 
     </span>
    </p>
   </div>
   <div class='ocr_carea' id='block_1_115' title="bbox 2175 5296 3716 5365">
    <p class='ocr_par' dir='ltr' id='par_1_115' title="bbox 2175 5296 3716 5365">
     <span class='ocr_line' id='line_1_115' title="bbox 2175 5296 3716 5365; baseline 0.003 -15"><span class='ocrx_word' id='word_1_962' title='bbox 2175 5296 2462 5352; x_wconf 87' lang='lat' dir='ltr'><strong><em>ricordiam</em></strong></span> <span class='ocrx_word' id='word_1_963' title='bbox 2485 5338 2501 5362; x_wconf 91' lang='lat'><strong><em>,</em></strong></span> <span class='ocrx_word' id='word_1_964' title='bbox 2528 5304 2584 5351; x_wconf 89' lang='lat' dir='ltr'><strong><em>et</em></strong></span> <span class='ocrx_word' id='word_1_965' title='bbox 2618 5297 2684 5351; x_wconf 79' lang='lat' dir='ltr'><strong><em>ad</em></strong></span> <span class='ocrx_word' id='word_1_966' title='bbox 2711 5298 2920 5353; x_wconf 85' lang='lat' dir='ltr'><strong><em>solitam</em></strong></span> <span class='ocrx_word' id='word_1_967' title='bbox 2960 5299 3101 5354; x_wconf 82' lang='lat' dir='ltr'><strong><em>illius</em></strong></span> <span class='ocrx_word' id='word_1_968' title='bbox 3128 5298 3412 5355; x_wconf 86' lang='lat' dir='ltr'><strong><em>bonitatem</em></strong></span> <span class='ocrx_word' id='word_1_969' title='bbox 3448 5309 3560 5365; x_wconf 65' lang='lat' dir='ltr'><strong><em>erga</em></strong></span> <span class='ocrx_word' id='word_1_970' title='bbox 3581 5296 3716 5360; x_wconf 71' lang='lat'><strong><em>88&quot;&quot;5</em></strong></span> 
     </span>
    </p>
   </div>
   <div class='ocr_carea' id='block_1_116' title="bbox 2154 5369 3715 5451">
    <p class='ocr_par' dir='ltr' id='par_1_116' title="bbox 2154 5369 3715 5451">
     <span class='ocr_line' id='line_1_116' title="bbox 2154 5369 3715 5451; baseline 0.002 -11"><span class='ocrx_word' id='word_1_971' title='bbox 2154 5386 2468 5442; x_wconf 83' lang='lat' dir='ltr'><strong><em>‘bnmauum</em></strong></span> <span class='ocrx_word' id='word_1_972' title='bbox 2499 5428 2513 5451; x_wconf 89' lang='lat'><strong><em>,</em></strong></span> <span class='ocrx_word' id='word_1_973' title='bbox 2545 5387 2768 5442; x_wconf 83' lang='lat' dir='ltr'><strong><em>dicens:</em></strong></span> <span class='ocrx_word' id='word_1_974' title='bbox 2799 5387 2869 5441; x_wconf 86' lang='lat' dir='ltr'><strong><em>Et</em></strong></span> <span class='ocrx_word' id='word_1_975' title='bbox 2896 5406 3029 5443; x_wconf 83' lang='lat' dir='ltr'><strong><em>nunc</em></strong></span> <span class='ocrx_word' id='word_1_976' title='bbox 3055 5388 3276 5445; x_wconf 83' lang='lat' dir='ltr'><strong><em>Domine</em></strong></span> <span class='ocrx_word' id='word_1_977' title='bbox 3315 5390 3444 5448; x_wconf 79' lang='lat' dir='ltr'><strong><em>Deus</em></strong></span> <span class='ocrx_word' id='word_1_978' title='bbox 3466 5390 3627 5443; x_wconf 67' lang='lat' dir='ltr'><strong><em>uastat.</em></strong></span> <span class='ocrx_word' id='word_1_979' title='bbox 3649 5369 3715 5443; x_wconf 67' lang='grc' dir='ltr'>φά</span> 
     </span>
    </p>
   </div>
   <div class='ocr_carea' id='block_1_117' title="bbox 2177 5469 3712 5555">
    <p class='ocr_par' dir='ltr' id='par_1_117' title="bbox 2177 5469 3712 5555">
     <span class='ocr_line' id='line_1_117' title="bbox 2177 5469 3712 5555; baseline -0.007 -22"><span class='ocrx_word' id='word_1_980' title='bbox 2177 5480 2397 5535; x_wconf 65' lang='lat' dir='ltr'><strong><em>emisisti</em></strong></span> <span class='ocrx_word' id='word_1_981' title='bbox 2418 5481 2662 5551; x_wconf 85' lang='lat' dir='ltr'><strong><em>populum</em></strong></span> <span class='ocrx_word' id='word_1_982' title='bbox 2684 5491 2826 5535; x_wconf 82' lang='lat' dir='ltr'><strong><em>tuum</em></strong></span> <span class='ocrx_word' id='word_1_983' title='bbox 2852 5492 3037 5535; x_wconf 84' lang='lat' dir='ltr'><strong><em>eterra</em></strong></span> <span class='ocrx_word' id='word_1_984' title='bbox 3058 5481 3277 5553; x_wconf 61' lang='lat' dir='ltr'><strong><em>Egypti</em></strong></span> <span class='ocrx_word' id='word_1_985' title='bbox 3300 5494 3344 5538; x_wconf 87' lang='lat' dir='ltr'><strong><em>et</em></strong></span> <span class='ocrx_word' id='word_1_986' title='bbox 3373 5477 3522 5555; x_wconf 83' lang='lat' dir='ltr'><strong><em>fecisti</em></strong></span> <span class='ocrx_word' id='word_1_987' title='bbox 3545 5469 3620 5527; x_wconf 78' lang='lat' dir='ltr'><strong><em>tibi</em></strong></span> <span class='ocrx_word' id='word_1_988' title='bbox 3640 5480 3712 5518; x_wconf 81' lang='lat' dir='ltr'><strong><em>n0-</em></strong></span> 
     </span>
    </p>
   </div>
   <div class='ocr_carea' id='block_1_118' title="bbox 2179 5560 3711 5644">
    <p class='ocr_par' dir='ltr' id='par_1_118' title="bbox 2179 5560 3711 5644">
     <span class='ocr_line' id='line_1_118' title="bbox 2179 5560 3711 5644; baseline 0.002 -20"><span class='ocrx_word' id='word_1_989' title='bbox 2179 5588 2289 5625; x_wconf 85' lang='lat' dir='ltr'><strong><em>men</em></strong></span> <span class='ocrx_word' id='word_1_990' title='bbox 2315 5613 2330 5634; x_wconf 87' lang='lat'><strong><em>,</em></strong></span> <span class='ocrx_word' id='word_1_991' title='bbox 2361 5581 2416 5625; x_wconf 89' lang='lat' dir='ltr'><strong><em>ut</em></strong></span> <span class='ocrx_word' id='word_1_992' title='bbox 2441 5572 2522 5624; x_wconf 87' lang='lat' dir='ltr'><strong><em>Itic</em></strong></span> <span class='ocrx_word' id='word_1_993' title='bbox 2546 5583 2618 5625; x_wconf 85' lang='lat' dir='ltr'><strong><em>est</em></strong></span> <span class='ocrx_word' id='word_1_994' title='bbox 2648 5573 2755 5626; x_wconf 86' lang='lat' dir='ltr'><strong><em>dies</em></strong></span> <span class='ocrx_word' id='word_1_995' title='bbox 2783 5616 2797 5639; x_wconf 91' lang='lat'><strong><em>,</em></strong></span> <span class='ocrx_word' id='word_1_996' title='bbox 2830 5574 3148 5642; x_wconf 80' lang='lat' dir='ltr'><strong><em>peccavimus</em></strong></span> <span class='ocrx_word' id='word_1_997' title='bbox 3174 5617 3188 5641; x_wconf 91' lang='lat'><strong><em>,</em></strong></span> <span class='ocrx_word' id='word_1_998' title='bbox 3220 5575 3523 5644; x_wconf 74' lang='lat' dir='ltr'><strong><em>iniquitatem</em></strong></span> <span class='ocrx_word' id='word_1_999' title='bbox 3546 5560 3711 5634; x_wconf 63' lang='lat' dir='ltr'><strong><em>fecim&quot;</em></strong></span> 
     </span>
    </p>
   </div>
   <div class='ocr_carea' id='block_1_119' title="bbox 2179 5656 3710 5733">
    <p class='ocr_par' dir='ltr' id='par_1_119' title="bbox 2179 5656 3710 5733">
     <span class='ocr_line' id='line_1_119' title="bbox 2179 5656 3710 5733; baseline -0.022 -1"><span class='ocrx_word' id='word_1_1000' title='bbox 2179 5662 2357 5732; x_wconf 69' lang='grc' dir='ltr'><em>(υαησ</em></span> <span class='ocrx_word' id='word_1_1001' title='bbox 2402 5664 2456 5717; x_wconf 75' lang='grc'><strong><em>9.</em></strong></span> <span class='ocrx_word' id='word_1_1002' title='bbox 2500 5664 2614 5731; x_wconf 80' lang='grc'><strong>15).</strong></span> <span class='ocrx_word' id='word_1_1003' title='bbox 2642 5663 2773 5718; x_wconf 81' lang='lat' dir='ltr'><strong><em>Nam</em></strong></span> <span class='ocrx_word' id='word_1_1004' title='bbox 2805 5664 3251 5733; x_wconf 76' lang='lat' dir='ltr'><strong><em>quemadmodum</em></strong></span> <span class='ocrx_word' id='word_1_1005' title='bbox 3285 5667 3418 5730; x_wconf 88' lang='lat' dir='ltr'><strong><em>illos,</em></strong></span> <span class='ocrx_word' id='word_1_1006' title='bbox 3442 5656 3609 5729; x_wconf 84' lang='lat' dir='ltr'><strong><em>inquit,</em></strong></span> <span class='ocrx_word' id='word_1_1007' title='bbox 3630 5659 3710 5701; x_wconf 75' lang='lat' dir='ltr'><strong><em>non</em></strong></span> 
     </span>
    </p>
   </div>
   <div class='ocr_carea' id='block_1_120' title="bbox 2180 5746 3708 5826">
    <p class='ocr_par' dir='ltr' id='par_1_120' title="bbox 2180 5746 3708 5826">
     <span class='ocr_line' id='line_1_120' title="bbox 2180 5746 3708 5826; baseline -0.011 -15"><span class='ocrx_word' id='word_1_1008' title='bbox 2180 5770 2247 5811; x_wconf 81' lang='lat' dir='ltr'><strong><em>ex</em></strong></span> <span class='ocrx_word' id='word_1_1009' title='bbox 2271 5754 2509 5826; x_wconf 86' lang='lat' dir='ltr'><strong><em>ipsorum</em></strong></span> <span class='ocrx_word' id='word_1_1010' title='bbox 2537 5754 2833 5811; x_wconf 84' lang='lat' dir='ltr'><strong><em>benefactis</em></strong></span> <span class='ocrx_word' id='word_1_1011' title='bbox 2861 5756 3037 5813; x_wconf 75' lang='lat' dir='ltr'><strong><em>salvos</em></strong></span> <span class='ocrx_word' id='word_1_1012' title='bbox 3065 5757 3236 5814; x_wconf 80' lang='lat' dir='ltr'><strong><em>fecisti</em></strong></span> <span class='ocrx_word' id='word_1_1013' title='bbox 3264 5801 3280 5826; x_wconf 91' lang='lat'><strong><em>,</em></strong></span> <span class='ocrx_word' id='word_1_1014' title='bbox 3309 5757 3399 5815; x_wconf 87' lang='lat' dir='ltr'><strong><em>sed</em></strong></span> <span class='ocrx_word' id='word_1_1015' title='bbox 3423 5746 3708 5811; x_wconf 79' lang='lat' dir='ltr'><strong><em>afﬂictionem</em></strong></span> 
     </span>
    </p>
   </div>
   <div class='ocr_carea' id='block_1_121' title="bbox 2183 5834 3705 5927">
    <p class='ocr_par' dir='ltr' id='par_1_121' title="bbox 2183 5834 3705 5927">
     <span class='ocr_line' id='line_1_121' title="bbox 2183 5834 3705 5927; baseline -0.006 -16"><span class='ocrx_word' id='word_1_1016' title='bbox 2183 5848 2395 5919; x_wconf 58' lang='lat' dir='ltr'><strong><em>ﬁdem,</em></strong></span> <span class='ocrx_word' id='word_1_1017' title='bbox 2423 5855 2477 5903; x_wconf 86' lang='lat' dir='ltr'><strong><em>ct</em></strong></span> <span class='ocrx_word' id='word_1_1018' title='bbox 2502 5848 2793 5927; x_wconf 75' lang='lat' dir='ltr'><strong><em>angustias,</em></strong></span> <span class='ocrx_word' id='word_1_1019' title='bbox 2817 5859 2871 5905; x_wconf 90' lang='lat' dir='ltr'><strong><em>et</em></strong></span> <span class='ocrx_word' id='word_1_1020' title='bbox 2894 5849 3184 5908; x_wconf 74' lang='lat' dir='ltr'><strong><em>clamorem</em></strong></span> <span class='ocrx_word' id='word_1_1021' title='bbox 3214 5853 3416 5913; x_wconf 86' lang='lat' dir='ltr'><strong><em>illorum</em></strong></span> <span class='ocrx_word' id='word_1_1022' title='bbox 3440 5834 3705 5911; x_wconf 52' lang='lat' dir='ltr'><strong><em>estmille“:</em></strong></span> 
     </span>
    </p>
   </div>
  </div>
