3920 6382
161 437 277 495 895

157 561 240 603 sic
272 554 335 601 et
368 558 480 600 nos
522 542 683 598 libera
718 558 746 597 a
776 545 1127 615 praesentibus
1167 542 1322 599 malis
1358 553 1576 615 propter
1608 541 1777 596 solam

159 636 485 692 bonitatem
516 647 655 691 tuam
677 652 801 708 erga
820 652 987 707 genus
1009 636 1306 692 hominum.
1347 634 1477 689 Nam
1503 632 1647 690 aliud
1667 633 1783 689 nul-

159 730 272 782 lum
304 728 586 784 habemus
628 728 713 798 jus
756 727 1035 798 sperandae
1077 727 1279 783 salutis.
1322 726 1450 781 Haec
1490 726 1778 795 loquutus,

160 820 461 888 multaque
504 818 861 883 lamentatus,
902 833 1022 872 mox
1059 816 1263 872 inducit
1305 816 1471 886 ipsam
1513 814 1783 870 civitatem

158 926 265 967 ceu
300 911 601 965 mulierem
628 911 859 981 aliquam
885 911 1146 979 captivam
1171 951 1188 976 ,
1218 917 1273 963 et
1301 908 1376 962 ait
1406 925 1419 961 :
1456 905 1677 961 Ostende
1704 905 1786 975 {a-

159 1005 294 1059 ciem
318 1012 477 1057 tuam
498 1020 649 1072 super
667 1003 1010 1057 sanctuarium
1026 1011 1187 1066 tuum,
1204 1000 1394 1055 inclina
1416 1015 1592 1053 aurem
1620 1007 1782 1063 tuam,

166 1095 313 1149 Deus
331 1111 491 1149 meus
521 1104 568 1149 et
593 1094 735 1163 audi,
763 1094 908 1165 aperi
931 1094 1103 1148 oculos
1129 1100 1263 1157 tuos,
1297 1101 1344 1146 et
1369 1092 1484 1146 vide
1526 1091 1787 1145 interitum

162 1195 412 1239 nostrum
449 1185 767 1254 civitatisque
800 1194 931 1246 tuas,
958 1185 1011 1237 in
1050 1200 1150 1255 qua
1189 1183 1472 1237 invocatum
1498 1191 1569 1236 est
1608 1196 1788 1235 nomen

164 1287 314 1329 tuum
345 1287 595 1330 sanctum
620 1276 640 1346 (
666 1275 800 1329 Dan.
829 1275 883 1331 9.
909 1276 995 1329 l7.
1032 1275 1096 1330 18
1119 1274 1157 1345 ).
1184 1274 1536 1343 Posteaquam
1561 1272 1789 1326 circum-

166 1368 379 1436 sl-ectis
419 1367 732 1421 hominibus
763 1366 1033 1421 neminem
1066 1364 1233 1429 vidit,
1267 1364 1354 1434 qui
1401 1371 1583 1434 posset
1623 1363 1787 1416 Deum

167 1460 413 1517 reddere
446 1460 744 1531 propitium
772 1477 787 1514 :
816 1459 881 1514 ad
911 1459 1136 1513 :rdiﬁcia
1163 1456 1417 1527 confugit,
1444 1466 1498 1512 et
1520 1455 1788 1510 civitatem

173 1554 349 1620 ipsam
382 1551 577 1621 objicit
604 1593 619 1614 ,
644 1551 864 1621 ejusque
889 1549 1281 1604 desolationem
1313 1547 1460 1617 ponit
1485 1546 1555 1601 ob
1581 1546 1788 1610 oculos,

172 1654 339 1714 atque
369 1644 424 1698 in
458 1643 546 1698 his
578 1643 724 1698 ﬁnito
749 1657 998 1698 sermone
1021 1684 1037 1708 ,
1066 1642 1229 1697 Deum
1267 1640 1551 1710 protritium
1593 1637 1788 1695 reddit.

180 1735 231 1789 Id
266 1735 807 1806 perSpicuumestex
833 1734 896 1790 iis
929 1749 1048 1804 quae
1086 1741 1400 1802 sequuntur.
1426 1730 1621 1788 Verum
1650 1729 1790 1801 quod

175 1827 433 1883 dicebam
470 1846 484 1880 :
521 1835 735 1897 oportet
762 1825 902 1882 enim
942 1825 1011 1880 ad
1050 1825 1102 1881 id
1141 1823 1283 1895 quod
1313 1832 1430 1878 erat
1462 1822 1790 1893 propositum

179 1919 379 1973 reverti
402 1935 418 1985 ;
440 1918 646 1974 ctenim
670 1919 784 1974 lucc
809 1918 982 1974 obiter
1008 1916 1279 1986 interiecta
1297 1924 1445 1983 sunt,
1468 1931 1570 1971 non
1595 1914 1792 1969 frustra

178 2024 358 2079 neque
401 2020 616 2065 temere
639 2051 654 2075 ,
686 2008 781 2064 sed
824 2017 882 2063 ut
922 2007 1129 2063 animos
1166 2016 1372 2062 vestros
1413 2006 1794 2077 aliquantisper

185 2100 557 2155 refocillarem
599 2116 663 2156 ex
695 2099 965 2170 perpetuis
994 2082 1424 2154 contentionibus
1455 2096 1791 2166 defatigatos.

185 2192 297 2260 Age
330 2190 625 2245 redeamus
655 2191 815 2260 igitur
838 2189 979 2245 unde
1005 2189 1225 2260 digressi
1260 2189 1376 2243 haec
1412 2188 1663 2254 diximus,
1694 2187 1793 2243 de-

187 2290 670 2351 monstremusque
698 2280 839 2350 quod
867 2295 929 2334 ea
958 2295 1077 2348 quae
1096 2278 1295 2334 Judmis
1322 2289 1473 2333 erant
1500 2286 1755 2335 eventura
1776 2319 1792 2344 ,

188 2371 448 2427 divinitus
482 2372 594 2428 illis
630 2387 751 2427 cum
794 2373 939 2427 omni
982 2374 1321 2427 accuratione
1370 2372 1616 2443 praedicta
1665 2371 1794 2425 sint.

189 2465 302 2519 Jam
333 2466 485 2521 enim
519 2465 655 2521 duas
680 2466 1016 2537 captivitates
1043 2480 1220 2521 sermo
1243 2474 1433 2520 DOSLCI'
1460 2465 1797 2519 demonstra-

190 2560 265 2612 vit
306 2559 414 2614 illis
454 2558 762 2626 accidisse,
808 2557 1258 2629 quemadmodum
1304 2572 1333 2610 a
1379 2556 1653 2627 prophetis
1681 2564 1799 2611 erat

194 2650 511 2719 praedictum
539 2691 555 2717 ,
604 2649 762 2719 idque
793 2666 897 2704 non
932 2665 1061 2704 casu
1091 2664 1263 2719 neque
1294 2659 1488 2719 praeter
1517 2656 1798 2717 exspecta-

197 2742 417 2796 tionem.
465 2741 731 2812 Superest
760 2749 817 2796 ut
854 2741 1138 2812 deinceps,
1172 2741 1260 2797 ubi
1297 2742 1504 2796 tertiam
1535 2739 1799 2810 adjt-cerie

196 2832 415 2897 mus,de
437 2835 567 2899 hac,
584 2849 685 2903 qua
707 2848 847 2889 nunc
866 2842 1115 2888 tenentur
1129 2833 1388 2899 dicamus,
1407 2831 1801 2902 doceamusque

198 2924 480 2994 perspicue
508 2966 524 2993 ,
570 2924 711 2994 quod
744 2924 921 2978 nullus
954 2924 1210 2994 prapheta
1244 2925 1491 2995 promisit
1527 2924 1629 2978 illis
1656 2923 1800 2977 futu-

197 3030 332 3081 rum,
354 3024 414 3071 ut
432 3016 547 3071 ullo
577 3023 731 3086 pacto
754 3014 823 3070 ab
851 3014 932 3068 his
963 3014 1138 3080 malis,
1167 3014 1223 3068 in
1251 3016 1444 3085 quibus
1475 3029 1617 3069 nunc
1647 3022 1801 3084 sunt,

199 3107 489 3173 mirantur,
521 3115 620 3160 aut
644 3106 957 3161 liberentur.
985 3106 1114 3172 Quae
1138 3115 1221 3162 est
1251 3106 1410 3176 igitur
1440 3106 1594 3162 tertia
1614 3106 1640 3160 ?
1673 3105 1803 3172 Quae

208 3198 340 3254 facta
381 3210 468 3256 est
510 3200 619 3257 sub
658 3201 922 3256 Antiocho
959 3210 1314 3272 cognomento
1341 3200 1637 3271 Epiphanc.
1667 3201 1801 3255 Nam

203 3292 506 3348 Alexander
552 3291 902 3347 Macedonum
942 3307 1039 3347 rex
1064 3333 1080 3357 ,
1124 3292 1212 3347 ubi
1260 3293 1475 3348 Darium
1518 3293 1802 3349 Persarum

206 3396 375 3450 regem
416 3382 770 3449 sustulisset,
808 3382 861 3436 in
904 3397 1025 3438 sese
1050 3383 1321 3438 transtulit
1358 3381 1661 3453 imperium.
1692 3381 1806 3438 Hoc

208 3484 379 3529 autem
414 3475 690 3530 exstincto
714 3515 729 3541 ,
756 3483 986 3544 quatuor
1013 3483 1134 3545 post
1163 3475 1312 3529 illum
1343 3489 1496 3544 reges
1525 3488 1805 3529 successe-

210 3574 364 3634 runt,
396 3583 427 3624 e
456 3583 691 3638 quorum
720 3583 827 3623 uno
857 3578 1145 3638 prognatus
1171 3567 1469 3623 Antiochus
1497 3568 1655 3639 longo
1688 3580 1806 3638 post

212 3666 442 3729 tempore
469 3669 526 3716 et
559 3659 814 3731 templum
857 3660 1131 3728 incendit,
1176 3669 1230 3716 et
1271 3669 1455 3715 sancta
1499 3666 1805 3715 sanctorum

210 3746 520 3817 devastavit,
548 3759 606 3806 et
645 3750 903 3807 sacriﬁcia
949 3751 1185 3818 sustulit,
1224 3760 1280 3807 et
1313 3750 1530 3808 Judaeos
1571 3750 1805 3822 subegit,

212 3840 433 3912 denique
459 3852 629 3898 totam
660 3844 870 3899 illorum
893 3844 1273 3913 rempublicam
1304 3846 1517 3900 evertit.

276 3930 647 4008 7.Explicatio
684 3936 963 4007 praphetite
1001 3934 1246 3990 Danielis.
1279 3966 1350 3977 —
1382 3935 1451 3990 Et
1491 3936 1605 3991 haec
1630 3935 1809 3992 omnia

216 4024 276 4078 ad
298 4043 459 4083 unum
489 4044 658 4099 usque
687 4028 826 4083 diem
858 4027 1197 4082 exactissime
1226 4027 1477 4097 praedicta
1500 4036 1627 4084 sunt
1649 4043 1679 4084 a
1711 4029 1812 4083 Da-

219 4115 385 4184 niele;
415 4128 469 4175 et
498 4119 715 4192 quando
742 4120 857 4175 haec
885 4130 1066 4175 essent
1096 4118 1268 4173 futura
1288 4160 1304 4185 ,
1331 4129 1386 4174 et
1414 4119 1682 4189 quomodo
1701 4161 1716 4186 ,
1758 4126 1813 4175 et

220 4220 247 4258 a
274 4223 409 4280 quo,
440 4222 495 4267 et
537 4227 644 4282 qua
686 4215 930 4278 ratione,
975 4221 1030 4266 et
1074 4211 1161 4265 ubi
1204 4209 1366 4266 ﬁnem
1410 4218 1732 4280 acceptura,
1760 4219 1814 4265 ct

220 4315 372 4369 quam
403 4305 619 4360 tandem
650 4303 996 4360 mutationem
1036 4302 1311 4358 sortitura.
1352 4301 1466 4357 Hoc
1490 4311 1667 4356 autem
1697 4301 1813 4356 evi-

222 4395 425 4450 tlcntius
467 4398 800 4468 perspicietis
844 4397 935 4453 ubi
980 4398 1236 4453 visionem
1289 4396 1456 4466 ipsam
1500 4395 1811 4464 audieritis,

224 4498 373 4552 quam
404 4503 499 4557 per
529 4489 837 4558 parabolam
868 4489 1023 4544 nobis
1049 4488 1326 4560 proposuit
1350 4487 1610 4558 propheta
1632 4528 1648 4552 ,
1676 4487 1815 4542 arie-

229 4572 294 4628 tis
339 4579 598 4635 vocabulo
640 4580 926 4651 designans
974 4580 1189 4636 Darium
1242 4596 1423 4651 regem
1472 4581 1754 4636 Persarum
1795 4594 1811 4633 :

229 4667 357 4722 hirci
388 4685 516 4727 vero
558 4671 866 4729 Grazcorum
913 4689 1128 4744 regem,
1162 4672 1406 4728 videlicet
1450 4671 1812 4727 Alexandrum

233 4754 566 4819 Macedonem
590 4780 604 4816 :
625 4774 850 4834 quatuor
871 4779 1067 4819 cornua
1090 4772 1243 4819 vocat
1270 4779 1384 4831 eos,
1413 4763 1501 4834 qui
1528 4772 1647 4834 post
1667 4762 1815 4818 illum

231 4850 585 4909 exstiterunt:
620 4864 947 4926 postremum
992 4870 1162 4912 cornu
1205 4855 1379 4925 ipsum
1419 4855 1591 4925 signat
1629 4855 1818 4910 Antio-

235 4936 410 4997 chum.
434 4943 572 5012 Quin
594 4955 809 5017 praestat
834 4948 1003 5017 ipsam
1029 4946 1213 5002 audire
1242 4946 1524 5001 visionem.
1562 4945 1699 5013 Vidi,
1733 4946 1816 5000 in-

235 5029 362 5099 quit,
383 5035 620 5091 visionem
649 5047 695 5093 et
718 5037 950 5093 sedebant
981 5039 1035 5093 in
1069 5037 1237 5106 Ubal;
1269 5037 1400 5094 Ubal
1434 5039 1606 5094 locum
1635 5054 1823 5108 quem-

240 5120 369 5185 hiam
406 5125 568 5196 dicit,
598 5131 877 5185 Persarum
920 5130 1095 5201 lingua
1138 5129 1217 5186 sic
1252 5130 1400 5185 illum
1438 5130 1746 5201 appellans;
1775 5139 1820 5184 et

242 5215 408 5269 “mu”
427 5221 597 5277 oculos
623 5239 779 5289 meos,
810 5233 856 5277 et
885 5222 1006 5287 vidi,
1035 5234 1081 5275 et
1108 5238 1218 5276 ecce
1244 5222 1377 5276 aries
1396 5239 1524 5276 unus
1548 5232 1687 5276 stans
1706 5231 1822 5277 ante

246 5300 399 5370 Ubal,
429 5321 474 5365 et
512 5324 655 5370 erant
700 5314 779 5369 illi
815 5331 1009 5369 cornua
1045 5315 1276 5382 excelsa,
1306 5324 1352 5369 et
1380 5331 1536 5369 unum
1575 5312 1822 5370 excelsius

243 5401 442 5468 trieteris,
467 5414 512 5458 et
534 5408 784 5462 excelsum
813 5407 944 5462 illud
971 5410 1189 5477 pervenit
1214 5425 1371 5479 usque
1398 5409 1469 5463 ad
1488 5417 1711 5464 extrema
1732 5424 1751 5463 :
1775 5418 1824 5463 et

243 5485 456 5546 videbam
470 5499 674 5553 arietem
691 5512 966 5554 moventem
985 5517 1141 5554 cornu
1161 5510 1336 5554 contra
1352 5517 1509 5565 mare,
1522 5510 1568 5555 et
1583 5500 1819 5567 Boream,

250 5584 292 5626 et
315 5576 532 5652 Natant,
562 5598 610 5643 et
645 5607 816 5646 omnes
860 5591 1030 5645 bestia:
1071 5606 1174 5644 non
1219 5590 1421 5644 stabunt
1461 5591 1516 5644 in
1552 5599 1824 5662 conspectu

254 5668 371 5757 eius,
420 5693 505 5733 nec
546 5694 648 5737 erat
695 5684 781 5754 qui
831 5685 1042 5757 eriperet
1091 5683 1156 5738 de
1198 5701 1350 5738 manu
1372 5684 1509 5739 illius
1536 5693 1623 5739 :et
1665 5685 1826 5755 {acie-

255 5756 333 5812 bat
372 5766 518 5837 juxta
559 5777 865 5833 voluntatem
908 5756 1054 5833 suam
1076 5821 1092 5847 ,
1147 5787 1193 5832 et
1232 5780 1586 5849 magniﬁcatus
1620 5787 1726 5845 est,
1776 5787 1825 5833 et

253 5864 338 5920 ενα
363 5858 693 5939 itttelltyebam
725 5870 884 5941 (Dan.
923 5871 977 5932 8.
1017 5871 1070 5931 2.
1102 5881 1146 5929 et
1171 5878 1352 5947 καφ).
1386 5873 1458 5928 De
1484 5870 1717 5946 potentia
1748 5871 1831 5928 lo-

1445 424 1810 509 onnnsus
1848 425 2153 484 tomos.
2199 428 2261 484 ν.

3368 442 3474 499 8θῦ

1889 541 2070 611 quitur
2097 541 2306 597 Persica
2326 583 2341 608 ,
2375 548 2430 596 et
2463 540 2736 597 dominatu
2759 583 2775 609 ,
2801 540 2890 613 qui
2922 521 3160 612 pet-insit
3181 551 3341 597 totam
3371 553 3481 595 lcr-

1886 648 2024 688 ram.
2055 632 2255 688 Deinde
2279 632 2347 689 de
2377 633 2679 689 Alexandro
2707 632 3051 689 Macedonum
3085 650 3208 704 rege
3232 633 3481 703 loquens.

1888 723 2043 778 dicit:
2062 721 2129 777 Et
2156 740 2267 778 ecce
2292 724 2460 778 hircus
2487 741 2755 796 caprarum
2779 727 2907 780 venit
2932 724 2993 779 ab
3022 724 3203 779 Austro
3232 739 3384 795 super
3405 728 3488 795 fa-

1887 815 2014 869 cient
2042 815 2285 870 uuiuersa:
2324 824 2471 870 tet-rte
2494 858 2508 882 ,
2541 827 2586 870 et
2630 833 2731 870 non
2760 817 2991 888 tangebat
3021 826 3205 870 terram
3227 857 3243 879 ,
3273 825 3318 870 et
3342 817 3485 869 hirco

1890 905 1968 959 illi
1988 906 2301 975 prominebat
2326 923 2483 961 cornu
2512 907 2565 961 in
2594 907 2756 960 medio
2784 908 3044 960 oculorum
3074 907 3256 978 ipsius.
3288 906 3488 961 Deinde

1891 1011 2116 1052 narrans
2144 1012 2489 1068 congressum
2520 998 2809 1053 Alexandri
2839 1015 2961 1054 cum
3004 1000 3192 1066 Dario,
3220 998 3489 1068 ejusdem-

1892 1104 1996 1158 que
2028 1089 2304 1145 victoriam
2334 1091 2539 1145 viribus
2569 1100 2773 1160 partam
2815 1107 2829 1143 :
2876 1088 3050 1154 Venit,
3079 1089 3289 1160 inquit,
3316 1092 3489 1144 hircus

1891 1196 2047 1250 usque
2070 1180 2139 1234 ad
2175 1181 2381 1235 arietem
2425 1181 2685 1235 habentem
2724 1198 2914 1235 cornua
2934 1225 2949 1247 ,
2980 1192 3026 1236 et
3056 1180 3293 1249 efferatus
3335 1192 3405 1235 est
3433 1183 3487 1235 in

1893 1287 2025 1337 eum,
2051 1281 2097 1326 et
2123 1275 2366 1343 percussit
2390 1273 2618 1339 arietem,
2646 1273 2929 1329 dicendum
2958 1283 3041 1329 est
3066 1274 3206 1328 enim
3233 1289 3489 1344 compen-

1895 1363 2003 1430 dio,
2023 1374 2069 1418 et
2094 1366 2325 1419 contrivit
2355 1374 2622 1435 utrumque
2641 1383 2797 1420 cornu
2820 1366 2978 1430 illius,
3001 1381 3090 1420 nec
3119 1375 3222 1420 erat
3243 1366 3327 1436 qui
3352 1366 3490 1419 arie-

1897 1462 1995 1508 tem
2020 1456 2228 1526 eriperet
2254 1454 2317 1511 de
2353 1473 2509 1510 manu
2535 1456 2696 1512 illius.
2729 1455 2973 1512 Posthaec
3008 1471 3234 1511 narrans
3263 1466 3494 1512 mortem

1897 1549 2223 1619 Alexandri,
2255 1558 2310 1605 et
2346 1559 2572 1621 quatuor
2595 1565 2779 1621 regum
2810 1550 3205 1606 successionem
3239 1565 3252 1602 :
3286 1547 3351 1603 Et
3377 1564 3492 1601 cum

1897 1643 1978 1697 hic
2006 1643 2327 1699 incalesceret
2350 1686 2364 1708 ,
2397 1644 2603 1715 inquit,
2631 1646 2906 1699 contritum
2943 1653 3015 1698 est
3054 1660 3212 1699 cornu
3240 1643 3350 1714 ejus
3378 1658 3491 1696 ma-

1895 1751 2069 1806 gnum,
2094 1744 2139 1789 et
2160 1745 2334 1789 exorta
2355 1746 2470 1790 sunt
2496 1744 2712 1806 quatuor
2731 1752 2922 1789 cornua
2942 1734 3032 1789 sub
3057 1735 3168 1796 illo.
3191 1735 3258 1788 ad
3277 1741 3493 1798 quatuor

1895 1834 2064 1880 ventos
2090 1826 2223 1880 cwli.
2252 1826 2387 1881 llinc
2414 1827 2682 1882 transiens
2715 1826 2967 1894 deinceps
3000 1824 3067 1880 ad
3128 1824 3379 1880 Antiochi
3405 1839 3493 1879 re-

1896 1931 2055 1987 gnum
2068 1917 2233 1983 venit,
2249 1916 2594 1973 etdeclarans
2612 1917 2755 1987 quod
2772 1933 2839 1972 ex
2856 1917 3045 1972 horum
3062 1925 3286 1986 quatuor
3300 1930 3407 1970 uno
3422 1916 3495 1971 sit

1898 2016 2049 2064 ortus
2069 2051 2084 2075 ,
2113 2008 2191 2064 sic
2221 2010 2332 2065 fere
2357 2010 2433 2063 ait
2464 2026 2478 2063 :
2509 2008 2594 2064 Ea:
2619 2026 2719 2063 uno
2760 2009 2946 2079 prodiit
2972 2024 3131 2063 cornu
3158 2007 3384 2062 validum
3403 2049 3417 2075 ,
3446 2015 3496 2062 et

1897 2101 2176 2155 exaltatum
2201 2112 2272 2155 est
2298 2102 2628 2167 uehementer,
2656 2101 2723 2154 ad
2746 2099 2939 2155 Notum
2964 2108 3010 2153 et
3035 2098 3308 2154 Orientem.
3335 2099 3490 2154 Dein.

1899 2192 1969 2248 de
2007 2193 2295 2265 designans
2338 2193 2480 2263 quod
2518 2193 2793 2250 Judaicam
2839 2192 3077 2263 politiam
3124 2191 3360 2246 funditus
3398 2189 3495 2245 de-

1900 2287 2094 2341 struxit
2126 2304 2139 2339 :
2177 2285 2446 2353 Post/two,
2479 2286 2684 2356 inquit,
2715 2286 3023 2355 sacri/icium
3068 2302 3157 2357 per
3184 2302 3296 2339 eum
3326 2282 3500 2337 turba-

1902 2388 2006 2431 tum
2032 2387 2105 2432 est
2130 2378 2330 2432 delicto.
2365 2378 2431 2433 Et
2461 2383 2652 2450 factum
2678 2387 2770 2444 est,
2802 2390 2848 2432 et
2874 2396 3115 2450 prospere
3141 2377 3403 2450 processit.
3430 2376 3499 2431 Et

1904 2479 2132 2524 sanctum
2177 2469 2519 2537 desolabitur,
2549 2481 2597 2525 et
2639 2470 2816 2524 datum
2858 2480 2932 2525 est
2973 2479 3150 2524 contra
3192 2470 3500 2538 sacriﬁcium

1903 2571 2196 2631 peccatum;
2224 2562 2380 2616 altari
2404 2563 2538 2617 enim
2563 2561 2783 2629 sublato,
2808 2561 2995 2616 sanctis
3023 2559 3350 2624 conculcatis,
3378 2558 3498 2613 ido-

1908 2651 2013 2706 lum
2036 2653 2209 2707 statuit
2234 2654 2390 2721 intus,
2414 2663 2459 2707 et
2478 2654 2668 2708 hostias
2692 2652 2967 2708 immolavit
2989 2652 3296 2707 dwmonibus
3321 2659 3500 2705 contra

1903 2743 2087 2816 legem,
2111 2753 2156 2797 et
2183 2746 2407 2816 projecta
2432 2754 2505 2799 est
2530 2746 2580 2799 in
2609 2753 2795 2799 terram
2805 2744 3029 2813 justitia.
3056 2743 3119 2798 Et
3143 2745 3280 2817 fecit,
3304 2752 3350 2797 et
3376 2759 3501 2813 pro-

1904 2855 2050 2908 spere
2100 2839 2359 2908 processit.
2405 2838 2606 2893 Deinde
2658 2852 2868 2893 rursum
2914 2837 2982 2893 de
3012 2837 3114 2892 hoc
3169 2836 3288 2907 ipso
3337 2849 3502 2905 agens

1904 2947 2071 3002 regno
2097 2931 2350 2987 Antiochi
2384 2930 2696 3002 Epiphanis,
2725 2930 2896 3001 deque
2923 2930 3231 3001 captivitate
3268 2928 3502 2985 excidio-

1906 3039 2012 3095 que
2035 3038 2098 3079 ac
2125 3024 2459 3080 desolatione
2490 3024 2694 3092 templi,
2724 3027 2882 3077 etiam
2910 3023 3083 3093 ipsum
3115 3031 3324 3091 tempus
3348 3020 3504 3076 addi-

1906 3117 2004 3171 dit.
2024 3116 2262 3172 Exorsus
2280 3115 2423 3170 enim
2445 3115 2514 3169 ab
2535 3114 2820 3169 Alexandri
2848 3128 3031 3183 regno,
3054 3111 3231 3167 denuo
3251 3112 3314 3165 ad
3341 3112 3501 3166 tinem

1908 3208 2029 3265 libri
2049 3210 2208 3264 etiam
2233 3207 2542 3263 intermedia
2570 3221 2998 3262 commemorans
3022 3204 3220 3269 omnia,
3244 3219 3361 3273 qua:
3381 3204 3506 3258 Pto-

1907 3300 2083 3357 lemtei
2118 3310 2174 3356 et
2219 3299 2427 3356 Seleuci
2467 3297 2832 3353 conﬁictantes
2872 3297 3012 3351 inter
3053 3310 3172 3351 sese
3221 3294 3505 3360 fecerunt,

1907 3407 2134 3463 qumque
2176 3391 2365 3446 horum
2413 3389 2579 3445 duces
2616 3396 2932 3459 gesserunt,
2984 3386 3174 3454 dolos,
3217 3386 3503 3451 victorias,

1911 3484 2183 3541 exercitus
2207 3525 2222 3549 ,
2255 3497 2459 3554 pugnas
2483 3481 2700 3537 navales
2720 3523 2734 3547 ,
2766 3480 2944 3551 prmlia
2972 3478 3236 3549 pedestria
3265 3496 3279 3532 :
3311 3477 3506 3533 deinde

1913 3591 2231 3648 progressus
2256 3576 2308 3630 in
2338 3573 2660 3630 Antiochum
2681 3573 2876 3628 desinit
2902 3572 3091 3626 iterum
3121 3571 3306 3625 dicens
3335 3585 3349 3621 :
3376 3567 3510 3622 Bra-

1913 3668 2030 3724 chia
2050 3685 2112 3725 ea:
2130 3668 2240 3740 ipso
2258 3668 2568 3734 exorientur,
2586 3676 2635 3719 et
2657 3664 2995 3736 profanabant
3017 3672 3247 3717 sanctum
3266 3670 3314 3714 et
3334 3670 3508 3714 trans-

1913 3759 2077 3830 ferant
2113 3758 2587 3822 continuationem;
2637 3756 3089 3811 continuationem
3119 3753 3392 3825 appellans
3422 3766 3511 3807 so-

1916 3850 2120 3906 lemnes
2162 3858 2216 3904 et
2255 3848 2590 3920 quotidianus
2620 3848 2892 3906 victimas:
2941 3857 2987 3900 et
3026 3847 3241 3917 infcreut
3285 3845 3337 3899 in
3364 3844 3508 3897 illam

1917 3943 2360 4011 abominationem,
2383 3951 2429 3997 et
2451 3959 2533 3997 eos
2557 3942 2642 4012 qui
2670 3942 2857 3995 violant
2882 3949 3252 4003 testamentum,
3278 3938 3380 3993 hoc
3402 3947 3506 4003 est,

1918 4035 2332 4104 prmvaricantes
2358 4033 2595 4099 Judazos,
2619 4032 2868 4086 adducent
2894 4033 2945 4085 in
2974 4032 3171 4098 ruinas,
3202 4045 3384 4086 secum
3417 4029 3511 4083 ha-

1919 4127 2119 4183 bebunt
2159 4140 2222 4179 ac
2250 4134 2369 4180 tran
2389 4123 2606 4189 ferent,
2653 4132 2699 4177 et
2737 4122 2954 4193 papulas
2997 4137 3300 4191 cognoscens
3349 4118 3509 4173 Deum

1918 4234 2067 4272 suum
2093 4215 2380 4286 prtevalebit
2405 4232 2424 4269 :
2475 4211 2897 4269 Machaba‘orum
2926 4226 3015 4266 res
3038 4209 3363 4280 signiﬁcans,
3391 4225 3512 4279 qua:

1920 4310 2228 4365 acciderunt
2250 4307 2351 4361 sub
2379 4305 2513 4361 Juda
2543 4314 2598 4360 et
2621 4304 2838 4360 Simone
2865 4312 2921 4358 et
2947 4303 3184 4366 Joanne;
3216 4311 3265 4356 et
3291 4301 3514 4373 pruden-

1918 4411 1990 4456 tes
2016 4401 2189 4473 pOpuli
2214 4399 2493 4470 intelligent
2521 4397 2591 4451 ad
2617 4397 2798 4463 multa,
2831 4404 2877 4451 et
2898 4394 3291 4465 inﬁrmabuntur
3315 4393 3367 4446 in
3396 4391 3511 4463 gla-

1919 4493 2004 4547 dio
2045 4501 2092 4548 et
2124 4493 2368 4563 ﬂamma;
2408 4489 2658 4544 nimirum
2708 4488 2901 4544 iterum
2949 4500 3173 4541 narrans
3212 4484 3515 4540 incendium

1922 4583 2184 4649 civitatis;
2215 4592 2263 4637 et
2294 4582 2348 4636 in
2377 4581 2699 4652 captivitate,
2732 4587 2777 4633 et
2806 4580 2859 4632 in
2888 4578 3171 4647 direptione
3208 4577 3441 4638 dierum;
3468 4584 3515 4629 et

1922 4691 2037 4728 cum
2063 4675 2308 4746 inﬁrmati
2337 4673 2565 4745 fuerint,
2605 4670 2979 4742 adjuvabuntur
3019 4669 3276 4741 adju.‘orio
3321 4683 3518 4739 parvo:

1921 4767 2225 4839 signiﬁcans
2251 4765 2394 4837 quod
2434 4765 2487 4820 in
2534 4763 2725 4819 mediis
2754 4762 2860 4817 illis
2898 4762 3050 4817 malis
3077 4772 3326 4831 poterunt
3347 4761 3518 4828 respi-

1925 4876 2047 4917 rare
2069 4902 2084 4927 ,
2117 4868 2171 4916 et
2208 4873 2487 4930 emergere
2522 4873 2590 4912 ex
2617 4855 2991 4911 afflictionibus
3014 4895 3030 4921 ,
3058 4853 3251 4924 quibus
3294 4850 3515 4906 involuti

1924 4962 2084 5018 sunt;
2114 4962 2160 5008 et
2192 4952 2533 5024 adjungentur
2556 4950 2660 5004 illis
2696 4948 2842 5003 multi
2869 4947 2923 5001 in
2948 4946 3107 5001 ruinis
3132 4985 3148 5011 ,
3171 4953 3218 4998 et
3237 4945 3298 4998 ab
3328 4943 3518 4998 intelli-

1929 5045 2157 5116 gentibus
2181 5042 2574 5112 inﬁrmabuntur
2603 5039 2763 5113 (Dan.
2794 5039 2882 5093 il.
2910 5037 2998 5092 3L
3017 5047 3064 5092 et
3093 5036 3273 5109 scqq.).
3307 5035 3401 5091 His
3424 5050 3519 5089 au-

1928 5147 2033 5192 tem
2061 5134 2239 5192 verbis
2268 5133 2529 5205 significat
2554 5131 2787 5187 futurum
2812 5172 2828 5196 ,
2862 5138 2919 5184 ut
2948 5128 3095 5183 multi
3125 5127 3285 5183 etiam
3315 5134 3519 5181 stantes

1926 5228 2139 5285 endam.
2168 5225 2371 5282 Deinde
2390 5238 2606 5280 causam
2632 5224 2792 5278 etiam
2821 5220 3012 5291 aperit,
3042 5220 3112 5275 ob
3137 5234 3294 5289 quam
3322 5216 3519 5286 permi-

1927 5321 1996 5376 sit
2021 5322 2161 5375 Deus
2190 5319 2312 5374 illos
2337 5319 2388 5371 in
2422 5316 2581 5371 tantis
2604 5315 2761 5371 malis
2787 5312 3010 5370 versari.
3036 5312 3291 5380 Qumnam
3313 5317 3394 5364 est
3412 5324 3476 5363 ea
3494 5309 3520 5363 2

1932 5410 1999 5466 Ut
2045 5411 2161 5483 igne
2202 5407 2450 5463 examinet
2497 5405 2633 5472 illos,
2680 5404 2879 5475 inquit,
2921 5404 3105 5474 eligat,
3138 5411 3287 5471 atque
3324 5397 3521 5452 dealbet

1928 5520 2082 5576 usque
2098 5502 2167 5557 ad
2187 5503 2453 5556 terminum
2481 5500 2737 5571 temporis.
2762 5498 2987 5569 Pr0pter
3009 5497 3122 5552 hsce
3141 5496 3306 5560 enim,
3326 5493 3517 5562 inquit,

1929 5594 2045 5651 ha-c
2060 5593 2299 5666 permisit
2315 5594 2476 5661 Deus,
2490 5600 2551 5646 ut
2561 5606 2654 5647 eos
2672 5604 2894 5660 repurga
2902 5585 3415 5653 ret,ostenderetque
3427 5583 3518 5652 qui

1930 5696 2115 5743 essent
2140 5685 2278 5741 inter
2307 5685 2427 5739 illos
2457 5682 2683 5754 probati.
2704 5679 2904 5737 Deinde
2925 5689 3353 5734 commemorans
3378 5673 3519 5744 regis

1931 5779 2071 5834 illius
2098 5776 2410 5848 potentiam,
2442 5774 2553 5830 ait:
2583 5772 2648 5827 Et
2673 5773 2823 5845 faciet
2841 5774 2991 5840 juxta
3020 5769 3321 5825 voluntatem
3349 5782 3518 5831 suam,

1932 5881 1982 5931 et
1999 5869 2323 5942 exaltabitur,
2340 5878 2385 5925 et
2407 5867 2826 5955 magni/imbitur.
2850 5864 2967 5954 Mor
2994 5861 3364 5935 blasphetnum
3380 5857 3521 5919 illius
