3920 6402
477 467 583 526 895

472 582 713 636 animum
743 578 1048 650 signiﬁcans
1066 619 1082 646 ,
1107 576 1254 633 addit
1297 592 1314 606 ο
1356 573 1602 629 Adversus
1628 572 1791 626 Deum
1818 571 2028 626 deorum
2050 610 2067 635 ,

477 677 645 747 inquit
669 716 688 743 ,
717 674 947 743 loquetur
969 679 1186 741 superba
1209 710 1223 734 ,
1254 676 1300 723 et
1344 666 1721 739 prosperabitur
1742 706 1756 731 ,
1792 664 1951 717 donec
1990 663 2074 716 ira

476 766 942 823 consummabitur:
970 764 1242 818 declarans
1270 759 1411 832 quod
1450 776 1554 814 non
1600 775 1664 814 ex
1698 759 1910 829 preprio
1934 772 2067 811 con-

476 860 632 925 silio,
659 858 754 914 sed
789 866 1002 926 propter
1033 857 1161 909 iram
1208 853 1300 908 Dei
1343 852 1602 907 adversus
1635 851 1848 907 Juda‘os
1873 850 1963 905 ille
1991 848 2070 904 sic

481 949 782 1004 invaluerit.
808 947 1042 1002 Tandem
1068 946 1154 1001 ubi
1176 945 1411 1013 pluribus
1430 944 1546 998 aliis
1567 942 1700 998 dixit
1718 950 1912 1013 quanta
1930 941 2069 997 mala

478 1040 713 1096 facturus
740 1049 921 1106 esset,
961 1049 1071 1093 tun]
1114 1036 1348 1109 )Egypto
1370 1078 1387 1103 ,
1420 1045 1532 1090 tum
1561 1032 1900 1100 l’ala'stinm;
1932 1048 2068 1104 quo-

479 1135 639 1190 modo
664 1132 928 1189 rediturus
956 1131 1023 1187 sit
1047 1171 1063 1197 ,
1106 1141 1159 1188 et
1202 1145 1309 1202 quo
1334 1139 1560 1185 vocante
1582 1170 1598 1195 ,
1629 1139 1686 1184 et
1714 1142 1815 1198 qua
1847 1136 2067 1197 urgente

476 1239 634 1280 causa
661 1242 674 1278 :
702 1231 882 1293 postea
906 1232 1087 1277 narrat
1109 1231 1409 1292 temporum
1429 1218 1796 1285 mutationem,
1823 1217 2067 1289 quodque

478 1315 645 1371 Juda:i
676 1322 959 1385 postquam
993 1329 1088 1384 per
1116 1312 1234 1368 haec
1277 1311 1456 1367 omnia
1501 1310 1846 1377 transierint,
1880 1310 2066 1364 nanci-

477 1417 695 1461 SCt‘lllur
716 1406 928 1477 aliquod
951 1405 1224 1468 auxilium,
1241 1404 1408 1458 misso
1432 1404 1621 1473 angelo
1638 1403 1689 1457 in
1714 1401 1923 1455 illorum
1943 1400 2068 1455 sub-

480 1501 694 1554 sidium.
721 1498 786 1554 In
816 1510 1039 1570 tempore
1063 1499 1195 1552 enim
1224 1495 1335 1563 illo,
1362 1496 1551 1567 inquit,
1578 1504 1814 1567 exsurget
1842 1494 2068 1549 Michael

478 1593 711 1663 princeps
738 1608 952 1662 magnus
974 1633 988 1657 ,
1018 1590 1105 1655 qui
1130 1593 1395 1661 praefectus
1420 1599 1491 1644 est
1520 1588 1642 1659 filiis
1679 1589 1856 1660 populi
1881 1590 1988 1656 tui,
2017 1598 2065 1642 et

476 1684 569 1737 erit
600 1694 795 1753 tempus
819 1682 1098 1754 aﬂlictianis
1120 1723 1135 1747 ,
1164 1682 1312 1752 quale
1339 1697 1439 1735 non
1470 1680 1588 1751 fuit,
1618 1697 1681 1735 ea:
1703 1697 1800 1749 quo
1825 1696 1948 1751 gens
1978 1684 2063 1750 fu-

476 1785 556 1828 cta
577 1786 648 1830 est
668 1776 720 1829 in
746 1784 878 1828 terra
904 1789 1060 1845 usque
1086 1773 1153 1826 ad
1182 1782 1376 1843 tempus
1402 1772 1551 1837 illud,
1578 1782 1626 1827 et
1648 1772 1703 1825 in
1729 1780 1951 1841 tempore
1970 1772 2063 1826 illo

475 1868 614 1920 solea
639 1866 723 1934 [iet
751 1866 913 1919 omnis
941 1864 1211 1918 multitudo
1233 1906 1248 1929 ,
1281 1879 1397 1936 quae
1427 1863 1703 1935 reperietur
1728 1864 1980 1935 descripta
2008 1864 2061 1918 in

477 1956 603 2011 libro
634 1942 813 2030 (Dan.
843 1957 931 2011 12.
960 1954 1045 2027 l),
1077 1956 1178 2010 hoc
1197 1964 1300 2020 est,
1328 1956 1416 2022 qui
1446 1954 1589 2025 digni
1617 1964 1740 2009 sunt
1766 1955 1961 2010 salute.

543 2050 598 2106 8.
642 2048 834 2104 Verum
875 2063 943 2103 ne
987 2062 1132 2103 nunc
1169 2046 1386 2119 quidem
1429 2046 1604 2103 adhuc
1639 2047 2058 2102 demonstratum

472 2149 572 2205 est,
598 2138 666 2195 de
686 2155 792 2211 quo
814 2139 910 2194 fuit
931 2140 1168 2194 instituta
1195 2137 1439 2208 quaestio.
1462 2138 1598 2205 Quid
1619 2148 1795 2193 autem
1818 2138 1919 2193 hoc
1938 2138 2057 2193 esti

472 2230 731 2287 Videlicet
773 2229 915 2299 quod
946 2235 1105 2286 etiam
1138 2239 1375 2299 tempora
1410 2230 1717 2300 praefinierit
1752 2229 1835 2283 his
1869 2230 2020 2285 malis
2041 2272 2055 2296 ,

469 2328 613 2406 velut
644 2328 748 2382 illic
786 2329 970 2399 prima:
1009 2328 1282 2382 servitutis
1308 2340 1477 2381 annos
1504 2324 1944 2395 quadringentos,
1975 2339 2061 2380 sc-

467 2420 656 2476 cundre
694 2429 877 2490 postea
927 2418 1279 2490 septuaginta.
1327 2418 1618 2474 Videamus
1663 2419 1824 2490 igitur
1863 2433 1930 2473 an
1973 2418 2058 2473 his

466 2522 678 2580 quoque
704 2509 962 2580 prmitniat
989 2518 1198 2580 tempus
1220 2509 1455 2580 aliquod.
1484 2509 1579 2565 l‘bi
1602 2524 1730 2565 vero
1755 2508 1934 2565 licebit
1954 2509 2057 2565 hoc

468 2603 750 2658 invenire?
782 2600 839 2657 In
899 2602 965 2657 iis
1004 2618 1122 2673 qua:
1161 2608 1282 2671 post
1322 2601 1440 2658 hare
1483 2600 1747 2657 dicentur.
1792 2600 2056 2670 Quoniam

467 2695 608 2747 enim
633 2692 875 2748 audierat
905 2694 1066 2747 multa
1096 2706 1391 2763 utagnaque
1417 2692 1577 2758 mala,
1608 2692 1840 2748 civitatis
1868 2693 2054 2748 incen-

465 2782 610 2837 dium
632 2826 645 2847 ,
681 2782 875 2852 politius
916 2783 1314 2838 subversionem
1339 2824 1354 2848 ,
1396 2796 1615 2837 suorum
1658 2783 2050 2851 captivitatem,

467 2886 648 2944 pestea
670 2873 1005 2929 desiderabat
1029 2873 1187 2927 linem
1216 2872 1425 2927 illorum
1450 2872 1676 2938 discere,
1706 2881 1760 2927 et
1783 2890 1911 2929 num
1935 2888 2053 2944 quae

467 2965 638 3020 futura
663 2971 807 3020 esset
829 2978 1012 3018 earum
1039 2963 1398 3018 calamitatum
1431 2965 1796 3019 commutatio.
1822 2965 2053 3020 Percon-

466 3064 582 3108 latis
610 3064 785 3108 autem
816 3051 894 3109 sic
932 3053 1248 3122 loquebatur
1268 3094 1284 3121 ,
1314 3050 1532 3108 Domine
1554 3094 1569 3118 ,
1598 3055 1711 3124 quis
1737 3062 1809 3108 est
1842 3053 2052 3108 istorum

463 3148 620 3216 ﬁnis?
646 3145 714 3199 Et
740 3146 888 3212 dixit,
928 3144 1054 3200 Veni
1079 3144 1177 3198 huc
1204 3143 1422 3200 Daniel:
1442 3144 1681 3215 quoniam
1708 3144 1869 3198 clausi
1891 3152 1938 3198 et
1962 3142 2053 3198 ob-

461 3239 648 3309 signati
675 3247 790 3292 sunt
827 3254 1081 3292 sermones
1115 3253 1135 3292 :
1163 3237 1505 3293 subindicans
1546 3237 1923 3293 obscuritatem
1953 3252 2049 3293 eo-

461 3346 578 3385 rum
599 3372 613 3395 ,
644 3345 764 3400 quae
789 3330 1129 3397 dicerentur,
1163 3327 1331 3399 Usque
1355 3328 1426 3382 ad
1461 3328 1698 3400 temporis
1723 3328 1896 3398 ﬁnem.
1929 3327 2051 3384 Mox

461 3436 673 3475 caiinsam
700 3422 966 3490 aperiens,
994 3434 1159 3491 quare
1187 3420 1288 3474 ista
1318 3421 1620 3489 permiserit
1647 3420 1865 3475 evenire
1887 3420 2047 3486 mala,

461 3510 635 3566 Donec
663 3511 934 3582 eligantur,
977 3511 1181 3581 inquit,
1214 3520 1260 3565 et
1289 3510 1603 3578 dealbentur,
1634 3521 1682 3566 et
1717 3512 1825 3584 igni
1852 3514 2047 3568 exami-

461 3611 643 3656 nentur
661 3600 828 3665 multi,
851 3610 898 3656 et
922 3602 1092 3672 inique
1114 3612 1268 3673 agant
1293 3603 1474 3673 iniqui,
1503 3612 1548 3656 et
1570 3604 1857 3674 intelligant
1878 3619 2052 3669 omnes

461 3692 623 3763 impii,
639 3700 684 3746 et
704 3690 899 3745 cordati
917 3691 1200 3763 intelligant
1219 3691 1378 3763 (Dan.
1397 3693 1481 3747 l2.
1503 3693 1558 3748 8.
1576 3701 1621 3748 et
1635 3696 1823 3765 seqq.).
1845 3695 2051 3752 Deinde

460 3789 656 3851 quanto
672 3788 911 3851 tempore
930 3782 1038 3836 sint
1064 3782 1165 3836 illis
1192 3797 1438 3837 mansura
1458 3783 1571 3839 haec
1597 3785 1733 3839 mala
1755 3785 2049 3854 prmdicens

460 3871 534 3924 ait
557 3871 632 3924 :A
655 3880 878 3940 tempore
907 3874 1334 3927 transmutationis
1353 3874 1723 3929 endeleclu'smi.
1752 3875 1843 3931 Sic
1867 3883 2047 3931 autem

461 3964 748 4019 vocabatur
767 3965 1131 4035 quotidianum
1156 3965 1493 4021 Sacrificium.
1523 3967 1653 4021 Nam
1680 3973 1910 4038 ἐνδελεχὲς
1929 3986 2050 4039 per-

461 4064 678 4125 petuum
710 4064 825 4122 est,
855 4055 1103 4126 frequens
1123 4098 1137 4122 ,
1166 4067 1220 4112 et
1246 4059 1577 4112 continuum.
1608 4059 1735 4113 Erat
1759 4061 1901 4114 enim
1929 4075 2049 4117 mos

458 4145 657 4201 ludatis
682 4153 738 4200 et
761 4146 969 4216 vesperi
1015 4155 1071 4201 et
1114 4146 1212 4201 sub
1238 4161 1487 4201 auroram
1518 4155 1573 4203 et
1599 4149 1808 4220 singulo
1838 4165 2050 4221 quoque

458 4236 544 4291 die
559 4237 876 4292 sacrificium
898 4237 1092 4292 oii‘erre
1112 4238 1242 4293 Deo.
1270 4242 1441 4308 Atque
1461 4238 1528 4295 de
1547 4254 1704 4295 causa
1726 4243 2046 4298 sacrificium

457 4327 585 4384 illud
629 4328 1082 4384 endelechismum
1103 4370 1118 4394 ,
1159 4328 1210 4383 id
1250 4339 1333 4384 est
1369 4328 1733 4388 assiduitatem
1755 4374 1770 4399 ,
1803 4334 2042 4390 vocabat.

460 4419 743 4489 Postquam
771 4420 929 4490 igitur
955 4420 1176 4476 veniens
1199 4420 1493 4477 Antiochus
1522 4421 1664 4479 hunc
1689 4439 1892 4480 morem
1922 4439 2044 4484 sus-

460 4511 580 4567 tulit
615 4520 669 4567 et
708 4512 1011 4567 immutavit
1032 4530 1046 4566 :
1071 4512 1174 4567 hoc
1196 4521 1298 4576 est,
1323 4512 1462 4584 quod
1493 4515 1570 4569 ait
1591 4511 1830 4587 angelus,
1856 4517 1903 4571 Α
1923 4528 2048 4572 tem-

463 4618 584 4673 pore
610 4606 1045 4659 transmutationis
1073 4606 1448 4675 endelecltismi,
1480 4608 1582 4663 hoc
1611 4618 1713 4676 est,
1745 4625 1775 4666 a
1807 4620 2047 4681 tempore

464 4711 566 4764 quo
587 4698 1002 4753 commutabitur
1022 4697 1128 4754 hoc
1148 4700 1490 4769 sacriﬁcium,
1517 4711 1636 4757 sunt
1659 4704 1767 4757 dies
1792 4703 1933 4759 mille
1951 4705 2049 4760 du-

455 4788 588 4845 centi
611 4797 660 4843 et
688 4789 962 4859 nonaginta
978 4831 992 4855 ,
1019 4789 1122 4844 hoc
1146 4798 1229 4845 est
1249 4830 1265 4857 ,
1296 4799 1404 4847 tres
1428 4792 1554 4847 anni
1583 4809 1702 4849 cum
1727 4794 2003 4851 dimidiato
2024 4837 2041 4863 ,

458 4894 522 4935 ac
550 4882 705 4950 paulo
728 4882 976 4951 amplius.
1004 4882 1208 4938 Deinde
1234 4884 1376 4953 quod
1410 4893 1523 4939 tum
1549 4896 1696 4942 esset
1713 4886 1923 4942 futurus
1948 4888 2044 4942 ho-

457 4989 575 5033 rum
606 4973 867 5031 malorum
893 4975 1015 5031 linis
1049 4989 1113 5030 ac
1141 4977 1430 5040 terminus,
1459 4978 1672 5048 subiicit
1701 4997 1715 5032 :
1745 4978 1931 5034 Beatus
1957 4981 2046 5050 qui

456 5068 747 5127 sustinuerit
774 5083 834 5121 ac
856 5068 1130 5138 pervenerit
1159 5084 1315 5140 usque
1341 5070 1410 5123 ad
1432 5070 1538 5125 dies
1563 5073 1702 5126 mille
1727 5082 1970 5128 trecentos
1995 5082 2044 5128 et

457 5160 665 5230 triginta
683 5159 899 5231 quinque
918 5176 939 5216 :
956 5161 1104 5216 mille
1124 5160 1367 5217 ducentis
1387 5163 1671 5234 nonaginta
1693 5164 1894 5220 addens
1914 5181 2045 5235 qua-

458 5250 698 5322 draginta
726 5252 981 5323 quinque.-
1001 5253 1261 5322 Quoniam
1292 5259 1433 5309 enim
1462 5257 1513 5311 in
1537 5272 1721 5312 mense
1746 5268 1799 5313 et
1825 5257 2043 5315 dimidio

458 5343 655 5397 mensis
675 5343 868 5399 accidit
891 5352 951 5400 ut
974 5345 1129 5400 ticret
1157 5345 1247 5402 ille
1275 5347 1554 5404 conﬂictus
1579 5364 1593 5400 :
1619 5348 1670 5403 in
1702 5348 1803 5403 hoc
1823 5349 2041 5404 victoria

458 5429 543 5487 illa
574 5451 704 5505 pura
737 5434 875 5492 facta
916 5446 1031 5504 est,
1058 5447 1115 5494 et
1152 5440 1388 5495 omnium
1436 5442 1696 5496 malorum
1737 5442 2039 5512 urgentium

455 5529 800 5582 commutatio
823 5543 839 5581 :
862 5543 984 5583 cum
1009 5539 1186 5586 autem
1216 5532 1321 5586 ait:
1341 5531 1526 5587 Beatus
1548 5534 1636 5606 qui
1660 5533 1951 5588 sustinuerit
1974 5533 2044 5588 ad

418 5608 423 5611 ⁷
457 5616 565 5671 dies
590 5620 731 5674 mille
755 5629 1001 5676 trecentos
1025 5623 1230 5694 triginta
1255 5626 1492 5695 quinque,
1520 5640 1698 5680 rerum
1719 5626 2044 5684 immutatio-

462 5722 583 5763 nem
613 5709 864 5765 declarat.
889 5712 1071 5783 Neque
1097 5715 1409 5783 simpliciter
1430 5716 1583 5783 dixit,
1606 5718 1695 5789 qui
1717 5719 2038 5789 pervenerit,

458 5811 643 5852 verum
686 5800 771 5868 qui
812 5804 1105 5856 sustinuerit
1147 5813 1194 5858 et
1234 5807 1508 5874 pervenerit
1548 5822 1567 5862 :
1608 5809 1857 5879 quoniam
1897 5808 2040 5864 enim

458 5888 611 5946 multi
643 5901 858 5956 eorum,
886 5893 974 5961 qui
1003 5892 1334 5964 impietatem
1356 5905 1765 5973 perpetrarent,
1795 5901 2042 5960 viderunt

1206 461 1262 518 S.
1302 460 1581 517 JUANNIS
1614 451 2088 516 CIIRYSOSTOMI
2127 451 2262 509 ΑΙὶο
2282 453 2463 512 HIEP.
2502 455 3040 515 CONSTANTINOP.

3644 465 3731 525 896

2179 570 2672 638 commutationem,
2701 588 2807 629 non
2834 588 2929 630 eos
2950 574 3260 644 simpliciter
3283 575 3419 633 dixit
3445 578 3633 649 beatos,
3658 588 3735 644 sed

2176 671 2273 718 eos
2296 663 2388 733 qui
2428 664 2789 721 testimonium
2835 668 3172 736 przebnerant
3198 670 3249 725 in
3292 670 3484 728 diebus
3525 677 3736 733 afﬂictio.

2177 770 2327 818 num,
2372 770 2524 812 neca
2553 757 2749 827 pietate
2792 759 3165 821 desciverant:
3209 764 3411 822 deinde
3456 783 3735 842 consequuu

2177 854 2301 900 sunt
2328 846 2709 903 relaxationem
2740 850 2779 902 ⁸.
2811 850 2934 905 Ideo
2978 867 3083 906 non
3126 853 3445 925 simpliciter
3481 859 3637 927 dixit,
3666 866 3736 931 qui

2177 938 2480 1006 pervenerit
2506 955 2518 992 :
2549 938 2641 993 sed
2668 940 2754 1011 qui
2782 943 3078 998 sustinuerit
3109 959 3155 998 et
3193 950 3491 1015 pervenerit.
3521 951 3643 1020 Quid
3672 955 3737 1011 bis

2173 1040 2295 1082 esse
2324 1037 2499 1097 potest
2522 1028 2840 1085 dilucidius?
2867 1030 3028 1089 Vides
3052 1076 3066 1099 ,
3094 1045 3151 1090 ut
3175 1052 3280 1092 non
3310 1054 3479 1110 usque
3509 1043 3571 1097 ad
3596 1060 3734 1101 annos

2172 1128 2260 1172 aut
2288 1134 2520 1185 menses,
2545 1119 2640 1175 sed
2671 1120 2738 1176 ad
2762 1138 2926 1177 unum
2959 1139 3127 1196 usque
3155 1128 3295 1182 diem
3322 1145 3531 1187 summa
3560 1147 3670 1190 cura
3694 1148 3732 1192 et

2172 1209 2532 1279 captivitatem
2556 1224 2609 1267 et
2630 1214 2952 1283 captivitatis
2972 1218 3291 1274 solutionem
3325 1224 3619 1291 praedixerit
3637 1244 3732 1295 ιιι-ο.

2172 1303 2350 1371 pheta.
2382 1302 2558 1374 Atque
2586 1312 2643 1359 ut
2666 1307 2844 1360 sciatis
2869 1322 2957 1362 me
2990 1322 3094 1362 non
3126 1322 3193 1364 ex
3221 1313 3551 1381 conjecturis
3578 1317 3697 1385 laqui
3715 1360 3727 1385 ,

2169 1410 2266 1466 age
2306 1395 2639 1466 proferamus
2683 1410 2739 1454 et
2784 1400 2947 1455 alium
3003 1411 3191 1458 testem
3237 1418 3428 1459 eorum
3469 1424 3581 1477 qua:
3617 1410 3727 1464 dicta

2170 1498 2313 1554 sunt,
2346 1504 2504 1561 quem
2533 1491 2605 1546 illi
2644 1492 3018 1563 gravissimum
3060 1494 3257 1551 habent
3280 1507 3575 1563 auctorem,
3603 1499 3726 1555 lose-

2171 1581 2331 1652 phum
2360 1583 2570 1653 loquor,
2600 1586 2689 1655 qui
2716 1586 3043 1642 calamitates
3074 1587 3284 1643 illorum
3319 1591 3544 1661 tragicas
3562 1592 3726 1648 descri-

2171 1675 2311 1743 psit,
2352 1689 2415 1730 ac
2460 1683 2613 1731 vetus
2651 1684 3025 1732 testamentum
3066 1694 3226 1735 omne
3268 1682 3415 1736 velut
3456 1683 3722 1752 paraphrasi

2167 1765 2338 1821 fusius
2365 1767 2671 1837 explicavit,
2719 1769 2808 1838 qui
2839 1767 2940 1824 fuit
2981 1778 3102 1839 post
3128 1769 3330 1826 Christi
3360 1773 3662 1841 adventum,
3682 1784 3722 1830 et

2165 1857 2523 1927 captivitatem
2539 1859 2607 1913 ab
2627 1859 2745 1930 ipso
2765 1860 3072 1929 prtedictam
3100 1877 3549 1930 commemorans,
3571 1865 3630 1920 de
3645 1865 3723 1919 hac

2165 1962 2379 2020 quoque
2403 1950 2677 2020 disseruit,
2705 1953 2938 2008 Danielis
2953 1955 3212 2010 visionem
3233 1970 3516 2024 enarrans,
3534 1956 3597 2012 de
3611 1958 3720 2012 arie-

2168 2052 2238 2109 te,
2269 2043 2338 2099 de
2362 2043 2532 2111 hirco,
2559 2044 2629 2100 de
2666 2054 2893 2116 quatuor
2930 2048 3182 2103 cornibus
3205 2090 3221 2115 ,
3243 2048 3314 2104 de
3347 2060 3607 2119 postremo
3630 2060 3722 2120 post

2164 2133 2256 2191 illa
2283 2144 2491 2190 exorto.
2528 2135 2597 2191 Et
2626 2151 2691 2192 ne
2717 2138 2836 2206 quis
2878 2148 3124 2210 suspecta
3166 2139 3365 2194 habeat
3405 2158 3521 2212 qua:
3547 2156 3576 2196 a
3598 2142 3720 2198 nobis

2162 2225 2305 2282 dicta
2332 2226 2549 2293 fuerint,
2572 2245 2670 2301 age
2693 2228 2986 2285 referamus
3011 2239 3066 2286 et
3088 2231 3231 2286 illius
3261 2232 3447 2289 verba.

2232 2316 2446 2390 Josephi
2489 2319 2629 2375 locus
2664 2319 2901 2376 Iudaica:
2947 2323 3290 2392 antiquitatis,
3328 2322 3394 2378 L.
3438 2325 3521 2381 {0.
3564 2341 3606 2379 e.
3646 2324 3713 2379 ll.

2166 2412 2251 2468 l2.
2281 2443 2354 2454 —
2382 2414 2513 2468 Cum
2552 2414 2694 2470 enim
2723 2414 2991 2470 laudasset
3025 2415 3318 2481 Danielem,
3349 2433 3601 2488 supraque
3626 2431 3716 2470 mo-

2161 2502 2288 2558 dum
2308 2503 2605 2569 extulisset,
2622 2504 2831 2559 czeteris
2846 2504 3093 2561 omnibus
3115 2506 3392 2578 prophetis
3409 2517 3712 2577 anteponens,

2160 2595 2228 2650 ad
2271 2596 2412 2651 hanc
2458 2595 2609 2651 venit
2660 2596 2941 2666 visionem,
2990 2606 3045 2653 et
3094 2597 3269 2652 dicit:
3303 2598 3532 2668 Reliquit
3573 2606 3713 2652 autem

2160 2685 2316 2743 nobis
2357 2701 2575 2741 suorum
2622 2687 2943 2757 scriptorum
2985 2699 3332 2745 monumenta
3356 2732 3371 2756 ,
3420 2690 3552 2745 unde
3592 2689 3713 2744 nobis

2160 2779 2318 2848 hujus
2340 2779 2636 2851 prephetim
2660 2789 2901 2835 exactam
2922 2789 2977 2836 et
3001 2781 3363 2837 inevitabilem
3383 2782 3712 2839 certitudinem

2164 2872 2431 2942 praestitit.
2477 2873 2568 2927 Ait
2590 2873 2733 2929 enim
2765 2890 2778 2927 :
2810 2873 2994 2939 Susis,
3020 2890 3139 2945 qua:
3167 2874 3408 2931 Persidis
3436 2884 3512 2931 est
3554 2882 3713 2930 metro-

2160 2962 2319 3032 polis,
2350 2978 2474 3020 cum
2518 2964 2737 3021 exiisset
2774 2966 2827 3020 in
2864 2981 3110 3035 campum
3138 2982 3259 3022 cum
3303 2967 3465 3023 sociis
3489 2968 3587 3023 suis
3622 2970 3713 3037 qui-

2157 3054 2403 3119 husdam,
2424 3056 2602 3110 subito
2620 3064 2773 3111 teme
2783 3067 2939 3143 plotu
2958 3059 3420 3131 concussioneque
3440 3061 3625 3126 oborta,
3640 3076 3709 3114 rc-

2156 3147 2340 3202 lictum
2400 3146 2566 3203 fuisse
2628 3147 2798 3203 solum
2858 3147 3183 3220 fugientibus
3234 3153 3466 3206 caeteris.
3519 3151 3575 3205 Et
3620 3150 3709 3219 ipse

2155 3238 2370 3310 quidem
2412 3253 2608 3309 pronus
2653 3239 2706 3293 in
2731 3237 2919 3295 faciem
2949 3241 3200 3307 concidit,
3243 3241 3460 3298 innixus
3494 3240 3708 3297 ambabus

2155 3331 2400 3387 manibus
2428 3348 2445 3385 :
2470 3331 2593 3387 dein
2618 3331 2705 3387 ubi
2726 3332 2987 3403 quiSpiam
3009 3341 3250 3404 tangeret
3275 3350 3424 3399 eum,
3449 3336 3708 3400 intereaquc

2149 3424 2363 3496 iuberet
2401 3440 2657 3496 surgere,
2686 3440 2750 3480 ac
2791 3425 2973 3482 videre
3011 3442 3130 3498 qua:
3176 3435 3301 3497 post
3340 3428 3527 3481 multas
3559 3431 3705 3478 aetates

2152 3518 2357 3575 civibus
2379 3529 2560 3575 essent
2585 3528 2844 3575 eventura
2867 3537 2882 3574 :
2902 3527 3082 3575 erecto
3112 3528 3467 3576 monstratum
3494 3519 3561 3572 ait
3577 3515 3707 3570 fuisse

2152 3616 2373 3671 arietem
2404 3614 2694 3686 ingentem,
2727 3614 2812 3669 cui
2856 3613 3023 3669 multa
3051 3613 3264 3685 quidem
3319 3622 3470 3669 enata
3498 3612 3592 3667 sint
3612 3621 3706 3662 cor-

2153 3723 2279 3776 nus,
2323 3707 2416 3764 sed
2445 3708 2635 3763 horum
2664 3717 2991 3779 postremum
3015 3707 3278 3764 excelsius
3329 3705 3490 3761 fuisse
3513 3699 3702 3758 caeteris.

2151 3800 2355 3856 Deinde
2380 3800 2660 3857 sustulisse
2702 3799 2887 3857 oculos
2911 3799 2978 3856 ad
3006 3814 3276 3867 occasum,
3308 3798 3594 3866 vidisseque
3615 3791 3703 3846 hir-

2151 3907 2296 3961 cum,
2324 3892 2414 3962 qui
2442 3908 2538 3964 per
2560 3908 2738 3947 aerem
2768 3893 2967 3963 impetu
2994 3890 3283 3946 ferebatur.
3318 3890 3470 3946 Hunc
3495 3896 3702 3954 congres-

2152 4000 2271 4040 sum
2323 3982 2490 4040 fuisse
2532 3998 2654 4040 eum
2699 3984 2887 4051 ariete,
2934 3991 2990 4039 et
3018 3983 3269 4038 cornibus
3299 3983 3461 4038 ictum
3508 3979 3579 4034 his
3603 3989 3699 4032 elllll

2151 4077 2205 4132 in
2234 4085 2429 4132 terram
2473 4075 2751 4146 dejecisse,
2797 4075 3264 4146 conculcasseque.
3297 4073 3495 4129 Deinde
3531 4069 3698 4123 hircum

2150 4166 2317 4224 fuisse
2338 4170 2511 4222 visum
2534 4168 2905 4230 excelsiorem,
2927 4182 2959 4221 e
2980 4164 3153 4221 fronte
3175 4165 3544 4236 produceutcm
3564 4171 3697 4216 cornu

2150 4263 2479 4328 maximum;
2528 4277 2594 4318 eo
2642 4261 2830 4326 fracto,
2874 4260 2973 4315 alia
3019 4261 3320 4316 excrevisse
3364 4268 3605 4331 quatuor,
3644 4248 3696 4303 ad

2149 4353 2388 4424 singulos
2428 4351 2650 4408 obversa
2690 4361 2898 4406 ventos.
2946 4350 3024 4405 Ex
3052 4350 3136 4406 his
3176 4359 3355 4405 autem
3384 4347 3518 4403 aliud
3554 4342 3696 4399 minus

2149 4453 2391 4500 exortum
2418 4443 2583 4501 fuisse
2607 4445 2839 4516 scripsit,
2879 4443 3020 4512 quod
3049 4443 3288 4498 increvit.
3325 4442 3529 4498 Dicebat
3550 4442 3692 4490 autem

2149 4535 2239 4606 qui
2286 4534 2401 4590 haec
2446 4535 2521 4590 illi
2565 4534 2879 4591 ostendebat
2920 4533 3092 4600 Deus,
3142 4532 3379 4588 futurum
3426 4541 3479 4585 ut
3515 4533 3692 4598 gentem

2152 4626 2318 4696 ipsius
2341 4626 2649 4689 debellaret,
2681 4627 2867 4683 urbem
2896 4624 2950 4681 vi
2993 4634 3228 4695 caperet,
3263 4623 3507 4694 templum
3529 4614 3691 4685 expila-

2150 4727 2252 4785 ret,
2298 4733 2450 4773 sacra
2486 4718 2794 4789 prohiberet
2821 4736 2835 4772 :
2862 4716 3097 4772 futurum
3137 4726 3314 4771 autem
3346 4714 3410 4770 ad
3450 4713 3554 4768 dies
3577 4703 3692 4760 mille

2148 4808 2407 4867 ducentos
2438 4811 2743 4882 nonaginta.

2219 4901 2510 4973 Explicatio
2540 4900 2746 4955 visionis
2776 4900 3023 4955 Danielis.
3052 4930 3125 4942 —-
3151 4899 3277 4957 Haec
3322 4897 3524 4970 quidem
3546 4906 3597 4945 se
3630 4884 3689 4939 vi-

2149 4991 2293 5050 disse
2339 4992 2392 5047 in
2419 5008 2608 5063 campo
2640 4992 2789 5062 juxta
2835 4992 3000 5047 Susas
3046 4991 3231 5046 Daniel
3261 4989 3470 5060 scripsit
3499 4990 3687 5039 :eorum

2147 5094 2326 5140 autem
2351 5099 2469 5153 qua:
2504 5099 2597 5152 per
2620 5083 2791 5137 visum
2830 5089 3203 5153 apparuerant,
3234 5096 3265 5135 a
3295 5081 3401 5135 Deo
3428 5069 3689 5145 explicatio.

2149 5190 2271 5230 nem
2299 5174 2518 5244 supplex
2566 5174 2734 5242 petiit,
2766 5173 3075 5243 didicitque,
3120 5172 3260 5243 quod
3298 5170 3434 5225 aries
3472 5162 3687 5220 indicaret

2146 5283 2307 5339 regna
2339 5266 2619 5324 Persarum
2644 5281 2708 5322 ac
2734 5266 3033 5332 Medorum,
3063 5280 3260 5321 cornua
3288 5277 3413 5319 vero
3450 5271 3586 5328 reges
3620 5250 3685 5301 ω’

2148 5369 2314 5426 turos,
2340 5369 2636 5415 extremum
2659 5368 2835 5413 autem
2857 5372 3043 5424 cornu,
3068 5365 3389 5428 postremum
3416 5361 3577 5420 regem
3594 5341 3683 5396 [ονε

2209 5535 2229 5597 ξ
2263 5535 2498 5586 Posthaec
2532 5535 2681 5597 verba
2713 5533 2915 5584 inferius
2949 5534 3118 5597 posita,
3159 5520 3574 5597 deindesaltatimi

2143 5581 2516 5659 omnes,
2541 5581 2608 5646 id
2621 5581 3439 5660 ῖιξιιίδέῶειίιῇίίειεβῑέῑέίίσέιο
3590 5581 3684 5660 et-

2142 5662 2336 5730 ciuutnr
2357 5674 2370 5709 :
2397 5668 2497 5730 Nec
2502 5648 2715 5730 amplius
2738 5658 3059 5730 patiebantur,
3228 5648 3682 5730 nteritorpttllfm;

2204 5721 2238 5772 ti
2258 5734 2353 5772 non
2374 5709 2701 5784 perdttra'rant
2736 5709 2786 5771 in
2806 5728 3024 5784 tempore
3041 5709 3311 5784 reitaminis
3350 5709 3418 5766 ac'
3439 5709 3681 5784 111'me

2204 5736 2236 5772 α
2258 5736 2353 5772 non
2374 5736 2701 5782 peranraram
2736 5736 2786 5771 ω
2806 5736 3018 5784 tempore
3041 5736 3311 5771 ceiwmmrs
3350 5736 3407 5766 ac
3439 5736 3680 5779 ριυυωςγ--σ

2153 5736 2382 5850 ἵέιηοῖιιηι
2403 5796 2464 5850 ac_
2484 5782 2737 5843 malorum,
2761 5789 2812 5832 ut
2832 5781 3075 5850 instabiles
3115 5780 3338 5850 in__bono,
3362 5770 3681 5850 lentitaﬂfm':

2141 5829 2289 5898 sua
2303 5829 2652 5917 natanata;
2660 5829 2776 5902 suis
2783 5829 2902 5893 alia;
2911 5829 3109 5917 asino
3120 5829 3425 5917 suum
3438 5829 3484 5888 in
3493 5829 3678 5889 ιιιιιιοιιυθ

2145 5916 2252 5961 Mss.
2278 5908 2606 5972 reperiantur,
2625 5908 2739 5971 jure
2763 5913 3006 5970 expuncto
3027 5912 3158 5957 sunt.
