3920 6374
157 314 266 368 897
1418 317 1779 373 ADVERSUS

160 447 255 519 qui
282 446 392 500 hos
449 455 638 497 omnes
681 453 1038 511 prmcessurus
1082 447 1223 493 esset
1269 444 1378 491 tum
1422 435 1611 505 Opibus
1658 445 1767 487 tum

155 536 354 607 gloria.
385 533 658 588 Caeterum
684 531 865 587 hircus
880 529 1210 600 significabat
1225 536 1277 582 et
1293 542 1356 582 ex
1377 525 1577 582 Graecis
1605 524 1771 577 oritu-

155 640 280 678 rum
313 638 531 693 regem,
563 621 649 691 qui
678 621 761 676 bis
789 634 1107 691 congressus
1133 633 1251 673 cum
1283 617 1442 671 Persa
1474 614 1654 686 praelio
1682 629 1771 668 sn-

160 730 406 789 perarez,
442 717 718 770 ablaturus
747 715 1053 769 universum
1087 713 1226 767 illius
1275 712 1648 781 principatum.
1680 709 1769 764 Si-

158 809 493 880 gniﬁcatnm
521 818 695 862 autem
728 806 891 861 fuisse
919 822 1013 875 per
1038 806 1265 875 primum
1305 818 1553 872 magnum
1579 817 1767 866 cornu,

162 898 308 971 quod
341 908 472 953 erat
503 898 554 951 in
587 896 758 951 fronte
802 896 955 962 hirci,
987 897 1212 966 primum
1241 910 1438 963 regem,
1467 904 1521 947 et
1547 903 1773 962 quatuor

161 991 389 1044 illorum
432 996 701 1044 exortum.
752 988 847 1042 Illo
875 997 1049 1043 autem
1094 985 1274 1040 exciso
1318 983 1771 1054 significarijnxta

162 1092 403 1152 quatuor
428 1095 628 1135 cornua
656 1078 982 1149 singulorum
1002 1092 1368 1132 successorum
1390 1083 1630 1129 exortum
1657 1082 1774 1142 post

164 1181 404 1225 mortem
444 1171 604 1241 primi
645 1170 804 1240 regis,
840 1168 1060 1238 foroque
1107 1176 1164 1222 ut
1202 1182 1424 1237 regnum
1457 1166 1598 1220 illius
1634 1166 1774 1219 inter

166 1262 374 1315 multos
422 1259 771 1324 divideretur,
822 1258 1250 1329 quandoquidem
1297 1258 1494 1327 primus
1543 1256 1630 1310 ille
1677 1270 1775 1309 nec

169 1353 312 1407 filios
358 1368 466 1408 nec
517 1354 703 1407 fratres
758 1361 901 1406 esset
948 1352 1243 1415 habiturus,
1290 1365 1485 1420 eosque
1533 1348 1774 1418 pluribus

169 1444 328 1498 annis
379 1454 701 1514 regnaturus
746 1444 797 1496 in
843 1442 972 1497 orbe
1019 1452 1275 1497 terrarum
1343 1441 1419 1494 Ex
1466 1439 1548 1494 his
1593 1455 1776 1493 rursus

172 1543 497 1588 exorturum
538 1548 717 1603 regem
763 1532 1067 1603 quemdam,
1098 1533 1183 1602 Qui
1215 1540 1607 1602 expugnaturus
1636 1538 1778 1585 esset

173 1633 226 1678 et
246 1624 398 1694 leges
426 1623 573 1678 illius
597 1623 789 1693 gentis,
814 1634 865 1679 et
893 1622 1200 1691 religionem
1218 1637 1281 1676 ac
1306 1623 1436 1676 ritus
1452 1622 1773 1688 sublaturus,

178 1723 287 1768 tum
341 1714 631 1784 sacrilegio
677 1716 998 1784 Spoliaturus
1042 1714 1326 1783 templum,
1378 1729 1441 1767 ac
1489 1713 1774 1767 triennium

177 1806 441 1859 vetiturus
470 1805 585 1860 ﬁeri
613 1820 785 1860 sacra.
819 1806 944 1859 Haec
970 1819 1100 1859 sane
1125 1814 1315 1859 vestrae
1341 1804 1480 1874 genti
1519 1803 1628 1873 jam
1674 1803 1777 1873 pati

178 1894 404 1963 contigit
444 1894 516 1949 ab
555 1895 818 1950 Antiocho
861 1895 1154 1964 Epiphane,
1196 1894 1335 1949 sicut
1371 1893 1557 1948 Daniel
1603 1893 1779 1947 multis

182 1994 307 2040 ante
330 1986 495 2039 annis
538 1984 815 2056 praedixit,
844 1985 1158 2055 scripsitque
1188 1994 1461 2040 eventura.

257 2077 313 2131 9.
344 2077 461 2147 Age
506 2078 631 2147 quid
662 2077 743 2132 bis
772 2078 935 2147 possit
961 2091 1079 2133 esse
1104 2078 1442 2133 evidentius?
1470 2076 1617 2131 Nunc
1644 2085 1780 2130 tem-

184 2183 281 2238 pus
307 2179 409 2234 est,
436 2170 539 2224 nisi
566 2169 808 2225 videmur
833 2185 949 2224 esse
978 2171 1210 2236 molesti,
1236 2179 1286 2224 ut
1312 2169 1376 2225 ad
1400 2170 1448 2224 id
1471 2169 1609 2240 quod
1637 2186 1785 2239 qua:-

186 2262 404 2317 rebatur
451 2272 806 2327 revertamur,
866 2264 1001 2316 hanc
1054 2272 1368 2331 pra-sentem
1418 2262 1780 2331 captivitatem

188 2367 249 2408 ac
294 2354 609 2408 servitutem
660 2354 993 2418 hodiernam,
1035 2354 1188 2424 cujus
1232 2354 1399 2424 gratia
1443 2352 1557 2407 haec
1605 2351 1781 2405 omnia

186 2448 479 2501 movimus.
530 2448 771 2518 Agedum
838 2449 994 2517 igitur
1036 2462 1175 2501 nunc
1215 2447 1548 2516 vigilantibus
1595 2443 1786 2498 animis

191 2540 534 2596 auscultate:
574 2555 676 2593 non
724 2540 864 2593 enim
918 2539 1071 2592 nobis
1125 2552 1219 2608 pro
1268 2539 1426 2592 rebus
1485 2536 1786 2605 vulgaribus

193 2641 463 2687 certamen
496 2641 605 2685 est.
634 2631 934 2685 Ahsurdmn
963 2630 1103 2684 enim
1146 2630 1303 2683 fuerit
1333 2629 1465 2684 alios
1490 2629 1541 2682 in
1568 2627 1787 2681 theatris

195 2720 440 2775 sedentes
482 2720 861 2788 Olympiacisa
892 2719 1062 2773 media
1113 2727 1265 2772 nocte
1311 2732 1477 2788 usque
1505 2716 1571 2771 ad
1620 2716 1779 2770 meri-

197 2810 330 2865 diem
363 2811 679 2880 perdurare,
709 2818 1078 2878 exspectantes
1104 2817 1160 2862 ut
1200 2808 1432 2874 videant,
1463 2808 1546 2862 cui
1574 2821 1788 2861 cesnn-a

200 2902 263 2956 sit
313 2918 537 2968 corona,
593 2902 839 2971 nudoque
884 2902 1058 2969 caiite
1124 2902 1375 2970 excipere
1420 2901 1619 2954 calidos
1664 2901 1789 2954 solis

201 2994 389 3058 radios,
424 3008 528 3048 nec
560 2993 705 3061 prius
743 2992 1052 3058 abscedere,
1084 3008 1240 3062 quam
1269 2991 1336 3045 de
1365 2991 1654 3045 certamine
1682 2990 1793 3045 fne-

203 3085 266 3138 rit
293 3085 705 3155 pronunciatum
736 3102 749 3137 :
780 3099 878 3138 nos
907 3099 1032 3136 vero
1066 3098 1223 3148 nunc,
1268 3098 1386 3136 cum
1425 3092 1692 3136 certamen
1724 3084 1793 3135 sit

204 3190 300 3231 non
330 3192 423 3247 pro
449 3177 542 3232 tali
571 3191 787 3243 corona,
823 3174 916 3229 sed
960 3191 1056 3244 pro
1075 3189 1276 3228 'corona
1307 3174 1613 3240 immortali,
1647 3172 1791 3227 delii-

207 3267 351 3337 tigari
382 3284 445 3323 ac
485 3267 651 3321 tardio
697 3266 856 3320 affici.
908 3265 1087 3336 Itaque
1125 3264 1266 3335 quod
1314 3275 1420 3319 tres
1461 3264 1793 3333 captivitates

208 3359 468 3428 praedicta:
520 3357 720 3413 fuerint
756 3366 1038 3428 antequam
1069 3357 1386 3422 acciderent,
1415 3371 1518 3410 una
1548 3372 1665 3426 quze
1694 3372 1794 3410 an-

211 3464 301 3505 nos
330 3452 563 3506 habebat
583 3451 1020 3522 quadringentos,
1046 3450 1210 3505 altera
1236 3450 1585 3519 septuaginta,
1617 3448 1792 3516 tertia,

213 3549 316 3597 tres
345 3558 407 3599 ac
436 3542 798 3609 dimidiatum,
846 3542 1103 3597 hactenus
1132 3542 1261 3595 satis
1286 3551 1368 3595 est
1398 3541 1548 3595 nobis
1573 3540 1795 3595 demon-

197 3640 448 3687 stratum.
497 3635 613 3702 Age
649 3641 892 3703 superest
918 3641 975 3687 ut
1003 3642 1057 3687 et
1083 3632 1150 3687 de
1196 3632 1295 3686 hac
1321 3632 1617 3702 loquamur.
1646 3632 1797 3700 Quod

215 3724 349 3778 enim
374 3735 429 3781 et
470 3726 541 3782 de
568 3725 668 3780 hac
693 3725 1008 3780 vaticinatus
1045 3725 1112 3779 sit
1136 3725 1412 3795 propheta,
1445 3740 1626 3780 rursus
1652 3739 1801 3779 cum-

216 3814 327 3870 dem
354 3817 648 3887 Josephum
676 3817 999 3872 adducamus
1031 3826 1239 3883 testem,
1270 3818 1357 3886 qui
1386 3833 1505 3871 cum
1546 3817 1647 3871 illis
1681 3816 1797 3887 (Ju-

221 3905 364 3976 dasis)
408 3909 592 3963 sentit.
625 3907 907 3977 Postquam
954 3908 1097 3963 enim
1144 3909 1230 3962 illa
1260 3908 1483 3972 dixerat,
1515 3908 1635 3962 audi
1675 3907 1799 3977 quid

220 4007 329 4063 post
369 4000 658 4069 subjiciat:
690 3998 893 4054 Eodem
941 4008 1139 4066 autem,
1188 4000 1374 4069 inquit,
1408 4000 1569 4054 modo
1618 3999 1799 4053 Daniel

220 4099 271 4145 et
310 4092 375 4148 de
419 4095 783 4149 Romanorum
827 4094 1124 4164 principatu
1168 4094 1398 4163 scripsit,
1446 4092 1691 4163 quodque
1735 4092 1803 4146 ab

222 4181 322 4238 illis
360 4185 598 4242 tollenda
627 4193 771 4241 esset
807 4185 1159 4256 Jerosolyma,
1192 4199 1254 4238 ac
1278 4183 1623 4238 desolandum
1670 4194 1803 4238 tem-

225 4275 383 4343 plum.
430 4279 510 4334 'l‘u
543 4292 671 4333 vero
719 4277 847 4331 illud
890 4275 1017 4331 mihi
1065 4275 1363 4341 considera,
1410 4275 1548 4344 quod
1594 4274 1801 4328 tametsi

226 4366 431 4427 Iudaeus
473 4381 619 4428 esset
662 4371 708 4427 is
750 4372 841 4442 qui
872 4371 986 4425 iure
1029 4370 1258 4440 scripsit,
1291 4377 1466 4424 tamen
1496 4368 1696 4423 veritus
1723 4376 1804 4422 est

233 4474 457 4518 vestram
502 4463 695 4519 imitari
743 4463 1113 4534 pervicaciam.
1160 4460 1369 4516 Etenim
1398 4474 1516 4515 cum
1548 4459 1801 4523 dixisset,

229 4552 630 4611 subvertendam
685 4571 804 4611 esse
860 4555 1287 4627 Jerosolymam,
1339 4568 1448 4608 non
1511 4567 1674 4608 ausus
1723 4563 1806 4607 est

230 4644 437 4713 addere,
464 4648 605 4720 quod
631 4659 773 4705 esset
797 4648 1142 4715 restituenda,
1169 4662 1340 4718 neque
1364 4655 1570 4716 tempus
1591 4645 1801 4716 aliquod

230 4745 426 4791 certum
474 4739 856 4809 praescribere;
889 4739 981 4794 sed
1026 4738 1277 4809 quoniam
1306 4737 1525 4804 sciebat,
1570 4736 1806 4807 prophe-

234 4832 333 4879 tam
395 4843 501 4883 non
553 4829 845 4900 praefinisse
901 4840 1145 4898 tempus,
1196 4842 1515 4897 quamquam
1560 4829 1805 4897 superius

234 4931 479 4978 enarrans
509 4924 756 4979 Antiochi
784 4925 1056 4979 victoriam
1081 4938 1145 4978 ac
1177 4922 1582 4984 desolationem,
1612 4933 1666 4975 et
1692 4921 1806 4975 dies

235 5017 285 5062 et
308 5024 477 5070 annos
505 5026 861 5088 expresserat,
894 5025 1024 5086 quot
1050 5016 1328 5086 captivitas
1353 5022 1495 5069 esset
1520 5013 1802 5068 duratura:

237 5097 298 5153 de
342 5103 561 5161 victoria
627 5108 984 5163 Romanorum
1049 5107 1179 5161 nihil
1219 5104 1514 5161 istiusmodi
1557 5105 1807 5176 loquutus

239 5198 314 5243 est
345 5210 359 5247 :
386 5196 476 5251 sed
502 5198 640 5269 quod
668 5209 810 5254 esset
832 5199 889 5267 in
912 5198 1253 5255 solitudinem
1281 5196 1566 5265 redigenda
1595 5195 1809 5250 Jeroso—

241 5275 390 5348 'Yma,
423 5290 777 5359 templumque
821 5289 1156 5345 diruendum.
1195 5287 1456 5346 Cancrum
1482 5285 1620 5356 quod
1664 5294 1804 5340 esset

244 5369 511 5440 aliquando
538 5388 792 5436 venturus
816 5380 935 5436 ﬁnis
963 5377 1305 5435 desolationis
1343 5392 1448 5432 non
1477 5374 1697 5440 addidit,
1742 5391 1807 5430 eo

245 5462 375 5525 (μιοὰ
402 5467 621 5536 videret,
668 5487 735 5526 ne
783 5471 1092 5542 prophetam
1124 5469 1334 5539 quidem
1377 5467 1479 5523 hoc
1517 5465 1803 5522 addidisse.

250 5544 366 5605 “inc
407 5567 576 5614 autem
623 5562 824 5628 omnia,
855 5562 949 5627 ait,
1002 5562 1110 5615 Deo
1153 5559 1252 5630 ipsi
1295 5565 1642 5623 monstrante,
1680 5572 1807 5610 con-

251 5642 429 5710 ⁸οΠβιίι
455 5651 683 5721 reliquit,
711 5663 770 5707 ut
794 5654 880 5723 qui
911 5654 1135 5723 legerint
1159 5660 1211 5708 et
1238 5649 1480 5707 evenisse
1510 5664 1798 5720 conspexe-

254 5726 367 5796 rint,
415 5734 679 5798 Danielem
723 5743 1050 5801 admirentur
1073 5743 1143 5799 ob
1192 5743 1447 5807 honorem
1494 5741 1566 5797 illi
1616 5755 1645 5795 a
1699 5739 1806 5795 Deo

1839 317 2116 376 JL‘DASUS
2155 319 2217 376 Υ.
3350 326 3453 383 898

1879 432 2133 487 habitum.
2157 432 2256 488 Ubi
2286 432 2444 503 igitur
2466 433 2660 490 dixerit
2706 435 2909 503 Daniel,
2953 436 3064 493 fore
3101 446 3156 493 ut
3203 442 3457 507 templum

1877 523 2206 594 redigeretur
2237 525 2286 578 in
2330 527 2690 592 solitudinem,
2742 545 2839 584 nos
2869 529 3120 599 deinceps
3149 533 3460 588 considere-

1876 627 2016 666 mus.
2050 612 2179 668 Nam
2210 615 2296 669 ubi
2328 617 2683 684 precationem
2722 619 2862 672 illam
2908 620 2960 674 in
3007 634 3162 675 saCCo
3193 630 3247 674 et
3281 622 3464 678 cinere

1880 702 2192 772 perfecerat,
2243 706 2386 759 venit
2429 705 2495 760 ad
2544 721 2664 761 eum
2694 707 2947 777 ,Gabriel,
2993 718 3047 764 et
3086 711 3159 765 ait
3193 729 3206 767 :
3237 710 3460 782 Septua-

1876 794 2015 864 ginta
2035 794 2368 849 hebdomadas
2390 797 2837 853 abbreviattrsunt
2852 812 3009 862 super
3023 802 3270 871 populum
3296 812 3460 870 luunt,

1879 895 1926 939 ct
1969 902 2122 956 super
2149 887 2395 940 civitatem
2429 899 2657 941 sanctam
2702 887 2861 960 (Dan.
2895 890 2948 945 9.
2994 890 3108 960 24).
3150 893 3307 957 Ecce,
3337 893 3420 948 hic
3445 935 3461 959 ,

1879 978 2047 1048 inquit
2089 979 2313 1049 aliquis,
2347 989 2400 1034 et
2434 991 2642 1051 tempus
2686 997 2996 1052 expressum
3047 993 3150 1039 est.
3196 984 3460 1054 Tempus,

1878 1087 1983 1126 non
2013 1073 2352 1142 captivitatis,
2384 1074 2478 1128 sed
2525 1084 2641 1143 post
2670 1084 2920 1145 quantum
2953 1076 3207 1145 temporis
3232 1078 3465 1132 reditura

1879 1169 2023 1216 esset
2064 1163 2360 1232 captivitas.
2408 1163 2563 1218 Aliud
2606 1181 2732 1219 vero
2775 1174 2983 1237 tempus
3012 1166 3295 1222 dicendum
3340 1176 3463 1233 est,

1880 1253 2132 1322 quamdiu
2180 1264 2322 1310 esset
2361 1255 2611 1311 duratura
2656 1258 2953 1326 captivitas,
3001 1276 3211 1314 rursum
3259 1268 3467 1329 tempus

1883 1352 2005 1412 post
2043 1345 2182 1414 quod
2229 1356 2372 1401 esset
2401 1355 2640 1402 ventura.
2672 1349 3025 1419 Septuaginta,
3056 1347 3245 1420 inquit,
3276 1350 3465 1404 hebdo-

1882 1436 2055 1489 madas
2083 1437 2384 1491 abbreviata:
2402 1447 2518 1493 sunt
2545 1456 2696 1509 super
2741 1441 2984 1510 populum
3011 1451 3148 1494 tuum
3180 1459 3198 1495 :
3230 1458 3332 1495 non
3357 1441 3467 1511 jam

1880 1539 2042 1594 super
2065 1528 2315 1597 populum
2333 1544 2532 1585 meum.
2559 1531 2712 1600 Atqui
2733 1531 2988 1600 propheta
3006 1531 3230 1596 dixerat,
3254 1530 3469 1587 Osten-le

1882 1617 2061 1686 faciem
2082 1630 2218 1671 tuam
2236 1636 2390 1689 super
2412 1621 2654 1691 populum
2680 1631 2839 1687 tuum,
2868 1623 2960 1677 sed
2986 1624 3126 1678 Deus
3155 1624 3297 1677 illtnn
3327 1635 3471 1693 post-

1883 1707 1984 1763 hac
2010 1724 2105 1779 pro
2124 1709 2296 1765 alieno
2322 1711 2468 1765 ducit
2499 1722 2716 1782 propter
2751 1712 2978 1766 futuram
3008 1713 3304 1768 audaciam.
3344 1713 3466 1769 Mox

1882 1810 1939 1855 et
1980 1817 2194 1857 causam
2234 1805 2481 1872 esprimit
2512 1819 2524 1854 :
2554 1802 2726 1857 Donec
2784 1807 3068 1873 antiquetur
3110 1806 3380 1872 delictum,
3426 1817 3471 1858 ct

1885 1904 2257 1949 consummetur
2278 1906 2555 1966 peccatum.
2581 1896 2715 1964 Quid
2743 1907 2822 1950 est
2850 1897 2967 1962 hoc,
2987 1897 3145 1951 donec
3163 1914 3475 1952 consumme-

1887 1994 1966 2038 tur
2010 1987 2305 2056 peccatum?
2345 1987 2524 2052 Multa,
2570 1988 2760 2057 inquit,
2808 1997 3046 2057 peccant,
3091 1988 3183 2043 sed
3213 1987 3471 2042 malorum

1885 2076 2149 2148 fastigium
2182 2088 2305 2134 tunc
2350 2081 2482 2151 eri},
2509 2096 2629 2135 cum
2664 2082 2938 2135 Dominum
2969 2096 3121 2136 suum
3164 2083 3473 2137 occiderint.

1887 2172 1952 2225 Et
1982 2173 2081 2225 hoc
2109 2172 2243 2226 dixit
2283 2171 2524 2227 Christus
2554 2191 2566 2227 :
2594 2172 2814 2241 Implete
2853 2191 3133 2228 mensuram
3161 2185 3361 2246 patrum
3392 2192 3475 2228 ve-

1889 2273 2109 2316 strorum
2143 2262 2353 2334 (Matth.
2399 2265 2490 2319 25.
2523 2264 2638 2332 52).
2671 2265 2865 2319 Servos
2892 2265 3181 2331 occidistis,
3222 2265 3399 2320 addite
3425 2275 3478 2320 et

1890 2354 2101 2409 Domini
2150 2357 2482 2424 sanguinem.
2530 2354 2661 2411 Vide
2705 2357 2970 2425 quomodo
3000 2356 3323 2412 concordant
3350 2371 3478 2412 scn-

1891 2446 2088 2500 tentise.
2133 2445 2376 2501 Christus
2420 2446 2586 2511 dixit,
2632 2446 2834 2516 implete
2860 2447 3160 2516 :propheta
3200 2449 3309 2512 ait,
3356 2464 3479 2503 con-

1888 2548 2168 2590 summetur
2206 2551 2463 2607 peccatum
2493 2547 2546 2592 et
2588 2539 2849 2610 signentur
2891 2548 3111 2608 peccata.
3160 2538 3296 2605 Quid
3336 2540 3477 2595 enim

1889 2637 1991 2692 est,
2020 2630 2324 2697 signentur?
2346 2629 2424 2685 Ne
2450 2631 2575 2700 quid
2606 2639 2858 2700 praeterea
2884 2630 3139 2701 reliquum
3164 2632 3270 2684 fiat.
3301 2630 3367 2683 Et
3387 2633 3481 2684 ad-

1892 2721 2043 2774 ducat
2066 2720 2322 2792 justitiam
2367 2722 2738 2791 sempiternam.
2771 2721 2905 2789 Quid
2948 2732 3126 2777 autem
3159 2730 3241 2776 est.
3268 2731 3466 2776 {eterna

1888 2813 2113 2884 justitia,
2157 2813 2258 2868 nisi
2301 2830 2421 2885 qua:
2450 2830 2480 2869 a
2510 2813 2726 2869 Christo
2755 2814 2874 2868 data
2917 2816 3035 2869 est?
3064 2815 3128 2868 Et
3161 2814 3317 2868 donec
3346 2816 3481 2867 obsi-

1894 2916 2075 2978 gnetur
2098 2907 2221 2962 uisio
2244 2918 2291 2963 et
2310 2908 2554 2979 propheta
2576 2918 2619 2962 et
2642 2909 2913 2979 inungatur
2934 2918 3136 2962 sanctus
3155 2919 3440 2962 sanctorum
3465 2921 3480 2961 :

1896 2997 1999 3052 hoc
2024 3006 2125 3064 est,
2149 2999 2335 3052 sistere
2357 3007 2569 3066 Oportet
2594 2999 2814 3068 posthac
2843 2998 3146 3067 prophetias
3175 3038 3188 3050 .
3222 2997 3323 3053 hoc
3342 2999 3482 3052 enim

1896 3098 1980 3142 est
2005 3087 2306 3156 obsignare,
2345 3090 2536 3143 sistere
2588 3088 2914 3154 unctionem,
2965 3088 3155 3143 sistere
3199 3089 3480 3142 visionem.

1897 3178 2019 3234 Ideo
2063 3179 2305 3234 Christus
2332 3179 2463 3233 dixit
2491 3196 2505 3232 :
2539 3177 2646 3233 Lea:
2670 3188 2714 3231 et
2741 3179 2995 3249 praplteta:
3023 3195 3175 3249 usque
3214 3178 3282 3231 ad
3317 3177 3481 3231 Joan-

1896 3286 2009 3324 nem
2058 3258 2168 3339 (ld.
2222 3271 2308 3325 11.
2342 3269 2451 3340 15).
2500 3268 2661 3325 Vides
2702 3277 2760 3324 ut
2812 3269 2927 3324 hare
2974 3268 3334 3323 omnimodam
3383 3270 3484 3322 mi—

1898 3370 2092 3417 nentur
2133 3362 2538 3425 desolationem,
2565 3377 2629 3415 ac
2672 3361 2936 3416 scelerum
2978 3360 3485 3427 malefactorumque

1898 3454 2205 3509 vindictam.
2251 3455 2367 3509 Non
2407 3454 2547 3509 enim
2594 3452 2919 3507 indulturum
2967 3467 3061 3520 se,
3109 3450 3204 3507 sed
3255 3452 3486 3505 nlturum

1900 3558 2114 3616 peccata
2145 3547 2377 3614 illorum,
2406 3547 2638 3600 minatur
2671 3546 2828 3599 Deus.

1974 3636 2063 3692 10.
2097 3637 2320 3705 Quando
2351 3636 2561 3690 tandem
2609 3635 2710 3690 hoc
2740 3635 2930 3689 factum
2958 3633 3083 3690 est?
3111 3633 3334 3702 Quando
3361 3648 3487 3703 pro-

1902 3727 2094 3799 phetia:
2120 3743 2338 3797 prorsus
2367 3728 2627 3782 sublata}?
2667 3727 2890 3795 Quando
2922 3727 3103 3781 unctio
3143 3728 3222 3781 sic
3247 3735 3331 3781 est
3359 3729 3488 3781 sub-

1904 3821 2031 3890 lata,
2059 3831 2117 3875 ut
2142 3837 2427 3892 numquam
2462 3823 2532 3877 sit
2561 3820 2836 3876 reditura?
2881 3821 2946 3875 Et
2973 3819 3020 3874 si
3061 3835 3157 3875 nos
3200 3820 3450 3874 sileamus
3473 3859 3489 3881 ,

1904 3914 2005 3985 ipsi
2059 3914 2259 3983 lapides
2322 3913 2626 3967 clamabunt
2668 3931 2681 3967 :
2725 3912 2860 3966 adeo
2912 3910 3188 3965 manifesta
3249 3918 3330 3965 est
3380 3910 3489 3978 ipsa

1905 4022 2083 4061 rerum
2110 4022 2248 4070 vox;
2282 4020 2380 4060 nec
2411 4006 2552 4059 enim
2582 4013 2799 4074 possunt
2827 4002 2964 4056 aliud
2993 4011 3199 4071 tempus
3230 4000 3490 4070 proferre,

1905 4113 2011 4167 quo
2033 4097 2147 4153 hate
2175 4106 2321 4167 gesta
2352 4102 2494 4161 sunt,
2543 4110 2698 4165 quam
2739 4093 2841 4148 hoc
2871 4094 3081 4161 longum
3110 4107 3173 4146 ac
3202 4106 3447 4160 magnum
3473 4130 3491 4155 ,

1832 4235 1841 4245 .
1907 4187 2000 4242 sed
2048 4188 2220 4257 majus
2262 4188 2420 4241 etiam
2472 4187 2726 4240 futurum.
2774 4182 3018 4237 Posthzec
3059 4181 3295 4235 exactius
3333 4181 3491 4235 etiam

1907 4278 1975 4333 de
2000 4278 2082 4332 his
2112 4278 2353 4349 loquens,
2386 4276 2459 4331 ait
2490 4294 2504 4329 :
2534 4275 2601 4330 Et
2630 4292 2893 4345 cognosces
2923 4284 2968 4328 et
2998 4273 3242 4342 intelliges
3267 4272 3328 4326 ab
3358 4275 3492 4326 exitu

1905 4369 2169 4434 sermonis,
2211 4378 2264 4421 ut
2287 4366 2661 4435 respondeatur,
2692 4376 2841 4435 utque
2867 4365 3142 4434 aediﬁcetur
3166 4362 3448 4417 Jerusalem
3476 4404 3491 4427 ,

1909 4477 2068 4529 usque
2085 4460 2154 4512 ad
2199 4457 2455 4512 Christum
2476 4457 2675 4522 ducem,
2697 4455 3030 4510 hebdomadas
3058 4463 3266 4525 septem,
3292 4461 3340 4506 et
3378 4452 3494 4506 lteb-

1910 4554 2149 4609 domadas
2175 4553 2436 4622 sexaginta
2465 4550 2581 4604 duo:
2602 4549 2764 4620 (Dan.
2799 4549 2853 4605 9.
2877 4550 2992 4619 25).

1980 4644 2269 4716 Explicatio
2298 4642 2665 4696 hebdomadam
2691 4639 2936 4694 Danielis.
2966 4669 3038 4679 —
3074 4638 3170 4693 llic
3196 4636 3322 4692 mihi
3369 4636 3494 4692 dili-

1908 4746 2099 4809 genter
2138 4736 2451 4799 auseultate,
2484 4749 2605 4788 nam
2634 4740 2718 4787 est
2746 4733 2906 4787 totius
2934 4730 3246 4802 quaestionis
3288 4727 3451 4783 cardo
3481 4744 3495 4780 :

1910 4829 2269 4885 hebdomades
2315 4838 2517 4897 septem
2566 4835 2621 4881 et
2663 4823 3021 4880 bebdomades
3061 4822 3330 4891 sexaginta
3377 4820 3497 4873 dum

1911 4918 2200 4975 conficiunt
2245 4932 2415 4971 annos
2463 4915 2878 4986 quadringentos
2911 4912 3176 4980 octoginta
3219 4920 3347 4963 tres.
3389 4906 3497 4962 Nec

1912 5013 2053 5068 enim
2082 5011 2169 5066 hic
2195 5010 2320 5065 dicit
2352 5009 2711 5065 hebdomadas
2735 5008 2940 5062 dierum
2970 5013 3063 5060 aut
3091 5002 3373 5064 mensium,
3402 4999 3497 5055 sed

1912 5105 2219 5161 annorum‘.
2272 5104 2405 5159 Nam
2433 5101 2627 5175 aCyro
2673 5116 2843 5171 usque
2886 5098 2954 5155 ad
3005 5095 3322 5152 Antiochum
3366 5092 3486 5162 Epi-

1910 5196 2139 5267 phanem
2171 5203 2225 5251 et
2251 5194 2609 5264 captivitatem
2648 5192 2790 5246 illam
2819 5199 2940 5245 sunt
2984 5188 3107 5243 anni
3155 5185 3373 5240 trecenti
3402 5197 3495 5237 no.

1912 5285 2124 5357 naginta
2177 5293 2424 5355 quatuor.
2476 5283 2656 5354 itaque
2699 5281 2976 5336 declarans
3027 5293 3086 5332 se
3135 5292 3239 5330 non
3290 5275 3357 5329 de
3409 5274 3496 5328 illa

1914 5382 2096 5451 templi
2139 5379 2466 5436 desolatione
2494 5375 2659 5447 loqui,
2687 5375 2783 5431 sed
2811 5390 2897 5437 ea,
2926 5388 3045 5444 quae
3085 5371 3179 5425 fuit
3206 5377 3325 5440 post
3352 5367 3495 5422 illam

1913 5472 2013 5528 sub
2040 5470 2313 5543 Pompeio,
2361 5468 2688 5538 Vespasiano
2738 5476 2789 5521 et
2834 5464 2975 5529 Tito,
3026 5461 3247 5516 ulterius
3296 5456 3498 5529 profert

1976 5625 1996 5657 ί
2029 5629 2138 5673 meo
2166 5634 2398 5671 annorum
2419 5622 2692 5732 suﬁpputatio
2711 5633 2740 5669 a
2760 5628 2876 5683 cyro
2898 5618 2957 5667 ad
2980 5615 3257 5688 Antiochum
3294 5613 3389 5675 ειιὶι
3407 5612 3496 5661 ha-

1976 5698 2031 5732 lm
2069 5683 2256 5732 maenis
2285 5691 2362 5732 est
2393 5684 2440 5732 di
2493 5683 2749 5732 eultatihus
2784 5683 3025 5732 obnoxia.
3071 5684 3126 5727 ut
3164 5676 3332 5726 videas
3368 5674 3494 5732 aind

1915 5698 2031 5747 nem
2069 5683 2256 5747 magnis
2285 5691 2362 5733 est
2393 5674 2749 5747 ditiiéultatihus
2784 5674 3025 5737 obnoxia,
3071 5684 3126 5747 ut
3164 5674 3340 5747 videas
3368 5674 3494 5746 aind

1921 5742 2244 5809 chronologos
2264 5749 2584 5807 recentiores,
2608 5745 2918 5807 scaligerute,
2942 5742 3203 5801 Petavium,
3231 5742 3489 5788 Usserium.
