3920 6430
431 370 537 428 899

432 502 669 561 tempus,
702 500 935 558 moxque
977 485 1178 543 docens
1221 496 1343 552 nos,
1373 480 1515 537 unde
1558 488 1803 551 oporteat
1834 493 2034 551 suppu-

431 594 570 652 tare,
601 582 932 639 demonstrat
948 595 1053 635 non
1080 593 1199 634 esse
1220 574 1610 632 numerandum
1635 589 1667 629 a
1688 572 1777 629 die
1804 572 2032 640 reditus,

430 674 536 732 Sed
567 671 708 729 unde
756 670 1018 727 tandem?
1048 669 1121 724 Ab
1150 668 1289 724 exitu
1317 667 1589 732 sermonis,
1621 674 1676 720 ut
1722 664 2034 736 respondea-

430 777 532 831 tur,
561 777 608 821 et
627 765 908 834 aediﬁcetur
938 762 1246 819 Jerusalem.
1280 763 1349 816 At
1377 775 1482 815 non
1512 758 1606 814 fuit
1634 767 1910 815 exstructa
1935 757 2037 815 sub

431 858 595 930 Cyro,
643 855 737 912 sed
781 855 882 911 sub
927 855 1227 910 Artaxerxe
1271 859 1629 922 cognomento
1682 848 2034 920 Longimano.

438 952 568 1006 Post
596 950 912 1006 descensum
935 948 1076 1003 enim
1107 947 1252 1002 venit
1273 943 1586 1017 Cambyses,
1634 942 1827 998 deinde
1853 939 1988 1013 Magi
2016 979 2035 1007 ,

437 1052 562 1112 post
577 1041 676 1097 hos
706 1040 892 1094 Darius
914 1038 1191 1109 Hystaspa-
1212 1034 1633 1103 lilius,deiuceps
1648 1032 1875 1088 Xerxes.
1897 1029 2039 1085 Darii

437 1136 723 1206 lilius,post
740 1132 881 1187 hunc
903 1130 1353 1198 Artabanus,post
1372 1126 1701 1182 Artabanum
1717 1126 2040 1179 Artaxerxes

436 1227 802 1296 Longimanus
842 1223 1125 1295 imperavit
1161 1220 1391 1276 Persidi.
1426 1218 1495 1274 Et
1532 1218 1660 1272 dum
1702 1215 1790 1271 lu'c
1815 1229 2040 1286 regnum

434 1318 715 1382 obtineret,
737 1331 878 1371 anno
904 1313 1163 1386 vigesimo
1191 1313 1339 1383 regni
1365 1310 1506 1365 illius
1526 1309 1773 1365 Neemias
1792 1320 2042 1362 reversus

441 1411 713 1467 civitatem
744 1408 1078 1464 instauravit.
1113 1407 1181 1461 Et
1210 1405 1327 1460 haec
1369 1403 1568 1459 Esdras
1591 1401 1747 1457 nobis
1794 1408 2043 1454 accurate

438 1503 744 1573 descripsit.
790 1501 901 1557 Nos
943 1500 1104 1571 igitur
1144 1499 1267 1553 hinc
1306 1495 1725 1569 quadringentos
1770 1491 2039 1562 octoginta

445 1607 556 1653 tres
584 1611 754 1651 annos
796 1595 842 1650 si
887 1592 1375 1656 numeraverimus,
1408 1587 1548 1644 haud
1580 1585 1739 1643 dubie
1765 1585 2044 1640 veniemus

437 1688 505 1745 ad
537 1689 673 1744 hanc
698 1685 1129 1742 subversionem.
1162 1682 1285 1737 Ideo
1310 1680 1439 1737 dicit
1466 1696 1482 1736 :
1515 1677 1886 1746 Edilicabitur
1924 1675 2042 1746 pla-

439 1790 519 1833 tea
562 1786 607 1833 et
638 1793 899 1831 murorum
937 1775 1155 1829 ambitus
1182 1773 1257 1839 (2.
1294 1772 1443 1826 Esdr.
1465 1771 1500 1825 3
1526 1770 1569 1840 ).
1601 1768 1732 1825 Cum
1775 1766 1959 1838 igitur,
1988 1775 2046 1820 ut

438 1870 534 1937 ait,
579 1870 822 1926 restituta
867 1868 1062 1935 fuerit,
1112 1883 1374 1938 suumque
1414 1873 1616 1919 stutum
1662 1862 1945 1933 receperit,
1978 1874 2045 1914 ex

444 1964 549 2019 hoc
598 1970 826 2034 supputa
889 1960 1254 2017 hebdomadas
1314 1956 1681 2028 septuaginta,
1736 1952 2050 2023 videbisque

443 2056 582 2111 hanc
609 2054 971 2125 captivitatem
1003 2052 1238 2106 nondmn
1286 2049 1530 2104 sortitam
1578 2046 1736 2100 linem
1766 2059 1908 2101 esse.
1949 2043 2048 2100 At-

442 2164 551 2217 que
581 2149 682 2203 hoc
711 2148 885 2217 ipsum
914 2143 1214 2200 evidentius
1256 2143 1417 2199 etiam
1445 2140 1716 2210 aperiens,
1745 2136 1885 2207 quod
1910 2134 2047 2193 mala

443 2238 642 2310 quibus
671 2251 814 2292 nunc
864 2243 1146 2301 tenentur,
1180 2249 1285 2288 non
1324 2237 1432 2288 sint
1472 2229 1718 2285 habitura
1768 2227 1951 2293 linem,
1980 2225 2048 2281 ad

447 2330 593 2384 hunc
642 2328 858 2383 modum
902 2325 1183 2398 loquitur:
1216 2322 1344 2379 Post
1387 2321 1723 2376 hebdomadas
1766 2328 1934 2373 autent
1971 2334 2052 2373 se-

448 2420 715 2491 ptuaginta
734 2417 1017 2472 abolebitur
1052 2408 1241 2481 unctio,
1286 2423 1332 2468 et
1354 2412 1617 2491 judicium
1643 2427 1745 2466 non
1771 2410 1863 2464 erit
1888 2408 1942 2463 in
1968 2425 2047 2474 ea,

445 2522 494 2567 et
520 2512 770 2567 civitatem
816 2517 864 2564 et
889 2516 1120 2563 sanctum
1162 2505 1369 2581 perdet,
1397 2519 1514 2558 cum
1557 2500 1701 2557 Duce
1743 2510 1971 2565 uenturo,
2002 2508 2051 2553 et

463 2606 810 2662 concidantur
844 2613 1097 2672 tanquam
1143 2603 1194 2654 in
1230 2600 1453 2665 diluvio,
1486 2614 1663 2668 neque
1711 2605 2045 2666 supererunt

459 2699 727 2769 reliquiae,
767 2710 946 2764 neque
980 2693 1158 2753 radix.
1193 2707 1315 2762 qute
1346 2691 1656 2760 repullulet,
1693 2698 1743 2747 et
1776 2704 1942 2760 usque
1975 2688 2045 2744 ad

461 2794 620 2862 ﬁnem
637 2788 758 2843 belli
779 2785 1075 2840 abbreviati
1097 2782 1562 2839 interneciouibus.
1585 2783 1794 2839 Rursus
1815 2782 2046 2852 loquens

459 2884 526 2938 de
546 2883 649 2935 hac
666 2877 1174 2949 captivitate,dieit:
1194 2875 1432 2930 Tolletur
1444 2874 1712 2928 incensum
1727 2882 1775 2927 et
1791 2872 2043 2936 libamen,

459 2990 525 3027 ac
538 2980 798 3041 prazterea
814 2984 973 3038 super
996 2966 1241 3035 templum
1265 2963 1588 3019 abominatio
1607 2961 1975 3028 desolationis,
1996 2970 2045 3015 et

459 3080 627 3136 usque
645 3061 715 3116 ad
737 3060 1247 3115 consummationem
1270 3056 1520 3126 temporis
1540 3055 1929 3113 consummatio
1949 3053 2046 3107 da-

460 3156 604 3209 bitur
621 3153 690 3207 ad
705 3152 1108 3208 desolationem.
1125 3150 1258 3205 Cum
1280 3150 1471 3205 audias
1484 3148 2043 3218 consummationem,

474 3246 608 3318 quid
632 3245 812 3301 adhuc
844 3251 1117 3314 superest,
1143 3242 1288 3313 quod
1323 3241 1646 3312 exspectes!
1672 3242 1748 3294 Ac
1767 3250 2044 3310 praeterea.

461 3337 603 3404 Quid
620 3349 800 3390 autem
813 3342 918 3399 est,
937 3333 1011 3386 Ac
1030 3332 1318 3401 prwterea?
1334 3329 1444 3384 lloc
1457 3338 1564 3394 est,
1584 3337 1781 3401 pra-ter
1798 3329 2049 3403 haacquae

461 3427 610 3482 dicta
639 3433 790 3489 sunt,
818 3431 944 3496 post
973 3422 1376 3478 sacriﬁciorum
1403 3430 1455 3473 et
1486 3420 1763 3474 iibaminis
1789 3417 2051 3475 sublatio-

470 3534 622 3581 nem,
646 3517 794 3572 aliud
832 3515 1011 3584 majus
1035 3513 1262 3568 accedet
1285 3513 1511 3566 malum.
1533 3512 1818 3578 Quodnam
1838 3513 1941 3568 hoc
1962 3511 2049 3566 di-

465 3611 547 3667 cis
563 3611 588 3663 ?
609 3608 778 3676 Super
799 3606 1047 3674 templum
1078 3603 1406 3659 abominatio
1420 3603 1785 3659 desolationis.
1842 3601 2043 3656 llieron

468 3704 614 3757 cutim
632 3697 1553 3767 vocattcmplum,abominatiouem
1570 3703 1748 3750 autem
1763 3694 2051 3751 desolatio-

464 3793 550 3847 nis
573 3800 729 3846 vocat
764 3800 1018 3856 statuam,
1064 3805 1223 3861 quam
1254 3789 1535 3847 collocavit
1562 3790 1616 3846 in
1662 3791 1859 3863 templo
1897 3791 1943 3848 is
1969 3792 2061 3863 qui

464 3884 739 3940 exciderat
756 3894 810 3939 et
828 3892 1095 3939 everterat
1110 3883 1398 3939 civitatem.
1414 3881 1485 3937 Et
1500 3900 1656 3956 usque
1672 3884 1739 3936 ad
1754 3900 2064 3939 consumma-

464 3977 673 4040 tionem,
707 3975 898 4045 inquit,
928 3974 1192 4031 desolatio.
1224 3974 1581 4042 Quamobrem
1626 3974 1754 4029 dicit
1780 3974 2060 4042 Christus,

462 4067 555 4134 qui
600 4069 892 4121 secundum
931 4082 1147 4121 carnem
1199 4066 1297 4121 fuit
1344 4066 1607 4137 posterior
1652 4066 1912 4121 Antiocho
1945 4067 2064 4137 [Cpi-

467 4159 664 4227 phaue,
696 4158 995 4213 vaticinans
1022 4158 1388 4213 imminentem
1417 4157 1564 4212 urbis
1591 4158 1972 4229 captivitatem,
2000 4173 2065 4214 ac

466 4252 747 4307 declarans
784 4252 926 4322 quod
957 4251 1025 4307 de
1068 4252 1170 4308 hac
1209 4252 1517 4323 prtedixerit
1547 4252 1728 4307 Daniel
1760 4271 1774 4307 :
1803 4250 1949 4320 Cum,
1980 4252 2064 4311 in-
2106 4248 2117 4261 ⁷

468 4346 605 4416 quit,
655 4345 877 4400 videritis
920 4345 1345 4400 abominationent
1388 4344 1734 4411 desolationis,
1763 4344 1827 4398 de
1861 4361 1961 4415 qua
1991 4344 2068 4399 lo-

471 4447 656 4506 quutus
680 4447 751 4491 est
779 4436 968 4491 Daniel
991 4439 1260 4507 praplteta,
1284 4446 1499 4491 stantem
1523 4438 1578 4491 in
1602 4438 1713 4492 loco
1737 4447 1916 4493 sancto
1936 4453 1957 4491 :
1979 4438 2069 4508 qui

467 4528 587 4598 legit
614 4529 860 4598 intelligat
899 4528 1112 4601 (Matth.
1158 4528 1248 4584 24.
1283 4527 1392 4601 lii).
1425 4529 1688 4596 Quoniam
1734 4528 1876 4586 enim
1905 4543 2068 4583 tituue

469 4619 810 4674 simulacrum
841 4628 897 4673 et
916 4618 1147 4673 hominis
1173 4616 1379 4688 efﬁgies
1402 4619 1540 4687 apud
1569 4619 1787 4675 Judteos
1827 4619 2066 4690 appella-

470 4709 631 4765 batur
671 4711 1036 4775 abominatio,
1074 4711 1408 4781 :euigmatice
1467 4711 1778 4781 signiﬁcans
1825 4721 2058 4767 statuam

473 4802 643 4866 illam,
687 4800 845 4855 simul
887 4802 1097 4871 aperuit
1139 4812 1195 4856 et
1239 4817 1345 4871 quo
1374 4810 1634 4873 tempore,
1675 4813 1783 4858 eta
1809 4818 1917 4873 quo
1944 4819 2070 4877 rege

471 4893 754 4964 captivitas
777 4902 921 4948 esset
944 4901 1186 4947 ventura.
1208 4892 1358 4960 Quod
1386 4903 1565 4949 autem
1593 4895 1658 4949 de
1681 4895 1934 4951 Romanis
1956 4895 2072 4951 lucc

473 4986 616 5041 dicta
666 4985 796 5054 sint,
839 4993 895 5040 et
944 4985 1058 5056 ipse
1104 4984 1403 5054 losephus,
1452 4987 1902 5056 quemadmodum
1944 4996 2071 5043 ante

474 5078 776 5144 docuimus,
809 5078 1154 5134 asseveravit.
1184 5078 1319 5147 Quid
1346 5080 1502 5150 igitur
1527 5080 1680 5136 vobis
1704 5082 1962 5153 reliquum
1991 5092 2074 5138 est

477 5171 618 5242 quod
649 5171 962 5241 loquamini,
994 5187 1115 5227 cum
1148 5172 1382 5242 reliquas
1412 5174 1747 5243 captivitales
1773 5174 2072 5244 prmdicen-

479 5274 557 5319 tes
585 5263 880 5334 prophetat,
922 5272 1126 5319 certum
1177 5273 1227 5318 et
1272 5263 1593 5335 prmliuitnm
1642 5276 1854 5335 tempus
1895 5265 2075 5336 expri-

481 5366 631 5409 mant
660 5373 674 5410 :
705 5355 827 5412 huic
873 5356 1079 5410 nullum
1127 5368 1337 5426 tempus
1386 5358 1703 5427 przrliniaut.
1729 5359 1856 5431 quin
1896 5359 2074 5429 potius

481 5447 809 5502 contrarium
854 5448 1073 5516 addant,
1116 5450 1366 5504 videlicet
1401 5450 1763 5520 captivitatem
1809 5465 1978 5522 usque
2004 5451 2074 5507 ad

482 5540 996 5595 consummationem
1043 5541 1588 5597 duraturam?Porro
1631 5542 1773 5613 quod
1816 5542 2077 5601 hactenus

482 5634 620 5687 dicta
651 5646 788 5688 vana
817 5647 923 5685 non
962 5632 1092 5700 sint,
1120 5647 1222 5705 age
1243 5648 1272 5688 a
1296 5632 1455 5690 rebus
1477 5634 1637 5689 etiam
1665 5634 1795 5705 ipsis
1818 5634 2077 5691 exhibea-

484 5740 600 5780 mus
624 5726 1011 5780 testimonium.
1041 5725 1174 5781 Nam
1206 5728 1249 5780 si
1276 5726 1447 5782 ,ιιιόωί
1468 5744 1755 5799 numquam
1783 5739 2078 5786 tentassent

486 5817 756 5872 tediticare
784 5816 1063 5887 templum,
1102 5817 1282 5873 dicere
1326 5825 1575 5889 poterant
1646 5821 1691 5877 si
1721 5820 2074 5878 voluissemus

1160 365 1219 424 S.
1259 361 1539 422 JOANNIS
1576 355 2052 420 CllRYSOSTOlll
2092 355 2412 418 ARCHIEP.
2450 355 2996 416 CONSTANTINOP.
3637 356 3726 416 900

2138 479 2358 552 aggredi
2399 479 2586 553 templi
2618 480 3081 548 instaurationem,
3107 478 3343 535 omnino
3366 478 3729 550 potuisSL-mus,

2139 580 2194 627 et
2221 570 2660 642 periecissemus.
2690 571 2846 628 Nunc
2889 581 3066 628 autem
3102 586 3190 628 res
3222 573 3346 643 ipsa
3378 569 3697 626 demonstrat
3716 614 3729 636 .

2140 677 2235 718 eos
2265 678 2371 718 non
2404 664 2570 719 semel
2609 673 2703 719 aut
2728 664 2830 728 bis,
2858 663 2953 720 scd
2983 672 3068 719 ter
3109 677 3408 735 aggressos
3433 670 3491 717 et
3516 661 3731 730 repulsos

2140 772 2283 822 esse,
2312 771 2419 811 non
2443 756 2602 812 aliter
2628 772 2787 828 quam
2816 757 2877 812 lit
2907 757 2958 812 in
2984 755 3383 813 certaminibus
3407 753 3716 827 Olympiacis

2141 858 2197 903 ut
2224 848 2354 904 nulli
2382 847 2603 904 dubium
2644 863 2769 904 esse
2795 849 2986 922 possit,
3013 848 3139 921 quin
3166 847 3440 905 Ecclesiae
3466 847 3537 901 sit
3562 860 3731 905 corona

2150 936 2419 995 victoriae.

2224 1030 2312 1087 ll.
2341 1029 2646 1086 Judteomm
2668 1026 2880 1082 rebellio
2903 1026 2997 1081 sub
3019 1023 3474 1083 Adriano.—Ubi
3494 1022 3647 1096 igitur
3658 1038 3733 1094 sg-

2147 1119 2323 1194 gressi
2349 1130 2476 1177 suut
2504 1118 2602 1184 illi,
2623 1118 2717 1190 qui
2747 1132 2964 1190 semper
2982 1118 3251 1175 resistunt
3276 1115 3521 1189 Spiritui
3548 1124 3727 1180 sancto,

2149 1214 2241 1286 qui
2256 1227 2343 1269 res
2355 1228 2524 1270 novas
2540 1212 2859 1278 moliuntur,
2872 1212 2963 1284 qui
2981 1212 3285 1273 seditiones
3294 1209 3615 1267 concitant?
3627 1208 3730 1263 Post

2149 1303 2581 1363 devastationem
2601 1321 2723 1377 qua:
2747 1304 2887 1360 facta
2917 1304 3019 1361 fuit
3036 1305 3139 1360 sub
3154 1303 3511 1375 Vespasiano
3535 1316 3597 1357 ac
3610 1300 3726 1367 Tito,

2149 1397 2253 1453 sub
2265 1397 2502 1457 Adriano
2512 1406 2659 1455 mota
2672 1397 3146 1463 seditione,eonati
3158 1406 3301 1453 sunt
3313 1396 3604 1469 pristinam
3618 1410 3727 1449 rem-

2146 1492 2414 1564 publicam
2464 1492 2765 1548 instaurare
2795 1510 2809 1547 :
2839 1490 2979 1547 haud
3009 1505 3282 1563 quaquam
3319 1488 3665 1560 intelligentes
3685 1501 3731 1539 se

2145 1594 2332 1641 contra
2361 1583 2455 1640 Dei
2484 1583 2751 1640 calculum
2776 1582 2978 1640 bellum
3007 1597 3246 1649 movere,
3274 1581 3527 1655 jubentis
3552 1581 3600 1636 in
3627 1595 3724 1651 per-

2146 1684 2367 1748 petuum
2392 1690 2511 1731 eam
2539 1675 2814 1732 civitatem
2836 1673 3127 1732 devastari.
3154 1674 3334 1730 Porro
3365 1674 3480 1729 Deo
3506 1671 3722 1736 bellante,

2146 1782 2404 1839 superare
2446 1767 2778 1839 impossibile
2826 1775 2927 1823 est.
2960 1765 3163 1838 lmpetu
3194 1766 3366 1838 igitur
3397 1765 3536 1820 iacto
3562 1764 3611 1821 in
3633 1763 3725 1818 Ca-

2148 1873 2347 1922 sarem,
2393 1874 2579 1917 rursus
2626 1874 2750 1916 cum
2794 1858 3121 1930 adegerunt,
3166 1866 3225 1913 ut
3268 1854 3519 1915 {traditus
3560 1854 3726 1910 deleret

2148 1952 2445 2008 civitatem.
2495 1950 2632 2008 Nam
2679 1951 2905 2011 devictis
2950 1965 3016 2007 ac
3058 1949 3303 2007 subactis
3350 1948 3481 2014 illis,
3515 1945 3724 2002 omnibus

2151 2042 2394 2113 reliquiis
2420 2041 2656 2109 abolitis,
2685 2057 2754 2100 ne
2784 2042 2835 2096 in
2868 2053 3139 2112 posterum
3171 2049 3409 2115 possent
3427 2038 3726 2113 impudenter

2151 2150 2331 2207 agere,
2361 2145 2591 2192 statuam
2613 2151 2764 2191 suam
2788 2135 2841 2190 in
2870 2136 2989 2191 loco
3007 2134 3320 2190 collocavit.
3355 2132 3559 2188 Deinde
3582 2132 3723 2186 SClCltS

2153 2227 2411 2294 futurum,
2440 2238 2500 2285 ut
2542 2228 2629 2284 illa
2661 2237 2903 2300 tempore
2931 2227 3317 2292 collabcrt-tur,
3364 2240 3475 2295 quo
3503 2225 3630 2279 illius
3662 2223 3723 2277 vi-

2151 2320 2335 2375 ctoria:
2362 2330 2540 2377 notam
2589 2318 3036 2376 immedicabilem
3076 2318 3354 2382 inureret,
3409 2325 3462 2371 et
3488 2315 3618 2369 illius
3642 2313 3718 2369 imv

2154 2412 2425 2485 pudentiac
2455 2420 2885 2479 monumentum,
2910 2426 3105 2469 nomen
3131 2425 3294 2466 suum
3326 2407 3565 2463 civitatis
3591 2404 3721 2460 ruinis

2155 2505 2427 2577 imposuit.
2467 2505 2730 2574 Quoniam
2753 2506 2898 2562 enim
2927 2506 3042 2577 ipse
3065 2505 3352 2563 dicebatur
3372 2503 3547 2561 Elius
3569 2497 3718 2555 Adria-

2154 2614 2277 2666 nus,
2303 2598 2424 2656 idco
2447 2607 2504 2656 et
2528 2599 2727 2655 civitati
2752 2614 2948 2657 nomen
2974 2597 3133 2654 Elia:
3151 2597 3320 2668 jussit
3346 2593 3546 2667 imponi
3571 2609 3586 2658 ;
3612 2588 3721 2645 unde

2157 2702 2213 2750 et
2238 2692 2379 2753 Elia
2431 2692 2628 2751 dicitur
2671 2692 2724 2747 in
2753 2691 3070 2747 hodiernum
3119 2705 3295 2761 usque
3347 2689 3512 2751 diem,
3554 2698 3716 2754 cogno-

2157 2786 2305 2843 mine
2333 2784 2551 2842 victoris
2580 2793 2636 2841 et
2664 2784 2954 2840 eversoris.
2984 2782 3147 2838 Vides
3173 2783 3413 2852 prinmm
3456 2777 3718 2834 ludatur-mu

2155 2876 2444 2934 conatum?
2469 2875 2765 2933 Considera
2794 2885 2848 2931 et
2878 2876 3102 2933 alterum
3150 2874 3218 2928 ab
3242 2874 3373 2928 hoc.

2228 2969 2453 3029 Conatus
2477 2985 2652 3025 eorum
2674 2969 2768 3024 sub
2793 2967 3141 3025 Constantino.
3169 2997 3243 3008 ——
3267 2964 3386 3023 Sub
3407 2956 3717 3019 Constantino

2156 3059 2346 3117 eadem
2388 3060 2625 3135 aggressi
2668 3069 2815 3115 sunt.
2868 3059 2940 3114 At
2986 3059 3077 3115 ille
3104 3060 3218 3115 viso
3262 3059 3500 3128 ipsorum
3538 3057 3710 3107 conato.

2156 3151 2445 3222 amputatis
2479 3151 2691 3210 illorum
2731 3150 3015 3216 auriculis,
3056 3164 3119 3207 ac
3144 3147 3460 3206 rebellionis
3481 3145 3619 3213 signo
3643 3138 3709 3193 ita

2158 3261 2345 3316 presso
2373 3245 2586 3316 corpori
2614 3245 2854 3313 illorum,
2884 3261 2979 3318 per
2996 3246 3176 3302 omnis
3205 3246 3326 3301 loca
3352 3232 3713 3299 circumferebat

2161 3338 2314 3406 illos,
2355 3352 2453 3395 ceu
2482 3336 2703 3411 fugitiva
2732 3338 3000 3409 mancipia
3028 3352 3092 3395 ac
3116 3335 3448 3397 verberones
3469 3373 3486 3397 ,
3515 3323 3714 3396 corpori-

2161 3428 2263 3487 bus
2308 3429 2568 3487 mutilatis
2607 3429 2927 3503 conspicuos
2967 3430 3089 3485 illos
3133 3426 3340 3487 faciens
3366 3422 3628 3481 omnibus,
3665 3426 3712 3467 ac

2160 3535 2257 3581 eos
2281 3520 2370 3593 qui
2395 3536 2490 3592 per
2512 3534 2703 3576 omnes
2724 3520 2969 3593 regiones
2992 3527 3146 3576 eram
3168 3517 3351 3588 sparsi
3377 3512 3634 3571 erudiens.
3658 3516 3710 3556 ηε

2164 3611 2218 3666 in
2253 3618 2526 3682 posterum
2558 3609 2749 3669 eadem
2781 3618 3125 3667 conarentur.
3172 3606 3285 3664 Sed
3316 3606 3465 3668 hac,
3497 3596 3709 3668 inallieat.

2164 3703 2341 3779 prisca
2370 3711 2424 3759 et
2452 3701 2714 3763 obsoleta.
2739 3700 2850 3761 bno
2882 3701 2985 3761 hoc
3001 3700 3178 3775 potius
3196 3708 3390 3756 notum
3409 3703 3493 3754 est
3510 3690 3646 3753 etiam
3663 3685 3710 3738 iis

2164 3793 2256 3871 qui
2286 3794 2426 3851 inter
2450 3808 2547 3851 vos
2575 3801 2701 3849 sunt
2725 3794 2990 3853 seniores.

2236 3883 2407 3940 ,Ιταλιεὶ
2446 3888 2642 3957 favente
2673 3883 2886 3943 Juliano
2906 3881 3158 3956 Apostata
3195 3880 3442 3954 templum
3477 3879 3712 3932 restant!"

2168 3977 2361 4047 frustra
2402 3985 2675 4032 tentarunt.
2719 4005 2791 4017 -—
2835 3976 2988 4046 Quod
3036 3990 3163 4033 vero
3199 3975 3316 4046 jam
3341 3973 3569 4033 dicturus
3600 3974 3708 4022 Sumo

2167 4068 2329 4127 etiam
2354 4067 2639 4124 admodum
2658 4067 2939 4140 juvenibus
2964 4076 3050 4124 est
3074 4067 3278 4124 clarum
3309 4080 3374 4126 ac
3398 4057 3708 4135 perspicuum-

2168 4159 2284 4218 Nou
2332 4160 2472 4219 enim
2511 4169 2719 4233 gestum
2760 4169 2844 4216 est
2882 4160 2986 4214 sub
3009 4158 3246 4218 Adriano
3269 4165 3367 4217 aut
3391 4144 3708 4211 Constantino.

2171 4251 2265 4309 sed
2294 4251 2395 4307 sub
2425 4252 2750 4323 imperatore
2776 4252 2864 4325 qui
2903 4250 2999 4306 fuit
3024 4259 3180 4310 nitate
3219 4257 3404 4308 nostra
3435 4250 3550 4300 ante
3579 4240 3710 4289 anim

2170 4345 2375 4415 viginti.
2401 4345 2612 4404 Etenim
2641 4359 2760 4408 cum
2790 4344 3055 4410 lulianus,
3085 4343 3175 4413 qui
3199 4340 3546 4417 imperatores
3561 4333 3710 4384 omne!

2171 4439 2449 4508 superavit
2488 4438 2797 4509 impietate,
2840 4446 3058 4494 vocaret
3096 4437 3219 4495 illos
3255 4435 3322 4493 sd
3356 4416 3707 4491 sacriﬁcandum

2173 4528 2349 4597 idolis,
2379 4539 2435 4587 et
2461 4529 2528 4589 ad
2554 4545 2704 4587 suam
2726 4530 3064 4603 impietatem
3102 4524 3415 4599 pertrahere
3450 4517 3704 4577 conaretur.

2171 4634 2235 4675 ac
2252 4635 2379 4676 mox
2399 4619 2693 4692 objicerent
2720 4621 2820 4692 ipsi
2848 4620 3079 4691 priscum
3096 4619 3270 4677 cultus
3291 4619 3469 4675 ritum.
3485 4607 3703 4692 dmi

2172 4727 2205 4768 ι
2235 4714 2431 4769 ηοεῑτίδ
2460 4691 2752 4784 majoribus
2782 4713 2922 4769 Deus
2952 4713 3055 4769 hoc
3081 4712 3239 4770 modo
3254 4711 3432 4769 cultus
3449 4710 3555 4767 est;
3581 4691 3704 4749 eum”

2177 4804 2418 4861 nolentes
2445 4813 2552 4864 tum
2582 4803 2883 4861 fatebantur
2908 4804 3058 4870 haec,
3088 4818 3207 4875 quae
3236 4817 3334 4857 nos
3359 4809 3495 4859 nunc
3523 4788 3704 4846 demon'

2175 4897 2480 4962 stravimus,
2513 4897 2653 4968 quod
2682 4896 2761 4951 ias
2790 4910 2894 4952 non
2926 4903 3073 4953 esset
3093 4904 3241 4951 extra
3267 4892 3522 4951 civitatem

2177 4987 2289 5043 lare
2316 4964 2558 5047 victimas
2587 5006 2601 5043 :
2632 4988 2724 5046 sed
2749 5030 2765 5054 ,
2809 4988 3153 5057 inquiebant,
3193 4985 3493 5056 religionem
3527 4964 3701 5067 “01.3"?

2178 5084 2501 5154 quicumque
2528 5084 2834 5139 sacriﬁcant
2860 5082 2913 5138 in
2944 5091 3089 5138 terra
3118 5081 3311 5137 aliena.
3356 5064 3566 5131 Proinde
3584 5061 3622 5113 si
3646 5061 3705 5104 “5

2179 5192 2277 5233 nos
2308 5176 2487 5233 videre
2510 5175 2876 5234 sacriﬁcantes
2898 5217 2914 5242 ,
2941 5174 3110 5233 redde
3148 5171 3301 5229 nobis
3342 5155 3702 5260 civitatem.3'

2181 5271 2343 5327 stitue
2377 5268 2671 5338 templum,
2700 5267 2893 5325 exhibe
2914 5266 3071 5324 nobis
3092 5274 3274 5323 sancta
3300 5259 3594 5321 sanctorum,

2180 5362 2294 5419 loca
2334 5326 2516 5428 aram,
2566 5368 2621 5415 et
2652 5326 3081 5417 sacriﬁeabimus
3128 5370 3271 5413 omne
3316 5326 3694 5428 queniadtuodmf

2182 5453 2332 5508 olim.
2375 5451 2484 5509 Nec
2501 5424 2705 5521 puduit
2735 5453 3028 5509 sceleratos
3056 5457 3111 5506 et
3136 5447 3384 5504 climates
3405 5424 3713 5521 Ιιῖθοε

2181 5558 2213 5599 ³
2233 5542 2347 5599 Viro
2370 5515 2541 5614 imi)“;
2560 5558 2874 5617 ρθεειιοίιυθ
2890 5583 2908 5609 ο
2936 5550 2994 5596 ει
3027 5540 3263 5611 ίηιβυτδε
3288 5534 3418 5592 imus

2183 5650 2309 5692 care
2344 5635 2413 5691 ad
2437 5594 2852 5693 exstinguonem
2877 5594 3182 5689 sanctorum
3205 5670 3221 5696 ,
3264 5641 3360 5682 nec
3397 5594 3694 5696 intelliscbf‘f:

2183 5740 2243 5783 se
2271 5726 2453 5781 conari
2480 5725 2858 5796 impossibilia.
2900 5737 3073 5794 necum
3098 5714 3505 5812 Perpendebattt,
3720 5720 3729 5726 ‘

2187 5822 2348 5879 homo
2394 5819 2481 5875 illa
2510 5772 2796 5876 dermolitus
2839 5772 3324 5886 θεωιῖρῖηιιῖεεει
3361 5806 3504 5862 homo
3543 5772 3626 5834 ί¹¹¹⁵
