3920 6368
175 373 261 427 90!
1395 349 1757 407 ADVERSUS
1795 346 2098 406 JUDEOS.
2142 344 2205 399 V.

171 482 468 539 restituam;
518 486 701 529 verum
747 484 868 525 cmn
915 468 1053 523 Deus
1097 475 1282 530 esset,
1328 464 1419 533 qui
1468 465 1733 519 civitatein

170 576 366 631 illorum
405 566 773 631 subverterat,
808 561 921 618 ﬁeri
963 574 1297 630 nequaquam
1338 571 1513 627 posse,
1545 566 1742 625 ntqme

173 668 301 721 Deus
320 661 648 721 decreverat,
670 669 921 725 umquam
942 661 1207 708 everteret
1229 649 1461 703 humana
1486 649 1739 717 potentia.

170 755 298 810 Nam
321 767 431 820 quae
459 747 595 802 Deus
618 756 842 811 sanctus,
867 743 1055 814 inquit,
1086 740 1279 803 statuit,
1306 739 1418 809 quis
1439 736 1746 808 dissipabit?

98 860 107 868 '
168 849 236 902 Ac
258 860 457 899 aratrum
476 842 616 895 illius
636 838 887 893 excelsam
914 837 1025 906 quis
1045 841 1228 887 avertet
1252 831 1270 902 (
1294 831 1317 885 1
1326 831 1421 885 sai.
1461 829 1549 885 14.
1587 827 1656 883 27
1683 827 1746 897 )?

168 943 304 997 Sicut
350 937 489 991 enim
540 946 896 1004 quaecumque
947 929 1036 984 ille
1078 926 1380 989 stabilierit,
1415 922 1746 991 volueritqne

169 1048 394 1093 manere,
428 1028 605 1083 nullus
640 1026 802 1080 homo
848 1031 1021 1093 potest
1049 1019 1293 1075 demoliri
1331 1036 1344 1072 :
1376 1018 1446 1069 ita
1472 1029 1747 1085 qutecum-

167 1142 264 1199 que
306 1123 648 1182 destruxerit,
697 1116 1033 1185 voltteritque
1072 1126 1293 1167 manere
1342 1110 1537 1173 diruta,
1589 1120 1749 1161 nemo

170 1218 351 1288 poterit
400 1216 716 1269 instaurare.
779 1209 975 1263 Verum
1023 1214 1142 1261 esto
1189 1217 1352 1265 sane,
1404 1198 1606 1262 Judaei,
1653 1210 1747 1250 rex

171 1310 418 1378 templum
451 1304 762 1371 reddiderit,
784 1318 931 1357 aram
958 1313 1178 1370 prorsus
1202 1296 1457 1357 erexerit,
1485 1289 1747 1362 quemad-

169 1402 371 1457 modum
415 1414 509 1453 vos
541 1398 736 1453 frustra
780 1394 1021 1465 potuisse
1047 1390 1160 1445 ﬁeri
1203 1385 1546 1455 susiiicamini
1578 1403 1590 1437 :
1621 1397 1748 1438 num

168 1503 216 1548 et
240 1492 409 1561 ignem
427 1491 700 1544 celestem
729 1501 761 1540 e
789 1482 1003 1539 sublimi
1031 1489 1239 1551 poterat
1258 1476 1410 1532 vobis
1428 1470 1749 1530 demittere?

169 1584 260 1652 Qui
283 1584 324 1638 si
354 1581 635 1645 deﬁnisset,
668 1578 890 1648 impium
920 1583 974 1629 ct
1000 1574 1264 1643 impurum
1314 1568 1502 1624 fuisset
1542 1564 1749 1620 sacriﬁ-

171 1677 321 1732 cium.
352 1674 433 1730 Ob
454 1673 557 1728 hoc
579 1672 722 1727 enim
753 1668 1031 1739 pet-ierunt
1057 1663 1146 1718 ﬁlii
1174 1664 1375 1725 Aaron,
1397 1657 1541 1729 quod
1571 1657 1747 1727 ignem

170 1768 392 1823 alienum
420 1765 753 1821 induxerint.
781 1760 1137 1815 Nihilominus
1165 1756 1232 1809 ad
1259 1754 1439 1808 omnia
1469 1749 1747 1815 obcmcati,

170 1863 511 1918 obsecrabant
536 1875 599 1914 ac
625 1856 1013 1927 supplicabant,
1044 1862 1099 1905 ut
1140 1866 1261 1904 cum
1300 1848 1430 1916 ipsis
1455 1845 1753 1914 susciperet

170 1964 219 2010 et
267 1954 646 2025 aggrederetur
703 1946 1145 2002 instaurationem
1198 1940 1402 2009 templi.
1454 1940 1521 1993 At
1566 1937 1658 1991 ille
1698 1944 1749 1990 et

174 2048 411 2115 pecunias
436 2042 723 2115 impendit,
747 2050 800 2095 et
827 2037 1109 2109 praefectos
1137 2034 1282 2088 misit
1302 2033 1444 2086 viros
1467 2030 1749 2102 primates,

174 2149 220 2193 et
246 2137 474 2192 artiﬁces
496 2135 840 2203 undiquaque
865 2128 1068 2183 accersi
1096 2125 1273 2196 jussit,
1305 2122 1433 2177 nihil
1466 2137 1570 2175 non
1603 2118 1747 2182 fecit,

176 2228 290 2283 nihil
325 2245 426 2282 non
460 2225 709 2291 tentavit,
758 2220 1012 2293 paulatim
1053 2234 1118 2273 ac
1156 2216 1356 2273 sensim
1410 2215 1513 2269 hoc
1562 2224 1747 2281 agens,

175 2334 491 2390 speransque
519 2317 776 2380 futurum,
807 2324 864 2368 ut
909 2313 955 2369 si
1000 2318 1182 2381 posset
1207 2308 1327 2363 illos
1351 2306 1421 2361 ad
1448 2303 1754 2359 sacriﬁcan-

175 2413 287 2466 dum
315 2414 588 2477 inducere,
620 2409 771 2464 facile
801 2408 919 2462 illos
941 2412 1221 2461 revocaret
1242 2399 1308 2455 ad
1333 2399 1509 2454 cultus
1535 2396 1752 2451 simula-

177 2521 392 2560 crorum.
425 2504 601 2561 Simul
630 2512 683 2558 et
708 2499 836 2556 illud
881 2500 995 2553 fore
1037 2494 1286 2567 Sperabat
1315 2493 1533 2547 insanus
1562 2489 1649 2543 ille
1691 2501 1755 2541 ac

179 2612 370 2663 vecors,
400 2608 457 2651 ut
498 2594 699 2650 Christi
723 2591 1042 2648 sententiam
1092 2586 1457 2649 frustraretur,
1486 2595 1604 2651 quas
1647 2594 1752 2632 non

178 2689 356 2756 patitur
377 2687 641 2757 templum
666 2683 796 2738 illud
829 2680 1132 2739 instaurari.
1163 2678 1360 2734 Verum
1393 2676 1457 2738 is,
1488 2671 1580 2745 qui
1608 2685 1756 2726 com-
1826 2740 1829 2743 _

182 2777 444 2845 prehendit
465 2779 739 2847 sapientes
766 2775 816 2829 in
845 2774 1080 2842 ipsorum
1101 2768 1292 2824 astutia
1316 2766 1404 2839 (1.
1429 2763 1547 2820 Cor.
1571 2764 1624 2820 5.
1654 2761 1754 2829 i9;

179 2867 266 2920 Job
290 2869 343 2923 5.
377 2866 509 2940 l5),
563 2868 804 2937 protinus
835 2865 962 2934 ipsis
1000 2861 1154 2916 factis
1197 2857 1489 2915 declaravit
1528 2854 1627 2921 illi,
1660 2852 1753 2909 Dei

176 2959 433 3015 decretum
475 2960 736 3015 onitiibus
778 2971 901 3012 eSse
951 2952 1224 3025 potentius
1249 2992 1264 3018 ,
1306 2948 1586 3018 validaque
1636 2961 1756 3002 esse

175 3064 320 3120 opera
349 3066 664 3119 sermonum
715 3048 827 3103 Dei.
876 3046 1006 3101 Nam
1051 3043 1209 3100 simul
1256 3051 1417 3111 atque
1461 3044 1757 3095 tentassent

176 3143 301 3197 hunc
323 3146 547 3215 impium
565 3151 831 3203 conatum,
856 3140 1147 3208 erupissent
1166 3135 1368 3190 nudare
1390 3131 1752 3194 fundamenta,

175 3236 375 3290 multam
401 3248 607 3291 terram
627 3232 1020 3291 exhausissent,
1042 3236 1379 3293 restaretque
1405 3234 1462 3279 ut
1477 3224 1587 3294 jam
1609 3231 1754 3277 stru-

174 3338 360 3381 curam
391 3326 815 3399 aggrederentur
840 3342 852 3378 :
878 3320 1121 3392 protinus
1147 3319 1283 3387 ignis
1308 3316 1562 3372 exsiliens
1581 3329 1612 3369 e
1638 3313 1756 3367 fun-

177 3416 423 3474 damentis
448 3417 660 3474 exussit
703 3416 918 3475 multos,
954 3414 1187 3481 itemque
1214 3408 1417 3479 lapides
1448 3422 1512 3461 eo
1555 3406 1605 3459 in
1638 3405 1757 3458 loco

177 3511 360 3575 positos
382 3553 396 3578 ,
429 3521 488 3566 ct
522 3507 953 3577 intempestivam
1002 3500 1352 3574 pertinaciam
1403 3497 1687 3566 interrupit
1717 3495 1754 3546 ί.

174 3600 270 3657 Nec
305 3604 474 3658 solum
506 3601 602 3672 qui
630 3600 779 3670 operi
809 3598 1111 3661 instabant,
1138 3593 1231 3648 sed
1260 3594 1419 3647 etiam
1448 3589 1757 3646 Juda‘orum

179 3693 316 3747 multi
344 3704 572 3765 stupore
599 3706 663 3744 ac
693 3690 889 3745 rubore
928 3686 1120 3757 repleti
1162 3694 1306 3739 sunt.
1339 3682 1541 3750 Quibus
1564 3679 1758 3735 auditis

173 3782 396 3841 Julianus
429 3788 752 3855 Imperator,
776 3795 1096 3851 quamquam
1133 3784 1279 3831 tanta
1303 3775 1519 3831 vesania
1546 3772 1759 3827 deditus

173 3886 278 3930 erat
315 3877 387 3931 illi
430 3876 670 3947 negotio,
704 3874 906 3927 veritus
954 3881 1131 3925 tamen
1178 3883 1244 3922 ne
1278 3866 1412 3922 ultra
1445 3878 1758 3936 progressus

174 3965 220 4018 in
240 3981 386 4022 suum
414 3969 584 4037 ipsius
609 3973 772 4030 caput
798 3963 973 4033 ignem
1014 3967 1335 4025 accerseret,
1364 3957 1760 4013 destititvictus
1790 3984 1799 3992 -

172 4071 283 4110 cum
313 4067 419 4113 tota
448 4068 629 4130 gente.
654 4051 723 4111 Et
750 4070 889 4109 nunc
909 4054 955 4108 si
979 4052 1162 4108 venias
1188 4050 1601 4119 Jerosolyntatn,
1631 4062 1761 4104 con-

173 4148 356 4215 spicias
385 4150 528 4205 nuda
582 4145 927 4202 fundamenta
964 4162 977 4199 :
1005 4144 1145 4213 quod
1176 4142 1222 4196 si
1258 4157 1472 4196 causam
1508 4152 1718 4210 qtttcras
1738 4180 1754 4205 ,

169 4253 269 4294 non
297 4242 451 4297 aliam
497 4257 657 4312 quam
705 4240 843 4293 hanc
887 4238 1094 4291 audies.
1128 4233 1295 4302 llujtts
1332 4233 1410 4287 rei
1442 4245 1540 4286 nos
1567 4245 1759 4285 omnes

173 4338 327 4386 testes
352 4345 540 4387 sumus
572 4350 586 4384 :
621 4340 802 4386 nostra
825 4328 975 4384 enim
1000 4335 1156 4381 astate
1176 4325 1293 4379 hanc
1320 4338 1425 4380 non
1454 4323 1527 4377 ita
1551 4322 1756 4392 pridem

170 4423 488 4479 acciderunt.
523 4424 643 4480 Jam
681 4422 961 4478 considera
1008 4419 1286 4474 victoriam
1325 4418 1608 4488 insignem.
1640 4415 1755 4470 Non

172 4514 306 4567 enim
343 4516 447 4572 hoc
483 4515 678 4571 accidit
704 4514 804 4569 sub
833 4512 934 4582 piis
962 4509 1397 4581 lmpcratnribus,
1426 4522 1526 4563 nec
1559 4508 1649 4579 qui
1670 4507 1757 4561 di-

171 4617 286 4659 cere
327 4607 556 4676 possint,
595 4605 928 4661 Christianos
966 4616 1103 4672 opus
1144 4599 1325 4667 perlici
1364 4601 1633 4663 vetuisse;
1662 4598 1758 4655 sed

174 4702 276 4747 tum
302 4711 423 4750 cum
454 4712 541 4752 res
569 4704 766 4751 nostra:
808 4703 992 4751 essent
1036 4692 1268 4758 afﬂictae,
1310 4680 1430 4747 cum
1462 4706 1652 4746 omnes
1693 4692 1760 4746 de

171 4785 269 4839 vita
291 4788 738 4854 periclitaremur,
759 4800 881 4841 cum
902 4785 1077 4841 omnis
1099 4784 1320 4839 libertas
1346 4794 1491 4840 esset
1512 4784 1723 4838 sublata
1740 4824 1757 4848 ,

172 4891 286 4930 cum
315 4877 536 4934 ﬂoreret
563 4878 937 4949 paganismus,
968 4892 1091 4932 cum
1122 4875 1307 4931 ﬁdeles
1331 4875 1423 4931 alii
1457 4875 1673 4945 quidem
1706 4876 1760 4931 in

171 4971 369 5028 aedibus
406 4974 518 5028 suis
558 4974 849 5037 latitarent,
894 4971 982 5026 alii
1014 4986 1144 5025 vero
1162 4970 1216 5025 in
1246 4970 1559 5025 solitudines
1583 4968 1759 5025 derui-

170 5076 402 5132 grarent,
451 5065 674 5137 foraque
702 5067 965 5136 fugerent,
1013 5074 1123 5118 tum
1163 5063 1378 5118 demum
1408 5064 1521 5117 htec
1547 5063 1761 5120 accide-

171 5167 310 5223 runt,
360 5174 429 5214 ne
458 5176 560 5230 qua
586 5169 811 5215 restaret
837 5159 941 5213 illis
972 5157 1316 5228 impudentiae
1356 5159 1589 5213 occasio.

240 5251 329 5304 1‘2.
360 5251 607 5307 Etiamne
630 5251 806 5306 adhuc
830 5248 1063 5313 dubitas,
1097 5246 1299 5313 Iudaee,
1322 5261 1443 5303 cum
1471 5249 1763 5320 perspicias

172 5350 225 5397 et
252 5359 318 5399 ex
349 5344 547 5400 Christi
580 5344 946 5415 praedictione,
974 5350 1030 5397 et
1064 5356 1136 5396 ex
1169 5339 1552 5410 prophetarum
1579 5341 1765 5396 vatici-

177 5438 297 5504 niis,
328 5447 385 5494 et
422 5455 490 5494 ex
529 5441 764 5510 ipsarum
802 5451 983 5493 rerum
1027 5434 1487 5491 demonstratione
1526 5434 1767 5489 testimo-

177 5531 317 5587 nium
344 5541 532 5589 contra
560 5543 612 5589 te
637 5533 806 5589 ferri?
832 5531 1030 5587 Verum
1059 5528 1191 5584 nihil
1218 5528 1410 5582 mirum
1444 5537 1548 5583 est.
1576 5526 1764 5583 Istius-

179 5625 320 5680 modi
379 5627 576 5696 quippe
633 5625 731 5680 fuit
778 5633 866 5678 tua
917 5622 1099 5687 natio,
1140 5620 1210 5675 ab
1263 5620 1415 5674 initio
1462 5619 1665 5675 eﬁ‘rons
1711 5630 1764 5674 et

241 5720 258 5751 ί
284 5719 367 5770 Hic
408 5719 832 5781 qumdamdesnnt
874 5719 924 5768 in
956 5725 1064 5781 Mss.
1088 5715 1300 5781 aliquot,
1326 5727 1438 5778 quae
1459 5713 1764 5781 legunturin

183 5781 363 5849 Ilionei.“
382 5776 522 5849 stivil.
541 5790 593 5832 et
609 5780 972 5849 aliis._ttemque
988 5779 1081 5849 aha
1101 5776 1226 5827 male
1250 5776 1447 5849 inserta,
1469 5776 1766 5849 réclatuante

182 5839 337 5891 Savilii
362 5844 577 5896 Editione
606 5839 925 5906 omnibusque
959 5848 1087 5902 uss,
1111 5839 1355 5902 expuncta
1375 5845 1505 5889 sunt.

3337 337 3443 391 002

1854 461 2140 530 pervicax,
2184 470 2503 525 semperque
2551 453 2710 507 rebus
2765 452 3108 507 evidentibus
3140 466 3442 522 repugnare

1848 553 2025 607 solita.
2058 551 2150 604 V’is
2172 559 2225 603 ut
2248 557 2303 603 et
2328 547 2463 602 alios
2493 545 2782 616 prophetas
2810 546 2861 600 in
2891 555 2941 600 te
2969 559 3196 608 armem,
3224 545 3315 614 qui
3341 544 3443 600 hoc

1850 644 2022 712 ipsum
2049 650 2233 711 aperte
2256 639 2459 702 dicunt,
2483 638 2716 692 futurum
2738 645 2797 692 ut
2820 645 2995 692 vestra
3024 635 3183 690 ﬁnem
3211 636 3445 691 sortian—

1852 744 1959 802 tur,
1992 742 2175 788 nostra
2196 740 2381 787 contra
2395 729 2739 787 efﬂorescunt
2758 748 2772 798 ;
2790 737 3007 798 totoque
3029 738 3289 783 terrarum
3315 728 3447 783 orbe

1854 836 2170 898 propagetur
2184 824 2380 880 Christi
2416 822 2759 892 praeconium,
2780 820 3031 888 aliudque
3059 820 3447 874 sacriﬁciorum

1851 935 2020 990 genus
2049 918 2349 981 inducatur,
2378 917 2443 970 iis
2467 929 2585 986 qua:
2615 913 2755 985 apud
2786 929 2879 967 vos
2903 913 3113 968 fuerunt
3139 914 3451 985 abrogatis?

1853 1012 1988 1066 Audi
2020 1013 2177 1081 igitur
2202 1009 2537 1073 Malaehiam,
2569 1008 2656 1076 qui
2688 1005 2898 1060 caeteris
2931 1005 3202 1075 pmphetis
3225 1004 3326 1060 fuit
3359 1019 3452 1075 po-

1853 1103 2088 1158 sterior:
2121 1101 2355 1155 nondum
2396 1099 2539 1153 enim
2587 1097 2735 1152 Isaia:
2781 1107 2872 1151 aut
2910 1096 3160 1152 Jeremite
3212 1095 3451 1165 produco

1856 1196 2222 1252 testimonium
2248 1236 2262 1258 ,
2297 1208 2472 1263 neque
2498 1191 2808 1261 cujusquam
2850 1190 3072 1243 aliorum
3104 1188 3191 1258 qui
3222 1203 3450 1256 praeces-

1853 1294 2044 1341 serunt
2096 1284 2419 1355 captivitatis
2468 1292 2712 1351 tempus,
2767 1295 2835 1335 ne
2878 1280 3057 1334 dicere
3108 1279 3280 1348 possis
3334 1281 3451 1333 lituo

1856 1377 2017 1440 mala,
2049 1391 2171 1446 qua:
2196 1373 2585 1446 prtedixerunt,
2609 1370 2868 1427 accidisse
2899 1371 2949 1424 itt
2976 1370 3280 1440 captivitate
3309 1387 3323 1423 :
3354 1368 3449 1424 sed

1853 1469 2061 1522 adduco
2093 1467 2430 1538 pr0phetam,
2458 1464 2663 1536 quifuit
2683 1473 2803 1534 post
2825 1463 3050 1518 reditum
3072 1478 3135 1517 ex
3155 1462 3447 1532 Babylone,

1854 1574 1918 1613 ac
1945 1568 2063 1627 post
2090 1558 2321 1612 civitatis
2351 1556 2814 1619 instaurationem,
2858 1555 3029 1624 deque
3057 1555 3217 1608 rebus
3259 1552 3450 1607 vestris

1853 1659 2036 1719 aperte
2076 1648 2394 1702 vaticinatus
2418 1656 2520 1702 est.

1927 1741 2055 1795 Post
2094 1741 2438 1810 captivitatem
2457 1737 2825 1809 Bubylonicam
2874 1735 3159 1790 Malae/tias
3197 1734 3449 1790 Christia-

1856 1851 1977 1888 num
2005 1834 2197 1887 cultum
2240 1832 2584 1902 pradixit.——
2607 1830 2814 1885 Etenim
2852 1838 3129 1899 postquam
3169 1828 3453 1883 rediissent

1856 1942 1920 1981 ac
1951 1928 2194 1982 restituta
2224 1925 2441 1979 civitate
2488 1923 2746 1993 templum
2789 1922 3209 1987 exstruxisseut,
3240 1919 3449 1975 sacriﬁ-

1856 2019 2046 2087 ciaque
2096 2017 2432 2087 peregissent
2472 2033 2487 2070 :
2531 2017 2667 2069 hanc
2704 2023 3027 2085 praesentem
3061 2013 3449 2069 desolationem

1858 2110 2192 2179 praedicens,
2226 2109 2565 2177 futuramque
2620 2106 3001 2161 sacrificiorum
3058 2105 3448 2168 sublationem,

1858 2200 1963 2256 hoc
1987 2211 2142 2271 pacto
2163 2217 2228 2255 cx
2253 2214 2478 2270 persona
2507 2198 2603 2253 Dei
2638 2197 2870 2268 loquitur
2900 2196 3188 2252 Malachias
3214 2217 3228 2251 :
3257 2197 3321 2253 Si
3362 2214 3451 2251 ac—

1857 2293 2044 2362 cipiam
2067 2293 2224 2362 facies
2248 2302 2437 2345 vestras
2456 2331 2471 2356 ,
2502 2289 2625 2342 dicit
2670 2287 2920 2342 Dominus
2958 2289 3276 2359 omnipotens
3293 2328 3309 2356 ,
3330 2304 3455 2359 qua-

1859 2385 1994 2437 uiam
2040 2383 2102 2435 ab
2140 2393 2258 2436 ortu
2303 2382 2427 2435 solis
2474 2396 2630 2448 usque
2676 2379 2745 2432 ad
2782 2395 3016 2434 occasum
3062 2395 3244 2434 nomen
3286 2396 3454 2434 meum

1856 2476 2198 2547 gloriﬁcatum
2220 2484 2293 2529 est
2318 2475 2450 2528 inter
2469 2483 2642 2544 gentes
2662 2512 2678 2539 ,
2708 2482 2754 2526 et
2794 2472 2849 2526 in
2873 2473 3013 2526 omni
3054 2473 3165 2527 loco
3195 2473 3453 2528 incensum

1859 2567 2070 2635 offertur
2098 2567 2291 2622 nomini
2319 2582 2428 2621 meo
2446 2607 2461 2630 ,
2491 2576 2536 2621 et
2577 2564 2888 2632 sacri/icium
2916 2581 3118 2636 purum.
3164 2564 3263 2620 Vos
3286 2577 3453 2621 autem

1860 2660 2170 2731 profanastis
2199 2658 2329 2715 illud
2349 2657 2507 2727 (Mat.
2533 2660 2584 2712 1.
2608 2656 2720 2729 ll).
2739 2657 2964 2725 Quando
2990 2656 3105 2713 haec
3133 2668 3450 2722 evenerunt,

1858 2750 2080 2805 Judwe?
2108 2749 2333 2818 Quando
2380 2750 2434 2804 in
2469 2750 2616 2804 omni
2649 2749 2770 2804 loco
2801 2749 3078 2804 incensum
3107 2749 3348 2805 oblatum
3374 2761 3457 2805 est

1861 2841 2011 2896 Deo?
2058 2841 2285 2909 Quando
2325 2840 2648 2897 sacriﬁcium
2696 2840 2927 2911 purum?
2972 2840 3089 2896 Non
3114 2843 3286 2910 possis
3312 2842 3456 2896 aliud

1862 2932 2102 3003 proferre
2141 2942 2380 3004 tempus,
2431 2949 2591 3004 quam
2630 2934 2734 2989 hoc
2757 2973 2772 2998 ,
2816 2942 3168 3004 posteaquam
3210 2933 3456 2990 Christus

1859 3028 2095 3083 advenit.
2132 3027 2285 3095 Quod
2312 3027 2415 3081 nisi
2439 3029 2507 3082 de
2534 3027 2640 3082 hoc
2676 3036 2918 3098 tempore
2942 3030 3207 3097 pra-dixit,
3258 3031 3360 3086 nisi
3385 3030 3456 3087 de

1862 3129 2048 3175 nostro
2062 3118 2325 3173 sacriﬁcio
2348 3118 2670 3175 vaticinatus
2690 3128 2794 3186 est,
2823 3120 2919 3175 sed
2939 3120 3007 3175 de
3026 3120 3268 3188 Judaico,
3291 3125 3451 3178 etiam

1871 3209 1974 3281 legi
2010 3218 2283 3280 repugnat
2315 3210 2620 3280 prophetia.
2645 3209 2781 3266 Nam
2817 3226 2944 3265 cum
2977 3208 3154 3264 Moses
3176 3214 3321 3262 vetet
3344 3205 3455 3260 ullo

1870 3301 1978 3355 alio
1997 3300 2050 3354 in
2068 3301 2193 3354 loro
2206 3301 2539 3357 sacriﬁcium
2561 3301 2700 3367 ﬁeri,
2717 3312 3079 3373 prmierquam
3099 3301 3153 3355 in
3174 3314 3261 3367 eo,
3290 3313 3451 3369 quem

1868 3393 2035 3463 elegit
2058 3391 2326 3450 Dominus
2359 3391 2503 3451 Deus
2529 3395 3243 3467 (Deut.16.5.6),cumque
3279 3393 3371 3448 ille
3398 3394 3454 3448 in

1864 3502 2025 3541 unum
2058 3487 2237 3542 locum
2265 3486 2528 3541 sacriﬁcia
2558 3487 2646 3541 illa
2672 3486 3016 3554 concluserit,
3041 3502 3171 3544 sane
3198 3489 3456 3561 praphcta

1862 3579 2069 3645 dicens,
2110 3578 2252 3649 quod
2291 3578 2342 3632 in
2370 3578 2518 3634 omni
2548 3577 2668 3634 loco
2697 3579 2973 3634 incensum
3005 3579 3328 3636 adolendum
3355 3582 3452 3645 sit,

1863 3688 1927 3726 ac
1952 3672 2272 3727 sacrificium
2311 3687 2541 3744 purum,
2574 3673 2890 3729 adversatur
2911 3690 2973 3729 ac
3015 3684 3277 3747 repugnat
3303 3676 3456 3732 Mosi.

1866 3764 2065 3820 Verum
2109 3764 2255 3819 nulla
2296 3774 2381 3820 est
2422 3765 2562 3821 inter
2585 3765 2709 3821 illos
2734 3782 2907 3836 pugna
2930 3806 2946 3833 ,
2974 3782 3149 3837 neque
3172 3768 3456 3823 dissensio.

1866 3859 1958 3914 llle
1979 3859 2046 3915 de
2071 3860 2178 3913 alio
2208 3860 2459 3929 loquutus
2484 3866 2567 3913 est
2592 3858 2857 3916 sacriﬁcio
2882 3901 2898 3926 ,
2932 3870 2987 3914 et
3012 3862 3098 3915 hic
3123 3861 3191 3916 de
3209 3862 3316 3915 alio
3338 3872 3464 3933 post

1865 3952 2181 4007 vaticinatus
2199 3963 2301 4007 est.
2335 3950 2487 4023 Unde
2512 3950 2615 4005 huc
2642 3950 2974 4013 declaratur?
3004 3951 3138 4007 Tum
3166 3970 3232 4008 ex
3255 3954 3320 4008 iis
3341 3969 3463 4024 qua:

1865 4043 2009 4098 dicta
2046 4053 2193 4110 sunt,
2229 4052 2339 4098 tum
2368 4058 2437 4098 ex
2461 4043 2582 4098 aliis
2608 4044 2852 4113 plurimis
2892 4046 3084 4113 signis.
3127 4048 3205 4100 Ac
3231 4048 3463 4115 primum

1864 4154 1929 4193 ex
1961 4139 2079 4208 ipso
2104 4140 2221 4193 loco
2251 4155 2265 4192 :
2299 4154 2404 4193 non
2429 4139 2574 4192 enim
2619 4139 2672 4190 in
2702 4152 2805 4192 una
2846 4140 3084 4203 civitate,
3112 4144 3462 4208 quemadmo-

1865 4233 1991 4286 dum
2016 4233 2117 4286 sub
2144 4231 2365 4297 Judatis,
2419 4230 2515 4285 sed
2563 4230 2628 4282 ab
2653 4241 2773 4284 ortu
2806 4230 2928 4284 solis
2954 4246 3112 4301 usque
3138 4231 3207 4285 ad
3226 4248 3459 4287 occasura

1868 4325 2112 4394 praedixit
2138 4325 2277 4379 hanc
2302 4324 2564 4378 culturam
2605 4338 2727 4378 esse
2766 4322 3161 4377 celebrandam.
3195 4324 3462 4382 Prteterea

1865 4433 1929 4471 ex
1961 4414 2211 4469 sacriﬁcii
2236 4415 2397 4470 modo
2416 4456 2432 4482 ,
2476 4414 2739 4485 siquidem
2780 4431 2965 4486 purum
2996 4415 3125 4471 illud
3153 4418 3460 4489 appellans,

1865 4506 2165 4563 declaravit
2209 4506 2278 4562 de
2324 4522 2432 4577 quo
2470 4507 2801 4576 loqueretur.
2842 4506 3080 4578 Denique
3136 4527 3165 4563 a
3219 4512 3465 4581 personis

1867 4603 2227 4659 offerentium.
2258 4602 2372 4658 Non
2387 4603 2529 4656 enim
2552 4601 2704 4667 dixit,
2732 4601 2784 4655 in
2804 4601 2988 4669 Israel,
3018 4603 3111 4657 sed
3134 4604 3186 4657 in
3210 4606 3462 4675 gentibus.

1867 4701 1947 4755 Ac
1976 4714 2043 4754 ne
2073 4708 2287 4769 putares
2312 4696 2455 4768 quod
2483 4696 2534 4749 in
2565 4711 2669 4751 una
2712 4695 2987 4752 duabusve
3015 4705 3109 4752 aut
3135 4699 3305 4753 tribus
3329 4699 3464 4754 civi-

1871 4793 2067 4847 tatibus
2094 4791 2196 4846 hoc
2220 4791 2445 4845 cultura:
2481 4804 2651 4859 genus
2696 4789 3102 4844 instaurandum
3144 4802 3325 4859 esset,
3358 4806 3466 4848 non

1869 4885 2187 4956 simpliciter
2202 4884 2363 4949 dixit,
2388 4884 2440 4937 in
2460 4882 2606 4937 omni
2635 4882 2776 4949 loco,
2801 4882 2918 4948 sed,
2937 4882 3013 4934 Ab
3038 4893 3154 4937 ortu
3171 4885 3294 4938 solis
3313 4901 3468 4955 usque

1867 4982 1936 5033 ad
1961 4994 2197 5033 occasum
2240 4992 2259 5030 :
2286 4977 2663 5032 demonstrans
2696 4975 2836 5046 quod
2867 4985 3122 5046 quantum
3171 4986 3330 5031 terra:
3385 4978 3467 5032 sol

1869 5071 2080 5140 aspicit,
2123 5066 2454 5125 tantumdem
2492 5067 2841 5137 Evangelium
2888 5077 3032 5121 esset
3057 5077 3462 5136 occupaturum.

1876 5162 2073 5217 Parum
2098 5171 2277 5217 autem
2299 5159 2430 5215 dicit
2456 5158 2776 5214 sacriﬁcium
2802 5197 2816 5221 ,
2846 5158 2995 5228 quasi
3024 5159 3172 5228 prius
3190 5160 3317 5215 illud
3339 5159 3466 5216 fuis-

1871 5266 1956 5313 set
1980 5256 2271 5326 impurutn,
2305 5268 2411 5308 non
2431 5252 2646 5322 quidem
2673 5262 2857 5320 suapte
2881 5261 3089 5318 natura,
3129 5251 3224 5306 sed
3273 5254 3463 5309 volun—

1872 5361 1983 5408 tate
2011 5349 2349 5406 olferentium
2380 5364 2393 5399 :
2423 5356 2479 5402 et
2502 5346 2624 5401 ideo
2646 5346 2781 5401 dixit
2811 5365 2824 5400 :
2856 5346 3130 5401 lncensum
3158 5349 3469 5405 abominatio

1872 5455 1946 5501 est
1969 5444 2095 5499 mihi
2124 5446 2144 5513 (
2171 5442 2296 5497 luti.
2327 5442 2378 5496 1.
2415 5441 2544 5511 15).
2581 5440 2912 5510 Quamquam
2943 5450 2996 5495 et
3033 5440 3231 5512 alioqui
3271 5443 3316 5497 si
3347 5443 3469 5513 quis

1873 5543 2047 5611 ipsum
2090 5537 2193 5594 hoc
2222 5532 2544 5590 sacriﬁcium
2569 5530 2811 5587 conferat
2834 5546 2955 5586 eum
2988 5532 3080 5586 illo
3105 5571 3121 5598 ,
3152 5532 3341 5603 ingens
3364 5534 3466 5588 im-

1874 5645 2225 5701 mensumque
2266 5626 2554 5684 discrimen
2603 5625 2859 5691 inveniet,
2909 5633 2968 5679 ut
3012 5624 3162 5695 juxta
3188 5640 3468 5696 compara-

1876 5725 2037 5781 tinnis
2088 5722 2350 5777 rationem
2405 5720 2580 5773 solum
2633 5718 2733 5771 hoc
2781 5732 2972 5788 purum
3009 5715 3127 5771 'dici
3174 5728 3468 5774 mereatur.

1881 5819 2137 5889 Quodque
2168 5820 2233 5874 de
2255 5817 2371 5887 lege
2394 5825 2440 5871 et
2459 5813 2627 5884 gratia
2651 5813 2778 5867 dixit
2796 5812 3012 5879 Paulus,
3035 5827 3101 5866 ne
3115 5812 3469 5883 gloriﬁcatum
