3920 6364
511 361 616 418 903

514 475 728 546 quidem
756 473 874 534 fuit,
903 471 1045 541 quod
1071 479 1187 526 erat
1213 468 1591 539 gloriﬁcatum,
1620 472 1838 536 propter
1862 462 2107 518 eminen-

499 576 622 622 item
665 565 887 636 gloriam
938 563 1022 634 (2.
1051 561 1168 616 Cor.
1197 561 1251 616 ‘5.
1283 557 1386 631 10)
1416 576 1430 615 :
1464 558 1603 612 idem
1648 565 1702 611 et
1749 555 1835 610 hic
1883 553 2108 608 ﬁdenter

513 659 828 724 dixerimus,
853 655 1100 711 videlicet
1124 655 1224 708 hoc
1245 652 1563 708 sacriﬁcium
1584 665 1705 704 cum
1736 649 1826 702 illo
1851 647 2104 704 collatum

511 754 685 808 solum
717 749 819 806 dici
865 749 1062 805 debere
1109 762 1319 819 purum.
1368 744 1486 801 Non
1514 744 1654 799 enim
1684 759 1783 812 per
1811 741 2012 796 {trinum
2044 753 2107 795 ac

509 844 754 899 nidorem
773 883 790 909 ,
819 857 924 898 non
951 856 1046 912 per
1073 839 1385 909 sanguinem
1409 851 1473 892 ac
1497 834 1882 906 redemptionis
1908 831 2102 904 pretia,

511 936 605 991 sed
632 951 728 1006 per
752 933 980 1004 Spiritus
1006 932 1226 1003 gratiam
1251 929 1492 984 offertur.
1519 926 1652 983 Audi
1676 927 1834 997 igitur
1854 934 1909 980 ct
1938 924 2102 978 alium

511 1026 825 1096 prophetam
863 1023 971 1078 hoc
1009 1022 1150 1077 idem
1180 1021 1555 1092 praedicentem
1581 1059 1596 1084 ,
1627 1016 1768 1088 quod
1799 1015 1895 1069 Dei
1932 1013 2105 1068 cultus

511 1133 617 1174 non
645 1116 1164 1174 circumscribendus
1193 1123 1338 1169 esset
1383 1114 1502 1168 loco
1526 1153 1540 1174 ,
1585 1109 1678 1165 sed
1717 1109 1888 1178 ipsum
1916 1120 2106 1162 omnes

509 1211 762 1281 deinceps
789 1210 1033 1266 homines
1058 1217 1241 1264 essent
1268 1206 1553 1277 cognituri.
1601 1203 1899 1274 SOphouias
1923 1211 2102 1256 autem

508 1303 574 1358 ad
604 1305 742 1358 hunc
771 1302 990 1358 modum
1031 1301 1264 1369 loquitur
1296 1317 1310 1352 ε
1342 1298 1618 1370 Apparebit
1659 1307 1828 1350 autem
1857 1295 2104 1349 Dominus

507 1412 661 1466 super
689 1412 862 1450 omnes
909 1404 1114 1466 gentes,
1157 1402 1206 1447 et
1253 1390 1467 1445 abolebit
1493 1405 1665 1444 omnes
1705 1388 1826 1441 deos
1853 1386 2096 1458 gentium,

508 1497 554 1539 et
594 1487 882 1540 adorabunt
922 1485 1067 1538 illum
1093 1501 1120 1538 e
1146 1500 1237 1538 suo
1275 1483 1486 1553 quisque
1522 1482 1633 1536 loco
1675 1478 1866 1553 (Soph.
1896 1477 1950 1531 2.
1987 1477 2101 1547 ll).

507 1577 669 1647 Atqui
695 1593 799 1631 non
829 1577 1144 1646 permissum
1177 1575 1276 1629 hoc
1303 1574 1421 1638 fuit,
1451 1572 1546 1628 sed
1570 1571 1742 1626 Moses
1766 1585 1873 1624 uno
1895 1569 1946 1623 in
1979 1569 2099 1622 loco

508 1668 799 1722 sacrificari
842 1668 1023 1738 jussit.
1082 1666 1216 1720 Cum
1269 1665 1428 1735 igitur
1461 1663 1644 1717 audias
1673 1661 1963 1732 pmphetas
1997 1659 2102 1714 hoc

508 1757 860 1827 prmdicentes
888 1774 950 1812 ac
977 1757 1328 1812 vaticinantes
1348 1797 1363 1820 ,
1391 1754 1533 1826 quod
1561 1769 1666 1808 non
1705 1753 1757 1807 in
1783 1767 1941 1807 unam
1973 1751 2103 1805 civi-

514 1859 702 1919 tatem,
735 1866 909 1921 neque
934 1851 986 1906 in
1014 1866 1176 1904 unum
1208 1849 1386 1904 locum
1413 1845 1766 1917 compellendi
1792 1846 1900 1900 sint
1931 1843 2102 1898 homi-

504 1957 621 2008 nes,
651 1942 745 1998 sed
767 1958 878 1998 suae
899 1942 1123 2014 quisque
1148 1941 1293 1996 domi
1321 1940 1516 1995 sedens
1533 1939 1601 1994 sit
1619 1938 1860 1994 culturus
1889 1937 2061 1992 Deum
2085 1946 2099 1981 ε

503 2033 643 2100 quod
667 2033 808 2088 aliud
837 2033 1010 2104 possis
1037 2032 1227 2087 all‘erre
1250 2041 1459 2100 tempus
1489 2045 1646 2101 quam
1687 2030 1790 2084 hoc
1823 2025 2101 2099 praesens?

507 2123 644 2177 Audi
685 2139 816 2179 sane
858 2141 965 2194 quo
1011 2133 1169 2194 pacto
1209 2134 1262 2178 et
1309 2123 1594 2193 Evangelia
1626 2130 1681 2176 et
1723 2121 2098 2192 apostolicum

505 2214 785 2283 prophetia
804 2215 1147 2271 concordent.
1179 2215 1276 2270 llic
1296 2213 1428 2269 dixit
1461 2231 1474 2268 :
1501 2212 1778 2284 Apparebit
1806 2211 2100 2273 Dominus;

505 2308 791 2376 Apostolus
819 2307 892 2362 ait
922 2325 935 2362 :
967 2307 1223 2378 Apparuit
1256 2309 1422 2378 gratia
1460 2305 1557 2358 Dei
1595 2304 1835 2360 salutaris
1871 2302 2100 2357 omnibus

503 2399 789 2455 hominibus
811 2443 827 2467 ,
869 2401 1100 2455 erudiens
1128 2417 1253 2464 nos;
1298 2399 1385 2455 hic
1421 2399 1591 2468 inquit
1613 2439 1628 2464 ,
1672 2397 1842 2467 Super
1880 2404 2053 2466 gent-es
2079 2409 2099 2448 .°

501 2489 622 2555 ille,
666 2489 838 2560 Super
871 2505 1044 2545 omnes
1073 2490 1344 2556 homines;
1385 2488 1471 2544 hic
1503 2487 1638 2543 dixit
1671 2503 1686 2542 :
1714 2487 1941 2541 Abolebit
1979 2485 2100 2538 deos

501 2597 690 2645 eorum,
722 2581 832 2647 illc,
863 2580 1116 2636 Erudiens
1144 2597 1257 2648 nos,
1285 2589 1339 2634 ut
1368 2581 1670 2652 abnegantes
1699 2578 2007 2648 impietatem
2035 2591 2096 2628 ac

492 2675 769 2729 saecularia
794 2675 1073 2740 desideria,
1115 2675 1279 2729 sobrie
1300 2682 1346 2727 et
1374 2675 1517 2745 juste
1541 2682 1587 2727 et
1608 2674 1690 2743 pie
1713 2672 1938 2726 vivamus
1966 2667 2094 2740 (Tit.

502 2767 554 2821 2.
606 2769 729 2838 il).
784 2768 985 2824 llursus
1033 2767 1280 2823 Christus
1325 2767 1673 2822 Samaritana!
1720 2765 1897 2820 dixit:
1939 2762 2100 2818 Crede

501 2861 662 2924 mihi,
705 2861 918 2926 mulier,
963 2861 1084 2931 quia
1122 2860 1254 2914 venit
1299 2860 1460 2926 hora,
1502 2858 1707 2927 quando
1733 2873 1823 2912 nec
1849 2858 1902 2911 in
1931 2866 2099 2910 monte

492 2951 632 3019 'Itoc,
672 2967 762 3005 nec
797 2951 1132 3023 Jerosolymis
1175 2949 1451 3004 adorabttis
1489 2949 1718 3006 Patrem.
1769 2948 1995 3019 Spiritus
2021 2957 2091 3000 est

500 3041 676 3107 Deus;
714 3051 762 3097 et
789 3043 878 3114 qui
896 3059 1012 3098 eum
1039 3042 1277 3107 adorant,
1306 3042 1361 3096 in
1390 3041 1573 3112 spiritu
1600 3049 1647 3093 et
1673 3040 1877 3093 veritate
1899 3047 2097 3108 oportet

482 3133 714 3188 adorare
739 3133 920 3206 (Joan.
948 3135 1002 3189 4.
1031 3131 1146 3204 21).
1201 3132 1324 3188 llaec
1350 3141 1528 3188 autem
1574 3131 1783 3187 diccbat
1802 3173 1817 3196 ,
1849 3127 2005 3184 simul
2035 3137 2091 3183 et

1265 353 1322 410 S.
1363 350 1642 408 JOANNIS
1680 343 2161 406 CllRYSOSTOMI
2205 343 2524 402 ARCHIEP.
2567 343 3090 401 CONSTANTINOP.
3669 349 3744 404 9m

2216 461 2587 515 necessitatem
2615 460 2809 514 tollens
2832 461 3148 516 observandi
3175 461 3278 515 loci
3299 502 3313 526 ,
3353 471 3408 514 ct
3427 463 3591 517 cultus
3613 468 3747 519 subli-

2215 553 2353 607 mius
2383 553 2655 622 magisque
2678 551 2954 620 spirituale
2978 567 3147 622 genus
3174 551 3448 608 inducens.
3483 553 3556 608 Ex
3584 555 3656 610 his

2214 654 2302 700 tur
2343 661 2556 700 rursum
2602 655 2811 714 poterat
2851 644 3250 711 demonstrari,
3301 655 3420 716 post
3463 646 3571 701 hate
3613 661 3748 718 Iteqite

2212 736 2505 801 sacriﬁcia,
2556 751 2731 806 neque
2767 736 3159 798 sacerdotium,
3213 751 3386 808 neque
3431 752 3600 808 regem
3637 741 3745 808 apud

2210 829 2425 884 Jndzros
2455 828 2684 882 futurum
2713 843 2852 882 esse.
2884 827 3014 882 Nam
3036 844 3129 896 per
3156 827 3300 882 urbis
3327 831 3640 884 eversionem
3663 832 3746 884 haec

2210 921 2389 976 omnia
2419 919 2750 990 potissimum
2779 918 2936 973 simul
2965 919 3182 988 probata
3210 929 3352 975 sunt.
3383 922 3611 976 Attamen
3635 932 3748 992 pote-

2211 1027 2392 1068 ramus
2415 1022 2470 1067 et
2509 1010 2798 1082 prophetas
2840 1011 3107 1081 allegare,
3151 1011 3241 1082 qui
3282 1011 3384 1069 hoc
3425 1029 3660 1083 expresse
3692 1017 3746 1069 Io-

2210 1117 2445 1179 qnuntnr
2478 1126 2490 1162 :
2519 1108 2613 1163 sed
2655 1107 2812 1164 video
2847 1124 2946 1164 vos
2974 1108 3230 1162 orationis
3258 1107 3578 1179 longitudine
3602 1107 3747 1177 fatiga-

2213 1211 2329 1265 tos,
2383 1215 2681 1272 vereorque
2730 1218 2797 1258 ne
2849 1203 3041 1256 frustra
3090 1210 3398 1271 temereque
3447 1201 3616 1255 videar
3655 1215 3746 1255 esse

2210 1293 2488 1349 molestus.
2521 1295 2854 1366 Quapropter
2878 1294 3144 1364 pollicitus
3167 1308 3255 1348 me
3282 1292 3399 1347 haec
3426 1292 3530 1345 alio
3553 1300 3744 1360 tempore

2209 1387 2574 1442 absoluturum
2603 1429 2618 1453 ,
2669 1387 2798 1442 illud
2836 1387 3046 1442 interim
3091 1387 3291 1457 rogabo
3318 1402 3414 1442 vos
3439 1429 3453 1451 ,
3502 1397 3557 1440 ut
3595 1387 3740 1439 fratres

2209 1489 2417 1536 vestros
2459 1481 2684 1535 servetis
2707 1524 2721 1546 ,
2760 1485 2830 1538 ab
2864 1497 3047 1536 errore
3087 1482 3350 1536 revocetis
3373 1521 3390 1546 ,
3431 1480 3495 1534 ad
3519 1480 3740 1533 veritates.

2209 1572 2496 1630 reducatis.
2549 1572 2686 1627 Nihil
2714 1575 2854 1627 enim
2904 1573 3161 1643 profuerit
3206 1573 3461 1639 audisse,
3509 1571 3599 1626 nisi
3642 1572 3737 1625 facta

2208 1665 2645 1719 demoustrentur
2672 1704 2686 1728 ,
2715 1679 2834 1734 qua:
2862 1679 2982 1718 cum
3013 1664 3170 1719 dictis
3198 1665 3550 1719 consentiant.
3581 1662 3736 1717 Etenim

2209 1772 2328 1827 qum
2353 1756 2492 1812 dicta
2520 1765 2640 1811 sunt
2668 1799 2682 1821 ,
2711 1771 2816 1810 non
2843 1766 3061 1827 propter
3082 1773 3174 1812 vos
3204 1756 3344 1812 dicta
3375 1765 3516 1820 sunt,
3542 1756 3623 1809 sed
3648 1769 3736 1824 pro-

2211 1861 2326 1920 pter
2347 1851 2467 1904 illos
2492 1850 2734 1904 inﬁrmos
2763 1867 2777 1905 :
2811 1859 2866 1905 ut
2913 1850 2986 1904 illi
3034 1859 3310 1920 postquam
3351 1851 3464 1904 lucc
3487 1865 3515 1902 a
3537 1849 3666 1902 vobis
3685 1847 3740 1899 di-

2207 1942 2470 2007 dicerint,
2515 1951 2570 1997 et
2613 1957 2644 1996 a
2690 1957 2848 2011 prava
2895 1941 3282 1996 consuetudine
3326 1941 3523 1996 fuerint
3553 1939 3736 1996 liberati.

2207 2037 2474 2091 sincerum
2528 2045 2582 2092 et
2631 2050 2944 2106 germanum
2995 2043 3251 2104 prmstent
3306 2033 3736 2093 Christianismum,

2208 2126 2514 2199 fugiantque
2536 2143 2725 2198 pravos
2744 2127 3047 2183 Judarorum
3068 2141 3388 2197 congressus
3403 2135 3453 2180 et
3477 2131 3735 2186 conventus,

2206 2224 2317 2276 sive
2341 2223 2429 2292 qui
2459 2221 2592 2275 ﬁunt
2617 2221 2669 2275 in
2691 2220 2904 2276 civitate
2927 2259 2943 2285 ,
2981 2220 3094 2274 sive
3121 2219 3214 2289 qui
3253 2219 3307 2272 in
3342 2216 3625 2278 suburhiis,
3650 2229 3736 2283 spe-

2206 2313 2387 2368 luncas
2414 2313 2678 2367 latronum
2699 2354 2713 2376 ,
2747 2311 3048 2366 daemonum
3080 2310 3402 2364 habitacula.
3452 2306 3656 2363 Proinde
3686 2319 3728 2358 ne

2205 2403 2465 2460 deseratis
2509 2405 2722 2459 illorum
2767 2403 2992 2458 salutem
3017 2443 3032 2468 ,
3061 2401 3154 2457 sed
3185 2401 3468 2472 diligenter
3493 2400 3648 2453 omnia
3681 2395 3732 2449 la-

2203 2496 2438 2562 cientes,
2489 2496 2620 2550 nihil
2666 2511 2772 2550 non
2820 2502 3125 2560 tentantes,
3177 2505 3413 2562 tegmtos
3449 2491 3658 2546 reducite
3686 2486 3731 2539 ad

2199 2587 2495 2656 Christum,
2527 2595 2586 2641 ut
2605 2595 2660 2641 et
2687 2586 2740 2641 in
2768 2585 2869 2640 hoc
2893 2585 3093 2641 saeculo
3116 2625 3130 2648 ,
3156 2593 3209 2637 et
3235 2583 3290 2637 in
3321 2583 3496 2638 futura
3519 2582 3609 2634 vita
3631 2579 3732 2633 reei-

2205 2680 2412 2752 piamus
2463 2678 2743 2751 prtemium
2797 2675 3091 2733 benefactis
3140 2675 3340 2730 nostris
3391 2675 3540 2743 longe
3583 2669 3730 2738 majus.

2202 2775 2370 2846 gratia
2396 2783 2450 2829 et
2495 2773 2736 2830 bonitate
2771 2770 2980 2826 Domini
3027 2769 3198 2825 nostri
3227 2768 3356 2824 Iesu
3400 2765 3614 2829 Christi,
3648 2761 3735 2832 qui-

2202 2881 2321 2920 cum
2351 2874 2406 2921 et
2437 2881 2532 2935 per
2573 2879 2732 2935 quem
2769 2863 2911 2917 Patri
2941 2862 3110 2932 gloria
3139 2875 3241 2915 una
3272 2874 3399 2916 cum
3432 2851 3734 2914 sanctoetti-

2203 2956 2359 3011 viﬁco
2382 2955 2582 3026 Spiritu
2601 2997 2617 3022 ,
2654 2969 2794 3010 nunc
2815 2962 2870 3008 et
2896 2967 3139 3023 semper,
3164 2961 3218 3008 et
3242 2951 3296 3006 in
3333 2949 3525 3006 szecula
3551 2943 3730 3002 seculo-

2202 3063 2320 3101 rum
2343 3089 2357 3112 ,
2387 3047 2577 3101 Amen.

500 3244 3727 3278 ________________________________________________._.__

508 3359 630 3404 εωι
674 3359 1007 3404 ευιηζιιιοιιι
1054 3362 1162 3404 DIE
1207 3359 1545 3403 PROLIXIUS
1589 3357 2031 3402 DISSEBUISSET
2065 3352 2385 3399 ADVERSUS
2409 3349 2686 3406 JUDEOS,
2716 3349 2926 3402 ATQUE
2956 3347 3106 3393 HINC
3151 3345 3556 3389 BAUCEDINEM
3597 3337 3728 3383 νοοις

1425 3458 1922 3512 CONTRAXISSET,
1971 3454 2137 3499 HANC
2180 3452 2551 3496 ΟΚΔΤΙΟΝΕΜ
2597 3451 2860 3494 HABUIT.

1971 3591 2320 3600 ..ο-Ψ

1058 3687 1264 3727 ORATIO
1301 3689 1399 3728 εεκ
1410 3690 1497 3729 ΤΑ.

578 3764 632 3818 ἰ.
668 3762 864 3818 Bestia:
885 3763 1063 3818 donec
1097 3764 1148 3819 in
1185 3765 1351 3836 sylvis
1377 3774 1618 3835 pascunt,
1650 3765 1874 3820 necdum
1904 3779 2092 3834 pugna:

504 3854 760 3909 adversus
787 3854 1031 3910 homines
1073 3855 1414 3919 adhibentur,
1454 3856 1695 3911 mitiores
1733 3865 1860 3910 sunt
1894 3857 2102 3910 minus-

505 3961 608 4015 que
631 3960 825 4011 szevae;
854 3962 1038 4002 verum
1063 3948 1157 4004 ubi
1185 3957 1471 4003 venatores
1516 3963 1610 4002 eas
1638 3956 1820 4016 captas
1849 3949 1902 4001 in
1929 3947 2098 4002 urbes

506 4035 842 4104 adduxerim,
865 4047 1024 4107 atque
1053 4039 1285 4093 inclusas
1321 4038 1736 4101 cxstimularint,
1773 4047 1829 4092 ut
1861 4048 2099 4108 pugnent

508 4143 626 4182 cum
657 4127 720 4181 iis
758 4128 848 4197 qui
879 4126 1065 4183 bestiis
1110 4128 1454 4199 objiciuntur,
1483 4137 1672 4199 postea
1715 4129 1979 4183 irruentes
2009 4129 2098 4183 ubi

503 4231 722 4274 carnem
749 4218 1184 4288 degustaverunt,
1213 4229 1268 4274 et
1294 4220 1607 4290 sanguinem
1639 4219 1929 4274 humanum
1948 4218 2102 4275 bibe-

507 4317 649 4375 runt,
681 4326 787 4364 non
814 4311 970 4367 facile
995 4311 1265 4367 abstinent
1305 4327 1333 4366 a
1367 4312 1560 4368 talibus
1588 4311 1784 4381 epulis,
1814 4311 1908 4367 sed
1935 4311 2099 4367 multa

505 4417 628 4456 cum
657 4402 911 4460 aviditate
949 4404 1016 4458 ad
1057 4406 1302 4461 eamdem
1348 4405 1641 4461 decurrunt
1680 4419 1944 4461 mensam.
1991 4405 2102 4460 Hoc

507 4505 638 4545 sane
669 4501 726 4548 et
760 4493 914 4549 nobis
947 4509 1043 4549 usu
1069 4497 1235 4553 venit.
1268 4496 1554 4566 Postquam
1585 4497 1728 4552 enim
1755 4511 1879 4551 cum
1902 4495 2100 4551 Judaeis

510 4598 747 4654 pugnam
772 4587 1128 4656 suscepimus,
1152 4598 1208 4645 et
1233 4588 1434 4658 impetu
1460 4590 1720 4644 adversus
1751 4588 1963 4643 illorum
1996 4588 2097 4643 im—

512 4676 772 4746 pudentes
808 4680 1259 4738 contradicﬁones
1284 4681 1446 4748 facto,
1475 4682 1710 4737 rationes
1735 4681 1947 4736 illorum
1975 4681 2100 4736 sub-

510 4768 788 4835 vertimus,
807 4785 1127 4842 omnemque
1150 4773 1519 4830 celsitudinem
1548 4773 1839 4843 erigentem
1862 4787 1982 4828 sese
2006 4772 2107 4828 ad—

512 4876 699 4916 versus
745 4863 1104 4934 cognitionem
1161 4866 1292 4929 Dei,
1347 4876 1402 4920 et
1455 4866 1809 4936 cogitationes
1866 4864 2102 4934 captivas

512 4954 760 5011 duximus
788 4956 854 5010 ad
884 4957 1174 5026 parendum
1202 4957 1418 5013 Christo
1450 4957 1526 5029 (2.
1559 4956 1676 5013 Cor.
1708 4957 1795 5012 10.
1820 4957 1900 5024 5),
1933 4956 2103 5026 major

510 5045 673 5101 etiam
701 5061 800 5102 nos
821 5047 965 5117 cepit
992 5048 1250 5104 adversus
1277 5048 1397 5103 illos
1423 5047 1654 5104 bellandi
1680 5047 1966 5118 cupiditas.
1994 5047 2100 5102 Sed

509 5137 635 5207 quid
666 5138 894 5194 faciam“!
923 5139 1124 5197 Videtis
1167 5140 1296 5196 mihi
1331 5156 1518 5196 vocem
1550 5141 1742 5196 factam
1787 5137 2100 5193 imbecillio-

513 5243 648 5295 rem,
669 5243 787 5298 quze
814 5238 974 5284 tantm
1012 5234 1276 5286 sermonis
1305 5247 1514 5286 rursum
1544 5229 1830 5301 prolixitati
1861 5244 1957 5298 par
1981 5242 2102 5284 esse

512 5337 617 5376 non
649 5322 835 5392 possit,
863 5324 1108 5394 idemque
1137 5325 1266 5391 mihi
1291 5340 1432 5380 nunc
1455 5322 1720 5389 accidere,
1745 5323 1896 5392 quasi
1916 5323 1959 5377 si
1982 5321 2102 5392 quis

515 5413 669 5468 miles
699 5413 929 5468 concisis
955 5415 1154 5485 aliquot
1194 5432 1260 5470 ex
1302 5415 1567 5482 hostibus,
1599 5429 1899 5484 magnoque
1923 5414 2102 5469 animo

515 5500 867 5573 impressione
914 5505 1050 5560 facta
1102 5507 1154 5561 in
1200 5505 1430 5562 hostium
1475 5507 1855 5562 condcnsatam
1908 5506 2098 5571 aciem,

517 5596 753 5662 pluribus
794 5602 1093 5669 prostratis,
1142 5617 1264 5656 mox
1308 5600 1478 5656 fracto
1507 5601 1684 5671 gladio
1729 5610 2102 5656 consternatus

517 5687 584 5742 ad
607 5703 733 5743 suos
761 5704 880 5748 sese
909 5691 1129 5748 referat.
1153 5693 1290 5760 Quin
1321 5693 1514 5761 potius,
1543 5691 1684 5763 quod
1711 5691 1863 5746 nobis
1884 5690 2099 5758 accidit,

515 5777 735 5846 gravius
777 5789 878 5835 cst.
919 5780 1050 5836 Nam
1087 5783 1242 5837 militi
1267 5782 1356 5852 qui
1400 5781 1556 5854 fregit
1591 5779 1844 5854 gladium,
1876 5782 1997 5837 licet
2037 5781 2102 5836 ab

2202 3674 2307 3729 alio
2355 3672 2605 3743 quopiam
2645 3669 2968 3725 adstantium
3011 3684 3201 3724 ensem
3249 3667 3480 3736 eripere,
3521 3671 3727 3728 suumque

2203 3764 2437 3819 animum
2458 3777 2700 3826 exerere,
2727 3761 3052 3831 multamque
3072 3758 3445 3814 strenuitatem
3470 3751 3725 3812 ostendere:

2201 3865 2258 3910 at
2289 3855 2339 3911 si
2367 3869 2469 3910 vox
2496 3855 2720 3920 laboret,
2753 3869 2858 3907 non
2891 3853 3017 3907 licet
3042 3852 3110 3906 ab
3133 3850 3239 3906 alio
3265 3864 3454 3906 vocem
3481 3854 3638 3902 mutuo
3661 3855 3727 3894 su-

2203 3962 2373 4007 mere.
2398 3946 2536 4014 Quid
2566 3945 2764 4016 igitur?
2793 3944 3078 4015 Fugiemus
3101 3952 3156 3998 et
3181 3942 3316 3996 nos?
3342 3943 3409 3997 At
3434 3954 3532 3994 non
3553 3931 3725 4007 permit-

2207 4039 2270 4093 tit
2298 4039 2403 4094 boc
2419 4048 2613 4094 vestra:
2640 4037 2880 4092 caritatis
2919 4035 3161 4106 tyrannis
3199 4049 3263 4089 ac
3292 4033 3552 4089 violentia.
3573 4027 3725 4080 Vereor

2206 4140 2259 4186 et
2291 4129 2459 4203 patris
2487 4130 2832 4202 praesentiam
2875 4130 2916 4196 ⁸,
2965 4137 3021 4184 et
3046 4135 3278 4184 vestram
3329 4140 3513 4181 vereor
3531 4117 3725 4176 alacrita-

2207 4224 2601 4294 temzproinde
2639 4238 2706 4279 ea
2751 4237 2872 4293 quae
2923 4237 3081 4293 supra
3130 4221 3272 4277 vires
3319 4229 3442 4277 sunt
3484 4211 3722 4288 aggrediar.

2204 4317 2382 4371 omnia
2419 4316 2778 4383 committens,
2811 4321 2869 4370 et
2896 4314 3142 4384 precibus
3180 4311 3340 4383 hujus
3365 4322 3418 4367 et
3453 4303 3635 4365 caritati
3656 4314 3726 4351 ve-

2203 4414 2349 4461 strze.

2276 4488 2352 4544 Ne
2374 4504 2506 4543 vero
2542 4499 2776 4545 vestrum
2808 4486 3075 4561 quispiam
3111 4483 3467 4554 reprehendat
3488 4475 3722 4535 oratioem

2202 4580 2348 4637 velut
2376 4580 2832 4650 intempestivam,
2877 4580 2922 4636 si
2947 4593 3070 4635 cum
3099 4587 3360 4647 martyres
3389 4587 3481 4627 nos
3507 4566 3639 4623 hodie
3661 4573 3725 4611 vo-

2202 4682 2328 4729 cent
2351 4675 2396 4740 ',
2425 4687 2522 4727 nos
2575 4669 3001 4740 supersedentes
3058 4668 3270 4722 illorum
3304 4675 3560 4736 exponere
3591 4661 3723 4709 cem-

2205 4763 2369 4826 mina,
2417 4762 2674 4817 adversus
2717 4759 2934 4816 Judaeos
2985 4758 3038 4813 in
3080 4767 3352 4814 certamen
3395 4744 3720 4809 descendimus.

2203 4853 2336 4909 Nam
2358 4863 2418 4910 et
2441 4854 2571 4924 ipsis
2603 4852 2923 4921 martyribus
2949 4849 3036 4904 hic
3055 4863 3236 4904 sermo
3261 4858 3344 4902 est
3367 4838 3650 4913 exoptatior.
3669 4829 3723 4883 Ex

2209 4949 2406 5003 nostris
2427 4948 2569 5003 enim
2602 4944 2851 5000 laudibus
2875 4943 3004 4999 nihil
3029 4943 3134 4997 illis
3167 4938 3463 5010 splendoris
3487 4930 3722 4987 accrescat.

2204 5039 2342 5107 Quid
2376 5040 2518 5094 enim
2548 5046 2741 5109 egeant
2776 5037 2968 5109 linguis
2998 5036 3216 5100 nostris,
3245 5045 3464 5104 quorum
3490 5014 3724 5109 certamin-1

2207 5141 2464 5202 superant
2511 5139 2757 5186 naturam
2805 5130 3111 5191 humanam,
3152 5140 3375 5197 quorum
3418 5115 3610 5192 praemia
3649 5107 3723 5160 \‘illl

2208 5225 2405 5296 ingenii
2435 5225 2604 5280 nostri
2628 5223 2888 5279 vincunt?
2933 5222 3244 5278 Deriserunt
3282 5219 3414 5272 hanc
3437 5214 3598 5272 vitam,
3625 5215 3726 5255 ωυ-

2207 5317 2484 5373 culcarunt
2509 5315 2848 5372 carniﬁcinas
2868 5329 2932 5370 ac
2956 5321 3240 5378 tormenta,
3259 5306 3588 5376 despexerunt
3613 5302 3723 5348 mor-

2211 5418 2338 5472 tem,
2377 5410 2443 5463 ad
2471 5408 2659 5464 caelum
2697 5408 2997 5474 evolarunt,
3022 5405 3191 5476 erepti
3227 5411 3349 5459 sunt
3373 5416 3403 5456 e
3426 5392 3637 5453 ﬂuctibus
3658 5395 3719 5435 το·

2209 5515 2326 5553 ΙΊΙΙῙΙ
2357 5499 2730 5566 lmmanarum,
2756 5500 2806 5553 in
2831 5497 3174 5568 tranquillum
3191 5492 3522 5563 enavigarunt
3539 5484 3718 5568 portmn,

2213 5608 2316 5646 non
2363 5576 2564 5647 aurum
2599 5602 2970 5662 argentumve,
3030 5600 3122 5646 aut
3156 5597 3331 5646 vestes
3369 5577 3614 5655 pretiosas,
3649 5559 3716 5618 51‘"

2276 5727 2292 5757 ι
2329 5723 2573 5774 Flavianus
2591 5737 2808 5787 presens
2832 5733 2956 5774 erat.

2272 5788 2292 5817 ¹
2325 5792 2514 5837 Festum
2539 5793 2646 5836 erat
2668 5793 2934 5850 Martyrum.
