3920 6368
181 445 278 502 905

176 571 442 622 thesauros
461 575 594 632 quos
624 575 782 615 nemo
816 567 988 627 potest
1015 556 1223 626 eripere
1252 556 1620 624 importantes,
1657 567 1739 606 to-

182 653 464 717 let-antiam,
507 651 874 706 fortitudinem
915 658 970 703 et
995 649 1292 702 caritatem.
1325 646 1481 701 Nune
1516 647 1566 700 in
1594 645 1743 700 Pauli

176 749 382 803 chorum
412 751 784 814 pervenerunt,
807 751 930 796 ante
949 755 1176 794 coronas
1197 753 1320 792 snas
1341 736 1744 806 exspectatione

176 851 479 894 coronarmn
523 833 748 898 alacres,
799 847 866 887 eo
903 831 1047 902 quod
1081 833 1191 898 jam
1221 828 1292 884 de
1333 829 1508 882 futuro
1556 827 1743 879 incertt

177 945 287 985 esse
324 927 612 984 desierunt.
667 925 802 994 Quid
841 925 1002 994 igitur
1045 923 1160 978 istis
1205 936 1340 992 opus
1392 922 1462 975 sit
1505 921 1746 974 oratione

178 1021 380 1076 nostra?
410 1020 519 1074 Hoc
543 1020 702 1088 igitur
725 1027 1096 1088 argumentum
1143 1017 1249 1071 illis
1272 1015 1494 1086 gratius.
1540 1013 1620 1067 Ex
1649 1028 1747 1065 no-

179 1114 296 1167 stris
324 1111 464 1166 enim
505 1109 772 1175 laudibus,
801 1107 1251 1178 quemadmodum
1295 1115 1449 1161 antea
1479 1104 1743 1164 dicebam,

181 1204 298 1258 nihil
328 1203 537 1257 illorum
564 1202 747 1272 gloria:
787 1201 1095 1257 accesserit.
1135 1199 1404 1255 Caeterum
1442 1213 1508 1252 ex
1553 1195 1748 1250 nostris

179 1297 420 1351 adversus
461 1293 673 1348 Jndaeos
712 1293 1195 1350 conﬂictationibus
1243 1291 1469 1346 multum
1514 1289 1618 1343 illis
1655 1287 1751 1342 ad-

179 1385 412 1454 jungetur
430 1385 627 1454 gaudii,
659 1395 712 1440 et
743 1385 971 1440 libenter
991 1383 1338 1440 auscultaturi
1367 1390 1492 1436 sunt
1520 1379 1751 1434 maxime

183 1489 443 1530 sermones
481 1492 598 1543 eos,
643 1477 732 1548 qui
764 1493 860 1547 pro
893 1477 1060 1547 gloria
1106 1476 1197 1530 Dei
1241 1475 1509 1530 dicuntur.
1537 1472 1751 1527 Judteos

184 1565 312 1618 enim
346 1567 608 1635 imprimis
650 1567 879 1623 oderunt
907 1575 1187 1638 martyres,
1226 1564 1655 1637 quandoquidem
1685 1564 1753 1619 ab

187 1658 606 1715 illiscruciiixum
643 1663 874 1716 maxime
901 1661 1160 1732 diligunt.
1183 1660 1315 1715 Nam
1349 1660 1435 1715 isti
1466 1658 1750 1714 dicebant:

187 1751 394 1820 Sanguis
414 1753 524 1823 ejus
535 1769 690 1822 super
701 1770 811 1819 nos,
826 1764 873 1807 et
891 1771 1044 1822 super
1056 1754 1191 1822 ﬁlios
1208 1763 1408 1807 nostros
1432 1750 1642 1823 (Matth.
1659 1750 1752 1804 27.

185 1842 304 1912 25):
334 1844 408 1898 illi
451 1859 584 1899 vero
617 1846 927 1916 sanguinem
972 1846 1255 1916 proprium
1297 1844 1598 1900 cll'udcrunt
1639 1842 1757 1912 ejus

187 1949 376 2002 arnore,
401 1951 562 2006 quem
594 1937 671 1991 illi
691 1937 1017 1993 occiderant.
1062 1937 1170 1993 llos
1195 1938 1356 2008 igitur
1381 1952 1658 1993 sermones
1689 1935 1756 1989 li-

190 2025 362 2082 benter
390 2029 627 2084 audient.
759 2040 762 2043 '

252 2118 304 2171 2.
340 2119 490 2186 Quod
533 2121 711 2191 igitur,
744 2122 790 2176 si
835 2122 951 2176 hare
979 2122 1285 2177 Judaeorum
1331 2123 1563 2178 servitus
1600 2121 1757 2175 linem

192 2224 320 2266 esSet
364 2213 627 2283 habitura,
679 2216 779 2271 hoc
808 2233 1020 2287 quoqtte
1063 2217 1362 2285 prmdicturi
1405 2216 1601 2272 fuerint
1643 2231 1762 2282 pro-

193 2305 370 2374 phetat,
415 2317 468 2362 et
512 2323 848 2378 nequaquam
889 2311 1102 2364 silentio
1132 2311 1470 2379 prmterituri,
1512 2309 1643 2364 satis
1664 2309 1761 2363 dc-

193 2395 492 2452 claravimus
517 2415 538 2453 :
563 2415 683 2454 cum
711 2416 899 2454 omnes
921 2403 1254 2470 captivitates
1279 2417 1307 2455 a
1337 2401 1607 2471 prophetis
1639 2416 1765 2470 prte-

195 2486 348 2542 dictas
377 2488 539 2544 fuisse
565 2491 934 2558 ostendimus;
969 2495 1194 2561 primum
1228 2492 1370 2546 illam
1414 2492 1466 2546 in
1507 2491 1760 2562 Egypto,

197 2580 374 2636 deinde
397 2583 448 2636 in
481 2583 776 2654 Babylone,
802 2585 1010 2639 tertiam
1039 2587 1141 2640 sub
1171 2584 1435 2640 Antiocho
1465 2584 1762 2654 Epiphane.

201 2670 674 2728 Demonstravimus
702 2677 844 2730 enim
875 2676 1060 2730 barum
1092 2677 1375 2746 unicuique
1416 2688 1468 2730 et
1496 2675 1670 2730 locum
1715 2683 1770 2728 et

201 2772 390 2832 tempus
417 2763 586 2820 fuisse
616 2767 926 2836 praedictum
967 2768 1019 2822 in
1060 2769 1226 2824 sacris
1267 2767 1456 2821 literis.
1488 2767 1621 2821 lluie
1643 2782 1770 2820 vero

203 2856 432 2921 pratsenti
480 2857 662 2910 nullus
704 2858 961 2928 propheta
1006 2859 1284 2928 pradinivit
1313 2869 1540 2930 tempus.
1575 2857 1770 2912 Verum

201 2947 328 3012 quod
362 2957 507 3002 esset
544 2958 786 3014 ventura,
831 2951 1114 3020 omniaque
1142 2950 1468 3014 desolatura,
1513 2950 1769 3004 ditionem

205 3038 402 3109 insuper
423 3051 477 3095 et
501 3041 813 3112 religionem
845 3043 1180 3110 translatura,
1207 3053 1509 3113 quantoque
1532 3051 1772 3112 tempore

205 3141 311 3196 post
337 3131 566 3188 reditum
594 3148 625 3188 e
654 3134 924 3206 Babylone
946 3143 1187 3202 ventura,
1220 3135 1465 3204 praedixit
1497 3136 1698 3191 Daniel.

272 3220 525 3278 Postrema
561 3223 860 3280 Judaaorum
900 3229 1161 3299 captivitas
1189 3245 1465 3298 numquam
1493 3229 1645 3298 linem
1675 3228 1774 3281 Ita-

208 3316 356 3370 bitura
375 3327 465 3372 est.
488 3348 564 3360 —-
581 3317 846 3374 Caeterum
873 3321 1012 3391 quod
1033 3321 1102 3376 sit
1133 3321 1373 3375 habitura
1398 3321 1576 3383 linem,
1601 3321 1774 3391 quod-

209 3423 298 3475 que
312 3410 598 3480 aliquando
625 3412 858 3466 sistenda
881 3413 988 3466 sint
1014 3414 1114 3467 ista
1137 3414 1292 3476 mala,
1327 3429 1425 3467 nec
1458 3414 1545 3467 ille
1575 3412 1776 3482 patefe-

211 3499 291 3566 cit,
317 3517 407 3556 nec
426 3503 708 3572 quiSqnam
739 3503 962 3558 aliorum
993 3505 1390 3574 prophetarum.
1429 3503 1564 3572 Quin
1593 3515 1778 3558 eontra

211 3592 456 3657 prtedixit,
487 3593 633 3663 quod
675 3593 740 3648 ad
785 3595 944 3650 tinem
983 3611 1148 3665 usque
1191 3595 1442 3650 duratura
1484 3609 1626 3651 esset
1667 3597 1780 3650 ha-c

207 3683 442 3738 servitus.
474 3685 776 3739 Attestatur
806 3686 890 3740 his
917 3702 1036 3756 quae
1067 3687 1316 3752 diximus,
1348 3698 1400 3742 et
1445 3689 1616 3757 ipsum
1649 3699 1784 3742 tem-

211 3785 318 3838 pus,
342 3776 479 3844 quod
505 3776 617 3846 jam
659 3785 863 3831 tantum
891 3788 1166 3847 peractum
1199 3789 1298 3844 est,
1350 3796 1446 3834 nec
1495 3781 1658 3834 ullum
1692 3797 1782 3835 ve-

209 3864 429 3932 stigium,
459 3883 563 3922 nec
593 3869 803 3923 initium
829 3871 893 3925 ad
927 3871 1068 3928 hunc
1089 3889 1255 3943 usque
1282 3874 1422 3929 diem
1453 3875 1607 3930 bonae
1629 3892 1781 3929 eom-

213 3960 506 4014 mutationis
555 3963 810 4029 ostendit,
853 3964 1010 4034 idque
1059 3981 1180 4020 cum
1217 3968 1409 4022 crebro
1448 3968 1558 4038 jam
1607 3969 1782 4024 conati

213 4047 309 4102 sint
351 4051 650 4108 instaurare
692 4057 968 4124 templum.
1005 4056 1134 4111 Nam
1181 4059 1344 4113 semel
1387 4068 1442 4113 ct
1487 4061 1677 4114 iterum
1723 4075 1786 4114 ac

215 4143 379 4206 tertio,
429 4146 531 4199 sub
559 4145 846 4213 Hadriano,
879 4149 978 4203 sub
1011 4148 1380 4217 Constantino,
1425 4151 1524 4206 sub
1551 4151 1783 4217 Juliano,

213 4243 419 4288 Conatus
446 4236 658 4291 illorum
685 4239 949 4294 cohibitus
970 4250 1052 4296 est
1082 4258 1096 4296 :
1128 4242 1354 4312 primmn
1383 4243 1594 4312 quidem
1618 4259 1647 4298 a
1681 4245 1784 4298 mi-

219 4320 404 4393 litibus,
437 4344 624 4384 rursus
666 4330 735 4386 ab
770 4331 890 4401 igne
928 4347 958 4386 e
991 4332 1344 4388 fundamentis
1370 4345 1702 4404 erumpente,
1734 4347 1788 4390 et

217 4415 409 4472 illorum
439 4421 792 4493 importunam
815 4425 1161 4492 pervicaciam
1189 4436 1490 4482 coercente.
1513 4427 1630 4483 Jam
1661 4443 1788 4483 vero

218 4508 390 4567 lubens
410 4515 526 4569 illos
551 4517 844 4586 rogaverim
873 4533 1008 4574 :cur
1035 4529 1234 4574 tantum
1267 4523 1520 4590 temporis
1549 4523 1600 4576 in
1623 4522 1790 4594 Egy-

218 4612 299 4668 pto
324 4613 511 4662 versati
554 4611 829 4680 recepistis
864 4613 1108 4682 patriam,
1151 4630 1212 4668 ac
1257 4631 1443 4670 rursus
1479 4617 1690 4672 abducti
1735 4619 1786 4673 in

219 4692 528 4767 Babylonem
561 4701 794 4757 rediistis
819 4703 1206 4776 Jerosoiymam
1241 4725 1252 4759 :
1285 4708 1444 4761 tertio
1471 4708 1569 4762 sub
1598 4710 1783 4762 Antio-

217 4783 313 4840 cho
335 4798 437 4843 tam
467 4793 630 4845 multa
660 4795 801 4862 passi
830 4796 987 4862 mala,
1016 4797 1079 4849 ad
1113 4799 1391 4866 pristinum
1420 4801 1620 4854 reversi
1661 4803 1790 4856 estis

221 4883 426 4946 statum,
449 4884 726 4948 sacrificia,
759 4886 943 4947 altare.
973 4898 1151 4942 sancta
1195 4898 1496 4943 sanctorum
1534 4901 1587 4945 et
1614 4892 1789 4945 omnia

221 4983 334 5022 cum
361 4972 579 5039 pristina
621 4977 894 5045 recepistis
929 4979 1183 5047 dignitate
1213 4999 1225 5033 :
1259 4996 1398 5036 nunc
1437 4992 1614 5038 autem
1663 4984 1791 5038 nihil

223 5059 386 5116 simile
413 5063 607 5120 factum
636 5069 751 5122 est?
779 5069 971 5124 Verum
1000 5086 1119 5125 cum
1157 5082 1369 5129 centum
1395 5077 1542 5141 anni,
1576 5076 1681 5130 imo
1709 5076 1794 5132 bis

222 5160 446 5220 centum,
485 5156 592 5211 imo
633 5167 734 5225 ter,
778 5159 886 5213 imo
913 5169 1102 5230 quater
1132 5171 1335 5218 tantum
1382 5167 1653 5239 multoque
1681 5184 1794 5222 am-

227 5242 352 5307 plius
387 5262 646 5309 annorum
677 5252 993 5320 praeterierit
1017 5269 1030 5304 :
1057 5268 1174 5305 nam
1211 5253 1296 5309 hic
1335 5257 1793 5326 quingentesimus

225 5351 282 5389 cx
320 5353 383 5392 eo
439 5349 673 5412 tempore
713 5344 886 5412 agitur
924 5359 1094 5398 annus
1148 5347 1201 5409 ¹;
1251 5363 1316 5400 ne
1356 5349 1791 5416 significationem

224 5427 426 5493 quidem
447 5432 607 5487 ullam
627 5434 740 5503 ejus
761 5435 1067 5490 mutationis
1097 5435 1336 5491 videmus
1357 5438 1600 5494 alicunde
1628 5457 1792 5509 appa-

227 5530 362 5583 rere;
418 5523 512 5577 scd
553 5541 640 5582 res
691 5527 795 5581 illis
839 5528 1072 5584 funditus
1123 5530 1404 5599 collapsas,
1451 5548 1512 5585 ac
1565 5549 1662 5588 nec
1702 5552 1795 5602 per

226 5613 476 5699 somnium
499 5618 708 5685 quidem
732 5621 892 5675 ullam
913 5636 1061 5691 spem
1087 5623 1164 5677 eis
1193 5625 1418 5687 ostendi,
1450 5629 1795 5699 quemadmo-

228 5698 342 5755 dum
374 5708 534 5773 prius.
567 5711 776 5765 Etenim
820 5713 865 5766 si
905 5726 1120 5783 peccata
1165 5730 1262 5770 sua
1294 5698 1604 5787 objicerent,
1646 5720 1792 5775 dicc-

185 5875 197 5966 i
287 5879 300 5908 ¹
327 5883 488 5948 Longe
517 5889 592 5938 hic
611 5889 802 5939 aberrat
827 5902 940 5941 \‘cra
958 5891 1264 5954 chronologia
1288 5892 1660 5958 Cltrysostomus.

1398 440 1762 498 ADVERSUS
1797 438 2099 497 ιυῡειῐθδ.
2151 439 2230 494 τι.

3343 448 3443 500 9ίῆ

1855 565 2116 624 rcntque:
2151 555 2399 624 quottiam
2449 557 2782 624 peccavimus
2826 556 2968 622 Deo,
3017 557 3444 628 oﬂendimusque

1851 647 2018 712 illum,
2045 647 2164 702 ideo
2185 663 2289 701 non
2314 649 2602 717 recipimus
2635 663 2870 705 nostram
2898 652 3184 726 regionem,
3210 663 3263 706 et
3290 653 3332 705 si
3355 654 3442 721 qui

1853 739 2018 807 prius,
2042 754 2162 793 cum
2187 755 2216 793 a
2239 740 2512 810 prophetis
2532 752 2928 807 accusarentur,
2962 743 3298 813 impudenter
3318 760 3443 815 age-

1851 829 2007 891 bant,
2032 837 2192 900 atque
2231 831 2334 886 illis
2375 833 2630 887 atrociter
2657 835 3102 903 exprobrantibus
3130 835 3438 903 homicidia,

1852 921 2156 991 negabant,
2200 923 2359 978 iidem
2413 939 2556 978 nunc
2589 911 2972 981 confiterentur
3026 927 3447 998 damnarentqne

1854 1015 2070 1084 propria
2096 1025 2309 1084 peccata
2342 1035 2355 1071 :
2384 1017 2572 1073 lubens
2597 1019 2886 1088 deintcgro
2921 1036 3352 1091 unumquemque
3385 1021 3444 1074 il-

1853 1104 2025 1159 lorum
2071 1105 2536 1177 interrogaverim,
2585 1125 2726 1164 nunc
2766 1121 2982 1180 propter
3008 1124 3220 1180 peccata
3261 1123 3370 1177 tua,
3416 1132 3448 1163 o

1853 1197 2059 1266 Judzee,
2101 1209 2252 1254 extra
2295 1201 2684 1273 Jerosolymam
2717 1204 2830 1273 agis
2875 1213 3020 1259 tanto
3061 1205 3339 1274 tempore?
3386 1206 3449 1259 Et

1855 1289 1983 1358 quid
2020 1291 2154 1345 istuc
2196 1307 2393 1346 novum
2429 1303 2513 1348 est
2551 1305 2642 1348 aut
2678 1295 2906 1349 mirum?
2947 1295 3084 1350 Num
3128 1297 3268 1350 enim
3309 1311 3452 1350 mmc

1857 1389 2058 1436 tantum
2101 1383 2152 1436 in
2180 1385 2410 1452 peccatis
2437 1385 2634 1452 vivitis,
2685 1387 2829 1456 prius
2866 1388 2917 1441 in
2944 1389 3146 1456 justitia
3198 1396 3450 1457 recteque

1857 1472 2012 1530 factis
2058 1477 2203 1532 soliti
2252 1477 2470 1534 vivere?
2516 1479 2704 1534 Nonne
2743 1480 2854 1550 jam
2901 1482 3028 1536 olim
3086 1482 3154 1536 ab
3197 1483 3348 1536 initio
3397 1485 3449 1536 in

1857 1566 2336 1626 innumerabilibus
2366 1573 2598 1642 peccatis
2645 1575 3045 1629 versabamini?
3075 1577 3264 1629 Annon
3296 1577 3454 1629 innu-

1858 1674 2004 1714 mera
2040 1661 2381 1731 reprehendit
2429 1663 2481 1717 in
2528 1664 2678 1719 vobis
2726 1664 2974 1720 Ezechiel
3007 1667 3282 1736 prOpheta,
3327 1681 3449 1720 cum

1861 1752 2089 1808 inductis
2113 1754 2320 1809 duabus
2353 1757 2720 1812 meretricibus
2747 1758 2839 1813 Ola
2877 1768 2931 1813 et
2969 1757 3140 1824 Oliba,
3171 1760 3248 1814 sic
3277 1760 3453 1829 loqui-

1863 1853 1949 1898 tur
1978 1863 1991 1899 :
2027 1844 2272 1916 Lupanar
2309 1848 2602 1915 cedi/icastis
2631 1850 2682 1902 in
2709 1848 2959 1920 lEgypto,
3006 1859 3054 1903 et
3099 1850 3355 1904 insanistis
3399 1851 3450 1901 in

1861 1937 2122 2004 barbaros,
2170 1949 2216 1992 et
2261 1942 2452 1995 alienos
2493 1941 2612 1996 deos
2650 1941 2875 1996 roluistis
2902 1943 3116 2012 (Ezech.
3145 1943 3238 2012 2‘5)
3262 1943 3286 1996 ?
3314 1943 3449 2008 Quid

1864 2034 2055 2102 por-ro?
2086 2032 2218 2088 Cum
2261 2049 2407 2089 mare
2433 2034 2740 2103 (inderetur,
2780 2052 2902 2090 cum
2931 2045 3094 2108 petra:
3138 2051 3451 2105 rumperen-

1865 2131 1973 2190 tur,
2001 2139 2121 2178 cum
2151 2133 2228 2179 tot
2268 2125 2522 2180 miracula
2552 2126 2741 2182 ﬁerent
2767 2127 2817 2181 i'n
2849 2127 3084 2192 deserto,
3114 2142 3292 2181 nonne
3318 2126 3457 2179 vitu-

1868 2215 1976 2270 lum
2021 2216 2327 2272 adorastis?
2351 2217 2541 2273 Nonne
2571 2218 2771 2273 Mosem
2808 2235 2948 2274 nunc
2980 2219 3243 2289 lapidibus
3283 2219 3452 2288 impe-

1870 2317 2062 2375 tentes,
2116 2324 2258 2364 nunc
2307 2311 2662 2380 expellentes;
2709 2327 2850 2366 nunc
2904 2312 3084 2364 multis
3131 2311 3304 2364 modis
3349 2310 3456 2363 ire-

1867 2409 2093 2470 quenter
2130 2403 2307 2456 conati
2345 2402 2475 2457 estis
2503 2402 2786 2457 occidere?
2816 2403 3004 2457 Nonne
3033 2403 3457 2473 perseverabatis

1868 2492 2226 2564 blaspltemias
2258 2494 2515 2562 jacientes
2565 2493 2613 2547 in
2660 2495 2862 2547 Deum?
2898 2493 3082 2548 Nonne
3126 2494 3461 2564 Beelphegor

1872 2583 2062 2638 initiati
2103 2585 2268 2640 estis?
2296 2584 2482 2640 Nonne
2514 2585 2648 2640 iiiios
2676 2594 2886 2640 vestros
2912 2601 2975 2640 ac
3021 2586 3154 2640 tilias
3190 2586 3458 2640 sacrifica—

1873 2674 1971 2728 stis
2005 2674 2305 2742 daemoniis,
2349 2685 2404 2731 et
2431 2691 2591 2732 omne
2635 2677 2922 2746 impietatis
2953 2677 3262 2747 peccatique
3291 2692 3458 2746 genus

1873 2765 2188 2822 exhibuistis
2211 2769 2236 2820 ?
2259 2766 2446 2823 Nonne
2480 2766 2736 2839 propinata
2777 2767 2929 2822 vobis
2969 2767 3067 2821 sub
3094 2782 3323 2837 persona
3369 2767 3458 2821 Dei

1845 2914 1852 2918 .
1879 2858 2115 2928 loquitur
2142 2878 2154 2914 :
2185 2861 2538 2933 Quadraginta
2578 2878 2737 2915 annos
2783 2861 3008 2930 infensus
3038 2861 3114 2930 fui
3158 2859 3465 2931 generutioni

1878 2951 2016 3015 huic,
2045 2960 2090 3003 et
2113 2951 2242 3018 dixi,
2283 2968 2479 3020 semper
2513 2962 2682 3006 errant
2709 2953 2860 3006 corde
2891 2950 3064 3021 (Psal.
3093 2952 3181 3007 94.
3217 2951 3341 3020 10)?
3363 2951 3462 3018 Qui

1881 3042 1992 3096 ﬁeri
2027 3043 2216 3111 potuit,
2259 3052 2316 3097 ut
2359 3052 2468 3098 tum
2493 3060 2590 3098 vos
2633 3059 2737 3098 non
2782 3052 3120 3099 aversaretur
3163 3044 3324 3107 Deus,
3371 3044 3466 3097 sed

1881 3143 1999 3202 post
2042 3136 2415 3189 mactationem
2471 3135 2722 3201 ﬁliorum,
2771 3144 2894 3206 post
2940 3135 3200 3189 idolorum
3242 3135 3464 3196 cultum,

1882 3233 2000 3293 post
2043 3234 2241 3279 tantam
2289 3225 2702 3296 improbitatem,
2734 3237 2854 3296 post
2884 3225 3203 3280 ineﬂ‘abilem
3246 3225 3465 3296 ingrati-

1883 3317 2140 3382 tudinem,
2163 3318 2324 3372 etiam
2357 3318 2666 3387 prophetam
2695 3318 2832 3388 apud
2861 3334 2954 3373 vos
2979 3333 3102 3373 esse
3139 3333 3326 3388 passus
3364 3328 3467 3380 est,

1883 3425 2131 3479 magnum
2181 3410 2324 3462 illum
2375 3410 2595 3470 Most-tn,
2639 3411 2894 3479 signaque
2937 3409 3103 3463 edidit
3139 3407 3375 3463 miranda
3418 3419 3472 3462 et

1885 3501 2183 3570 prodigiosa
2212 3519 2225 3554 :
2257 3516 2479 3572 quaeque
2513 3501 2612 3556 sub
2632 3502 2736 3555 alio
2773 3501 3072 3555 mortalium
3100 3501 3310 3554 nemine
3336 3501 3470 3554 facta

1884 3601 2030 3659 sunt,
2079 3593 2193 3647 haec
2236 3594 2375 3648 inter
2416 3609 2510 3647 vos
2552 3595 2910 3663 contigerunt,
2946 3595 3135 3648 nebula
3178 3609 3338 3662 super
3379 3607 3474 3646 vos

1886 3687 2010 3740 tecti
2033 3687 2147 3741 vice
2174 3700 2437 3755 porrecta,
2463 3687 2708 3742 columna
2736 3687 2965 3740 lucerna:
3000 3687 3118 3740 loco
3145 3702 3235 3738 vos
3268 3699 3471 3754 pra’ce-

1886 3777 2062 3840 dente,
2096 3777 2336 3832 hostibus
2365 3778 2504 3831 ultro
2525 3776 2856 3842 cedentibus,
2885 3776 3185 3831 civitatibus
3210 3776 3321 3828 sola
3350 3791 3474 3843 pro-

1889 3868 2172 3938 pemodum
2213 3885 2347 3924 voce
2385 3869 2594 3939 captis?
2629 3868 2745 3922 Non
2791 3868 2956 3922 armis
2982 3868 3131 3922 vobis
3166 3883 3302 3936 Opus
3339 3875 3476 3930 erat,

1890 3978 1994 4016 non
2021 3963 2156 4028 acie,
2188 3979 2292 4017 non
2327 3978 2534 4033 pugna;
2563 3963 2688 4032 quin
2721 3962 2890 4016 solum
2915 3960 3223 4014 insonuistis
3252 3961 3395 4018 tuba.
3424 3969 3480 4012 et

1889 4055 2030 4109 ultro
2069 4056 2264 4108 muenia
2291 4063 2627 4108 corruerunt.
2663 4053 3044 4122 Suppeditatns
3077 4061 3160 4105 est
3189 4051 3340 4105 vobis
3383 4066 3477 4102 no-

1891 4160 1988 4199 vus
2027 4146 2241 4214 quidam
2283 4152 2338 4198 et
2366 4144 2630 4197 inauditus
2672 4151 3022 4206 commeatus,
3061 4140 3128 4195 de
3155 4157 3260 4210 qtto
3286 4141 3482 4194 clamat

1891 4235 2147 4306 preplteta
2173 4234 2356 4288 dicens
2380 4251 2393 4287 :
2422 4233 2617 4286 Panem
2643 4231 2753 4285 caeli
2783 4231 2919 4283 dedit
2947 4232 3037 4295 eis,
3067 4245 3247 4297 panem
3274 4228 3478 4298 angelo-

1891 4343 2003 4378 rum
2051 4325 2265 4377 comedit
2309 4322 2714 4378 Itomo:cibaria
2765 4322 2898 4375 misit
2953 4321 3022 4374 eis
3068 4320 3121 4373 in
3169 4318 3479 4372 abundantia

1894 4416 2063 4488 (Psat.
2099 4417 2186 4470 77.
2225 4415 2342 4484 25).
2372 4415 2576 4483 Quibus
2612 4414 2772 4485 igitur
2797 4414 2864 4468 dc
2903 4415 3098 4478 causis,
3139 4413 3299 4468 dicite
3325 4412 3476 4471 mihi.

1895 4520 2020 4564 tunc
2047 4516 2394 4577 aspernantes
2435 4508 2620 4569 Deum,
2661 4506 2943 4561 simulacra
2987 4506 3244 4572 colentes,
3284 4503 3481 4558 liberos

1895 4608 2208 4666 maetantes,
2241 4599 2526 4669 pr0phetas
2549 4597 2807 4671 lapidibus
2845 4597 3155 4663 obruentes,
3203 4597 3479 4652 innumera

1895 4695 2097 4750 scelera
2117 4702 2504 4764 perpetrantes,
2529 4700 2727 4746 tantam
2757 4689 3178 4746 benevolentiam
3199 4687 3328 4743 estis
3350 4701 3480 4740 con-

1896 4786 2129 4858 sequuti,
2187 4792 2388 4839 tantam
2435 4800 2466 4838 a
2516 4784 2626 4838 Deo
2671 4783 3056 4853 providentiam
3096 4799 3110 4835 :
3146 4794 3288 4834 nunc
3333 4794 3481 4838 vero,

1896 4895 2018 4935 cum
2047 4895 2146 4934 nec
2172 4879 2308 4933 idola
2337 4877 2548 4942 colatis,
2578 4892 2677 4932 nec
2701 4877 2898 4931 liberos
2923 4873 3194 4938 occidatis,
3229 4887 3328 4928 nec
3359 4888 3482 4941 pro-

1897 4972 2374 5043 phetaslapidetis,
2408 4971 2459 5026 in
2483 4979 2741 5042 perpetua
2769 4969 2958 5040 degitis
2984 4966 3326 5037 captivitate?
3351 4965 3482 5018 Num

1898 5068 2039 5123 enim
2083 5075 2192 5120 tum
2235 5066 2367 5120 alius
2410 5076 2523 5119 crat
2569 5065 2727 5129 Deus,
2769 5079 2928 5135 quam
2981 5076 3122 5117 nunc
3142 5060 3260 5115 est?
3291 5060 3483 5112 Annon

1899 5157 2038 5212 idem
2067 5168 2167 5220 est,
2199 5159 2287 5227 qui
2320 5163 2427 5211 tum
2473 5157 2558 5210 illa
2601 5155 2950 5226 gubernabat,
2993 5161 3048 5208 et
3080 5153 3169 5224 qui
3201 5165 3342 5205 nunc
3368 5163 3484 5218 qnze

1901 5251 2030 5303 iiunt
2080 5247 2367 5318 operatur?
2417 5247 2552 5315 Quid
2604 5247 2763 5317 igitur
2809 5247 2865 5301 in
2902 5259 3061 5300 causa
3105 5242 3218 5308 fuit,
3269 5251 3324 5296 ut
3363 5255 3484 5295 cttm

1899 5339 2232 5408 gravioribus
2262 5339 2492 5407 peccatis
2532 5336 2894 5400 abundaretis,
2937 5335 3152 5390 uberior
3178 5333 3335 5388 fuerit
3361 5348 3483 5401 erga

1902 5447 1996 5488 vos
2023 5433 2114 5486 Dei
2145 5431 2494 5488 beneficentia
2525 5448 2538 5494 ;
2571 5445 2710 5484 nunc
2753 5445 2900 5495 vero,
2928 5443 3048 5482 cum
3077 5427 3273 5483 leviora
3302 5438 3485 5494 pecca-

1904 5525 1988 5586 tis,
2040 5537 2254 5591 prorsus
2305 5537 2401 5575 vos
2444 5530 2740 5585 aversetur,
2787 5529 3164 5588 perpetuaeque
3211 5514 3486 5569 tradiderit

1903 5613 2203 5685 ignominia:
2223 5612 2247 5664 ?
2269 5611 2479 5666 Etenim
2511 5611 2554 5664 si
2580 5627 2676 5666 vos
2701 5626 2838 5664 nunc
2863 5609 2932 5663 ob
2957 5611 3158 5662 scelera
3186 5617 3480 5669 aversatur,

1903 5707 2071 5762 multo
2111 5706 2278 5775 magis
2322 5713 2446 5758 tunc
2484 5704 2736 5774 oportuit.
2765 5701 2918 5771 Quod
2961 5701 3004 5755 si
3047 5709 3170 5754 tunc
3197 5715 3292 5752 vos
3322 5697 3483 5752 susti-

1903 5803 2016 5855 nuit
2045 5800 2208 5870 impie
2236 5800 2496 5861 viventes,
2527 5813 2668 5850 nunc
2691 5797 2855 5850 ttmlto
2883 5794 3046 5860 magis
3080 5791 3360 5860 oportebat
3396 5803 3481 5843 διι-

1904 5893 2123 5960 stinerc,
2157 5907 2276 5946 cum
2311 5888 2441 5944 nihil
2490 5888 2659 5944 simile
2686 5887 3044 5942 committatis.
3077 5887 3245 5952 Quam
3272 5879 3339 5937 ob
3364 5894 3478 5933 rem
