3920 6386
551 394 648 450 907

548 505 710 575 igitur
759 521 865 563 non
908 510 1201 565 sustinuit?
1246 511 1304 567 Si
1331 527 1423 565 vos
1469 514 1631 576 pudet
1661 530 1877 572 causam
1919 518 2122 596 dicere,

554 616 649 667 ego
678 598 907 654 dilucide
930 602 1252 670 profitebor;
1285 602 1392 658 imo
1419 605 1594 672 potius
1611 621 1716 662 non
1742 622 1864 679 ego,
1895 609 1991 665 sed
2019 612 2129 678 ipsa

556 706 727 744 rerum
760 691 975 748 veritas.

624 801 738 855 Νη
749 803 935 861 Christi
951 805 1147 862 Judaris
1159 824 1311 862 causa
1329 810 1961 887 malorum—Postquam
1977 818 2130 875 Chri-

550 906 689 950 stum
720 897 1009 963 occidistis,
1034 912 1313 971 postquam
1341 902 1394 956 in
1425 903 1704 960 Dominum
1728 907 1982 978 injecistis
2010 927 2127 965 ma-

551 1001 670 1050 nus,
699 997 975 1057 postquam
1000 991 1311 1059 sanguinem
1333 991 1482 1047 illum
1515 997 1803 1063 pretiosum
1834 999 2123 1067 effudistis;

553 1089 834 1148 propterea
855 1087 1060 1131 nonest
1081 1080 1230 1135 vobis
1255 1081 1461 1152 reliqua
1482 1086 1781 1156 corrigendi
1814 1103 1937 1158 spes
1959 1105 2130 1162 neque

549 1168 719 1236 venia,
752 1184 923 1240 neque
951 1172 1215 1242 purgatio.
1237 1173 1371 1229 Tum
1401 1176 1544 1230 enim
1576 1194 1695 1247 qua:
1736 1196 1829 1248 per
1855 1183 2127 1239 audaciam

546 1263 912 1331 perpetrastis,
960 1265 1013 1319 in
1057 1279 1242 1322 servos
1291 1271 1657 1337 perpetrastis,
1708 1272 1760 1324 in
1808 1274 2029 1344 Mosent,
2079 1277 2128 1330 in

552 1353 762 1419 Isaiam,
794 1356 847 1410 in
874 1355 1200 1423 Jeremiam;
1245 1367 1355 1413 tum
1409 1363 1619 1416 tametsi
1677 1364 1920 1433 impietas
1953 1371 2128 1439 aliqua

545 1445 1000 1514 con‘unittebatur,
1057 1457 1111 1503 at
1138 1449 1360 1505 audacia
1396 1452 1630 1507 nondum
1671 1467 2004 1524 processerat
2042 1474 2131 1511 us-

546 1550 650 1600 que
684 1535 750 1588 ad
779 1536 1038 1592 malorum
1065 1550 1243 1610 caput.
1283 1540 1433 1596 Nunc
1474 1553 1653 1599 autem
1684 1549 1861 1602 omnia
1884 1559 2125 1605 veterum

549 1624 779 1679 facinora
807 1628 1121 1697 superastis,
1151 1645 1250 1685 nec
1276 1632 1439 1687 ullum
1464 1645 1610 1689 retro
1633 1637 1917 1707 reliquistis
1938 1644 2125 1712 nequi-

548 1713 632 1768 tia:
672 1716 906 1784 culmen,
945 1720 1014 1773 ob
1058 1720 1350 1791 insaniam,
1396 1740 1500 1794 qua
1545 1726 1852 1783 debacchati
1904 1734 2035 1787 estis
2074 1734 2123 1787 in

545 1803 835 1873 Christum,
863 1823 1034 1878 eoque
1059 1826 1199 1866 nunc
1216 1814 1488 1881 graviores
1515 1816 1659 1871 luitis
1688 1833 1891 1888 pinnas.
1914 1822 2124 1879 Etenim

544 1896 589 1949 si
611 1895 730 1952 htec
768 1913 875 1952 non
896 1908 1164 1955 estcausa
1196 1904 1498 1972 ignominia:
1538 1916 1752 1976 vestrae,
1786 1926 1952 1980 quare
1988 1914 2128 1972 Deus

546 1999 642 2039 vos
663 1996 776 2038 tum
798 1985 1113 2045 occidentes
1136 1989 1340 2046 liberos
1363 2002 1576 2049 vestros
1592 1997 2017 2063 toleravit,nunc
2037 2019 2128 2058 au-

548 2086 654 2129 tem
669 2090 699 2129 a
716 2076 919 2134 talibus
939 2078 1286 2139 abstinentes
1305 2088 1617 2142 aversatur?
1636 2088 1916 2159 Siquidem
1935 2095 2124 2152 occiso

546 2156 763 2227 Christo
784 2168 963 2235 majus
992 2173 1323 2245 graviusque
1354 2179 1536 2233 scelus
1568 2182 2127 2256 omnmisistis,quam

550 2256 593 2307 si
637 2262 983 2317 maclassetis
1019 2263 1241 2328 liberos,
1280 2280 1329 2319 et
1355 2283 1573 2323 onmem
1604 2272 2113 2335 legemviolassetis.

617 2350 670 2405 5.
714 2349 958 2407 Etiamne
1010 2357 1231 2424 posthac
1273 2360 1708 2418 audcbitilillum
1734 2382 1925 2423 vocare
1956 2370 2124 2441 impo-

542 2450 741 2494 starent
770 2456 834 2496 ac
863 2442 993 2514 legis
1021 2455 1473 2518 transgressorem
1531 2469 1595 2508 ac
1620 2473 1724 2511 non
1753 2460 1928 2527 potius
1946 2462 2125 2533 aliquo

540 2530 873 2600 accedentes,
918 2551 1013 2590 vos
1058 2538 1201 2607 ipsos
1240 2543 1608 2613 occultabitis,
1660 2549 1750 2617 qui
1785 2549 1916 2620 ipsis
1955 2530 2126 2609 oculis

542 2620 849 2678 intueamini
889 2634 992 2679 tam
1024 2629 1325 2687 evidentem
1353 2635 1672 2691 veritatem?
1701 2639 1912 2696 Etenim
1948 2642 1994 2696 si
2020 2642 2120 2698 im-

544 2719 726 2778 postor
741 2724 857 2801 erat
878 2715 1053 2783 Jesus,
1083 2729 1138 2773 ut
1162 2721 1356 2787 dicitis,
1377 2724 1610 2797 legisque
1632 2738 2010 2801 transgressor,
2032 2750 2127 2803 par

540 2814 675 2868 crat‘,
705 2817 760 2860 ut
783 2796 908 2864 hinc
934 2812 1091 2866 etiam
1116 2813 1327 2870 Iaudem
1353 2796 1581 2886 ferretis,
1609 2822 1699 2889 qui
1732 2796 1887 2879 talem
1911 2827 2124 2883 occide-

542 2899 688 2953 rctis.
718 2900 849 2956 Nam
874 2904 917 2958 si
946 2905 1172 2962 Phincos
1203 2915 1356 2965 unico
1384 2921 1585 2968 tantum
1608 2928 1885 2988 perempto
1910 2919 2126 2975 homine

541 2993 956 3049 totam-numinis
980 2997 1110 3052 iram
1130 2998 1386 3056 adversus
1407 3007 1655 3074 populum
1682 3010 2123 3069 exardescentem

537 3078 739 3134 sedavit
771 3100 784 3136 :
839 3084 995 3143 Stetit
1051 3090 1206 3156 enim,
1245 3091 1431 3163 inquit,
1478 3094 1715 3163 Phincos,
1755 3110 1803 3154 et
1837 3101 2053 3172 placavit
2076 3114 2125 3158 et

536 3172 744 3225 cessavit
792 3177 1045 3237 quassatio
1098 3178 1270 3249 (Psal.
1317 3185 1439 3240 105.
1480 3187 1610 3259 50);
1666 3198 1848 3262 totque
1881 3192 2126 3251 homines

535 3265 728 3332 eripuit
752 3266 820 3321 ab
846 3268 919 3322 ira
946 3268 1120 3325 divina
1149 3275 1304 3331 unius
1331 3276 1560 3334 hominis
1584 3282 1733 3337 caede
1766 3300 1781 3338 :
1812 3285 1981 3340 multo
2005 3302 2122 3340 ma-

535 3355 615 3424 gis
641 3356 755 3411 lucc
789 3357 941 3414 vobis
967 3366 1203 3430 oportuit
1225 3366 1488 3436 accidere,
1528 3371 1574 3424 si
1602 3371 1732 3442 legis
1765 3384 2126 3445 transgressor

538 3455 672 3510 erat,
704 3464 861 3518 quem
898 3467 993 3506 vos
1020 3455 1376 3513 crucifixislis.
1413 3459 1521 3514 Cur
1545 3462 1721 3532 igitur,
1749 3481 1950 3535 quaeso,
1994 3468 2123 3523 Phi-

539 3553 688 3603 necs,
710 3540 823 3595 viro
841 3540 970 3611 legis
990 3553 1381 3616 transgressam
1400 3565 1696 3623 perempto,
1718 3555 1889 3625 justus
1915 3559 2124 3617 habitus

534 3637 638 3695 est,
673 3639 726 3682 et
760 3632 1061 3689 sacerdotio
1097 3635 1388 3694 honoratus
1417 3640 1496 3711 (Ν
1503 3660 1608 3697 um.
1637 3645 1726 3700 9.5.
1759 3646 1853 3720 7)?
1894 3648 1998 3705 Vos
2022 3665 2122 3705 au-

540 3728 643 3772 tem
674 3737 795 3775 cum
823 3723 875 3776 in
905 3740 1116 3780 crucem
1136 3728 1357 3796 egeritis
1379 3732 1549 3786 virum
1579 3734 1939 3805 impostorem,
1965 3750 2019 3795 ut
2038 3742 2124 3797 di-

535 3806 678 3874 citis,
729 3810 943 3882 Deoque
984 3813 1355 3873 adversantem
1395 3836 1411 3872 :
1461 3822 1554 3891 qui
1583 3824 1661 3889 lit,
1708 3835 1766 3880 ut
1802 3842 1908 3882 non
1940 3827 2124 3887 feratis

537 3901 745 3957 Iaudem
767 3914 822 3961 et
837 3904 1116 3975 honorem,
1140 3925 1325 3966 verum
1346 3914 1506 3969 etiam
1534 3917 1807 3972 acerbiora
1833 3923 1968 3989 passi
1983 3923 2122 3993 sitis,

535 4012 692 4066 quam
721 4013 839 4053 cum
868 3999 1005 4056 filios
1025 4013 1231 4057 vestros
1252 4007 1592 4064 mactaretis?
1621 4010 1813 4065 Annon
1838 4013 1975 4069 istud
2006 4032 2128 4085 per-

533 4090 774 4159 spicuum
801 4100 884 4147 est
914 4093 994 4147 vel
1031 4092 1329 4161 hebetibus,
1355 4112 1452 4153 vos
1486 4101 1605 4170 quia
1644 4102 1901 4162 adversus
1928 4105 2123 4162 Serva-

534 4194 704 4239 torem
739 4200 802 4240 ac
833 4186 1127 4257 principem
1155 4188 1299 4244 orbis
1325 4191 1485 4261 impie
1509 4194 1712 4264 egistis.
1754 4198 1845 4253 tali
1879 4199 2124 4256 vindicta:

532 4277 755 4343 subjici?
799 4280 863 4333 Et
905 4298 1045 4335 ltllllc
1081 4297 1210 4338 sane
1248 4283 1526 4340 abstinetis
1561 4304 1590 4341 a
1617 4291 1818 4345 nefario
1832 4294 2120 4362 “sanguine,

534 4372 751 4427 sabbata
791 4375 1036 4441 servatis,
1071 4386 1178 4431 tum
1208 4392 1340 4434 vero
1366 4378 1536 4448 ipsum
1571 4383 1731 4437 etiam
1757 4384 1962 4441 sabbati
1980 4384 2124 4441 diem

535 4463 834 4518 violabatis.
872 4466 940 4519 At
966 4481 1090 4522 ecce
1122 4467 1262 4524 Deus
1290 4484 1384 4539 per
1406 4470 1693 4527 Jeremiam
1721 4475 1963 4543 promisit
1984 4475 2119 4542 fore,

534 4564 591 4607 ut
634 4566 874 4624 parceret
927 4558 1122 4613 civitati
1169 4569 1384 4627 vestrae,
1442 4564 1486 4617 si
1543 4563 1871 4621 desisteretis
1913 4577 2123 4637 gestare

534 4660 697 4699 onera
726 4645 1093 4712 sabbaloUer.
1119 4650 1206 4704 l7.
1233 4648 1347 4722 21).
1374 4651 1477 4708 Sed
1509 4653 1610 4709 hoc
1635 4671 1776 4711 nunc
1803 4656 1995 4721 facitis,
2024 4674 2122 4715 ne-

533 4752 636 4806 que
663 4738 882 4807 gestatis
914 4754 1077 4793 onera
1111 4741 1368 4809 sabbato;
1411 4752 1643 4800 attamen
1684 4762 1751 4801 ne
1790 4746 1868 4801 sic
1907 4748 2121 4818 quidem

535 4832 683 4888 vobis
712 4832 1084 4889 reconciliatur
1116 4834 1228 4889 ille.
1267 4835 1401 4892 Nam
1430 4848 1702 4906 peccatum
1730 4839 1859 4895 illud
1882 4850 2120 4896 vestrum

532 4934 646 4980 erat
691 4926 926 4979 omnium
977 4927 1286 4991 maximum,
1337 4937 1393 4983 ut
1434 4929 1534 4984 ista
1572 4931 1723 4987 vobis
1761 4934 2032 4989 excusatio
2053 4932 2122 4989 de

534 5017 765 5086 peccatis
806 5033 1199 5088 supervacanea
1227 5019 1315 5075 sit.
1344 5020 1456 5075 Non
1484 5023 1626 5076 enim
1670 5023 1741 5078 ob
1777 5033 1970 5080 cmtera
1996 5025 2120 5081 vitae

531 5112 834 5175 commissa,
862 5110 958 5167 sed
993 5122 1208 5182 pr0ptcr
1232 5112 1360 5168 illud
1384 5112 1585 5170 facinus
1610 5116 1662 5171 in
1698 5115 1783 5172 his
1817 5119 1945 5172 estis
1973 5118 2121 5174 cala-

533 5207 825 5264 mitatibus.
854 5207 1008 5276 Quod
1035 5208 1086 5264 ni
1113 5209 1191 5264 sic
1219 5208 1460 5276 haberet,
1489 5210 1630 5266 Deus
1650 5210 1793 5266 haud
1816 5228 1910 5267 vos
1934 5212 2121 5267 fuisset

534 5300 732 5356 tamdiu
751 5311 1048 5366 aversatus,
1074 5302 1282 5357 etiamsi
1311 5305 1587 5360 innumera
1606 5305 1710 5359 alia
1739 5316 1953 5374 peccata
1973 5320 2120 5359 com-

532 5392 828 5448 misissetis.
875 5392 928 5446 Id
972 5409 1090 5447 cum
1137 5395 1473 5465 perspicuum
1511 5396 1582 5450 sit
1617 5412 1682 5451 ex
1721 5397 1967 5453 omnibus
1999 5412 2117 5466 quae

531 5485 670 5541 dicta
698 5495 843 5553 sunt,
869 5501 932 5540 ex
951 5484 1072 5551 hoc,
1103 5485 1244 5555 quod
1269 5486 1506 5542 dicturus
1526 5504 1664 5553 sum,
1689 5488 1790 5543 erit
1811 5487 2111 5543 dilucidius.

532 5576 665 5644 Quid
695 5586 778 5631 est
808 5576 950 5630 hoc?
974 5576 1285 5632 Audivimus
1312 5578 1473 5634 Deum
1497 5580 1687 5634 crebro
1712 5594 1806 5647 per
1835 5578 2116 5648 prolihetas

533 5667 794 5722 dicentem
830 5667 1119 5737 majoribus
1143 5669 1377 5726 vestris:
1417 5667 1519 5723 Vos
1559 5670 1763 5740 quidem
1799 5671 1950 5725 eratis
1977 5671 2117 5741 digni

534 5753 693 5808 malis
713 5755 1027 5822 innumeris,
1044 5767 1202 5827 atego
1221 5759 1364 5828 facio
1388 5770 1603 5830 propter
1624 5775 1811 5813 nomen
1840 5773 2034 5820 meum,
2050 5771 2110 5812 ne

532 5846 849 5918 profanetur
874 5849 1009 5902 inter
1040 5849 1225 5906 Gentes
1246 5853 1464 5923 (Ezech.
1490 5855 1579 5911 '56.
1602 5853 1718 5913 2|).
1743 5852 1809 5906 Et
1836 5866 2055 5908 rursum
2094 5868 2108 5907 :

1287 398 1344 455 S.
1384 399 1662 458 JOANNIS
1698 403 2165 463 CHRYSOSTOHZ
2200 410 2512 470 ARCHIEP.
2549 416 3083 482 CONSTANTINOP.

2230 519 2356 578 Non
2378 534 2592 593 propter
2614 541 2702 579 eos
2722 543 2815 597 ego
2840 528 3005 597 facio,
3030 529 3219 586 domus
3251 531 3448 599 Israel,
3479 540 3560 593 sed
3572 558 3734 616 propter

2224 629 2412 669 nomen
2441 631 2613 669 meum
2634 614 2737 687 (Ib.
2769 633 2821 671 υ.
2840 618 2953 681 52).
2984 620 3192 679 Sensus
3215 634 3403 680 autem
3422 629 3505 685 hic
3528 614 3735 695 ωεξη-

2222 706 2296 757 tis
2320 706 2539 775 quidem
2570 709 2922 777 gravioribus
2951 712 3102 784 digni
3148 718 3438 788 suppliciis
3463 736 3525 777 ac
3557 731 3730 795 panis:

2221 812 2412 853 verum
2436 815 2504 855 ue
2520 801 2647 870 quis
2675 801 2904 868 diceret,
2934 807 3083 875 quod
3107 808 3274 874 Deus,
3305 826 3432 866 cum
3464 815 3532 870 ob
3550 816 3732 889 inopiam

2221 889 2420 945 virium
2449 907 2560 946 non
2589 904 2775 963 posset
2790 911 3035 963 servare,
3052 900 3275 971 reliquit
3299 901 3514 963 Iudaeos
3538 909 3586 963 in
3603 913 3731 967 mani-

2221 983 2321 1037 bus
2353 984 2621 1049 hostium,
2647 987 2888 1043 auxilior
2919 999 2975 1044 et
3004 994 3287 1065 prospicio
3318 998 3493 1054 vobis.
3521 1001 3679 1073 Itaque
3700 1009 3731 1062 si

2219 1074 2353 1144 legis
2390 1083 2767 1149 transgressor
2799 1090 2918 1135 erat
2948 1083 3222 1148 Christus,
3254 1102 3423 1157 quem
3450 1105 3541 1146 vos
3568 1095 3731 1151 cruciﬁ-

2217 1172 2396 1230 vistis,
2433 1170 2653 1226 etiamsi
2685 1172 2871 1229 decies
2911 1175 3063 1232 tuille
3094 1189 3321 1248 peccata
3348 1185 3728 1255 commisissetis,

2212 1261 2386 1316 multo
2407 1262 2573 1317 etiam
2605 1266 2885 1334 prioribus
2923 1267 3035 1324 illis
3058 1271 3316 1340 graviora
3343 1290 3359 1327 :
3391 1273 3618 1343 profecto
3641 1291 3729 1345 pro-

2212 1361 2334 1419 pter
2391 1352 2495 1407 hoe
2550 1354 2757 1410 factum
2798 1370 3084 1416 servasset
3129 1378 3226 1417 vos
3268 1362 3436 1431 Deus,
3478 1381 3542 1420 ne
3581 1382 3725 1422 nomen

2211 1442 2386 1511 ipsius
2420 1445 2776 1515 pollueretur,
2813 1466 2882 1505 ne
2922 1451 3013 1508 ille
3056 1468 3156 1525 pro
3194 1469 3403 1526 magno
3424 1457 3633 1526 quodam
3657 1459 3725 1513 ha-

2211 1536 2453 1598 beretur,
2492 1554 2632 1595 neve
2666 1542 2793 1610 quis
2837 1544 3073 1609 diceret,
3106 1561 3207 1602 vos
3233 1548 3437 1617 ipsius
3480 1552 3722 1606 causalis:

2209 1622 2333 1690 pati.
2361 1623 2513 1691 Quod
2542 1625 2585 1679 si
2618 1626 2824 1682 videtur
2845 1629 2915 1682 ob
2930 1645 3078 1684 suam
3107 1632 3275 1701 ipsius
3300 1634 3521 1704 gloriam
3542 1636 3721 1689 relaxare

2208 1722 2443 1779 peccata,
2474 1713 2642 1769 multo
2664 1717 2832 1785 magis
2860 1717 2960 1773 hoc
2985 1735 3125 1774 nime
3153 1731 3273 1776 crat
3298 1722 3553 1788 facturus;
3581 1733 3628 1778 ct
3652 1739 3722 1778 ca-

2205 1801 2326 1855 dem
2348 1802 2483 1860 hanc
2504 1814 2777 1875 acceptam
2812 1809 3101 1875 habuisset,
3141 1827 3206 1865 ac
3230 1813 3606 1867 multitudinem
3636 1830 3723 1882 pet:-

2205 1901 2446 1950 catorum
2474 1905 2770 1952 vestrorum
2797 1899 3105 1957 delevisset.
3126 1902 3395 1960 Caeterum
3419 1907 3665 1975 quoniam,
3684 1918 3721 1960 rt

2206 1994 2445 2052 apparet,
2476 2002 2571 2042 vos
2590 1998 2847 2058 perpetuo
2870 2002 3166 2060 aversatur,
3211 1996 3387 2064 palam
3414 2008 3493 2052 est
3534 2012 3635 2051 eum
3660 2012 3724 2066 per

2209 2073 2343 2131 hanc
2370 2076 2501 2133 iram
2545 2089 2599 2135 et
2638 2090 2945 2151 perpetuam
2991 2084 3395 2144 derelictionem
3426 2088 3720 2145 demonstrare

2206 2169 2367 2219 etiam
2406 2168 2881 2238 impudentioribus
2906 2188 3052 2239 eum,
3089 2176 3179 2246 qui
3212 2193 3244 2232 a
3272 2178 3421 2234 vobis
3452 2181 3633 2234 occisus
3647 2187 3715 2240 est.

2207 2270 2311 2310 non
2339 2256 2500 2314 fuisse
2521 2269 2969 2332 transgressorem
2999 2265 3151 2336 legis,
3189 2268 3286 2324 sed
3307 2269 3475 2338 ipsum
3496 2269 3610 2337 legis
3626 2283 3712 2322 cou-

2205 2349 2455 2418 ditorem,
2479 2362 2536 2406 et
2554 2353 3017 2413 innumerabilium
3046 2357 3312 2416 bonorum
3345 2372 3597 2417 auctorem
3617 2360 3714 2414 vobis

2203 2441 2503 2499 advenisse.
2535 2444 2661 2501 Ideo
2686 2462 2782 2503 vos
2800 2448 2889 2518 qui
2921 2449 3084 2520 impie
3110 2451 3313 2509 fecistis
3333 2452 3573 2508 adversus
3595 2451 3713 2510 illum.

2206 2533 2257 2586 in
2276 2537 2592 2592 contumelia
2619 2547 2676 2594 et
2694 2539 2979 2609 ignominia
3003 2541 3229 2613 degitis:
3260 2558 3361 2600 nos
3384 2558 3508 2599 vero
3519 2541 3596 2612 qui
3616 2540 3715 2593 illo!

2203 2626 2508 2697 adoramus,
2533 2641 2689 2686 antea
2718 2633 2868 2688 vobis
2894 2635 3142 2691 omnibus
3164 2635 3501 2706 ignobiliores
3519 2674 3532 2699 ,
3568 2632 3716 2686 Ιιοωη

2205 2733 2299 2772 vos
2322 2735 2509 2776 omnes
2535 2724 2903 2792 praecedimus,
2950 2740 3151 2795 perque
3177 2726 3283 2783 Dei
3302 2726 3518 2796 gratiam
3547 2734 3714 2778 venen-

2206 2806 2418 2864 biliores
2453 2811 2605 2868 vobis
2632 2814 2878 2870 omnibus
2902 2830 3088 2871 sumus
3120 2826 3176 2871 et
3207 2815 3263 2871 in
3302 2814 3497 2885 majore
3525 2810 3715 2881 dignitate

2203 2899 2494 2956 constituti.
2525 2903 2591 2958 Et
2611 2902 2752 2960 unde
2778 2904 2962 2975 liquot,
3002 2906 3270 2976 inquiunt,
3310 2905 3450 2978 quod
3476 2918 3562 2959 nos
3576 2899 3715 2970 repulit

2208 2992 2383 3048 Deus?
2407 2993 2601 3061 Quaeso
2627 3006 2700 3062 te,
2718 2998 2954 3054 etiamne
2977 3013 3114 3068 opus
3135 3008 3220 3054 est
3249 2998 3354 3053 hoc
3368 2996 3533 3053 verbis
3552 2993 3713 3049 deruun-

2203 3094 2395 3150 strare,
2423 3101 2545 3141 cum
2567 3087 2681 3157 ipsa
2697 3104 2784 3143 res
2803 3088 3055 3155 clamitet,
3077 3103 3142 3144 ac
3159 3104 3347 3146 vocem
3370 3087 3485 3143 tuba
3498 3083 3710 3140 clariorem

2202 3175 2428 3245 emittat,
2480 3186 2590 3233 tum
2633 3194 2732 3250 per
2758 3179 2907 3235 urbis
2939 3179 3298 3247 eversionem,
3327 3189 3434 3236 tum
3466 3191 3551 3248 per
3580 3166 3711 3239 Icili)"

2201 3267 2615 3325 destructionem
2657 3279 2766 3326 tum
2798 3286 2895 3341 per
2920 3279 3113 3327 caetera
3140 3271 3343 3338 omnia,
3385 3268 3543 3323 adhuc
3572 3260 3709 3315 verbo-

2202 3375 2321 3414 rum
2344 3359 2850 3417 demonstrationem
2887 3361 3236 3418 desideratis?
3277 3362 3469 3417 Verum
3509 3353 3707 3411 hominm.

2204 3450 2464 3522 inquiunt,
2496 3452 2652 3509 nobis
2693 3454 2808 3508 haec
2828 3454 3136 3518 intulerunt,
3168 3467 3277 3508 non
3306 3454 3457 3508 Deus.
3498 3446 3591 3502 Imo
3612 3443 3709 3496 Deus

2203 3542 2302 3598 ista
2324 3543 2657 3613 potissimum
2683 3544 2877 3601 effecit.
2903 3545 3056 3614 Quod
3080 3546 3126 3599 si
3145 3544 3263 3601 haec
3287 3536 3708 3635 hominibus

2205 3649 2304 3702 tas,
2332 3636 2463 3692 illud
2501 3652 2714 3693 rursum
2755 3639 3053 3702 considera,
3080 3637 3242 3708 quod,
3285 3636 3386 3695 etsi
3410 3631 3616 3689 homines
3639 3631 3707 3678 ista

2202 3728 2396 3783 fuerint
2431 3729 2568 3796 ausi,
2613 3729 2713 3783 nisi
2752 3730 2863 3786 Deo
2908 3729 3212 3799 placuisset,
3257 3744 3367 3785 non
3395 3709 3707 3797 puluis-scutati

2201 3818 2449 3875 eli'ectum
2476 3818 2787 3891 perducere.
2809 3821 2940 3876 Cum
2958 3820 3115 3891 igitur
3135 3820 3376 3877 irruisset
3393 3818 3474 3873 ille
3496 3811 3705 3867 barbarus.

2205 3920 2366 3966 totam
2396 3910 2667 3967 Persidem
2696 3924 2879 3966 secum
2902 3910 3123 3977 ducens,
3167 3925 3390 3981 sperans
3415 3906 3536 3972 fore,
3558 3906 3606 3954 ut
3622 3908 3705 3948 ιιιιι·

2204 4018 2388 4059 versos
2407 4002 2625 4058 adortus
2647 4011 2885 4071 caperet,
2928 4001 3195 4058 civitatem
3223 4010 3388 4057 totam
3415 3996 3542 4052 velut
3562 3995 3702 4057 saxei“

2201 4096 2428 4168 quadam
2450 4112 2513 4152 ac
2532 4097 2635 4152 reti
2659 4096 2964 4152 conclusam
2992 4096 3218 4152 habebat
3248 4112 3265 4151 :
3292 4106 3462 4151 nonne
3478 4098 3597 4144 utne.
3618 4086 3703 4131 ωηο

2204 4189 2439 4259 inquam,
2477 4186 2727 4257 quoniam
2754 4186 2892 4242 Deus
2922 4198 3038 4242 erat
3069 4186 3219 4241 vobis
3252 4183 3524 4256 propitius,
3558 4170 3702 4268 3W

2205 4278 2366 4345 bello,
2404 4278 2520 4333 sine
2550 4277 2832 4345 conﬂictu,
2889 4278 3005 4332 sine
3042 4276 3225 4347 praelio
3265 4284 3469 4331 centum
3501 4261 3701 4362 οοιξιείιξι]

2203 4371 2437 4443 quinque
2472 4370 2705 4426 millibus
2746 4369 2972 4424 militum
3010 4368 3402 4425 interfectorum
3434 4355 3697 4441 Assyriorunl

2204 4463 2343 4533 ³1)υά
2396 4478 2491 4518 vos
2545 4463 2783 4532 relictis,
2832 4464 2905 4519 ita
2930 4461 3099 4532 fugit,
3147 4470 3205 4516 ut
3257 4460 3384 4515 satis
3429 4447 3700 4544 haberetid“

2206 4554 2351 4609 solus
2375 4554 2623 4610 evaderet
2649 4553 2971 4611 incolumis?
2998 4552 3191 4608 Verum
3217 4563 3271 4607 et
3303 4549 3400 4606 alia
3434 4540 3556 4638 belli

2208 4643 2475 4699 merabilia
2525 4644 2830 4717 frequenter
2865 4644 2931 4698 ad
2979 4645 3140 4699 istum
3178 4640 3388 4696 modum
3427 4620 3695 4717 solvit

2207 4736 2383 4804 Quare
2395 4747 2449 4792 et
2470 4711 2639 4804 nunc,
2658 4738 2759 4793 nisi
2778 4738 2891 4808 ipse
2910 4745 3055 4793 esset
3077 4734 3166 4806 qui
3188 4735 3392 4804 penitus
3409 4740 3491 4781 vos
3506 4719 3632 4808 (1⁸⁵⁸(
3630 4711 3692 4808 ⁰¹¹τ

2211 4801 2318 4885 non
2337 4801 2633 4901 potuissent
2655 4830 2927 4886 civitatem
2944 4837 3176 4885 vestram
3197 4826 3420 4887 diruere,
3442 4801 3694 4940 astitit;

2210 4932 2443 4988 vastare;
2475 4937 2581 4977 non
2604 4922 2876 4992 hucusque
2903 4930 3049 4975 tanto
3082 4928 3321 4989 tempore
3349 4906 3588 5002 πιεηείεδῗί

2209 5012 2407 5068 tudinis
2432 5012 2725 5079 calamitas,
2767 4991 2871 5067 non
2892 5011 3045 5066 vobis
3070 5025 3212 5080 stepe
3236 5002 3522 5065 conantibus
3549 4991 3691 5045 instat?

2208 5105 2466 5162 rationem
2493 5116 2713 5162 conatus
2735 5105 2787 5161 in
2817 5120 3038 5160 vacuum
3068 5103 3335 5159 cessisset.
3526 5167 3610 5191 "an
3629 5169 3693 5191 Μ.

2278 5199 2329 5254 4.
2353 5198 2469 5254 iam
2501 5213 2607 5252 non
2628 5213 2697 5252 ex
2726 5197 2810 5253 his
2833 5197 3027 5263 solum,
3052 5209 3236 5250 verum
3261 5193 3412 5248 etiam
3440 5194 3497 5237 ex

2210 5292 2377 5347 uabor
2401 5291 2551 5347 vobis
2575 5291 2751 5361 palam
2790 5289 2989 5353 facere,
3024 5302 3131 5342 non
3156 5301 3252 5395 su‘a
3282 5264 3691 5395 virtute

2210 5384 2397 5439 fecisse
2421 5351 2689 5437 Romanos
2724 5381 3095 5451 Imperatorem
3133 5375 3228 5433 sed
3252 5375 3368 5447 quia
3392 5351 3692 5479 οῳῗῖηῗῗυέεῗ

2206 5478 2303 5531 stis
2332 5476 2545 5540 iratum,
2579 5476 2667 5545 qui
2703 5488 2799 5530 vos
2822 5474 3147 5529 deseruerat.
3188 5468 3386 5567 Etenim
3420 5438 3608 5574 εί

2207 5581 2344 5625 stum
2373 5578 2477 5638 est,
2518 5569 2802 5623 Immanum
2828 5575 2942 5622 erat
2970 5578 3102 5635 opus
3129 5580 3145 5619 :
3192 5556 3421 5669 oportuit!
3446 5544 3688 5669 251:5”;

2207 5636 2471 5717 Iamitates
2498 5661 2705 5717 excidio
2742 5659 2898 5723 finiri,
2934 5673 3033 5712 nec
3073 5654 3281 5724 longius
3310 5636 3683 5755 ρνξξςςῗ

3616 5724 3624 5740 .
3665 5724 3679 5745 .

2207 5754 2571 5824 lgnominiam.
2594 5754 2860 5811 Ponamus
2879 5752 3043 5815 enim,
3067 5746 3208 5819 quod
3241 5759 3338 5800 vos
3360 5724 3679 5834 dldl.ll§:.':a::c

2211 5819 2276 5904 ab
2301 5846 2607 5903 hominibus
2634 5846 2795 5901 fuisse
2822 5844 3096 5901 subversa.
3131 5838 3387 5896 civitatem
3410 5819 3607 5881 dirutam:
