3920 6360
146 468 239 527 907
1261 462 1631 522 ADVERSUS
1664 459 1976 518 JUDIEUS.
2018 461 2109 517 Vl.

140 602 223 648 νος
246 582 334 639 οὗ)
357 582 543 638 ῑνεκεν
573 584 674 639 οὑκ
701 586 994 659 ἡνέσχετος
1038 586 1159 641 Κάν
1192 586 1351 657 ὑμεῖς
1378 582 1704 656 αἰσχύησθε

141 670 301 724 εἰπεῖν
327 665 424 739 τὴν
456 667 655 731 αἰτίαν,
691 667 802 737 ἐγὼ
830 669 1080 742 φανερῶς
1103 668 1245 740 ὲρῶ’
1276 666 1476 739 μᾶλλον
1514 666 1573 720 δέ
1605 666 1707 719 οὑκ

141 751 259 823 ἐγὼ,
281 749 395 804 ἀλλ’
422 750 559 822 αὑτὴ
581 751 691 805 τῶν
719 753 1065 825 πραγμάτων
1088 754 1123 823 ἡ
1152 748 1401 823 ἀλήθεια.

216 912 424 982 Ἐπειδὴ
448 913 541 966 τὸν
568 913 801 983 Χριστὸν
830 913 1207 979 ἀπεκτείνατε,
1233 912 1422 984 ἐπειδὴ
1448 910 1592 966 κατὰ
1611 910 1707 965 τοῦ

141 996 396 1051 Δεσπότου
431 996 531 1060 τάς
570 999 760 1068 χεῖρας
806 998 1130 1064 ἐξετείνατε,
1163 997 1355 1066 ἐπειδὴ
1380 996 1444 1049 τὸ
1475 989 1614 1066 αἷμα
1646 995 1709 1049 τὸ

141 1081 306 1151 τίμιον
334 1078 605 1150 ἐξεχέατε,
638 1080 728 1133 διά
755 1080 914 1134 τοῦτο
937 1082 1039 1135 οὑκ
1069 1080 1218 1135 ἐστιν
1244 1081 1377 1152 ὑμῖν
1398 1078 1706 1151 διόρθωσις,

141 1164 249 1219 οὑδὲ
280 1161 573 1235 συγγνώμη
603 1162 807 1229 λοιπὸν,
833 1166 954 1218 οὑδέ
993 1163 1280 1233 ἀπολογία.
1308 1162 1441 1216 Τότε
1473 1162 1572 1233 μὲν
1598 1161 1710 1232 γάρ

140 1250 212 1313 εἰς
236 1246 448 1309 δούλους
470 1241 539 1317 ἡν
558 1246 627 1300 τὰ
650 1246 997 1318 τολμώμενα,
1016 1250 1097 1312 εἰς
1115 1247 1353 1302 Μωῦσέα
1372 1245 1710 1300 καὶἮσαῒαν

142 1332 224 1385 καὶ
254 1330 521 1401 Ἰερεμίαν
541 1345 556 1361 ’
587 1330 710 1384 τότε
744 1333 792 1385 εἰ
824 1331 920 1385 καὶ
957 1331 1187 1387 ἀσέϐειά
1213 1348 1298 1395 τις
1330 1331 1565 1399 ἐγένετο,
1594 1328 1710 1382 ἀλλ’

141 1413 281 1468 οῦπω
310 1413 370 1467 τὸ
392 1412 689 1483 κεφάλαιον
717 1414 827 1469 τῶν
856 1415 1043 1469 κακῶν
1069 1412 1140 1487 ἦν
1165 1414 1458 1486 τολμηθέν.
1494 1413 1631 1467 Νυνὶ
1654 1413 1712 1467 δὲ

142 1499 303 1553 πάντα
329 1497 685 1568 ἀπεκρύψατε
717 1498 787 1552 τά
814 1498 1043 1564 παλαιὰ,
1076 1500 1251 1553 οὐδενί
1296 1498 1351 1551 δὲ
1384 1498 1573 1570 τρόπῳ
1608 1514 1714 1550 πα-

148 1581 388 1652 ρανομίας
418 1581 724 1653 ὑπερϐολὴν
753 1581 1073 1637 κατελίπετε
1104 1582 1193 1636 διά
1221 1582 1323 1651 τῆς
1360 1585 1439 1646 εἰς
1476 1580 1712 1652 Χριστὸν

150 1664 353 1735 μανίας·
382 1664 463 1718 διὸ
483 1665 580 1718 καὶ
609 1665 872 1735 μειζόνως
903 1665 1197 1731 κολάζεσθε
1225 1664 1339 1719 νῦν.
1359 1664 1534 1728 Ἐπεὶ,
1556 1664 1605 1717 εἰ
1635 1662 1709 1734 μὴ

144 1745 285 1800 τοῦτό
312 1748 426 1801 ἐστι
450 1747 513 1801 τὸ
542 1748 713 1803 αἴτιον
745 1749 847 1819 τῆς
876 1747 1158 1820 παρούσης
1182 1745 1336 1820 ὑμῶν
1372 1747 1615 1818 ἀτιμίας,
1637 1745 1715 1799 τί-

145 1847 222 1893 νος
239 1830 419 1884 ἐνεκεν
440 1830 939 1885 παιδοκτονούντων
965 1832 1063 1902 μὲν
1086 1830 1243 1902 ὑμῶν
1263 1832 1292 1884 6
1311 1829 1444 1894 Θεὸς
1455 1831 1714 1901 ἠνέσχετο

145 1913 270 1976 τότε,
295 1913 458 1986 μηδὲν
476 1913 537 1967 δέ
557 1914 801 1968 τοιοῦτον
821 1914 1137 1985 τολμῶντας
1157 1912 1564 1986 ἀποστρέφεται
1584 1911 1709 1977 νῦν;

145 1992 213 2049 Ἦ
237 1997 390 2067 δῆλον
413 1998 497 2051 ὅτι
526 1997 623 2052 καὶ
646 1998 1023 2061 παιδοκτονίας
1043 1999 1139 2052 καὶ
1159 1996 1343 2064 πάσης
1365 1995 1715 2067 παρανομίας

336 2083 520 2152 χεῖρον
565 2081 904 2154 ἐτολμήσατε
952 2082 1050 2136 καὶ
1096 2080 1302 2155 μεῖζον,
1333 2081 1427 2135 τὸν
1479 2080 1715 2152 Χριστὸν

179 2182 229 2218 νε
288 2182 425 2219 ντες.

179 2182 425 2229 νεΑοντες.

206 2335 275 2406 γ’.
306 2339 424 2393 Ἔτι
445 2333 545 2393 οὖν
567 2337 825 2406 ἀνέξεσθε
846 2337 1049 2394 πλάνον
1087 2337 1251 2393 αὑτὸν
1279 2338 1376 2392 καὶ
1397 2336 1715 2409 παράνομον

149 2422 333 2487 καλεῖν,
361 2422 558 2477 είπατέ
588 2438 714 2494 μοι·
751 2423 847 2476 καὶ
867 2422 968 2477 οὑκ
996 2421 1327 2484 ἀπελθόντες
1356 2419 1584 2484 ἑαυτούς
1612 2434 1713 2471 που

149 2503 499 2577 κατορύξετει
533 2505 673 2577 πρὸς
720 2504 865 2559 οὕτω
914 2505 1156 2577 φανεράν
1206 2502 1551 2575 πραγμάτων
1583 2499 1716 2571 ἀλή-

127 2578 281 2642 ’θειαν
308 2588 758 2653 ἀντιϐλέποντεςς
803 2589 868 2642 Εἰ
912 2587 1022 2658 γὰρ
1068 2588 1269 2651 πλάνος
1309 2582 1379 2659 ἦν
1425 2589 1454 2640 6
1486 2584 1714 2657 Ἰησοῦς,

151 2671 380 2744 καθάπερ
407 2670 567 2744 [655]
598 2671 757 2742 φατὲ,
783 2672 878 2725 καὶ
916 2671 1257 2743 παράνομος,
1293 2670 1389 2724 καὶ
1427 2669 1719 2740 εὐδοκιμῆ-

152 2770 228 2808 σαι
252 2755 391 2826 ὑμᾶς
418 2756 614 2827 ἐχρῆν,
648 2756 732 2809 ὅτι
756 2754 919 2809 αὑτὸν
944 2755 1324 2810 ἀπεκτείνατε.
1352 2754 1417 2806 El
1438 2752 1550 2825 γάρ
1581 2752 1610 2804 6
1630 2754 1722 2806 Φι-

150 2838 254 2903 νεές
275 2839 368 2894 Eva
396 2839 524 2894 τινὰ
548 2839 777 2904 ἀνελὼν,
801 2839 1094 2911 ὁλόκληρον
1116 2839 1217 2909 τὴν
1238 2836 1382 2894 κατά
1407 2836 1505 2891 τοῦ
1535 2836 1722 2901 ἔθνους

150 2922 300 2994 ὀργὴν
335 2923 574 2978 ἔπαυσεν
590 2940 605 2954 ⁶
647 2926 835 2995 Ἕστη
881 2924 995 2995 γὰρ
1034 2924 1264 2990 Φινὲες,
1304 2925 1459 2993 φησὶ,
1496 2922 1596 2976 καί
1625 2922 1724 2987 ἐξ·

151 3005 400 3073 ιλόσατο,
428 3007 537 3063 καί
579 3009 884 3062 ἐκόπασεν
909 3008 950 3076 ἠ
983 3007 1235 3075 θραῦσις
1253 3024 1267 3037 ·
1293 3006 1390 3061 καὶ
1433 3004 1721 3070 τοσούτους

151 3089 504 3163 ἀσεϐήσαντας
554 3089 876 3163 ἀνθρώπους
926 3090 1207 3163 ἐξήρπασε
1255 3089 1356 3159 τῆς
1404 3090 1575 3162 ὀργῆς
1626 3087 1723 3141 τοῦ

151 3172 270 3226 Θεοῦ
315 3176 412 3247 μιᾷ
460 3176 650 3246 σφαγῇ
700 3173 1022 3246 παρανόμου
1074 3172 1220 3236 τινὸς
1267 3172 1496 3244 ἀνδρός’
1543 3170 1727 3243 πολλῷ

155 3256 333 3327 μᾶλλον
357 3260 442 3328 ἐφ’
464 3256 627 3329 ὑμῶν
668 3255 829 3310 τοῦτο
852 3255 1108 3325 γενέσθαι
1155 3255 1346 3327 ἐχρῆν,
1374 3256 1428 3309 εί
1453 3271 1518 3324 γε
1550 3256 1728 3327 παρά-

153 3356 296 3411 νομος
340 3336 408 3413 ἡν
454 3344 483 3396 6
537 3341 628 3410 ὑφ’
658 3339 814 3410 ὑμῶν
858 3339 1212 3411 σταυρωθείς.
1243 3339 1310 3393 Τί
1342 3339 1544 3411 δήποτε
1575 3335 1669 3394 οῦν
1696 3342 1727 3393 6

155 3422 240 3491 μὲν
267 3425 448 3489 Φινεὲς
470 3424 651 3496 ἄνδρα
680 3422 996 3494 παράνομον
1025 3422 1230 3476 ἀνελὼν
1264 3421 1590 3487 ἐδικαιοῦτο,
1630 3423 1727 3477 καὶ

154 3507 400 3581 ἰερωσύνῃ
445 3508 712 3579 ἐτιμᾶτο·
762 3507 924 3578 ὑμεῖς
966 3506 1046 3572 δὲ,
1074 3506 1151 3570 ὡς
1200 3507 1357 3577 φατὲ,
1384 3506 1586 3560 πλάνον
1631 3506 1729 3559 καὶ

153 3588 376 3645 ἀντίθεόν
396 3608 525 3646 τινα
551 3588 982 3662 σταυρώσαντες,
1000 3591 1061 3643 οὐ
1087 3589 1250 3661 μόνον
1272 3591 1375 3643 οὐκ
1389 3590 1728 3660 εὐδοκιμεῖτε

154 3674 260 3729 οὐδὲ
286 3676 546 3748 τιμᾶσθε,
572 3674 710 3729 ἀλλά
760 3675 856 3728 καὶ
900 3673 1262 3746 χαλεπώτερα
1290 3674 1545 3738 ἐπάθετε,
1572 3675 1605 3744 ἢ
1637 3675 1728 3728 ὅτε

154 3759 267 3822 τοὺς
295 3762 444 3825 υἰοὺς
477 3758 640 3838 ὑμῶν
685 3758 1015 3828 ἐσφάττετε;
1063 3758 1166 3812 οὑκ
1206 3757 1432 3831 εὔδηλον
1477 3759 1573 3813 καί⁵
1614 3759 1730 3821 τοῖς

156 3841 345 3914 σφόδρα
389 3844 665 3910 ἀνοήτοις,
706 3841 808 3905 ὅτι,
845 3841 1035 3914 ἐπειδὴ
1078 3843 1160 3907 εἰς
1208 3842 1303 3897 τὸν
1350 3841 1581 3913 Σωτῆρα
1635 3840 1730 3895 καί⁵

155 3926 448 3998 προστάτην
484 3924 594 3997 τῆς
622 3924 952 3996 οἰκουμένης
992 3928 1446 3997 παρηνομήσατε,
1474 3924 1730 3995 τοιαύτην

156 4008 441 4079 ὑπομένετε
490 4009 687 4080 δίκην;
738 4009 935 4063 Καίτοι
981 4025 1047 4078 γε
1088 4008 1187 4064 νῦν
1221 4009 1318 4063 καὶ
1350 4009 1598 4080 αἱμάτων
1627 4009 1733 4063 ἀπ-

156 4090 329 4161 έχεσθε
360 4092 595 4164 μιαρῶν,
619 4094 715 4147 καὶ
738 4092 986 4147 σάϐϐατα
1016 4095 1235 4165 τηρεῖτε
1253 4110 1268 4124 '
1294 4093 1417 4147 τότε
1443 4093 1501 4147 δέ
1528 4093 1624 4147 καὶ
1651 4093 1733 4155 εἰς

155 4172 311 4245 αὐτὴν
337 4174 651 4247 ἐνυϐρίζετε
680 4175 780 4247 τὴν
811 4176 1047 4249 ἡμέραν.
1076 4178 1188 4229 Καὶ
1230 4177 1260 4230 6
1296 4176 1430 4240 Θεὸς
1459 4175 1733 4247 ἐπηγγέλ-

154 4253 266 4310 λετο
289 4256 378 4313 διά
403 4258 501 4313 τοῦ
544 4258 831 4330 Ἰερεμίου,
863 4258 1143 4328 φείδεσθαι
1174 4260 1277 4330 τῆς
1315 4259 1525 4322 πόλεως
1553 4259 1730 4329 ὑμῶν,

156 4340 200 4393 εἰ
222 4340 516 4397 παύσοισθε
549 4341 797 4416 αἴροντες
820 4342 1183 4415 βαστάγματα
1207 4344 1266 4397 ἐν
1294 4342 1551 4414 σαϐϐάτῳ
1572 4359 1584 4372 ·
1615 4341 1731 4395 ἀλλ’

160 4422 259 4477 ἰδοὺ
301 4425 394 4480 νῦν
422 4426 584 4480 τοῦτο
608 4430 837 4491 ποιεῖτε,
871 4426 965 4480 καὶ
1002 4427 1103 4481 οὑκ
1144 4428 1330 4498 αἰρετε
1372 4426 1736 4497 βαστάγματα

157 4507 211 4559 ἐν
235 4510 525 4583 παϐϐάτῳ,
575 4512 673 4566 καὶ
715 4511 836 4565 οὐδέ
882 4510 1057 4574 οῦτως
1101 4509 1532 4565 καταλλάττεται
1580 4512 1732 4583 ὑμῖν.

158 4590 226 4645 Τὸ
262 4593 368 4665 γὰρ
406 4595 717 4667 ἁμάρτημα
745 4594 901 4667 ὑμῶν
928 4596 1107 4648 ἐκεῖνο
1136 4594 1393 4649 ἀπάντων
1423 4594 1606 4665 μεῖζον
1641 4590 1732 4666 ἦν,

157 4671 289 4728 ὥστε
326 4678 583 4750 περιττὸς
626 4680 756 4749 ὑμῖν
795 4673 952 4743 οὗτος
986 4680 1016 4733 6
1042 4678 1200 4748 λόγος
1230 4679 1261 4732 6
1287 4678 1396 4731 τῶν
1427 4678 1733 4750 ἁμαρτιῶν.

158 4756 229 4809 Οὑ
254 4758 359 4831 γάρ
384 4761 476 4815 διὰ
507 4762 600 4815 τὸν
643 4761 829 4816 λοιπὸν
865 4762 1021 4833 ὑμῶν
1048 4761 1184 4833 βίον,
1209 4761 1345 4816 ἀλλά
1373 4761 1440 4815 δι’
1468 4763 1644 4815 ἐκεῖνο
1676 4761 1739 4815 τὸ

158 4838 405 4913 τόλμημα
432 4846 491 4897 ἐν
511 4848 624 4910 τοῖς
653 4844 923 4918 παροῦσιν
945 4846 1068 4900 ἐστὲ
1086 4846 1472 4910 δεινοῖς.”Ὠστε
1496 4846 1635 4915 εἴγε
1662 4844 1738 4917 μὴ

159 4923 307 4979 τοῦτο
335 4922 423 4997 ἦν,
454 4929 556 4982 οὑκ
581 4930 648 4984 ἂν
677 4930 771 4983 ἐπὶ
793 4929 1048 4993 τοσοῦτον
1075 4932 1105 4984 6
1129 4930 1263 4995 Θεὸς
1294 4930 1439 5001 ὑμᾶς
1463 4929 1741 5001 ἀπεστρά-

161 5023 252 5079 φη,
277 5011 327 5062 εἰ
357 5014 454 5066 καί⁵
489 5012 657 5084 μυρία
684 5009 785 5084 ἦτε
818 5013 1230 5085 ἡμαρτηκότες·
1266 5013 1363 5067 καὶ
1392 5013 1552 5084 δῆλον
1587 5012 1652 5066 ἐκ
1676 5029 1740 5067 τε

160 5090 259 5145 τῶν
286 5095 590 5166 εἰρημένων
616 5098 891 5163 ἁπάντων,
927 5098 1022 5152 καὶ
1043 5096 1234 5153 τούτου
1261 5091 1323 5152 οὗ
1354 5097 1531 5166 μέλλω
1559 5097 1740 5165 λέγειν

162 5172 268 5229 νῦν.
300 5177 365 5230 Τί
392 5178 451 5232 δὲ
478 5179 636 5235 τοῦτό
671 5184 852 5248 ἐστινς
895 5180 1241 5252 Ἦκούσαμεν
1262 5181 1354 5235 τοῦ
1375 5180 1512 5235 Θεοῦ
1537 5179 1741 5234 πολλά-

163 5272 243 5321 κις
272 5259 520 5329 λέγοντος
564 5265 655 5319 διὰ
682 5265 794 5319 τῶν
821 5265 1117 5337 προφητῶν
1162 5265 1298 5336 πρὸς
1335 5266 1463 5329 τοὺς
1494 5266 1741 5338 πατέρας

162 5342 279 5405 τοὺς
322 5345 646 5421 ὑμετέρους,
688 5350 772 5403 ὅτι
814 5348 1011 5419 Ὑμεῖς
1032 5349 1150 5419 μὲν
1172 5349 1331 5412 ἄξιοι
1358 5349 1589 5418 μυρίων
1634 5346 1743 5421 ἦτε

163 5426 354 5481 κακῶν
374 5446 387 5459 ·
424 5431 541 5501 ἐγὼ
560 5433 650 5499 δὲ,
687 5434 842 5504 φησὶ,
874 5432 1024 5487 ποιῶ
1053 5432 1149 5488 διὰ
1172 5433 1240 5487 τὸ
1270 5432 1459 5502 ὄνομὰ
1474 5450 1614 5504 μου,
1642 5435 1744 5488 ἵνα

164 5508 238 5576 μὴ
269 5513 590 5587 βεᾶηλωθῇ
622 5519 693 5572 ἐν
735 5518 862 5586 τοῖς
893 5518 1116 5576 ἔθνεσι.
1160 5519 1269 5573 Καὶ
1311 5518 1505 5573 πάλιν
1552 5521 1636 5574 Οὐ
1663 5518 1740 5574 δι’

164 5593 310 5661 ὑμᾶς
331 5597 446 5667 ἐγὼ
473 5602 642 5668 ποιῶ,
673 5598 837 5668 οἴκος
864 5602 971 5657 τοῦ
1010 5604 1269 5672 Ἰσραὴλ,
1305 5604 1443 5659 ἀι1λ⁹
1472 5604 1512 5673 ἣ
1547 5604 1646 5660 διὰ
1674 5608 1742 5663 τὸ

166 5674 344 5747 ὄνομὰ
380 5689 601 5751 μου.’“0
646 5688 704 5741 δὲ
750 5687 921 5756 λέγει,
946 5689 1185 5742 τοιοῦτόν
1234 5690 1387 5743 ἐστι·
1421 5690 1740 5763 Βαρυτέρας

235 5922 251 5941 ”
278 5920 496 5988 Quinque
521 5943 632 5981 mss.
660 5932 952 5997 κατορύξιτε,
978 5932 1149 5985 Morel.
1178 5933 1491 5998 κατωρύεατε.

3284 461 3394 514 υτ)ξί

1813 578 1915 650 μὲν
1948 580 2221 653 τιμωρίας
2249 575 2348 651 ῆτε
2379 582 2519 647 ἄξιοι
2564 582 2660 637 καὶ
2709 577 2984 640 κολάσεως
3004 593 3016 605 ⁸
3053 573 3168 626 ἀλλ’
3199 572 3289 629 ἵνα
3321 577 3396 646 μή

1811 681 1897 728 τις
1934 664 2090 738 λέγῃ,
2123 664 2204 719 ὅτι
2237 665 2482 719 ἀσθενῶν
2506 669 2534 720 6
2564 665 2719 729 Θεὸς,
2749 662 2843 717 καὶ
2877 661 2951 733 μὴ
2977 657 3272 728 δυνάμενος
3303 657 3396 711 σῶν

1813 765 1925 814 σαι,
1957 749 2136 820 ἀφῆκε
2170 750 2297 813 τοὺς
2341 748 2631 813 Ἰουδαίους
2669 750 2790 810 ταῖς
2820 744 2931 799 τῶν
2964 740 3240 812 πολεμίων
3277 757 3392 811 χερ-

1812 833 1917 897 σὶν,
1948 831 2419 904 ἀντιλαμϐάνομαι
2445 832 2539 885 καὶ
2574 828 3102 904 προῖσταμαι.”Ωστε
3133 828 3182 878 εἰ
3216 823 3395 895 παράο

1812 932 1974 987 νομος
2006 912 2075 988 ἦν
2116 918 2146 969 6
2190 916 2444 989 Χριστὸς,
2480 918 2640 986 ὑμεῖς
2670 914 2727 968 δὲ
2778 911 2943 968 αὑτὸν
2994 906 3398 980 ἐσταυρώσατε,

1812 1000 1906 1053 καὶ
1931 1001 1980 1052 εἰ
2010 999 2179 1073 μυρία
2203 996 2303 1073 ἦτε
2334 1001 2734 1074 ἡμαρτηκότες,
2761 1000 2858 1053 καί⁹
2885 994 3066 1065 πολλῷ
3118 993 3221 1047 τῶν
3258 1009 3398 1062 προ-

1811 1076 1987 1155 τέρων
2008 1084 2388 1157 χαλεπώτερα,
2412 1073 2629 1149 πάντως
2656 1084 2721 1137 ἂν
2754 1084 2784 1136 ὑ
2792 1082 2899 1153 μᾶς
2921 1082 2949 1134 6
2972 1078 3104 1141 Θεὸς
3128 1073 3217 1129 διὰ
3239 1073 3401 1128 τοῦτο

1810 1168 2093 1232 διέσωσεν,
2126 1168 2212 1222 ῖνα
2246 1169 2321 1241 μὴ
2348 1169 2411 1223 τὸ
2442 1169 2613 1238 ὄνομα
2658 1166 2823 1221 αὑτοῦ
2872 1161 3177 1235 βεϐηλωθῇ,
3205 1161 3293 1213 ἵνα
3326 1158 3400 1229 μὴ

1816 1252 1992 1324 μέγας
2035 1270 2121 1317 τις
2162 1255 2371 1318 ἐκεῖνος
2416 1251 2725 1325 νομίζηται,
2758 1249 2896 1324 μηδὲ
2924 1247 3057 1318 είπῃ
3080 1263 3185 1310 τις,
3217 1244 3297 1298 ὅτι
3331 1243 3399 1296 δι’

1814 1337 2022 1391 ἐκεῖνον
2051 1337 2225 1392 ταῦτα
2256 1337 2510 1392 ἐπάθετε.
2541 1338 2606 1390 El
2630 1335 2740 1407 γὰρ
2772 1332 3019 1402 φαίνεται
3048 1327 3137 1382 διά
3163 1328 3263 1400 τὴν
3282 1328 3402 1380 ἐαυ-

1812 1421 1908 1475 τοῦ
1956 1423 2114 1489 δόξαν
2157 1423 2229 1477 τά
2279 1424 2651 1495 ἁμαρτήματα
2693 1419 2849 1492 ὑμῶν
2896 1415 3176 1492 παρορῶν,
3221 1410 3402 1495 πολλῷ

1817 1504 2017 1575 μᾶλλον
2047 1506 2113 1560 ἂν
2145 1505 2300 1560 τοῦτο
2322 1493 2555 1577 ἐποίησε
2588 1503 2703 1569 νῦν,
2734 1501 2829 1556 καὶ
2850 1501 2948 1570 τὴν
2977 1497 3188 1569 σφαγὴν
3217 1493 3403 1548 ἀπεδέ·

1817 1588 1945 1654 ξατο
1994 1589 2220 1660 ταύτην,
2260 1591 2355 1644 καὶ
2407 1588 2477 1642 τὰ
2530 1585 2704 1642 πολλά
2762 1584 2879 1659 [ἂν]
2924 1583 3079 1655 ὑμῶν
3121 1578 3402 1654 ἐξήλειψεν

1813 1672 2388 1745 ἅμαρτήματα.”οταν
2413 1673 2470 1725 δὲ
2498 1670 2754 1741 φαίνηται
2785 1670 2866 1732 εἰς
2902 1668 3056 1729 τέλος
3098 1666 3242 1737 ὑμᾶς
3271 1664 3405 1717 ἀπο-

1818 1759 2202 1833 στρεφόμενος,
2231 1757 2452 1830 εὑδηλον
2476 1758 2558 1811 ὅτι
2591 1756 2681 1809 διὰ
2724 1754 2824 1825 τῆς
2851 1751 3024 1823 ὀργῆς
3052 1748 3276 1819 ταύτης,
3308 1746 3405 1833 καὶ

1814 1830 1914 1914 τῆξ
1943 1845 2025 1908 εἰς
2051 1843 2206 1906 τέλος
2234 1839 2697 1911 ἐγκαταλείψεως,
2731 1837 2972 1892 δείκνυσι
3009 1835 3104 1889 καὶ
3133 1837 3246 1897 τοῖς
3273 1830 3407 1914 σςόέ

1815 1909 1919 1997 δρα
1962 1909 2430 1997 ἀναισχυντοῦσιν,
2479 1909 2562 1978 ὅτι
2611 1921 2733 1993 οὑχὶ
2787 1918 3105 1997 παράνομός¹
3138 1933 3224 1980 τις
3269 1909 3337 1997 ἦν
3377 1912 3410 1965 6

1817 1994 2069 2079 σιραγεὶς,
2102 1994 2219 2063 ἀλλ’
2251 2009 2414 2072 αὐτὸς
2461 2008 2491 2059 6
2537 2005 2855 2079 νομοθέτης,
2901 2003 2997 2057 καὶ
3043 1994 3151 2055 τῶν
3198 1996 3408 2070 μυρίων

1816 2094 2041 2164 ἀγαθῶν
2069 2095 2243 2158 αἴτιος
2269 2094 2302 2146 6
2329 2092 2793 2165 παραγενόμενος.
2819 2088 2920 2142 Διά
2941 2087 3101 2141 τοῦτο
3126 2087 3175 2138 οί
3206 2084 3303 2155 μὲν
3329 2082 3410 2144 είς

1817 2181 1981 2235 αὑτὸν
2009 2181 2381 2253 ἀσεϐήσαντες
2411 2181 2592 2252 ὑμεῖς,
2625 2180 2684 2231 ἐν
2715 2175 2872 2250 ῦϐρει
2903 2175 3000 2229 καλ⁸
3029 2169 3244 2242 ἀτιμίᾳ,
3272 2170 3322 2222 οἱ
3354 2168 3412 2221 δέ

1818 2266 2256 2339 προσκυνοῦντες
2280 2267 2444 2321 αὐτὸν
2460 2267 2645 2338 ἡμεῖς,
2663 2262 2982 2335 ἁτιμότεροι
3014 2259 3232 2313 πάντων
3255 2254 3411 2339 ὑμῶν

1819 2338 2131 2425 ἔμπροσθεν
2177 2352 2355 2416 ὄντες,
2385 2351 2474 2406 διὰ
2503 2351 2603 2422 τὴν
2630 2348 2724 2402 τοῦ
2952 2343 3088 2399 Θεοῦ
3123 2342 3285 2414 χάριν
3305 2338 3415 2425 *καὶ

1822 2422 2141 2508 σεμνότεροι
2186 2436 2403 2490 πάντων
2451 2433 2607 2505 ὑμῶν
2641 2435 2809 2503 ἐσμεν
2841 2430 2956 2495 νῦν,
2991 2428 3086 2481 καὶ⁵
3116 2429 3173 2479 ἐν
3204 2422 3412 2497 μείζονι

1818 2524 1953 2593 τιμῇ
1982 2520 2426 2593 καθεστήκαμεν.
2445 2519 2555 2572 Καὶ
2578 2516 2744 2571 πόθεν
2770 2514 2927 2588 δῆλον
2954 2514 3036 2567 ὅτι
3060 2509 3410 2581 ἀπεστράφη,

1822 2607 2007 2675 φησὶν,
2042 2606 2193 2675 ἡμᾶς
2236 2605 2265 2657 6
2306 2603 2467 2667 Θεόςς
2496 2601 2670 2671 Λόγου
2702 2600 2812 2671 γὰρ
2840 2598 2919 2652 ἐτι
2954 2595 3112 2669 χρεία
3145 2593 3241 2675 καί
3278 2594 3415 2646 ἀπο-

1821 2673 2041 2753 δείξεως
2062 2673 2235 2753 ξήείπέ
2268 2704 2380 2757 μοι.
2411 2685 2533 2739 Τῶν
2564 2683 2905 2756 πραγμάτων
2934 2679 3115 2734 αὑτῶν
3145 2673 3413 2748 βοώντων,

1823 2773 1917 2825 καὶ
1940 2771 2240 2841 σάλπιγγος
2260 2768 2649 2843 λαμπροτέραν
2673 2767 2942 2838 ἀφιέντων
2967 2762 3174 2835 φωνὴν,
3203 2757 3293 2813 διά
3312 2758 3414 2825 τῆς

1823 2855 2189 2927 κατασκαφῆς
2218 2854 2317 2925 τῆς
2344 2854 2486 2908 κατὰ
2512 2852 2608 2926 τὴν
2628 2852 2804 2919 πόλιν,
2836 2849 2924 2904 διὰ
2948 2850 3047 2922 τῆς
3082 2843 3418 2917 ἐρημώσεως

1822 2939 1919 2993 τοῦ
1950 2938 2104 3003 ναοῦ,
2140 2940 2235 2992 καὶ
2263 2938 2351 2991 διὰ
2381 2937 2491 2992 τῶν
2518 2935 2694 2991 ἄλλων
2723 2936 2981 2990 ἁπάντων
3012 2930 3123 2985 τῶν
3155 2931 3236 2993 εἰς
3272 2926 3419 2999 ὑμᾶς

1828 3022 2274 3094 συμϐεϐηκότων,
2307 3022 2388 3074 ἔτι
2415 3020 2505 3076 διά
2524 3020 2700 3089 λόγων
2738 3015 3012 3083 ἀπόδειξιν
3037 3012 3345 3082 ἐπιζητεῖτε
3365 3007 3417 3094 δι

1839 3107 1977 3160 Ἀλλ’
2012 3105 2311 3176 ἄνθρωποι,
2356 3105 2515 3177 φησὶ,
2546 3102 2721 3157 ταῦτα
2763 3103 2897 3172 ἡμῖν
2931 3100 3237 3169 ἐπήγαγον,
3266 3093 3421 3177 οὐχ

1826 3191 1980 3254 Θεός.
2015 3174 2269 3244 Μάλιστα
2306 3174 2529 3259 μὲνοῦν
2572 3188 2602 3239 6
2631 3185 2764 3248 Θεὸς
2796 3181 2970 3237 ταῦτα
3008 3178 3323 3251 εἰργάσατο.
3354 3174 3419 3230 Εἰ

1825 3273 1884 3327 δέ
1922 3272 2232 3345 ἀνθρώποις
2264 3271 2436 3324 ταῦτα
2477 3269 2691 3342 λογίζῃ,
2726 3268 3000 3338 σκόπησον
3031 3263 3193 3345 πάλιν
3221 3262 3417 3345 ἐκεῖνο,

1828 3361 1911 3414 ὅτι
1941 3343 2038 3414 καί
2062 3357 2360 3429 ἄνθρωποι,
2408 3356 2455 3409 εί
2490 3354 2566 3427 μὴ
2592 3353 2671 3423 τῷ
2703 3350 2823 3423 Θεῷ
2851 3347 3042 3405 δοκοῦν
3067 3343 3135 3420 ἧν
3162 3345 3338 3409 τοῦτο,
3370 3343 3420 3396 εἰ

1829 3445 1923 3499 καὶ
1971 3428 2235 3514 ἐτόλμων,
2268 3441 2370 3494 οὑκ
2404 3439 2470 3494 ἂν
2507 3437 2732 3508 ἴσχυσαν
2777 3435 2858 3498 εἰς
2907 3432 3082 3504 πέρας
3111 3428 3252 3514 αὑτά
3279 3429 3420 3514 ἀγατ

1830 3512 2111 3598 γεῖν.”οτε
2140 3525 2271 3595 γοῦν
2299 3523 2397 3597 τὴν
2424 3521 2663 3594 Περσίδα
2693 3520 2877 3574 πᾶσαν
2911 3516 3059 3586 ἄγων
3078 3527 3098 3553 ε
3131 3512 3365 3585 ἐπῆλθεν
3392 3512 3424 3565 ό

1834 3611 2133 3684 βάρϐαρος,
2151 3610 2247 3663 καὶ
2268 3608 2327 3675 ἐξ
2354 3606 2656 3684 ἐπιδρομῆς
2681 3604 2929 3665 ἅπαντας
2956 3598 3235 3684 λήψεσθαι,
3251 3611 3423 3684 προσ-

1831 3682 2085 3768 εδόκησε,
2112 3695 2209 3748 καὶ
2238 3682 2491 3764 καθάπερ
2509 3694 2565 3745 ἐν
2598 3690 2809 3760 σαγήνῃ
2838 3688 2943 3741 τινὶ
2967 3685 3059 3739 καὶ
3085 3682 3324 3768 δικτύοις
3344 3682 3424 3768 είς

1830 3780 1931 3853 τὴν
1961 3766 2117 3833 πόλιν
2147 3777 2392 3841 ἅπαντας
2415 3771 2530 3846 εἶχε
2559 3770 3091 3843 συγκεκλεισμένους
3110 3785 3123 3798 °
3157 3767 3279 3839 οὐχὶ
3301 3766 3426 3853 τότε

1832 3851 1919 3940 δὴ,
1954 3868 2097 3931 τότε,
2135 3865 2324 3936 ἐπειδὴ
2351 3864 2379 3916 6
2407 3862 2541 3926 Θεὸς
2578 3861 2735 3924 ἵλεως
2755 3853 2845 3930 ἦν,
2872 3856 3042 3929 χωρὶς
3073 3851 3427 3940 πολέμου-καὶ

1838 3936 2021 4027 μάχης
2058 3951 2153 4005 καὶ
2183 3948 2459 4021 συμϐολῆς
2487 3944 2683 4001 ἑκατὸν
2711 3942 3039 4015 ὀγδοήκοντα
3067 3940 3228 3993 πέντε
3250 3936 3421 4027 χιλιά⁴

1976 4022 2334 4109 ’στρατιωτῶν
2392 4032 2623 4105 νεκροὺς
2683 4029 2844 4101 ἀφεὶς
2893 4029 3024 4101 παρ’
3057 4022 3429 4109 ὑμῖνςοῦτιυς

1835 4105 2063 4192 ἔφυγεν,
2090 4117 2342 4190 ἀγαπῶν,
2374 4118 2424 4171 εἰ
2454 4113 2747 4184 διασωθείη
2786 4112 2981 4184 μόνος;
3017 4111 3128 4164 Καὶ
3159 4107 3351 4192 ἄλλους
3371 4105 3428 4159 δέ

1838 4191 2067 4278 μυρίους
2107 4203 2383 4273 πολέμους
2425 4198 2599 4263 οὕτως
2627 4197 2842 4278 ἔκρινεν
2893 4196 2922 4247 6
2967 4193 3103 4278 Θεὸς
3143 4191 3424 4278 πολλάκις.

1838 4275 2001 4342 Ὥστε
2028 4289 2124 4342 καὶ
2152 4286 2267 4351 νῦν,
2292 4286 2340 4337 εί
2372 4283 2448 4356 μὴ
2469 4281 2631 4344 αὑτὸς
2651 4276 2718 4353 ἦν
2744 4283 2772 4334 6
2801 4276 3059 4342 καθάπαξ
3084 4276 3227 4346 ὑμᾶς
3247 4275 3426 4345 ἀφεὶς,

1836 4376 1937 4430 οὑκ
1971 4374 2038 4428 ἂν
2071 4374 2296 4443 ἴσχυσαν
2336 4371 2385 4423 οἱ
2418 4370 2519 4441 τὴν
2559 4366 2713 4422 πόλιν
2746 4364 2902 4436 ὑμῶν
2941 4362 3285 4425 καθελόντες,
3335 4362 3431 4417 καὶ

1836 4460 1928 4513 τὸν
1962 4458 2089 4512 ναὸν
2112 4452 2522 4528 ἐρημώσαντες,
2543 4452 2643 4505 οὐκ
2674 4451 2739 4505 ἂν
2768 4450 2931 4522 μέχρι
2953 4446 3209 4501 τοσούτου
3238 4445 3306 4499 τά
3331 4445 3430 4516 τῆς

1838 4542 2077 4617 ἐρημίας
2120 4542 2364 4612 ἔμεινενο
2407 4538 2509 4591 οὑκ
2537 4536 2625 4600 ἂν,
2669 4534 2933 4597 πολλάκις
2976 4531 3131 4604 ὑμῶν
3160 4533 3431 4603 ἐπιχειρη-

1841 4629 2074 4696 σάντων,
2110 4624 2369 4697 ἀνόνητος
2404 4624 2438 4695 ἡ
2465 4621 2810 4693 ἐπιχείρησις
2833 4617 3078 4689 γέγονεν.

1911 4869 1974 4923 δ’.
2001 4867 2115 4922 Οὐκ
2136 4862 2387 4919 ἐντεῦθεν
2413 4861 2471 4916 δέ
2496 4860 2678 4933 μόνον,
2705 4857 2841 4913 ἀλλά
2861 4858 2956 4911 καὶ
2984 4851 3252 4925 ἑτέρωθεν
3286 4851 3432 4923 ὑμᾶς

1842 4956 2028 5007 πεῖσαι
2054 4950 2413 5024 πειράσομαι,
2449 4948 2530 5001 ὅτι
2557 4946 2658 4999 οὑκ
2701 4942 2879 5014 οἰκείᾳ
2909 4940 3141 5012 δυνάμει
3169 4936 3433 5007 ἐποίησαν

1841 5042 1979 5112 ὅπερ
2010 5020 2275 5111 ἐποίησαν
2298 5020 2383 5099 εἰς
2412 5034 2557 5106 ὑμᾶς
2592 5032 2642 5085 οί
2690 5028 2929 5103 βασιλεῖς
2962 5022 3270 5112 Ῥωμαίων,
3296 5020 3434 5112 ἀλλὰ

1842 5105 2057 5196 διά-τὴν
2084 5105 2256 5196 ὀργὴν
2282 5118 2378 5174 τοῦ
2406 5117 2542 5172 Θεοῦ
2570 5116 2667 5170 καὶ
2693 5114 2796 5186 τὴν
2822 5109 2988 5167 αὑτοῦ
3021 5105 3428 5196 ἐγκατάλειψινί

1842 5211 1908 5267 Εἰ
1933 5191 2043 5282 γὰρ
2072 5191 2376 5279 ἀνθρώπων
2401 5200 2471 5276 ἦν
2498 5202 2660 5274 ἔργον
2697 5200 2759 5254 τὸ
2791 5198 3104 5282 γενόμενον,
3131 5193 3237 5247 ἔδει
3271 5191 3435 5282 μέχρι

1842 5276 2223 5368 ήςνάλώσεως
2254 5289 2447 5359 στῆναι
2476 5288 2548 5341 τὰ
2582 5286 2845 5358 ὑμέτερα,
2879 5282 2977 5368 καὶ
3008 5280 3087 5368 μη
3124 5276 3435 5368 περαιτέρω

1845 5361 2129 5452 προελθεῖν
2157 5375 2312 5448 ὑμῶν
2356 5373 2456 5444 τὴν
2497 5371 2743 5442 ἀτιμίαν.
2782 5366 3008 5452 Κείσθω
3028 5364 3137 5437 γάρ
3162 5361 3312 5452 ’κατά
3342 5368 3436 5414 τὸν

1845 5444 2112 5535 ὑμέτερον
2140 5444 2320 5530 λόγον,
2348 5458 2431 5510 ὅτι
2456 5455 2525 5509 τά
2553 5455 2708 5527 τείχη
2740 5448 3090 5535 κατέσκαψαν
3124 5447 3177 5535 οἱ

1848 5529 1962 5613 ποι,
1996 5529 2090 5601 καὶ
2115 5546 2214 5617 τὴν
2248 5542 2403 5596 πόλιν
2430 5538 2699 5604 καθεῖλον,
2739 5536 2834 5590 καὶ
2876 5534 2967 5588 τὸν
2995 5532 3180 5608 βωμὸν
3212 5529 3436 5600 ἀνέτρεο

1907 5746 1937 5787 δ
1964 5746 2098 5806 Haec,
2122 5748 2218 5794 τῶν
2241 5746 2305 5801 εἷς
2322 5745 2444 5806 ὑμᾶς
2462 5742 2850 5807 συμϐεϐηκότων,
2876 5741 2946 5790 ἔτι
2972 5739 3049 5788 διὰ
3071 5739 3223 5800 λόγων
3240 5734 3439 5784 ἀπόδει-

1847 5810 1911 5866 ξιν
1934 5809 2213 5865 ἐπιζητεῖτε.
2239 5807 2423 5855 desunt
2444 5808 2494 5855 in
2518 5807 2693 5869 decep}
2715 5816 2845 5869 ms§._
2914 5868 2917 5869 ν
3004 5867 3009 5869 Α
3161 5859 3186 5869 __
3329 5853 3341 5864 ,

1854 5859 1867 5866 ’
1895 5874 1934 5945 ,⁸
1957 5859 2095 5982 ligo}:
2113 5872 2407 5934 scripturam
2430 5870 2621 5919 notavit
2642 5862 2810 5917 110ml?
2832 5866 2887 5915 in
2909 5867 3051 5913 textu
3075 5859 3298 5909 suibens
3320 5859 3430 5915 ἀγα-

1844 5948 1957 5994 γων.
2005 5946 2055 5980 'n
2076 5948 2120 5981 τ.
