3920 6448
103 473 220 528 909

100 597 228 643 tare
261 584 610 656 dejectum;
656 601 781 640 num
811 593 866 641 et
909 569 1039 641 illud
1086 584 1153 641 ab
1190 583 1494 639 hominibus
1535 582 1754 645 factum,

93 676 257 746 quod
292 677 611 748 prophetae
656 676 975 734 cessarunt?
1018 676 1156 731 Num
1192 685 1249 731 et
1289 674 1507 746 spiritus
1530 675 1756 745 gratiam

98 769 531 825 sustulerunt?
556 769 687 824 Num
722 769 822 823 alia
845 784 963 839 qua:
990 766 1130 838 apud
1150 781 1245 822 vos
1277 765 1427 821 fuere
1454 765 1755 820 veneranda

94 864 562 929 destruxerunt,
600 861 763 915 veluti
808 874 994 915 vocem
1045 860 1115 914 de
1169 858 1535 929 propitiatorio
1580 856 1753 920 reddi,

103 955 220 1009 vim
251 955 582 1019 unctionis,
618 953 1030 1009 declarationem
1058 967 1178 1023 quae
1208 950 1368 1006 fiebat
1408 951 1461 1005 in
1492 948 1754 1019 lapidibus

100 1043 439 1100 sacerdotis
457 1044 491 1098 ?
510 1043 695 1115 Neque
710 1044 852 1099 enim
877 1042 1094 1099 Judaica
1113 1043 1300 1112 religio
1316 1041 1547 1111 origines
1566 1055 1754 1095 omnes

107 1135 367 1190 habebat
386 1151 466 1191 ex
498 1134 861 1198 inferioribus,
880 1133 973 1190 sed
990 1135 1174 1204 plures
1190 1148 1253 1188 ac
1271 1131 1755 1202 magnificentiores

108 1242 371 1298 superne
405 1242 442 1282 e
486 1227 660 1282 etclis.
689 1226 932 1296 Exempli
957 1242 1115 1282 causa
1150 1245 1164 1281 :
1208 1226 1453 1296 permisit
1494 1225 1752 1280 sacrificia

109 1318 259 1373 fieri.
306 1317 523 1373 Altare
570 1316 784 1388 quidem
812 1325 929 1373 erat
969 1317 1124 1381 infra,
1177 1316 1411 1386 itemque
1452 1315 1661 1386 gladius
1699 1322 1754 1372 et

113 1411 287 1480 ligna,
343 1425 579 1465 necnon
623 1409 916 1465 sacerdos:
957 1418 1210 1464 caeterum
1240 1409 1375 1478 ignis
1414 1416 1668 1464 venturus
1699 1407 1752 1462 in

114 1502 279 1573 adyta
312 1500 447 1569 illa,
480 1501 834 1569 victimasque
860 1508 1300 1570 consumpturus,
1330 1514 1363 1554 e
1390 1499 1636 1569 supernis
1656 1498 1752 1553 hac

116 1592 285 1648 bebat
312 1591 626 1663 originem.
667 1591 776 1647 Nec
813 1592 955 1646 enim
988 1592 1148 1645 homo
1190 1588 1450 1645 inferebat
1490 1590 1664 1660 ignem
1693 1591 1749 1645 in

117 1682 419 1753 templum,
450 1681 555 1738 sed
581 1683 793 1737 flamma
814 1698 846 1737 e
869 1682 1084 1737 sublimi
1116 1681 1354 1736 immissa
1378 1681 1623 1737 sacrificii
1646 1682 1747 1735 mi-

120 1775 420 1830 nisterium
455 1773 783 1844 complebat.
826 1772 1059 1828 Rursum
1095 1774 1140 1827 si
1182 1771 1395 1841 quando
1421 1786 1749 1843 cognoscen-

120 1868 247 1921 dum
282 1875 412 1922 erat
433 1865 646 1937 aliquid
672 1879 704 1920 e
733 1864 1121 1934 propitiatorio,
1152 1878 1256 1917 vox
1277 1863 1540 1933 qumpiam
1574 1878 1605 1917 e
1630 1877 1747 1916 me-

121 1958 210 2011 dio
246 1956 569 2012 Cheruhim
604 1956 870 2026 prodibat,
910 1956 1206 2027 praedicens
1248 1940 1442 2009 futura.
1479 1953 1682 2008 Rursus
1714 1969 1748 2009 e

124 2047 400 2117 lapidibus
430 2047 532 2118 qui
562 2054 716 2103 erant
749 2046 803 2101 in
850 2055 1066 2117 pectore
1107 2046 1300 2100 summi
1329 2044 1645 2112 sacerdotis,
1692 2044 1743 2099 id

129 2140 398 2195 vocabant
428 2139 881 2206 declarationem,
908 2138 1179 2195 relucebat
1217 2139 1388 2209 fulgor
1417 2137 1630 2208 quidam
1657 2138 1744 2191 fu-

127 2246 241 2288 tura
271 2233 622 2305 significans.
667 2233 930 2289 Prmterea
961 2232 1169 2303 quoties
1196 2240 1340 2286 esset
1361 2231 1554 2301 aliquis
1587 2230 1745 2285 inunâ€”

131 2324 359 2393 gendus,
383 2325 687 2381 devolabat
712 2324 933 2395 spiritus
952 2324 1142 2393 gratia,
1170 2332 1225 2379 et
1248 2322 1425 2377 oleum
1453 2321 1739 2379 insiliebat.

131 2417 252 2472 Haec
275 2427 466 2474 autem
498 2414 945 2473 administrabant
973 2415 1268 2487 prophetae.
1299 2415 1437 2483 Quin
1469 2424 1524 2469 et
1547 2415 1740 2471 nebula

134 2508 444 2578 frequenter
464 2516 524 2564 et
548 2507 726 2562 fumus
750 2507 905 2579 adyta
934 2507 1244 2578 occupabat.
1274 2504 1457 2576 Itaque
1485 2520 1552 2561 ne
1572 2505 1741 2561 Judaei

136 2598 381 2667 perfricta
411 2598 601 2655 fronte
628 2598 938 2654 hominibus
965 2599 1287 2669 imputarent
1316 2612 1532 2653 suarum
1560 2612 1739 2652 rerum

141 2691 517 2756 vastationem,
566 2706 678 2744 non
721 2689 895 2745 solum
935 2690 1205 2745 civitatem
1253 2690 1392 2744 Deus
1431 2703 1620 2759 passus
1657 2696 1743 2744 est

137 2780 288 2849 dirui,
339 2797 406 2836 ac
458 2781 723 2852 tetnplum
772 2782 992 2847 vastari,
1037 2796 1220 2835 verum
1259 2781 1420 2835 etiam
1466 2779 1575 2848 illa,
1621 2795 1741 2850 quae

142 2872 338 2928 caelitus
361 2873 646 2929 habebant
671 2874 931 2944 originem
947 2916 963 2941 ,
1008 2890 1039 2929 e
1064 2872 1240 2928 medio
1265 2873 1501 2939 sustulit,
1544 2872 1738 2927 videli-

141 2971 220 3017 cet
247 2964 448 3034 ignem,
470 2980 685 3029 vocem,
715 2980 747 3020 e
767 2965 1028 3034 lapidibus
1045 2962 1191 3019 reddi
1219 2962 1431 3017 solitum
1455 2962 1734 3031 fulgorem,

146 3065 193 3110 et
206 3056 360 3127 hujus
379 3059 602 3129 generis
622 3057 723 3112 alia
741 3059 1003 3112 universa.
1024 3055 1253 3112 Proinde
1268 3070 1388 3109 cum
1410 3055 1501 3110 tibi
1519 3054 1739 3111 Judaeus

145 3148 345 3217 dixerit,
377 3150 632 3205 homines
654 3150 804 3205 nobis
831 3150 1025 3205 bellum
1054 3149 1363 3212 intulerunt,
1390 3147 1633 3202 homines
1652 3149 1738 3203 in-

148 3237 306 3292 sidiati
332 3249 481 3306 sunt,
516 3239 688 3294 dicito
730 3239 801 3292 illi
840 3256 856 3291 :
893 3237 1129 3308 profecto
1153 3252 1260 3292 non
1291 3237 1488 3293 bellum
1530 3237 1739 3292 intulis-

148 3340 253 3384 sent
277 3330 549 3397 homines,
583 3330 684 3385 nisi
713 3330 855 3386 Deus
885 3330 985 3386 hoc
1010 3330 1362 3401 permisisset.
1394 3330 1592 3385 Verum
1620 3339 1738 3386 esto

150 3433 286 3487 sane,
337 3439 557 3478 murum
602 3432 840 3477 vestrum
884 3422 1145 3478 diruerint
1196 3422 1460 3486 homines,
1508 3438 1635 3478 num
1684 3433 1739 3478 et

153 3509 312 3579 ignem
339 3530 402 3568 ex
434 3514 551 3569 alto
587 3513 779 3569 devehi
808 3514 978 3570 vetuit
1004 3514 1201 3568 homo?
1226 3513 1362 3568 Num
1385 3530 1570 3570 vocem
1603 3514 1739 3569 assi-

154 3601 245 3657 due
281 3620 345 3659 ex
385 3604 761 3677 propitiatorio
801 3604 971 3660 audiri
1011 3605 1224 3661 solitam
1263 3605 1493 3659 inhibuit
1531 3603 1737 3660 homo?

157 3708 268 3748 num
321 3696 741 3753 declarationem
792 3697 845 3752 in
888 3698 1151 3768 gemmis?
1186 3714 1311 3752 num
1346 3698 1735 3753 sacerdotalem

158 3787 484 3844 unctionem?
511 3805 641 3845 num
663 3799 853 3844 caetera
880 3790 1056 3843 omnia
1078 3790 1293 3845 sustulit
1317 3789 1515 3845 immo?
1544 3791 1736 3844 Annon

160 3875 285 3932 Deus
333 3880 447 3937 haec
489 3882 672 3937 omnia
718 3881 972 3939 sustulit?
1012 3881 1219 3937 Nemini
1260 3899 1367 3937 non
1399 3874 1736 3953 perspicuum

158 3976 261 4032 est;
290 3970 379 4025 sed
410 3988 514 4043 qua
558 3972 626 4027 de
663 3987 822 4028 causa
869 3973 1116 4028 sustulit?
1157 3975 1349 4029 Annon
1396 3973 1736 4030 manifestum

162 4067 234 4111 est
276 4059 391 4114 ideo
446 4063 678 4130 fecisse,
744 4062 887 4134 quod
930 4078 1026 4119 vos
1062 4065 1289 4131 odisset,
1336 4067 1585 4136 quodque
1637 4081 1737 4135 pe-

163 4148 288 4204 nitus
325 4156 697 4211 aversarctur?
734 4156 1099 4226 Nequaquam,
1152 4157 1417 4227 inquiunt,
1467 4157 1563 4212 sed
1604 4172 1738 4227 quo-

168 4243 290 4295 niam
341 4247 621 4319 metropoli
687 4262 966 4313 caremus,
1005 4247 1126 4301 ideo
1169 4262 1412 4302 caremus
1473 4257 1527 4302 et
1584 4248 1732 4302 istis:

166 4341 251 4382 cur
274 4348 395 4389 vero
428 4338 517 4393 illa
556 4337 794 4393 caretis?
834 4337 1019 4394 Nonne
1057 4337 1181 4412 quia
1219 4352 1314 4392 vos
1343 4337 1489 4392 Deus
1537 4336 1736 4393 dereli-

167 4424 284 4488 quit.

229 4511 359 4573 Deus
403 4519 657 4592 indignius
682 4523 795 4577 tulit
822 4522 1010 4579 Christi
1045 4539 1248 4589 necem,
1278 4539 1430 4595 quam
1466 4524 1609 4578 uituli
1633 4524 1737 4578 ad-

172 4607 520 4665 orationem.â€”
532 4612 669 4680 Quin
706 4613 903 4684 potius,
936 4625 993 4669 ut
1023 4614 1237 4670 uberius
1263 4615 1591 4685 impudentia
1620 4616 1738 4670 illo-

174 4710 275 4752 rum
299 4717 385 4757 ora
410 4706 719 4762 claudamus
750 4725 764 4763 :
791 4723 889 4778 age
917 4717 972 4763 et
1012 4707 1114 4763 hoc
1151 4708 1545 4778 Scripturarum
1587 4710 1738 4764 testi-

178 4791 347 4848 moniis
365 4796 808 4870 demonstremus,
833 4801 976 4872 quod
1006 4802 1185 4872 templi
1213 4802 1421 4857 eversio
1449 4819 1553 4857 non
1579 4801 1741 4857 fuerit

177 4892 315 4937 causa
345 4885 714 4948 destruetionis
740 4902 1056 4948 creterorum
1082 4908 1113 4947 a
1151 4892 1423 4963 prophetis
1450 4894 1735 4963 prmdictze,

181 4972 260 5025 sed
286 4974 354 5032 ira
378 4979 489 5049 Dei,
517 4992 571 5039 et
603 4983 744 5055 quod
775 4984 945 5055 magis
971 4985 1133 5039 etiam
1165 4985 1335 5054 ipsum
1368 4984 1624 5039 irritarint
1654 4985 1736 5039 in-

181 5065 420 5127 sanientes
452 5075 504 5129 in
531 5075 801 5131 Christum
826 5117 842 5140 ,
873 5091 1030 5146 quam
1079 5085 1190 5129 tum
1235 5089 1357 5129 cum
1390 5075 1613 5129 vitulum
1642 5074 1739 5129 ad-

184 5167 386 5216 orarent.
412 5164 538 5221 Nam
568 5182 689 5223 cum
716 5168 1096 5222 vaticinaretur
1125 5166 1319 5232 Moses,
1356 5181 1456 5222 nec
1483 5167 1736 5236 templum

184 5258 281 5302 erat
300 5293 314 5317 ,
338 5270 432 5312 nec
458 5259 661 5327 altare;
689 5259 783 5316 sed
815 5276 935 5315 cum
966 5259 1316 5329 persisterent
1353 5258 1407 5313 in
1447 5260 1740 5313 innumeris

188 5336 538 5420 imPietatibus,
571 5362 746 5408 tamen
791 5350 1086 5423 prephetiaa
1115 5349 1314 5406 donum
1354 5364 1459 5404 non
1488 5351 1737 5406 cessavit.

192 5424 360 5490 Verum
382 5448 434 5495 et
456 5442 538 5499 hic
580 5445 695 5514 ipse
736 5460 960 5514 magnus
985 5451 1145 5512 atque
1170 5441 1415 5512 egregius
1441 5442 1541 5504 vir,
1571 5450 1626 5497 et
1650 5441 1739 5495 alii

192 5531 349 5580 rursus
389 5543 573 5600 praeter
614 5535 756 5591 hunc
799 5536 1130 5606 septuaginta
1181 5543 1291 5588 tum
1325 5534 1577 5589 exstitere
1621 5550 1744 5605 pro-

194 5612 342 5674 D'Ieta:
371 5635 385 5671 :
412 5637 502 5678 nec
528 5627 580 5681 id
610 5626 782 5681 solum
805 5667 820 5690 ,
850 5642 1031 5681 verum
1058 5634 1113 5680 et
1139 5633 1257 5695 post
1279 5624 1459 5679 datum
1489 5624 1739 5694 templum

196 5700 513 5782 â€œmittamque
538 5726 702 5772 totam
725 5717 1008 5785 culturam,
1030 5716 1225 5772 deinde
1245 5717 1349 5771 hoc
1373 5715 1590 5770 incenso
1615 5732 1745 5771 cun-

200 5791 372 5867 Îµá½·á½·Î´á½·Î¹Î¹Î¹Î¸
396 5807 629 5878 sublatis,
663 5811 715 5866 in
744 5810 1017 5881 Babylone
1049 5824 1234 5865 rursus
1262 5808 1582 5864 exstiterunt
1607 5808 1745 5863 Eze-

204 5880 321 5941 thiei
341 5903 386 5947 et
410 5896 604 5972 Daniel,
628 5904 716 5973 qui
742 5880 869 5959 cum,
891 5918 989 5958 nec
1015 5909 1196 5958 sancta
1223 5907 1529 5958 sanctorum
1551 5899 1751 5972 aspice-

1378 466 1746 524 ADVERSUS
1780 465 2083 523 JUDAâ€˜IOS.
2130 466 2216 521 Vl.

3352 490 3457 549 9H)

1865 588 2006 644 rent,
2034 596 2132 636 nec
2159 581 2312 637 altari
2343 585 2674 653 assisterent,
2702 588 2797 643 sed
2824 589 2876 644 in
2906 589 3078 647 media
3104 592 3451 652 barbarorum

1865 670 2083 742 regione
2110 681 2167 727 et
2195 672 2527 743 impurorum
2568 676 2844 734 hominum
2888 685 3161 739 consortio
3197 699 3417 756 agerent
3442 730 3459 756 ,

1863 759 2051 831 spiritu
2091 763 2279 832 repleti
2327 763 2504 821 futura
2548 768 2940 838 praedicebant,
2982 773 3140 845 idque
3177 774 3247 830 de
3292 778 3456 833 rebus

1863 850 2033 907 multo
2059 861 2169 908 tum
2202 853 2473 923 pluribus,
2505 864 2615 911 tum
2642 859 3125 919 admirabilioribus
3147 880 3307 936 quam
3335 883 3455 936 qum

1863 954 2250 1015 praecesserant
2280 965 2293 999 :
2324 962 2389 1003 ac
2415 947 2649 1005 divinam
2678 952 2937 1008 visionem
2965 956 3229 1021 viderunt,
3258 969 3451 1029 quate-

1862 1053 1961 1092 nus
1988 1038 2118 1107 ipsis
2140 1032 2326 1094 videre
2360 1040 2529 1095 licuit.
2571 1042 2752 1112 Itaque
2777 1044 2938 1100 dicite
2965 1047 3094 1101 mihi
3113 1088 3128 1107 .
3155 1063 3320 1119 quare
3346 1064 3451 1105 non

1862 1128 2068 1184 habetis
2096 1145 2237 1184 nunc
2266 1131 2592 1201 prophetas?
2620 1136 2809 1189 Annon
2834 1136 3176 1206 perspicuum
3205 1150 3287 1195 est
3315 1140 3453 1194 hanc

1858 1235 1979 1277 esse
2026 1235 2279 1289 causam,
2320 1225 2462 1293 quod
2506 1225 2644 1281 Deus
2681 1238 2852 1281 vestra
2890 1239 3167 1286 aversatus
3206 1232 3316 1286 sit?
3346 1232 3450 1288 Sed

1857 1326 2018 1380 quam
2046 1312 2117 1367 ob
2150 1328 2366 1369 causam
2397 1329 2493 1370 vos
2526 1325 2800 1372 aversatus
2836 1320 2953 1374 est?
2986 1321 3200 1375 Clarum
3240 1323 3365 1376 item
3398 1334 3453 1377 et

1858 1402 1960 1458 hoc
1978 1446 1992 1468 ,
2020 1405 2163 1474 quod
2193 1406 2262 1461 ob
2287 1406 2434 1460 illum
2459 1408 2773 1463 crucifixum
2795 1450 2811 1475 ,
2838 1420 2893 1465 et
2923 1411 3140 1482 impium
3170 1414 3297 1466 illud
3325 1415 3440 1469 faci-

1856 1511 1976 1550 nus.
2008 1495 2157 1552 Unde
2186 1497 2288 1553 hoe
2318 1499 2501 1569 liquet,
2532 1498 2742 1569 inquis?
2767 1500 2846 1555 Ex
2885 1500 3004 1567 hoc,
3035 1502 3177 1571 quod
3200 1519 3322 1558 eum
3351 1519 3450 1557 an-

1856 1590 2012 1643 tehac
2053 1590 2215 1658 impie
2255 1590 2539 1657 viveretis,
2581 1591 2712 1644 nihil
2754 1607 2861 1646 non
2905 1592 3267 1658 obtinebatis;
3310 1609 3451 1651 nuttc

1854 1697 1984 1737 vero
2009 1698 2131 1737 cum
2162 1682 2450 1738 videamini
2488 1683 2785 1739 modestius
2823 1684 3005 1740 vivere
3041 1695 3161 1755 post
3196 1703 3445 1754 crucem,

1854 1773 2083 1841 majores
2116 1774 2261 1828 luitis
2288 1788 2494 1844 poenas,
2525 1790 2697 1843 neque
2726 1775 3010 1845 quidquam
3031 1791 3215 1831 eorum
3237 1778 3450 1832 contin-

1850 1863 1928 1932 git
1953 1862 2171 1930 habere,
2197 1880 2317 1934 quae
2344 1865 2493 1934 prius
2522 1866 2821 1921 habebatis.

1921 1954 1976 2009 5.
2018 1953 2103 2008 Ea:
2138 1956 2396 2025 prophetis
2434 1957 2677 2027 probatur
2708 1960 2883 2028 futura
2913 1958 3201 2028 reprobatio
3235 1958 3448 2013 Iudico-

1849 2062 1984 2100 rum.
2008 2077 2085 2088 â€”
2110 2047 2179 2104 Ut
2205 2058 2381 2103 autem
2404 2058 2457 2102 et
2488 2049 2626 2118 ipsis-
2642 2048 2923 2120 prophetis
2959 2050 3061 2105 hoc
3090 2052 3366 2107 evidenter
3392 2062 3447 2107 et

1847 2153 2103 2209 expresse
2125 2139 2548 2207 testificantibus,
2579 2142 2919 2211 prmsentium
2943 2143 3205 2198 malorum
3229 2158 3445 2199 causam

1849 2232 2184 2303 intelligatis,
2211 2233 2391 2287 audite
2417 2233 2542 2304 quid
2591 2232 2723 2288 dicit
2766 2232 2964 2301 Isaias,
2991 2235 3261 2305 quomodo
3302 2250 3442 2305 pra:-

1846 2324 1977 2380 dicit
2007 2326 2164 2380 simul
2193 2334 2248 2380 et
2275 2334 2553 2380 venturam
2580 2326 2828 2381 omnibus
2857 2342 2955 2397 per
2979 2326 3249 2382 Christum
3278 2328 3445 2383 bene-

1847 2419 2146 2485 ficentiam,
2174 2428 2229 2474 et
2252 2429 2484 2474 vestram
2516 2414 2969 2489 ingratitudine'm.
2997 2419 3214 2486 Livore,
3243 2420 3442 2490 inquit,
3480 2480 3487 2485 ,

1846 2510 1955 2580 ejus
1994 2524 2087 2564 nos
2130 2509 2300 2563 sanati
2338 2520 2511 2564 sumus
2536 2507 2648 2578 (Is.
2674 2509 2765 2565 55.
2792 2509 2866 2579 5)
2896 2528 2910 2564 :
2936 2510 3166 2564 salutem
3205 2509 3446 2565 indicans

1845 2615 1942 2671 per
1968 2616 2184 2656 crucem
2227 2601 2479 2656 omnibus
2520 2600 2775 2654 oblatam.
2819 2601 3019 2655 Deinde
3056 2601 3241 2671 quales
3276 2602 3445 2657 simus

1846 2708 1946 2749 nos
1984 2692 2227 2747 indicans
2247 2733 2263 2760 ,
2296 2692 2525 2761 subjecit
2555 2710 2568 2747 :
2603 2692 2789 2747 Omnes
2825 2702 2880 2747 ut
2916 2708 3030 2747 oves
3063 2693 3441 2759 aberravimus,

1845 2783 1995 2837 homo
2023 2783 2076 2836 in
2103 2782 2183 2837 via
2210 2799 2303 2837 sua
2329 2785 2511 2837 erravit
2536 2782 2643 2856 (Ib.
2671 2800 2721 2838 Ï….
2750 2783 2826 2853 6).
2857 2783 2991 2838 Tum
3021 2784 3193 2839 crucis
3223 2786 3438 2841 modum

1844 2874 2123 2943 explicans
2146 2916 2162 2942 ,
2193 2874 2272 2929 sic
2309 2874 2543 2944 loquitur
2574 2892 2588 2928 :
2620 2875 2765 2929 Sicut
2794 2876 2897 2929 ovis
2924 2874 2993 2928 ad
3019 2875 3317 2930 occisionem
3344 2876 3444 2929 du-

1844 2974 1956 3019 ctus
1982 2974 2086 3030 est,
2117 2974 2163 3018 et
2190 2974 2245 3018 ut
2273 2981 2436 3036 agnus
2464 2965 2516 3018 in
2541 2976 2814 3036 conspectu
2854 2965 3104 3020 tondentis
3141 2966 3308 3035 ipsum
3336 2969 3444 3021 sine

1842 3073 1963 3111 voce
2000 3058 2125 3129 fuit,
2158 3058 2231 3111 sic
2259 3073 2360 3110 non
2399 3057 2561 3127 aperit
2598 3073 2654 3111 os
2695 3073 2862 3110 suum.
2900 3054 2969 3109 In
3007 3057 3291 3111 humilitate
3334 3058 3444 3127 ejus

1831 3148 2089 3219 judicium
2128 3149 2238 3219 ejus
2277 3148 2529 3202 sublatum
2569 3157 2642 3202 est
2668 3146 2788 3218 (Ib.
2817 3163 2868 3202 Ï….
2903 3148 2956 3201 7.
2986 3147 3080 3218 8).
3113 3148 3175 3202 Et
3205 3147 3293 3202 ubi
3326 3148 3443 3203 haec

1842 3240 2087 3296 evenisse
2116 3240 2240 3294 licet
2265 3238 2484 3295 videre?
2510 3239 2566 3294 In
2598 3238 2801 3294 nefario
2826 3240 3075 3308 praetorio
3102 3239 3278 3294 Pilali.
3305 3240 3439 3294 Cum

1842 3331 1985 3388 enim
2017 3340 2125 3386 tam
2158 3332 2341 3393 multa,
2367 3330 2554 3399 inquit,
2589 3331 2891 3384 testimonia
2919 3330 3221 3400 proferrent
3247 3329 3442 3384 adver-

1843 3439 1934 3478 sus
1959 3424 2157 3495 ipsum,
2184 3422 2314 3476 nihil
2344 3421 2422 3476 eis
2450 3421 2726 3491 respondit
2753 3422 2929 3478 Jesns.
2956 3422 3018 3476 Et
3043 3422 3177 3477 dixit
3198 3422 3263 3476 ad
3292 3422 3438 3476 illum

1843 3513 2047 3567 Prmses
2067 3555 2082 3579 ,
2111 3513 2271 3566 Audis
2296 3528 2447 3582 quam
2478 3512 2638 3565 multa
2678 3513 2732 3565 in
2771 3522 2817 3566 te
2850 3513 3178 3581 testiï¬ceutur
3204 3511 3224 3583 (
3251 3510 3439 3565 Matth.

1841 3605 1931 3661 27.
1977 3603 2105 3678 15)?
2149 3606 2347 3660 Verum
2392 3603 2525 3659 nihil
2565 3604 2866 3674 respondit,
2895 3604 2990 3660 sed
3021 3604 3195 3659 stabat
3224 3605 3439 3660 tacitus.

1843 3697 1956 3753 Iloc
1979 3697 2107 3751 olim
2134 3698 2337 3752 cmlitus
2357 3697 2567 3753 afflatus
2592 3697 2848 3767 prepheta
2874 3697 3084 3753 dixerat
3115 3716 3129 3755 :
3161 3697 3309 3754 Sicut
3332 3700 3441 3753 ovis

1841 3789 1911 3842 ad
1939 3790 2238 3843 occisionem
2266 3788 2443 3844 ductus
2469 3798 2576 3854 est,
2610 3798 2655 3842 et
2681 3790 2810 3842 sicut
2833 3805 2993 3859 agnus
3022 3803 3193 3843 coram
3233 3805 3287 3843 se
3322 3798 3439 3843 tou-

1841 3881 1990 3936 dente
2015 3890 2182 3936 mutus
2213 3880 2366 3950 (Isai.
2396 3882 2485 3937 55.
2511 3881 2587 3953 8).
2614 3881 2857 3936 Î¡Î¿ÎµÎ¹Î¹Î¹Ï‰á½·Î‡
2885 3896 3161 3951 exponens
3190 3882 3412 3952 iniquita
3433 3915 3445 3926 -

1844 3980 1952 4027 tem
1990 3972 2043 4026 in
2086 3972 2338 4043 praetorio
2378 3979 2739 4042 perpetratam
2776 3970 2849 4025 ait
2880 3988 2894 4024 :
2928 3970 2996 4024 In
3025 3972 3308 4026 humilitate
3333 3972 3442 4042 ejus

1830 4065 2092 4136 judicium
2114 4066 2224 4137 ejus
2249 4064 2500 4120 sublatum
2525 4075 2618 4119 est.
2648 4064 2819 4120 Nemo
2846 4073 2956 4119 tum
2985 4080 3051 4119 ex
3075 4065 3208 4135 juris
3237 4066 3442 4119 ratione

1841 4155 1910 4210 de
1939 4155 2031 4211 illo
2059 4157 2367 4226 suffragium
2403 4157 2548 4223 tulit,
2581 4156 2672 4210 sed
2712 4156 2841 4210 falsa
2886 4156 3061 4224 potius
3088 4155 3347 4210 adversus
3379 4156 3443 4209 il-

1842 4246 1951 4301 lum
1990 4246 2317 4315 recipiebant
2345 4246 2665 4301 testimonia.
2700 4245 2757 4299 In
2795 4258 2952 4299 causa
2981 4255 3125 4309 erat,
3156 4245 3297 4311 quod
3327 4255 3433 4299 tum

1843 4335 2061 4390 nolebat
2087 4350 2206 4390 esse
2237 4336 2452 4390 vindex.
2483 4335 2616 4389 Nam
2648 4336 2692 4389 si
2724 4336 2997 4400 voluisset,
3029 4335 3203 4389 omnia
3234 4335 3446 4390 turbas-

1842 4434 1944 4488 set,
1972 4426 2455 4494 eoncussissetque.
2485 4425 2695 4479 Etenim
2725 4427 2769 4479 si
2801 4426 2851 4479 id
2882 4426 3156 4495 temporis,
3181 4441 3286 4496 quo
3313 4441 3440 4496 pen-

1841 4515 2002 4571 debat
2042 4516 2095 4571 in
2135 4531 2326 4581 cruce,
2360 4532 2486 4571 saxa
2518 4517 2762 4581 discidit,
2804 4518 2988 4571 orbem
3037 4526 3297 4573 terrarum
3338 4518 3437 4572 ob-

1845 4611 2114 4678 scuravit,
2143 4611 2275 4666 solis
2315 4610 2496 4666 radios
2534 4610 2725 4665 avertit
2745 4652 2761 4678 ,
2789 4620 2999 4666 noctem
3031 4611 3204 4666 medio
3232 4612 3319 4667 die
3347 4626 3442 4681 per

1844 4702 2144 4759 universam
2169 4712 2362 4758 terram
2391 4702 2620 4769 induxit,
2648 4702 2786 4757 idem
2814 4704 3075 4774 potuisset
3103 4704 3155 4758 in
3189 4704 3438 4773 praetorio

1843 4793 2041 4851 facere.
2073 4793 2270 4850 Verum
2312 4794 2480 4849 noluit
2504 4835 2520 4861 ,
2550 4793 3013 4848 mansuetudinem
3054 4808 3119 4848 ac
3165 4794 3439 4849 lenitatem

1843 4885 2123 4941 exhibens.
2152 4884 2277 4940 ideo
2301 4884 2430 4940 dicit
2459 4903 2472 4940 :
2505 4882 2573 4939 In
2600 4883 2884 4938 humilitate
2909 4884 3019 4954 ejus
3046 4884 3303 4955 judicium
3332 4902 3443 4956 ejus

1843 4977 2094 5031 sublatum
2137 4985 2229 5032 est.
2274 4975 2478 5032 Deinde
2519 4976 2927 5039 demonstrans,
2965 4975 3107 5044 quod
3151 4991 3256 5029 non
3299 4985 3443 5029 esset

1844 5084 1981 5124 unus
2003 5068 2224 5139 quilibet
2247 5082 2279 5124 e
2304 5067 2482 5138 vulgo,
2509 5067 2734 5135 subjecit
2764 5085 2777 5121 :
2803 5065 3185 5122 Geucrationem
3206 5067 3314 5136 ejus
3333 5067 3444 5135 quis

1844 5160 2134 5215 enarrabit?
2153 5160 2284 5228 Quis
2303 5159 2444 5215 enim
2468 5168 2570 5223 est,
2594 5159 2662 5213 de
2682 5174 2786 5229 quo
2807 5159 2931 5213 dicit
2955 5176 2969 5212 :
2991 5156 3206 5210 Tollitur
3226 5156 3288 5209 de
3309 5166 3444 5210 terra

1845 5255 1946 5307 vita
1969 5254 2078 5325 ejus
2095 5253 2121 5306 .9
2148 5252 2275 5307 Ideo
2298 5259 2353 5306 et
2376 5252 2574 5306 Paulus
2598 5250 2726 5307 dicit
2756 5268 2770 5306 :
2808 5250 2923 5305 Vita
2952 5260 3123 5304 nostra
3148 5248 3444 5303 abscondita

1845 5358 1920 5401 est
1947 5363 2061 5401 cum
2098 5345 2297 5400 Christo
2337 5346 2389 5398 in
2435 5343 2559 5398 Deo.
2600 5343 2727 5398 Cum
2769 5343 3061 5415 apparuerit
3090 5342 3319 5397 Christus
3344 5343 3445 5395 vita

1847 5451 2041 5507 nostra,
2071 5449 2190 5494 tunc
2214 5450 2260 5493 et
2284 5456 2371 5493 vos
2396 5438 2703 5509 apparebitis
2723 5454 2835 5491 cum
2854 5437 2944 5492 illo
2966 5436 3016 5490 in
3039 5436 3204 5508 gloria
3225 5435 3442 5506 (Coloss.

1847 5533 1900 5589 5.
1931 5534 1985 5588 '5.
2016 5530 2103 5603 4).
2132 5530 2238 5587 Sed
2267 5529 2410 5601 quod
2447 5529 2629 5584 dicere
2672 5544 3094 5600 proposueram,
3123 5536 3183 5582 ut
3218 5526 3446 5583 demon-

1849 5632 2073 5678 strarem
2104 5636 2197 5677 eos
2223 5631 2439 5692 propter
2464 5619 2608 5676 hunc
2632 5621 2913 5691 prtesentia
2942 5620 3079 5673 mala
3103 5619 3445 5687 sustinuisse,

1849 5722 2014 5769 restat
2054 5721 2114 5767 ut
2142 5713 2314 5782 ipsum
2355 5711 2543 5767 Isaiam
2575 5711 2819 5767 inducam
2864 5711 3193 5780 loquentem.
3220 5709 3445 5766 Ubinam

1850 5805 1953 5861 hoc
1980 5804 2152 5859 dicit?
2180 5804 2309 5859 Post
2337 5803 2665 5873 prtetorium,
2696 5811 2816 5873 post
2839 5802 3185 5869 occisionem,
3219 5809 3337 5872 post
3362 5816 3441 5856 as~

1850 5897 2208 5974 sumptioncm
2231 5939 2246 5966 ,
2306 5896 2394 5954 ubi
2454 5895 2586 5953 dixit
2618 5913 2633 5950 :
2674 5894 2890 5951 Tollitur
2928 5896 2990 5953 de
3028 5907 3161 5951 terra
3199 5897 3297 5950 vita
3325 5898 3456 5973 ejus,
