3920 6410
515 425 619 482 911

512 543 733 615 subjicit
758 560 774 599 :
802 541 868 597 Et
893 539 1024 596 dabo
1049 538 1301 608 improbos
1329 554 1422 610 pro
1446 538 1708 603 sepultura
1732 537 1843 608 ejus
1858 577 1879 605 ,
1901 544 1947 591 et
1970 534 2101 590 diui-

517 650 591 692 tes
617 654 711 707 pro
736 645 895 690 morte
917 634 1056 689 illius
1079 632 1233 703 (lsai.
1254 632 1346 688 53.
1373 630 1454 701 9).
1488 630 1606 687 Non
1633 630 1949 700 simpliciter
1972 628 2107 684 dixit

511 728 752 792 Judzeos,
777 726 871 782 sed
899 724 1189 795 improbos.
1213 722 1351 791 Quid
1375 724 1516 779 enim
1538 722 1644 779 illis
1668 721 1964 792 improbius
1983 734 2108 777 esse

516 818 707 888 possit,
737 817 829 887 qui
856 824 977 887 post
1005 824 1082 870 tot
1105 823 1353 885 tantaque
1380 823 1597 885 accepta
1625 812 1882 868 beneficia
1904 811 2103 867 beneﬂ-

516 926 638 965 cum
668 908 1012 966 occiderunt?
1035 907 1146 963 Nisi
1170 906 1284 962 haec
1305 914 1616 969 evenerunt,
1638 905 1740 960 nisi
1768 919 1909 960 nunc
1928 902 2105 959 vivitis

515 1002 570 1056 in
611 997 896 1070 ignominia
918 1039 936 1063 ,
965 997 1068 1053 nisi
1105 996 1351 1053 omnibus
1381 1011 1503 1066 quae
1542 994 1771 1065 majores
1806 993 2105 1050 habueth

514 1089 646 1146 estis
674 1089 881 1159 privati,
911 1087 1015 1142 nisi
1046 1087 1252 1142 corruit
1277 1094 1454 1141 vestra
1481 1085 1687 1149 civitas,
1718 1084 1821 1140 nisi
1846 1084 2100 1154 templum

518 1189 754 1236 vestrum
795 1194 1005 1234 versum
1040 1187 1125 1234 est
1164 1180 1219 1232 in
1261 1178 1504 1243 ruinam,
1530 1176 1757 1247 denique
1786 1176 1886 1231 nisi
1911 1185 2103 1232 vestrae

514 1270 846 1326 calamitates
885 1277 1141 1340 superant
1164 1283 1376 1324 omnem
1414 1267 1758 1338 tragtediam,
1784 1282 1855 1323 ne
1879 1267 2100 1335 credas,

514 1378 548 1417 ο
571 1361 775 1417 Judme.
796 1360 995 1417 Contra
1019 1360 1064 1415 si
1093 1374 1181 1415 res
1204 1361 1335 1429 ipsa:
1358 1359 1649 1421 clamitant,
1674 1359 1720 1414 si
1746 1359 1886 1430 quod
1913 1359 2102 1430 praedi-

515 1462 659 1507 ctum
688 1459 805 1506 erat
830 1466 860 1504 a
878 1439 1165 1520 prophetis
1185 1492 1200 1514 ,
1239 1447 1531 1519 perlectum
1560 1460 1643 1505 est
1672 1466 1686 1504 :
1714 1449 1842 1520 quid
1871 1448 2063 1506 t‘mstra
2081 1491 2101 1519 ,

515 1542 642 1612 quid
686 1543 952 1596 incassum
993 1540 1272 1610 impudens
1312 1541 1411 1596 es?
1450 1541 1585 1596 Nam
1613 1540 1701 1597 ubi
1730 1542 1816 1597 illa
1841 1542 1981 1612 apud
2008 1558 2104 1599 vos

516 1631 817 1687 veneranda
836 1672 853 1697 ,
885 1631 973 1684 ubi
1010 1631 1245 1700 pontifex
1266 1671 1281 1696 ,
1312 1631 1402 1686 ubi
1445 1632 1582 1687 stola
1605 1642 1660 1687 et
1689 1632 1946 1687 rationale
1970 1674 1988 1700 ,
2014 1633 2103 1689 ubi

516 1725 846 1781 declaratio?
877 1723 957 1779 Ne
988 1740 1118 1779 vero
1152 1725 1282 1779 mihi
1325 1724 1456 1780 istos
1496 1724 1825 1795 patriarchas
1864 1724 2099 1793 dixeris,

514 1834 815 1890 caupones,
846 1820 1235 1888 negotiatores,
1270 1820 1417 1875 omni
1458 1820 1734 1894 iniquitate
1769 1820 1981 1889 plenos.
2010 1819 2104 1873 Die

516 1912 684 1977 mihi,
717 1912 890 1981 qualis
918 1923 999 1967 est
1036 1912 1323 1979 sacerdos,
1352 1927 1475 1968 cum
1515 1928 1620 1967 non
1662 1913 1735 1967 sit
1778 1923 1932 1966 vetus
1972 1910 2101 1965 illud

514 2003 713 2070 oleum,
738 2018 908 2073 neque
929 2003 1215 2074 quidquam
1241 2004 1461 2058 omnino
1485 2003 1679 2058 veteris
1703 2002 2103 2058 sanctimonia?

518 2094 629 2157 Dic,
658 2093 892 2162 inquam,
921 2094 1073 2161 mihi,
1103 2096 1281 2166 qualis
1307 2095 1597 2161 sacriﬁcus,
1630 2111 1749 2150 cum
1780 2110 1887 2150 non
1919 2095 1991 2150 sit
2012 2108 2102 2150 sa.

514 2181 792 2246 oriﬁcium,
819 2198 992 2254 neque
1009 2185 1199 2252 altare,
1222 2199 1396 2255 neque
1415 2184 1628 2240 cultus?
1650 2184 1742 2240 Vis
1763 2185 1857 2239 tibi
1882 2186 2104 2241 recitem

516 2270 661 2341 leges
689 2271 757 2326 de
793 2273 1094 2330 sacerdotio
1112 2315 1127 2341 ,
1154 2273 1422 2344 quomodo
1449 2273 1593 2329 soliti
1620 2273 1728 2330 sint
1752 2275 1881 2330 olim
1908 2289 2101 2331 conseo

513 2361 695 2418 arari?
720 2360 783 2421 Ut
811 2364 1095 2436 intelligas,
1125 2365 1265 2435 quod
1288 2364 1380 2437 qui
1407 2380 1551 2422 nunc
1569 2365 1708 2435 apud
1733 2380 1830 2421 vos
1855 2365 2105 2421 dicuntur

513 2451 849 2532 patriarcha},
874 2471 977 2509 non
1003 2456 1109 2509 sint
1128 2454 1453 2523 sacerdotes,
1478 2454 1573 2510 sed
1595 2469 1689 2526 per
1711 2455 2101 2511 simulationem

512 2553 850 2608 sacerdotum
881 2555 1040 2617 agant
1078 2562 1359 2616 personam
1379 2586 1396 2613 ,
1424 2561 1525 2602 uec
1551 2546 1706 2601 aliter
1732 2546 1918 2603 ludant
1942 2561 2101 2617 quam

514 2644 796 2700 histriones
839 2637 896 2692 in
932 2652 1090 2693 scena
1116 2653 1131 2701 ;
1161 2638 1268 2692 imo
1295 2648 1352 2692 ut
1377 2638 1553 2693 verius
1576 2637 1781 2705 dicam,
1810 2652 1911 2693 nec
1936 2638 2093 2692 susti-

515 2752 644 2790 nere
682 2734 882 2805 possint
931 2728 1224 2784 sacerdotis
1266 2743 1547 2799 personam
1581 2746 1596 2782 :
1625 2738 1731 2783 tam
1768 2729 1952 2799 procul
1994 2743 2102 2784 non

511 2828 686 2882 solum
720 2842 751 2882 a
788 2827 1047 2887 veritate,
1079 2837 1259 2875 verum
1304 2821 1464 2877 etiam
1503 2822 1571 2879 ab
1609 2823 1720 2893 ipsa
1763 2824 2105 2881 simulatione

512 2919 792 2975 sacerdotii
821 2920 1036 2974 absunt.
1065 2914 1365 2969 Recordare
1395 2915 1552 2984 igitur
1569 2916 1836 2985 quomodo
1861 2924 1970 2972 tum
1997 2918 2103 2972 Aa-

514 3027 612 3064 rou
634 3010 802 3065 factus
825 3011 895 3065 sit
915 3004 1185 3070 sacerdos,
1210 3014 1339 3074 quot
1364 3006 1562 3061 hostias
1588 3022 1683 3077 pro
1708 3007 1798 3062 illo
1818 3007 2106 3063 immolarit

513 3100 723 3166 Moses,
761 3110 891 3170 quot
935 3096 1180 3156 vnetimas
1226 3099 1606 3167 prostraverit,
1641 3100 1907 3170 quomodo
1950 3100 2101 3156 illum

512 3192 732 3258 laverit,
758 3192 1027 3262 quomodo
1057 3189 1269 3243 unxerit
1299 3188 1465 3258 ipsius
1492 3201 1788 3245 extremum
1812 3193 2062 3248 auricula:
2079 3234 2098 3262 ,

510 3297 722 3338 insnum
749 3282 1029 3349 dextram,
1065 3278 1254 3347 pedem
1283 3279 1563 3346 dextrum,
1593 3280 1788 3337 deinde
1825 3282 1878 3336 in
1917 3292 2101 3339 sancta

508 3383 819 3435 sanctorum
842 3371 1197 3428 introduxerit
1219 3385 1237 3433 ;
1274 3377 1395 3439 post
1411 3369 1766 3438 haecjusserit
1786 3372 2100 3447 praescripto

508 3464 716 3518 dierum
742 3478 963 3517 numero
994 3473 1214 3516 Inanere
1237 3457 1400 3513 intus.
1421 3458 1561 3526 Quin
1591 3461 1765 3531 potius
1784 3476 1964 3532 operte
1989 3478 2102 3533 pre-

513 3553 644 3607 tium
670 3561 751 3607 est
776 3553 889 3622 ipsa
916 3552 1077 3606 verba
1109 3546 1293 3602 audire
1322 3565 1338 3602 :
1371 3546 1531 3616 Hec,
1562 3549 1765 3621 inquit,
1795 3553 1962 3607 unctio
1991 3554 2098 3607 Aa-

510 3659 621 3708 ron,
646 3652 693 3695 et
717 3642 885 3695 unctio
911 3643 1133 3711 ﬁliorum
1159 3639 1288 3709 ejus.
1312 3638 1380 3692 Et
1404 3641 1641 3710 loquutus
1663 3651 1737 3696 est
1763 3642 2009 3700 Dominus
2029 3646 2101 3700 ad

513 3734 709 3788 Mosem
742 3734 914 3787 dicens
944 3749 963 3786 :
990 3733 1205 3787 Assumo
1236 3730 1409 3785 Aaron
1446 3740 1493 3785 et
1529 3731 1663 3801 ﬁlios
1699 3734 1838 3803 ejus,
1863 3746 1911 3789 et
1943 3736 2099 3793 stolas

510 3842 713 3892 eorum,
740 3835 788 3879 et
820 3824 1068 3880 unctionis
1110 3822 1278 3877 oleum
1297 3862 1311 3884 ,
1350 3831 1396 3874 et
1422 3823 1630 3877 vitulum
1660 3841 1752 3893 pro
1790 3841 1990 3895 peccato
2009 3869 2026 3895 ,
2051 3835 2098 3882 et

509 3917 745 3983 arietem,
772 3925 821 3970 et
857 3931 1076 3970 convoca
1114 3927 1427 3982 synagogam
1462 3912 1532 3965 ad
1570 3914 1754 3967 ostium
1790 3914 2100 3973 tabernaculi

508 4009 797 4064 testimonii.
823 4007 892 4062 Et
915 4007 1043 4061 dixit
1070 4006 1240 4061 Moses
1265 4004 1509 4059 universa:
1547 4006 1860 4061 multitudini
1890 4025 2101 4082 congre-

506 4109 639 4171 gata:
663 4115 684 4152 :
708 4099 789 4152 hic
811 4107 885 4152 est
908 4114 1092 4163 sermo,
1118 4110 1266 4166 quem
1293 4096 1548 4149 mandauit
1573 4094 1839 4151 Dominus.
1868 4096 1936 4152 Et
1957 4109 2097 4169 post-

506 4207 659 4259 quam
685 4190 981 4245 admovisset
1009 4205 1092 4243 eos
1120 4185 1424 4260 (dicendum
1452 4196 1535 4242 est
1559 4188 1701 4242 enim
1731 4192 2095 4263 compendio),

505 4283 624 4336 lavit
644 4298 726 4336 eos
745 4297 897 4352 aqua,
923 4281 1090 4335 induit
1113 4278 1304 4345 tunica,
1332 4279 1485 4333 cinxit
1509 4296 1659 4346 zona,
1685 4280 1849 4335 induit
1875 4284 2099 4356 ependg-

506 4384 617 4437 ten,
642 4372 879 4440 imposuit
908 4372 1196 4437 humerale,
1227 4370 1489 4442 prarcinant
1512 4370 1659 4424 illum
1684 4388 1744 4424 ac
1767 4372 2093 4445 substrinxit,

503 4462 741 4532 imposuit
767 4462 1010 4516 rationale
1027 4502 1044 4529 ,
1074 4472 1120 4515 et
1145 4478 1295 4532 super
1320 4461 1570 4517 rationale
1591 4464 1830 4534 imposuit
1855 4465 2093 4521 declara-

505 4554 691 4607 tionem
715 4562 762 4606 et
787 4554 1043 4608 veritatem
1070 4567 1090 4607 :
1113 4563 1159 4606 et
1183 4553 1384 4607 mitram
1410 4553 1647 4624 imposuit
1674 4556 1830 4626 capiti
1855 4555 2016 4624 illius,
2046 4567 2094 4613 et

402 4695 410 4704 ,
504 4660 656 4713 super
697 4644 898 4697 mitram
942 4644 1185 4698 laminam
1228 4660 1433 4698 auream
1472 4660 1492 4699 :
1525 4645 1707 4699 deinde
1744 4655 1946 4718 sumpto
1983 4649 2092 4703 oleo

504 4734 782 4804 conspersit
810 4734 971 4788 altare
989 4774 1003 4799 ,
1033 4741 1079 4786 et
1108 4733 1434 4801 sanctiﬁcavit
1459 4735 1626 4800 illud;
1654 4746 1700 4788 et
1725 4751 1845 4792 vasa
1862 4777 1877 4802 ,
1903 4747 1952 4793 et
1985 4739 2094 4809 pel-

500 4829 602 4881 rim
626 4836 671 4880 et
695 4826 874 4886 basim,
902 4835 948 4878 et
973 4825 1306 4893 sanctiﬁcarit
1331 4843 1407 4893 ea,
1434 4837 1480 4880 et
1499 4827 1677 4894 e/fudit
1701 4845 1764 4883 ea:
1788 4846 1846 4884 eo
1866 4830 1919 4884 in
1940 4842 2093 4902 caput

504 4918 676 4970 Aaron
704 4931 724 4971 .'
753 4925 799 4971 et
825 4912 947 4984 ﬁliis
971 4915 1109 4968 illius
1136 4914 1366 4969 similiter
1387 4916 1523 4985 fecit,
1555 4928 1599 4972 et
1623 4918 1836 4973 adduxit
1856 4921 2089 4977 vitulum.

504 5006 631 5063 Cum
654 5015 821 5060 autem
847 5007 1154 5060 immolasset
1180 5022 1314 5072 eum,
1345 5016 1608 5078 postquam
1636 5007 1808 5064 Aaron
1825 5027 1941 5065 cum
1969 5012 2093 5081 ﬁliis

502 5098 609 5152 suis
632 5096 950 5167 imposuisset
971 5112 1169 5162 manus,
1192 5097 1407 5167 sumpsit
1432 5098 1494 5151 de
1516 5100 1762 5170 sanguine
1786 5109 1832 5154 et
1853 5101 2092 5171 imposuit

415 5212 425 5223 -
502 5188 734 5242 cornibus
768 5187 974 5251 altaris,
1002 5197 1047 5242 et
1074 5187 1356 5257 puri/ienuit
1392 5188 1583 5253 altare,
1614 5199 1660 5243 et
1687 5191 1984 5261 sanguinem
2009 5194 2089 5265 ef-

502 5279 633 5350 fudit
657 5279 711 5332 in
730 5277 888 5332 basiat
911 5278 1109 5345 altaris,
1132 5288 1177 5332 et
1197 5278 1526 5349 sanctiﬁcavit
1544 5279 1696 5348 illud,
1717 5289 1773 5335 ut
1793 5283 2091 5353 propitiaret

500 5385 654 5440 super
676 5368 824 5423 illud.
853 5367 1051 5424 Deinde
1074 5379 1339 5441 postquam
1360 5370 1592 5441 quietiam
1616 5387 1681 5425 ea
1702 5370 1780 5426 his
1801 5384 2087 5443 cremasset,

500 5459 605 5514 alia
630 5461 756 5531 [oris
773 5501 788 5526 ,
820 5460 925 5514 alia
949 5460 1082 5514 intus
1101 5501 1116 5526 ,
1148 5460 1361 5515 adduxit
1385 5478 1559 5517 rursus
1583 5462 1789 5517 arietem
1807 5503 1822 5527 ,
1849 5474 1896 5518 et
1923 5465 2091 5535 ipsum

502 5550 774 5604 immolavit
798 5551 851 5603 in
879 5549 1248 5616 holocaustum,
1272 5561 1317 5605 et
1337 5551 1516 5605 iterum
1540 5552 1755 5607 adduxit
1779 5553 1938 5607 alium
1957 5556 2091 5610 arie-

502 5652 597 5695 tem
624 5642 1070 5697 consummationis
1096 5659 1117 5696 :
1139 5652 1187 5696 et
1215 5659 1389 5697 rursus
1416 5642 1617 5699 Aarone
1639 5660 1754 5698 cum
1780 5645 1902 5716 [iliis
1927 5648 2092 5716 impo-

503 5743 650 5785 nente
674 5749 852 5786 manus
872 5733 1054 5787 occidit
1075 5748 1095 5788 :
1117 5750 1417 5805 sumensque
1436 5735 1498 5788 de
1518 5735 1762 5805 sanguine
1783 5737 1914 5806 ejus,
1940 5754 2090 5808 super

501 5832 779 5875 tta-tremum
818 5822 1060 5878 auricula:
1092 5825 1264 5880 Aaron
1297 5825 1488 5880 dextra:
1508 5865 1524 5892 ,
1554 5836 1599 5880 et
1632 5843 1785 5898 super
1812 5840 2087 5884 extremum

1258 422 1315 479 S.
1355 421 1635 479 JOANNIS
1670 416 2150 476 CllRYSOSTOMi
2186 417 2506 475 ARCBIEP.
2544 418 3076 493 CONSTANTINOP.
3700 432 3779 488 953

2211 549 2393 588 manus
2416 530 2637 601 decu-3,
2664 546 2712 590 et
2749 552 2901 607 super
2927 546 3211 592 extremum
3249 538 3405 608 pedis
3439 540 3634 607 dextri,
3659 546 3778 599 tinuit

2212 625 2363 680 uredo
2388 624 2507 696 fecit
2525 635 2575 682 st
2593 626 2713 696 ﬁliis
2737 626 2896 682 illius.
2925 626 3116 683 Deinde
3136 645 3363 683 samem
3390 631 3620 699 quemdam
3638 634 3691 685 de
3707 638 3777 687 lto-

2209 715 2311 772 stia
2348 716 2584 786 imposuit
2620 716 2852 772 manibus
2892 717 3068 773 Aaron
3106 728 3155 774 et
3194 720 3443 790 ﬁliorum
3477 724 3617 792 ejus,
3644 740 3697 777 sc
3724 742 3778 779 ne

2209 807 2408 862 obtulit.
2437 806 2506 863 Et
2528 817 2730 879 sumpto
2754 826 2930 865 rursus
2955 811 3206 882 sanguine
3231 821 3286 867 et
3312 811 3384 866 de
3408 813 3522 867 oleo
3547 831 3779 887 conspersit

2207 912 2361 968 super
2380 897 2554 952 Aaron
2581 907 2627 953 et
2649 898 2804 955 stolas
2825 900 2986 968 illius,
3013 912 3061 956 et
3082 919 3246 975 super
3269 904 3418 972 ﬁlios
3446 906 3577 976 ejus,
3597 917 3779 976 st-sspsr

2208 987 2365 1042 stolas
2398 1003 2572 1042 eorum
2598 1003 2619 1043 :
2636 999 2683 1044 et
2704 991 3035 1060 sanctiﬁcavit
3061 1009 3175 1062 eos,
3201 1003 3255 1048 et
3284 996 3454 1066 jussit
3478 1006 3536 1050 ut
3558 1014 3775 1068 coquo-eiu

2209 1094 2387 1134 carnes
2414 1079 2468 1133 in
2494 1081 2624 1153 atrio
2654 1079 2964 1137 tabernaculi
2992 1085 3294 1152 testimonii,
3329 1085 3543 1158 illisque
3561 1090 3626 1144 eis
3647 1105 3774 1146 sesce-

2209 1181 2386 1226 rcntur
2416 1186 2436 1226 :
2474 1182 2524 1226 et
2556 1172 2620 1227 ab
2653 1174 2783 1228 ostio
2818 1175 3127 1231 tabernaculi
3160 1178 3459 1234 testimonii
3497 1197 3560 1236 ne
3593 1185 3773 1252 τεθνεῶσι

2210 1262 2335 1315 mini
2355 1302 2370 1325 ,
2400 1262 2604 1334 inquit,
2631 1264 2739 1318 dies
2764 1274 2956 1335 septem
2973 1306 2990 1332 ,
3018 1266 3177 1321 donec
3218 1267 3339 1324 dies
3373 1269 3677 1338 impleatur,
3695 1273 3775 1325 diu

2207 1357 2542 1413 ordinationis
2567 1368 2763 1415 vestrm.
2794 1360 3001 1433 Septem
3024 1363 3157 1418 enim
3181 1364 3374 1420 diebus
3395 1366 3612 1421 initiabit
3630 1385 3772 1424 mnus

2208 1457 2398 1503 vestras
2416 1489 2433 1511 ,
2456 1457 2511 1503 ut
2543 1450 2843 1519 propitietur
2867 1468 2963 1522 pro
2985 1455 3122 1508 vobis
3145 1453 3356 1527 (Leuit.
3389 1456 3447 1510 7.
3477 1456 3579 1522 35;
3606 1457 3717 1513 8.1.
3735 1472 3769 1512 ct

2206 1539 2391 1609 seqq.).
2416 1539 2550 1596 Cum
2573 1541 2733 1611 igitur
2755 1542 2899 1600 dicat
2927 1543 3012 1600 his
3037 1546 3201 1601 rebus
3228 1547 3508 1603 initiatum
3532 1548 3681 1605 fuisse
3694 1553 3766 1605 Aa-

2208 1644 2328 1697 ron,
2361 1631 2444 1686 his
2473 1631 2830 1702 puriﬁcatum,
2860 1633 2947 1691 his
2972 1636 3402 1705 sanctificatum,
3435 1654 3533 1709 per
3558 1640 3769 1708 baph-

2207 1735 2360 1777 casse
2388 1723 2557 1779 Deum
2574 1765 2595 1791 ,
2620 1724 2754 1780 nihil
2779 1734 2960 1781 autem
2987 1726 3177 1782 horum
3204 1743 3360 1784 nunc
3386 1729 3516 1797 tiat,
3542 1746 3690 1802 neque
3706 1733 3761 1785 vi-

2206 1815 2367 1871 ctima
2403 1830 2577 1887 neque
2605 1817 2996 1884 holocaustum,
3028 1835 3200 1890 neque
3242 1822 3531 1891 sanguinis
3555 1824 3771 1891 aspersit),

2208 1920 2383 1976 neque
2409 1906 2515 1962 olei
2536 1905 2777 1963 inunctio
2794 1949 2814 1975 ,
2842 1924 2944 1965 nec
2965 1908 3105 1964 adsit
3131 1910 3548 1968 tabernaculum
3571 1914 3765 1968 testimo.

2207 2000 2279 2054 nii
2299 2040 2315 2066 ,
2342 2014 2518 2070 neque
2550 2000 2618 2056 ad
2645 2000 2965 2070 praiinitum
2999 2002 3209 2057 dierum
3233 2018 3534 2060 numerum
3567 2004 3769 2060 sedeatur

2207 2093 2386 2148 intus:
2413 2093 2655 2164 profecto
2683 2093 2855 2164 palam
2882 2104 2967 2150 est
2987 2094 3358 2163 sacerdotem,
3386 2095 3481 2166 qui
3508 2110 3638 2152 nunc
3655 2096 3757 2166 apud

2208 2183 2342 2240 istos
2367 2195 2450 2239 est
2468 2225 2486 2250 ,
2515 2184 2781 2254 impurum
2811 2198 2875 2240 ac
2899 2183 3157 2241 nefarium
3184 2200 3319 2242 esse
3335 2226 3354 2252 ,
3389 2186 3696 2258 illegitimnm
3712 2200 3756 2239 ac

2208 2273 2509 2343 profanum,
2535 2273 2764 2345 denique
2790 2273 2859 2329 ad
2884 2274 3018 2330 iram
3046 2274 3218 2331 Deum
3249 2290 3568 2346 provocare.
3594 2274 3748 2333 Etenim

2204 2365 2251 2419 si
2289 2379 2398 2420 non
2442 2373 2651 2435 poterat
2690 2365 2848 2421 aliter
2885 2366 3187 2421 consecrari
3209 2407 3228 2431 ,
3259 2366 3373 2422 nisi
3403 2366 3549 2422 hisce
3579 2364 3744 2425 ritibus.

2207 2457 2427 2512 omnino
2453 2471 2675 2513 nuesse
2699 2465 2784 2512 est
2822 2464 2991 2513 totum
3037 2458 3411 2515 sacerdotium
3451 2458 3645 2515 illorum
3676 2469 3748 2509 non

2206 2545 2523 2603 consistere.
2552 2544 2717 2602 Vides
2743 2560 2775 2601 a
2803 2561 2891 2603 me
2928 2547 3118 2602 merito
3141 2547 3375 2615 dictum,
3408 2547 3549 2618 quod
3579 2561 3666 2601 non
3687 2559 3749 2599 so-

2206 2638 2317 2693 lum
2345 2654 2376 2693 a
2404 2639 2626 2694 veritate
2648 2677 2669 2706 ,
2697 2653 2880 2693 verum
2911 2639 3070 2694 etiam
3098 2638 3169 2694 ab
3210 2639 3335 2710 ipsa
3365 2638 3445 2694 rei
3473 2637 3751 2694 simulatione

2205 2729 2391 2798 procul
2418 2729 2630 2783 absunt.

2276 2817 2332 2872 6.
2362 2815 2567 2884 Quanta
2592 2817 2658 2872 sit
2684 2816 2953 2873 sacerdbtii
2978 2817 3219 2889 dignitas.
3243 2849 3321 2860 —
3347 2817 3460 2873 Nec
3486 2833 3549 2873 ex
3575 2816 3644 2870 his
3666 2823 3749 2867 tan-

2206 2917 2320 2963 tum
2338 2947 2356 2975 ,
2384 2922 2569 2963 verum
2592 2908 2751 2963 etiam
2778 2923 2845 2964 ex
2872 2908 2990 2963 aliis
3013 2907 3222 2964 discere
3252 2908 3403 2974 licet,
3426 2918 3607 2978 quanta
3631 2903 3749 2957 luent

2205 2998 2489 3056 Sacerdotii
2517 2997 2767 3069 dignitas.
2805 2997 3034 3054 Proinde
3057 3013 3177 3053 cum
3204 2998 3474 3053 adversus
3499 2998 3653 3050 Aaron
3682 3008 3746 3045 se-

2204 3090 2460 3146 ditionem
2484 3089 2779 3145 movissent
2802 3088 3044 3144 homines
3068 3089 3290 3160 quidam
3312 3086 3556 3143 scelerati
3578 3080 3745 3155 perditi-

2203 3198 2341 3254 que,
2367 3188 2621 3238 conantes
2649 3196 2775 3236 eum
2799 3194 2829 3234 a
2857 3179 3154 3251 principatu
3179 3179 3460 3252 depellere
3477 3218 3493 3244 ,
3523 3174 3651 3232 etde
3672 3172 3743 3225 ho-

2204 3289 2336 3330 nore
2372 3289 2494 3329 cum
2540 3273 2630 3328 illo
2669 3272 3028 3343 disceptarent
3064 3289 3079 3325 :
3117 3270 3577 3328 mansuetissimus
3612 3265 3742 3320 Moses

2203 3362 2424 3434 cupiens
2450 3362 2552 3418 illis
2572 3362 2733 3418 rebus
2756 3361 2884 3432 ipsis
2908 3360 3084 3417 facere
3107 3360 3293 3429 iidem,
3317 3359 3459 3433 quod
3484 3373 3581 3413 non
3600 3365 3647 3409 ut
3666 3352 3739 3407 ira-

2205 3466 2339 3514 trem
2360 3498 2376 3522 ,
2402 3467 2495 3513 aut
2516 3465 2799 3528 cognatum
2815 3496 2831 3525 ,
2862 3462 2957 3510 aut
2981 3455 3298 3510 familiarem
3316 3496 3334 3523 ,
3359 3452 3605 3510 evexisset
3628 3446 3738 3503 illum

2204 3548 2273 3604 ad
2299 3565 2422 3605 eum
2461 3549 2759 3615 honorem,
2797 3547 2892 3603 sed
2930 3548 3023 3603 Dei
3064 3562 3260 3618 parens
3287 3547 3464 3603 edicto
3492 3538 3741 3599 tradidisset

2203 3639 2278 3696 illi
2306 3639 2660 3696 sacerdotium
2693 3637 2839 3705 illud,
2865 3636 3027 3710 jussit
3051 3648 3108 3693 ut
3133 3651 3466 3709 unaquaeque
3490 3632 3639 3688 tribus
3658 3625 3737 3679 vir-

2202 3746 2321 3801 gam
2349 3729 2585 3795 atl'erret,
2613 3730 2753 3786 idem
2781 3730 3033 3800 praecepit
3058 3730 3252 3785 Aaroui
3291 3743 3449 3785 :cum
3474 3721 3734 3780 attulissent.

2201 3837 2392 3879 omnes
2418 3822 2655 3891 accepit,
2686 3830 2743 3878 et
2772 3822 2914 3876 intus
2952 3822 3206 3892 reposuit.
3238 3821 3323 3876 Eo
3358 3818 3495 3873 facto
3511 3810 3732 3884 jussitex-

2201 3915 2431 3984 spectari
2455 3913 2692 3969 divinum
2717 3913 2999 3983 judicium,
3025 3912 3166 3982 quod
3194 3929 3293 3984 per
3314 3912 3485 3980 virgas
3510 3906 3613 3960 illas
3627 3905 3735 3956 esset

2202 4005 2600 4076 proferendum.
2632 4004 2832 4061 Deinde
2855 4019 2976 4059 cum
3004 4004 3164 4060 simul
3189 4005 3427 4058 omnium
3461 3997 3729 4065 reliquorum

2202 4097 2363 4168 virgae
2399 4105 2684 4152 manerent
2711 4096 2763 4152 in
2801 4096 2992 4152 eodem
3038 4095 3254 4163 habitu,
3285 4095 3397 4151 sola
3438 4091 3569 4160 virga
3596 4086 3728 4140 Aaron

2201 4186 2558 4257 germinavit,
2605 4185 2927 4257 frondesque
2962 4184 3212 4255 produxit
3251 4200 3315 4240 ac
3352 4182 3543 4238 fructus
3567 4169 3724 4247 (Ναικο

2202 4277 2317 4349 l7),
2343 4287 2401 4333 ut
2425 4277 2797 4348 intelligerent,
2824 4285 3029 4351 natura:
3055 4275 3338 4330 Dominum
3360 4273 3501 4328 illum
3520 4259 3727 4356 delegisse

2200 4370 2378 4425 denuo
2396 4410 2413 4434 ,
2445 4368 2739 4423 litterarum
2767 4350 2889 4421 vice
2910 4366 3048 4421 foliis
3075 4380 3250 4421 usum.
3282 4362 3485 4420 Etenim
3511 4356 3589 4426 qui
3613 4349 3725 4405 initio

2200 4460 2411 4517 dicebat
2434 4476 2449 4514 :
2472 4456 2727 4512 Germinet
2755 4466 2889 4510 terra
2914 4456 3120 4511 herbam
3143 4457 3388 4527 graminis
3416 4449 3554 4524 (Gen.
3576 4444 3620 4497 l.
3641 4436 3721 4537 ll").

2198 4551 2420 4622 ejusque
2459 4549 2565 4603 vim
2595 4547 2661 4602 ad
2693 4546 3116 4601 fructiﬁcandum
3141 4525 3426 4602 excitavit:
3454 4539 3578 4595 idem
3607 4538 3650 4622 et
3674 4525 3720 4578 η’

2198 4620 2290 4698 lud
2319 4640 2518 4711 lignum
2545 4637 2687 4709 quod
2714 4646 2831 4693 erat
2852 4637 3058 4693 aridum
3088 4647 3142 4693 et
3168 4637 3540 4709 infrugil‘erum,
3567 4620 3720 4679 ΐοθίιυι

2196 4734 2397 4805 absque
2423 4742 2563 4790 terra
2591 4743 2647 4789 ct
2668 4735 2784 4791 sine
2813 4735 2990 4792 radice
3013 4736 3331 4807 germinaret
3357 4752 3371 4789 :
3394 4738 3590 4796 eratque
3608 4714 3718 4807 ἀφ’

2196 4840 2324 4895 ceps
2353 4825 2498 4896 virga
2528 4826 2615 4880 illa
2643 4806 3102 4896 argumentumet
3137 4824 3486 4882 tesumonium
3514 4826 3602 4870 tam
3628 4806 3715 4860 illo-

2197 4932 2316 4971 rum
2342 4916 2577 4981 malitize,
2597 4931 2755 4985 quam
2775 4916 2936 4973 divini
2949 4917 3155 4989 judicii,
3174 4934 3279 4973 non
3303 4917 3534 4974 emittens
3553 4896 3716 4974 (ιυὶιιειυ

2197 5023 2409 5077 vocem,
2426 5008 2521 5064 sed
2544 5008 2659 5079 ipso
2677 5020 2896 5079 aspectu
2912 5011 3097 5083 quavis
3121 5012 3242 5067 tuba
3263 5010 3449 5067 clarius
3465 4998 3714 5059 exhortans:

2197 5114 2267 5155 ne
2291 5099 2417 5169 quid
2444 5099 2627 5154 talium
2654 5101 2947 5157 facinorum
2974 5102 3027 5157 in
3054 5112 3324 5174 posterum
3345 5088 3712 5169 aggrederentur-

2195 5189 2305 5246 Nec
2348 5190 2450 5246 hoc
2484 5190 2645 5246 modo
2674 5200 2912 5261 tantum,
2940 5193 3035 5248 sed
3077 5193 3183 5248 alio
3218 5193 3437 5265 quodam
3460 5174 3712 5265 argum“?

2197 5282 2339 5337 Deus
2364 5281 2660 5338 declaravit
2697 5297 2820 5337 eum
2864 5256 3218 5339 sacerdotem.
3235 5256 3448 5339 Ἐιεηίιιι
3474 5283 3579 5328 cum
3600 5256 3710 5316 mill"

2197 5385 2339 5430 mota
2380 5376 2637 5431 adversus
2676 5375 2826 5429 illum
2869 5375 3129 5431 seditione
3154 5377 3452 5446 appeterent
3475 5359 3613 5433 ipsius
3636 5348 3706 5446 Iw:

2195 5481 2381 5522 norem
2415 5484 2429 5520 :
2460 5466 2784 5536 principatus
2813 5467 2955 5520 enim
2987 5482 3076 5521 res
3113 5444 3203 5520 est
3225 5444 3318 5537 pro
3352 5473 3445 5532 qua
3481 5444 3707 5537 ἀθρυεξηπ

2195 5559 2352 5625 solet,
2383 5568 2438 5614 et
2461 5528 2584 5629 qua:
2611 5528 2875 5628 expetitur
2898 5574 2929 5613 a
2960 5558 3136 5613 multis
3168 5575 3182 5612 :
3210 5528 3438 5628 jussit'ul
3465 5538 3597 5599 illatis
3615 5528 3704 5629 tim:

2197 5648 2405 5715 rihulis,
2433 5619 2496 5704 ει-
2518 5619 2765 5721 imposito
2796 5649 3160 5719 thymiamate,
3191 5649 3386 5702 cazlitus
3409 5619 3706 5724 exspirem???"t

2196 5740 2534 5793 sententiam.
2585 5717 2757 5810 Atque
2802 5717 2905 5793 illis
2951 5739 3286 5794 atlolentibus
3321 5744 3446 5790 terra
3483 5717 3703 5819 δεδίδέῗξξῗ

2197 5844 2384 5886 oumcs
2409 5830 2701 5899 absorbuit,
2726 5830 2814 5900 qui
2843 5845 2963 5885 cum
2991 5830 3118 5900 ipsis
3142 5824 3532 5885 consenserant:
3552 5809 3703 5864 005th
