3920 6378
90 368 200 422 917)
1336 359 1694 417 ADVERSUS

1822 358 2026 416 DxEOS.
2071 357 2158 413 Vl.
3301 366 3362 424 9!
3377 371 3406 424 5

87 481 177 549 qui
203 477 500 531 thuribula
531 484 884 545 sumpserant,
913 475 1046 546 ignis
1065 488 1097 529 e
1121 474 1252 529 casio
1272 473 1534 528 demissus
1554 487 1709 527 exus-

85 570 160 623 sit
190 566 396 638 (Num.
435 566 556 636 16).
587 567 723 620 Tum
754 582 822 622 ne
850 566 988 636 quod
1019 565 1284 620 acciderat
1312 564 1565 634 temporis
1588 579 1714 634 pro-

1821 472 1996 524 tissimi
2015 482 2154 525 sunt.
2178 472 2440 528 Taceutes
2467 476 2609 530 enim
2651 491 2754 532 non
2779 477 2998 547 perinde
3021 479 3355 550 deeepissent
3387 524 3400 547 ,

1820 562 2094 630 loquentes
2118 571 2297 617 autem
2327 565 2525 619 multos
2554 578 2706 622 erant
2730 569 3084 637 simpliciores
3125 576 3400 625 attracturi

93 672 290 728 gressu
321 656 591 711 oblivioni
620 657 857 722 daretur,
891 671 1023 712 neve
1059 655 1422 711 admirabilem
1454 654 1589 710 hanc
1615 654 1710 710 Dei

96 749 441 805 sententiam
493 749 794 819 ignorarent
840 749 1072 818 posteri,
1117 747 1368 818 pratcepit
1408 747 1618 812 Moses,
1655 756 1713 801 ut

97 841 384 896 thuribula
435 852 645 910 sumpta
685 841 1010 910 applicarent
1043 841 1108 895 ad
1137 843 1303 896 altare
1324 881 1339 904 ,
1371 849 1428 894 ut
1454 837 1709 910 quemad-

96 933 325 989 modum
361 933 518 1003 virga
545 933 659 987 sine
687 947 818 988 voce
839 949 1022 988 vocem
1055 933 1231 988 emisit
1259 933 1373 1001 ipso
1401 939 1708 999 conspectu,

95 1023 288 1076 itidem
323 1031 397 1075 et.
426 1021 514 1076 hie
558 1021 768 1077 laminae
805 1033 1047 1092 posteros
1074 1023 1468 1092 alloquerentur
1493 1033 1710 1086 omnes,

96 1114 509 1181 admonerent,
541 1114 710 1185 iisque
739 1115 1107 1180 consulerent,
1137 1130 1206 1169 ne
1245 1116 1505 1184 majorum
1532 1129 1715 1168 amen-

98 1207 227 1259 tiam
253 1207 628 1271 imitarentur,
655 1221 721 1260 ne
743 1207 954 1276 quando
973 1207 1131 1260 simili
1156 1221 1309 1276 paena
1334 1205 1711 1273 plecterentur.

99 1295 289 1358 Vides,
308 1306 379 1348 ut
403 1296 535 1348 olim
561 1296 864 1351 sacerdotes
886 1297 1226 1350 crearentur?
1246 1295 1396 1349 Nunc
1422 1310 1546 1348 vero
1569 1294 1713 1348 lusus

99 1392 234 1445 meri
282 1400 420 1444 sunt
466 1391 710 1460 t'iSttSqttc
728 1431 744 1455 ,
771 1407 890 1460 qua:
928 1390 1062 1444 ﬁunt
1093 1389 1232 1460 apud
1259 1389 1471 1444 Judzeos
1495 1386 1672 1442 omnia
1695 1425 1713 1452 ,

101 1482 276 1550 pudor
302 1489 370 1535 et
412 1483 737 1551 cauponatio
775 1483 929 1551 plena
967 1483 1240 1536 immensa:
1275 1471 1576 1550 impietatis.
1607 1479 1714 1534 Hos

105 1575 265 1643 igitur
292 1574 573 1643 sequeris,
597 1573 690 1629 ‘dic
715 1574 864 1638 mihi,
893 1573 980 1643 qui
1007 1573 1349 1642 pertinaciter
1375 1572 1551 1626 solent
1572 1585 1714 1624 sem-

105 1680 198 1734 per
227 1675 342 1718 tum
372 1666 568 1719 facere
587 1707 600 1729 ,
631 1675 739 1719 tum
772 1666 950 1720 dicere
978 1665 1154 1719 omnia
1176 1706 1191 1730 ,
1233 1679 1350 1734 qua:
1391 1659 1483 1716 Dei
1514 1662 1714 1731 legibus

107 1757 515 1812 adversentur?
540 1757 606 1811 ad
638 1760 823 1811 hormn
854 1772 1148 1828 synagogas
1172 1755 1448 1811 accurris?
1472 1755 1580 1809 Nec
1603 1771 1716 1810 me-

107 1849 229 1910 tuis,
258 1863 327 1902 ne
355 1847 606 1901 fulminis
629 1848 853 1917 impetus
876 1849 1076 1902 czelitus
1098 1849 1333 1903 emicans
1353 1855 1539 1901 exurat
1558 1853 1717 1912 caput

112 1944 254 1985 tuum
277 1932 302 1984 ?
332 1934 420 1985 An
457 1932 706 2001 ignoras,
734 1948 826 1986 eos
851 1933 938 2002 qui
971 1933 1068 2002 ipsi
1090 1931 1304 2002 quidem
1328 1946 1434 1986 non
1471 1930 1713 2000 praedan-

110 2033 211 2088 tur,
240 2022 340 2077 sed
369 2031 556 2077 tamen
588 2025 637 2076 in
662 2024 976 2094 przedonum
1005 2024 1273 2093 speluncis
1296 2023 1566 2092 conspecti
1594 2021 1714 2076 fue-

114 2117 234 2181 rint,
267 2116 494 2170 easdem
523 2115 652 2171 dare
678 2132 861 2186 poenas
882 2133 1012 2187 quas
1039 2116 1314 2187 praedones
1333 2116 1357 2170 ?
1376 2115 1511 2182 Quid
1538 2123 1712 2169 autern

115 2207 298 2275 loquor
323 2207 394 2262 de
426 2208 813 2277 praedonibus?

186 2298 497 2353 Statuarum
523 2299 853 2370 dejectionem
882 2310 1145 2354 memorat.
1185 2330 1254 2341 —
1291 2300 1540 2355 Profecto
1565 2299 1713 2354 scitis

119 2403 299 2444 omnes
327 2406 393 2444 ae
428 2391 775 2458 meministis,
807 2392 1020 2460 quando
1049 2391 1188 2461 apud
1215 2405 1314 2446 nos
1338 2391 1580 2445 scelerati
1606 2390 1716 2459 qui-

122 2481 236 2536 dam
265 2483 522 2539 homines
574 2494 627 2537 et
677 2484 1088 2554 praestigiatores
1134 2491 1337 2537 statuas
1385 2482 1713 2552 dejeeerunt,

123 2592 218 2645 quo
247 2586 406 2648 pacto
428 2592 540 2632 non
571 2577 641 2631 illi
667 2588 863 2632 tantum
891 2577 980 2648 qui
1011 2575 1213 2631 facinus
1237 2576 1352 2630 ausi
1369 2575 1594 2638 fuerant,
1614 2573 1715 2629 sed

126 2677 375 2739 quotquot
398 2670 721 2738 simpliciter
745 2679 1035 2739 praesentes
1063 2669 1333 2740 conspecti
1360 2678 1505 2724 erant
1534 2708 1552 2733 ,
1579 2682 1716 2737 quo-

127 2762 258 2815 niam
292 2763 623 2818 videbantur
655 2764 758 2819 illis
788 2763 1034 2818 assentiri
1060 2804 1075 2828 ,
1104 2763 1156 2816 in
1183 2762 1436 2832 judicium
1467 2760 1668 2830 abrepti
1696 2801 1712 2826 ,

128 2853 381 2924 simulque
423 2871 556 2910 cum
589 2855 691 2909 illis
719 2855 931 2909 abducti
974 2896 990 2922 ,
1038 2864 1278 2909 extremo
1324 2853 1582 2923 supplicio
1610 2851 1718 2906 sint

129 2945 310 3000 allecti.
342 2946 424 3001 Tu
449 2961 586 3001 vero
612 2947 700 3002 ubi
716 2945 875 3001 Pater
897 2946 1124 3001 afficitur
1149 2945 1467 3000 contumelia
1483 2985 1498 3009 ,
1519 2944 1608 2998 ubi
1629 2943 1716 2998 Fi-

133 3037 224 3090 lius
247 3038 535 3094 lacessitur
564 3039 817 3093 conviciis
843 3077 863 3106 ,
897 3038 984 3093 ubi
1011 3047 1228 3094 sanctus
1255 3045 1308 3092 et
1333 3036 1572 3092 vivilieus
1597 3035 1717 3106 Spi-

135 3127 252 3182 ritus
267 3129 654 3195 contemnitur,
687 3145 752 3183 eo
771 3128 955 3184 studes
980 3127 1300 3184 accurrere?
1327 3126 1443 3182 Non
1472 3125 1669 3182 metuis
1693 3168 1708 3194 ,

136 3233 228 3272 non
255 3219 550 3286 horrescis,
575 3235 691 3274 cum
723 3221 948 3289 teipsum
977 3223 1029 3274 in
1074 3219 1188 3275 loca
1233 3218 1447 3289 profana
1479 3219 1714 3288 impura-

134 3323 225 3376 que
248 3311 506 3379 cunjicis?
543 3311 634 3366 Dic
665 3311 813 3376 mihi,
843 3327 998 3381 quam
1033 3311 1252 3366 habebis
1279 3311 1672 3365 excusationem
1696 3349 1712 3376 ,

136 3415 279 3469 quam
309 3406 523 3458 veniam
552 3443 568 3470 ,
615 3404 704 3473 qui
730 3404 916 3458 volens
940 3403 1168 3472 teipsum
1192 3403 1242 3456 in
1274 3401 1582 3456 barathrum
1613 3401 1715 3456 int-

139 3495 319 3561 mittas,
353 3497 403 3551 in
433 3497 792 3566 praecipitium
824 3497 937 3551 des.

202 3583 331 3638 Libri
359 3589 526 3641 sancti
550 3605 646 3640 non
671 3597 899 3641 sanctam
927 3589 1121 3660 faciunt
1151 3586 1584 3658 Synagogam.-—
1607 3586 1714 3642 Ne-

139 3689 229 3742 que
254 3677 391 3732 enim
420 3679 554 3733 mihi
583 3679 709 3733 illud
734 3679 954 3744 dixeris,
979 3679 1121 3750 quod
1149 3679 1258 3734 illic
1281 3679 1380 3734 sita
1405 3688 1490 3734 est
1515 3679 1596 3733 lex
1617 3719 1631 3743 ,
1662 3686 1718 3733 et

141 3774 498 3835 proplteutrutn
529 3769 672 3824 libri.
700 3770 880 3840 Neque
896 3771 1037 3824 enim
1068 3770 1169 3824 hoc
1196 3770 1324 3824 satis
1351 3779 1430 3825 est
1453 3769 1518 3824 ad
1540 3770 1713 3824 locum

144 3867 365 3913 satu-tum
396 3861 755 3916 reddendum.
785 3861 974 3917 Utrum
1002 3861 1145 3917 enim
1195 3861 1366 3932 majus
1412 3871 1513 3928 est,
1552 3862 1717 3916 libros

142 3963 247 4004 esse
268 3954 532 4020 repositos
555 3953 608 4007 in
632 3953 773 4021 loco,
805 3969 872 4008 an
905 3955 1045 4024 loqui
1076 3970 1135 4009 ea
1162 3970 1282 4024 quae
1307 3964 1431 4009 sunt
1450 3953 1502 4008 in
1531 3953 1717 4009 libris?

143 4035 466 4111 Perspicuum
516 4055 597 4099 est
631 4085 646 4111 ,
679 4045 868 4099 melius
891 4061 1011 4101 esse
1037 4046 1080 4100 si
1108 4061 1172 4101 ea
1203 4062 1319 4116 quae
1343 4056 1465 4100 sunt
1493 4045 1717 4100 inlibris

143 4128 360 4200 loquaris
408 4136 716 4207 habeasque
742 4139 796 4192 in
832 4138 1031 4192 animo.
1081 4138 1219 4206 Ergo
1247 4138 1510 4207 responde
1541 4137 1666 4193 mihi
1697 4178 1713 4204 ,

146 4236 252 4279 cutn
290 4227 534 4285 diabolus
581 4231 829 4286 recitaret
866 4245 928 4285 ea
956 4271 970 4296 ,
1001 4245 1120 4299 qum
1139 4239 1265 4284 sunt
1296 4230 1347 4283 in
1382 4228 1674 4298 Scriptttris
1696 4268 1713 4295 ,

147 4327 258 4369 nutu
285 4333 346 4374 os
376 4322 518 4375 illius
559 4321 941 4376 sanctificatum
981 4321 1102 4376 est?
1143 4320 1259 4375 Non
1303 4333 1452 4390 pctes
1497 4321 1710 4385 dicere,

148 4407 229 4460 sed
257 4415 542 4476 permansit
568 4413 620 4468 id
647 4414 787 4483 quod
816 4413 1211 4470 eratdiabolus.
1240 4413 1376 4481 Quid
1407 4421 1584 4466 autem
1614 4412 1716 4465 dae-

152 4500 353 4553 mones?
380 4501 515 4558 Cum
548 4506 903 4574 prmdicarent
943 4520 1006 4559 ac
1039 4505 1316 4559 diceretft:
1364 4503 1390 4557 1
1399 4505 1461 4557 sti
1491 4503 1716 4558 homines

155 4591 267 4642 seni
289 4591 378 4646 Dei
405 4597 638 4652 altissimi
653 4609 768 4652 sunt
787 4640 802 4665 ,
831 4599 1187 4652 annuntiantes
1209 4598 1346 4651 vobis
1373 4599 1504 4651 viam
1530 4597 1716 4650 salutis

153 4675 274 4742 (Act.
302 4684 386 4738 10.
427 4687 554 4760 17);
597 4704 663 4743 an
692 4689 814 4744 ideo
838 4691 958 4744 illos
987 4689 1040 4743 in
1071 4691 1430 4757 apostolorum
1473 4688 1714 4743 ordinem

155 4767 461 4832 referemus?
481 4780 842 4851 Nequaquam,
866 4779 973 4834 imo
1001 4779 1357 4836 nihilominus
1377 4795 1718 4835 exsecramur

155 4857 280 4925 illos,
303 4865 632 4940 odinmsque.
667 4870 810 4939 Ergo
837 4885 960 4924 cum
1003 4872 1162 4925 verba
1209 4872 1412 4940 prolata
1449 4886 1555 4925 non
1595 4886 1718 4925 san-

155 4949 388 5022 ctilicent,
418 4958 538 5014 libri
560 4961 778 5030 repositi
803 4962 1172 5017 sanctificant?
1199 4964 1433 5018 Minime.
1461 4963 1572 5031 Qua
1604 4974 1717 5018 tan-

156 5033 262 5126 dent
291 5046 528 5104 ratione?
548 5051 660 5107 lmo
685 5051 788 5107 hoc
825 5054 1040 5108 nomine
1065 5054 1152 5108 odi
1182 5069 1503 5126 synagogam
1534 5097 1548 5120 ,
1576 5056 1716 5126 quod

158 5123 311 5197 legent
338 5135 524 5196 habeat
551 5158 614 5198 ac
639 5145 925 5214 prephetas
954 5186 968 5208 ,
1012 5155 1066 5200 et
1108 5123 1250 5201 nunc
1290 5123 1449 5201 etiam
1489 5123 1717 5217 amplius

157 5217 234 5272 Odi
257 5261 270 5285 ,
291 5240 441 5294 quam
468 5233 510 5286 si
539 5233 668 5289 nihil
697 5235 920 5290 istorum
945 5236 1186 5291 haberet.
1217 5235 1324 5292 Cur
1349 5239 1420 5291 ita
1449 5239 1662 5293 tandem
1693 5240 1716 5293 ?

161 5307 397 5400 Quondam
427 5326 623 5382 variam
655 5329 779 5382 hinc
806 5328 1003 5384 habent
1027 5344 1226 5392 escam,
1253 5330 1557 5400 variamque
1587 5331 1718 5386 frau-

163 5394 507 5492 dismateriam
538 5457 553 5481 ,
581 5434 680 5488 qua
709 5419 1063 5489 simpliciores
1087 5419 1338 5474 alliciant.
1368 5421 1716 5492 Quandoqui-

165 5487 332 5549 detnet
355 5500 540 5563 Paulus
563 5487 804 5579 spiritum
821 5487 978 5566 illum
1001 5512 1304 5582 loquentem
1331 5515 1528 5583 potius,
1558 5487 1714 5585 quam

168 5584 402 5674 tacentem
429 5596 599 5665 cjecit.
625 5600 829 5656 Etenim
846 5604 1074 5657 molestia
1100 5603 1346 5674 taedioque
1363 5584 1598 5673 allectus,
1631 5605 1715 5659 in-

168 5669 282 5736 quit,
309 5681 494 5745 spiritui
531 5689 687 5745 dixit:
730 5693 813 5746 exi
837 5695 900 5747 ab
937 5692 1029 5746 illa
1051 5693 1068 5764 (
1097 5693 1237 5748 Ibid.
1262 5669 1316 5748 ὠ.
1346 5669 1420 5750 ts
1441 5694 1483 5765 ).
1513 5669 1626 5764 Qua
1649 5695 1717 5752 de

165 5766 337 5818 causa?
373 5772 627 5840 Quoniam
660 5783 962 5839 clamabat:
996 5784 1093 5840 Isti
1116 5785 1338 5842 homines
1368 5787 1496 5841 servi
1515 5787 1608 5842 Dei
1629 5788 1711 5842 al-

1819 656 2248 726 persuasurique,
2271 673 2375 727 quo
2405 659 2652 716 nimirum
2679 670 2732 716 et
2757 663 2875 716 aliis
2912 665 2962 717 in
3000 664 3158 718 rebus
3185 665 3286 720 sibi
3315 681 3404 718 au-

1819 744 2127 799 scultarent.
2155 746 2427 816 Siquidem
2452 757 2508 802 ut
2537 751 2731 804 ostium
2757 755 3026 820 aperirent
3069 755 3180 808 suis
3207 755 3405 810 fraudi-

1818 832 1938 902 bus,
1994 847 2313 907 posscntque
2365 840 2415 893 in
2453 851 2722 910 posterum
2769 846 2976 898 mentiri
3016 846 3404 901 conﬁdentius:

1819 933 2100 994 propterea
2131 944 2253 983 vera
2284 947 2495 999 quoque
2541 933 2793 987 nonnulla
2823 936 3270 1004 commiscebant,
3303 954 3405 993 non

1818 1015 1974 1070 aliter
2001 1033 2157 1087 quam
2185 1021 2275 1090 qui
2303 1021 2544 1077 lethifera
2578 1025 2800 1079 miscent
2827 1042 3028 1081 venena
3051 1069 3064 1092 ,
3126 1043 3187 1082 os
3234 1032 3404 1098 poculi

1821 1108 1980 1163 melle
2001 1111 2429 1168 circumlinentes
2449 1155 2464 1180 ,
2505 1114 2743 1170 efficiunt
2761 1158 2776 1182 ,
2805 1126 2863 1171 ut
2883 1118 3085 1173 facilius
3111 1121 3401 1189 accipiatur

1819 1199 2041 1254 malum.
2072 1201 2227 1257 Hanc
2255 1203 2324 1258 ob
2352 1219 2566 1259 causam
2593 1215 2644 1260 et
2681 1206 2877 1262 Paulus
2913 1210 3246 1277 potissimmn
3279 1212 3405 1264 alli-

1820 1292 2059 1346 ciebatur
2094 1294 2369 1359 molestia,
2399 1295 2788 1368 festinabatque
2834 1301 2936 1354 illis
2978 1303 3260 1357 occludere
3307 1318 3368 1357 os
3390 1347 3407 1363 .

1819 1383 1962 1452 quod
1986 1383 2085 1438 sibi
2115 1388 2482 1442 auctoritatem
2515 1400 2868 1458 usurparent,
2898 1408 3226 1462 nequaquam
3274 1395 3404 1465 ipsas

1819 1482 2221 1542 congruentem.
2267 1476 2415 1531 Hanc
2444 1478 2512 1532 ob
2539 1493 2754 1533 causam
2785 1490 2836 1535 et
2877 1483 2989 1551 ipse
3026 1481 3242 1537 Judaeos
3274 1485 3359 1538 odi
3387 1526 3402 1547 .

1820 1563 1961 1632 quod
1989 1579 2109 1618 cum
2137 1565 2304 1636 legem
2330 1567 2578 1635 habeant,
2607 1570 2775 1640 legem
2795 1572 3010 1638 violant,
3037 1583 3090 1628 et
3118 1574 3219 1630 hoc
3248 1577 3409 1631 modo

1819 1655 2170 1724 simpliciores
2218 1657 2456 1713 inescare
2494 1673 2773 1715 conantur.
2829 1663 2945 1717 Non
2983 1665 3204 1732 perinde
3247 1683 3410 1737 grave

1819 1745 2021 1800 crimen
2051 1747 2414 1816 admitterent,
2450 1751 2547 1804 nisi
2578 1767 2697 1806 cum
2726 1756 2948 1809 credant
2979 1757 3251 1825 prophetis
3274 1797 3290 1823 ,
3315 1773 3406 1813 re-

1822 1836 2359 1906 pugnarentChristo.
2383 1839 2532 1894 Nunc
2555 1858 2681 1897 vero
2707 1844 2804 1897 sibi
2823 1860 3034 1900 omnem
3065 1847 3230 1901 venia:
3253 1863 3403 1917 spem

1820 1927 2169 1994 ademerunt,
2221 1931 2309 2000 qui
2341 1947 2460 1984 cum
2488 1948 2546 1987 se
2571 1934 2773 2002 jacteut
2819 1937 3092 2006 prOphetis
3128 1939 3351 1994 credere
3382 1981 3398 2006 ,

1821 2019 2160 2074 contumeliis
2183 2019 2423 2076 afficiunt
2453 2039 2573 2078 eum
2601 2065 2616 2092 ,
2641 2042 2798 2094 quem
2826 2027 2900 2081 illi
2927 2029 3306 2097 pra-dixerunt.

1892 2109 1944 2162 7.
1975 2108 2030 2161 In
2063 2126 2304 2176 summa,
2337 2113 2380 2168 si
2432 2113 2610 2170 credis
2654 2116 2829 2171 locum
2876 2134 2996 2174 esse
3043 2131 3287 2176 Sanctum
3339 2139 3405 2177 eo

1821 2199 1964 2268 quod
1992 2201 2099 2254 illic
2124 2201 2211 2257 lex
2235 2213 2289 2258 et
2319 2205 2698 2274 prophetarum
2719 2208 2838 2264 libri
2869 2212 3088 2280 repositi
3120 2223 3279 2279 sunt,
3310 2229 3403 2268 su-

1823 2300 2001 2359 perest
2022 2300 2075 2346 ut
2101 2303 2154 2361 et
2180 2294 2319 2349 idola
2347 2305 2400 2351 et
2420 2296 2683 2353 idolorum
2707 2300 2900 2369 templa
2928 2317 3025 2370 pro
3067 2305 3268 2359 sanctis
3301 2305 3400 2358 du-

1821 2398 1932 2436 cas.
1973 2384 2250 2452 Quondatu
2281 2389 2424 2442 enim
2450 2430 2464 2454 ,
2495 2406 2616 2444 cum
2647 2391 2845 2447 bellum
2889 2403 3098 2452 teneret
3140 2397 3357 2453 JUdLCOS
3395 2440 3411 2465 ,

1821 2475 2050 2530 victores
2076 2478 2248 2532 Az-Otii
2275 2492 2534 2548 ceperunt
2558 2496 2756 2549 arcam,
2776 2484 2936 2554 inque
2962 2501 3114 2542 suum
3146 2490 3402 2560 templum

1821 2563 2108 2620 intulerunt
2135 2567 2209 2637 (l.
2240 2567 2366 2640 Reg.
2393 2570 2473 2638 5).
2501 2572 2583 2626 An
2610 2571 2732 2627 ideo
2760 2585 3000 2629 sanctum
3032 2587 3148 2631 erat
3192 2579 3402 2634 illorum

1823 2659 2099 2727 templum,
2124 2661 2264 2729 quod
2287 2662 2503 2718 haberet
2527 2679 2703 2718 arcam
2721 2665 2744 2720 ?
2763 2665 3126 2738 Nequaquam,
3160 2671 3252 2726 sed
3282 2687 3408 2741 pro-

1821 2750 2002 2805 fanum
2025 2793 2039 2816 ,
2082 2754 2174 2807 sed
2202 2755 2489 2824 impurum.
2526 2756 2585 2812 ld
2624 2761 2863 2829 protinus
2893 2762 3020 2830 ipsis
3061 2763 3213 2819 factis
3238 2765 3413 2821 decla-

1822 2852 1999 2898 ratum
2026 2853 2130 2899 est.
2159 2845 2291 2901 Nam
2319 2857 2374 2901 ut
2413 2847 2595 2904 hostes
2627 2851 2982 2922 intelligerent
3027 2855 3302 2909 victoriam
3335 2857 3409 2926 ip-

1821 2937 1895 2990 sis
1909 2939 2155 3004 cessisse,
2172 2956 2275 2994 non
2293 2942 2361 2996 ob
2378 2942 2742 3012 impotentiam
2764 2946 2977 3014 Dei,sed
2995 2948 3064 3002 ob
3084 2949 3412 3020 iniquitatem

1808 3044 2006 3085 eorum
2031 3046 2061 3084 a
2085 3033 2274 3102 quibus
2294 3035 2571 3091 colebatur
2596 3054 2612 3091 :
2637 3038 2796 3093 etiam
2820 3054 2941 3094 arca
2965 3051 3116 3111 capta
3144 3043 3194 3096 in
3235 3044 3411 3099 aliena

1817 3131 1963 3177 terra
1987 3125 2092 3177 vim
2121 3140 2278 3180 suam
2299 3127 2563 3194 ostendit,
2597 3128 2724 3184 dum
2751 3130 2894 3185 idolo
2920 3132 2999 3185 bis
3031 3133 3084 3187 in
3113 3135 3284 3188 solum
3311 3137 3403 3190 des

1815 3214 1959 3285 jecto
1987 3216 2161 3271 effecit
2190 3226 2247 3270 ut
2270 3221 2428 3272 etiam
2461 3219 2811 3291 frangeretur.
2863 3222 3092 3278 Tantum
3133 3226 3316 3280 aberat
3356 3239 3411 3281 ttt

1823 3307 1998 3361 locum
2030 3311 2414 3375 sanctilicaret,
2449 3321 2506 3365 ut
2531 3311 2704 3367 locum
2734 3315 2894 3368 etiam
2925 3327 3273 3387 expugnaret.
3310 3319 3406 3374 Ve-

1820 3413 1938 3451 rum
1963 3399 2047 3453 hic
2075 3416 2316 3468 qumuam
2348 3412 2429 3456 est
2453 3417 2575 3457 arca
2608 3419 2772 3473 penes
2797 3405 3010 3461 Iudaeos
3034 3449 3049 3473 ,
3085 3408 3170 3461 ubi
3197 3425 3301 3462 non
3333 3421 3415 3465 est

1822 3489 2291 3559 propitiatorium?
2334 3507 2441 3547 non
2468 3494 2742 3549 oraculum
2768 3537 2784 3562 ,
2824 3511 2927 3550 non
2979 3500 3280 3552 testamenti
3325 3508 3410 3553 ta-

1821 3581 1981 3648 bulae,
2013 3599 2114 3636 non
2140 3593 2321 3638 sancta
2351 3594 2801 3652 sanctorum,non
2824 3587 3020 3655 velum,
3047 3604 3152 3643 non
3175 3606 3416 3645 summus

1821 3673 2074 3728 sacerdos
2095 3716 2109 3740 ,
2141 3691 2244 3728 non
2270 3675 2557 3746 thymiama
2588 3718 2603 3743 ,
2631 3692 2733 3731 non
2765 3677 3128 3734 holocaustum
3150 3721 3165 3745 ,
3200 3697 3302 3735 non
3325 3697 3414 3736 sa-

1821 3762 2078 3818 crificium
2106 3805 2120 3830 ,
2154 3779 2256 3818 non
2306 3765 2410 3819 alia
2436 3781 2554 3836 qua:
2603 3776 2713 3821 tum
2760 3783 2937 3823 arcam
2986 3771 3089 3826 illis
3119 3771 3416 3827 reddebant

1821 3855 2178 3909 venerandam
2200 3855 2223 3906 ?
2249 3855 2375 3910 Mihi
2395 3857 2608 3927 quidem
2629 3857 2936 3913 Judteorum
2965 3877 3025 3915 ea
3046 3902 3061 3928 ,
3085 3877 3242 3931 quam
3274 3879 3414 3918 nunc

1823 3943 2042 4011 habent,
2071 3963 2194 4002 arca
2219 3948 2389 4002 nihilo
2414 3950 2604 4004 melius
2631 3949 2829 4006 habere
2851 3951 3062 4007 videtur
3090 3955 3154 4008 iis
3179 3956 3374 4009 arculis
3397 3996 3413 4021 ,

1822 4053 1940 4108 quae
1960 4047 2195 4094 veneunt
2216 4039 2267 4093 in
2296 4040 2444 4107 foro,
2475 4042 2584 4097 imo
2609 4043 2759 4112 pejus
2799 4043 2975 4098 habet.
3005 4045 3137 4099 Nam
3166 4047 3246 4101 ha:
3286 4049 3418 4102 nihil

1822 4127 2016 4183 ltedere
2045 4138 2265 4198 possunt
2291 4131 2332 4184 si
2355 4132 2472 4200 quis
2491 4133 2675 4197 adeat;
2706 4133 2796 4186 illa
2819 4149 2948 4188 vero
2963 4136 3198 4203 quotidie
3221 4153 3413 4192 noxam

1823 4219 1983 4274 infert
2011 4222 2075 4274 iis
2099 4221 2189 4290 qui
2218 4223 2562 4276 accesserint.
2596 4221 2837 4288 Fratres,
2877 4241 2939 4276 ne
2965 4225 3075 4277 sitis
3101 4227 3244 4291 pueri
3271 4245 3415 4280 men-

1822 4311 1971 4376 tibus,
2013 4313 2102 4365 sed
2127 4312 2321 4364 malitia
2347 4313 2548 4379 parvuli
2571 4323 2724 4367 estote
2757 4315 2836 4384 (l.
2870 4314 2989 4370 Cor.
3020 4317 3105 4371 M.
3137 4316 3229 4390 20)
3258 4334 3418 4382 ;cos-

1821 4419 1924 4472 que
1952 4403 2039 4472 qui
2058 4403 2122 4457 ad
2151 4405 2247 4458 ista
2272 4413 2506 4474 stupent,
2529 4405 2597 4459 ab
2613 4405 2715 4461 hoc
2733 4407 3105 4478 intempestivo
3123 4419 3263 4465 metu
3281 4411 3413 4466 libe-

1823 4505 2021 4560 rantes,
2069 4497 2278 4552 erudite
2317 4497 2444 4568 quid
2478 4507 2725 4567 oporteat
2775 4501 2964 4554 timere
2991 4541 3008 4566 ,
3041 4505 3409 4574 revereriquc,

1823 4605 1926 4643 non
1958 4588 2113 4643 istam
2142 4605 2354 4644 arcam:
2407 4591 2498 4646 sed
2529 4592 2668 4662 quod
2699 4604 3081 4650 concurrentes
3126 4597 3190 4650 ad
3245 4599 3410 4665 illam,

1821 4684 2022 4738 violent
2053 4684 2308 4754 templum
2338 4685 2448 4750 Dei,
2484 4701 2579 4754 per
2600 4688 2979 4742 conscientiam
3000 4690 3064 4743 ad
3082 4690 3411 4746 Judaismunt

1823 4791 2161 4846 propensam,
2203 4793 2298 4846 per
2319 4778 2741 4847 intempestivam
2769 4779 2922 4834 istam
2961 4782 3412 4840 observationem.

1827 4867 2103 4936 Quotquot,
2135 4868 2321 4938 inquit,
2354 4870 2404 4922 iu
2428 4869 2536 4940 lege
2549 4871 2928 4941 justiﬁcamini,
2969 4889 3000 4926 a
3029 4875 3192 4944 gratia
3216 4877 3397 4930 excidi-

1825 4959 1916 5013 sti:
1948 4959 2089 5030 (Gal.
2115 4960 2170 5015 5.
2195 4959 2273 5030 4).
2302 4960 2414 5015 Hoc
2440 4971 2652 5031 oportet
2673 4963 2884 5030 tintere,
2910 4978 2977 5018 ne
3005 4965 3055 5018 in
3082 4965 3169 5019 die
3196 4966 3290 5020 illo
3312 4981 3412 5020 au~

1823 5050 1979 5104 diatis
2001 5051 2070 5105 ab
2108 5065 2174 5106 eo
2215 5051 2305 5121 qui
2340 5067 2434 5106 vos
2467 5053 2801 5122 judicaturus
2845 5063 2926 5109 est
2953 5073 2967 5108 :
2998 5054 3282 5122 Discedite,
3309 5073 3412 5110 nou

1823 5145 1938 5196 novi
1983 5161 2066 5198 vos
2100 5144 2247 5216 (Luc.
2275 5146 2360 5199 l5.
2389 5144 2482 5216 27)
2509 5162 2523 5210 ;
2551 5146 2985 5200 communicastis
3019 5146 3159 5200 enim
3198 5161 3325 5200 cum
3347 5148 3412 5204 iis

1823 5235 1909 5303 qui
1938 5251 2022 5289 me
2051 5234 2458 5300 cruciflxerunt;
2481 5245 2535 5290 et
2562 5237 2922 5292 solemnitates
2950 5279 2964 5304 ,
2995 5251 3128 5306 quas
3148 5253 3248 5307 ego
3273 5239 3413 5292 anti-

1822 5327 1979 5395 quari
2005 5367 2018 5391 ,
2060 5326 2445 5381 contendentes
2492 5341 2703 5380 mecum
2729 5342 2916 5382 rursus
2939 5327 3310 5392 iestaurastis;
3339 5328 3407 5382 ad

1822 5419 2151 5485 Judazorum,
2183 5419 2270 5487 qui
2299 5419 2458 5488 impie
2487 5419 2714 5489 agebant
2744 5419 2796 5475 itt
2828 5435 2916 5475 me
2943 5467 2958 5490 ,
3000 5434 3066 5476 ac
3091 5421 3260 5488 legem
3292 5421 3408 5474 vio-

1824 5511 2002 5565 labant
2029 5551 2046 5576 ,
2092 5523 2386 5580 synagogas
2426 5510 2794 5564 concurristis.
2837 5511 2995 5578 Atqui
3043 5525 3142 5579 ego
3195 5509 3408 5579 quidem

1825 5602 2080 5671 templum
2127 5601 2339 5656 illorum
2367 5601 2624 5668 subverti,
2667 5610 2720 5655 et
2765 5601 2816 5655 in
2857 5601 3111 5656 ruderum
3153 5613 3406 5654 acervum

1823 5691 1960 5750 verti
1988 5691 2240 5762 templum
2264 5691 2392 5747 illud
2422 5692 2727 5747 venerabile
2751 5733 2766 5759 ,
2793 5706 2880 5746 res
2917 5691 3176 5746 verendas
3205 5699 3259 5746 et
3287 5691 3408 5746 hor-

1825 5787 2019 5844 rendas
2064 5787 2380 5852 continens;
2434 5801 2528 5842 vos
2580 5795 2756 5842 autem
2807 5785 3104 5842 habitacula
3155 5787 3414 5856 cauponis
