  <div class='ocr_page' id='page_1' title='image "/cluster/home/n/w/nwhite01/storage/ocr_20150623/48:no.1:pt.2/coo.31924054869478/393.png"; bbox 0 0 3920 6400; ppageno 0'>
   <div class='ocr_carea' id='block_1_1' title="bbox 519 350 618 405">
    <p class='ocr_par' dir='ltr' id='par_1_1' title="bbox 519 350 618 405">
     <span class='ocr_line' id='line_1_1' title="bbox 519 350 618 405; baseline 0.01 -2"><span class='ocrx_word' id='word_1_1' title='bbox 519 350 618 405; x_wconf 69' lang='lat'><strong>315</strong></span> 
     </span>
    </p>
   </div>
   <div class='ocr_carea' id='block_1_2' title="bbox 479 429 2093 522">
    <p class='ocr_par' dir='ltr' id='par_1_2' title="bbox 479 429 2093 522">
     <span class='ocr_line' id='line_1_2' title="bbox 479 429 2093 522; baseline -0.017 -4"><span class='ocrx_word' id='word_1_2' title='bbox 479 429 483 434; x_wconf 26' lang='lat'><strong><em>.</em></strong></span> <span class='ocrx_word' id='word_1_3' title='bbox 518 460 684 517; x_wconf 80' lang='lat' dir='ltr'><strong>nihilo</strong></span> <span class='ocrx_word' id='word_1_4' title='bbox 703 456 923 513; x_wconf 79' lang='lat' dir='ltr'><strong>meliora</strong></span> <span class='ocrx_word' id='word_1_5' title='bbox 943 461 996 508; x_wconf 91' lang='lat' dir='ltr'><strong>et</strong></span> <span class='ocrx_word' id='word_1_6' title='bbox 1015 452 1294 522; x_wconf 90' lang='lat' dir='ltr'><strong>speluncas</strong></span> <span class='ocrx_word' id='word_1_7' title='bbox 1317 450 1578 502; x_wconf 75' lang='lat' dir='ltr'><strong>latronum</strong></span> <span class='ocrx_word' id='word_1_8' title='bbox 1601 442 1860 498; x_wconf 88' lang='lat' dir='ltr'><strong>coluistis.</strong></span> <span class='ocrx_word' id='word_1_9' title='bbox 1886 440 2093 494; x_wconf 83' lang='lat' dir='ltr'><strong>Etenim</strong></span> 
     </span>
    </p>
   </div>
   <div class='ocr_carea' id='block_1_3' title="bbox 483 527 2100 612">
    <p class='ocr_par' dir='ltr' id='par_1_3' title="bbox 483 527 2100 612">
     <span class='ocr_line' id='line_1_3' title="bbox 483 527 2100 612; baseline -0.014 -3"><span class='ocrx_word' id='word_1_10' title='bbox 483 527 493 612; x_wconf 50' lang='grc' dir='ltr'>ἶ</span> <span class='ocrx_word' id='word_1_11' title='bbox 518 553 563 606; x_wconf 85' lang='lat' dir='ltr'><strong>si</strong></span> <span class='ocrx_word' id='word_1_12' title='bbox 591 558 716 605; x_wconf 90' lang='lat' dir='ltr'><strong>tunc</strong></span> <span class='ocrx_word' id='word_1_13' title='bbox 738 561 862 602; x_wconf 86' lang='lat' dir='ltr'><strong>cum</strong></span> <span class='ocrx_word' id='word_1_14' title='bbox 887 553 1068 600; x_wconf 89' lang='lat' dir='ltr'><strong>essent</strong></span> <span class='ocrx_word' id='word_1_15' title='bbox 1090 540 1398 604; x_wconf 87' lang='lat' dir='ltr'><strong>Cherubim,</strong></span> <span class='ocrx_word' id='word_1_16' title='bbox 1430 548 1549 591; x_wconf 82' lang='lat' dir='ltr'><strong>cuin</strong></span> <span class='ocrx_word' id='word_1_17' title='bbox 1578 549 1700 588; x_wconf 88' lang='lat' dir='ltr'><strong>arca</strong></span> <span class='ocrx_word' id='word_1_18' title='bbox 1729 575 1745 596; x_wconf 92' lang='lat'><strong>,</strong></span> <span class='ocrx_word' id='word_1_19' title='bbox 1776 548 1898 587; x_wconf 91' lang='lat' dir='ltr'><strong>cum</strong></span> <span class='ocrx_word' id='word_1_20' title='bbox 1923 530 2100 586; x_wconf 86' lang='lat' dir='ltr'><strong>adhuc</strong></span> 
     </span>
    </p>
   </div>
   <div class='ocr_carea' id='block_1_4' title="bbox 519 621 2099 711">
    <p class='ocr_par' dir='ltr' id='par_1_4' title="bbox 519 621 2099 711">
     <span class='ocr_line' id='line_1_4' title="bbox 519 621 2099 711; baseline -0.016 -15"><span class='ocrx_word' id='word_1_21' title='bbox 519 640 748 711; x_wconf 77' lang='lat' dir='ltr'><strong>Spiritus</strong></span> <span class='ocrx_word' id='word_1_22' title='bbox 774 636 990 690; x_wconf 80' lang='lat' dir='ltr'><strong>ﬂoreret</strong></span> <span class='ocrx_word' id='word_1_23' title='bbox 1007 633 1194 701; x_wconf 88' lang='lat' dir='ltr'><strong>gratia,</strong></span> <span class='ocrx_word' id='word_1_24' title='bbox 1217 629 1383 682; x_wconf 85' lang='lat' dir='ltr'><strong>dixit:</strong></span> <span class='ocrx_word' id='word_1_25' title='bbox 1411 625 1625 679; x_wconf 74' lang='lat' dir='ltr'><strong>Fecistis</strong></span> <span class='ocrx_word' id='word_1_26' title='bbox 1654 623 1780 676; x_wconf 81' lang='lat' dir='ltr'><strong>illud</strong></span> <span class='ocrx_word' id='word_1_27' title='bbox 1806 621 2099 711; x_wconf 72' lang='lat' dir='ltr'><strong>speluncam</strong></span> 
     </span>
    </p>
   </div>
   <div class='ocr_carea' id='block_1_5' title="bbox 516 705 2094 788">
    <p class='ocr_par' dir='ltr' id='par_1_5' title="bbox 516 705 2094 788">
     <span class='ocr_line' id='line_1_5' title="bbox 516 705 2094 788; baseline -0.013 -9"><span class='ocrx_word' id='word_1_28' title='bbox 516 705 788 780; x_wconf 54' lang='lat' dir='ltr'><strong>latronum</strong></span> <span class='ocrx_word' id='word_1_29' title='bbox 820 718 1039 788; x_wconf 82' lang='lat' dir='ltr'><strong>(Matth.</strong></span> <span class='ocrx_word' id='word_1_30' title='bbox 1065 719 1158 772; x_wconf 73' lang='lat' dir='ltr'><strong>2i.</strong></span> <span class='ocrx_word' id='word_1_31' title='bbox 1184 715 1298 783; x_wconf 76' lang='lat' dir='ltr'><strong>l3),</strong></span> <span class='ocrx_word' id='word_1_32' title='bbox 1331 723 1450 776; x_wconf 90' lang='lat' dir='ltr'><strong>aut,</strong></span> <span class='ocrx_word' id='word_1_33' title='bbox 1477 712 1692 766; x_wconf 85' lang='lat' dir='ltr'><strong>domum</strong></span> <span class='ocrx_word' id='word_1_34' title='bbox 1716 705 2094 776; x_wconf 75' lang='lat' dir='ltr'><strong>negotiationis</strong></span> 
     </span>
    </p>
   </div>
   <div class='ocr_carea' id='block_1_6' title="bbox 523 797 2093 881">
    <p class='ocr_par' dir='ltr' id='par_1_6' title="bbox 523 797 2093 881">
     <span class='ocr_line' id='line_1_6' title="bbox 523 797 2093 881; baseline -0.008 -19"><span class='ocrx_word' id='word_1_35' title='bbox 523 812 704 881; x_wconf 70' lang='lat' dir='ltr'><strong>(locu.</strong></span> <span class='ocrx_word' id='word_1_36' title='bbox 736 811 790 864; x_wconf 72' lang='lat'><strong>2.</strong></span> <span class='ocrx_word' id='word_1_37' title='bbox 816 809 930 878; x_wconf 71' lang='lat'><strong>26),</strong></span> <span class='ocrx_word' id='word_1_38' title='bbox 953 815 1176 877; x_wconf 84' lang='lat' dir='ltr'><strong>propter</strong></span> <span class='ocrx_word' id='word_1_39' title='bbox 1201 802 1517 874; x_wconf 81' lang='lat' dir='ltr'><strong>iniquitates</strong></span> <span class='ocrx_word' id='word_1_40' title='bbox 1543 815 1607 854; x_wconf 89' lang='lat' dir='ltr'><strong>ac</strong></span> <span class='ocrx_word' id='word_1_41' title='bbox 1637 798 1812 854; x_wconf 72' lang='lat' dir='ltr'><strong>caedes</strong></span> <span class='ocrx_word' id='word_1_42' title='bbox 1835 797 2052 851; x_wconf 90' lang='lat' dir='ltr'><strong>illorum</strong></span> <span class='ocrx_word' id='word_1_43' title='bbox 2079 813 2093 849; x_wconf 92' lang='lat'><strong>:</strong></span> 
     </span>
    </p>
   </div>
   <div class='ocr_carea' id='block_1_7' title="bbox 523 886 2095 969">
    <p class='ocr_par' dir='ltr' id='par_1_7' title="bbox 523 886 2095 969">
     <span class='ocr_line' id='line_1_7' title="bbox 523 886 2095 969; baseline -0.01 -13"><span class='ocrx_word' id='word_1_44' title='bbox 523 916 665 956; x_wconf 88' lang='lat' dir='ltr'><strong>nunc</strong></span> <span class='ocrx_word' id='word_1_45' title='bbox 687 907 976 969; x_wconf 82' lang='lat' dir='ltr'><strong>postquam</strong></span> <span class='ocrx_word' id='word_1_46' title='bbox 1011 897 1134 950; x_wconf 90' lang='lat' dir='ltr'><strong>illos</strong></span> <span class='ocrx_word' id='word_1_47' title='bbox 1152 894 1329 950; x_wconf 89' lang='lat' dir='ltr'><strong>sancti</strong></span> <span class='ocrx_word' id='word_1_48' title='bbox 1361 891 1607 962; x_wconf 81' lang='lat' dir='ltr'><strong>Spiritus</strong></span> <span class='ocrx_word' id='word_1_49' title='bbox 1625 889 1872 945; x_wconf 91' lang='lat' dir='ltr'><strong>deseruit</strong></span> <span class='ocrx_word' id='word_1_50' title='bbox 1900 886 2095 959; x_wconf 84' lang='lat' dir='ltr'><strong>gratia,</strong></span> 
     </span>
    </p>
   </div>
   <div class='ocr_carea' id='block_1_8' title="bbox 523 981 2096 1062">
    <p class='ocr_par' dir='ltr' id='par_1_8' title="bbox 523 981 2096 1062">
     <span class='ocr_line' id='line_1_8' title="bbox 523 981 2096 1062; baseline -0.009 -14"><span class='ocrx_word' id='word_1_51' title='bbox 523 1003 831 1062; x_wconf 85' lang='lat' dir='ltr'><strong>cunctaque</strong></span> <span class='ocrx_word' id='word_1_52' title='bbox 845 993 937 1045; x_wconf 90' lang='lat' dir='ltr'><strong>illa</strong></span> <span class='ocrx_word' id='word_1_53' title='bbox 953 987 1289 1044; x_wconf 76' lang='lat' dir='ltr'><strong>venerabilia</strong></span> <span class='ocrx_word' id='word_1_54' title='bbox 1307 993 1363 1042; x_wconf 89' lang='lat' dir='ltr'><strong>et</strong></span> <span class='ocrx_word' id='word_1_55' title='bbox 1377 984 1489 1040; x_wconf 88' lang='lat' dir='ltr'><strong>Deo</strong></span> <span class='ocrx_word' id='word_1_56' title='bbox 1503 993 1657 1056; x_wconf 88' lang='lat' dir='ltr'><strong>grata</strong></span> <span class='ocrx_word' id='word_1_57' title='bbox 1675 982 1890 1038; x_wconf 88' lang='lat' dir='ltr'><strong>sublata</strong></span> <span class='ocrx_word' id='word_1_58' title='bbox 1909 990 2038 1036; x_wconf 90' lang='lat' dir='ltr'><strong>sunt</strong></span> <span class='ocrx_word' id='word_1_59' title='bbox 2055 981 2096 1048; x_wconf 83' lang='grc'><strong>¹;</strong></span> 
     </span>
    </p>
   </div>
   <div class='ocr_carea' id='block_1_9' title="bbox 523 1074 2102 1156">
    <p class='ocr_par' dir='ltr' id='par_1_9' title="bbox 523 1074 2102 1156">
     <span class='ocr_line' id='line_1_9' title="bbox 523 1074 2102 1156; baseline -0.007 -16"><span class='ocrx_word' id='word_1_60' title='bbox 523 1101 644 1140; x_wconf 91' lang='lat' dir='ltr'><strong>cum</strong></span> <span class='ocrx_word' id='word_1_61' title='bbox 666 1086 884 1156; x_wconf 88' lang='lat' dir='ltr'><strong>impiam</strong></span> <span class='ocrx_word' id='word_1_62' title='bbox 909 1083 1068 1138; x_wconf 89' lang='lat' dir='ltr'><strong>istam</strong></span> <span class='ocrx_word' id='word_1_63' title='bbox 1093 1079 1414 1150; x_wconf 75' lang='lat' dir='ltr'><strong>religionem</strong></span> <span class='ocrx_word' id='word_1_64' title='bbox 1435 1077 1717 1133; x_wconf 87' lang='lat' dir='ltr'><strong>celebrant</strong></span> <span class='ocrx_word' id='word_1_65' title='bbox 1736 1094 1750 1140; x_wconf 81' lang='lat'><strong>-,</strong></span> <span class='ocrx_word' id='word_1_66' title='bbox 1771 1074 1901 1145; x_wconf 88' lang='lat' dir='ltr'><strong>quid</strong></span> <span class='ocrx_word' id='word_1_67' title='bbox 1923 1075 2102 1144; x_wconf 85' lang='lat' dir='ltr'><strong>appel-</strong></span> 
     </span>
    </p>
   </div>
   <div class='ocr_carea' id='block_1_10' title="bbox 522 1166 2100 1248">
    <p class='ocr_par' dir='ltr' id='par_1_10' title="bbox 522 1166 2100 1248">
     <span class='ocr_line' id='line_1_10' title="bbox 522 1166 2100 1248; baseline -0.005 -18"><span class='ocrx_word' id='word_1_68' title='bbox 522 1177 685 1231; x_wconf 90' lang='lat' dir='ltr'><strong>lando</strong></span> <span class='ocrx_word' id='word_1_69' title='bbox 721 1189 1032 1248; x_wconf 75' lang='lat' dir='ltr'><strong>synagogas</strong></span> <span class='ocrx_word' id='word_1_70' title='bbox 1055 1188 1246 1228; x_wconf 86' lang='lat' dir='ltr'><strong>eorum</strong></span> <span class='ocrx_word' id='word_1_71' title='bbox 1274 1185 1474 1225; x_wconf 88' lang='lat' dir='ltr'><strong>nomen</strong></span> <span class='ocrx_word' id='word_1_72' title='bbox 1509 1169 1647 1239; x_wconf 86' lang='lat' dir='ltr'><strong>ipsis</strong></span> <span class='ocrx_word' id='word_1_73' title='bbox 1685 1166 1910 1236; x_wconf 84' lang='lat' dir='ltr'><strong>dignum</strong></span> <span class='ocrx_word' id='word_1_74' title='bbox 1948 1166 2100 1222; x_wconf 82' lang='lat' dir='ltr'><strong>inve—</strong></span> 
     </span>
    </p>
   </div>
   <div class='ocr_carea' id='block_1_11' title="bbox 527 1259 2100 1334">
    <p class='ocr_par' dir='ltr' id='par_1_11' title="bbox 527 1259 2100 1334">
     <span class='ocr_line' id='line_1_11' title="bbox 527 1259 2100 1334; baseline -0.006 -13"><span class='ocrx_word' id='word_1_75' title='bbox 527 1267 675 1323; x_wconf 87' lang='lat' dir='ltr'><strong>nias?</strong></span> <span class='ocrx_word' id='word_1_76' title='bbox 702 1267 912 1320; x_wconf 82' lang='lat' dir='ltr'><strong>Etenim</strong></span> <span class='ocrx_word' id='word_1_77' title='bbox 927 1266 972 1320; x_wconf 87' lang='lat' dir='ltr'><strong>si</strong></span> <span class='ocrx_word' id='word_1_78' title='bbox 993 1265 1104 1334; x_wconf 89' lang='lat' dir='ltr'><strong>jam</strong></span> <span class='ocrx_word' id='word_1_79' title='bbox 1129 1272 1243 1317; x_wconf 93' lang='lat' dir='ltr'><strong>tum</strong></span> <span class='ocrx_word' id='word_1_80' title='bbox 1260 1269 1380 1318; x_wconf 90' lang='lat' dir='ltr'><strong>erat</strong></span> <span class='ocrx_word' id='word_1_81' title='bbox 1402 1261 1664 1330; x_wconf 87' lang='lat' dir='ltr'><strong>spelunca</strong></span> <span class='ocrx_word' id='word_1_82' title='bbox 1684 1259 1955 1314; x_wconf 87' lang='lat' dir='ltr'><strong>latronum</strong></span> <span class='ocrx_word' id='word_1_83' title='bbox 1977 1273 2100 1312; x_wconf 84' lang='lat' dir='ltr'><strong>eum</strong></span> 
     </span>
    </p>
   </div>
   <div class='ocr_carea' id='block_1_12' title="bbox 522 1349 2103 1420">
    <p class='ocr_par' dir='ltr' id='par_1_12' title="bbox 522 1349 2103 1420">
     <span class='ocr_line' id='line_1_12' title="bbox 522 1349 2103 1420; baseline -0.007 -6"><span class='ocrx_word' id='word_1_84' title='bbox 522 1367 730 1414; x_wconf 86' lang='lat' dir='ltr'><strong>statum</strong></span> <span class='ocrx_word' id='word_1_85' title='bbox 756 1374 915 1414; x_wconf 87' lang='lat' dir='ltr'><strong>suum</strong></span> <span class='ocrx_word' id='word_1_86' title='bbox 946 1356 1250 1420; x_wconf 86' lang='lat' dir='ltr'><strong>obtineret;</strong></span> <span class='ocrx_word' id='word_1_87' title='bbox 1298 1366 1442 1406; x_wconf 90' lang='lat' dir='ltr'><strong>nunc</strong></span> <span class='ocrx_word' id='word_1_88' title='bbox 1473 1351 1517 1406; x_wconf 93' lang='lat' dir='ltr'><strong>si</strong></span> <span class='ocrx_word' id='word_1_89' title='bbox 1559 1352 1808 1419; x_wconf 88' lang='lat' dir='ltr'><strong>lupanar,</strong></span> <span class='ocrx_word' id='word_1_90' title='bbox 1838 1349 1885 1404; x_wconf 87' lang='lat' dir='ltr'><strong>si</strong></span> <span class='ocrx_word' id='word_1_91' title='bbox 1918 1357 2103 1403; x_wconf 88' lang='lat' dir='ltr'><strong>trans-</strong></span> 
     </span>
    </p>
   </div>
   <div class='ocr_carea' id='block_1_13' title="bbox 528 1440 2107 1520">
    <p class='ocr_par' dir='ltr' id='par_1_13' title="bbox 528 1440 2107 1520">
     <span class='ocr_line' id='line_1_13' title="bbox 528 1440 2107 1520; baseline -0.008 -15"><span class='ocrx_word' id='word_1_92' title='bbox 528 1451 834 1520; x_wconf 87' lang='lat' dir='ltr'><strong>gressionis</strong></span> <span class='ocrx_word' id='word_1_93' title='bbox 871 1450 1072 1510; x_wconf 81' lang='lat' dir='ltr'><strong>locum,</strong></span> <span class='ocrx_word' id='word_1_94' title='bbox 1105 1447 1150 1500; x_wconf 90' lang='lat' dir='ltr'><strong>si</strong></span> <span class='ocrx_word' id='word_1_95' title='bbox 1183 1446 1494 1500; x_wconf 84' lang='lat' dir='ltr'><strong>daemonum</strong></span> <span class='ocrx_word' id='word_1_96' title='bbox 1517 1441 1971 1504; x_wconf 90' lang='lat' dir='ltr'><strong>diversorium,si</strong></span> <span class='ocrx_word' id='word_1_97' title='bbox 1995 1440 2107 1496; x_wconf 84' lang='lat' dir='ltr'><strong>dia-</strong></span> 
     </span>
    </p>
   </div>
   <div class='ocr_carea' id='block_1_14' title="bbox 526 1531 2106 1613">
    <p class='ocr_par' dir='ltr' id='par_1_14' title="bbox 526 1531 2106 1613">
     <span class='ocr_line' id='line_1_14' title="bbox 526 1531 2106 1613; baseline -0.006 -17"><span class='ocrx_word' id='word_1_98' title='bbox 526 1544 636 1597; x_wconf 90' lang='lat' dir='ltr'><strong>boli</strong></span> <span class='ocrx_word' id='word_1_99' title='bbox 673 1540 1164 1613; x_wconf 83' lang='lat' dir='ltr'><strong>propugnaculum,</strong></span> <span class='ocrx_word' id='word_1_100' title='bbox 1207 1537 1253 1592; x_wconf 90' lang='lat' dir='ltr'><strong>si</strong></span> <span class='ocrx_word' id='word_1_101' title='bbox 1290 1537 1598 1590; x_wconf 89' lang='lat' dir='ltr'><strong>animarum</strong></span> <span class='ocrx_word' id='word_1_102' title='bbox 1631 1532 1854 1587; x_wconf 80' lang='lat' dir='ltr'><strong>exitium</strong></span> <span class='ocrx_word' id='word_1_103' title='bbox 1877 1531 2106 1598; x_wconf 75' lang='lat' dir='ltr'><strong>dixeris,</strong></span> 
     </span>
    </p>
   </div>
   <div class='ocr_carea' id='block_1_15' title="bbox 526 1623 2109 1701">
    <p class='ocr_par' dir='ltr' id='par_1_15' title="bbox 526 1623 2109 1701">
     <span class='ocr_line' id='line_1_15' title="bbox 526 1623 2109 1701; baseline -0.006 -14"><span class='ocrx_word' id='word_1_104' title='bbox 526 1633 572 1688; x_wconf 87' lang='lat' dir='ltr'><strong>si</strong></span> <span class='ocrx_word' id='word_1_105' title='bbox 597 1633 764 1687; x_wconf 85' lang='lat' dir='ltr'><strong>totius</strong></span> <span class='ocrx_word' id='word_1_106' title='bbox 789 1630 1114 1701; x_wconf 88' lang='lat' dir='ltr'><strong>perditionis</strong></span> <span class='ocrx_word' id='word_1_107' title='bbox 1149 1627 1509 1698; x_wconf 64' lang='lat' dir='ltr'><strong>praecipitium</strong></span> <span class='ocrx_word' id='word_1_108' title='bbox 1554 1640 1619 1680; x_wconf 86' lang='lat' dir='ltr'><strong>ac</strong></span> <span class='ocrx_word' id='word_1_109' title='bbox 1646 1625 1985 1687; x_wconf 86' lang='lat' dir='ltr'><strong>barathrum,</strong></span> <span class='ocrx_word' id='word_1_110' title='bbox 2011 1623 2109 1678; x_wconf 84' lang='lat' dir='ltr'><strong>de-</strong></span> 
     </span>
    </p>
   </div>
   <div class='ocr_carea' id='block_1_16' title="bbox 528 1715 2109 1794">
    <p class='ocr_par' dir='ltr' id='par_1_16' title="bbox 528 1715 2109 1794">
     <span class='ocr_line' id='line_1_16' title="bbox 528 1715 2109 1794; baseline -0.006 -16"><span class='ocrx_word' id='word_1_111' title='bbox 528 1725 694 1794; x_wconf 89' lang='lat' dir='ltr'><strong>nique</strong></span> <span class='ocrx_word' id='word_1_112' title='bbox 744 1722 1008 1793; x_wconf 88' lang='lat' dir='ltr'><strong>quidquid</strong></span> <span class='ocrx_word' id='word_1_113' title='bbox 1063 1718 1448 1791; x_wconf 89' lang='lat' dir='ltr'><strong>appellaveris,</strong></span> <span class='ocrx_word' id='word_1_114' title='bbox 1493 1717 1676 1770; x_wconf 89' lang='lat' dir='ltr'><strong>minus</strong></span> <span class='ocrx_word' id='word_1_115' title='bbox 1708 1731 1870 1785; x_wconf 91' lang='lat' dir='ltr'><strong>quam</strong></span> <span class='ocrx_word' id='word_1_116' title='bbox 1903 1731 2003 1784; x_wconf 90' lang='lat' dir='ltr'><strong>pro</strong></span> <span class='ocrx_word' id='word_1_117' title='bbox 2031 1715 2109 1769; x_wconf 87' lang='lat' dir='ltr'><strong>rei</strong></span> 
     </span>
    </p>
   </div>
   <div class='ocr_carea' id='block_1_17' title="bbox 528 1807 2114 1886">
    <p class='ocr_par' dir='ltr' id='par_1_17' title="bbox 528 1807 2114 1886">
     <span class='ocr_line' id='line_1_17' title="bbox 528 1807 2114 1886; baseline -0.005 -15"><span class='ocrx_word' id='word_1_118' title='bbox 528 1816 798 1886; x_wconf 87' lang='lat' dir='ltr'><strong>dignitate</strong></span> <span class='ocrx_word' id='word_1_119' title='bbox 823 1814 1050 1869; x_wconf 79' lang='lat' dir='ltr'><strong>dixeris.</strong></span> <span class='ocrx_word' id='word_1_120' title='bbox 1072 1813 1358 1882; x_wconf 88' lang='lat' dir='ltr'><strong>Templum</strong></span> <span class='ocrx_word' id='word_1_121' title='bbox 1379 1811 1540 1881; x_wconf 89' lang='lat' dir='ltr'><strong>cupis</strong></span> <span class='ocrx_word' id='word_1_122' title='bbox 1558 1808 1744 1864; x_wconf 88' lang='lat' dir='ltr'><strong>videre</strong></span> <span class='ocrx_word' id='word_1_123' title='bbox 1764 1809 1787 1862; x_wconf 73' lang='lat' dir='ltr'><strong>‘i</strong></span> <span class='ocrx_word' id='word_1_124' title='bbox 1816 1807 1892 1863; x_wconf 85' lang='lat' dir='ltr'><strong>Ne</strong></span> <span class='ocrx_word' id='word_1_125' title='bbox 1917 1823 2114 1863; x_wconf 87' lang='lat' dir='ltr'><strong>curras</strong></span> 
     </span>
    </p>
   </div>
   <div class='ocr_carea' id='block_1_18' title="bbox 527 1898 2114 1978">
    <p class='ocr_par' dir='ltr' id='par_1_18' title="bbox 527 1898 2114 1978">
     <span class='ocr_line' id='line_1_18' title="bbox 527 1898 2114 1978; baseline -0.006 -15"><span class='ocrx_word' id='word_1_126' title='bbox 527 1907 598 1963; x_wconf 89' lang='lat' dir='ltr'><strong>ad</strong></span> <span class='ocrx_word' id='word_1_127' title='bbox 627 1921 983 1978; x_wconf 85' lang='lat' dir='ltr'><strong>synagogam,</strong></span> <span class='ocrx_word' id='word_1_128' title='bbox 1019 1903 1114 1960; x_wconf 89' lang='lat' dir='ltr'><strong>sed</strong></span> <span class='ocrx_word' id='word_1_129' title='bbox 1143 1913 1202 1958; x_wconf 90' lang='lat' dir='ltr'><strong>tu</strong></span> <span class='ocrx_word' id='word_1_130' title='bbox 1235 1913 1356 1958; x_wconf 84' lang='lat' dir='ltr'><strong>esto</strong></span> <span class='ocrx_word' id='word_1_131' title='bbox 1392 1901 1675 1972; x_wconf 88' lang='lat' dir='ltr'><strong>templum.</strong></span> <span class='ocrx_word' id='word_1_132' title='bbox 1705 1898 1940 1955; x_wconf 87' lang='lat' dir='ltr'><strong>Unicum</strong></span> <span class='ocrx_word' id='word_1_133' title='bbox 1973 1908 2114 1954; x_wconf 88' lang='lat' dir='ltr'><strong>tem-</strong></span> 
     </span>
    </p>
   </div>
   <div class='ocr_carea' id='block_1_19' title="bbox 530 1991 2115 2070">
    <p class='ocr_par' dir='ltr' id='par_1_19' title="bbox 530 1991 2115 2070">
     <span class='ocr_line' id='line_1_19' title="bbox 530 1991 2115 2070; baseline -0.005 -18"><span class='ocrx_word' id='word_1_134' title='bbox 530 1999 679 2070; x_wconf 89' lang='lat' dir='ltr'><strong>plum</strong></span> <span class='ocrx_word' id='word_1_135' title='bbox 738 1997 909 2052; x_wconf 90' lang='lat' dir='ltr'><strong>diruit</strong></span> <span class='ocrx_word' id='word_1_136' title='bbox 967 1995 1114 2050; x_wconf 87' lang='lat' dir='ltr'><strong>Dens</strong></span> <span class='ocrx_word' id='word_1_137' title='bbox 1151 1992 1544 2064; x_wconf 77' lang='lat' dir='ltr'><strong>Jerosolymis,</strong></span> <span class='ocrx_word' id='word_1_138' title='bbox 1603 2002 1654 2046; x_wconf 90' lang='lat' dir='ltr'><strong>et</strong></span> <span class='ocrx_word' id='word_1_139' title='bbox 1699 1991 2115 2045; x_wconf 85' lang='lat' dir='ltr'><strong>innumerabilia</strong></span> 
     </span>
    </p>
   </div>
   <div class='ocr_carea' id='block_1_20' title="bbox 527 2082 2118 2155">
    <p class='ocr_par' dir='ltr' id='par_1_20' title="bbox 527 2082 2118 2155">
     <span class='ocr_line' id='line_1_20' title="bbox 527 2082 2118 2155; baseline -0.005 -13"><span class='ocrx_word' id='word_1_140' title='bbox 527 2090 702 2144; x_wconf 81' lang='lat' dir='ltr'><strong>erexit</strong></span> <span class='ocrx_word' id='word_1_141' title='bbox 752 2089 846 2142; x_wconf 92' lang='lat' dir='ltr'><strong>illo</strong></span> <span class='ocrx_word' id='word_1_142' title='bbox 897 2087 1057 2155; x_wconf 88' lang='lat' dir='ltr'><strong>longe</strong></span> <span class='ocrx_word' id='word_1_143' title='bbox 1103 2085 1522 2139; x_wconf 87' lang='lat' dir='ltr'><strong>venerabiliora.</strong></span> <span class='ocrx_word' id='word_1_144' title='bbox 1570 2083 1693 2149; x_wconf 80' lang='lat' dir='ltr'><strong>Vos,</strong></span> <span class='ocrx_word' id='word_1_145' title='bbox 1740 2082 1937 2150; x_wconf 89' lang='lat' dir='ltr'><strong>inquit,</strong></span> <span class='ocrx_word' id='word_1_146' title='bbox 1988 2093 2118 2137; x_wconf 82' lang='lat' dir='ltr'><strong>tem-</strong></span> 
     </span>
    </p>
   </div>
   <div class='ocr_carea' id='block_1_21' title="bbox 528 2176 2113 2248">
    <p class='ocr_par' dir='ltr' id='par_1_21' title="bbox 528 2176 2113 2248">
     <span class='ocr_line' id='line_1_21' title="bbox 528 2176 2113 2248; baseline -0.001 -14"><span class='ocrx_word' id='word_1_147' title='bbox 528 2182 672 2248; x_wconf 80' lang='lat' dir='ltr'><strong>plum</strong></span> <span class='ocrx_word' id='word_1_148' title='bbox 696 2181 822 2235; x_wconf 77' lang='lat' dir='ltr'><strong>estis</strong></span> <span class='ocrx_word' id='word_1_149' title='bbox 863 2181 954 2234; x_wconf 81' lang='lat' dir='ltr'><strong>Dei</strong></span> <span class='ocrx_word' id='word_1_150' title='bbox 983 2180 1197 2235; x_wconf 77' lang='lat' dir='ltr'><strong>viventis</strong></span> <span class='ocrx_word' id='word_1_151' title='bbox 1231 2179 1304 2248; x_wconf 73' lang='grc'><strong>(2.</strong></span> <span class='ocrx_word' id='word_1_152' title='bbox 1339 2178 1460 2234; x_wconf 86' lang='lat' dir='ltr'><strong>Cor.</strong></span> <span class='ocrx_word' id='word_1_153' title='bbox 1499 2180 1549 2234; x_wconf 82' lang='grc' dir='ltr'>ϐ.</span> <span class='ocrx_word' id='word_1_154' title='bbox 1588 2177 1699 2248; x_wconf 80' lang='grc'><strong>16).</strong></span> <span class='ocrx_word' id='word_1_155' title='bbox 1725 2176 1876 2231; x_wconf 89' lang='lat' dir='ltr'><strong>Hanc</strong></span> <span class='ocrx_word' id='word_1_156' title='bbox 1893 2177 2113 2232; x_wconf 89' lang='lat' dir='ltr'><strong>domum</strong></span> 
     </span>
    </p>
   </div>
   <div class='ocr_carea' id='block_1_22' title="bbox 540 2269 2116 2342">
    <p class='ocr_par' dir='ltr' id='par_1_22' title="bbox 540 2269 2116 2342">
     <span class='ocr_line' id='line_1_22' title="bbox 540 2269 2116 2342; baseline -0.001 -15"><span class='ocrx_word' id='word_1_157' title='bbox 540 2289 768 2336; x_wconf 79' lang='lat' dir='ltr'><strong>exorna,</strong></span> <span class='ocrx_word' id='word_1_158' title='bbox 794 2289 1012 2328; x_wconf 89' lang='lat' dir='ltr'><strong>omnetn</strong></span> <span class='ocrx_word' id='word_1_159' title='bbox 1053 2271 1209 2342; x_wconf 81' lang='lat' dir='ltr'><strong>exige</strong></span> <span class='ocrx_word' id='word_1_160' title='bbox 1239 2271 1624 2341; x_wconf 80' lang='lat' dir='ltr'><strong>cogitationem</strong></span> <span class='ocrx_word' id='word_1_161' title='bbox 1668 2271 1891 2337; x_wconf 89' lang='lat' dir='ltr'><strong>malam,</strong></span> <span class='ocrx_word' id='word_1_162' title='bbox 1922 2279 1981 2324; x_wconf 92' lang='lat' dir='ltr'><strong>ut</strong></span> <span class='ocrx_word' id='word_1_163' title='bbox 2015 2269 2116 2325; x_wconf 85' lang='lat' dir='ltr'><strong>ﬁas</strong></span> 
     </span>
    </p>
   </div>
   <div class='ocr_carea' id='block_1_23' title="bbox 532 2361 2118 2434">
    <p class='ocr_par' dir='ltr' id='par_1_23' title="bbox 532 2361 2118 2434">
     <span class='ocr_line' id='line_1_23' title="bbox 532 2361 2118 2434; baseline 0 -17"><span class='ocrx_word' id='word_1_164' title='bbox 532 2367 831 2434; x_wconf 88' lang='lat' dir='ltr'><strong>pretiosum</strong></span> <span class='ocrx_word' id='word_1_165' title='bbox 864 2365 1168 2420; x_wconf 90' lang='lat' dir='ltr'><strong>membrum</strong></span> <span class='ocrx_word' id='word_1_166' title='bbox 1193 2363 1422 2427; x_wconf 87' lang='lat' dir='ltr'><strong>Christi,</strong></span> <span class='ocrx_word' id='word_1_167' title='bbox 1456 2372 1514 2418; x_wconf 88' lang='lat' dir='ltr'><strong>ut</strong></span> <span class='ocrx_word' id='word_1_168' title='bbox 1539 2363 1636 2417; x_wconf 89' lang='lat' dir='ltr'><strong>lias</strong></span> <span class='ocrx_word' id='word_1_169' title='bbox 1659 2363 1918 2431; x_wconf 88' lang='lat' dir='ltr'><strong>templum</strong></span> <span class='ocrx_word' id='word_1_170' title='bbox 1944 2361 2118 2432; x_wconf 87' lang='lat' dir='ltr'><strong>Spiri-</strong></span> 
     </span>
    </p>
   </div>
   <div class='ocr_carea' id='block_1_24' title="bbox 533 2453 2116 2522">
    <p class='ocr_par' dir='ltr' id='par_1_24' title="bbox 533 2453 2116 2522">
     <span class='ocr_line' id='line_1_24' title="bbox 533 2453 2116 2522; baseline 0.001 -13"><span class='ocrx_word' id='word_1_171' title='bbox 533 2467 664 2522; x_wconf 88' lang='lat' dir='ltr'><strong>tus;</strong></span> <span class='ocrx_word' id='word_1_172' title='bbox 703 2456 904 2513; x_wconf 91' lang='lat' dir='ltr'><strong>deinde</strong></span> <span class='ocrx_word' id='word_1_173' title='bbox 935 2465 987 2512; x_wconf 89' lang='lat' dir='ltr'><strong>et</strong></span> <span class='ocrx_word' id='word_1_174' title='bbox 1009 2457 1149 2512; x_wconf 91' lang='lat' dir='ltr'><strong>alios</strong></span> <span class='ocrx_word' id='word_1_175' title='bbox 1182 2455 1347 2511; x_wconf 89' lang='lat' dir='ltr'><strong>redde</strong></span> <span class='ocrx_word' id='word_1_176' title='bbox 1369 2455 1528 2510; x_wconf 89' lang='lat' dir='ltr'><strong>tales.</strong></span> <span class='ocrx_word' id='word_1_177' title='bbox 1564 2453 1629 2508; x_wconf 88' lang='lat' dir='ltr'><strong>Et</strong></span> <span class='ocrx_word' id='word_1_178' title='bbox 1651 2455 1796 2510; x_wconf 86' lang='lat' dir='ltr'><strong>sicut</strong></span> <span class='ocrx_word' id='word_1_179' title='bbox 1820 2470 1943 2509; x_wconf 92' lang='lat' dir='ltr'><strong>cum</strong></span> <span class='ocrx_word' id='word_1_180' title='bbox 1963 2455 2116 2511; x_wconf 84' lang='lat' dir='ltr'><strong>vides</strong></span> 
     </span>
    </p>
   </div>
   <div class='ocr_carea' id='block_1_25' title="bbox 537 2547 2118 2619">
    <p class='ocr_par' dir='ltr' id='par_1_25' title="bbox 537 2547 2118 2619">
     <span class='ocr_line' id='line_1_25' title="bbox 537 2547 2118 2619; baseline 0.001 -17"><span class='ocrx_word' id='word_1_181' title='bbox 537 2563 836 2619; x_wconf 85' lang='lat' dir='ltr'><strong>pauperes,</strong></span> <span class='ocrx_word' id='word_1_182' title='bbox 866 2566 976 2604; x_wconf 89' lang='lat' dir='ltr'><strong>non</strong></span> <span class='ocrx_word' id='word_1_183' title='bbox 1007 2549 1168 2604; x_wconf 79' lang='lat' dir='ltr'><strong>facile</strong></span> <span class='ocrx_word' id='word_1_184' title='bbox 1203 2547 1624 2617; x_wconf 82' lang='lat' dir='ltr'><strong>praetercurris;</strong></span> <span class='ocrx_word' id='word_1_185' title='bbox 1655 2547 1726 2601; x_wconf 91' lang='lat' dir='ltr'><strong>ita</strong></span> <span class='ocrx_word' id='word_1_186' title='bbox 1764 2561 1890 2602; x_wconf 91' lang='lat' dir='ltr'><strong>cum</strong></span> <span class='ocrx_word' id='word_1_187' title='bbox 1917 2547 2118 2604; x_wconf 86' lang='lat' dir='ltr'><strong>videris</strong></span> 
     </span>
    </p>
   </div>
   <div class='ocr_carea' id='block_1_26' title="bbox 535 2637 2114 2712">
    <p class='ocr_par' dir='ltr' id='par_1_26' title="bbox 535 2637 2114 2712">
     <span class='ocr_line' id='line_1_26' title="bbox 535 2637 2114 2712; baseline 0.003 -22"><span class='ocrx_word' id='word_1_188' title='bbox 535 2639 773 2708; x_wconf 90' lang='lat' dir='ltr'><strong>aliquem</strong></span> <span class='ocrx_word' id='word_1_189' title='bbox 793 2640 860 2695; x_wconf 87' lang='lat' dir='ltr'><strong>ad</strong></span> <span class='ocrx_word' id='word_1_190' title='bbox 879 2655 1212 2712; x_wconf 82' lang='lat' dir='ltr'><strong>synagogam</strong></span> <span class='ocrx_word' id='word_1_191' title='bbox 1231 2649 1564 2703; x_wconf 89' lang='lat' dir='ltr'><strong>currentem,</strong></span> <span class='ocrx_word' id='word_1_192' title='bbox 1581 2654 1648 2692; x_wconf 91' lang='lat' dir='ltr'><strong>ne</strong></span> <span class='ocrx_word' id='word_1_193' title='bbox 1666 2637 2002 2702; x_wconf 84' lang='lat' dir='ltr'><strong>dissimules,</strong></span> <span class='ocrx_word' id='word_1_194' title='bbox 2019 2640 2114 2694; x_wconf 89' lang='lat' dir='ltr'><strong>sed</strong></span> 
     </span>
    </p>
   </div>
   <div class='ocr_carea' id='block_1_27' title="bbox 537 2730 2116 2803">
    <p class='ocr_par' dir='ltr' id='par_1_27' title="bbox 537 2730 2116 2803">
     <span class='ocr_line' id='line_1_27' title="bbox 537 2730 2116 2803; baseline -0.001 -18"><span class='ocrx_word' id='word_1_195' title='bbox 537 2731 717 2788; x_wconf 82' lang='lat' dir='ltr'><strong>verbis</strong></span> <span class='ocrx_word' id='word_1_196' title='bbox 741 2747 838 2786; x_wconf 89' lang='lat' dir='ltr'><strong>ceu</strong></span> <span class='ocrx_word' id='word_1_197' title='bbox 883 2732 1038 2786; x_wconf 89' lang='lat' dir='ltr'><strong>freno</strong></span> <span class='ocrx_word' id='word_1_198' title='bbox 1063 2731 1302 2803; x_wconf 87' lang='lat' dir='ltr'><strong>quodam</strong></span> <span class='ocrx_word' id='word_1_199' title='bbox 1331 2730 1636 2786; x_wconf 88' lang='lat' dir='ltr'><strong>cohibitum</strong></span> <span class='ocrx_word' id='word_1_200' title='bbox 1661 2731 1892 2786; x_wconf 88' lang='lat' dir='ltr'><strong>reducas</strong></span> <span class='ocrx_word' id='word_1_201' title='bbox 1922 2731 1988 2785; x_wconf 91' lang='lat' dir='ltr'><strong>ad</strong></span> <span class='ocrx_word' id='word_1_202' title='bbox 2015 2730 2116 2784; x_wconf 83' lang='lat' dir='ltr'><strong>Ec-</strong></span> 
     </span>
    </p>
   </div>
   <div class='ocr_carea' id='block_1_28' title="bbox 537 2820 2128 2893">
    <p class='ocr_par' dir='ltr' id='par_1_28' title="bbox 537 2820 2128 2893">
     <span class='ocr_line' id='line_1_28' title="bbox 537 2820 2128 2893; baseline -0.001 -18"><span class='ocrx_word' id='word_1_203' title='bbox 537 2821 780 2878; x_wconf 88' lang='lat' dir='ltr'><strong>elesiam.</strong></span> <span class='ocrx_word' id='word_1_204' title='bbox 803 2820 928 2877; x_wconf 82' lang='lat' dir='ltr'><strong>llaec</strong></span> <span class='ocrx_word' id='word_1_205' title='bbox 949 2822 1230 2893; x_wconf 80' lang='lat' dir='ltr'><strong>estmajor</strong></span> <span class='ocrx_word' id='word_1_206' title='bbox 1247 2821 1594 2893; x_wconf 87' lang='lat' dir='ltr'><strong>eleemosyna</strong></span> <span class='ocrx_word' id='word_1_207' title='bbox 1615 2835 1778 2891; x_wconf 90' lang='lat' dir='ltr'><strong>quam</strong></span> <span class='ocrx_word' id='word_1_208' title='bbox 1807 2821 1922 2887; x_wconf 86' lang='lat' dir='ltr'><strong>illa,</strong></span> <span class='ocrx_word' id='word_1_209' title='bbox 1937 2829 1989 2876; x_wconf 87' lang='lat' dir='ltr'><strong>et</strong></span> <span class='ocrx_word' id='word_1_210' title='bbox 2003 2837 2085 2875; x_wconf 89' lang='lat' dir='ltr'><strong>ma</strong></span> <span class='ocrx_word' id='word_1_211' title='bbox 2099 2853 2128 2886; x_wconf 77' lang='grc' dir='ltr'><strong>ο,</strong></span> 
     </span>
    </p>
   </div>
   <div class='ocr_carea' id='block_1_29' title="bbox 612 2904 1933 2973">
    <p class='ocr_par' dir='ltr' id='par_1_29' title="bbox 612 2904 1933 2973">
     <span class='ocr_line' id='line_1_29' title="bbox 612 2904 1933 2973; baseline -0.007 -16"><span class='ocrx_word' id='word_1_212' title='bbox 612 2913 628 2941; x_wconf 78' lang='grc'><strong><em>⁸</em></strong></span> <span class='ocrx_word' id='word_1_213' title='bbox 667 2909 746 2958; x_wconf 77' lang='lat' dir='ltr'><strong>Alii</strong></span> <span class='ocrx_word' id='word_1_214' title='bbox 769 2924 780 2959; x_wconf 93' lang='lat'><strong>:</strong></span> <span class='ocrx_word' id='word_1_215' title='bbox 807 2908 1001 2964; x_wconf 73' lang='lat' dir='ltr'><strong>Sublata</strong></span> <span class='ocrx_word' id='word_1_216' title='bbox 1020 2915 1145 2973; x_wconf 79' lang='lat' dir='ltr'><strong>sunt,</strong></span> <span class='ocrx_word' id='word_1_217' title='bbox 1178 2917 1272 2961; x_wconf 89' lang='lat' dir='ltr'><strong>Deo</strong></span> <span class='ocrx_word' id='word_1_218' title='bbox 1287 2908 1579 2960; x_wconf 81' lang='lat' dir='ltr'><strong>obluctantes</strong></span> <span class='ocrx_word' id='word_1_219' title='bbox 1596 2904 1810 2969; x_wconf 86' lang='lat' dir='ltr'><strong>impiam,</strong></span> <span class='ocrx_word' id='word_1_220' title='bbox 1838 2909 1933 2950; x_wconf 87' lang='lat' dir='ltr'><strong>etc.</strong></span> 
     </span>
    </p>
   </div>
   <div class='ocr_carea' id='block_1_30' title="bbox 1228 323 3777 391">
    <p class='ocr_par' dir='ltr' id='par_1_30' title="bbox 1228 323 3777 391">
     <span class='ocr_line' id='line_1_30' title="bbox 1228 323 3777 391; baseline -0.002 0"><span class='ocrx_word' id='word_1_221' title='bbox 1228 337 1285 391; x_wconf 87' lang='lat' dir='ltr'><strong>S.</strong></span> <span class='ocrx_word' id='word_1_222' title='bbox 1322 330 1602 390; x_wconf 66' lang='lat' dir='ltr'><strong>JOANNIS</strong></span> <span class='ocrx_word' id='word_1_223' title='bbox 1639 323 2113 386; x_wconf 71' lang='lat' dir='ltr'><strong>CHRYSOSTOMI</strong></span> <span class='ocrx_word' id='word_1_224' title='bbox 2151 323 2468 381; x_wconf 78' lang='lat' dir='ltr'><strong>ABCHlEP.</strong></span> <span class='ocrx_word' id='word_1_225' title='bbox 2508 325 3039 384; x_wconf 78' lang='lat' dir='ltr'><strong>CONSTANTINOP.</strong></span> <span class='ocrx_word' id='word_1_226' title='bbox 3701 337 3777 390; x_wconf 72' lang='lat'><strong>916</strong></span> 
     </span>
    </p>
   </div>
   <div class='ocr_carea' id='block_1_31' title="bbox 2196 439 3777 514">
    <p class='ocr_par' dir='ltr' id='par_1_31' title="bbox 2196 439 3777 514">
     <span class='ocr_line' id='line_1_31' title="bbox 2196 439 3777 514; baseline 0.006 -22"><span class='ocrx_word' id='word_1_227' title='bbox 2196 439 2285 507; x_wconf 88' lang='lat' dir='ltr'><strong>jus</strong></span> <span class='ocrx_word' id='word_1_228' title='bbox 2313 439 2518 494; x_wconf 92' lang='lat' dir='ltr'><strong>lucrum</strong></span> <span class='ocrx_word' id='word_1_229' title='bbox 2539 456 2697 510; x_wconf 88' lang='lat' dir='ltr'><strong>quam</strong></span> <span class='ocrx_word' id='word_1_230' title='bbox 2723 442 2909 497; x_wconf 86' lang='lat' dir='ltr'><strong>decem</strong></span> <span class='ocrx_word' id='word_1_231' title='bbox 2943 442 3104 496; x_wconf 88' lang='lat' dir='ltr'><strong>millia</strong></span> <span class='ocrx_word' id='word_1_232' title='bbox 3136 440 3504 497; x_wconf 85' lang='lat' dir='ltr'><strong>talentorum:</strong></span> <span class='ocrx_word' id='word_1_233' title='bbox 3537 446 3658 514; x_wconf 89' lang='lat' dir='ltr'><strong>quid</strong></span> <span class='ocrx_word' id='word_1_234' title='bbox 3679 449 3777 504; x_wconf 87' lang='lat' dir='ltr'><strong>dico</strong></span> 
     </span>
    </p>
   </div>
   <div class='ocr_carea' id='block_1_32' title="bbox 2207 532 3776 607">
    <p class='ocr_par' dir='ltr' id='par_1_32' title="bbox 2207 532 3776 607">
     <span class='ocr_line' id='line_1_32' title="bbox 2207 532 3776 607; baseline 0.006 -21"><span class='ocrx_word' id='word_1_235' title='bbox 2207 532 2392 587; x_wconf 88' lang='lat' dir='ltr'><strong>decem</strong></span> <span class='ocrx_word' id='word_1_236' title='bbox 2431 534 2591 588; x_wconf 87' lang='lat' dir='ltr'><strong>millia</strong></span> <span class='ocrx_word' id='word_1_237' title='bbox 2623 535 2870 588; x_wconf 86' lang='lat' dir='ltr'><strong>talenta?</strong></span> <span class='ocrx_word' id='word_1_238' title='bbox 2920 536 3089 604; x_wconf 88' lang='lat' dir='ltr'><strong>majus</strong></span> <span class='ocrx_word' id='word_1_239' title='bbox 3128 551 3293 605; x_wconf 86' lang='lat' dir='ltr'><strong>quam</strong></span> <span class='ocrx_word' id='word_1_240' title='bbox 3348 536 3439 591; x_wconf 90' lang='lat' dir='ltr'><strong>hic</strong></span> <span class='ocrx_word' id='word_1_241' title='bbox 3468 539 3776 607; x_wconf 76' lang='lat' dir='ltr'><strong>aspectabilis</strong></span> 
     </span>
    </p>
   </div>
   <div class='ocr_carea' id='block_1_33' title="bbox 2204 625 3776 696">
    <p class='ocr_par' dir='ltr' id='par_1_33' title="bbox 2204 625 3776 696">
     <span class='ocr_line' id='line_1_33' title="bbox 2204 625 3776 696; baseline 0.003 -18"><span class='ocrx_word' id='word_1_242' title='bbox 2204 625 2434 680; x_wconf 88' lang='lat' dir='ltr'><strong>mundus</strong></span> <span class='ocrx_word' id='word_1_243' title='bbox 2478 627 2780 681; x_wconf 89' lang='lat' dir='ltr'><strong>universus.</strong></span> <span class='ocrx_word' id='word_1_244' title='bbox 2831 627 3101 696; x_wconf 86' lang='lat' dir='ltr'><strong>Siquidem</strong></span> <span class='ocrx_word' id='word_1_245' title='bbox 3132 628 3303 682; x_wconf 86' lang='lat' dir='ltr'><strong>homo</strong></span> <span class='ocrx_word' id='word_1_246' title='bbox 3352 639 3439 683; x_wconf 89' lang='lat' dir='ltr'><strong>est</strong></span> <span class='ocrx_word' id='word_1_247' title='bbox 3469 638 3581 682; x_wconf 91' lang='lat' dir='ltr'><strong>toto</strong></span> <span class='ocrx_word' id='word_1_248' title='bbox 3607 634 3776 685; x_wconf 74' lang='lat' dir='ltr'><strong>mundo</strong></span> 
     </span>
    </p>
   </div>
   <div class='ocr_carea' id='block_1_34' title="bbox 2202 717 3774 787">
    <p class='ocr_par' dir='ltr' id='par_1_34' title="bbox 2202 717 3774 787">
     <span class='ocr_line' id='line_1_34' title="bbox 2202 717 3774 787; baseline 0.004 -17"><span class='ocrx_word' id='word_1_249' title='bbox 2202 717 2526 786; x_wconf 87' lang='lat' dir='ltr'><strong>pretiosior:</strong></span> <span class='ocrx_word' id='word_1_250' title='bbox 2577 717 2735 787; x_wconf 84' lang='lat' dir='ltr'><strong>hujus</strong></span> <span class='ocrx_word' id='word_1_251' title='bbox 2774 719 2916 773; x_wconf 91' lang='lat' dir='ltr'><strong>enim</strong></span> <span class='ocrx_word' id='word_1_252' title='bbox 2957 733 3114 772; x_wconf 91' lang='lat' dir='ltr'><strong>causa</strong></span> <span class='ocrx_word' id='word_1_253' title='bbox 3145 727 3198 773; x_wconf 90' lang='lat' dir='ltr'><strong>et</strong></span> <span class='ocrx_word' id='word_1_254' title='bbox 3240 718 3447 772; x_wconf 67' lang='lat' dir='ltr'><strong>caelum</strong></span> <span class='ocrx_word' id='word_1_255' title='bbox 3493 728 3548 774; x_wconf 90' lang='lat' dir='ltr'><strong>et</strong></span> <span class='ocrx_word' id='word_1_256' title='bbox 3584 728 3711 776; x_wconf 86' lang='lat' dir='ltr'><strong>terra</strong></span> <span class='ocrx_word' id='word_1_257' title='bbox 3734 735 3774 776; x_wconf 87' lang='lat' dir='ltr'><strong>et</strong></span> 
     </span>
    </p>
   </div>
   <div class='ocr_carea' id='block_1_35' title="bbox 2203 808 3774 880">
    <p class='ocr_par' dir='ltr' id='par_1_35' title="bbox 2203 808 3774 880">
     <span class='ocr_line' id='line_1_35' title="bbox 2203 808 3774 880; baseline 0.002 -17"><span class='ocrx_word' id='word_1_258' title='bbox 2203 823 2353 863; x_wconf 88' lang='lat' dir='ltr'><strong>mare</strong></span> <span class='ocrx_word' id='word_1_259' title='bbox 2381 808 2592 862; x_wconf 87' lang='lat' dir='ltr'><strong>condita</strong></span> <span class='ocrx_word' id='word_1_260' title='bbox 2617 817 2739 862; x_wconf 91' lang='lat' dir='ltr'><strong>sunt</strong></span> <span class='ocrx_word' id='word_1_261' title='bbox 2769 849 2785 872; x_wconf 94' lang='lat'><strong>,</strong></span> <span class='ocrx_word' id='word_1_262' title='bbox 2828 817 2882 862; x_wconf 89' lang='lat' dir='ltr'><strong>et</strong></span> <span class='ocrx_word' id='word_1_263' title='bbox 2911 809 2989 862; x_wconf 91' lang='lat' dir='ltr'><strong>sol</strong></span> <span class='ocrx_word' id='word_1_264' title='bbox 3029 818 3084 862; x_wconf 89' lang='lat' dir='ltr'><strong>et</strong></span> <span class='ocrx_word' id='word_1_265' title='bbox 3110 809 3306 862; x_wconf 70' lang='lat' dir='ltr'><strong>stellae.</strong></span> <span class='ocrx_word' id='word_1_266' title='bbox 3343 808 3623 878; x_wconf 84' lang='lat' dir='ltr'><strong>Perpende</strong></span> <span class='ocrx_word' id='word_1_267' title='bbox 3647 812 3774 880; x_wconf 82' lang='lat' dir='ltr'><strong>igitur</strong></span> 
     </span>
    </p>
   </div>
   <div class='ocr_carea' id='block_1_36' title="bbox 2203 901 3773 974">
    <p class='ocr_par' dir='ltr' id='par_1_36' title="bbox 2203 901 3773 974">
     <span class='ocr_line' id='line_1_36' title="bbox 2203 901 3773 974; baseline 0.003 -18"><span class='ocrx_word' id='word_1_268' title='bbox 2203 912 2400 974; x_wconf 86' lang='lat' dir='ltr'><strong>quanta</strong></span> <span class='ocrx_word' id='word_1_269' title='bbox 2429 903 2500 957; x_wconf 90' lang='lat' dir='ltr'><strong>sit</strong></span> <span class='ocrx_word' id='word_1_270' title='bbox 2527 901 2755 973; x_wconf 87' lang='lat' dir='ltr'><strong>dignitas</strong></span> <span class='ocrx_word' id='word_1_271' title='bbox 2778 901 2915 972; x_wconf 86' lang='lat' dir='ltr'><strong>ejus,</strong></span> <span class='ocrx_word' id='word_1_272' title='bbox 2943 901 3094 971; x_wconf 92' lang='lat' dir='ltr'><strong>cujus</strong></span> <span class='ocrx_word' id='word_1_273' title='bbox 3115 902 3275 956; x_wconf 89' lang='lat' dir='ltr'><strong>saluti</strong></span> <span class='ocrx_word' id='word_1_274' title='bbox 3307 903 3629 968; x_wconf 82' lang='lat' dir='ltr'><strong>consulitur,</strong></span> <span class='ocrx_word' id='word_1_275' title='bbox 3656 912 3773 960; x_wconf 80' lang='lat' dir='ltr'><strong>etne</strong></span> 
     </span>
    </p>
   </div>
   <div class='ocr_carea' id='block_1_37' title="bbox 2203 991 3770 1062">
    <p class='ocr_par' dir='ltr' id='par_1_37' title="bbox 2203 991 3770 1062">
     <span class='ocr_line' id='line_1_37' title="bbox 2203 991 3770 1062; baseline 0.001 -15"><span class='ocrx_word' id='word_1_276' title='bbox 2203 993 2590 1062; x_wconf 89' lang='lat' dir='ltr'><strong>contempseris</strong></span> <span class='ocrx_word' id='word_1_277' title='bbox 2613 992 2752 1046; x_wconf 85' lang='lat' dir='ltr'><strong>illius</strong></span> <span class='ocrx_word' id='word_1_278' title='bbox 2773 1008 2978 1046; x_wconf 87' lang='lat' dir='ltr'><strong>curam.</strong></span> <span class='ocrx_word' id='word_1_279' title='bbox 3019 991 3150 1046; x_wconf 89' lang='lat' dir='ltr'><strong>Nam</strong></span> <span class='ocrx_word' id='word_1_280' title='bbox 3177 993 3399 1047; x_wconf 88' lang='lat' dir='ltr'><strong>etiamsi</strong></span> <span class='ocrx_word' id='word_1_281' title='bbox 3430 995 3668 1062; x_wconf 73' lang='lat' dir='ltr'><strong>pecunia:</strong></span> <span class='ocrx_word' id='word_1_282' title='bbox 3689 997 3770 1048; x_wconf 87' lang='lat' dir='ltr'><strong>vim</strong></span> 
     </span>
    </p>
   </div>
   <div class='ocr_carea' id='block_1_38' title="bbox 2205 1082 3768 1152">
    <p class='ocr_par' dir='ltr' id='par_1_38' title="bbox 2205 1082 3768 1152">
     <span class='ocr_line' id='line_1_38' title="bbox 2205 1082 3768 1152; baseline 0.001 -14"><span class='ocrx_word' id='word_1_283' title='bbox 2205 1083 2516 1138; x_wconf 91' lang='lat' dir='ltr'><strong>immensam</strong></span> <span class='ocrx_word' id='word_1_284' title='bbox 2543 1083 2897 1137; x_wconf 90' lang='lat' dir='ltr'><strong>dinumeravit</strong></span> <span class='ocrx_word' id='word_1_285' title='bbox 2919 1083 3108 1152; x_wconf 89' lang='lat' dir='ltr'><strong>aliquis</strong></span> <span class='ocrx_word' id='word_1_286' title='bbox 3129 1123 3144 1147; x_wconf 95' lang='lat'><strong>,</strong></span> <span class='ocrx_word' id='word_1_287' title='bbox 3177 1082 3316 1136; x_wconf 86' lang='lat' dir='ltr'><strong>nihil</strong></span> <span class='ocrx_word' id='word_1_288' title='bbox 3365 1084 3477 1137; x_wconf 89' lang='lat' dir='ltr'><strong>tale</strong></span> <span class='ocrx_word' id='word_1_289' title='bbox 3515 1086 3736 1152; x_wconf 53' lang='lat' dir='ltr'><strong>praestitit</strong></span> <span class='ocrx_word' id='word_1_290' title='bbox 3756 1128 3768 1149; x_wconf 93' lang='lat'><strong>,</strong></span> 
     </span>
    </p>
   </div>
   <div class='ocr_carea' id='block_1_39' title="bbox 2203 1174 3762 1247">
    <p class='ocr_par' dir='ltr' id='par_1_39' title="bbox 2203 1174 3762 1247">
     <span class='ocr_line' id='line_1_39' title="bbox 2203 1174 3762 1247; baseline 0.001 -18"><span class='ocrx_word' id='word_1_291' title='bbox 2203 1177 2358 1246; x_wconf 84' lang='lat' dir='ltr'><strong>quale</strong></span> <span class='ocrx_word' id='word_1_292' title='bbox 2376 1177 2422 1230; x_wconf 88' lang='lat' dir='ltr'><strong>is</strong></span> <span class='ocrx_word' id='word_1_293' title='bbox 2438 1175 2526 1246; x_wconf 89' lang='lat' dir='ltr'><strong>qui</strong></span> <span class='ocrx_word' id='word_1_294' title='bbox 2547 1185 2724 1231; x_wconf 87' lang='lat' dir='ltr'><strong>servat</strong></span> <span class='ocrx_word' id='word_1_295' title='bbox 2739 1176 3051 1241; x_wconf 89' lang='lat' dir='ltr'><strong>animam,et</strong></span> <span class='ocrx_word' id='word_1_296' title='bbox 3070 1174 3293 1230; x_wconf 88' lang='lat' dir='ltr'><strong>abducit</strong></span> <span class='ocrx_word' id='word_1_297' title='bbox 3314 1183 3387 1230; x_wconf 82' lang='lat' dir='ltr'><strong>ab</strong></span> <span class='ocrx_word' id='word_1_298' title='bbox 3401 1191 3585 1230; x_wconf 91' lang='lat' dir='ltr'><strong>errore</strong></span> <span class='ocrx_word' id='word_1_299' title='bbox 3605 1175 3664 1230; x_wconf 84' lang='lat' dir='ltr'><strong>ad</strong></span> <span class='ocrx_word' id='word_1_300' title='bbox 3682 1179 3762 1247; x_wconf 84' lang='lat' dir='ltr'><strong>pie-</strong></span> 
     </span>
    </p>
   </div>
   <div class='ocr_carea' id='block_1_40' title="bbox 2207 1265 3771 1336">
    <p class='ocr_par' dir='ltr' id='par_1_40' title="bbox 2207 1265 3771 1336">
     <span class='ocr_line' id='line_1_40' title="bbox 2207 1265 3771 1336; baseline 0.001 -17"><span class='ocrx_word' id='word_1_301' title='bbox 2207 1277 2387 1322; x_wconf 87' lang='lat' dir='ltr'><strong>tatem.</strong></span> <span class='ocrx_word' id='word_1_302' title='bbox 2404 1266 2502 1333; x_wconf 84' lang='lat' dir='ltr'><strong>Oui</strong></span> <span class='ocrx_word' id='word_1_303' title='bbox 2516 1266 2724 1322; x_wconf 88' lang='lat' dir='ltr'><strong>dederit</strong></span> <span class='ocrx_word' id='word_1_304' title='bbox 2740 1267 2978 1336; x_wconf 86' lang='lat' dir='ltr'><strong>pauperi,</strong></span> <span class='ocrx_word' id='word_1_305' title='bbox 2994 1265 3186 1320; x_wconf 84' lang='lat' dir='ltr'><strong>famem</strong></span> <span class='ocrx_word' id='word_1_306' title='bbox 3208 1266 3411 1320; x_wconf 90' lang='lat' dir='ltr'><strong>solvit:</strong></span> <span class='ocrx_word' id='word_1_307' title='bbox 3433 1267 3523 1336; x_wconf 87' lang='lat' dir='ltr'><strong>qui</strong></span> <span class='ocrx_word' id='word_1_308' title='bbox 3539 1267 3771 1336; x_wconf 77' lang='lat' dir='ltr'><strong>iudaizan-</strong></span> 
     </span>
    </p>
   </div>
   <div class='ocr_carea' id='block_1_41' title="bbox 2207 1359 3768 1430">
    <p class='ocr_par' dir='ltr' id='par_1_41' title="bbox 2207 1359 3768 1430">
     <span class='ocr_line' id='line_1_41' title="bbox 2207 1359 3768 1430; baseline -0.002 -16"><span class='ocrx_word' id='word_1_309' title='bbox 2207 1369 2312 1416; x_wconf 92' lang='lat' dir='ltr'><strong>tem</strong></span> <span class='ocrx_word' id='word_1_310' title='bbox 2326 1361 2616 1415; x_wconf 80' lang='lat' dir='ltr'><strong>correxerit</strong></span> <span class='ocrx_word' id='word_1_311' title='bbox 2644 1401 2659 1423; x_wconf 97' lang='lat'><strong>,</strong></span> <span class='ocrx_word' id='word_1_312' title='bbox 2691 1361 3015 1430; x_wconf 89' lang='lat' dir='ltr'><strong>impietatem</strong></span> <span class='ocrx_word' id='word_1_313' title='bbox 3041 1360 3321 1414; x_wconf 79' lang='lat' dir='ltr'><strong>exstinxit.</strong></span> <span class='ocrx_word' id='word_1_314' title='bbox 3369 1359 3466 1413; x_wconf 90' lang='lat' dir='ltr'><strong>Ille</strong></span> <span class='ocrx_word' id='word_1_315' title='bbox 3507 1364 3768 1428; x_wconf 85' lang='lat' dir='ltr'><strong>paupertati</strong></span> 
     </span>
    </p>
   </div>
   <div class='ocr_carea' id='block_1_42' title="bbox 2206 1449 3770 1520">
    <p class='ocr_par' dir='ltr' id='par_1_42' title="bbox 2206 1449 3770 1520">
     <span class='ocr_line' id='line_1_42' title="bbox 2206 1449 3770 1520; baseline -0.003 -13"><span class='ocrx_word' id='word_1_316' title='bbox 2206 1454 2449 1507; x_wconf 89' lang='lat' dir='ltr'><strong>solatium</strong></span> <span class='ocrx_word' id='word_1_317' title='bbox 2465 1452 2729 1506; x_wconf 85' lang='lat' dir='ltr'><strong>adhibuit:</strong></span> <span class='ocrx_word' id='word_1_318' title='bbox 2754 1451 2840 1505; x_wconf 88' lang='lat' dir='ltr'><strong>hic</strong></span> <span class='ocrx_word' id='word_1_319' title='bbox 2857 1451 3185 1520; x_wconf 90' lang='lat' dir='ltr'><strong>iniquitatem</strong></span> <span class='ocrx_word' id='word_1_320' title='bbox 3208 1450 3450 1504; x_wconf 88' lang='lat' dir='ltr'><strong>inhibuit</strong></span> <span class='ocrx_word' id='word_1_321' title='bbox 3472 1467 3484 1502; x_wconf 87' lang='lat'><strong>:</strong></span> <span class='ocrx_word' id='word_1_322' title='bbox 3516 1449 3600 1502; x_wconf 88' lang='lat' dir='ltr'><strong>ille</strong></span> <span class='ocrx_word' id='word_1_323' title='bbox 3613 1463 3770 1519; x_wconf 83' lang='lat' dir='ltr'><strong>corpus</strong></span> 
     </span>
    </p>
   </div>
   <div class='ocr_carea' id='block_1_43' title="bbox 2207 1540 3760 1610">
    <p class='ocr_par' dir='ltr' id='par_1_43' title="bbox 2207 1540 3760 1610">
     <span class='ocr_line' id='line_1_43' title="bbox 2207 1540 3760 1610; baseline -0.005 -12"><span class='ocrx_word' id='word_1_324' title='bbox 2207 1544 2456 1599; x_wconf 87' lang='lat' dir='ltr'><strong>liberavit</strong></span> <span class='ocrx_word' id='word_1_325' title='bbox 2472 1559 2503 1597; x_wconf 90' lang='lat' dir='ltr'><strong>a</strong></span> <span class='ocrx_word' id='word_1_326' title='bbox 2522 1541 2820 1608; x_wconf 88' lang='lat' dir='ltr'><strong>dolore,hic</strong></span> <span class='ocrx_word' id='word_1_327' title='bbox 2840 1543 2999 1598; x_wconf 88' lang='lat' dir='ltr'><strong>etiam</strong></span> <span class='ocrx_word' id='word_1_328' title='bbox 3017 1541 3250 1595; x_wconf 88' lang='lat' dir='ltr'><strong>animam</strong></span> <span class='ocrx_word' id='word_1_329' title='bbox 3275 1541 3481 1610; x_wconf 91' lang='lat' dir='ltr'><strong>eripuit</strong></span> <span class='ocrx_word' id='word_1_330' title='bbox 3499 1557 3525 1594; x_wconf 88' lang='lat' dir='ltr'><strong>a</strong></span> <span class='ocrx_word' id='word_1_331' title='bbox 3545 1540 3760 1610; x_wconf 81' lang='lat' dir='ltr'><strong>gehenua.</strong></span> 
     </span>
    </p>
   </div>
   <div class='ocr_carea' id='block_1_44' title="bbox 2206 1633 3762 1702">
    <p class='ocr_par' dir='ltr' id='par_1_44' title="bbox 2206 1633 3762 1702">
     <span class='ocr_line' id='line_1_44' title="bbox 2206 1633 3762 1702; baseline -0.006 -9"><span class='ocrx_word' id='word_1_332' title='bbox 2206 1637 2426 1694; x_wconf 84' lang='lat' dir='ltr'><strong>Ostendi</strong></span> <span class='ocrx_word' id='word_1_333' title='bbox 2451 1638 2853 1700; x_wconf 90' lang='lat' dir='ltr'><strong>thesaurum,ne</strong></span> <span class='ocrx_word' id='word_1_334' title='bbox 2871 1634 3128 1689; x_wconf 87' lang='lat' dir='ltr'><strong>deseratis</strong></span> <span class='ocrx_word' id='word_1_335' title='bbox 3153 1634 3399 1688; x_wconf 91' lang='lat' dir='ltr'><strong>lucrum.</strong></span> <span class='ocrx_word' id='word_1_336' title='bbox 3425 1633 3541 1687; x_wconf 89' lang='lat' dir='ltr'><strong>Non</strong></span> <span class='ocrx_word' id='word_1_337' title='bbox 3561 1642 3638 1687; x_wconf 89' lang='lat' dir='ltr'><strong>est</strong></span> <span class='ocrx_word' id='word_1_338' title='bbox 3657 1633 3762 1702; x_wconf 85' lang='lat' dir='ltr'><strong>quod</strong></span> 
     </span>
    </p>
   </div>
   <div class='ocr_carea' id='block_1_45' title="bbox 2207 1725 3762 1801">
    <p class='ocr_par' dir='ltr' id='par_1_45' title="bbox 2207 1725 3762 1801">
     <span class='ocr_line' id='line_1_45' title="bbox 2207 1725 3762 1801; baseline -0.005 -16"><span class='ocrx_word' id='word_1_339' title='bbox 2207 1731 2294 1785; x_wconf 88' lang='lat' dir='ltr'><strong>hic</strong></span> <span class='ocrx_word' id='word_1_340' title='bbox 2315 1739 2675 1801; x_wconf 89' lang='lat' dir='ltr'><strong>paupertatem</strong></span> <span class='ocrx_word' id='word_1_341' title='bbox 2701 1727 3011 1793; x_wconf 81' lang='lat' dir='ltr'><strong>causemini,</strong></span> <span class='ocrx_word' id='word_1_342' title='bbox 3031 1735 3226 1782; x_wconf 88' lang='lat' dir='ltr'><strong>nonest</strong></span> <span class='ocrx_word' id='word_1_343' title='bbox 3244 1725 3396 1797; x_wconf 90' lang='lat' dir='ltr'><strong>quod</strong></span> <span class='ocrx_word' id='word_1_344' title='bbox 3417 1725 3762 1781; x_wconf 84' lang='lat' dir='ltr'><strong>mendicitatem</strong></span> 
     </span>
    </p>
   </div>
   <div class='ocr_carea' id='block_1_46' title="bbox 2209 1816 3758 1892">
    <p class='ocr_par' dir='ltr' id='par_1_46' title="bbox 2209 1816 3758 1892">
     <span class='ocr_line' id='line_1_46' title="bbox 2209 1816 3758 1892; baseline -0.007 -15"><span class='ocrx_word' id='word_1_345' title='bbox 2209 1821 2545 1892; x_wconf 68' lang='lat' dir='ltr'><strong>prtetexatis:</strong></span> <span class='ocrx_word' id='word_1_346' title='bbox 2571 1821 2731 1875; x_wconf 90' lang='lat' dir='ltr'><strong>verba</strong></span> <span class='ocrx_word' id='word_1_347' title='bbox 2758 1830 2960 1874; x_wconf 87' lang='lat' dir='ltr'><strong>tanttun</strong></span> <span class='ocrx_word' id='word_1_348' title='bbox 2994 1819 3313 1873; x_wconf 90' lang='lat' dir='ltr'><strong>insumenda</strong></span> <span class='ocrx_word' id='word_1_349' title='bbox 3345 1827 3514 1883; x_wconf 92' lang='lat' dir='ltr'><strong>sunt,</strong></span> <span class='ocrx_word' id='word_1_350' title='bbox 3543 1816 3758 1871; x_wconf 79' lang='lat' dir='ltr'><strong>sermonis</strong></span> 
     </span>
    </p>
   </div>
   <div class='ocr_carea' id='block_1_47' title="bbox 2208 1905 3760 1980">
    <p class='ocr_par' dir='ltr' id='par_1_47' title="bbox 2208 1905 3760 1980">
     <span class='ocr_line' id='line_1_47' title="bbox 2208 1905 3760 1980; baseline -0.007 -13"><span class='ocrx_word' id='word_1_351' title='bbox 2208 1913 2368 1968; x_wconf 91' lang='lat' dir='ltr'><strong>modo</strong></span> <span class='ocrx_word' id='word_1_352' title='bbox 2407 1913 2464 1966; x_wconf 81' lang='lat' dir='ltr'><strong>fit</strong></span> <span class='ocrx_word' id='word_1_353' title='bbox 2507 1911 2766 1980; x_wconf 88' lang='lat' dir='ltr'><strong>impensa.</strong></span> <span class='ocrx_word' id='word_1_354' title='bbox 2807 1909 2884 1964; x_wconf 90' lang='lat' dir='ltr'><strong>Ne</strong></span> <span class='ocrx_word' id='word_1_355' title='bbox 2905 1909 3216 1980; x_wconf 88' lang='lat' dir='ltr'><strong>pigritemnr</strong></span> <span class='ocrx_word' id='word_1_356' title='bbox 3239 1909 3412 1978; x_wconf 84' lang='lat' dir='ltr'><strong>igitur</strong></span> <span class='ocrx_word' id='word_1_357' title='bbox 3442 1948 3461 1975; x_wconf 90' lang='lat'><strong>,</strong></span> <span class='ocrx_word' id='word_1_358' title='bbox 3515 1907 3603 1961; x_wconf 91' lang='lat' dir='ltr'><strong>sed</strong></span> <span class='ocrx_word' id='word_1_359' title='bbox 3650 1905 3760 1960; x_wconf 90' lang='lat' dir='ltr'><strong>omni</strong></span> 
     </span>
    </p>
   </div>
   <div class='ocr_carea' id='block_1_48' title="bbox 2208 1998 3760 2072">
    <p class='ocr_par' dir='ltr' id='par_1_48' title="bbox 2208 1998 3760 2072">
     <span class='ocr_line' id='line_1_48' title="bbox 2208 1998 3760 2072; baseline -0.008 -13"><span class='ocrx_word' id='word_1_360' title='bbox 2208 2004 2384 2059; x_wconf 90' lang='lat' dir='ltr'><strong>studio</strong></span> <span class='ocrx_word' id='word_1_361' title='bbox 2409 2018 2473 2058; x_wconf 90' lang='lat' dir='ltr'><strong>ac</strong></span> <span class='ocrx_word' id='word_1_362' title='bbox 2499 2003 2786 2072; x_wconf 85' lang='lat' dir='ltr'><strong>cupiditate</strong></span> <span class='ocrx_word' id='word_1_363' title='bbox 2808 2017 3064 2056; x_wconf 85' lang='lat' dir='ltr'><strong>venemur</strong></span> <span class='ocrx_word' id='word_1_364' title='bbox 3094 2001 3290 2054; x_wconf 91' lang='lat' dir='ltr'><strong>fratres</strong></span> <span class='ocrx_word' id='word_1_365' title='bbox 3315 2010 3534 2054; x_wconf 88' lang='lat' dir='ltr'><strong>nostros</strong></span> <span class='ocrx_word' id='word_1_366' title='bbox 3554 2039 3568 2062; x_wconf 89' lang='lat'><strong>,</strong></span> <span class='ocrx_word' id='word_1_367' title='bbox 3617 1998 3760 2065; x_wconf 83' lang='lat' dir='ltr'><strong>eisque</strong></span> 
     </span>
    </p>
   </div>
   <div class='ocr_carea' id='block_1_49' title="bbox 2210 2077 3755 2160">
    <p class='ocr_par' dir='ltr' id='par_1_49' title="bbox 2210 2077 3755 2160">
     <span class='ocr_line' id='line_1_49' title="bbox 2210 2077 3755 2160; baseline -0.006 -13"><span class='ocrx_word' id='word_1_368' title='bbox 2210 2097 2293 2149; x_wconf 90' lang='lat' dir='ltr'><strong>vel</strong></span> <span class='ocrx_word' id='word_1_369' title='bbox 2334 2095 2512 2150; x_wconf 85' lang='lat' dir='ltr'><strong>invitis</strong></span> <span class='ocrx_word' id='word_1_370' title='bbox 2543 2097 2595 2148; x_wconf 90' lang='lat' dir='ltr'><strong>in</strong></span> <span class='ocrx_word' id='word_1_371' title='bbox 2626 2094 2843 2149; x_wconf 89' lang='lat' dir='ltr'><strong>domum</strong></span> <span class='ocrx_word' id='word_1_372' title='bbox 2872 2101 3107 2146; x_wconf 87' lang='lat' dir='ltr'><strong>nostram</strong></span> <span class='ocrx_word' id='word_1_373' title='bbox 3138 2091 3431 2160; x_wconf 88' lang='lat' dir='ltr'><strong>pertractis</strong></span> <span class='ocrx_word' id='word_1_374' title='bbox 3457 2077 3494 2158; x_wconf 71' lang='grc'><strong>,’</strong></span> <span class='ocrx_word' id='word_1_375' title='bbox 3528 2089 3755 2159; x_wconf 85' lang='lat' dir='ltr'><strong>prandium</strong></span> 
     </span>
    </p>
   </div>
   <div class='ocr_carea' id='block_1_50' title="bbox 2209 2181 3756 2256">
    <p class='ocr_par' dir='ltr' id='par_1_50' title="bbox 2209 2181 3756 2256">
     <span class='ocr_line' id='line_1_50' title="bbox 2209 2181 3756 2256; baseline -0.006 -16"><span class='ocrx_word' id='word_1_376' title='bbox 2209 2202 2554 2256; x_wconf 90' lang='lat' dir='ltr'><strong>apponamns,</strong></span> <span class='ocrx_word' id='word_1_377' title='bbox 2576 2186 2641 2239; x_wconf 91' lang='lat' dir='ltr'><strong>ad</strong></span> <span class='ocrx_word' id='word_1_378' title='bbox 2668 2200 2867 2238; x_wconf 78' lang='lat' dir='ltr'><strong>mens-.e</strong></span> <span class='ocrx_word' id='word_1_379' title='bbox 2885 2184 3323 2238; x_wconf 89' lang='lat' dir='ltr'><strong>communionem</strong></span> <span class='ocrx_word' id='word_1_380' title='bbox 3349 2183 3474 2236; x_wconf 91' lang='lat' dir='ltr'><strong>illos</strong></span> <span class='ocrx_word' id='word_1_381' title='bbox 3489 2181 3756 2234; x_wconf 84' lang='lat' dir='ltr'><strong>asciscamus</strong></span> 
     </span>
    </p>
   </div>
   <div class='ocr_carea' id='block_1_51' title="bbox 2212 2272 3747 2346">
    <p class='ocr_par' dir='ltr' id='par_1_51' title="bbox 2212 2272 3747 2346">
     <span class='ocr_line' id='line_1_51' title="bbox 2212 2272 3747 2346; baseline -0.006 -15"><span class='ocrx_word' id='word_1_382' title='bbox 2212 2279 2390 2345; x_wconf 91' lang='lat' dir='ltr'><strong>hodie,</strong></span> <span class='ocrx_word' id='word_1_383' title='bbox 2412 2289 2488 2343; x_wconf 90' lang='lat' dir='ltr'><strong>ut,</strong></span> <span class='ocrx_word' id='word_1_384' title='bbox 2515 2278 2599 2333; x_wconf 88' lang='lat' dir='ltr'><strong>ubi</strong></span> <span class='ocrx_word' id='word_1_385' title='bbox 2628 2286 2812 2332; x_wconf 91' lang='lat' dir='ltr'><strong>nostro</strong></span> <span class='ocrx_word' id='word_1_386' title='bbox 2841 2276 2892 2331; x_wconf 91' lang='lat' dir='ltr'><strong>in</strong></span> <span class='ocrx_word' id='word_1_387' title='bbox 2923 2285 3210 2344; x_wconf 74' lang='lat' dir='ltr'><strong>conspectu</strong></span> <span class='ocrx_word' id='word_1_388' title='bbox 3242 2275 3510 2346; x_wconf 83' lang='lat' dir='ltr'><strong>jejunium</strong></span> <span class='ocrx_word' id='word_1_389' title='bbox 3531 2272 3747 2334; x_wconf 76' lang='lat' dir='ltr'><strong>solverint,</strong></span> 
     </span>
    </p>
   </div>
   <div class='ocr_carea' id='block_1_52' title="bbox 2210 2364 3748 2438">
    <p class='ocr_par' dir='ltr' id='par_1_52' title="bbox 2210 2364 3748 2438">
     <span class='ocr_line' id='line_1_52' title="bbox 2210 2364 3748 2438; baseline -0.003 -17"><span class='ocrx_word' id='word_1_390' title='bbox 2210 2370 2445 2438; x_wconf 89' lang='lat' dir='ltr'><strong>satisque</strong></span> <span class='ocrx_word' id='word_1_391' title='bbox 2488 2367 2875 2422; x_wconf 89' lang='lat' dir='ltr'><strong>declaravcrint</strong></span> <span class='ocrx_word' id='word_1_392' title='bbox 2903 2408 2920 2431; x_wconf 95' lang='lat'><strong>,</strong></span> <span class='ocrx_word' id='word_1_393' title='bbox 2971 2366 3238 2435; x_wconf 82' lang='lat' dir='ltr'><strong>(idemque</strong></span> <span class='ocrx_word' id='word_1_394' title='bbox 3282 2365 3500 2435; x_wconf 86' lang='lat' dir='ltr'><strong>plenam</strong></span> <span class='ocrx_word' id='word_1_395' title='bbox 3549 2364 3748 2417; x_wconf 83' lang='lat' dir='ltr'><strong>fecerint.</strong></span> 
     </span>
    </p>
   </div>
   <div class='ocr_carea' id='block_1_53' title="bbox 2211 2451 3754 2532">
    <p class='ocr_par' dir='ltr' id='par_1_53' title="bbox 2211 2451 3754 2532">
     <span class='ocr_line' id='line_1_53' title="bbox 2211 2451 3754 2532; baseline -0.006 -19"><span class='ocrx_word' id='word_1_396' title='bbox 2211 2459 2353 2532; x_wconf 87' lang='lat' dir='ltr'><strong>quod</strong></span> <span class='ocrx_word' id='word_1_397' title='bbox 2400 2461 2452 2514; x_wconf 91' lang='lat' dir='ltr'><strong>in</strong></span> <span class='ocrx_word' id='word_1_398' title='bbox 2498 2460 2687 2514; x_wconf 91' lang='lat' dir='ltr'><strong>melius</strong></span> <span class='ocrx_word' id='word_1_399' title='bbox 2737 2457 2963 2513; x_wconf 89' lang='lat' dir='ltr'><strong>correcti</strong></span> <span class='ocrx_word' id='word_1_400' title='bbox 3015 2457 3123 2511; x_wconf 90' lang='lat' dir='ltr'><strong>sint</strong></span> <span class='ocrx_word' id='word_1_401' title='bbox 3146 2498 3160 2522; x_wconf 93' lang='lat'><strong>,</strong></span> <span class='ocrx_word' id='word_1_402' title='bbox 3190 2467 3244 2511; x_wconf 91' lang='lat' dir='ltr'><strong>et</strong></span> <span class='ocrx_word' id='word_1_403' title='bbox 3277 2457 3382 2511; x_wconf 90' lang='lat' dir='ltr'><strong>sibi</strong></span> <span class='ocrx_word' id='word_1_404' title='bbox 3412 2456 3540 2524; x_wconf 92' lang='lat' dir='ltr'><strong>ipsis</strong></span> <span class='ocrx_word' id='word_1_405' title='bbox 3571 2463 3619 2508; x_wconf 93' lang='lat' dir='ltr'><strong>et</strong></span> <span class='ocrx_word' id='word_1_406' title='bbox 3642 2451 3754 2506; x_wconf 67' lang='lat' dir='ltr'><strong>nolis</strong></span> 
     </span>
    </p>
   </div>
   <div class='ocr_carea' id='block_1_54' title="bbox 2213 2543 3753 2621">
    <p class='ocr_par' dir='ltr' id='par_1_54' title="bbox 2213 2543 3753 2621">
     <span class='ocr_line' id='line_1_54' title="bbox 2213 2543 3753 2621; baseline -0.01 -13"><span class='ocrx_word' id='word_1_407' title='bbox 2213 2565 2411 2609; x_wconf 83' lang='lat' dir='ltr'><strong>:eterna</strong></span> <span class='ocrx_word' id='word_1_408' title='bbox 2438 2553 2575 2607; x_wconf 86' lang='lat' dir='ltr'><strong>bona</strong></span> <span class='ocrx_word' id='word_1_409' title='bbox 2617 2552 2945 2617; x_wconf 91' lang='lat' dir='ltr'><strong>concilient,</strong></span> <span class='ocrx_word' id='word_1_410' title='bbox 2993 2551 3161 2621; x_wconf 88' lang='lat' dir='ltr'><strong>gratia</strong></span> <span class='ocrx_word' id='word_1_411' title='bbox 3207 2565 3273 2605; x_wconf 90' lang='lat' dir='ltr'><strong>ac</strong></span> <span class='ocrx_word' id='word_1_412' title='bbox 3324 2549 3564 2604; x_wconf 88' lang='lat' dir='ltr'><strong>bonitate</strong></span> <span class='ocrx_word' id='word_1_413' title='bbox 3590 2543 3753 2600; x_wconf 84' lang='lat' dir='ltr'><strong>Domini</strong></span> 
     </span>
    </p>
   </div>
   <div class='ocr_carea' id='block_1_55' title="bbox 2213 2634 3754 2712">
    <p class='ocr_par' dir='ltr' id='par_1_55' title="bbox 2213 2634 3754 2712">
     <span class='ocr_line' id='line_1_55' title="bbox 2213 2634 3754 2712; baseline -0.01 -14"><span class='ocrx_word' id='word_1_414' title='bbox 2213 2645 2381 2699; x_wconf 90' lang='lat' dir='ltr'><strong>nostri</strong></span> <span class='ocrx_word' id='word_1_415' title='bbox 2403 2643 2530 2698; x_wconf 85' lang='lat' dir='ltr'><strong>Jesu</strong></span> <span class='ocrx_word' id='word_1_416' title='bbox 2557 2642 2779 2708; x_wconf 87' lang='lat' dir='ltr'><strong>Christi,</strong></span> <span class='ocrx_word' id='word_1_417' title='bbox 2803 2657 2897 2712; x_wconf 92' lang='lat' dir='ltr'><strong>per</strong></span> <span class='ocrx_word' id='word_1_418' title='bbox 2922 2656 3078 2712; x_wconf 89' lang='lat' dir='ltr'><strong>quem</strong></span> <span class='ocrx_word' id='word_1_419' title='bbox 3120 2650 3174 2694; x_wconf 89' lang='lat' dir='ltr'><strong>et</strong></span> <span class='ocrx_word' id='word_1_420' title='bbox 3219 2656 3346 2696; x_wconf 91' lang='lat' dir='ltr'><strong>cum</strong></span> <span class='ocrx_word' id='word_1_421' title='bbox 3390 2655 3498 2710; x_wconf 91' lang='lat' dir='ltr'><strong>quo</strong></span> <span class='ocrx_word' id='word_1_422' title='bbox 3537 2634 3662 2691; x_wconf 85' lang='lat' dir='ltr'><strong>Patri</strong></span> <span class='ocrx_word' id='word_1_423' title='bbox 3680 2647 3754 2686; x_wconf 82' lang='lat' dir='ltr'><strong>una</strong></span> 
     </span>
    </p>
   </div>
   <div class='ocr_carea' id='block_1_56' title="bbox 2213 2727 3754 2806">
    <p class='ocr_par' dir='ltr' id='par_1_56' title="bbox 2213 2727 3754 2806">
     <span class='ocr_line' id='line_1_56' title="bbox 2213 2727 3754 2806; baseline -0.011 -15"><span class='ocrx_word' id='word_1_424' title='bbox 2213 2752 2335 2792; x_wconf 88' lang='lat' dir='ltr'><strong>cum</strong></span> <span class='ocrx_word' id='word_1_425' title='bbox 2367 2735 2566 2806; x_wconf 89' lang='lat' dir='ltr'><strong>Spiritu</strong></span> <span class='ocrx_word' id='word_1_426' title='bbox 2591 2741 2776 2788; x_wconf 91' lang='lat' dir='ltr'><strong>saneto</strong></span> <span class='ocrx_word' id='word_1_427' title='bbox 2801 2733 2968 2802; x_wconf 85' lang='lat' dir='ltr'><strong>gloria</strong></span> <span class='ocrx_word' id='word_1_428' title='bbox 2995 2774 3010 2798; x_wconf 98' lang='lat'><strong>,</strong></span> <span class='ocrx_word' id='word_1_429' title='bbox 3044 2747 3185 2786; x_wconf 91' lang='lat' dir='ltr'><strong>nunc</strong></span> <span class='ocrx_word' id='word_1_430' title='bbox 3211 2741 3268 2788; x_wconf 90' lang='lat' dir='ltr'><strong>et</strong></span> <span class='ocrx_word' id='word_1_431' title='bbox 3291 2745 3505 2800; x_wconf 85' lang='lat' dir='ltr'><strong>semper</strong></span> <span class='ocrx_word' id='word_1_432' title='bbox 3535 2727 3650 2782; x_wconf 86' lang='lat' dir='ltr'><strong>etin</strong></span> <span class='ocrx_word' id='word_1_433' title='bbox 3680 2738 3754 2775; x_wconf 69' lang='lat' dir='ltr'><strong>se-</strong></span> 
     </span>
    </p>
   </div>
   <div class='ocr_carea' id='block_1_57' title="bbox 2214 2827 2926 2893">
    <p class='ocr_par' dir='ltr' id='par_1_57' title="bbox 2214 2827 2926 2893">
     <span class='ocr_line' id='line_1_57' title="bbox 2214 2827 2926 2893; baseline -0.007 -10"><span class='ocrx_word' id='word_1_434' title='bbox 2214 2827 2333 2883; x_wconf 90' lang='lat' dir='ltr'><strong>cula</strong></span> <span class='ocrx_word' id='word_1_435' title='bbox 2364 2827 2706 2893; x_wconf 69' lang='lat' dir='ltr'><strong>smeulorum,</strong></span> <span class='ocrx_word' id='word_1_436' title='bbox 2734 2827 2926 2880; x_wconf 83' lang='lat' dir='ltr'><strong>Amen.</strong></span> 
     </span>
    </p>
   </div>
   <div class='ocr_carea' id='block_1_58' title="bbox 1635 2974 3753 3012">
    <p class='ocr_par' dir='ltr' id='par_1_58' title="bbox 1635 2974 3753 3012">
     <span class='ocr_line' id='line_1_58' title="bbox 1635 2974 3753 3012; baseline -0.003 -16"><span class='ocrx_word' id='word_1_437' title='bbox 1635 2974 3753 3012; x_wconf 43' lang='lat'><strong>&#39;__________________________________________._.</strong></span> 
     </span>
    </p>
   </div>
   <div class='ocr_carea' id='block_1_59' title="bbox 1323 3057 2948 3184">
    <p class='ocr_par' dir='ltr' id='par_1_59' title="bbox 1323 3057 2948 3184">
     <span class='ocr_line' id='line_1_59' title="bbox 1323 3057 2948 3184; baseline -0.012 0"><span class='ocrx_word' id='word_1_438' title='bbox 1323 3074 1542 3184; x_wconf 75' lang='grc' dir='ltr'><strong>,ΑΒ</strong></span> <span class='ocrx_word' id='word_1_439' title='bbox 1564 3063 2136 3180; x_wconf 84' lang='lat' dir='ltr'><strong>VERSUS</strong></span> <span class='ocrx_word' id='word_1_440' title='bbox 2233 3057 2948 3168; x_wconf 68' lang='lat' dir='ltr'><strong>JUDAEOS.</strong></span> 
     </span>
    </p>
   </div>
   <div class='ocr_carea' id='block_1_60' title="bbox 1857 3259 2482 3316">
    <p class='ocr_par' dir='ltr' id='par_1_60' title="bbox 1857 3259 2482 3316">
     <span class='ocr_line' id='line_1_60' title="bbox 1857 3259 2482 3316; baseline -0.011 0"><span class='ocrx_word' id='word_1_441' title='bbox 1857 3259 2482 3316; x_wconf 51' lang='lat' dir='ltr'><strong>0&amp;9me</strong></span> 
     </span>
    </p>
   </div>
   <div class='ocr_carea' id='block_1_61' title="bbox 1069 3401 1541 3443">
    <p class='ocr_par' dir='ltr' id='par_1_61' title="bbox 1069 3401 1541 3443">
     <span class='ocr_line' id='line_1_61' title="bbox 1069 3401 1541 3443; baseline -0.008 -1"><span class='ocrx_word' id='word_1_442' title='bbox 1069 3402 1260 3443; x_wconf 67' lang='lat' dir='ltr'><strong>ORATIO</strong></span> <span class='ocrx_word' id='word_1_443' title='bbox 1299 3401 1518 3440; x_wconf 70' lang='grc' dir='ltr'>εερτιιιιι</span> <span class='ocrx_word' id='word_1_444' title='bbox 1527 3423 1541 3436; x_wconf 73' lang='grc' dir='ltr'><strong>ι</strong></span> 
     </span>
    </p>
   </div>
   <div class='ocr_carea' id='block_1_62' title="bbox 586 3474 2110 3548">
    <p class='ocr_par' dir='ltr' id='par_1_62' title="bbox 586 3474 2110 3548">
     <span class='ocr_line' id='line_1_62' title="bbox 586 3474 2110 3548; baseline -0.003 -17"><span class='ocrx_word' id='word_1_445' title='bbox 586 3477 638 3532; x_wconf 76' lang='grc'><strong>1.</strong></span> <span class='ocrx_word' id='word_1_446' title='bbox 679 3476 814 3531; x_wconf 86' lang='lat' dir='ltr'><strong>Num</strong></span> <span class='ocrx_word' id='word_1_447' title='bbox 838 3491 934 3531; x_wconf 90' lang='lat' dir='ltr'><strong>vos</strong></span> <span class='ocrx_word' id='word_1_448' title='bbox 964 3492 1158 3548; x_wconf 87' lang='lat' dir='ltr'><strong>pugnae</strong></span> <span class='ocrx_word' id='word_1_449' title='bbox 1185 3476 1340 3545; x_wconf 88' lang='lat' dir='ltr'><strong>hnjns</strong></span> <span class='ocrx_word' id='word_1_450' title='bbox 1367 3491 1485 3530; x_wconf 91' lang='lat' dir='ltr'><strong>eum</strong></span> <span class='ocrx_word' id='word_1_451' title='bbox 1510 3474 1710 3529; x_wconf 72' lang='lat' dir='ltr'><strong>Judmis</strong></span> <span class='ocrx_word' id='word_1_452' title='bbox 1734 3481 1994 3542; x_wconf 66' lang='lat' dir='ltr'><strong>suscepte</strong></span> <span class='ocrx_word' id='word_1_453' title='bbox 2022 3487 2110 3526; x_wconf 86' lang='lat' dir='ltr'><strong>sa-</strong></span> 
     </span>
    </p>
   </div>
   <div class='ocr_carea' id='block_1_63' title="bbox 513 3563 2110 3634">
    <p class='ocr_par' dir='ltr' id='par_1_63' title="bbox 513 3563 2110 3634">
     <span class='ocr_line' id='line_1_63' title="bbox 513 3563 2110 3634; baseline -0.003 -15"><span class='ocrx_word' id='word_1_454' title='bbox 513 3565 671 3620; x_wconf 88' lang='lat' dir='ltr'><strong>tietas</strong></span> <span class='ocrx_word' id='word_1_455' title='bbox 710 3565 881 3634; x_wconf 85' lang='lat' dir='ltr'><strong>cepit?</strong></span> <span class='ocrx_word' id='word_1_456' title='bbox 922 3567 1001 3620; x_wconf 83' lang='lat' dir='ltr'><strong>An</strong></span> <span class='ocrx_word' id='word_1_457' title='bbox 1030 3565 1190 3619; x_wconf 84' lang='lat' dir='ltr'><strong>vultis</strong></span> <span class='ocrx_word' id='word_1_458' title='bbox 1220 3574 1278 3618; x_wconf 93' lang='lat' dir='ltr'><strong>ut</strong></span> <span class='ocrx_word' id='word_1_459' title='bbox 1302 3578 1488 3619; x_wconf 90' lang='lat' dir='ltr'><strong>rursus</strong></span> <span class='ocrx_word' id='word_1_460' title='bbox 1515 3563 1672 3619; x_wconf 85' lang='lat' dir='ltr'><strong>hodie</strong></span> <span class='ocrx_word' id='word_1_461' title='bbox 1701 3578 1912 3634; x_wconf 86' lang='lat' dir='ltr'><strong>quoque</strong></span> <span class='ocrx_word' id='word_1_462' title='bbox 1939 3570 2110 3616; x_wconf 89' lang='lat' dir='ltr'><strong>matc—</strong></span> 
     </span>
    </p>
   </div>
   <div class='ocr_carea' id='block_1_64' title="bbox 519 3656 2112 3727">
    <p class='ocr_par' dir='ltr' id='par_1_64' title="bbox 519 3656 2112 3727">
     <span class='ocr_line' id='line_1_64' title="bbox 519 3656 2112 3727; baseline -0.001 -17"><span class='ocrx_word' id='word_1_463' title='bbox 519 3657 654 3711; x_wconf 88' lang='lat' dir='ltr'><strong>riam</strong></span> <span class='ocrx_word' id='word_1_464' title='bbox 677 3658 918 3712; x_wconf 87' lang='lat' dir='ltr'><strong>eamdem</strong></span> <span class='ocrx_word' id='word_1_465' title='bbox 943 3657 1268 3713; x_wconf 87' lang='lat' dir='ltr'><strong>tractemus?</strong></span> <span class='ocrx_word' id='word_1_466' title='bbox 1290 3659 1618 3727; x_wconf 78' lang='lat' dir='ltr'><strong>Quamquam</strong></span> <span class='ocrx_word' id='word_1_467' title='bbox 1639 3657 1780 3710; x_wconf 89' lang='lat' dir='ltr'><strong>enim</strong></span> <span class='ocrx_word' id='word_1_468' title='bbox 1804 3656 1964 3710; x_wconf 89' lang='lat' dir='ltr'><strong>multa</strong></span> <span class='ocrx_word' id='word_1_469' title='bbox 1987 3665 2112 3710; x_wconf 90' lang='lat' dir='ltr'><strong>sunt</strong></span> 
     </span>
    </p>
   </div>
   <div class='ocr_carea' id='block_1_65' title="bbox 512 3748 2110 3818">
    <p class='ocr_par' dir='ltr' id='par_1_65' title="bbox 512 3748 2110 3818">
     <span class='ocr_line' id='line_1_65' title="bbox 512 3748 2110 3818; baseline 0 -16"><span class='ocrx_word' id='word_1_470' title='bbox 512 3749 623 3818; x_wconf 89' lang='lat' dir='ltr'><strong>jam</strong></span> <span class='ocrx_word' id='word_1_471' title='bbox 649 3749 811 3814; x_wconf 89' lang='lat' dir='ltr'><strong>dicta,</strong></span> <span class='ocrx_word' id='word_1_472' title='bbox 836 3759 1071 3804; x_wconf 89' lang='lat' dir='ltr'><strong>attamen</strong></span> <span class='ocrx_word' id='word_1_473' title='bbox 1099 3749 1330 3804; x_wconf 87' lang='lat' dir='ltr'><strong>arbitror</strong></span> <span class='ocrx_word' id='word_1_474' title='bbox 1353 3765 1447 3802; x_wconf 90' lang='lat' dir='ltr'><strong>vos</strong></span> <span class='ocrx_word' id='word_1_475' title='bbox 1467 3750 1544 3804; x_wconf 87' lang='lat' dir='ltr'><strong>sic</strong></span> <span class='ocrx_word' id='word_1_476' title='bbox 1563 3748 1779 3803; x_wconf 63' lang='lat' dir='ltr'><strong>aﬂ‘ectos</strong></span> <span class='ocrx_word' id='word_1_477' title='bbox 1806 3757 1864 3802; x_wconf 93' lang='lat' dir='ltr'><strong>ut</strong></span> <span class='ocrx_word' id='word_1_478' title='bbox 1885 3749 2110 3816; x_wconf 87' lang='lat' dir='ltr'><strong>cupiatis</strong></span> 
     </span>
    </p>
   </div>
   <div class='ocr_carea' id='block_1_66' title="bbox 514 3841 2109 3911">
    <p class='ocr_par' dir='ltr' id='par_1_66' title="bbox 514 3841 2109 3911">
     <span class='ocr_line' id='line_1_66' title="bbox 514 3841 2109 3911; baseline -0.001 -16"><span class='ocrx_word' id='word_1_479' title='bbox 514 3841 704 3896; x_wconf 89' lang='lat' dir='ltr'><strong>iisdem</strong></span> <span class='ocrx_word' id='word_1_480' title='bbox 733 3843 800 3896; x_wconf 91' lang='lat' dir='ltr'><strong>de</strong></span> <span class='ocrx_word' id='word_1_481' title='bbox 833 3842 990 3896; x_wconf 89' lang='lat' dir='ltr'><strong>rebus</strong></span> <span class='ocrx_word' id='word_1_482' title='bbox 1018 3843 1208 3897; x_wconf 89' lang='lat' dir='ltr'><strong>iterum</strong></span> <span class='ocrx_word' id='word_1_483' title='bbox 1235 3842 1444 3896; x_wconf 90' lang='lat' dir='ltr'><strong>audire.</strong></span> <span class='ocrx_word' id='word_1_484' title='bbox 1468 3841 1677 3896; x_wconf 85' lang='lat' dir='ltr'><strong>Etenim</strong></span> <span class='ocrx_word' id='word_1_485' title='bbox 1703 3842 1790 3911; x_wconf 87' lang='lat' dir='ltr'><strong>qui</strong></span> <span class='ocrx_word' id='word_1_486' title='bbox 1818 3857 1924 3896; x_wconf 91' lang='lat' dir='ltr'><strong>non</strong></span> <span class='ocrx_word' id='word_1_487' title='bbox 1950 3842 2109 3896; x_wconf 87' lang='lat' dir='ltr'><strong>satia-</strong></span> 
     </span>
    </p>
   </div>
   <div class='ocr_carea' id='block_1_67' title="bbox 516 3931 2109 4001">
    <p class='ocr_par' dir='ltr' id='par_1_67' title="bbox 516 3931 2109 4001">
     <span class='ocr_line' id='line_1_67' title="bbox 516 3931 2109 4001; baseline 0.001 -17"><span class='ocrx_word' id='word_1_488' title='bbox 516 3940 604 3985; x_wconf 89' lang='lat' dir='ltr'><strong>tur</strong></span> <span class='ocrx_word' id='word_1_489' title='bbox 631 3947 813 3986; x_wconf 89' lang='lat' dir='ltr'><strong>amore</strong></span> <span class='ocrx_word' id='word_1_490' title='bbox 841 3947 964 4000; x_wconf 82' lang='lat' dir='ltr'><strong>erga</strong></span> <span class='ocrx_word' id='word_1_491' title='bbox 994 3931 1196 3998; x_wconf 81' lang='lat' dir='ltr'><strong>Jesum,</strong></span> <span class='ocrx_word' id='word_1_492' title='bbox 1223 3933 1267 3987; x_wconf 88' lang='lat' dir='ltr'><strong>is</strong></span> <span class='ocrx_word' id='word_1_493' title='bbox 1297 3947 1396 3988; x_wconf 90' lang='lat' dir='ltr'><strong>nec</strong></span> <span class='ocrx_word' id='word_1_494' title='bbox 1425 3945 1678 4001; x_wconf 88' lang='lat' dir='ltr'><strong>umquam</strong></span> <span class='ocrx_word' id='word_1_495' title='bbox 1708 3931 1986 3986; x_wconf 87' lang='lat' dir='ltr'><strong>satiabitur</strong></span> <span class='ocrx_word' id='word_1_496' title='bbox 2014 3948 2109 4000; x_wconf 89' lang='lat' dir='ltr'><strong>pu-</strong></span> 
     </span>
    </p>
   </div>
   <div class='ocr_carea' id='block_1_68' title="bbox 513 4022 2107 4094">
    <p class='ocr_par' dir='ltr' id='par_1_68' title="bbox 513 4022 2107 4094">
     <span class='ocr_line' id='line_1_68' title="bbox 513 4022 2107 4094; baseline 0.001 -20"><span class='ocrx_word' id='word_1_497' title='bbox 513 4038 615 4091; x_wconf 86' lang='lat' dir='ltr'><strong>gna</strong></span> <span class='ocrx_word' id='word_1_498' title='bbox 646 4022 901 4077; x_wconf 81' lang='lat' dir='ltr'><strong>adversus</strong></span> <span class='ocrx_word' id='word_1_499' title='bbox 931 4039 1024 4077; x_wconf 89' lang='lat' dir='ltr'><strong>eos</strong></span> <span class='ocrx_word' id='word_1_500' title='bbox 1053 4031 1317 4092; x_wconf 90' lang='lat' dir='ltr'><strong>suscepta,</strong></span> <span class='ocrx_word' id='word_1_501' title='bbox 1352 4023 1442 4094; x_wconf 91' lang='lat' dir='ltr'><strong>qui</strong></span> <span class='ocrx_word' id='word_1_502' title='bbox 1467 4023 1650 4078; x_wconf 86' lang='lat' dir='ltr'><strong>Jesum</strong></span> <span class='ocrx_word' id='word_1_503' title='bbox 1680 4023 1926 4078; x_wconf 89' lang='lat' dir='ltr'><strong>oderunt.</strong></span> <span class='ocrx_word' id='word_1_504' title='bbox 1960 4023 2107 4077; x_wconf 68' lang='lat' dir='ltr'><strong>Prte-</strong></span> 
     </span>
    </p>
   </div>
   <div class='ocr_carea' id='block_1_69' title="bbox 510 4113 2105 4182">
    <p class='ocr_par' dir='ltr' id='par_1_69' title="bbox 510 4113 2105 4182">
     <span class='ocr_line' id='line_1_69' title="bbox 510 4113 2105 4182; baseline 0.001 -17"><span class='ocrx_word' id='word_1_505' title='bbox 510 4121 654 4168; x_wconf 90' lang='lat' dir='ltr'><strong>terea</strong></span> <span class='ocrx_word' id='word_1_506' title='bbox 681 4122 858 4168; x_wconf 91' lang='lat' dir='ltr'><strong>autem</strong></span> <span class='ocrx_word' id='word_1_507' title='bbox 887 4114 1040 4168; x_wconf 89' lang='lat' dir='ltr'><strong>nobis</strong></span> <span class='ocrx_word' id='word_1_508' title='bbox 1069 4114 1156 4168; x_wconf 87' lang='lat' dir='ltr'><strong>hic</strong></span> <span class='ocrx_word' id='word_1_509' title='bbox 1180 4129 1361 4168; x_wconf 89' lang='lat' dir='ltr'><strong>sermo</strong></span> <span class='ocrx_word' id='word_1_510' title='bbox 1389 4113 1725 4169; x_wconf 89' lang='lat' dir='ltr'><strong>necessarius</strong></span> <span class='ocrx_word' id='word_1_511' title='bbox 1759 4122 1843 4168; x_wconf 85' lang='lat' dir='ltr'><strong>est</strong></span> <span class='ocrx_word' id='word_1_512' title='bbox 1875 4131 1888 4167; x_wconf 93' lang='lat'><strong>:</strong></span> <span class='ocrx_word' id='word_1_513' title='bbox 1915 4128 2105 4182; x_wconf 90' lang='lat' dir='ltr'><strong>snper-</strong></span> 
     </span>
    </p>
   </div>
   <div class='ocr_carea' id='block_1_70' title="bbox 508 4205 2105 4274">
    <p class='ocr_par' dir='ltr' id='par_1_70' title="bbox 508 4205 2105 4274">
     <span class='ocr_line' id='line_1_70' title="bbox 508 4205 2105 4274; baseline 0 -14"><span class='ocrx_word' id='word_1_514' title='bbox 508 4213 632 4260; x_wconf 90' lang='lat' dir='ltr'><strong>sunt</strong></span> <span class='ocrx_word' id='word_1_515' title='bbox 660 4207 801 4261; x_wconf 91' lang='lat' dir='ltr'><strong>enim</strong></span> <span class='ocrx_word' id='word_1_516' title='bbox 841 4206 1017 4261; x_wconf 88' lang='lat' dir='ltr'><strong>adhuc</strong></span> <span class='ocrx_word' id='word_1_517' title='bbox 1055 4205 1312 4261; x_wconf 86' lang='lat' dir='ltr'><strong>festorum</strong></span> <span class='ocrx_word' id='word_1_518' title='bbox 1354 4206 1660 4261; x_wconf 71' lang='lat' dir='ltr'><strong>Judzeorum</strong></span> <span class='ocrx_word' id='word_1_519' title='bbox 1703 4205 1958 4274; x_wconf 68' lang='lat' dir='ltr'><strong>reliquim.</strong></span> <span class='ocrx_word' id='word_1_520' title='bbox 2001 4205 2105 4260; x_wconf 90' lang='lat' dir='ltr'><strong>Sed</strong></span> 
     </span>
    </p>
   </div>
   <div class='ocr_carea' id='block_1_71' title="bbox 507 4295 2110 4365">
    <p class='ocr_par' dir='ltr' id='par_1_71' title="bbox 507 4295 2110 4365">
     <span class='ocr_line' id='line_1_71' title="bbox 507 4295 2110 4365; baseline 0 -16"><span class='ocrx_word' id='word_1_521' title='bbox 507 4297 955 4365; x_wconf 88' lang='lat' dir='ltr'><strong>quemadmodum</strong></span> <span class='ocrx_word' id='word_1_522' title='bbox 985 4296 1193 4350; x_wconf 91' lang='lat' dir='ltr'><strong>illorum</strong></span> <span class='ocrx_word' id='word_1_523' title='bbox 1218 4297 1360 4352; x_wconf 71' lang='lat' dir='ltr'><strong>tuba:</strong></span> <span class='ocrx_word' id='word_1_524' title='bbox 1380 4297 1546 4352; x_wconf 91' lang='lat' dir='ltr'><strong>multo</strong></span> <span class='ocrx_word' id='word_1_525' title='bbox 1567 4295 1937 4351; x_wconf 88' lang='lat' dir='ltr'><strong>sceleratiores</strong></span> <span class='ocrx_word' id='word_1_526' title='bbox 1956 4306 2110 4350; x_wconf 91' lang='lat' dir='ltr'><strong>erant</strong></span> 
     </span>
    </p>
   </div>
   <div class='ocr_carea' id='block_1_72' title="bbox 515 4386 2108 4460">
    <p class='ocr_par' dir='ltr' id='par_1_72' title="bbox 515 4386 2108 4460">
     <span class='ocr_line' id='line_1_72' title="bbox 515 4386 2108 4460; baseline 0.001 -20"><span class='ocrx_word' id='word_1_527' title='bbox 515 4386 582 4442; x_wconf 89' lang='lat' dir='ltr'><strong>iis</strong></span> <span class='ocrx_word' id='word_1_528' title='bbox 611 4402 728 4457; x_wconf 79' lang='lat' dir='ltr'><strong>qua:</strong></span> <span class='ocrx_word' id='word_1_529' title='bbox 761 4399 950 4442; x_wconf 89' lang='lat' dir='ltr'><strong>sonant</strong></span> <span class='ocrx_word' id='word_1_530' title='bbox 980 4389 1032 4442; x_wconf 90' lang='lat' dir='ltr'><strong>in</strong></span> <span class='ocrx_word' id='word_1_531' title='bbox 1061 4389 1302 4454; x_wconf 88' lang='lat' dir='ltr'><strong>theatris,</strong></span> <span class='ocrx_word' id='word_1_532' title='bbox 1331 4400 1379 4444; x_wconf 93' lang='lat' dir='ltr'><strong>et</strong></span> <span class='ocrx_word' id='word_1_533' title='bbox 1406 4387 1609 4460; x_wconf 90' lang='lat' dir='ltr'><strong>jejunia</strong></span> <span class='ocrx_word' id='word_1_534' title='bbox 1635 4389 1822 4457; x_wconf 88' lang='lat' dir='ltr'><strong>quavis</strong></span> <span class='ocrx_word' id='word_1_535' title='bbox 1847 4387 2108 4442; x_wconf 83' lang='lat' dir='ltr'><strong>ebrietate</strong></span> 
     </span>
    </p>
   </div>
   <div class='ocr_carea' id='block_1_73' title="bbox 515 4481 2105 4550">
    <p class='ocr_par' dir='ltr' id='par_1_73' title="bbox 515 4481 2105 4550">
     <span class='ocr_line' id='line_1_73' title="bbox 515 4481 2105 4550; baseline 0.001 -18"><span class='ocrx_word' id='word_1_536' title='bbox 515 4485 574 4532; x_wconf 92' lang='lat' dir='ltr'><strong>et</strong></span> <span class='ocrx_word' id='word_1_537' title='bbox 617 4481 1006 4534; x_wconf 84' lang='lat' dir='ltr'><strong>comessatione</strong></span> <span class='ocrx_word' id='word_1_538' title='bbox 1053 4492 1203 4535; x_wconf 89' lang='lat' dir='ltr'><strong>crant</strong></span> <span class='ocrx_word' id='word_1_539' title='bbox 1252 4481 1485 4550; x_wconf 87' lang='lat' dir='ltr'><strong>turpiora</strong></span> <span class='ocrx_word' id='word_1_540' title='bbox 1518 4499 1530 4534; x_wconf 94' lang='lat'><strong>:</strong></span> <span class='ocrx_word' id='word_1_541' title='bbox 1563 4482 1632 4536; x_wconf 89' lang='lat' dir='ltr'><strong>ita</strong></span> <span class='ocrx_word' id='word_1_542' title='bbox 1675 4490 1731 4536; x_wconf 93' lang='lat' dir='ltr'><strong>et</strong></span> <span class='ocrx_word' id='word_1_543' title='bbox 1769 4481 2105 4536; x_wconf 84' lang='lat' dir='ltr'><strong>tabernacula</strong></span> 
     </span>
    </p>
   </div>
   <div class='ocr_carea' id='block_1_74' title="bbox 517 4564 2104 4643">
    <p class='ocr_par' dir='ltr' id='par_1_74' title="bbox 517 4564 2104 4643">
     <span class='ocr_line' id='line_1_74' title="bbox 517 4564 2104 4643; baseline 0.003 -21"><span class='ocrx_word' id='word_1_544' title='bbox 517 4583 635 4638; x_wconf 73' lang='lat' dir='ltr'><strong>qua:</strong></span> <span class='ocrx_word' id='word_1_545' title='bbox 670 4585 810 4626; x_wconf 85' lang='lat' dir='ltr'><strong>nunc</strong></span> <span class='ocrx_word' id='word_1_546' title='bbox 837 4564 976 4640; x_wconf 84' lang='lat' dir='ltr'><strong>apud</strong></span> <span class='ocrx_word' id='word_1_547' title='bbox 1009 4572 1126 4626; x_wconf 89' lang='lat' dir='ltr'><strong>illos</strong></span> <span class='ocrx_word' id='word_1_548' title='bbox 1155 4571 1386 4643; x_wconf 78' lang='lat' dir='ltr'><strong>figuntur</strong></span> <span class='ocrx_word' id='word_1_549' title='bbox 1409 4613 1423 4636; x_wconf 94' lang='lat'><strong>,</strong></span> <span class='ocrx_word' id='word_1_550' title='bbox 1452 4573 1619 4627; x_wconf 89' lang='lat' dir='ltr'><strong>nihilo</strong></span> <span class='ocrx_word' id='word_1_551' title='bbox 1647 4583 1773 4626; x_wconf 88' lang='lat' dir='ltr'><strong>sunt</strong></span> <span class='ocrx_word' id='word_1_552' title='bbox 1802 4573 2104 4627; x_wconf 88' lang='lat' dir='ltr'><strong>honestiora</strong></span> 
     </span>
    </p>
   </div>
   <div class='ocr_carea' id='block_1_75' title="bbox 513 4659 2106 4732">
    <p class='ocr_par' dir='ltr' id='par_1_75' title="bbox 513 4659 2106 4732">
     <span class='ocr_line' id='line_1_75' title="bbox 513 4659 2106 4732; baseline 0.003 -19"><span class='ocrx_word' id='word_1_553' title='bbox 513 4659 842 4723; x_wconf 83' lang='lat' dir='ltr'><strong>diversoriis,</strong></span> <span class='ocrx_word' id='word_1_554' title='bbox 870 4662 920 4715; x_wconf 93' lang='lat' dir='ltr'><strong>in</strong></span> <span class='ocrx_word' id='word_1_555' title='bbox 946 4662 1138 4732; x_wconf 90' lang='lat' dir='ltr'><strong>quibus</strong></span> <span class='ocrx_word' id='word_1_556' title='bbox 1167 4670 1342 4717; x_wconf 86' lang='lat' dir='ltr'><strong>scorta</strong></span> <span class='ocrx_word' id='word_1_557' title='bbox 1371 4673 1651 4718; x_wconf 88' lang='lat' dir='ltr'><strong>versantur</strong></span> <span class='ocrx_word' id='word_1_558' title='bbox 1672 4679 1734 4718; x_wconf 90' lang='lat' dir='ltr'><strong>ac</strong></span> <span class='ocrx_word' id='word_1_559' title='bbox 1757 4663 2004 4718; x_wconf 70' lang='lat' dir='ltr'><strong>tibicinte.</strong></span> <span class='ocrx_word' id='word_1_560' title='bbox 2029 4663 2106 4717; x_wconf 80' lang='lat' dir='ltr'><strong>Ne</strong></span> 
     </span>
    </p>
   </div>
   <div class='ocr_carea' id='block_1_76' title="bbox 509 4753 2103 4822">
    <p class='ocr_par' dir='ltr' id='par_1_76' title="bbox 509 4753 2103 4822">
     <span class='ocr_line' id='line_1_76' title="bbox 509 4753 2103 4822; baseline 0.003 -18"><span class='ocrx_word' id='word_1_561' title='bbox 509 4753 629 4822; x_wconf 87' lang='lat' dir='ltr'><strong>quis</strong></span> <span class='ocrx_word' id='word_1_562' title='bbox 678 4763 855 4807; x_wconf 90' lang='lat' dir='ltr'><strong>autem</strong></span> <span class='ocrx_word' id='word_1_563' title='bbox 904 4755 1201 4809; x_wconf 84' lang='lat' dir='ltr'><strong>orationem</strong></span> <span class='ocrx_word' id='word_1_564' title='bbox 1249 4756 1387 4810; x_wconf 90' lang='lat' dir='ltr'><strong>hanc</strong></span> <span class='ocrx_word' id='word_1_565' title='bbox 1428 4756 1665 4811; x_wconf 68' lang='lat' dir='ltr'><strong>audacia:</strong></span> <span class='ocrx_word' id='word_1_566' title='bbox 1704 4755 1940 4811; x_wconf 89' lang='lat' dir='ltr'><strong>damnet.</strong></span> <span class='ocrx_word' id='word_1_567' title='bbox 1971 4755 2103 4810; x_wconf 86' lang='lat' dir='ltr'><strong>Nam</strong></span> 
     </span>
    </p>
   </div>
   <div class='ocr_carea' id='block_1_77' title="bbox 512 4846 2106 4918">
    <p class='ocr_par' dir='ltr' id='par_1_77' title="bbox 512 4846 2106 4918">
     <span class='ocr_line' id='line_1_77' title="bbox 512 4846 2106 4918; baseline 0.001 -20"><span class='ocrx_word' id='word_1_568' title='bbox 512 4860 676 4898; x_wconf 87' lang='lat' dir='ltr'><strong>ausus</strong></span> <span class='ocrx_word' id='word_1_569' title='bbox 699 4854 780 4900; x_wconf 89' lang='lat' dir='ltr'><strong>est</strong></span> <span class='ocrx_word' id='word_1_570' title='bbox 804 4855 1077 4900; x_wconf 82' lang='lat' dir='ltr'><strong>extremus</strong></span> <span class='ocrx_word' id='word_1_571' title='bbox 1103 4861 1418 4918; x_wconf 88' lang='lat' dir='ltr'><strong>summaque</strong></span> <span class='ocrx_word' id='word_1_572' title='bbox 1441 4849 1692 4918; x_wconf 87' lang='lat' dir='ltr'><strong>iniquitas</strong></span> <span class='ocrx_word' id='word_1_573' title='bbox 1714 4862 1869 4903; x_wconf 90' lang='lat' dir='ltr'><strong>secus</strong></span> <span class='ocrx_word' id='word_1_574' title='bbox 1894 4846 1962 4902; x_wconf 89' lang='lat' dir='ltr'><strong>de</strong></span> <span class='ocrx_word' id='word_1_575' title='bbox 1989 4847 2106 4902; x_wconf 88' lang='lat' dir='ltr'><strong>istis</strong></span> 
     </span>
    </p>
   </div>
   <div class='ocr_carea' id='block_1_78' title="bbox 507 4936 2104 5010">
    <p class='ocr_par' dir='ltr' id='par_1_78' title="bbox 507 4936 2104 5010">
     <span class='ocr_line' id='line_1_78' title="bbox 507 4936 2104 5010; baseline 0.003 -21"><span class='ocrx_word' id='word_1_576' title='bbox 507 4936 741 5007; x_wconf 89' lang='lat' dir='ltr'><strong>opinari.</strong></span> <span class='ocrx_word' id='word_1_577' title='bbox 761 4937 892 4992; x_wconf 90' lang='lat' dir='ltr'><strong>Cum</strong></span> <span class='ocrx_word' id='word_1_578' title='bbox 921 4938 1063 4992; x_wconf 89' lang='lat' dir='ltr'><strong>enim</strong></span> <span class='ocrx_word' id='word_1_579' title='bbox 1088 4939 1344 4993; x_wconf 88' lang='lat' dir='ltr'><strong>adversus</strong></span> <span class='ocrx_word' id='word_1_580' title='bbox 1367 4941 1530 4994; x_wconf 88' lang='lat' dir='ltr'><strong>Deum</strong></span> <span class='ocrx_word' id='word_1_581' title='bbox 1559 4941 1880 4996; x_wconf 88' lang='lat' dir='ltr'><strong>contendant</strong></span> <span class='ocrx_word' id='word_1_582' title='bbox 1901 4956 1963 4994; x_wconf 90' lang='lat' dir='ltr'><strong>ac</strong></span> <span class='ocrx_word' id='word_1_583' title='bbox 1985 4941 2104 5010; x_wconf 88' lang='lat' dir='ltr'><strong>Spi-</strong></span> 
     </span>
    </p>
   </div>
   <div class='ocr_carea' id='block_1_79' title="bbox 509 5025 2102 5093">
    <p class='ocr_par' dir='ltr' id='par_1_79' title="bbox 509 5025 2102 5093">
     <span class='ocr_line' id='line_1_79' title="bbox 509 5025 2102 5093; baseline 0.004 -14"><span class='ocrx_word' id='word_1_584' title='bbox 509 5025 632 5080; x_wconf 87' lang='lat' dir='ltr'><strong>ritui</strong></span> <span class='ocrx_word' id='word_1_585' title='bbox 664 5037 849 5082; x_wconf 91' lang='lat' dir='ltr'><strong>sancto</strong></span> <span class='ocrx_word' id='word_1_586' title='bbox 880 5029 1128 5083; x_wconf 90' lang='lat' dir='ltr'><strong>resistant</strong></span> <span class='ocrx_word' id='word_1_587' title='bbox 1147 5071 1160 5093; x_wconf 97' lang='lat'><strong>,</strong></span> <span class='ocrx_word' id='word_1_588' title='bbox 1189 5045 1285 5084; x_wconf 91' lang='lat' dir='ltr'><strong>cur</strong></span> <span class='ocrx_word' id='word_1_589' title='bbox 1315 5047 1421 5084; x_wconf 88' lang='lat' dir='ltr'><strong>non</strong></span> <span class='ocrx_word' id='word_1_590' title='bbox 1454 5033 1610 5086; x_wconf 87' lang='lat' dir='ltr'><strong>talem</strong></span> <span class='ocrx_word' id='word_1_591' title='bbox 1637 5032 1703 5086; x_wconf 92' lang='lat' dir='ltr'><strong>de</strong></span> <span class='ocrx_word' id='word_1_592' title='bbox 1733 5034 1837 5087; x_wconf 87' lang='lat' dir='ltr'><strong>illis</strong></span> <span class='ocrx_word' id='word_1_593' title='bbox 1865 5031 2102 5088; x_wconf 84' lang='lat' dir='ltr'><strong>feramus</strong></span> 
     </span>
    </p>
   </div>
   <div class='ocr_carea' id='block_1_80' title="bbox 507 5118 2101 5184">
    <p class='ocr_par' dir='ltr' id='par_1_80' title="bbox 507 5118 2101 5184">
     <span class='ocr_line' id='line_1_80' title="bbox 507 5118 2101 5184; baseline 0.004 -15"><span class='ocrx_word' id='word_1_594' title='bbox 507 5118 867 5172; x_wconf 88' lang='lat' dir='ltr'><strong>sententiam?</strong></span> <span class='ocrx_word' id='word_1_595' title='bbox 894 5119 1022 5174; x_wconf 86' lang='lat' dir='ltr'><strong>Erat</strong></span> <span class='ocrx_word' id='word_1_596' title='bbox 1058 5120 1183 5174; x_wconf 92' lang='lat' dir='ltr'><strong>olim</strong></span> <span class='ocrx_word' id='word_1_597' title='bbox 1227 5119 1328 5176; x_wconf 90' lang='lat' dir='ltr'><strong>hoc</strong></span> <span class='ocrx_word' id='word_1_598' title='bbox 1366 5119 1559 5175; x_wconf 89' lang='lat' dir='ltr'><strong>festum</strong></span> <span class='ocrx_word' id='word_1_599' title='bbox 1603 5122 1909 5177; x_wconf 87' lang='lat' dir='ltr'><strong>venerabile</strong></span> <span class='ocrx_word' id='word_1_600' title='bbox 1933 5163 1948 5184; x_wconf 93' lang='lat'><strong>,</strong></span> <span class='ocrx_word' id='word_1_601' title='bbox 1980 5138 2101 5176; x_wconf 91' lang='lat' dir='ltr'><strong>eum</strong></span> 
     </span>
    </p>
   </div>
   <div class='ocr_carea' id='block_1_81' title="bbox 505 5207 2100 5284">
    <p class='ocr_par' dir='ltr' id='par_1_81' title="bbox 505 5207 2100 5284">
     <span class='ocr_line' id='line_1_81' title="bbox 505 5207 2100 5284; baseline 0.005 -24"><span class='ocrx_word' id='word_1_602' title='bbox 505 5207 652 5278; x_wconf 85' lang='lat' dir='ltr'><strong>juxta</strong></span> <span class='ocrx_word' id='word_1_603' title='bbox 695 5209 866 5280; x_wconf 81' lang='lat' dir='ltr'><strong>legem</strong></span> <span class='ocrx_word' id='word_1_604' title='bbox 906 5211 1090 5273; x_wconf 81' lang='lat' dir='ltr'><strong>fieret,</strong></span> <span class='ocrx_word' id='word_1_605' title='bbox 1135 5212 1334 5282; x_wconf 88' lang='lat' dir='ltr'><strong>Deique</strong></span> <span class='ocrx_word' id='word_1_606' title='bbox 1366 5213 1555 5284; x_wconf 91' lang='lat' dir='ltr'><strong>jussu;</strong></span> <span class='ocrx_word' id='word_1_607' title='bbox 1602 5229 1743 5268; x_wconf 89' lang='lat' dir='ltr'><strong>nunc</strong></span> <span class='ocrx_word' id='word_1_608' title='bbox 1777 5225 1955 5269; x_wconf 89' lang='lat' dir='ltr'><strong>autem</strong></span> <span class='ocrx_word' id='word_1_609' title='bbox 1997 5231 2100 5268; x_wconf 91' lang='lat' dir='ltr'><strong>non</strong></span> 
     </span>
    </p>
   </div>
   <div class='ocr_carea' id='block_1_82' title="bbox 511 5301 2102 5375">
    <p class='ocr_par' dir='ltr' id='par_1_82' title="bbox 511 5301 2102 5375">
     <span class='ocr_line' id='line_1_82' title="bbox 511 5301 2102 5375; baseline 0.004 -23"><span class='ocrx_word' id='word_1_610' title='bbox 511 5301 776 5372; x_wconf 89' lang='lat' dir='ltr'><strong>amplius;</strong></span> <span class='ocrx_word' id='word_1_611' title='bbox 801 5317 922 5356; x_wconf 89' lang='lat' dir='ltr'><strong>nam</strong></span> <span class='ocrx_word' id='word_1_612' title='bbox 955 5311 1058 5357; x_wconf 92' lang='lat' dir='ltr'><strong>tota</strong></span> <span class='ocrx_word' id='word_1_613' title='bbox 1089 5303 1227 5357; x_wconf 90' lang='lat' dir='ltr'><strong>illius</strong></span> <span class='ocrx_word' id='word_1_614' title='bbox 1254 5303 1483 5375; x_wconf 81' lang='lat' dir='ltr'><strong>dignitas</strong></span> <span class='ocrx_word' id='word_1_615' title='bbox 1509 5305 1718 5359; x_wconf 90' lang='lat' dir='ltr'><strong>sublata</strong></span> <span class='ocrx_word' id='word_1_616' title='bbox 1744 5312 1847 5370; x_wconf 89' lang='lat' dir='ltr'><strong>est,</strong></span> <span class='ocrx_word' id='word_1_617' title='bbox 1871 5319 1936 5358; x_wconf 92' lang='lat' dir='ltr'><strong>eo</strong></span> <span class='ocrx_word' id='word_1_618' title='bbox 1961 5305 2102 5373; x_wconf 90' lang='lat' dir='ltr'><strong>quod</strong></span> 
     </span>
    </p>
   </div>
   <div class='ocr_carea' id='block_1_83' title="bbox 509 5396 2101 5466">
    <p class='ocr_par' dir='ltr' id='par_1_83' title="bbox 509 5396 2101 5466">
     <span class='ocr_line' id='line_1_83' title="bbox 509 5396 2101 5466; baseline 0 -16"><span class='ocrx_word' id='word_1_619' title='bbox 509 5405 696 5451; x_wconf 87' lang='lat' dir='ltr'><strong>contra</strong></span> <span class='ocrx_word' id='word_1_620' title='bbox 731 5397 823 5451; x_wconf 91' lang='lat' dir='ltr'><strong>Dei</strong></span> <span class='ocrx_word' id='word_1_621' title='bbox 867 5406 1098 5450; x_wconf 78' lang='lat' dir='ltr'><strong>utentem</strong></span> <span class='ocrx_word' id='word_1_622' title='bbox 1140 5396 1457 5451; x_wconf 87' lang='lat' dir='ltr'><strong>celebratur.</strong></span> <span class='ocrx_word' id='word_1_623' title='bbox 1487 5396 1692 5466; x_wconf 83' lang='lat' dir='ltr'><strong>Quique</strong></span> <span class='ocrx_word' id='word_1_624' title='bbox 1724 5397 1955 5452; x_wconf 77' lang='lat' dir='ltr'><strong>maxime</strong></span> <span class='ocrx_word' id='word_1_625' title='bbox 1986 5397 2101 5450; x_wconf 88' lang='lat' dir='ltr'><strong>vio-</strong></span> 
     </span>
    </p>
   </div>
   <div class='ocr_carea' id='block_1_84' title="bbox 520 5488 2096 5558">
    <p class='ocr_par' dir='ltr' id='par_1_84' title="bbox 520 5488 2096 5558">
     <span class='ocr_line' id='line_1_84' title="bbox 520 5488 2096 5558; baseline 0.001 -17"><span class='ocrx_word' id='word_1_626' title='bbox 520 5488 632 5542; x_wconf 90' lang='lat' dir='ltr'><strong>lant</strong></span> <span class='ocrx_word' id='word_1_627' title='bbox 658 5488 826 5558; x_wconf 87' lang='lat' dir='ltr'><strong>legem</strong></span> <span class='ocrx_word' id='word_1_628' title='bbox 860 5489 1139 5558; x_wconf 86' lang='lat' dir='ltr'><strong>priscaque</strong></span> <span class='ocrx_word' id='word_1_629' title='bbox 1168 5488 1320 5556; x_wconf 87' lang='lat' dir='ltr'><strong>festa,</strong></span> <span class='ocrx_word' id='word_1_630' title='bbox 1355 5489 1389 5543; x_wconf 89' lang='lat' dir='ltr'><strong>ii</strong></span> <span class='ocrx_word' id='word_1_631' title='bbox 1417 5491 1652 5546; x_wconf 79' lang='lat' dir='ltr'><strong>maxime</strong></span> <span class='ocrx_word' id='word_1_632' title='bbox 1681 5491 1915 5545; x_wconf 89' lang='lat' dir='ltr'><strong>omnium</strong></span> <span class='ocrx_word' id='word_1_633' title='bbox 1943 5501 2096 5553; x_wconf 89' lang='lat' dir='ltr'><strong>sunt,</strong></span> 
     </span>
    </p>
   </div>
   <div class='ocr_carea' id='block_1_85' title="bbox 506 5578 2100 5652">
    <p class='ocr_par' dir='ltr' id='par_1_85' title="bbox 506 5578 2100 5652">
     <span class='ocr_line' id='line_1_85' title="bbox 506 5578 2100 5652; baseline 0.004 -21"><span class='ocrx_word' id='word_1_634' title='bbox 506 5579 595 5646; x_wconf 90' lang='lat' dir='ltr'><strong>qui</strong></span> <span class='ocrx_word' id='word_1_635' title='bbox 624 5594 765 5633; x_wconf 91' lang='lat' dir='ltr'><strong>nunc</strong></span> <span class='ocrx_word' id='word_1_636' title='bbox 797 5578 1041 5634; x_wconf 90' lang='lat' dir='ltr'><strong>videntur</strong></span> <span class='ocrx_word' id='word_1_637' title='bbox 1067 5594 1129 5632; x_wconf 90' lang='lat' dir='ltr'><strong>ea</strong></span> <span class='ocrx_word' id='word_1_638' title='bbox 1151 5580 1440 5635; x_wconf 88' lang='lat' dir='ltr'><strong>celebrare.</strong></span> <span class='ocrx_word' id='word_1_639' title='bbox 1465 5581 1535 5634; x_wconf 87' lang='lat' dir='ltr'><strong>At</strong></span> <span class='ocrx_word' id='word_1_640' title='bbox 1556 5595 1653 5635; x_wconf 91' lang='lat' dir='ltr'><strong>nos</strong></span> <span class='ocrx_word' id='word_1_641' title='bbox 1672 5581 1901 5636; x_wconf 88' lang='lat' dir='ltr'><strong>maxime</strong></span> <span class='ocrx_word' id='word_1_642' title='bbox 1930 5583 2100 5652; x_wconf 84' lang='lat' dir='ltr'><strong>legem</strong></span> 
     </span>
    </p>
   </div>
   <div class='ocr_carea' id='block_1_86' title="bbox 509 5669 2099 5741">
    <p class='ocr_par' dir='ltr' id='par_1_86' title="bbox 509 5669 2099 5741">
     <span class='ocr_line' id='line_1_86' title="bbox 509 5669 2099 5741; baseline 0.006 -24"><span class='ocrx_word' id='word_1_643' title='bbox 509 5683 824 5725; x_wconf 86' lang='lat' dir='ltr'><strong>veneramur</strong></span> <span class='ocrx_word' id='word_1_644' title='bbox 842 5712 857 5735; x_wconf 87' lang='lat'><strong>,</strong></span> <span class='ocrx_word' id='word_1_645' title='bbox 889 5671 978 5741; x_wconf 87' lang='lat' dir='ltr'><strong>qni</strong></span> <span class='ocrx_word' id='word_1_646' title='bbox 1005 5687 1121 5725; x_wconf 87' lang='lat' dir='ltr'><strong>cam</strong></span> <span class='ocrx_word' id='word_1_647' title='bbox 1151 5671 1297 5725; x_wconf 91' lang='lat' dir='ltr'><strong>velut</strong></span> <span class='ocrx_word' id='word_1_648' title='bbox 1323 5669 1593 5726; x_wconf 84' lang='lat' dir='ltr'><strong>hominem</strong></span> <span class='ocrx_word' id='word_1_649' title='bbox 1621 5673 1770 5727; x_wconf 90' lang='lat' dir='ltr'><strong>senio</strong></span> <span class='ocrx_word' id='word_1_650' title='bbox 1799 5672 2099 5728; x_wconf 89' lang='lat' dir='ltr'><strong>confectum</strong></span> 
     </span>
    </p>
   </div>
   <div class='ocr_carea' id='block_1_87' title="bbox 507 5760 2097 5834">
    <p class='ocr_par' dir='ltr' id='par_1_87' title="bbox 507 5760 2097 5834">
     <span class='ocr_line' id='line_1_87' title="bbox 507 5760 2097 5834; baseline 0.003 -20"><span class='ocrx_word' id='word_1_651' title='bbox 507 5760 784 5829; x_wconf 89' lang='lat' dir='ltr'><strong>quiescere</strong></span> <span class='ocrx_word' id='word_1_652' title='bbox 807 5761 1056 5829; x_wconf 89' lang='lat' dir='ltr'><strong>sinimus,</strong></span> <span class='ocrx_word' id='word_1_653' title='bbox 1086 5777 1183 5817; x_wconf 89' lang='lat' dir='ltr'><strong>nec</strong></span> <span class='ocrx_word' id='word_1_654' title='bbox 1208 5763 1256 5816; x_wconf 91' lang='lat' dir='ltr'><strong>in</strong></span> <span class='ocrx_word' id='word_1_655' title='bbox 1285 5761 1512 5818; x_wconf 88' lang='lat' dir='ltr'><strong>stadium</strong></span> <span class='ocrx_word' id='word_1_656' title='bbox 1546 5765 1925 5834; x_wconf 88' lang='lat' dir='ltr'><strong>protrahimus,</strong></span> <span class='ocrx_word' id='word_1_657' title='bbox 1951 5773 2097 5834; x_wconf 90' lang='lat' dir='ltr'><strong>post-</strong></span> 
     </span>
    </p>
   </div>
   <div class='ocr_carea' id='block_1_88' title="bbox 2221 3376 3753 3448">
    <p class='ocr_par' dir='ltr' id='par_1_88' title="bbox 2221 3376 3753 3448">
     <span class='ocr_line' id='line_1_88' title="bbox 2221 3376 3753 3448; baseline -0.01 -14"><span class='ocrx_word' id='word_1_658' title='bbox 2221 3393 2446 3448; x_wconf 88' lang='lat' dir='ltr'><strong>eaquam</strong></span> <span class='ocrx_word' id='word_1_659' title='bbox 2479 3377 2732 3442; x_wconf 89' lang='lat' dir='ltr'><strong>incanuit,</strong></span> <span class='ocrx_word' id='word_1_660' title='bbox 2759 3391 2928 3446; x_wconf 90' lang='lat' dir='ltr'><strong>neque</strong></span> <span class='ocrx_word' id='word_1_661' title='bbox 2956 3376 3136 3431; x_wconf 87' lang='lat' dir='ltr'><strong>alieno</strong></span> <span class='ocrx_word' id='word_1_662' title='bbox 3163 3387 3409 3447; x_wconf 89' lang='lat' dir='ltr'><strong>tempore</strong></span> <span class='ocrx_word' id='word_1_663' title='bbox 3433 3382 3622 3429; x_wconf 88' lang='lat' dir='ltr'><strong>certare</strong></span> <span class='ocrx_word' id='word_1_664' title='bbox 3640 3381 3753 3422; x_wconf 84' lang='lat' dir='ltr'><strong>com—</strong></span> 
     </span>
    </p>
   </div>
   <div class='ocr_carea' id='block_1_89' title="bbox 2217 3467 3751 3540">
    <p class='ocr_par' dir='ltr' id='par_1_89' title="bbox 2217 3467 3751 3540">
     <span class='ocr_line' id='line_1_89' title="bbox 2217 3467 3751 3540; baseline -0.005 -16"><span class='ocrx_word' id='word_1_665' title='bbox 2217 3471 2481 3539; x_wconf 89' lang='lat' dir='ltr'><strong>pellimus.</strong></span> <span class='ocrx_word' id='word_1_666' title='bbox 2502 3469 2651 3523; x_wconf 87' lang='lat' dir='ltr'><strong>Nunc</strong></span> <span class='ocrx_word' id='word_1_667' title='bbox 2672 3470 2812 3524; x_wconf 90' lang='lat' dir='ltr'><strong>enim</strong></span> <span class='ocrx_word' id='word_1_668' title='bbox 2828 3483 3046 3524; x_wconf 71' lang='lat' dir='ltr'><strong>necesse</strong></span> <span class='ocrx_word' id='word_1_669' title='bbox 3062 3469 3193 3540; x_wconf 85' lang='lat' dir='ltr'><strong>legis</strong></span> <span class='ocrx_word' id='word_1_670' title='bbox 3213 3478 3424 3539; x_wconf 90' lang='lat' dir='ltr'><strong>tempus</strong></span> <span class='ocrx_word' id='word_1_671' title='bbox 3441 3509 3456 3530; x_wconf 89' lang='lat'><strong>,</strong></span> <span class='ocrx_word' id='word_1_672' title='bbox 3477 3480 3567 3520; x_wconf 91' lang='lat' dir='ltr'><strong>nec</strong></span> <span class='ocrx_word' id='word_1_673' title='bbox 3580 3467 3751 3515; x_wconf 59' lang='lat' dir='ltr'><strong>vetusut?</strong></span> 
     </span>
    </p>
   </div>
   <div class='ocr_carea' id='block_1_90' title="bbox 2215 3549 3749 3632">
    <p class='ocr_par' dir='ltr' id='par_1_90' title="bbox 2215 3549 3749 3632">
     <span class='ocr_line' id='line_1_90' title="bbox 2215 3549 3749 3632; baseline -0.007 -16"><span class='ocrx_word' id='word_1_674' title='bbox 2215 3562 2507 3632; x_wconf 87' lang='lat' dir='ltr'><strong>religionis,</strong></span> <span class='ocrx_word' id='word_1_675' title='bbox 2533 3561 2664 3617; x_wconf 91' lang='lat' dir='ltr'><strong>satis</strong></span> <span class='ocrx_word' id='word_1_676' title='bbox 2684 3571 2808 3616; x_wconf 90' lang='lat' dir='ltr'><strong>ante</strong></span> <span class='ocrx_word' id='word_1_677' title='bbox 2826 3561 3313 3617; x_wconf 86' lang='lat' dir='ltr'><strong>demonstravimus</strong></span> <span class='ocrx_word' id='word_1_678' title='bbox 3336 3578 3349 3615; x_wconf 92' lang='lat'><strong>:</strong></span> <span class='ocrx_word' id='word_1_679' title='bbox 3375 3577 3470 3631; x_wconf 80' lang='lat' dir='ltr'><strong>age</strong></span> <span class='ocrx_word' id='word_1_680' title='bbox 3486 3558 3627 3627; x_wconf 87' lang='lat' dir='ltr'><strong>igitur</strong></span> <span class='ocrx_word' id='word_1_681' title='bbox 3639 3549 3749 3620; x_wconf 78' lang='lat' dir='ltr'><strong>quod</strong></span> 
     </span>
    </p>
   </div>
   <div class='ocr_carea' id='block_1_91' title="bbox 2220 3652 3749 3722">
    <p class='ocr_par' dir='ltr' id='par_1_91' title="bbox 2220 3652 3749 3722">
     <span class='ocr_line' id='line_1_91' title="bbox 2220 3652 3749 3722; baseline -0.013 -15"><span class='ocrx_word' id='word_1_682' title='bbox 2220 3661 2469 3722; x_wconf 89' lang='lat' dir='ltr'><strong>superest</strong></span> <span class='ocrx_word' id='word_1_683' title='bbox 2493 3653 2650 3708; x_wconf 90' lang='lat' dir='ltr'><strong>hodie</strong></span> <span class='ocrx_word' id='word_1_684' title='bbox 2675 3653 3022 3708; x_wconf 85' lang='lat' dir='ltr'><strong>excutiamus.</strong></span> <span class='ocrx_word' id='word_1_685' title='bbox 3045 3652 3184 3707; x_wconf 85' lang='lat' dir='ltr'><strong>Satis</strong></span> <span class='ocrx_word' id='word_1_686' title='bbox 3207 3653 3425 3722; x_wconf 89' lang='lat' dir='ltr'><strong>quidem</strong></span> <span class='ocrx_word' id='word_1_687' title='bbox 3448 3657 3570 3709; x_wconf 86' lang='lat' dir='ltr'><strong>erat,</strong></span> <span class='ocrx_word' id='word_1_688' title='bbox 3595 3653 3642 3697; x_wconf 88' lang='lat' dir='ltr'><strong>ut</strong></span> <span class='ocrx_word' id='word_1_689' title='bbox 3659 3654 3749 3693; x_wconf 86' lang='lat' dir='ltr'><strong>cum</strong></span> 
     </span>
    </p>
   </div>
   <div class='ocr_carea' id='block_1_92' title="bbox 2212 3736 3750 3817">
    <p class='ocr_par' dir='ltr' id='par_1_92' title="bbox 2212 3736 3750 3817">
     <span class='ocr_line' id='line_1_92' title="bbox 2212 3736 3750 3817; baseline -0.009 -18"><span class='ocrx_word' id='word_1_690' title='bbox 2212 3761 2279 3799; x_wconf 85' lang='lat' dir='ltr'><strong>ex</strong></span> <span class='ocrx_word' id='word_1_691' title='bbox 2323 3745 2598 3817; x_wconf 86' lang='lat' dir='ltr'><strong>prophetis</strong></span> <span class='ocrx_word' id='word_1_692' title='bbox 2639 3746 2885 3801; x_wconf 91' lang='lat' dir='ltr'><strong>omnibus</strong></span> <span class='ocrx_word' id='word_1_693' title='bbox 2937 3745 3396 3800; x_wconf 88' lang='lat' dir='ltr'><strong>demonstrassem</strong></span> <span class='ocrx_word' id='word_1_694' title='bbox 3421 3783 3436 3808; x_wconf 90' lang='lat'><strong>,</strong></span> <span class='ocrx_word' id='word_1_695' title='bbox 3479 3736 3607 3808; x_wconf 87' lang='lat' dir='ltr'><strong>quod</strong></span> <span class='ocrx_word' id='word_1_696' title='bbox 3645 3742 3750 3785; x_wconf 86' lang='lat' dir='ltr'><strong>nunc</strong></span> 
     </span>
    </p>
   </div>
   <div class='ocr_carea' id='block_1_93' title="bbox 2215 3820 3746 3909">
    <p class='ocr_par' dir='ltr' id='par_1_93' title="bbox 2215 3820 3746 3909">
     <span class='ocr_line' id='line_1_93' title="bbox 2215 3820 3746 3909; baseline -0.014 -17"><span class='ocrx_word' id='word_1_697' title='bbox 2215 3847 2367 3892; x_wconf 77' lang='lat' dir='ltr'><strong>extra</strong></span> <span class='ocrx_word' id='word_1_698' title='bbox 2391 3838 2775 3909; x_wconf 84' lang='lat' dir='ltr'><strong>Jerosolymam</strong></span> <span class='ocrx_word' id='word_1_699' title='bbox 2805 3838 2908 3891; x_wconf 88' lang='lat' dir='ltr'><strong>tale</strong></span> <span class='ocrx_word' id='word_1_700' title='bbox 2931 3837 3199 3907; x_wconf 91' lang='lat' dir='ltr'><strong>quippiam</strong></span> <span class='ocrx_word' id='word_1_701' title='bbox 3229 3836 3427 3899; x_wconf 86' lang='lat' dir='ltr'><strong>facere,</strong></span> <span class='ocrx_word' id='word_1_702' title='bbox 3451 3820 3746 3896; x_wconf 85' lang='lat' dir='ltr'><strong>transgressio</strong></span> 
     </span>
    </p>
   </div>
   <div class='ocr_carea' id='block_1_94' title="bbox 2212 3915 3748 3999">
    <p class='ocr_par' dir='ltr' id='par_1_94' title="bbox 2212 3915 3748 3999">
     <span class='ocr_line' id='line_1_94' title="bbox 2212 3915 3748 3999; baseline -0.012 -15"><span class='ocrx_word' id='word_1_703' title='bbox 2212 3930 2346 3999; x_wconf 83' lang='lat' dir='ltr'><strong>legis</strong></span> <span class='ocrx_word' id='word_1_704' title='bbox 2372 3930 2440 3984; x_wconf 90' lang='lat' dir='ltr'><strong>sit</strong></span> <span class='ocrx_word' id='word_1_705' title='bbox 2465 3941 2521 3984; x_wconf 90' lang='lat' dir='ltr'><strong>et</strong></span> <span class='ocrx_word' id='word_1_706' title='bbox 2556 3929 2823 3996; x_wconf 90' lang='lat' dir='ltr'><strong>impietas,</strong></span> <span class='ocrx_word' id='word_1_707' title='bbox 2849 3929 2994 3982; x_wconf 89' lang='lat' dir='ltr'><strong>omni</strong></span> <span class='ocrx_word' id='word_1_708' title='bbox 3024 3929 3205 3983; x_wconf 83' lang='lat' dir='ltr'><strong>labore</strong></span> <span class='ocrx_word' id='word_1_709' title='bbox 3233 3928 3456 3982; x_wconf 87' lang='lat' dir='ltr'><strong>levarcr.</strong></span> <span class='ocrx_word' id='word_1_710' title='bbox 3482 3921 3602 3976; x_wconf 89' lang='lat' dir='ltr'><strong>Nam</strong></span> <span class='ocrx_word' id='word_1_711' title='bbox 3623 3915 3660 3969; x_wconf 91' lang='lat' dir='ltr'><strong>si</strong></span> <span class='ocrx_word' id='word_1_712' title='bbox 3683 3924 3748 3962; x_wconf 74' lang='lat' dir='ltr'><strong>ve-</strong></span> 
     </span>
    </p>
   </div>
   <div class='ocr_carea' id='block_1_95' title="bbox 2213 4006 3744 4090">
    <p class='ocr_par' dir='ltr' id='par_1_95' title="bbox 2213 4006 3744 4090">
     <span class='ocr_line' id='line_1_95' title="bbox 2213 4006 3744 4090; baseline -0.007 -17"><span class='ocrx_word' id='word_1_713' title='bbox 2213 4036 2328 4074; x_wconf 92' lang='lat' dir='ltr'><strong>rum</strong></span> <span class='ocrx_word' id='word_1_714' title='bbox 2348 4029 2510 4086; x_wconf 90' lang='lat' dir='ltr'><strong>esset,</strong></span> <span class='ocrx_word' id='word_1_715' title='bbox 2536 4019 2677 4090; x_wconf 91' lang='lat' dir='ltr'><strong>quod</strong></span> <span class='ocrx_word' id='word_1_716' title='bbox 2693 4020 2776 4074; x_wconf 90' lang='lat' dir='ltr'><strong>isti</strong></span> <span class='ocrx_word' id='word_1_717' title='bbox 2790 4035 3003 4088; x_wconf 89' lang='lat' dir='ltr'><strong>semper</strong></span> <span class='ocrx_word' id='word_1_718' title='bbox 3021 4019 3212 4089; x_wconf 90' lang='lat' dir='ltr'><strong>ubique</strong></span> <span class='ocrx_word' id='word_1_719' title='bbox 3223 4018 3483 4087; x_wconf 86' lang='lat' dir='ltr'><strong>jactantes</strong></span> <span class='ocrx_word' id='word_1_720' title='bbox 3499 4006 3744 4065; x_wconf 72' lang='lat' dir='ltr'><strong>mussitant.</strong></span> 
     </span>
    </p>
   </div>
   <div class='ocr_carea' id='block_1_96' title="bbox 2213 4094 3742 4179">
    <p class='ocr_par' dir='ltr' id='par_1_96' title="bbox 2213 4094 3742 4179">
     <span class='ocr_line' id='line_1_96' title="bbox 2213 4094 3742 4179; baseline -0.011 -15"><span class='ocrx_word' id='word_1_721' title='bbox 2213 4110 2444 4165; x_wconf 87' lang='lat' dir='ltr'><strong>futurum</strong></span> <span class='ocrx_word' id='word_1_722' title='bbox 2485 4121 2540 4166; x_wconf 92' lang='lat' dir='ltr'><strong>ut</strong></span> <span class='ocrx_word' id='word_1_723' title='bbox 2568 4111 2833 4165; x_wconf 85' lang='lat' dir='ltr'><strong>civitatem</strong></span> <span class='ocrx_word' id='word_1_724' title='bbox 2861 4110 3037 4165; x_wconf 89' lang='lat' dir='ltr'><strong>denuo</strong></span> <span class='ocrx_word' id='word_1_725' title='bbox 3064 4111 3367 4179; x_wconf 90' lang='lat' dir='ltr'><strong>recipiant,</strong></span> <span class='ocrx_word' id='word_1_726' title='bbox 3400 4121 3464 4161; x_wconf 91' lang='lat' dir='ltr'><strong>ne</strong></span> <span class='ocrx_word' id='word_1_727' title='bbox 3488 4105 3557 4159; x_wconf 88' lang='lat' dir='ltr'><strong>sic</strong></span> <span class='ocrx_word' id='word_1_728' title='bbox 3579 4094 3742 4169; x_wconf 87' lang='lat' dir='ltr'><strong>quidem</strong></span> 
     </span>
    </p>
   </div>
   <div class='ocr_carea' id='block_1_97' title="bbox 2211 4198 3738 4274">
    <p class='ocr_par' dir='ltr' id='par_1_97' title="bbox 2211 4198 3738 4274">
     <span class='ocr_line' id='line_1_97' title="bbox 2211 4198 3738 4274; baseline -0.01 -18"><span class='ocrx_word' id='word_1_729' title='bbox 2211 4206 2420 4274; x_wconf 87' lang='lat' dir='ltr'><strong>possint</strong></span> <span class='ocrx_word' id='word_1_730' title='bbox 2445 4221 2473 4258; x_wconf 91' lang='lat' dir='ltr'><strong>a</strong></span> <span class='ocrx_word' id='word_1_731' title='bbox 2505 4204 2713 4258; x_wconf 78' lang='lat' dir='ltr'><strong>violata:</strong></span> <span class='ocrx_word' id='word_1_732' title='bbox 2743 4204 2871 4272; x_wconf 81' lang='lat' dir='ltr'><strong>legis</strong></span> <span class='ocrx_word' id='word_1_733' title='bbox 2900 4204 3122 4258; x_wconf 87' lang='lat' dir='ltr'><strong>crimine</strong></span> <span class='ocrx_word' id='word_1_734' title='bbox 3151 4202 3366 4258; x_wconf 86' lang='lat' dir='ltr'><strong>liberari</strong></span> <span class='ocrx_word' id='word_1_735' title='bbox 3396 4217 3410 4253; x_wconf 90' lang='lat'><strong>:</strong></span> <span class='ocrx_word' id='word_1_736' title='bbox 3438 4207 3642 4251; x_wconf 89' lang='lat' dir='ltr'><strong>attamen</strong></span> <span class='ocrx_word' id='word_1_737' title='bbox 3666 4198 3738 4240; x_wconf 78' lang='lat' dir='ltr'><strong>nos</strong></span> 
     </span>
    </p>
   </div>
   <div class='ocr_carea' id='block_1_98' title="bbox 2211 4280 3740 4367">
    <p class='ocr_par' dir='ltr' id='par_1_98' title="bbox 2211 4280 3740 4367">
     <span class='ocr_line' id='line_1_98' title="bbox 2211 4280 3740 4367; baseline -0.011 -16"><span class='ocrx_word' id='word_1_738' title='bbox 2211 4313 2277 4352; x_wconf 83' lang='lat' dir='ltr'><strong>cx</strong></span> <span class='ocrx_word' id='word_1_739' title='bbox 2302 4297 2590 4352; x_wconf 88' lang='lat' dir='ltr'><strong>abundanti</strong></span> <span class='ocrx_word' id='word_1_740' title='bbox 2617 4296 2719 4351; x_wconf 88' lang='lat' dir='ltr'><strong>hoc</strong></span> <span class='ocrx_word' id='word_1_741' title='bbox 2749 4312 2960 4367; x_wconf 91' lang='lat' dir='ltr'><strong>quoque</strong></span> <span class='ocrx_word' id='word_1_742' title='bbox 2989 4295 3500 4355; x_wconf 83' lang='lat' dir='ltr'><strong>demonstravimus,</strong></span> <span class='ocrx_word' id='word_1_743' title='bbox 3526 4280 3645 4356; x_wconf 87' lang='lat' dir='ltr'><strong>quod</strong></span> <span class='ocrx_word' id='word_1_744' title='bbox 3669 4289 3740 4330; x_wconf 71' lang='lat' dir='ltr'><strong>nec</strong></span> 
     </span>
    </p>
   </div>
   <div class='ocr_carea' id='block_1_99' title="bbox 2210 4375 3737 4456">
    <p class='ocr_par' dir='ltr' id='par_1_99' title="bbox 2210 4375 3737 4456">
     <span class='ocr_line' id='line_1_99' title="bbox 2210 4375 3737 4456; baseline -0.016 -14"><span class='ocrx_word' id='word_1_745' title='bbox 2210 4389 2398 4442; x_wconf 88' lang='lat' dir='ltr'><strong>civitas</strong></span> <span class='ocrx_word' id='word_1_746' title='bbox 2423 4389 2492 4442; x_wconf 90' lang='lat' dir='ltr'><strong>sit</strong></span> <span class='ocrx_word' id='word_1_747' title='bbox 2520 4387 2883 4453; x_wconf 89' lang='lat' dir='ltr'><strong>instauranda,</strong></span> <span class='ocrx_word' id='word_1_748' title='bbox 2912 4402 3084 4456; x_wconf 90' lang='lat' dir='ltr'><strong>neque</strong></span> <span class='ocrx_word' id='word_1_749' title='bbox 3109 4387 3340 4456; x_wconf 89' lang='lat' dir='ltr'><strong>priscum</strong></span> <span class='ocrx_word' id='word_1_750' title='bbox 3368 4377 3640 4451; x_wconf 81' lang='lat' dir='ltr'><strong>reipublica:</strong></span> <span class='ocrx_word' id='word_1_751' title='bbox 3659 4375 3737 4420; x_wconf 85' lang='lat' dir='ltr'><strong>sta-</strong></span> 
     </span>
    </p>
   </div>
   <div class='ocr_carea' id='block_1_100' title="bbox 2211 4482 2778 4550">
    <p class='ocr_par' dir='ltr' id='par_1_100' title="bbox 2211 4482 2778 4550">
     <span class='ocr_line' id='line_1_100' title="bbox 2211 4482 2778 4550; baseline -0.004 -14"><span class='ocrx_word' id='word_1_752' title='bbox 2211 4492 2322 4536; x_wconf 91' lang='lat' dir='ltr'><strong>tum</strong></span> <span class='ocrx_word' id='word_1_753' title='bbox 2357 4483 2463 4536; x_wconf 90' lang='lat' dir='ltr'><strong>sint</strong></span> <span class='ocrx_word' id='word_1_754' title='bbox 2493 4482 2778 4550; x_wconf 89' lang='lat' dir='ltr'><strong>recepturi.</strong></span> 
     </span>
    </p>
   </div>
   <div class='ocr_carea' id='block_1_101' title="bbox 2279 4558 3731 4644">
    <p class='ocr_par' dir='ltr' id='par_1_101' title="bbox 2279 4558 3731 4644">
     <span class='ocr_line' id='line_1_101' title="bbox 2279 4558 3731 4644; baseline -0.017 -17"><span class='ocrx_word' id='word_1_755' title='bbox 2279 4573 2485 4628; x_wconf 69' lang='lat' dir='ltr'><strong>Iudaici</strong></span> <span class='ocrx_word' id='word_1_756' title='bbox 2517 4575 2642 4628; x_wconf 80' lang='lat' dir='ltr'><strong>ritus</strong></span> <span class='ocrx_word' id='word_1_757' title='bbox 2667 4573 2914 4644; x_wconf 85' lang='lat' dir='ltr'><strong>abrogati.</strong></span> <span class='ocrx_word' id='word_1_758' title='bbox 2937 4601 3008 4612; x_wconf 90' lang='lat'><strong>-—-</strong></span> <span class='ocrx_word' id='word_1_759' title='bbox 3030 4572 3139 4625; x_wconf 92' lang='lat' dir='ltr'><strong>lloc</strong></span> <span class='ocrx_word' id='word_1_760' title='bbox 3177 4578 3353 4625; x_wconf 86' lang='lat' dir='ltr'><strong>autem</strong></span> <span class='ocrx_word' id='word_1_761' title='bbox 3395 4558 3731 4619; x_wconf 76' lang='lat' dir='ltr'><strong>demonstrata.</strong></span> 
     </span>
    </p>
   </div>
   <div class='ocr_carea' id='block_1_102' title="bbox 2211 4647 3728 4737">
    <p class='ocr_par' dir='ltr' id='par_1_102' title="bbox 2211 4647 3728 4737">
     <span class='ocr_line' id='line_1_102' title="bbox 2211 4647 3728 4737; baseline -0.01 -15"><span class='ocrx_word' id='word_1_762' title='bbox 2211 4668 2410 4737; x_wconf 90' lang='lat' dir='ltr'><strong>reliqua</strong></span> <span class='ocrx_word' id='word_1_763' title='bbox 2441 4669 2617 4722; x_wconf 91' lang='lat' dir='ltr'><strong>omnia</strong></span> <span class='ocrx_word' id='word_1_764' title='bbox 2646 4668 2696 4720; x_wconf 91' lang='lat' dir='ltr'><strong>in</strong></span> <span class='ocrx_word' id='word_1_765' title='bbox 2726 4665 2972 4722; x_wconf 88' lang='lat' dir='ltr'><strong>confesso</strong></span> <span class='ocrx_word' id='word_1_766' title='bbox 2997 4673 3142 4728; x_wconf 88' lang='lat' dir='ltr'><strong>sunt,</strong></span> <span class='ocrx_word' id='word_1_767' title='bbox 3173 4662 3420 4718; x_wconf 89' lang='lat' dir='ltr'><strong>videlicet</strong></span> <span class='ocrx_word' id='word_1_768' title='bbox 3444 4647 3572 4724; x_wconf 83' lang='lat' dir='ltr'><strong>quod</strong></span> <span class='ocrx_word' id='word_1_769' title='bbox 3598 4649 3728 4737; x_wconf 45' lang='lat' dir='ltr'><strong>utfit&quot;?</strong></span> 
     </span>
    </p>
   </div>
   <div class='ocr_carea' id='block_1_103' title="bbox 2207 4733 3729 4828">
    <p class='ocr_par' dir='ltr' id='par_1_103' title="bbox 2207 4733 3729 4828">
     <span class='ocr_line' id='line_1_103' title="bbox 2207 4733 3729 4828; baseline -0.012 -14"><span class='ocrx_word' id='word_1_770' title='bbox 2207 4760 2592 4814; x_wconf 83' lang='lat' dir='ltr'><strong>sacrificiorum</strong></span> <span class='ocrx_word' id='word_1_771' title='bbox 2619 4759 2772 4824; x_wconf 85' lang='lat' dir='ltr'><strong>ritus,</strong></span> <span class='ocrx_word' id='word_1_772' title='bbox 2797 4771 2970 4826; x_wconf 89' lang='lat' dir='ltr'><strong>neque</strong></span> <span class='ocrx_word' id='word_1_773' title='bbox 2997 4755 3442 4811; x_wconf 89' lang='lat' dir='ltr'><strong>holocaustorum,</strong></span> <span class='ocrx_word' id='word_1_774' title='bbox 3468 4751 3618 4808; x_wconf 80' lang='lat' dir='ltr'><strong>neque</strong></span> <span class='ocrx_word' id='word_1_775' title='bbox 3635 4733 3729 4828; x_wconf 50' lang='lat' dir='ltr'><strong>leti!</strong></span> 
     </span>
    </p>
   </div>
   <div class='ocr_carea' id='block_1_104' title="bbox 2208 4826 3728 4922">
    <p class='ocr_par' dir='ltr' id='par_1_104' title="bbox 2208 4826 3728 4922">
     <span class='ocr_line' id='line_1_104' title="bbox 2208 4826 3728 4922; baseline -0.022 -15"><span class='ocrx_word' id='word_1_776' title='bbox 2208 4853 2288 4907; x_wconf 91' lang='lat' dir='ltr'><strong>vis</strong></span> <span class='ocrx_word' id='word_1_777' title='bbox 2311 4893 2324 4916; x_wconf 97' lang='lat'><strong>,</strong></span> <span class='ocrx_word' id='word_1_778' title='bbox 2359 4868 2462 4907; x_wconf 90' lang='lat' dir='ltr'><strong>nec</strong></span> <span class='ocrx_word' id='word_1_779' title='bbox 2484 4852 2598 4910; x_wconf 83' lang='lat' dir='ltr'><strong>alia,</strong></span> <span class='ocrx_word' id='word_1_780' title='bbox 2623 4865 2744 4922; x_wconf 90' lang='lat' dir='ltr'><strong>pars</strong></span> <span class='ocrx_word' id='word_1_781' title='bbox 2775 4851 2878 4904; x_wconf 93' lang='lat' dir='ltr'><strong>ulla</strong></span> <span class='ocrx_word' id='word_1_782' title='bbox 2906 4859 3075 4902; x_wconf 89' lang='lat' dir='ltr'><strong>status</strong></span> <span class='ocrx_word' id='word_1_783' title='bbox 3106 4848 3243 4901; x_wconf 88' lang='lat' dir='ltr'><strong>illius</strong></span> <span class='ocrx_word' id='word_1_784' title='bbox 3267 4842 3545 4900; x_wconf 88' lang='lat' dir='ltr'><strong>consistere</strong></span> <span class='ocrx_word' id='word_1_785' title='bbox 3564 4826 3728 4899; x_wconf 77' lang='lat' dir='ltr'><strong>potrrll-</strong></span> 
     </span>
    </p>
   </div>
   <div class='ocr_carea' id='block_1_105' title="bbox 2207 4925 3729 5017">
    <p class='ocr_par' dir='ltr' id='par_1_105' title="bbox 2207 4925 3729 5017">
     <span class='ocr_line' id='line_1_105' title="bbox 2207 4925 3729 5017; baseline -0.007 -17"><span class='ocrx_word' id='word_1_786' title='bbox 2207 4945 2442 5000; x_wconf 79' lang='lat' dir='ltr'><strong>Primum</strong></span> <span class='ocrx_word' id='word_1_787' title='bbox 2470 4945 2610 4999; x_wconf 89' lang='lat' dir='ltr'><strong>enim</strong></span> <span class='ocrx_word' id='word_1_788' title='bbox 2639 4942 2890 5014; x_wconf 62' lang='lat' dir='ltr'><strong>praecepit</strong></span> <span class='ocrx_word' id='word_1_789' title='bbox 2919 4942 3024 5007; x_wconf 85' lang='lat' dir='ltr'><strong>lex,</strong></span> <span class='ocrx_word' id='word_1_790' title='bbox 3054 4950 3112 4994; x_wconf 89' lang='lat' dir='ltr'><strong>ut</strong></span> <span class='ocrx_word' id='word_1_791' title='bbox 3143 4950 3223 4993; x_wconf 91' lang='lat' dir='ltr'><strong>ter</strong></span> <span class='ocrx_word' id='word_1_792' title='bbox 3254 4939 3307 4992; x_wconf 91' lang='lat' dir='ltr'><strong>in</strong></span> <span class='ocrx_word' id='word_1_793' title='bbox 3333 4947 3467 4989; x_wconf 89' lang='lat' dir='ltr'><strong>anno</strong></span> <span class='ocrx_word' id='word_1_794' title='bbox 3487 4932 3624 5017; x_wconf 47' lang='grc' dir='ltr'>οιιζιξθ</span> <span class='ocrx_word' id='word_1_795' title='bbox 3643 4925 3729 5017; x_wconf 43' lang='lat' dir='ltr'><strong>Ti&quot;</strong></span> 
     </span>
    </p>
   </div>
   <div class='ocr_carea' id='block_1_106' title="bbox 2209 5006 3728 5102">
    <p class='ocr_par' dir='ltr' id='par_1_106' title="bbox 2209 5006 3728 5102">
     <span class='ocr_line' id='line_1_106' title="bbox 2209 5006 3728 5102; baseline -0.011 -10"><span class='ocrx_word' id='word_1_796' title='bbox 2209 5037 2470 5092; x_wconf 84' lang='lat' dir='ltr'><strong>sculinum</strong></span> <span class='ocrx_word' id='word_1_797' title='bbox 2499 5006 2889 5090; x_wconf 56' lang='lat' dir='ltr'><strong>ascendet-etin</strong></span> <span class='ocrx_word' id='word_1_798' title='bbox 2923 5034 3171 5102; x_wconf 89' lang='lat' dir='ltr'><strong>templmn</strong></span> <span class='ocrx_word' id='word_1_799' title='bbox 3197 5028 3389 5100; x_wconf 74' lang='lat' dir='ltr'><strong>(Exod.</strong></span> <span class='ocrx_word' id='word_1_800' title='bbox 3413 5022 3494 5076; x_wconf 71' lang='lat'><strong>‘23.</strong></span> <span class='ocrx_word' id='word_1_801' title='bbox 3522 5012 3619 5077; x_wconf 80' lang='lat' dir='ltr'><strong>l7)-</strong></span> <span class='ocrx_word' id='word_1_802' title='bbox 3641 5006 3728 5056; x_wconf 60' lang='grc'><strong>0³³⁸</strong></span> 
     </span>
    </p>
   </div>
   <div class='ocr_carea' id='block_1_107' title="bbox 2207 5103 3726 5200">
    <p class='ocr_par' dir='ltr' id='par_1_107' title="bbox 2207 5103 3726 5200">
     <span class='ocr_line' id='line_1_107' title="bbox 2207 5103 3726 5200; baseline -0.015 -18"><span class='ocrx_word' id='word_1_803' title='bbox 2207 5137 2380 5182; x_wconf 87' lang='lat' dir='ltr'><strong>ternm</strong></span> <span class='ocrx_word' id='word_1_804' title='bbox 2411 5127 2617 5196; x_wconf 90' lang='lat' dir='ltr'><strong>dejecto</strong></span> <span class='ocrx_word' id='word_1_805' title='bbox 2659 5127 2856 5195; x_wconf 86' lang='lat' dir='ltr'><strong>templo</strong></span> <span class='ocrx_word' id='word_1_806' title='bbox 2884 5167 2898 5188; x_wconf 90' lang='lat'><strong>,</strong></span> <span class='ocrx_word' id='word_1_807' title='bbox 2927 5126 3031 5178; x_wconf 89' lang='lat' dir='ltr'><strong>hoc</strong></span> <span class='ocrx_word' id='word_1_808' title='bbox 3059 5123 3172 5178; x_wconf 83' lang='lat' dir='ltr'><strong>lieri</strong></span> <span class='ocrx_word' id='word_1_809' title='bbox 3201 5120 3394 5190; x_wconf 86' lang='lat' dir='ltr'><strong>nequit.</strong></span> <span class='ocrx_word' id='word_1_810' title='bbox 3425 5103 3726 5200; x_wconf 46' lang='lat' dir='ltr'><strong>Rursus‘lllii&#39;</strong></span> 
     </span>
    </p>
   </div>
   <div class='ocr_carea' id='block_1_108' title="bbox 2207 5186 3722 5288">
    <p class='ocr_par' dir='ltr' id='par_1_108' title="bbox 2207 5186 3722 5288">
     <span class='ocr_line' id='line_1_108' title="bbox 2207 5186 3722 5288; baseline -0.007 -14"><span class='ocrx_word' id='word_1_811' title='bbox 2207 5226 2443 5287; x_wconf 84' lang='lat' dir='ltr'><strong>ceperat,</strong></span> <span class='ocrx_word' id='word_1_812' title='bbox 2478 5227 2535 5271; x_wconf 89' lang='lat' dir='ltr'><strong>ut</strong></span> <span class='ocrx_word' id='word_1_813' title='bbox 2561 5217 2650 5287; x_wconf 92' lang='lat' dir='ltr'><strong>qui</strong></span> <span class='ocrx_word' id='word_1_814' title='bbox 2681 5217 2941 5288; x_wconf 82' lang='lat' dir='ltr'><strong>profluvio</strong></span> <span class='ocrx_word' id='word_1_815' title='bbox 2967 5215 3185 5269; x_wconf 87' lang='lat' dir='ltr'><strong>seminis</strong></span> <span class='ocrx_word' id='word_1_816' title='bbox 3216 5213 3485 5266; x_wconf 61' lang='lat' dir='ltr'><strong>laboraret.</strong></span> <span class='ocrx_word' id='word_1_817' title='bbox 3513 5191 3591 5265; x_wconf 65' lang='lat' dir='ltr'><strong>qui</strong></span> <span class='ocrx_word' id='word_1_818' title='bbox 3613 5186 3722 5288; x_wconf 46' lang='grc' dir='ltr'><strong>Ῑένξδ</strong></span> 
     </span>
    </p>
   </div>
   <div class='ocr_carea' id='block_1_109' title="bbox 2207 5285 3721 5376">
    <p class='ocr_par' dir='ltr' id='par_1_109' title="bbox 2207 5285 3721 5376">
     <span class='ocr_line' id='line_1_109' title="bbox 2207 5285 3721 5376; baseline -0.019 -13"><span class='ocrx_word' id='word_1_819' title='bbox 2207 5285 2603 5364; x_wconf 73' lang='lat' dir='ltr'><strong>contaminatus</strong></span> <span class='ocrx_word' id='word_1_820' title='bbox 2643 5285 2785 5362; x_wconf 73' lang='lat' dir='ltr'><strong>esset</strong></span> <span class='ocrx_word' id='word_1_821' title='bbox 2811 5349 2826 5373; x_wconf 87' lang='lat'><strong>,</strong></span> <span class='ocrx_word' id='word_1_822' title='bbox 2858 5322 2975 5376; x_wconf 70' lang='lat' dir='ltr'><strong>qua:</strong></span> <span class='ocrx_word' id='word_1_823' title='bbox 3005 5315 3277 5359; x_wconf 85' lang='lat' dir='ltr'><strong>menstruo</strong></span> <span class='ocrx_word' id='word_1_824' title='bbox 3312 5300 3442 5354; x_wconf 77' lang='lat' dir='ltr'><strong>ﬂuxu</strong></span> <span class='ocrx_word' id='word_1_825' title='bbox 3474 5285 3721 5376; x_wconf 27' lang='lat' dir='ltr'><strong>lettert-‘lllf-z</strong></span> 
     </span>
    </p>
   </div>
   <div class='ocr_carea' id='block_1_110' title="bbox 2205 5368 3719 5471">
    <p class='ocr_par' dir='ltr' id='par_1_110' title="bbox 2205 5368 3719 5471">
     <span class='ocr_line' id='line_1_110' title="bbox 2205 5368 3719 5471; baseline -0.031 1"><span class='ocrx_word' id='word_1_826' title='bbox 2205 5417 2323 5471; x_wconf 70' lang='grc' dir='ltr'>(ιυω</span> <span class='ocrx_word' id='word_1_827' title='bbox 2352 5401 2646 5470; x_wconf 73' lang='grc' dir='ltr'><strong>ρενθι·ῑεεει</strong></span> <span class='ocrx_word' id='word_1_828' title='bbox 2665 5441 2679 5462; x_wconf 83' lang='grc'>,</span> <span class='ocrx_word' id='word_1_829' title='bbox 2713 5368 2927 5452; x_wconf 68' lang='lat' dir='ltr'><strong>offerret</strong></span> <span class='ocrx_word' id='word_1_830' title='bbox 2951 5397 3208 5451; x_wconf 88' lang='lat' dir='ltr'><strong>sacrilicia</strong></span> <span class='ocrx_word' id='word_1_831' title='bbox 3237 5389 3426 5464; x_wconf 81' lang='lat' dir='ltr'><strong>(Lerit.</strong></span> <span class='ocrx_word' id='word_1_832' title='bbox 3463 5378 3517 5435; x_wconf 76' lang='lat'><strong>15</strong></span> <span class='ocrx_word' id='word_1_833' title='bbox 3539 5376 3572 5445; x_wconf 94' lang='grc'><strong>)-</strong></span> <span class='ocrx_word' id='word_1_834' title='bbox 3600 5368 3719 5471; x_wconf 37' lang='lat' dir='ltr'><strong>Alfi-ﬁ&quot;</strong></span> 
     </span>
    </p>
   </div>
   <div class='ocr_carea' id='block_1_111' title="bbox 2206 5450 3720 5561">
    <p class='ocr_par' dir='ltr' id='par_1_111' title="bbox 2206 5450 3720 5561">
     <span class='ocr_line' id='line_1_111' title="bbox 2210 5450 3254 5471; baseline -0.004 -17"><span class='ocrx_word' id='word_1_835' title='bbox 2210 5450 2320 5471; x_wconf 46' lang='grc' dir='ltr'><strong>ν--</strong></span> <span class='ocrx_word' id='word_1_836' title='bbox 2353 5450 2679 5470; x_wconf 41' lang='grc' dir='ltr'><strong>μνη-η,</strong></span> <span class='ocrx_word' id='word_1_837' title='bbox 3027 5450 3034 5451; x_wconf 62' lang='lat'><strong><em>,</em></strong></span> <span class='ocrx_word' id='word_1_838' title='bbox 3242 5450 3254 5464; x_wconf 62' lang='grc'><em>,</em></span> 
     </span>
     <span class='ocr_line' id='line_1_112' title="bbox 2206 5450 3720 5561; baseline -0.006 -15"><span class='ocrx_word' id='word_1_839' title='bbox 2206 5507 2306 5546; x_wconf 89' lang='lat' dir='ltr'><strong>nec</strong></span> <span class='ocrx_word' id='word_1_840' title='bbox 2335 5491 2437 5548; x_wconf 87' lang='lat' dir='ltr'><strong>hoc</strong></span> <span class='ocrx_word' id='word_1_841' title='bbox 2468 5490 2580 5545; x_wconf 81' lang='lat' dir='ltr'><strong>ﬁeri</strong></span> <span class='ocrx_word' id='word_1_842' title='bbox 2607 5502 2783 5561; x_wconf 87' lang='lat' dir='ltr'><strong>potest</strong></span> <span class='ocrx_word' id='word_1_843' title='bbox 2810 5533 2823 5554; x_wconf 93' lang='lat'><strong>,</strong></span> <span class='ocrx_word' id='word_1_844' title='bbox 2854 5505 2974 5544; x_wconf 90' lang='lat' dir='ltr'><strong>cum</strong></span> <span class='ocrx_word' id='word_1_845' title='bbox 3005 5489 3144 5544; x_wconf 89' lang='lat' dir='ltr'><strong>desit</strong></span> <span class='ocrx_word' id='word_1_846' title='bbox 3173 5487 3322 5541; x_wconf 90' lang='lat' dir='ltr'><strong>locus</strong></span> <span class='ocrx_word' id='word_1_847' title='bbox 3341 5521 3358 5547; x_wconf 88' lang='lat'><strong>,</strong></span> <span class='ocrx_word' id='word_1_848' title='bbox 3391 5466 3646 5561; x_wconf 55' lang='grc' dir='ltr'><strong>ηοοβξειίξί</strong></span> <span class='ocrx_word' id='word_1_849' title='bbox 3665 5450 3720 5561; x_wconf 35' lang='grc' dir='ltr'><strong>²Α¹’</strong></span> 
     </span>
    </p>
   </div>
   <div class='ocr_carea' id='block_1_112' title="bbox 2207 5551 3717 5659">
    <p class='ocr_par' dir='ltr' id='par_1_112' title="bbox 2207 5551 3717 5659">
     <span class='ocr_line' id='line_1_113' title="bbox 2207 5551 3717 5659; baseline -0.011 -21"><span class='ocrx_word' id='word_1_850' title='bbox 2207 5594 2344 5638; x_wconf 89' lang='lat' dir='ltr'><strong>tare.</strong></span> <span class='ocrx_word' id='word_1_851' title='bbox 2372 5584 2541 5640; x_wconf 85' lang='lat' dir='ltr'><strong>Jussit</strong></span> <span class='ocrx_word' id='word_1_852' title='bbox 2565 5584 2683 5638; x_wconf 72' lang='lat' dir='ltr'><strong>carri</strong></span> <span class='ocrx_word' id='word_1_853' title='bbox 2710 5599 2894 5638; x_wconf 87' lang='lat' dir='ltr'><strong>sacros</strong></span> <span class='ocrx_word' id='word_1_854' title='bbox 2921 5583 3168 5654; x_wconf 80' lang='lat' dir='ltr'><strong>hymnos,</strong></span> <span class='ocrx_word' id='word_1_855' title='bbox 3197 5589 3250 5636; x_wconf 92' lang='lat' dir='ltr'><strong>et</strong></span> <span class='ocrx_word' id='word_1_856' title='bbox 3275 5579 3371 5632; x_wconf 92' lang='lat' dir='ltr'><strong>hoc</strong></span> <span class='ocrx_word' id='word_1_857' title='bbox 3397 5574 3508 5659; x_wconf 74' lang='lat' dir='ltr'><strong>ante</strong></span> 
     </span>
    </p>
   </div>
   <div class='ocr_carea' id='block_1_113' title="bbox 2205 5641 3716 5744">
    <p class='ocr_par' dir='ltr' id='par_1_113' title="bbox 2205 5641 3716 5744">
     <span class='ocr_line' id='line_1_114' title="bbox 2205 5641 3716 5744; baseline 0.001 -17"><span class='ocrx_word' id='word_1_858' title='bbox 2205 5676 2378 5729; x_wconf 80' lang='lat' dir='ltr'><strong>vimus</strong></span> <span class='ocrx_word' id='word_1_859' title='bbox 2408 5685 2518 5728; x_wconf 90' lang='lat' dir='ltr'><strong>tum</strong></span> <span class='ocrx_word' id='word_1_860' title='bbox 2549 5674 2646 5728; x_wconf 87' lang='lat' dir='ltr'><strong>loci</strong></span> <span class='ocrx_word' id='word_1_861' title='bbox 2678 5675 2882 5729; x_wconf 88' lang='lat' dir='ltr'><strong>ratione</strong></span> <span class='ocrx_word' id='word_1_862' title='bbox 2912 5674 3080 5728; x_wconf 84' lang='lat' dir='ltr'><strong>vetari</strong></span> <span class='ocrx_word' id='word_1_863' title='bbox 3105 5715 3119 5738; x_wconf 91' lang='lat'><strong>,</strong></span> <span class='ocrx_word' id='word_1_864' title='bbox 3151 5681 3259 5727; x_wconf 91' lang='lat' dir='ltr'><strong>tum</strong></span> <span class='ocrx_word' id='word_1_865' title='bbox 3288 5684 3314 5721; x_wconf 89' lang='lat' dir='ltr'><strong>a</strong></span> <span class='ocrx_word' id='word_1_866' title='bbox 3341 5650 3585 5744; x_wconf 49' lang='lat' dir='ltr'><strong>praebe“?</strong></span> 
     </span>
    </p>
   </div>
   <div class='ocr_carea' id='block_1_114' title="bbox 2207 5732 3713 5834">
    <p class='ocr_par' dir='ltr' id='par_1_114' title="bbox 2207 5732 3713 5834">
     <span class='ocr_line' id='line_1_115' title="bbox 2207 5732 3713 5834; baseline -0.013 -14"><span class='ocrx_word' id='word_1_867' title='bbox 2207 5766 2318 5820; x_wconf 84' lang='lat' dir='ltr'><strong>nari</strong></span> <span class='ocrx_word' id='word_1_868' title='bbox 2346 5807 2362 5834; x_wconf 88' lang='lat'><strong>,</strong></span> <span class='ocrx_word' id='word_1_869' title='bbox 2412 5767 2783 5821; x_wconf 89' lang='lat' dir='ltr'><strong>accusantibus</strong></span> <span class='ocrx_word' id='word_1_870' title='bbox 2830 5766 2948 5821; x_wconf 90' lang='lat' dir='ltr'><strong>illos</strong></span> <span class='ocrx_word' id='word_1_871' title='bbox 2993 5779 3056 5820; x_wconf 85' lang='lat' dir='ltr'><strong>ac</strong></span> <span class='ocrx_word' id='word_1_872' title='bbox 3101 5761 3430 5821; x_wconf 84' lang='lat' dir='ltr'><strong>dicentibus.</strong></span> <span class='ocrx_word' id='word_1_873' title='bbox 3469 5737 3586 5817; x_wconf 68' lang='lat' dir='ltr'><strong>quod</strong></span> <span class='ocrx_word' id='word_1_874' title='bbox 3622 5732 3713 5783; x_wconf 60' lang='lat'><strong>“’&quot;5</strong></span> 
     </span>
    </p>
   </div>
  </div>
