3920 6410
238 419 375 475 915

236 535 409 599 τότε,
439 534 527 586 ὅτε
566 532 634 585 τά
668 533 937 603 χερου6“ιμ
974 527 1064 604 ἦν,
1094 532 1183 585 ὅτε
1220 532 1253 602 ἢ
1285 532 1537 597 κιϐωτὸς,
1578 531 1730 606 [661]
1761 535 1849 588 ὅτε

246 617 341 670 ἔτι
400 613 717 686 Πνεύματος
769 615 995 686 ἐπήνθει
1025 614 1202 685 χάρις,
1244 614 1338 669 νῦν
1365 614 1465 685 μὲν
1504 615 1716 683 ἔλεγεν,
1768 617 1847 670 ὅτι

264 696 639 767 Ἐποιήο-ατε
672 699 862 752 αὐτὸν
885 697 1195 767 σπήλαιον
1228 698 1497 765 λῃστῶν,
1528 698 1621 751 νῦν
1644 699 1701 752 δέ
1723 740 1736 764 ,
1768 700 1849 752 ὅτι

242 777 449 834 Οἶκον
478 781 786 849 ἐμπορίου,
811 780 899 834 διὰ
925 780 1028 843 τὰς
1056 778 1402 850 παρανομίας
1426 780 1605 834 αὐτῶν
1627 781 1722 834 καὶ
1751 783 1850 837 τὰς

250 862 579 934 μιαιφονίας
597 880 610 893 ·
643 861 739 915 νῦν
762 863 851 915 ὅτε
876 863 1075 926 αὐτοὺς
1108 865 1141 933 ἡ
1164 862 1258 915 τοῦ
1308 862 1626 933 Πνεύματος
1653 866 1819 932 ἐγκατ
1846 896 1853 907 -

238 946 417 1001 ἐλιπε
445 946 622 1017 χάρις,
642 946 736 998 καὶ
764 945 940 999 πάντα
971 947 1152 999 ἐκεῖνα
1181 945 1535 1017 ἀνῄρηταιτά
1563 948 1753 1017 σεμνά,
1771 948 1848 1019 τῷ

240 1028 385 1101 θεῷ
414 1028 839 1099 φιλονεικοῦντες
865 1042 912 1095 ι,
949 1030 1047 1100 τὴν
1081 1030 1395 1100 παράνομον
1428 1029 1633 1100 ταύτην
1661 1031 1847 1084 ἐπιτε-

242 1113 416 1166 λοῦσι
446 1113 721 1185 λατρείαν,
753 1114 804 1165 τί
830 1113 895 1166 ἄν
924 1130 1007 1176 τις
1032 1112 1346 1183 προσειπὼν
1391 1113 1492 1177 τάς
1525 1115 1845 1184 συναγωγάς

244 1196 444 1249 αὐτῶν
472 1197 499 1237 b
523 1237 539 1261 ,
576 1195 733 1261 ἀξίαν
784 1196 937 1250 ἔσται
980 1196 1231 1267 εὑρηκὼς
1266 1199 1614 1268 ἐπωνυμίαν;
1644 1198 1707 1250 Et
1736 1198 1845 1269 γὰρ

240 1280 385 1333 τότε
426 1281 689 1352 σπήλαιον
742 1280 955 1352 λῃστῶν
989 1277 1077 1352 ἦν,
1114 1281 1203 1333 ὅτε
1235 1280 1314 1333 ἔτι
1345 1282 1413 1335 τὰ
1446 1282 1546 1351 τῆς
1571 1281 1845 1346 πολιτείας

246 1362 507 1433 ἐκράτει,
530 1362 624 1416 νῦν
656 1362 758 1416 κᾶν
794 1366 1063 1433 πορνεῖον,
1099 1363 1201 1416 κᾶν
1250 1364 1598 1433 παρανομίας
1621 1365 1841 1435 χωρίον,

247 1445 369 1499 κᾶν
396 1446 665 1517 δαιμόνων
718 1446 1088 1515 καταγώγιον,
1132 1446 1236 1500 κᾶν
1279 1445 1526 1500 διαϐόλου
1563 1449 1843 1518 φρούριον,

246 1529 367 1583 κᾶν
387 1528 572 1599 ψυχῶν
604 1529 845 1601 ὄλεθρον,
874 1530 979 1583 κᾶν
1023 1530 1299 1593 ἀπωλείας
1335 1531 1553 1600 ἀπάσης
1599 1531 1842 1602 κρημνὸν

247 1614 359 1666 καὶ
388 1613 682 1685 βάραθρον,
715 1614 819 1668 κᾶν
848 1612 1134 1677 ὀτιοῦνττις
1160 1613 1431 1685 προσείπῃ
1456 1653 1470 1676 ,
1502 1613 1721 1667 ἔλαττον
1743 1615 1842 1684 τῆς

242 1696 417 1761 ἀξίας
436 1698 569 1769 ἐρεῖ.
604 1697 749 1751 Ναὸν
776 1697 1062 1768 ἐπιθυμεῖς
1094 1697 1250 1763 ίδεῖν;
1289 1697 1362 1767 μὴ
1398 1697 1608 1768 δράμῃς
1638 1699 1719 1761 είς
1743 1698 1841 1769 τὴν

249 1779 607 1852 συναγωγὴν,
637 1780 772 1834 ἀλλὰ
796 1780 954 1851 γενοῦ
980 1782 1045 1835 σὺ
1075 1781 1223 1844 ναός.
1256 1781 1393 1834 Ἕνα
1423 1780 1640 1834 καθεῖλε
1657 1782 1784 1836 ναὸν
1811 1784 1840 1835 ό

240 1864 394 1927 Θεὸς
417 1866 474 1917 ἐν
501 1864 761 1936 Ἰεροσολύ
770 1882 911 1935 μοις,
937 1865 1033 1918 καὶ
1063 1863 1290 1935 μυρίους
1311 1863 1605 1933 ἀνέστησεν
1630 1866 1838 1918 ἐκείνου

248 1946 443 2017 πολλῷ
493 1947 879 2019 σεμνοτέρους’
940 1947 1136 2016 Ὑμεῖς
1181 1947 1292 2018 γὰρ
1332 1947 1478 2012 ναὸς
1522 1947 1669 2000 Θεοῦ
1703 1948 1844 2002 ἐστε

246 2028 497 2096 ζῶντος,
525 2030 678 2101 φησί.
714 2027 1072 2084 Καλλώπισον
1123 2030 1328 2099 ταύτην
1364 2030 1465 2100 τὴν
1505 2030 1702 2093 οἰκίαν,
1737 2031 1844 2082 ἀπο

240 2110 452 2165 έλασον
485 2112 659 2167 πάντα
677 2111 938 2182 λογισμὸν
976 2112 1233 2183 πονηρὸν,
1282 2112 1367 2164 ἵνα
1401 2111 1533 2183 γένῃ
1561 2111 1719 2182 μέλος
1747 2113 1839 2166 τοῦ

246 2192 498 2264 Χριστοῦ
526 2193 726 2264 τίμιον,
757 2195 843 2247 ἵνα
868 2193 1001 2268 γένῃ
1029 2196 1155 2259 ναὸς
1181 2194 1276 2247 τοῦ
1305 2194 1444 2247 Πνεύ
1457 2212 1625 2264 ματος
1644 2210 1657 2225 ⁸
1682 2195 1838 2264 ποίη-

247 2292 355 2328 σον
384 2277 480 2330 καὶ
527 2278 748 2349 ἐτέρους
787 2278 1083 2341 τοιούτους.
1136 2280 1247 2331 Καὶ
1290 2278 1543 2348 καθάπερ
1600 2278 1839 2347 πένητας

240 2358 494 2428 ὁρῶντες
524 2360 624 2412 οὐκ
653 2361 719 2413 ἂν
744 2361 1156 2432 παραδράμοιτε
1187 2360 1405 2432 ῥαδίως,
1437 2360 1579 2413 οὓτω
1609 2360 1705 2413 καὶ
1745 2358 1835 2414 τὸν

245 2443 353 2495 ἐπὶ
382 2443 482 2513 τήν
509 2447 832 2515 συναγωγὴν
862 2446 1123 2517 τρέχοντα
1152 2445 1365 2514 βλέπων
1387 2486 1403 2510 ,
1458 2443 1532 2515 μὴ
1578 2443 1833 2515 παρίδῃς,

246 2523 372 2576 ἀλλ’
404 2525 591 2595 ὥσπερ
623 2526 824 2597 χαλινῷ
851 2545 957 2581 τινι
993 2527 1070 2597 τῷ
1104 2528 1246 2598 λόγῳ
1292 2527 1579 2597 κατασχὼν
1621 2529 1700 2589 εἰς
1734 2526 1835 2597 τὴν

260 2606 597 2677 Ἐκκλησίαν
629 2610 963 2679 ἐπανάγαγε.
988 2610 1137 2678 Αῦτη
1166 2609 1365 2663 πλείων
1387 2610 1602 2680 ἐκείνης
1629 2609 1661 2679 ἡ
1693 2607 1841 2679 ἐλεη-

249 2690 485 2762 μοσύνη,
526 2692 622 2745 καὶ
646 2693 855 2763 μυρίων
885 2693 1166 2747 ταλάντων
1203 2691 1387 2763 μεῖζον
1417 2692 1478 2746 τὸ
1500 2689 1835 2763 κέρδος.Καὶ

311 2854 467 2923 ’.ΑίῙὶ
506 2860 673 2921 σεμνὰ,
697 2860 766 2922 τῷ
791 2862 899 2923 Θεῷ
932 2857 1351 2923 φειλονεικοῦντες,
1368 2862 1509 2908 notat
1530 2855 1699 2907 Montf.
1738 2855 1829 2917 qui

240 2919 676 2987 legiltperpefpm,
697 2919 845 2987 σεμνὰ
864 2919 951 2970 καί
963 2924 1032 2984 τῷ
1066 2924 1122 2969 Θ.
1151 2921 1281 2987 φίλα,
1304 2921 1390 2978 τήν
1408 2936 1463 2968 π.

315 2981 345 3031 .b
368 2982 523 3031 Deest
539 2981 694 3031 αὐτῶν
715 2981 765 3032 iri
788 2997 965 3033 novem
997 2981 1115 3032 inss.

1372 415 1739 472 ADVERSUS
1788 418 2101 476 ,ἰωὴ-1305.
2151 419 2262 475 VII.

3431 426 3534 484 916

1951 536 2003 588 τί
2033 536 2175 605 λέγω
2225 535 2438 608 μυρίων
2467 533 2778 598 ταλάντων;
2815 534 2906 585 καὶ
2935 530 3029 584 τοῦ
3084 532 3290 603 κόσμου
3332 536 3534 601 παντὸς

1950 618 2043 672 τοῦ
2064 617 2410 687 φαινομένου,
2441 616 2562 669 ἐπεὶ
2583 615 2677 669 καὶ
2707 617 2734 667 ὁ
2759 613 2854 667 ἄνθ
2863 632 3044 685 ρωπος
3064 614 3156 668 τοῦ
3178 615 3382 687 κόσμου
3403 636 3536 673 παν-
3586 618 3593 627 ’

1948 701 2039 765 τὸς
2068 699 2393 771 τιμιώτερος
2415 716 2428 730 '
2469 697 2558 752 διά
2590 697 2699 769 γάρ
2735 698 2897 752 αὐτὸν
2929 698 3022 750 καὶ
3063 698 3292 768 οὐρανὸς
3330 702 3424 755 καὶ
3461 704 3534 773 γῆ

1948 785 2043 838 καὶ
2080 784 2323 837 Θάλασσα
2351 782 2564 850 γέγονε,
2599 782 2692 834 καὶ
2717 780 2987 851 ἦλιοςκαὶ
3024 780 3274 852 ἀστέρες.
3319 782 3535 855 Ἐννόη-

1950 884 2042 920 σον
2068 866 2248 920 τοίνυν
2275 868 2336 919 τὸ
2358 865 2573 935 ἀξίωμα
2603 862 2696 916 τοῦ
2733 862 3038 934 σωζομένου
3063 906 3076 930 ,
3128 865 3224 918 καὶ
3262 865 3335 936 μὴ
3366 883 3537 931 κατα-

1948 952 2222 1021 φρονήσῃς
2247 949 2411 1002 αὑτοῦ
2443 949 2540 1019 τῆς
2561 947 2904 1016 ἐπιμελείας.
2938 947 3059 1000 Κάν
3100 946 3210 1018 γὰρ
3256 948 3428 1020 μυρία
3451 966 3535 1014 τις

1947 1033 2232 1105 καταϐάλῃ
2261 1034 2540 1104 χρήματα,
2568 1030 2718 1083 οὐδὲν
2733 1028 2973 1086 τοιοῦτον
3009 1030 3324 1102 ἐργάζεται,
3360 1033 3483 1085 ὅσον
3506 1036 3534 1086 ὃ

1946 1114 2123 1185 ψυχήν
2150 1114 2451 1180 διασώζων,
2470 1113 2564 1167 καὶ
2587 1113 2795 1183 πλάνης
2814 1113 3065 1181 ἀπάγων,
3098 1114 3193 1166 καὶ
3221 1114 3357 1184 πρὸς
3380 1116 3437 1168 εὖ
3448 1116 3534 1168 σέ-

1949 1197 2103 1250 ϐειαν
2124 1198 2502 1269 χειραγωγῶν.
2549 1198 2606 1249 '0
2629 1196 2818 1268 πένητι
2839 1196 2961 1258 δοὺς
2983 1196 3139 1265 λιμὸν
3163 1197 3251 1248 ἒλυ
3262 1214 3371 1261 σεν,
3389 1201 3416 1252 ό
3441 1198 3533 1254 τὸν

1961 1280 2314 1346 Ἰουδαΐζοντα
2336 1278 2630 1349 διορθώσας
2653 1279 2908 1332 ἀσέϐειαν
2934 1280 3136 1333 ἀνεῖλεν
3157 1297 3168 1309 ·
3205 1282 3408 1344 ἐκεῖνος
3432 1300 3532 1334 πε·-

1944 1364 2063 1418 νίαν
2088 1365 2539 1436 παρεμυθήσατο,
2556 1358 2709 1426 οὗτος
2739 1363 3083 1433 παρανομίαν
3103 1363 3329 1436 ἔστησεν
3351 1383 3362 1394 ·
3387 1367 3532 1418 ἐκεῖ-

1944 1464 2032 1509 νος
2050 1447 2111 1500 τὸ
2145 1448 2304 1519 σῶμα
2337 1446 2529 1516 ὀδύνης
2562 1444 2892 1517 ἀπήλλαξεν,
2928 1437 3081 1508 οὗτος
3103 1447 3195 1499 καὶ
3222 1447 3320 1518 τὴν
3351 1448 3527 1520 ψυχὴν

1942 1530 2044 1597 τῆς
2074 1530 2297 1601 γεέννης
2340 1530 2672 1600 ἐξήρπασεν.
2710 1527 2928 1592 Ἕδειξα
2976 1528 3068 1580 τὸν
3106 1527 3398 1599 θησαυρὸν,
3453 1532 3526 1602 μὴ

1943 1613 2186 1682 προδῶτε
2216 1614 2276 1666 τὸ
2298 1614 2509 1683 κέρδος.
2548 1612 2661 1664 Οῦκ
2696 1610 2841 1663 ἔστιν
2876 1610 3108 1665 ἐνταῦθα
3141 1612 3330 1665 πενίαν
3356 1614 3520 1667 αἰτιά-

1944 1695 2157 1760 σασθαι,
2197 1697 2299 1748 οὐκ
2342 1696 2458 1747 ἔστι
2493 1694 2765 1765 πτωχείαν
2808 1693 3212 1765 προϐαλέσθαι·
3264 1696 3527 1765 ῥημάτων

1941 1778 2088 1833 ἐστὶν
2116 1780 2151 1850 ἡ
2198 1778 2429 1850 δαπάνη,
2459 1778 2633 1846 λόγων
2664 1778 2780 1830 ἐστὶ
2806 1776 2868 1830 τὸ
2892 1776 3174 1848 ἀνάλωμα.
3219 1779 3311 1849 Μὴ
3349 1780 3527 1833 τοίνυν

1940 1862 2388 1933 κατοκνήσωμεν,
2441 1861 2579 1925 ἀλλ’,
2631 1863 2733 1931 ὅση
2784 1861 2985 1931 σπουδή
3024 1872 3047 1900 ο
3082 1864 3177 1916 καὶ
3227 1862 3524 1934 προθυμία,

1940 1948 2066 2010 τοὺς
2094 1945 2357 2015 ἀδελφοὺς
2384 1945 2738 2016 θηρεύσωμεν
2763 1945 2888 2009 τοὺς
2906 1945 3230 2016 ἡμετέρους,
3256 1947 3350 1999 καὶ
3367 1946 3528 2001 ἀκονι-

1942 2046 2041 2092 τας
2071 2032 2152 2092 εἰς
2179 2030 2280 2093 τὰς
2332 2029 2511 2093 οἰκίας
2542 2029 2641 2092 τὰς
2692 2028 2900 2081 ἐαυτῶν
2929 2028 3125 2091 αὐτοὺς
3177 2028 3526 2093 ἑλκύσαντες.

1941 2112 2165 2183 ἄριστον
2198 2111 2568 2182 παραϐῶμεν,
2596 2112 2691 2165 καὶ
2723 2110 3004 2185 τραπέζης
3040 2113 3225 2168 αὐτοῖς
3266 2114 3528 2182 κοινωνή-

1944 2214 2127 2267 σωμεν
2172 2198 2432 2268 σήμερον,
2468 2197 2554 2249 ἵνα
2584 2198 2672 2249 ἐπ’
2721 2196 2875 2267 ὄψεσι
2927 2199 3049 2259 ταῖς
3074 2198 3375 2268 ἡμετέραις
3427 2197 3525 2268 τὴν

1939 2279 2195 2348 νηστείαν
2219 2278 2499 2343 λύσαντες,
2529 2279 2622 2332 καὶ
2658 2278 3031 2350 πληροφορίαν
3066 2281 3197 2351 ἡμῖν
3224 2281 3315 2332 καὶ
3342 2280 3524 2334 πίστιν

1942 2361 2128 2432 ἱκανὴν
2154 2361 2529 2432 παρασχόντες
2561 2361 2662 2431 τῆς
2698 2361 2873 2432 καλῆς
2915 2361 3116 2433 ταύτης
3149 2361 3521 2432 διορθώσεως,

1938 2444 2032 2497 καὶ
2063 2445 2276 2507 ἑαυτοῖς
2303 2445 2397 2497 καὶ
2419 2445 2550 2515 ἡμῖν
2585 2444 2694 2497 τῶν
2725 2445 2961 2498 αἰωνίων
2991 2445 3214 2514 ἀγαθῶν
3256 2446 3523 2513 γένωνται

1937 2525 2208 2599 πρόξενοι,
2239 2527 2422 2598 χάριτι
2451 2528 2545 2580 καὶ
2581 2526 2964 2598 φιλανθρωπίᾳ
2995 2527 3090 2579 τοῦ
3118 2528 3324 2600 Κυρίου
3364 2528 3523 2600 ἡμῶν

1950 2608 2126 2678 Ἰησοῦ
2153 2610 2411 2680 Χριστοῦ,
2443 2610 2509 2663 δι’
2541 2604 2600 2663 οῦ
2632 2611 2725 2662 καὶ
2755 2610 2870 2680 μεθ’
2902 2605 2961 2664 οὗ
2987 2608 3066 2680 τῷ
3106 2611 3283 2682 Πατρὶ
3312 2613 3344 2682 ἡ
3371 2610 3520 2676 δόξα,

1939 2689 2057 2762 ἅμα
2084 2690 2162 2762 τῷ
2187 2692 2326 2760 ἁγίῳ
2375 2692 2687 2763 Πνεύματι,
2738 2691 2832 2745 νῦν
2887 2693 2981 2747 καὶ
3019 2693 3125 2757 ἀεὶ,
3168 2695 3261 2747 καὶ
3289 2696 3368 2758 είς
3395 2695 3522 2757 τοὺς

1941 2774 2142 2838 αἰῶνας
2168 2776 2275 2829 τῶν
2303 2775 2532 2829 αἰώνων.
2587 2776 2778 2847 Ἀμήν.

2005 2917 2153 2985 {snex
2181 2931 2294 2965 mss.
2319 2918 2470 2985 fma
2498 2919 2629 2985 πάσῃ
2676 2919 2876 2985 σπονδῇ.
2940 2918 3220 2985 (chebalur
3262 2933 3519 2984 perperam

1945 2978 2049 3028 ἀλλ’
2073 2980 2162 3042 ὅσῃ
2189 2980 2372 3041 σπουδῇ
2396 2981 2476 3027 καὶ
2496 2978 2768 3044 προθυμίᾳ.)

3424 3133 3465 3149 Ιᾶ

1312 3285 1611 3397 ΚΑΤΑ
1684 3284 2246 3397 ΙΟΥΔΑΙΩΝ.
2303 3280 2451 3352 {6021

792 3573 976 3641 Λόγος
1014 3573 1284 3641 ἕϐδομος.

316 3731 538 3808 α’ῘΑρα
558 3736 716 3808 κόρον
734 3735 954 3789 ἐλάϐετε
967 3737 1063 3807 τῆς
1089 3736 1225 3807 πρὸς
1252 3736 1536 3799 Ἰουδαίους
1563 3736 1739 3806 μάχης
1759 3738 1823 3809 ;ἢ

240 3820 502 3893 βούλεσθε
535 3821 628 3873 καὶ
651 3820 888 3890 σήμερον
913 3819 1009 3889 τῆς
1032 3819 1203 3888 αὐτῆς
1230 3818 1538 3882 ὑποθέσεως
1564 3819 1827 3890 ἁψώμεθα

242 3902 445 3968 πάλιν;
481 3902 544 3955 EE
576 3901 686 3972 γὰρ
741 3900 834 3953 καὶ
870 3901 1038 3973 πολλά
1075 3901 1144 3954 τά
1186 3900 1495 3973 ἔμπροσθεν
1538 3902 1825 3974 εἰρημένα,

242 3986 362 4040 ἀλλ’
391 3987 539 4057 ὅμως
563 3987 708 4057 ὑμᾶς
732 3983 1016 4054 ἐπιθυμεῖν
1033 3980 1185 4055 οἶμαι
1208 3986 1308 4055 τῆς
1322 3986 1491 4056 αὐτῆς
1510 3986 1828 4056 ἀκροάσεως

242 4068 430 4124 πάλιν.
470 4069 529 4121 '0
558 4068 666 4140 γὰρ
701 4068 796 4139 τῆς
827 4068 906 4131 εἰς
934 4067 1026 4119 τὸν
1052 4066 1287 4138 Χριστὸν
1311 4069 1531 4138 ἀγάπης
1561 4070 1660 4121 ούκ
1688 4068 1827 4139 ἕχωι

242 4153 431 4223 κόρον,
479 4151 598 4204 ούδέ
650 4152 747 4221 τῆς
793 4149 929 4221 πρὸς
959 4151 1083 4213 τοὺς
1117 4149 1414 4222 μισοῦντας
1445 4153 1606 4204 αὐτὸν
1647 4152 1827 4222 μάχης

240 4236 472 4307 λήψεται
496 4234 657 4305 κόρον
675 4233 825 4286 ποτέ.
853 4233 1035 4304 Χωρὶς
1063 4233 1119 4284 δὲ
1146 4233 1371 4298 τούτων,
1392 4233 1486 4285 καὶ
1501 4232 1676 4296 άλλως
1695 4236 1826 4305 ἡμῖν

242 4321 537 4386 ἀναγκαῖος
562 4309 757 4380 οὗτοςό
786 4316 969 4384 λόγος’
996 4315 1075 4367 ἐτι
1104 4314 1213 4386 γὰρ
1228 4315 1458 4384 λείψανα
1485 4315 1593 4369 τῶν
1621 4317 1825 4387 ἑορτῶν

238 4401 423 4457 αὐτῶν
452 4400 857 4469 ὑπολέλειπται.
905 4399 1043 4451 Ἀλλ’
1070 4397 1258 4470 ὥσπερ
1295 4398 1473 4452 αὐτῶν
1506 4401 1563 4452 αἱ
1597 4398 1826 4467 σάλπιγ-

240 4502 340 4556 γες
362 4484 470 4537 τῶν
497 4474 682 4546 ἐντοῖς
707 4482 955 4554 θεάτροις
974 4478 1112 4553 ἦσαν
1141 4480 1620 4554 παρανομώτεραι,
1646 4483 1739 4536 καὶ
1767 4483 1824 4536 αἱ

242 4566 487 4638 νηστεῖαί
530 4565 699 4637 μέθης
730 4564 821 4618 καὶ
851 4565 1035 4635 κώμου
1065 4563 1267 4627 παντὸς
1287 4559 1427 4635 ἦσαν
1450 4565 1821 4637 αἰσχρότεραι,

242 4649 383 4704 οῦτω
413 4649 506 4701 καὶ
544 4650 599 4700 αί
634 4648 829 4718 σκηναὶ
861 4649 917 4701 αἱ
937 4647 1032 4701 νῦν
1064 4649 1193 4719 παρ’
1226 4646 1408 4700 αὐτῶν
1453 4646 1819 4719 πηγνύμεναι,

241 4731 350 4785 τῶν
372 4730 700 4800 πανδοχείων
726 4730 831 4783 τῶν
866 4730 1071 4802 πόρνας
1101 4730 1333 4800 ἐχόντων
1358 4729 1454 4783 καὶ
1493 4730 1822 4802 αὐλητρίδας

241 4812 392 4868 οὐδὲν
421 4814 644 4883 ἄμεινον
667 4812 983 4866 διάκεινται.
1022 4813 1129 4866 Καὶ
1156 4813 1342 4884 μηδεὶς
1370 4813 1575 4883 τόλμαν
1601 4831 1825 4884 καταγι-

241 4896 494 4953 νωσκέτω
518 4895 612 4948 τοῦ
638 4896 798 4965 λόγου
816 4914 828 4926 ’
854 4896 1028 4967 τόλμα
1059 4897 1167 4967 γὰρ
1197 4895 1398 4966 ἐσχάτη
1443 4896 1537 4949 καὶ
1579 4914 1823 4969 παρανο-

244 4981 341 5052 μία
373 4981 432 5034 τὸ
460 4978 533 5051 μὴ
562 4979 733 5043 οῦτως
756 4979 1079 5032 ὑποπτεύειν
1101 4980 1229 5050 περὶ
1257 4980 1499 5034 ἐκείνων.
1527 4979 1697 5034 Ὅταν
1713 4981 1821 5053 γὰρ

237 5062 316 5135 τῷ
345 5064 465 5136 Θεῷ
516 5063 969 5133 φιλονεικοῦντες,
1012 5064 1107 5115 καὶ
1147 5062 1226 5133 τῷ
1254 5064 1530 5134 Πνεῦματι
1561 5063 1640 5134 τῷ
1678 5067 1820 5136 ἁγίῳ

238 5149 655 5211 ἀντιπίπτοντες
684 5148 988 5219 πράττωσι,
1021 5145 1139 5208 πῶς
1163 5147 1222 5197 οὐ
1252 5148 1359 5219 χρὴ
1401 5147 1657 5219 τοιαύτην
1691 5152 1820 5220 περὶ

195 5298 201 5305 μ
240 5233 415 5288 αὐτῶν
438 5228 619 5303 ψῆφον
647 5229 928 5301 ἐκφέρεινς
961 5225 1068 5281 ’Ἦν
1097 5245 1228 5281 ποτε
1260 5231 1431 5301 σεμνὴ
1469 5231 1607 5301 αῦτη
1639 5234 1818 5302 ήὲορ..

200 5372 211 5377 _
239 5318 325 5388 τὴ,
357 5314 445 5371 ὅτε
475 5316 617 5372 κατὰ
636 5317 798 5388 νόμον
816 5314 1045 5384 ἐγίνετο,
1075 5313 1280 5366 καὶτοῦ
1311 5314 1447 5366 Θεοῦ
1479 5313 1816 5378 κελεύοντος,

208 5406 216 5411 ’
239 5402 354 5458 νυνὶ
382 5401 437 5454 δὲ
465 5400 662 5454 οὐκέτι
683 5416 694 5429 ⁸
716 5400 777 5452 τὸ
804 5398 911 5469 γὰρ
938 5397 1155 5466 ἀξίωμα
1180 5396 1348 5467 αὐτῆς
1375 5390 1521 5451 ἅπαν
1546 5397 1816 5469 ἀνῄρηται

238 5484 315 5556 τῷ
344 5485 496 5556 παρὰ
526 5484 751 5555 γνώμην
773 5480 863 5534 τοῦ
892 5479 1026 5533 Θεοῦ
1058 5478 1322 5547 γίνεσθαι.
1350 5480 1459 5532 Καὶ
1496 5482 1543 5533 οί
1581 5482 1815 5551 μάλιστα

238 5568 658 5639 καθυϐρίζοντες
679 5567 772 5620 καὶ
796 5566 886 5618 τὸν
920 5564 1082 5633 νόμον
1103 5563 1196 5616 καί
1224 5562 1321 5625 τὰς
1366 5564 1557 5634 ἑορτὰς
1584 5564 1817 5641 vagam-

238 5653 418 5717 λαιᾶς.
452 5646 599 5706 οῦτοι
643 5651 877 5722 μάλιστα
922 5649 1141 5702 πάντων
1168 5644 1303 5698 εἰσὶν
1334 5646 1381 5699 οί
1403 5645 1686 5711 δοκοῦντες
1717 5649 1813 5703 νῦν

238 5736 499 5795 ἐπιτελεῖν
519 5752 532 5766 ·
564 5736 614 5788 οί
649 5735 707 5786 δὲ
748 5734 981 5804 μάλιστα
1010 5731 1102 5785 τὸν
1123 5730 1285 5800 νόμον
1322 5728 1588 5801 τιμῶντες
1629 5734 1811 5803 ἡμεῖς,

184 5828 193 5839 ’
244 5821 289 5873 οί
310 5819 559 5889 καθάπερ
589 5817 938 5887 γεγηρακότα
967 5815 1249 5886 ἄνθρωπον
1287 5813 1680 5881 ἀναπαύοντες,
1720 5822 1815 5872 καὶ

548 5930 823 5993 Ριτιιοι..
874 5933 990 5992 Gn.
1033 5935 1319 5998 XLVIII.

1851 3462 1920 3478 -

1934 3573 2033 3640 οὐχ
2082 3568 2334 3628 ἕλκοντες
2386 3567 2467 3628 είς
2512 3563 2581 3618 τὰ
2630 3562 2929 3635 σκάμματα
2965 3564 3105 3634 μετά
3150 3565 3247 3635 τὴν
3303 3569 3513 3631 πολιὰν,

1929 3653 2051 3707 οὐδέ
2068 3650 2219 3721 παρά
2236 3648 2426 3720 καιρὸν
2444 3647 2804 3713 ἀγωνίζεσθαι
2821 3648 3240 3717 ἀναγκάζοντες.
3264 3650 3384 3703 ’Ότι
3407 3651 3517 3723 γὰρ

1928 3737 2028 3789 οῦκ
2050 3734 2160 3786 ἐστι
2178 3732 2343 3802 νόμου
2365 3732 2555 3802 καιρὸς
2576 3730 2693 3797 νῦν,
2706 3729 2830 3784 οὔτε
2848 3734 2946 3803 τῆς
2963 3731 3197 3795 παλαιᾶς
3216 3731 3514 3799 πολιτείας,

1933 3817 2133 3881 ἱκανῶς
2162 3816 2260 3887 μὲν
2281 3815 2377 3869 καὶ
2397 3814 2710 3886 ἔμπροσθεν
2739 3815 3103 3886 ἀπεδείξαμεν
3122 3833 3136 3846 ο
3169 3816 3301 3888 φέρε
3337 3817 3398 3888 δὴ
3422 3821 3516 3873 καὶ

1928 3901 1996 3954 τά
2018 3899 2244 3969 λείψανα
2270 3915 2337 3966 γυ
2348 3899 2645 3969 μνάσωμεν
2666 3899 2732 3969 τή
2744 3915 2930 3971 μερον.
2958 3900 3158 3970 Ἤρκει
3190 3900 3286 3968 μὲν
3302 3896 3395 3955 οὖν
3410 3901 3463 3954 δε
3473 3902 3517 3954 ί-

1931 3983 2097 4049 ξαντα
2151 3981 2238 4035 διά
2259 3981 2369 4035 τῶν
2399 3981 2694 4053 προφητῶν
2733 3984 2989 4037 ἁπάντων
3012 4023 3028 4049 ,
3060 3984 3143 4037 ὅτι
3170 3983 3231 4036 τὸ
3264 3988 3437 4038 ποιεῖν
3459 4003 3514 4039 τι

1928 4066 2168 4121 τοιοῦτον
2195 4066 2300 4130 ἔξω
2334 4065 2441 4118 τῶν
2482 4065 2871 4137 Ἱεροσολύμων
2911 4066 3228 4137 παρανομία
3270 4068 3354 4132 τίς
3396 4070 3514 4125 ἐστι

1929 4151 2023 4203 καὶ
2050 4148 2277 4203 ἀσέϐεια
2300 4190 2314 4213 ,
2351 4148 2694 4218 ἀπηλλάχθαι
2746 4151 3109 4220 πραγμάτων.
3161 4150 3227 4203 Ei
3260 4151 3370 4221 γάρ
3419 4155 3516 4207 καὶ

1927 4231 2127 4304 ἀληθὲς
2156 4226 2243 4301 ἦν,
2278 4230 2307 4282 ὃ
2334 4230 2610 4306 πανταχοῦ
2645 4231 3025 4301 κομπάζοντες
3062 4232 3149 4285 ἀεὶ
3191 4233 3511 4303 ψιθυρίζου-

1927 4331 2032 4378 σιν,
2067 4315 2149 4367 ὅτι
2190 4313 2289 4384 τὴν
2322 4312 2478 4365 πόλιν
2534 4313 2906 4385 ἀπολήψονται
2956 4313 3139 4379 πάλιν,
3168 4315 3290 4368 οὐδὲ
3339 4315 3513 4381 οὕτως

1925 4396 2268 4467 ἀπηλλάχθαι
2311 4395 2421 4448 τῶν
2458 4395 2554 4465 τῆς
2600 4396 2946 4467 παρανομίας
2987 4397 3349 4469 ἐγκλημάτων
3389 4400 3511 4453 ἐδύ-

1924 4495 2103 4532 ναντο.
2134 4478 2280 4549 Πλὴν
2312 4478 2426 4532 ἀλλ’
2454 4480 2616 4549 ἡμεῖς
2642 4481 2706 4532 ἐκ
2724 4479 3041 4550 περιουσίας
3076 4481 3171 4534 καὶ
3200 4480 3358 4535 τοῦτο
3407 4483 3512 4535 ἀπ-

1924 4560 2227 4632 εδείξαμεν,
2255 4561 2333 4614 ὅτι
2365 4559 2489 4614 οὔτε
2518 4562 2880 4632 ἀναστήσεται
2914 4561 3100 4617 λοιπὸν
3129 4564 3358 4636 ἡπόλις,
3385 4563 3510 4617 οὔτε

2350 4644 2362 4663 Ι

1925 4643 2290 4715 ἀπολήψονται
2311 4644 2411 4715 τὴν
2439 4644 2647 4698 ἑαυτῶν
2673 4644 2965 4699 πολιτείαν.

1997 4827 2199 4880 Τούτου
2241 4828 2297 4881 δὲ
2351 4828 2795 4899 ἀποδειχθέντος,
2849 4829 2944 4881 καὶ
2992 4829 3061 4882 τά
3102 4830 3264 4883 λοιπά
3295 4830 3508 4884 ἅπαντα

1925 4910 2359 4981 συνωμολόγητο,
2395 4906 2504 4965 οἷον
2530 4912 2606 4975 ὡς
2635 4910 2758 4964 οὔτε
2794 4910 2986 4973 θυσίας
3028 4908 3193 4975 εἶδος,
3224 4911 3349 4964 οὔτε
3387 4912 3507 4965 ὀλο-

1924 4992 2271 5056 καυτώσεως,
2296 4994 2394 5065 οὐχ
2420 4996 2451 5065 ἠ
2484 4994 2575 5048 τοῦ
2598 4995 2762 5065 νόμου
2787 4993 3037 5064 δύναμις,
3069 4995 3170 5047 οὐκ
3188 4993 3315 5047 ἄλλο
3334 5011 3386 5047 τι
3406 4993 3507 5063 τῆς

1924 5075 2198 5139 πολιτείας
2229 5077 2445 5149 ἐκείνης
2472 5079 2661 5149 στῆναι
2685 5079 2991 5150 δυνήσεται.
3020 5077 3242 5147 Πρῶτον
3276 5078 3374 5148 μὲν
3398 5076 3507 5147 γὰρ

1922 5158 2208 5212 ἐκέλευσεν
2234 5160 2264 5211 ὀ
2305 5160 2468 5229 νόμος
2503 5162 2622 5232 τρὶς
2645 5161 2739 5214 τοῦ
2778 5161 3026 5215 ἐνιαυτοῦ
3076 5161 3182 5215 πᾶν
3220 5158 3506 5229 ἀρσενικὸν

1923 5243 2003 5304 εἰς
2039 5242 2130 5295 τὸν
2164 5243 2290 5297 ναὸν
2336 5244 2648 5297 ἀναϐαίνειν
2676 5262 2689 5275 ο
2723 5243 2816 5297 τοῦ
2840 5245 2897 5297 δὲ
2931 5243 3059 5298 ναοῦ
3085 5242 3501 5309 καταλυθέντος,

1923 5323 2184 5379 ἀδύνατον
2211 5324 2369 5379 τοῦτο
2395 5326 2668 5392 γενέσθαι.
2694 5327 2850 5381 Μετά
2867 5326 3041 5381 ταῦτα
3059 5327 3217 5380 πάλιν
3242 5326 3505 5379 ἐπέταττε

1920 5405 2010 5458 τὸν
2039 5408 2329 5478 γονοῤῥυῆ,
2356 5409 2447 5462 τὸν
2475 5410 2695 5481 λεπρὸν,
2724 5410 2823 5480 τὴν
2850 5412 2908 5462 ἐν
2930 5408 3291 5479 καταμηνίοις
3312 5408 3503 5475 γυναῖ-

1922 5504 2013 5546 κα.
2045 5487 2143 5558 τὴν
2181 5489 2343 5558 λεχῶ,
2374 5491 2565 5556 θυσίας
2588 5492 2883 5564 ἀναφέρειν
2902 5507 2915 5521 ·
2958 5491 3227 5546 καὶτοῦτο
3259 5491 3315 5545 δὲ
3340 5489 3503 5544 πάλιν

1920 5571 2202 5636 ἀδύνατον,
2233 5574 2331 5625 οὐκ
2357 5573 2507 5638 ὄντος
2534 5576 2627 5628 τοῦ
2660 5577 2850 5640 τόπου,
2882 5577 3001 5629 οῦδέ
3024 5575 3119 5629 τοῦ
3162 5573 3345 5644 βωμοῦ
3378 5590 3504 5642 φαι-

1890 5700 1893 5703 .
1920 5654 2165 5724 νομένου.
2212 5656 2527 5711 Ἐκέλευσεν
2560 5658 2708 5730 ᾅδειν
2742 5660 2920 5731 ἱεροὺς
2949 5658 3177 5729 θμνουςυ
3220 5656 3315 5712 καὶ
3345 5655 3503 5709 τοῦτο

1921 5734 2230 5807 ἔμπροσθεν
2268 5740 2630 5812 ἀπεδείξαμεν
2652 5743 2759 5795 ἀπὸ
2793 5741 2888 5796 τοῦ
2918 5744 3087 5795 τόπου
3130 5739 3499 5808 κωλυόμενον,

1922 5818 2016 5871 καὶ
2051 5821 2177 5883 τοὺς
2221 5824 2505 5894 προφήτας
2546 5825 2932 5893 ἐγκαλοῦντας,
2983 5825 3077 5878 καὶ
3115 5823 3373 5891 λέγοντας
3417 5819 3505 5876 ὅτι

3080 5937 3158 5998 25
