3958 6368
516 380 619 439 917

513 496 664 571 [305}
693 495 1005 563 ἀνέγνωσαν
1041 493 1143 558 ἔξω
1172 488 1356 564 νόμον,
1397 493 1490 545 καὶ
1534 490 1936 544 ἐπεκαλέσαντο
1966 492 2094 560 ὁμο-

509 581 716 649 λογίαν.
748 580 913 632 Ὅταν
951 582 1129 631 τοῖνυν
1177 578 1310 648 μηδὲ
1362 574 1833 644 ἀναγινώσκεσθαι
1871 574 2093 628 δυνατὸν

508 660 576 733 ἦν
600 663 692 717 τὸν
722 662 885 732 νόμον
927 660 1030 726 ἔξω
1063 660 1163 731 τῆς
1196 659 1422 724 πόλεως,
1474 657 1593 721 πῶς
1631 657 1793 711 αὑτὸν
1834 656 2094 727 πράττειν

510 747 616 814 ἔξω
638 748 738 816 τῆς
765 744 971 807 πόλεως
999 743 1223 797 δυνατόν
1244 761 1258 809 ;
1287 743 1388 795 Διὰ
1405 741 1535 811 γοῦν
1564 740 1722 795 τοῦτο
1738 740 1832 794 καὶ
1857 738 2083 794 ἀπειλῶι

508 831 693 892 αὐτοῖς
726 828 942 895 ἐλεγενο
986 828 1107 880 Οὐκ
1149 826 1555 896 ἐπισκέψομαι
1602 825 1711 891 τὰς
1766 822 2095 894 θυγατέρας

506 916 697 984 ὑμῶν,
729 915 873 969 ὅταν
890 913 1364 980 ἐκπορνεύσωσι,
1390 908 1610 975 καὶτὰς
1638 909 1880 978 νύμφας
1903 905 2090 976 ὑμῶν,

508 999 654 1055 ὅταν
687 999 1077 1069 μοιχεύσωσι.
1115 996 1181 1049 Τί
1239 995 1298 1048 δὲ
1333 994 1493 1047 τοῦτό
1538 995 1693 1056 ἐστι;
1743 992 1925 1062 Νόμον
1963 991 2092 1061 ὑμῖν

506 1084 775 1152 ἀναγνοὺς
809 1081 1057 1142 παλαιὸν,
1098 1080 1434 1150 σαφέστερον
1480 1077 1709 1147 ποιῆσαι
1738 1076 2090 1146 πειράσομαι.

506 1166 601 1230 Τίς
630 1162 722 1219 οὖν
754 1167 901 1218 ἐστιν
929 1165 957 1217 ό
981 1164 1145 1234 νόμος
1165 1179 1181 1230 ;
1223 1162 1364 1217 Ἐὰν
1379 1159 1617 1229 ,παραθῇ
1638 1158 1794 1229 γυνὴ
1816 1159 1965 1212 κατὰ
1984 1156 2093 1210 τοῦ

504 1249 723 1317 ἀνδρὸς
749 1246 962 1315 αὐτῆς,
989 1246 1086 1299 καί
1111 1244 1332 1315 παρίδῃ
1362 1243 1553 1298 αὑτὸν
1579 1242 1972 1311 ὑπεριδοῦσα,
1993 1240 2089 1294 καί

503 1329 761 1402 κοιμηθῇ
800 1348 891 1395 τις
929 1330 1057 1400 μετ’
1104 1327 1295 1397 αὐτῆς
1334 1327 1545 1394 κοίτην
1574 1325 1947 1395 σπέρματος,
1990 1323 2089 1402 καί

502 1400 656 1484 λάθῃ
678 1415 746 1479 ἐξ
774 1412 1101 1484 ὀφθαλμῶν
1125 1412 1231 1466 τοῦ
1266 1410 1507 1479 ἀνδρὸς,
1536 1408 1633 1463 καί
1655 1410 1885 1479 μάρτυς
1920 1406 2007 1476 μὴ
2050 1400 2093 1477 ᾖ

502 1498 630 1553 κατ’
652 1498 865 1567 αὐτῆς,
904 1497 1000 1551 καί
1021 1495 1108 1567 μὴ
1131 1491 1172 1567 ᾖ
1202 1493 1688 1563 συνειλημμένη,
1732 1491 1832 1545 καὶ
1864 1489 2090 1558 ἐπέλθῃ

502 1582 598 1635 ἐπ’
632 1579 794 1646 αὐτῷ
834 1580 1069 1650 πνεῦμα
1108 1577 1451 1646 ζηλώσεως,
1490 1575 1641 1645 αὕτη
1680 1575 1750 1629 δὲ
1790 1572 1877 1645 μὴ
1915 1569 1959 1646 ᾗ
1989 1591 2093 1643 με·

501 1665 821 1735 μιασμένη.
869 1665 932 1716 "0
954 1663 1011 1715 δὲ
1032 1662 1179 1730 λέγει
1207 1660 1445 1715 τοιοῦτόν
1479 1661 1657 1713 ἐστιν·
1709 1657 1832 1711 Ἐὰν
1873 1674 2092 1727 μοιχευ-

504 1748 571 1818 θῇ
592 1789 607 1813 ,
638 1752 791 1817 φησι,
822 1748 982 1817 γυνὴ,
1011 1746 1105 1799 καὶ
1136 1743 1457 1816 ὑποπτεύσῃ
1481 1743 1579 1814 τὴν
1611 1742 1859 1813 μοιχείαν
1877 1744 1906 1795 ό
1928 1742 2088 1813 ἀνὴρ,

500 1834 534 1902 ἢ
591 1832 666 1904 μὴ
720 1830 981 1902 μοιχευθῇ
1010 1868 1025 1894 ,
1078 1824 1233 1894 οὗτος
1286 1829 1343 1882 δέ
1384 1826 1753 1898 ⁸ὑποπτεύσῃ,
1800 1825 1895 1879 καὶ
1952 1826 2090 1896 μήτε

505 1917 717 1987 μάρτυς
753 1910 828 1987 ᾖ,
890 1914 1028 1984 μήτε
1075 1911 1274 1984 κύησις
1325 1910 1663 1981 ἐλέγχουσα,
1715 1908 1846 1972 ἄξει
1895 1906 2093 1974 αὐτὴν

502 1999 654 2065 πρὸς
671 1997 779 2050 τὸν
804 1996 963 2065 ίερέα
980 2035 996 2061 ,
1030 1994 1191 2066 φησί,
1220 1994 1319 2048 καὶ
1356 1993 1673 2061 προσοίσει
1696 1992 1762 2045 τὸ
1781 1988 1973 2060 δῶρον
1993 1991 2093 2043 αύ-

499 2080 614 2150 τῆς
640 2080 901 2148 ἄλευρον
924 2080 1212 2148 κρίθινον.
1248 2078 1314 2130 Τί
1341 2078 1537 2148 δήποτε
1563 2077 1624 2129 οὑ
1655 2074 1953 2146 σεμίδαλιν,
1991 2071 2091 2126 οὑκ

502 2164 732 2235 ἄλευρον
770 2161 967 2234 πυροῦ,
1001 2160 1139 2216 ἀλλά
1172 2160 1416 2232 κρίθινον
1438 2177 1452 2226 ;
1478 2157 1697 2228 Ἐπειδὴ
1739 2156 1934 2220 πένθος
1972 2157 2091 2210 ἐστὶ

503 2248 599 2300 καὶ
642 2245 987 2314 κατάγνωσις
1028 2244 1123 2299 καὶ
1158 2243 1361 2313 ὑποψία
1401 2242 1615 2314 πονηρά
1662 2241 1724 2294 τὸ
1781 2241 2086 2310 γινόμενον,

503 2331 755 2400 ἐμιμεῖτο
785 2328 884 2399 τὴν
911 2326 1197 2400 συμφορὰν
1220 2328 1319 2396 τῆς
1336 2324 1544 2389 οἰκείας
1575 2323 1765 2387 θυσίας
1794 2323 1855 2375 τὸ
1880 2323 2085 2392 σχῆμα·

502 2413 591 2467 διὰ
624 2413 732 2484 γὰρ
748 2412 905 2466 τοῦτό
924 2428 1089 2482 φησιν
1108 2428 1122 2442 ·
1143 2413 1265 2466 Οὐκ
1297 2409 1554 2480 ἐπιχεεῖς
1577 2407 1670 2462 ἐπ’
1684 2406 1831 2460 αὐτὸ
1856 2406 2085 2469 ἔλαιον,

504 2496 647 2550 οὐδὲ
677 2496 988 2563 ἐπιθήσεις
1008 2504 1029 2526 ⁸
1056 2495 1150 2549 ἐπ’
1180 2492 1329 2549 αὐτὸ
1353 2495 1625 2548 λίϐανον.
1662 2488 1806 2545 Εἶτα
1844 2488 1945 2557 (δεῖ
1977 2488 2087 2560 γὰρ

503 2582 807 2653 ἐπιτεμεῖν)
840 2582 939 2634 καί
970 2577 1262 2649 προσάξει
1302 2576 1497 2647 αὐτὴν
1530 2580 1563 2632 ὁ
1592 2575 1804 2644 ἱερεὺς,
1841 2572 1939 2627 καὶ
1973 2574 2088 2643 λή-

501 2669 679 2734 ψεται
730 2664 887 2731 ὕδωρ
918 2663 1180 2731 καθαρὸν
1226 2662 1298 2715 ἐν
1337 2661 1553 2729 ἀγγείῳ
1589 2660 1946 2726 ὀστρακίνῳ,
1988 2656 2088 2711 καί

503 2751 621 2804 ἀπὸ
644 2748 755 2817 τῆς
795 2747 909 2817 γῆς
953 2745 1060 2815 τῆς
1092 2747 1287 2815 οὔσης
1319 2746 1418 2800 ἐπὶ
1441 2745 1546 2799 τοῦ
1579 2743 1839 2813 ἐδάφους
1864 2740 2086 2809 λαϐὼν,

502 2832 846 2903 ἐμϐαλεῖείς
882 2829 950 2884 τὸ
980 2829 1157 2897 ὕδωρ,
1189 2829 1285 2882 καί
1314 2827 1532 2894 στήσει
1557 2826 1673 2894 τὴν
1699 2824 2087 2895 γυναῖκα,καί

503 2916 689 2985 όρκιεῐ
718 2914 932 2983 αὐτὴν,
970 2912 1067 2967 καὶ
1089 2911 1235 2981 ἐρεῖ·
1263 2914 1335 2966 El
1358 2910 1445 2981 μὴ
1478 2909 1741 2978 παρέϐης
1765 2906 2090 2978 μιανθῆναι

503 3000 653 3067 πρὸς
681 2998 789 3051 τὸν
820 2996 1009 3066 ἄνδρα
1030 2996 1138 3051 τὸν
1161 2994 1450 3064 σεαυτῆς,
1496 2992 1625 3048 σώα
1654 2994 1777 3047 ῖσθι
1810 2992 1930 3048 ἀπὸ
1979 2989 2089 3046 τοῦ

502 3083 726 3149 ὕδατος
758 3081 865 3135 τοῦ
898 3078 1156 3151 έλετμοῦ
1176 3093 1191 3108 °
1230 3081 1282 3133 εί
1305 3078 1375 3133 δὲ
1392 3076 1657 3146 παρέϐης
1706 3075 1804 3131 καί
1839 3075 2090 3146 μεμίαν-

502 3184 628 3236 σαι,
657 3168 755 3222 καί
785 3165 970 3220 ἐδωκέ
998 3183 1087 3231 τις
1107 3163 1223 3233 τὴν
1243 3163 1455 3233 κοίτην
1470 3163 1658 3217 αὑτοῦ
1679 3162 1749 3216 ἐν
1776 3162 1896 3226 σοὶ,
1921 3160 2090 3231 πλὴν

501 3254 611 3308 τοῦ
630 3252 851 3322 ἀνδρός
864 3265 1004 3318 σου,
1018 3249 1138 3320 δῴη
1150 3250 1370 3320 Κύριός
1389 3262 1463 3303 σε
1479 3249 1549 3303 ἐν
1560 3246 1677 3317 ἀρᾷ
1694 3246 1795 3301 καί
1812 3246 2090 3316 ἐνόρκιον

501 3338 572 3391 ἐν
580 3338 751 3407 μέσῳ
772 3335 880 3391 τοῦ
914 3335 1088 3390 λαοῦ.
1107 3334 1173 3387 Τί
1198 3334 1368 3398 ἐστιν,
1397 3333 1496 3387 Ἐν
1518 3331 1635 3402 ἀρᾷ
1650 3332 1748 3386 καί
1779 3331 2088 3400 ἐνόρκιον;

506 3421 850 3489 Ἵναλέγωσι’
876 3419 968 3492 Μὴ
991 3419 1221 3490 πάθοιμι
1242 3419 1318 3482 ὡς
1346 3417 1546 3471 ἔπαθεν
1570 3419 1605 3489 ἡ
1628 3417 1775 3469 δεῖνα
1801 3417 1959 3490 γυνή.
1985 3416 2090 3469 Ἐν

501 3502 586 3572 τῷ
613 3504 827 3559 δοῦναι
859 3504 1080 3573 Κύριον
1109 3501 1224 3572 τὴν
1265 3502 1506 3556 κοιλίαν
1535 3514 1653 3555 σου
1685 3499 2089 3571 ἐμπεπρισμέ-

496 3606 641 3658 ινην,
665 3588 763 3644 καί
787 3588 1197 3643 εἰσελεύσεται
1219 3587 1286 3640 τὸ
1305 3586 1463 3655 ὕδωρ
1478 3586 1542 3640 τὸ
1568 3585 2093 3654 ἐπικατηραμένον

494 3673 715 3743 ..τρῖσαι
744 3670 868 3741 τὴν
895 3670 1156 3742 γαστέρα
1195 3684 1334 3725 σου.
1367 3668 1478 3723 Καὶ
1510 3668 1636 3736 ἐρεῖ
1668 3670 1707 3738 ἠ
1742 3668 1897 3738 γυνή
1917 3686 1930 3699 ο
1974 3668 2089 3722 Γέ-

504 3775 692 3822 νοιτο,
743 3757 994 3826 γένοιτο.
1048 3754 1160 3809 Καὶ
1192 3753 1384 3819 ἔσται,
1443 3755 1551 3809 ἐὰν
1593 3749 1637 3825 ᾖ
1680 3754 2085 3824 μεμιασμένῃ,

505 3842 921 3895 εἰσελεύσεται
968 3839 1035 3893 τὸ
1089 3838 1247 3908 ὕδωρ
1276 3838 1383 3893 τοῦ
1429 3838 1709 3907 ἐλεγμοῦ,
1749 3836 1851 3892 καί
1883 3840 2089 3907 πρίσει

504 3926 621 3996 τὴν
653 3927 892 3981 κοιλίαν
919 3923 1132 3993 αὐτῆς,
1186 3922 1285 3976 καί
1330 3920 1503 3975 ἔσται
1532 3923 1571 3991 ἡ
1605 3920 1761 3991 γυνὴ
1794 3923 1882 3990 είς
1909 3923 2084 3993 ἀράν,

514 4013 660 4065 Ἐὰν
688 4008 757 4063 δὲ
798 4008 883 4079 μὴ
909 4006 1136 4078 μιανθῇ
1174 4008 1214 4076 ή
1262 4006 1441 4076 γυνὴ,
1471 4003 1633 4071 ὰθῴα
1656 4006 1830 4061 ἔσται
1862 4009 1961 4063 καὶ
1987 4011 2089 4065 ἐκο

503 4093 862 4164 σπερματιεῐ
912 4090 1172 4162 σπέρμα.
1234 4090 1386 4145 Ἐπεὶ
1436 4086 1531 4145 οὖν
1571 4091 1652 4154 εἰς
1708 4093 2087 4164 αἰχμαλωσίαν

503 4180 846 4235 ἀπελθόντων
874 4176 1084 4241 αὑτῶν,
1128 4176 1281 4230 οὐδὲν
1329 4175 1532 4230 τούτων
1563 4175 1817 4245 γενέσθαι
1862 4178 2087 4235 δυνατὸν

501 4261 590 4332 ἦν,
616 4262 739 4318 οὕτε
773 4263 867 4317 τοῦ
909 4259 1037 4316 ναοῦ
1073 4261 1249 4325 ὄντος,
1288 4258 1413 4314 οὔτε
1443 4259 1539 4313 τοῦ
1578 4260 1764 4332 βωμοῦ
1784 4303 1799 4329 ,
1830 4261 1955 4316 οὔτε
1984 4262 2088 4335 τῆς

505 4348 731 4418 σκηνῆς,
790 4345 915 4400 οὔτε
972 4346 1074 4417 τῆς
1128 4343 1316 4409 θυσίας
1350 4344 1785 4417 ἀναφερομένης,
1844 4347 2085 4403 ἀπειλῶν

503 4429 687 4499 ἔλεγεν
709 4445 721 4457 ·
761 4431 884 4483 Οὐκ
937 4425 1344 4497 ἐπισκέψομαι
1375 4429 1482 4494 τὰς
1520 4427 1849 4496 θυγατέρας
1890 4428 2082 4499 ὑμῶν,

502 4513 653 4567 ὅταν
696 4513 1113 4582 πορνεύσωσι,
1155 4511 1390 4578 καὶτὰς
1433 4513 1675 4582 νύμφας
1705 4511 1894 4583 ὑμῶν,
1939 4516 2087 4570 ὅταν

498 4617 600 4670 μοι
604 4599 928 4666 χεύσωσιν.

575 4681 639 4751 β’.
659 4681 820 4752 Ὁρᾷς
848 4677 1061 4732 ἀπὸτοῦ
1076 4678 1243 4732 τόπου
1269 4679 1365 4750 τὴν
1397 4681 1548 4751 ἰσχὺν
1570 4679 1761 4751 ἔχοντα
1776 4682 1865 4737 τὸν
1886 4683 2082 4755 νόμον;

503 4764 628 4818 Ὅτι
651 4763 707 4817 δέ
728 4762 852 4817 οὔτε
880 4762 971 4815 τὸν
999 4761 1150 4830 ἱερέα
1180 4762 1402 4816 δυνατὸν
1431 4759 1592 4829 εἶναι,
1626 4764 1726 4835 τῆς
1758 4765 1963 4829 πόλεως
1984 4766 2085 4821 οὑκ

499 4846 690 4919 οὔσης,
715 4847 872 4917 δῆλον
896 4846 961 4899 ἐκ
997 4845 1210 4899 τούτου.
1251 4845 1461 4917 Ὠσπερ
1493 4845 1602 4917 γὰρ
1630 4847 1855 4917 βασιλέα
1896 4850 1957 4902 οὑ
1986 4849 2083 4903 δυ-

500 4931 661 4987 νατὸν
697 4927 861 4995 εἶναι,
896 4927 1052 5001 [τῶν]
1091 4928 1467 5000 στρατοπέδων
1504 4930 1605 4983 οὑκ
1645 4930 1836 4996 όντων,
1868 4933 1929 4985 οὑ
1963 4933 2083 4987 δια-

498 5015 561 5088 δή
571 5031 758 5086 ματος,
782 5015 880 5085 οὑχ
905 5012 1243 5084 ἀλουργίδος,
1268 5013 1330 5065 οὑ
1356 5012 1465 5067 τῶν
1503 5011 1678 5067 ἀλλων
1707 5015 1814 5068 τῶν
1842 5015 1943 5081 τὴν
1983 5003 2084 5085 βτί.

505 5098 709 5153 σιλείαν
743 5096 1184 5169 συγκροτούντων
1206 5111 1221 5127 ο
1273 5094 1448 5160 οὑτως
1495 5097 1619 5151 οὑδέ
1679 5098 1830 5171 ίερέα
1857 5099 2082 5155 δυνατὸν

502 5179 664 5246 εἶναι,
697 5180 889 5244 θυσίας
928 5179 1301 5253 ἀνῃρημένης,
1321 5183 1637 5252 προσφορᾶς
1668 5181 2078 5257 κεκωλυμένης,

496 5265 605 5319 τῶν
635 5265 804 5333 ἁγίων
825 5265 1252 5334 πεπατημένων,
1272 5263 1366 5317 τοῦ
1394 5265 1674 5336 σχήματος
1707 5266 1907 5329 παντὸς
1939 5268 2084 5338 ἠφα-

496 5348 786 5419 νισμένουο
818 5350 854 5417 ἡ
884 5346 995 5419 γάρ
1027 5347 1295 5421 ἱερωσύνη
1354 5350 1413 5403 ἐν
1465 5349 1677 5416 τούτοις
1731 5353 1937 5406 ἅπασιν
1986 5350 2077 5424 ἦν.

499 5433 698 5504 Ἤρκει
725 5430 823 5509 μὲν
854 5428 947 5485 οὖν
966 5472 980 5496 ,
1019 5431 1156 5503 ὅπερ
1187 5429 1359 5503 ἔφθην
1389 5431 1581 5497 εἰπὼν,
1630 5434 1768 5505 πρὸς
1807 5435 2082 5502 ἀπόδειξιν

503 5517 629 5587 ἡμῖν
663 5516 759 5569 τοῦ
798 5516 935 5586 μήτε
964 5514 1190 5583 θυσίας,
1242 5516 1382 5589 μήτε
1430 5516 1882 5591 ὁλοκαυτώματαν
1941 5523 2081 5594 μήτε

502 5600 624 5662 τοὺς
674 5598 896 5663 λοιποὺς
940 5597 1283 5672 καθαρμοὺς,
1323 5601 1461 5672 μήτε
1516 5600 1646 5657 ἀλλο
1681 5601 1837 5677 [664]
1886 5617 1939 5660 τι
1974 5606 2078 5677 τῆς

556 5828 590 5858 ³
608 5829 709 5878 Alii
729 5830 903 5892 ἂκιχὸιι
920 5836 973 5881 et
994 5832 1222 5891 ἐπιθήσει.

1239 381 1296 436 S.
1339 379 1625 436 JOANNIS
1665 379 2157 437 CHRYSOSTOMI
2195 379 2522 437 ARCIHEP.
2564 381 3119 444 CONSTANTINOP.
3640 394 3736 459 θη

2217 489 2515 575 Ἰουδαϊκῆς
2539 490 2816 557 πολιτείας
2845 494 3165 567 ἐπανήξειν
3213 498 3395 553 λοιπὸν
3435 499 3466 570 ἡ
3504 502 3736 575 ἀπόδειξις

2199 572 2291 659 τοῦ
2343 574 2544 659 μηκέτι
2582 576 2881 659 στῄσεσθαι
2923 579 3016 635 τὸν
3054 580 3201 635 ναόν.
3256 583 3464 657 Ὠσπερ
3512 589 3612 659 γὰρ

2199 655 2351 742 ὄντος
2376 655 2701 742 τούτου-νῦν
2730 659 2909 714 πάντα
2936 662 3228 734 ἀνῄρηται,
3255 667 3362 720 κᾶν
3385 655 3511 741 δοκῇ
3545 655 3595 742 τί
3617 674 3737 742 γίνε.

2200 738 2347 799 σθαι,
2379 739 2715 810 παρανόμως
2743 742 3008 814 τολμᾶται
3026 762 3040 776 ·
3066 744 3238 812 οὕτως
3274 736 3639 820 ἀποδείξαντος
3661 755 3737 812 τοῦ

2199 821 2359 910 λόγου
2385 825 2468 878 ὃτι
2506 825 2764 910 οὐδέποτε
2793 828 3050 901 ἐπανήξει
3076 831 3213 902 πρὸς
3250 832 3315 885 τὸ
3338 835 3531 890 οἰκεῖον
3563 840 3735 910 σχῆμα,

2200 907 2422 993 κάκεῖνο
2468 909 2971 978 συναποδέδεικται,
2998 914 3081 967 ὃτι
3119 913 3244 969 οὔτε
3289 917 3323 988 ἡ
3364 916 3519 989 λοιπὴ
3550 907 3739 993 λατρεία

2199 990 2334 1077 πρὸς
2359 993 2460 1077 τὴν
2486 993 2762 1065 προτέραν
2797 996 3058 1069 ἐπανήξει
3086 1000 3422 1055 κατάστασιν
3451 990 3736 1077 πάλιν,ὀὺχ

2200 1075 2379 1139 ἱερεὺς
2424 1075 2579 1129 ἔσται
2624 1095 2743 1144 τις,
2777 1080 2839 1133 οὑ
2886 1080 3160 1151 βασιλεύς.
3191 1084 3255 1137 Εἰ
3286 1084 3395 1155 γὰρ
3432 1089 3540 1151 τοῖς
3580 1090 3636 1141 ἐκ
3660 1075 3734 1141 τοῦ

2199 1158 2511 1229 σπέρματος
2538 1161 2737 1227 αὐτῶν,
2779 1163 2882 1217 κάν
2902 1181 2985 1229 τις
3007 1160 3077 1238 ἦν
3108 1165 3217 1221 τῶν
3247 1167 3634 1237 ίδιωτευόντων,
3657 1173 3736 1226 οὑκ

2197 1242 2379 1309 ἐφεῖτο
2392 1242 2524 1311 γοῦν
2550 1244 2834 1315 λατρεύειν
2852 1247 3186 1317 ἀλλογενέσι,
3199 1248 3380 1322 πολλῷ
3400 1252 3588 1321 μᾶλλον
3605 1253 3734 1306 αὑτὸν

2196 1323 2286 1377 τὸν
2323 1324 2549 1394 βασιλέα
2577 1328 2900 1383 ὑποκεῖσθαι
2932 1330 3159 1403 ἑτέροις,
3199 1332 3360 1403 θέμις
3393 1335 3490 1389 οὑκ
3510 1330 3591 1407 ἦν.
3619 1336 3735 1405 Πλὴν

2197 1407 2314 1461 ἀλλ’
2341 1409 2529 1482 ἐπειδὴ
2552 1409 2703 1480 ἁγὼν
2732 1415 2863 1484 ἡμῖν
2886 1415 3001 1467 ἐστι
3029 1414 3125 1468 καὶ
3154 1415 3380 1487 σπουδὴ,
3409 1419 3507 1471 οὑκ
3534 1418 3733 1481 ἐκείνως

2197 1493 2549 1565 ἐπιστομίσαι
2607 1496 2792 1567 μόνον,
2839 1496 2978 1551 ἀλλά
3006 1498 3101 1553 καὶ
3130 1498 3229 1571 τὴν
3256 1501 3526 1573 ὑμετέραν
3551 1504 3732 1572 ἀγάπην

2199 1576 2442 1645 σοφίσαι,
2470 1578 2602 1650 φέρε
2621 1578 2781 1633 τοῦτο
2806 1580 2938 1634 αὑτὸ
2969 1581 3234 1653 ἑτέρωθεν
3256 1583 3630 1656 ἀποδείξωμεν,
3646 1579 3733 1638 οἷον

2198 1659 2280 1713 ὅτι
2300 1661 2396 1715 καὶ
2424 1661 2494 1715 τά
2526 1663 2637 1717 τῶν
2667 1663 2893 1728 θυσιῶν,
2921 1663 3017 1718 καὶ
3052 1663 3123 1718 τά
3149 1666 3251 1735 τῆς
3282 1667 3571 1740 ἱερωσύνης
3590 1666 3734 1721 αὐτῶν

2198 1743 2495 1810 πέπαυται,
2513 1745 2591 1810 ὡς
2622 1746 2822 1818 μηκέτι
2851 1746 3013 1800 πάλιν
3043 1747 3362 1803 ἐπανελθεῖν
3380 1750 3470 1803 ἐπὶ
3492 1750 3550 1803 τὸ
3572 1750 3732 1822 πρότε-

2202 1843 2292 1897 ρον
2334 1827 2475 1891 ἔθος.
2531 1828 2628 1892 Τίς
2670 1824 2765 1884 οὖν
2795 1830 2968 1885 ταῦτὰ
3015 1848 3210 1903 φησινς
3257 1833 3316 1887 '0
3348 1832 3635 1905 θαυμαστὸς
3658 1833 3733 1887 καὶ

2201 1911 2375 1981 μέγας
2400 1912 2688 1983 προφήτης
2722 1913 2904 1966 Δαυῖδ.
2937 1908 3106 1979 Οὗτος
3133 1916 3243 1987 γάρ
3267 1917 3441 1988 δηλῶν
3468 1918 3544 1972 ὅτι
3571 1916 3731 1971 θυσιῶν

2195 1999 2228 2066 ἡ
2270 1997 2370 2066 μὲν
2396 1995 2754 2051 ἐκϐάλλεσθαι
2787 1996 2993 2068 μέλλει,
3040 2000 3073 2071 ἡ
3114 1999 3172 2053 δὲ
3224 2000 3555 2071 εἰσάγεσθαι,
3596 2000 3733 2063 οὑτως

2197 2076 2380 2147 ἔλεγεο
2412 2078 2620 2133 Παιλά
2648 2078 2965 2149 ἐποίησας,
3014 2082 3119 2147 σὺ,
3153 2083 3336 2152 Κύριε
3384 2087 3418 2139 ό
3462 2086 3594 2151 Θεός
3616 2101 3728 2154 μου,

2196 2162 2269 2215 τὰ
2301 2160 2607 2233 θαυμάσιὰ
2622 2180 2759 2227 σου,
2796 2164 2895 2218 καί
2935 2164 3061 2233 τοῖς
3086 2166 3496 2238 διαλογισμοῖς
3520 2182 3624 2222 σου
3644 2168 3729 2221 οὐκ

2196 2245 2329 2300 ἔστι
2370 2248 2462 2312 τίς
2501 2246 2933 2316 ὁμοιωθήσεται
2955 2264 3054 2303 σοι
3073 2265 3086 2280 ο
3131 2250 3469 2322 ἀπήγγειλα
3499 2252 3589 2306 καί
3617 2249 3727 2305 ἑλά-

2194 2334 2384 2397 λησα.
2413 2331 2558 2402 Ὅρα
2582 2331 2775 2401 σοφίαν
2806 2335 3109 2404 προφήτου.
3142 2334 3355 2401 Εἰπὼν,
3380 2336 3578 2392 Πολλά
3602 2336 3725 2389 ἐποί-

2199 2430 2355 2483 ησας
2390 2414 2472 2468 σὺ
2494 2458 2508 2481 ,
2548 2416 2726 2483 Κύριε
2763 2418 2798 2470 ὀ
2829 2418 2975 2484 Θεός
3005 2435 3150 2486 μου,
3191 2419 3267 2472 τὰ
3291 2419 3584 2490 θαυμάσια
3618 2436 3723 2482 σου,

2195 2498 2290 2552 καὶ
2328 2497 2626 2566 ἐκπλαγεὶς
2671 2498 2770 2571 τὴν
2800 2499 2897 2552 τοῦ
2922 2499 3057 2553 Θεοῦ
3093 2500 3563 2574 θαυματουργίαν,
3609 2500 3723 2554 οὐδὲν

2196 2582 2325 2652 περὶ
2352 2581 2452 2651 τῆς
2474 2580 2761 2655 ὁρωμένης
2797 2584 2928 2653 ἡμῖν
2958 2582 3273 2654 διαλέγεται
3311 2587 3562 2651 κτίσεως,
3599 2586 3725 2655 obpa-

2195 2667 2288 2722 νοῦ
2309 2667 2529 2737 καὶτῆς
2564 2668 2659 2721 καὶ
2692 2666 2965 2738 θαλάττης
3002 2669 3100 2723 καί⁵
3134 2667 3329 2734 ὓδατος
3380 2670 3470 2724 καὶ
3497 2668 3661 2741 πυρὸς,
3677 2666 3723 2719 οὐ

2196 2751 2327 2823 περὶ
2353 2752 2463 2805 τῶν
2502 2751 2621 2804 κατ’
2652 2751 2929 2819 Αἴγυπτον
2959 2752 3270 2823 γενομένων
3292 2754 3592 2826 παραδόξων
3613 2750 3725 2805 ὲκεί-

2196 2848 2307 2888 νων
2344 2833 2662 2906 θαυμάτων,
2699 2835 2760 2888 οὐ
2794 2835 2926 2907 περὶ
2959 2834 3134 2890 ἀλλων
3180 2836 3346 2893 τινῶν
3382 2836 3615 2892 τοιούτων
3648 2849 3723 2903 ση-

2197 2917 2387 2988 μείων,
2412 2917 2548 2971 ἀλλά
2577 2917 2703 2972 τίνα
2728 2920 2862 2989 φησί
2896 2918 3187 2991 θαυμαστὰ
3209 2917 3381 2988 εῐναις
3419 2921 3626 2976 Θυσίαν
3647 2914 3723 2970 καί

2198 3002 2226 3042 δ
2251 3002 2611 3072 προσφορὰν
2635 3004 2746 3057 οὐκ
2771 3002 3103 3074 ἠθέλησας.
3135 3004 3204 3059 Τί
3236 3004 3448 3074 λέγεις;
3485 3004 3592 3057 εἰπέ
3624 3013 3724 3072 μοι’

2192 3085 2353 3139 τοῦτό
2373 3087 2490 3140 ἐστι
2508 3084 2570 3139 τὸ
2594 3085 2897 3157 παράδοξον
2923 3089 3020 3141 καὶ
3042 3089 3389 3160 θαυμαστόν;
3416 3080 3723 3157 0671,9176“-

2194 3168 2254 3222 οὐ
2286 3168 2396 3241 γὰρ
2420 3168 2485 3241 δὴ
2510 3168 2670 3225 τοῦτο
2693 3171 2853 3240 μόνον
2869 3166 3181 3239 εἶδεν,ἀλλά
3201 3173 3550 3245 προφητικοῖς
3561 3165 3725 3222 ἀνωθεν

2194 3251 2531 3324 καταμαθὼν
2558 3252 2859 3325 ὀφθαλμοῖς
2882 3254 2983 3326 τὴν
3031 3256 3142 3309 τῶν
3188 3255 3362 3311 ἐθνῶν
3393 3250 3725 3326 προσαγωγὴν.

2190 3336 2290 3390 ’.καί⁵
2316 3336 2432 3401 πῶς
2446 3338 2496 3389 οἰ
2515 3340 2628 3402 τοῖς
2646 3337 2786 3401 θεοῖς
2810 3339 3248 3411 προσηλωμένοι,
3277 3340 3371 3394 καὶ
3385 3337 3725 3411 θεραπεύοντες

2193 3418 2397 3486 λίθους,
2455 3421 2549 3477 καὶ
2603 3421 2713 3475 τῶν
2774 3421 2985 3492 ἀλόγων
3044 3423 3376 3496 ἀθλιώτερον
3421 3421 3725 3490 διακείμενοι,

2195 3504 2457 3576 ἐξαίφνης
2487 3505 2810 3576 ἀνέϐλεψαν,
2850 3506 2947 3560 καί⁵
2972 3507 3064 3561 τὸν
3095 3507 3203 3562 τῶν
3235 3509 3483 3564 ἁπάντων
3525 3504 3724 3572 ἐπέγνω·

2197 3603 2296 3641 σαν
2312 3587 2613 3660 Δεσπότην,
2639 3588 2734 3643 καὶ
2754 3587 2855 3660 τὴν
2872 3589 3077 3661 μιαρὰν
3102 3590 3212 3645 τῶν
3234 3591 3497 3663 δαιμόνων
3516 3584 3724 3658 λατρείαν

2194 3671 2451 3740 ἀφέντες,
2511 3670 2766 3743 καθαρῶς
2800 3673 2896 3727 καὶ
2946 3675 3221 3745 ἀναιμωτὶ
3267 3676 3358 3730 τὸν
3410 3675 3535 3729 Θεὸν
3571 3667 3725 3741 ἐθερά-

2194 3771 2389 3809 πευοψ
2425 3754 2520 3808 καὶ
2568 3754 2650 3809 ἐτι
2677 3755 2904 3811 συνιδὼν
2927 3758 3009 3811 ὅτι
3047 3760 3149 3812 οὑκ
3188 3759 3386 3813 ἐκεῖνοι
3419 3759 3584 3831 μόνον,
3618 3749 3725 3807 ἀλλὰ

2195 3838 2290 3893 καὶ
2312 3839 2361 3893 οἰ
2402 3838 2648 3893 Ἰουδαῖοι
2675 3841 2727 3893 οἱ
2777 3840 3133 3913 ἀτελέστερον
3160 3842 3510 3915 διακείμενοι,
3547 3840 3629 3911 τὴν
3655 3836 3724 3889 διὰ

2195 3922 2395 3980 θυσιῶν
2430 3922 2526 3977 καὶ
2559 3922 3031 3997 ὁλοκαυτωμάτων
3073 3927 3169 3983 καί⁸
3202 3926 3316 3982 τῶν
3341 3928 3507 3983 ἀλλων
3532 3924 3624 3978 τῶν
3643 3936 3725 3973 σω·

2197 4007 2443 4079 ματικῶν
2473 4005 2708 4077 ἀφέντες
2741 4006 3060 4082 θεραπείαν,
3094 4010 3190 4064 ἐπὶ
3219 4010 3322 4084 τὴν
3376 4009 3625 4083 ἡμετέραν
3650 3999 3725 4058 καί

2192 4084 2340 4146 οὑτοι
2367 4092 2690 4163 φιλοσοφίαν
2717 4093 2965 4165 ἤχθησαν
2984 4110 3000 4125 ο
3024 4094 3120 4148 καὶ
3134 4094 3488 4167 λογισάμενος
3514 4092 3599 4163 τὴν
3616 4089 3724 4157 ἀφα-

2190 4192 2284 4230 τον
2300 4174 2396 4230 τοῦ
2417 4174 2553 4229 Θεοῦ
2572 4175 2983 4247 φιλανθρωπίαν
3002 4178 3102 4247 τὴν
3120 4178 3444 4250 ὑπερδαίνου
3452 4194 3540 4231 σαν
3550 4174 3723 4228 ἅπαντα

2192 4258 2340 4327 νοῦν,
2374 4258 2471 4314 καὶ
2509 4258 2807 4329 ἐκπλαγεὶς
2831 4259 2932 4332 ὅση
2964 4259 3073 4315 τῶν
3102 4263 3441 4333 πραγμάτων
3460 4260 3629 4330 γέγονε
3650 4267 3724 4322 με·

2191 4342 2416 4415 ταδολὴ,
2450 4343 2546 4397 καί.
2579 4342 2697 4407 πῶς
2729 4340 2871 4397 αὑτά
2894 4343 3323 4417 μετερρύθμισε,
3350 4343 3440 4398 καὶ
3453 4341 3552 4397 ἀπὸ
3568 4334 3722 4406 δαιμό-

2192 4445 2298 4483 νων
2328 4426 2596 4497 ἀγγέλους
2626 4426 2755 4490 τοὺς
2792 4424 3116 4498 ἀνθρώπους
3139 4429 3454 4500 εἰργάσατο,
3498 4422 3580 4479 καὶ
3605 4418 3722 4472 πολι-

2188 4509 2341 4565 τείαν
2408 4512 2674 4583 εἰσήγαγε
2743 4508 2851 4564 τῶν
2921 4509 3165 4581 οὑρανῶν
3234 4513 3393 4580 ἀξίαν
3451 4506 3635 4581 (ταῦτα
3676 4500 3719 4552 δὲ

2191 4594 2408 4648 ἅπαντα
2478 4594 2728 4663 ἐγένετο,
2796 4594 2899 4665 τῆς
2952 4595 3189 4660 παλαιᾶς
3232 4592 3605 4672 καταλυθείσης
3648 4583 3719 4672 ους

2193 4677 2354 4741 σίας,
2412 4676 2508 4730 καὶ
2579 4678 2774 4749 ἐτέρας
2833 4677 3284 4750 ἐπεισαχθείσης,
3356 4677 3452 4747 τῆς
3516 4671 3593 4727 διὰ
3645 4671 3717 4718 του

2193 4759 2446 4831 σώματος
2499 4760 2593 4814 τοῦ
2656 4754 3286 4834 Χριστοῦ,),’ἐκπλαγεὶς
3336 4760 3426 4815 καὶ
3482 4750 3717 4834 θαυμάσας

2191 4828 2378 4913 ελεγεθ
2414 4846 2623 4899 ηολλά
2646 4828 2948 4914 έεὲοιησιὶς
2983 4846 3087 4912 σὺ,
3114 4828 3295 4914 Κύριε
3315 4848 3347 4900 δ
3371 4843 3505 4907 Θεός
3529 4853 3650 4909 μου»
3665 4828 3718 4920 ﬂ}

2190 4926 2494 4997 θαυμάσιοί
2527 4943 2665 4982 σου.
2709 4929 2820 4982 Καὶ
2863 4929 2947 4982 ὅτι
2979 4929 3043 4981 ἐκ
3076 4928 3370 5001 προσώπου
3402 4924 3490 4979 τοῦ
3523 4923 3716 5001 Χριστου

2188 5010 2288 5082 τὴν
2321 5010 2662 5082 προφητείαν
2691 5009 2896 5082 ταύτην
2920 4997 3140 5067 ἃπασαν
3176 5011 3429 5085 προλέγει
3464 5019 3509 5071 ε,
3551 4997 3713 5057 εἰπὼν.

2191 5094 2426 5148 Θυσίαν
2457 5093 2557 5146 καὶ
2585 5094 2943 5164 προσφορὰν
2973 5099 3085 5151 οὐκ
3125 5097 3453 5163 ἠθέλησας,
3491 5086 3714 5164 ἐπήγαγε-ο

2188 5176 2366 5246 Σῶμα
2402 5174 2471 5229 δέ
2499 5158 2837 5246 κατηρτίσώ
2863 5195 3002 5248 μοι·
3045 5179 3108 5233 τὸ
3133 5158 3471 5250 [-6ϐὸ]’σῶμα
3499 5170 3647 5237 λέγων
3668 5158 3716 5212 τδ

2188 5259 2530 5323 δεσποτικὸν,
2568 5261 2668 5333 τὴν
2711 5261 2898 5334 κοινὴν
2936 5262 3078 5334 ὑπὲρ
3111 5264 3210 5335 τῆς
3248 5257 3555 5331 οἰκουμένης
3591 5259 3716 5335 γενξν

2192 5346 2361 5416 μένην
2388 5328 2662 5417 θυσίαννῆ
2694 5346 2792 5411 τὰς
2814 5328 2993 5419 ἠθικὰς
3014 5328 3177 5420 ἡμῶν
3199 5328 3505 5417 ἐξεκάθηρε,
3530 5334 3611 5392 καὶ
3632 5328 3711 5390 τὰς

2250 5594 2402 5678 ξΔῙὶἰ
2427 5602 2656 5678 σημείων,
2677 5602 2822 5678 ἀλλἰὶ
2841 5605 3090 5667 θαυμαστὰ
3114 5602 3287 5668 μᾶλλόν
3307 5591 3557 5650 εἰσι·ταῦτσ
3575 5585 3711 5645 λέγων,

2188 5662 2414 5724 ἐπήγαγε,
2438 5662 2617 5712 Θυσίαν
2657 5663 2754 5712 καί.
2932 5662 2941 5667 ⁷
3114 5662 3125 5668 ⁷
3671 5695 3683 5709 ο

2251 5722 2675 5797 οιίλκουσονῃροςι
2695 5726 2931 5797 προλέγει,
2957 5727 3151 5797 legum:
3164 5728 3213 5797 ἱο
3238 5708 3711 5797 ἰῖοζεί.,.ξεέἀῇᾔίηξ

2188 5763 2367 5833 mum;
2376 5763 2522 5851 ἶιῖἑᾷἶ
2535 5763 2841 5851 εἱῖιῖᾋὶῗᾶἰῆ
2853 5763 3538 5851 ῐιὶὶὸἓὲὖξ“ἑῖτῖἑ›ὗ’ἷιὲρῖ”ιὶιιινι
3559 5763 3711 5829 aliqua

2190 5859 2306 5896 mss.
2329 5848 2507 5903 καὶτὰς
2527 5848 2758 5911 ἁμαρτίας
2775 5851 3023 5899 κατέδυσε.
