3958 6358
227 390 347 450 937

236 504 483 572 legerent
526 496 698 567 legem
722 531 737 557 ,
783 497 839 545 et
875 485 1200 542 advocarent
1241 474 1649 572 confessionem.
1690 468 1822 524 Cum

228 563 409 665 igitur
444 605 516 645 ne
552 563 654 657 legi
693 582 905 654 quidem
945 578 1031 633 lex
1067 570 1297 644 potuerit
1332 577 1483 623 extra
1520 563 1823 665 civitatem2

236 650 515 754 quomodo
554 650 726 748 legem
764 685 978 728 servare
1015 670 1300 737 potuerunt
1336 667 1502 754 extra
1511 655 1785 754 civitatem
1805 650 1827 701 τ’

238 742 397 833 lianc
422 774 492 829 ob
515 742 727 827 causam
767 772 823 820 el.
849 762 1100 817 minitans
1142 755 1242 809 illis
1271 751 1437 815 dicit,
1474 745 1592 800 Non
1623 742 1829 798 visitabo

241 870 386 939 ﬁlias
409 873 618 929 vestras,
648 874 763 913 cum
789 865 1023 924 stuprum
1044 844 1357 905 admiserint,
1385 853 1542 903 neque
1565 850 1720 939 nurus
1744 848 1829 885 ue-

234 927 405 1026 ;lras,
426 971 543 1011 cum
568 927 828 1006 moecham:
852 944 1041 1015 fuerint
1065 938 1217 1011 (Osee
1263 936 1317 988 4.
1350 929 1462 1001 li).
1492 927 1628 1026 Quid
1652 932 1828 1026 autem

240 1056 352 1107 hoc
380 1018 507 1105 est?
537 1043 771 1100 Recitata
801 1036 969 1094 veteri
1009 1035 1124 1103 lege
1151 1027 1385 1085 conabor
1426 1021 1578 1077 vobis
1608 1018 1832 1074 reddere

240 1139 552 1197 dilucidius.
598 1134 727 1201 Qua:
771 1128 929 1200 igitur
974 1125 1060 1179 illa
1106 1120 1229 1176 lex?
1269 1117 1331 1173 Si
1368 1114 1587 1176 mulier,
1629 1108 1828 1179 inquit,

245 1229 582 1304 prevaricata
610 1222 762 1295 fuerit
785 1237 818 1273 α
843 1219 948 1272 viro
973 1230 1089 1282 suo,
1119 1225 1330 1280 eumque
1353 1206 1606 1277 negligens
1653 1202 1834 1303 despe-

242 1294 422 1389 Ecerit,
460 1294 817 1383 dormieritque
853 1308 1037 1378 aliquis
1076 1320 1192 1358 cum
1229 1301 1321 1356 illa
1356 1300 1492 1353 coitu
1522 1294 1759 1360 seminis,
1791 1303 1837 1345 et

250 1385 459 1471 latuerit
486 1409 659 1466 oculos
688 1405 802 1469 viri,
832 1418 921 1456 nec
951 1398 1089 1453 testis
1112 1394 1262 1465 fuerit
1291 1390 1529 1445 adversus
1556 1385 1720 1451 illam,
1752 1400 1840 1437 nec

250 1508 411 1578 {uerit
452 1502 763 1574 deprehensa
796 1512 815 1550 :
843 1510 904 1548 ac
928 1506 1081 1562 super
1104 1488 1270 1559 ipsum
1298 1482 1511 1578 quidem
1526 1478 1842 1578 veneritspi-

250 1569 386 1653 ritus
409 1569 693 1664 zelotypite,
716 1590 831 1658 ipsa
852 1600 969 1640 vero
994 1598 1094 1635 non
1124 1579 1272 1652 fuerit
1298 1576 1634 1629 contaminata
1654 1569 1837 1640 (Nam.

250 1695 311 1749 5.
344 1690 434 1746 12.
463 1663 575 1757 id).
616 1686 814 1740 Sensus
844 1680 1035 1735 borum
1065 1672 1348 1729 verborum
1377 1667 1463 1721 llic
1487 1675 1569 1720 est
1599 1684 1610 1718 :
1640 1663 1695 1719 Si
1722 1679 1842 1757 tnu-

255 1789 382 1852 lier,
410 1755 603 1853 inquit,
635 1775 897 1833 ulmeam
925 1768 1102 1832 fuerit,
1129 1776 1185 1823 et
1212 1764 1293 1818 vir
1317 1761 1509 1815 habeat
1532 1758 1673 1811 illam
1695 1755 1844 1853 adul-

262 1849 385 1934 terii
426 1849 726 1945 suspectam
751 1910 767 1935 ,
797 1873 890 1922 aut
930 1878 1036 1919 non
1076 1859 1239 1915 fuerit
1278 1853 1580 1918 mtechata,
1624 1849 1719 1905 sed
1758 1850 1845 1903 ille

256 1970 560 2040 suspicetur
583 1983 598 2020 :
620 1971 676 2019 et
701 1962 746 2018 si
775 1974 881 2015 non
920 1955 1081 2012 fuerit
1114 1951 1301 2016 testis,
1339 1962 1439 2003 nec
1478 1956 1660 2001 uterus
1690 1957 1845 2040 coar-

254 2037 432 2136 gue'ns
464 2078 478 2116 :
507 2059 666 2114 Ducet
685 2098 700 2123 ,
728 2053 932 2124 inquit,
959 2049 1106 2105 illam
1131 2045 1199 2101 ad
1223 2043 1569 2136 sacerdotem,
1670 2037 1846 2136 cﬂ'eret

255 2127 455 2211 donum
479 2151 640 2218 illius,
671 2146 998 2202 hordeaceam
1025 2140 1244 2211 farinam
1271 2133 1472 2207 (Num.
1500 2131 1556 2188 5.
1585 2131 1653 2185 15
1670 2129 1713 2200 ).
1740 2127 1848 2184 Cur

263 2252 342 2302 ita
386 2243 600 2300 tandem
638 2255 745 2295 non
785 2235 1115 2306 siligineum,
1150 2244 1254 2285 non
1280 2224 1544 2283 triticeam
1584 2222 1808 2277 farinam
1830 2263 1845 2286 ,

262 2337 369 2395 sed
396 2331 785 2392 hordeaceam?
809 2327 1071 2396 Quoniam
1096 2323 1150 2379 id
1177 2319 1320 2394 quod
1341 2316 1649 2390 gerebatur,
1680 2316 1851 2370 luctus

252 2439 385 2487 erat
404 2470 420 2497 ,
450 2438 507 2485 et
531 2425 793 2484 incusatio
816 2421 1156 2494 auspicioque
1182 2430 1342 2489 prava
1360 2456 1377 2480 ,
1411 2412 1579 2468 forma
1603 2409 1851 2467 sacriﬁcii

254 2522 613 2580 domesticam
629 2518 986 2576 calamitatem
1014 2511 1339 2578 imitabatur,
1358 2519 1530 2578 eoque
1548 2504 1707 2561 dicit:
1729 2502 1853 2558 Non

251 2613 495 2682 claudes
531 2626 683 2683 super
721 2608 867 2664 illam
901 2607 1103 2671 oleum,
1145 2616 1306 2673 neque
1344 2599 1569 2670 impones
1606 2594 1686 2650 illi
1714 2594 1849 2649 illus.

260 2704 466 2761 Deinde
501 2702 666 2775 (nam
691 2695 1092 2756 contrahendus
1116 2701 1200 2750 est
1223 2689 1440 2761 sermo)
1466 2687 1681 2742 adducet
1709 2685 1855 2741 illam

262 2796 518 2855 sacerdos
564 2802 835 2865 sumetque
849 2805 1030 2861 puram
1051 2802 1238 2857 aquam
1261 2785 1316 2838 in
1340 2797 1455 2838 vase
1477 2780 1624 2850 ﬁctili
1645 2823 1663 2845 ,
1690 2789 1739 2834 et
1768 2796 1859 2833 su-

258 2897 369 2942 met
385 2887 447 2941 de
467 2895 621 2952 terra,
641 2898 756 2955 qua
771 2881 909 2938 estin
935 2878 1237 2949 pavimento,
1259 2883 1606 2945 sumptumque
1622 2870 1857 2943 conjiciat

260 2980 327 3037 in
353 2993 539 3048 aquam
554 3016 574 3043 ,
598 2982 882 3044 statuetque
906 2968 1167 3025 mulierem
1188 3008 1207 3036 ,
1238 2976 1285 3022 et
1312 2963 1570 3035 adjurabit
1600 2963 1741 3018 illam
1765 3004 1781 3029 ,
1808 2971 1857 3016 et

264 3070 444 3123 dicet:
458 3067 507 3122 si
531 3083 632 3122 non
657 3083 709 3123 es
761 3075 1094 3135 transgressa,
1117 3075 1207 3114 nec
1230 3057 1428 3128 polluta
1450 3057 1556 3110 viro
1582 3064 1690 3119 tuo,
1716 3053 1859 3108 salva

267 3169 378 3214 esto
401 3158 465 3212 ab
491 3173 624 3228 aqua
651 3153 1042 3226 redargutionis.
1091 3148 1239 3217 Quod
1278 3147 1322 3202 si
1361 3157 1671 3216 transgressa
1706 3160 1761 3198 es
1797 3160 1859 3197 ac

266 3251 490 3321 polluta,
509 3259 554 3304 et
573 3248 757 3318 aliquis
778 3256 940 3301 tecum
959 3241 1223 3298 concubuit
1237 3249 1420 3311 printer
1437 3239 1674 3291 maritum
1694 3247 1853 3301 tuum,

264 3345 359 3398 det
378 3341 627 3396 Dominus
654 3339 775 3393 tein
795 3336 1182 3392 exsecrationem
1201 3348 1263 3385 ac
1282 3329 1656 3385 detestationem
1678 3327 1732 3380 in
1751 3342 1853 3380 me-

267 3435 359 3489 dio
379 3430 554 3504 populi
575 3429 682 3501 (Ib.
699 3445 747 3483 υ.
778 3428 865 3483 15.
893 3425 1046 3497 sqq.).
1070 3423 1207 3491 Quid
1234 3428 1335 3488 est,
1360 3420 1411 3474 in
1430 3417 1851 3474 exsecrationem

270 3542 337 3580 ac
365 3519 811 3579 detestationem?
842 3517 910 3574 Ut
939 3518 1114 3572 dicant
1133 3557 1148 3582 ,
1180 3529 1248 3569 ne
1287 3511 1417 3567 mihi
1450 3509 1686 3574 accidat,
1718 3506 1859 3578 quod

271 3615 470 3672 accidit
496 3613 572 3668 illi
596 3611 804 3667 mulieri
838 3627 851 3663 :
884 3607 951 3664 Ut
990 3607 1168 3662 reddat
1199 3604 1449 3658 Dominus
1491 3611 1685 3655 uterum
1721 3609 1863 3653 tuum

273 3710 568 3779 diruptam,
600 3713 646 3759 et
690 3702 995 3775 ingredietur
1036 3716 1167 3771 aqua
1205 3705 1496 3762 exsecrata,
1522 3704 1576 3749 ut
1605 3694 1862 3764 dirunlpat

277 3810 499 3855 remrem
526 3806 688 3861 tuum,
715 3804 760 3848 et
787 3793 917 3847 dicet
937 3792 1137 3857 mulier,
1166 3791 1278 3858 ﬁat,
1306 3789 1419 3858 ﬁat.
1450 3786 1650 3851 Eterit,
1681 3785 1725 3839 si
1753 3788 1864 3856 fue-

275 3894 341 3947 rit
373 3891 588 3961 polluta,
619 3885 927 3958 ingredietur
952 3900 1086 3955 aqua
1110 3879 1509 3952 redargutionis,
1539 3887 1585 3932 et
1612 3877 1866 3947 dirumpet

274 3994 502 4039 uentrem
530 3982 669 4036 illius
693 4021 708 4046 ,
738 3987 785 4033 et
810 3978 905 4033 erit
935 3976 1116 4031 mulier
1143 3972 1478 4029 exsecrabilis.
1514 3969 1665 4038 Quod
1693 3969 1739 4024 si
1764 3985 1865 4023 non

276 4076 439 4148 fuerit
467 4073 661 4143 polluta
686 4070 867 4123 mulier
887 4109 902 4133 ,
931 4068 1022 4122 erit
1046 4067 1297 4133 innocua,
1325 4073 1371 4117 et
1394 4060 1757 4133 proseminabit
1783 4076 1866 4114 se-

278 4184 398 4222 men
420 4164 576 4237 (1b.).
594 4162 854 4230 Quoniam
879 4160 1036 4231 igitur
1056 4174 1177 4214 cum
1206 4158 1260 4211 in
1275 4150 1631 4226 captivitatem
1653 4152 1866 4208 abducti

278 4267 467 4314 essent
490 4297 507 4323 ,
537 4255 670 4310 nihil
700 4254 888 4308 borum
920 4251 1032 4307 ﬁeri
1066 4258 1308 4320 poterat,
1341 4263 1460 4302 cum
1490 4261 1590 4300 nec
1615 4243 1867 4313 templum

280 4359 433 4407 esset
460 4365 561 4405 nec
578 4362 678 4404 ara
699 4390 715 4415 ,
746 4361 847 4402 nec
877 4341 1270 4400 tabernaculum
1297 4339 1555 4393 baberent
1580 4350 1682 4391 nec
1709 4334 1871 4389 oll'er-

281 4452 476 4499 rentur
503 4441 692 4496 hostia:
720 4457 733 4493 :
763 4437 1021 4494 Dominus
1048 4433 1379 4491 comminans
1407 4430 1575 4484 dixit:
1602 4426 1725 4481 Non
1752 4426 1871 4480 visi-

280 4532 405 4588 tabo
430 4533 564 4603 filias
592 4540 812 4596 vestras,
844 4545 958 4583 cum
977 4538 1210 4596 stuprum
1235 4522 1530 4577 admiserint
1555 4536 1574 4574 :
1599 4535 1687 4573 nec
1714 4532 1872 4572 nurus

282 4635 495 4691 uestras,
520 4639 632 4677 cum
655 4621 914 4676 mae/lata:
938 4619 1122 4690 fuerint
1144 4615 1296 4690 (Osee
1342 4615 1395 4670 4.
1421 4614 1532 4682 Η).

362 4719 418 4772 2.
458 4716 759 4772 Sacerdotes
787 4719 925 4781 apud
947 4711 1158 4765 Judccos
1176 4701 1281 4763 esse
1305 4725 1406 4762 non
1435 4713 1661 4777 possunt.
1684 4733 1755 4743 —
1783 4700 1874 4757 Vi-

285 4812 390 4868 des
423 4811 595 4881 legem
635 4824 666 4863 a
708 4808 826 4861 loco
864 4805 970 4860 vim
1011 4802 1246 4858 habere?
1281 4801 1361 4855 Ex
1399 4798 1500 4852 hoc
1537 4795 1875 4867 perspicuum

287 4911 377 4958 est
404 4916 471 4956 ne
508 4898 841 4955 sacerdotem
870 4895 1085 4965 quidem
1115 4908 1233 4947 esse
1263 4904 1419 4961 posse
1437 4886 1606 4956 ,‘cum
1634 4886 1772 4941 desit
1799 4886 1877 4939 ci-

289 4995 448 5049 vitas.
480 4987 938 5060 Quemadmodum
982 4986 1122 5040 enim
1156 4984 1271 5038 ﬁeri
1302 4997 1408 5036 non
1444 4988 1656 5051 potest,
1686 4985 1745 5033 ut
1772 4977 1876 5031 lm-

289 5091 508 5154 perator
547 5081 649 5148 sit,
681 5080 726 5134 si
757 5093 861 5134 non
891 5078 961 5132 sit
994 5075 1259 5131 exercitus
1280 5115 1295 5140 ,
1324 5088 1427 5127 non
1467 5070 1708 5125 diadema
1729 5109 1744 5134 ,
1775 5084 1879 5121 non

291 5188 530 5245 purpura
553 5213 570 5239 ,
596 5187 702 5227 non
733 5170 835 5225 alia
874 5184 993 5238 quae
1023 5181 1243 5236 regnum
1278 5164 1607 5219 constituunt
1635 5179 1648 5214 :
1685 5161 1755 5215 ita
1784 5173 1883 5213 nec

290 5265 567 5321 sacriﬁcus
585 5277 714 5319 esse
736 5270 913 5334 potest
941 5258 1145 5314 sublata
1175 5256 1367 5320 hostia,
1392 5254 1552 5309 vetita
1580 5252 1846 5307 oblatione
1863 5292 1878 5316 ,

295 5357 500 5412 sanetis
520 5354 862 5420 conculcatis,
891 5360 1001 5406 toto
1025 5365 1202 5405 rerum
1232 5355 1372 5402 statu
1398 5345 1614 5400 abolito.
1642 5343 1773 5399 Nam
1801 5343 1882 5396 his

295 5446 463 5504 rebus
491 5446 771 5501 constabat
797 5441 1174 5499 sacerdotium.
1206 5436 1516 5493 Sufﬁciebat
1543 5434 1701 5505 igitur
1729 5432 1883 5487 nobis

288 5539 367 5594 ad
395 5537 781 5608 probationem,
805 5544 863 5589 ut
887 5533 1015 5600 dixi,
1043 5530 1186 5602 quod
1211 5545 1383 5599 neque
1408 5526 1687 5591 sacriﬁcia,
1711 5538 1883 5594 neque

294 5630 727 5685 boiocautomata
749 5667 765 5692 ,
797 5639 968 5696 neque
994 5623 1211 5692 reliqua:
1246 5618 1640 5692 puriﬁcationes
1659 5658 1675 5684 ,
1709 5631 1882 5686 neque

298 5730 561 5793 praetcrea
609 5720 894 5791 quidquam
938 5717 1134 5789 politi-.2
1183 5713 1421 5771 Judaicie
1458 5711 1752 5767 rediturum
1791 5710 1878 5765 sit.

291 5815 611 5882 Supererat,
630 5823 686 5867 ut
711 5812 1166 5867 demonstraretur
1193 5820 1478 5877 numquam
1513 5803 1627 5861 lore
1659 5811 1717 5859 ut
1746 5811 1879 5857 tem-

1449 355 1812 416 ADV’ERSUS
1848 353 1921 410 ἆυ
1934 350 2151 408 DADOS.
2197 350 2305 409 ΠΙ»

3407 345 3512 397 918

1935 464 2075 535 plum
2116 464 2456 517 instauratur.
2500 459 2630 514 Nam
2670 460 2807 515 sicut
2850 460 2940 513 illo
2982 475 3085 515 non
3125 467 3299 514 stante
3337 457 3517 513 omnia

1931 569 2073 610 nunc
2101 562 2223 609 sunt
2252 553 2523 623 abrogata,
2557 561 2610 607 et
2637 551 2684 607 si
2709 551 2834 623 quid
2860 551 3103 607 videatur
3134 550 3245 607 ﬁeri
3273 593 3288 617 ,
3316 549 3517 607 facinus

1931 654 2014 700 est
2045 644 2302 699 adversus
2330 643 2501 714 legem
2537 661 2548 695 :
2580 643 2650 697 ita
2680 653 2960 714 postquam
2989 642 3409 697 demonstratum
3438 651 3519 695 est

1934 752 2220 807 numquam
2253 735 2366 790 fore
2403 744 2461 789 llt
2502 735 2759 805 templum
2797 734 2979 789 redeat
3007 734 3072 788 ad
3104 734 3384 805 pristinum
3412 745 3521 788 sta-

1936 839 2047 883 tum
2070 871 2086 896 ,
2113 828 2302 883 eadem
2340 842 2501 897 opera
2535 834 2589 881 et
2627 826 2754 880 illud
2783 825 3202 881 demonstratum
3230 835 3347 894 est,
3377 825 3521 896 quod

1938 936 2110 990 neque
2140 919 2322 975 exteri
2351 920 2484 974 ritus
2509 929 2563 975 ct
2590 921 2764 974 cultus
2791 918 2860 973 ad
2887 919 3167 989 pristinum
3194 928 3391 975 statum
3418 920 3525 973 sint

1939 1013 2199 1079 redituri,
2240 1026 2347 1067 non
2386 1011 2637 1068 sacerdos
2674 1011 2881 1067 futurus
2917 1012 3217 1082 quispiam,
3261 1028 3366 1066 non
3407 1027 3521 1066 rex.

1939 1103 2155 1159 Etenim
2193 1104 2239 1158 si
2279 1120 2384 1159 non
2423 1104 2617 1161 licebat
2656 1105 2824 1159 cuivis
2850 1120 2917 1160 ex
2946 1104 3182 1175 ipsorum
3212 1106 3526 1175 cognatione

1940 1196 2183 1265 quamvis
2219 1196 2431 1266 plebeio
2453 1237 2469 1264 ,
2512 1196 2713 1251 servire
2744 1195 3056 1265 alienigenis
3081 1236 3097 1262 ,
3143 1192 3311 1250 multo
3358 1195 3528 1266 magis

1942 1286 2022 1341 las
2051 1301 2158 1341 non
2181 1296 2296 1341 erat
2321 1287 2494 1357 ipsum
2534 1302 2712 1358 regem
2742 1287 3051 1357 alienigenis
3076 1286 3286 1356 subjici.
3327 1285 3529 1341 Verum

1942 1379 2191 1448 quoniam
2228 1379 2315 1435 hic
2347 1379 2716 1434 contendimus
2751 1392 3111 1448 conamurque
3145 1393 3253 1432 non
3286 1388 3525 1443 tantum,

1947 1479 2000 1523 ut
2030 1469 2135 1524 illis
2163 1470 2473 1525 obturelnns
2500 1485 2580 1536 os,
2608 1470 2980 1525 verumvetiam
3009 1478 3064 1524 ut
3092 1479 3321 1524 vestram
3345 1469 3529 1525 carita-

1947 1569 2053 1615 tem
2081 1562 2388 1616 erudiamus
2416 1578 2431 1616 :
2460 1577 2557 1632 age
2584 1561 2684 1616 hoc
2709 1561 2880 1631 ipsum
2907 1560 3121 1616 aliunde
3144 1560 3535 1616 demonstrabi-

1951 1667 2090 1719 mus,
2117 1652 2363 1708 videlicet
2391 1653 2532 1722 quod
2560 1652 2662 1707 illis
2687 1661 2742 1707 et
2767 1651 3147 1707 sacriﬁciorum
3172 1660 3224 1707 et
3249 1650 3533 1705 sacerdotii

1947 1743 2067 1797 [illis
2088 1746 2174 1808 sit,
2203 1743 2337 1799 adeo
2363 1755 2421 1800 ut
2446 1761 2733 1816 numquam
2752 1745 2981 1816 amplius
3008 1744 3073 1798 ad
3106 1744 3378 1813 pristinam
3405 1758 3533 1798 con-

1947 1838 2283 1891 suetudinem
2314 1837 2430 1893 htcc
2456 1838 2565 1892 sint
2590 1838 2845 1893 reditura.
2877 1837 3007 1904 Quis
3037 1837 3194 1908 igitur
3223 1836 3338 1891 hare
3363 1836 3535 1892 dicit?

1949 1929 2309 1984 Adlniraudus
2327 1930 2419 1985 ille
2437 1946 2499 1984 ac
2520 1945 2741 2000 magnus
2763 1929 3019 2000 propheta
3040 1929 3224 1984 David.
3249 1928 3537 1983 Declarans
3572 1922 3579 1931 ’

1950 2018 2095 2074 enim
2142 2019 2268 2073 illud
2309 2020 2690 2075 sacriﬁciorum
2733 2035 2901 2090 genus
2939 2035 3058 2075 esse
3097 2018 3452 2090 ejiciendum,
3483 2030 3540 2074 et

1951 2110 2096 2166 aliud
2137 2111 2495 2167 inducendum
2516 2152 2531 2175 ,
2559 2112 2791 2182 loquitur
2827 2113 2878 2166 ill
2910 2110 3052 2166 hunc
3080 2112 3298 2167 modum
3328 2130 3341 2166 :
3373 2110 3541 2166 Multa

1946 2203 2116 2273 fecisti
2129 2203 2438 2271 tu,Domine
2463 2203 2778 2273 Deusmeus,
2796 2200 3047 2258 mirabilia
3076 2214 3183 2273 tua,
3210 2215 3254 2258 et
3283 2204 3542 2276 cogitatio-

1953 2296 2101 2351 nibus
2128 2297 2229 2350 tuis
2255 2313 2356 2351 non
2382 2307 2453 2351 est
2479 2296 2566 2370 qui
2589 2297 2765 2352 similis
2788 2297 2852 2352 sit
2879 2296 2968 2351 tibi
2992 2312 3011 2352 :
3038 2297 3332 2351 annuntiavi
3346 2337 3361 2362 ,
3392 2306 3441 2352 et
3467 2297 3543 2351 lo-

1954 2398 2139 2454 quutus
2157 2405 2271 2442 sum
2292 2388 2512 2459 (Psalm.
2536 2387 2624 2445 '59.
2652 2386 2728 2460 6).
2753 2387 2888 2444 Vide
2910 2388 3181 2459 prepbeta:
3204 2388 3541 2459 sapientiam.

1959 2476 2059 2535 Ubi
2070 2477 2313 2545 dixisset,
2332 2478 2498 2532 Multa
2513 2479 2676 2549 fecisti
2700 2488 2779 2547 tu,
2806 2479 3021 2534 Domine
3047 2478 3182 2534 Dens
3201 2496 3359 2546 meus,
3386 2483 3544 2533 mira.

1954 2568 2079 2624 bilia
2105 2579 2212 2637 tua,
2242 2570 2569 2640 stupefactus
2593 2570 2947 2627 admiratione
2971 2569 3135 2627 divini
3164 2571 3382 2640 opiﬁcii,
3411 2571 3545 2627 nihil

1956 2661 2023 2717 de
2044 2660 2348 2717 conditione
2370 2677 2548 2719 rerum
2570 2662 2722 2718 nobis
2746 2663 3178 2733 conspicuas-um,
3197 2664 3336 2730 caeli,
3361 2673 3541 2729 terrm,

1956 2752 2156 2823 maris,
2185 2762 2239 2810 et
2262 2769 2415 2825 aqua:
2434 2795 2450 2821 ,
2477 2763 2533 2809 et
2557 2754 2692 2826 ignis
2711 2796 2726 2820 ,
2756 2771 2862 2809 non
2893 2754 2962 2811 de
2987 2756 3265 2826 stupendis
3291 2756 3394 2811 illis
3421 2772 3546 2826 [ποι

1960 2842 2138 2914 digiis,
2160 2860 2281 2916 quae
2304 2844 2612 2900 acciderunt
2637 2845 2689 2899 ill
2716 2845 2969 2917 Egypto,
2994 2861 3100 2901 non
3121 2846 3190 2903 de
3213 2847 3423 2902 cmleris
3446 2846 3548 2901 llu-

1956 2933 2192 3005 jusmodi
2238 2934 2510 2990 miraculis
2538 2936 2590 3002 ί,
2621 2936 2714 2991 sed
2756 2952 2878 3007 qua:
2919 2937 3047 2992 dicit
3087 2952 3208 2992 esse
3249 2936 3549 2993 miracula?

1963 3025 2289 3093 Sacriﬁcium
2325 3036 2374 3079 et
2411 3024 2713 3080 oblationem
2753 3026 2959 3080 noluisti
2998 3024 3123 3098 (1b.
3153 3041 3201 3082 υ.
3232 3028 3328 3098 7).
3371 3028 3505 3097 Quid
3531 3069 3548 3094 ,

1963 3119 2208 3185 obsecro,
2231 3118 2363 3174 dicis
2379 3118 2407 3172 ?
2428 3120 2505 3173 An
2530 3118 2659 3173 illud
2682 3116 2999 3188 stupendum
3021 3127 3104 3174 est
3128 3134 3190 3174 ac
3213 3120 3510 3175 mirandum
3526 3122 3552 3173 ’ὲ

1962 3209 2304 3281 Nequaquam
2330 3251 2345 3277 ,
2394 3209 2596 3280 inquit;
2633 3224 2737 3262 non
2766 3211 2907 3263 enim
2936 3213 3037 3265 hoc
3063 3210 3231 3264 solum
3265 3210 3424 3277 vidit,
3455 3212 3551 3266 scd

1965 3302 2167 3357 ca'litus
2198 3301 2418 3356 edoctus
2448 3300 2807 3371 prospiciebat
2844 3301 3013 3356 oculis
3052 3301 3375 3371 plopheticis
3406 3304 3551 3355 lutu-

1965 3410 2086 3447 rum
2118 3401 2174 3447 ιιι
2212 3401 2396 3463 gentes
2433 3391 2858 3454 adducerentur,
2890 3399 2945 3446 et
2982 3391 3249 3461 quomodo
3285 3393 3373 3460 qui
3407 3392 3552 3462 prius

1966 3494 2123 3540 erant
2158 3484 2355 3540 addicti
2393 3484 2495 3538 diis
2518 3525 2533 3551 ,
2575 3480 2927 3554 coleballtque
2965 3483 3202 3553 lapides,
3246 3484 3555 3539 miseriores

1968 3576 2098 3646 ipsis
2144 3575 2311 3631 brutis
2354 3584 2572 3645 repente
2612 3576 2783 3629 visum
2826 3576 3164 3646 reciperent,
3209 3577 3556 3647 omniumque

1970 3667 2252 3722 Dominum
2281 3675 2666 3737 agnoscerent,
2696 3682 2758 3720 ac
2794 3666 2983 3721 relicto
3014 3667 3221 3737 impuro
3249 3667 3554 3722 dasnlonuln

1971 3761 2117 3816 cultu
2145 3776 2277 3830 pure
2296 3760 2534 3831 citraque
2552 3760 2861 3830 sanguinem
2886 3760 3050 3814 Deum
3077 3760 3333 3814 colerent.
3361 3759 3556 3815 Sintul-

1972 3866 2077 3921 que
2115 3851 2435 3920 intelligens,
2475 3849 2618 3920 quod
2658 3865 2763 3905 non
2810 3849 2884 3903 illi
2924 3850 3117 3917 solum,
3153 3850 3246 3905 sed
3294 3860 3341 3906 et
3385 3851 3557 3906 Judaei

1973 3941 2328 4013 simpliciores
2348 3941 2532 3996 relicta
2560 3940 2874 4005 hostiarum,
2892 3940 3401 4009 llolocautonlaluul,
3423 3944 3556 4000 alio-

1974 4050 2199 4104 rumque
2228 4033 2582 4103 corporalium
2609 4034 2803 4088 rituum
2832 4034 3202 4089 observatione
3227 4035 3291 4087 ad
3319 4044 3556 4091 nostram

1976 4136 2031 4182 et
2050 4126 2147 4196 ipsi
2170 4126 2558 4196 philosophiam
2584 4126 2994 4191 adducerentur,
3020 4126 3281 4196 simulque
3302 4137 3557 4195 reputans

1976 4217 2297 4272 ineﬂ'abilem
2329 4216 2423 4270 Dei
2450 4230 2575 4285 erga
2600 4231 2768 4285 genus
2798 4216 3084 4269 humanum
3115 4216 3409 4282 caritatem,
3439 4232 3558 4287 qua:

1976 4316 2193 4377 superat
2218 4322 2430 4362 omnem
2460 4306 2780 4360 intellectum
2804 4349 2821 4373 ,
2852 4314 2908 4360 et
2930 4308 3181 4361 attonitus
3208 4308 3560 4365 admiratione

1980 4410 2137 4454 tanta:
2178 4397 2487 4452 mutationis
2526 4395 2754 4463 futurae,
2795 4409 2849 4451 et
2891 4413 3047 4467 quam
3106 4399 3417 4453 mirabiliter
3458 4400 3560 4456 ista

1981 4492 2122 4545 Deus
2149 4490 2201 4544 in
2227 4490 2387 4542 alium
2413 4488 2653 4543 ordinem
2681 4488 3031 4544 translaturus
3052 4500 3214 4556 esset,
3238 4496 3291 4544 et
3317 4489 3562 4545 homines

1981 4598 2046 4639 ex
2074 4579 2404 4639 dmmonibus
2427 4581 2663 4635 facturus
2690 4580 2906 4651 angelos
2926 4620 2942 4646 ,
2975 4596 3037 4636 ac
3065 4582 3184 4635 vita:
3209 4596 3375 4651 genus
3405 4581 3567 4635 indu-

1980 4683 2163 4729 cturus
2190 4672 2335 4728 caelis
2364 4672 2601 4743 dignum.

2057 4766 2379 4835 Sacriﬁcium
2430 4782 2519 4837 per
2545 4781 2729 4836 corpus
2755 4762 2960 4821 Christi.
2991 4794 3061 4805 --
3080 4765 3214 4821 Tum
3253 4764 3395 4836 quod
3445 4766 3562 4820 Itt-c

1983 4860 2162 4914 omnia
2208 4866 2389 4914 essent
2436 4856 2611 4912 futura
2637 4866 2819 4913 vetere
2869 4858 3128 4913 sacrilicio
3156 4859 3376 4922 abolito,
3408 4869 3462 4913 et
3485 4859 3566 4913 al-

1988 4960 2103 5007 tero
2143 4953 2195 5005 in
2235 4950 2377 5005 illius
2428 4951 2602 5006 locum
2627 4949 2788 5005 ducto
2832 4964 2928 5020 per
2971 4966 3164 5022 corpus
3187 4949 3429 5004 Christi:
3463 4946 3562 5001 ad—

1987 5043 2210 5098 miratus
2237 5051 2415 5097 autem
2448 5057 2510 5096 ac
2549 5040 2878 5112 stupefactus
2903 5040 3112 5096 dicebat
3142 5059 3156 5095 :
3192 5041 3361 5095 Multa
3412 5052 3465 5095 tu
3494 5045 3568 5111 [e-

1987 5136 2097 5189 cisti
2132 5133 2271 5188 Deus
2297 5133 2550 5187 mirabilia
2576 5143 2682 5186 tua.
2711 5133 2777 5187 Et
2823 5132 2964 5202 quod
2993 5148 3058 5186 ex
3101 5146 3326 5201 persona
3372 5133 3568 5189 Christi

1989 5238 2157 5284 totum
2186 5226 2287 5282 hoc
2316 5226 2623 5282 vaticinium
2671 5224 2899 5280 ediderit
2948 5219 3146 5279 docens
3168 5265 3182 5289 ,
3240 5240 3361 5280 cum
3394 5224 3568 5279 dixis—

1988 5331 2109 5375 set:
2160 5318 2489 5387 Sacri/icium
2545 5326 2592 5370 et
2639 5316 2942 5383 oblationem
2998 5317 3208 5372 noluisti
3232 5357 3248 5382 ,
3295 5317 3565 5387 subjecit,

1985 5409 2182 5481 Corpus
2227 5420 2397 5466 autem
2439 5410 2695 5481 adaptasti
2745 5408 2904 5473 mihi;
2948 5409 3016 5465 de
3070 5425 3295 5480 corpore
3350 5411 3572 5481 loquens

1985 5503 2253 5558 dominico
2285 5541 2301 5567 ,
2346 5500 2614 5566 communi
2655 5514 2753 5570 pro
2795 5507 2906 5554 toto
2945 5500 3075 5555 orbe
3107 5499 3399 5564 sacriﬁcio,
3432 5501 3574 5570 quod

1995 5604 2211 5650 nostras
2236 5592 2540 5664 puriﬁcavit
2565 5592 2769 5647 animas
2793 5633 2806 5657 ,
2839 5600 3056 5660 peccata
3080 5591 3323 5646 dissolvit
3360 5591 3403 5657 ’,
3434 5606 3572 5645 mur-

2049 5685 2222 5751 ‘__Alii:
2251 5680 2497 5751 uersiculis
2516 5694 2534 5743 ;
2556 5681 2647 5751 sed
2666 5692 2777 5751 qua:
2797 5679 3098 5733 mirabiliora
3128 5689 3259 5745 stult;
3280 5680 3368 5733 illa
3389 5679 3577 5741 dicens,

1984 5746 2125 5797 addit
2148 5758 2166 5796 :
2190 5744 2489 5808 Sacriﬁctum
2505 5742 2551 5795 et
2572 5742 2872 5808 oblationem.
2885 5754 2995 5808 etc.

2051 5811 2072 5840 ³
2106 5808 2292 5872 Aliquot
2310 5805 2444 5857 lilss.:
2474 5813 2525 5856 El
2548 5805 2928 5869 peccauitmtnit.
