3958 6410
265 380 415 436 Ὧν

270 494 641 570 tiplicaveritis
683 491 1103 557 obsecrationem,
1145 504 1244 541 non
1275 484 1545 539 exaudiam
1595 496 1717 535 vos:
1749 493 1873 532 mox

267 602 505 642 musam
545 585 767 651 addens,
799 581 1173 654 prosequitur:
1199 576 1385 631 Manus
1410 576 1540 630 enim
1560 581 1737 627 vestrm
1758 587 1876 624 san-

275 678 447 749 guine
476 675 640 747 plena:
668 672 822 747 (Isai.
853 674 905 728 1.
953 670 1067 745 15).
1091 670 1205 725 Hoc
1242 676 1418 722 autem
1450 679 1556 720 non
1590 670 1673 718 est.
1713 660 1869 715 sacri-

281 773 413 827 ﬁcia
438 784 729 835 accusare,
786 768 881 823 sed
933 765 1271 821 oll‘erentium
1316 759 1648 830 iniquitatem
1692 754 1876 810 erimi-

273 862 434 917 aari.
490 860 558 915 Et
594 858 715 914 ideo
744 872 851 913 non
898 865 1117 925 accepta
1171 854 1354 908 habuit
1400 848 1696 913 sacriﬁcia,
1729 845 1870 916 quod

272 968 349 1009 ea
395 951 642 1007 manibus
684 950 908 1020 impuris
975 947 1249 1003 offerrent.
1283 945 1513 1000 Rursum
1557 938 1722 995 David
1751 952 1871 992 cum

274 1044 564 1099 dixisset:
600 1041 722 1096 Non
749 1042 1002 1113 accipiam
1038 1039 1100 1093 de
1151 1039 1300 1093 domo
1349 1045 1438 1089 tua
1473 1035 1655 1089 vitulos
1678 1071 1693 1097 ,
1718 1044 1877 1096 neque

271 1135 347 1188 de
372 1134 607 1205 gregibus
635 1136 734 1187 tuis
754 1133 923 1188 hircos
940 1129 1109 1204 (Psal.
1133 1127 1314 1194 49.9).
1342 1124 1540 1195 adjecit
1568 1143 1582 1179 :
1609 1121 1877 1178 Peecatori

272 1234 458 1279 autem
483 1224 611 1278 dixit
639 1221 810 1286 Deus,
838 1226 1019 1288 Quare
1034 1228 1090 1273 tu
1119 1234 1331 1272 enarras
1373 1215 1599 1281 iustitias
1627 1230 1764 1268 meas
1783 1254 1796 1277 ,
1830 1222 1879 1266 et

274 1316 509 1370 assumis
558 1321 908 1369 testamentum
944 1325 1110 1364 meum
1139 1324 1231 1379 per
1269 1323 1330 1361 os
1361 1307 1544 1360 tuum?
1580 1304 1657 1358 Tu
1711 1314 1881 1357 autem

278 1409 447 1464 odisti
483 1407 846 1476 disciplinam,
888 1411 933 1458 et
972 1401 1201 1474 abjecisti
1233 1416 1487 1455 sermones
1528 1415 1665 1452 meos
1692 1406 1880 1451 retror-

278 1517 426 1555 sum.
455 1497 514 1555 Si
544 1496 745 1553 videbas
769 1496 971 1567 furem,
999 1492 1233 1549 currebas
1258 1509 1375 1546 cum
1407 1508 1495 1558 eo,
1524 1500 1569 1546 et
1588 1508 1703 1545 cum
1729 1490 1880 1546 adul-

278 1591 415 1644 teris
469 1593 751 1659 portionem
805 1597 945 1641 tuam
992 1586 1221 1657 ponebas
1258 1599 1280 1638 :
1324 1601 1399 1638 οε.
1426 1592 1567 1638 tuum
1604 1583 1879 1639 abundavit

278 1681 522 1747 malitia,
561 1689 607 1735 et
632 1679 809 1750 lingua
857 1689 945 1732 tua
970 1676 1264 1732 conterebat
1304 1677 1450 1731 dolos
1482 1676 1735 1742 :sedens,
1778 1677 1877 1729 ad-

277 1787 462 1826 versus
516 1772 729 1839 fratrem
773 1778 918 1822 tuum
964 1767 1277 1822 obtrectabas
1298 1809 1313 1833 ,
1343 1777 1391 1821 el
1428 1768 1668 1822 adversus
1712 1767 1879 1836 [ilium

277 1863 471 1917 matris
514 1871 616 1917 tua:
656 1859 877 1931 ponebas
926 1858 1292 1927 o/fendiculum
1339 1858 1512 1930 (Psal.
1547 1862 1639 1917 49.
1674 1858 1874 1931 16.20).

279 1952 447 2010 Unde
473 1950 812 2023 perspicuum
851 1959 933 2007 est
958 1993 973 2019 ,
1002 1950 1144 2021 quod
1172 1965 1279 2005 non
1334 1950 1419 2006 hic
1448 1949 1666 2005 omnino
1693 1949 1888 2019 rejeeit

278 2044 589 2110 sacriﬁcia,
641 2043 736 2099 sed
808 2043 1058 2114 quoniam
1122 2040 1569 2110 moechabantur,
1626 2041 1883 2111 quoniam

279 2137 635 2203 furabantur,
666 2134 919 2205 quoniam
972 2132 1227 2189 fratribus
1281 2131 1689 2188 insidiabantur.
1721 2132 1879 2187 Certe

275 2245 411 2283 cum
457 2228 819 2299 unusquisque
866 2225 1246 2297 prophetarum
1277 2269 1292 2294 ,
1340 2226 1631 2296 inquiunt,
1663 2234 1879 2280 accuset

274 2320 573 2376 oﬂ‘erentes
656 2318 915 2375 sacriﬁcia
944 2360 961 2386 ,
1032 2319 1110 2374 sic
1179 2318 1266 2375 illa
1346 2319 1512 2375 Deum
1609 2320 1879 2389 respuisse

276 2412 439 2467 dicit.

358 2504 412 2557 4.
446 2501 702 2558 Probatur
754 2507 915 2575 legem
961 2503 1214 2558 sublatam
1239 2503 1398 2574 fuisse
1421 2519 1526 2558 non
1574 2503 1637 2557 ob
1669 2513 1877 2573 peccata

275 2596 586 2651 Iudaeorum
609 2639 624 2666 ,
653 2597 742 2653 sed
766 2598 905 2669 quod
948 2598 1242 2670 imperfecta
1268 2605 1415 2653 esset.
1431 2628 1506 2638 —
1528 2597 1656 2653 llam
1685 2596 1875 2652 adver-

278 2689 418 2745 sarii
442 2691 616 2746 nostri
662 2690 874 2773 dicunt,
901 2691 996 2747 sed
1026 2691 1222 2747 Paulus
1247 2691 1351 2747 illis
1376 2692 1582 2762 plagam
1606 2690 1734 2746 satis
1763 2707 1875 2746 ma-

277 2797 443 2852 gnam
486 2782 712 2849 inﬂixit,
745 2792 799 2839 et
824 2783 1036 2840 abunde
1060 2784 1274 2839 illorum
1319 2783 1664 2854 impudentim
1707 2783 1872 2839 silen-

281 2872 423 2927 tium
481 2873 764 2944 imposuit,
814 2873 916 2929 hoc
974 2874 1300 2931 testimonio.
1352 2874 1485 2930 Cum
1531 2877 1673 2930 enim
1714 2874 1876 2931 vellet

278 2963 610 3032 ostendere,
654 2966 821 3020 Deum
866 2966 1037 3037 ipsam
1086 2965 1395 3021 Iudaeorum
1447 2966 1760 3036 religionem
1815 2975 1874 3021 ut

279 3056 732 3127 imperfectiorcm
775 3059 1028 3127 rejecisse
1052 3099 1068 3126 ,
1136 3058 1446 3129 irritamque
1492 3058 1720 3125 fecisse,
1770 3058 1873 3114 hoc

280 3149 583 3219 assumpsit
620 3150 1023 3218 testimonium,
1079 3149 1133 3204 in
1176 3164 1283 3220 quo
1321 3150 1588 3221 accusatio
1637 3149 1871 3205 oll'eren-

280 3241 417 3295 tium
464 3240 610 3296 nulla
658 3251 772 3309 est,
815 3243 910 3297 sed
958 3241 1127 3312 ipsius
1192 3241 1467 3312 religionis
1536 3240 1871 3311 imperfectio

280 3331 425 3389 nuda
469 3348 566 3405 per
587 3348 646 3389 se
671 3333 991 3389 declaratur.
1022 3332 1287 3404 Propheta
1338 3333 1480 3387 enim
1513 3334 1656 3388 nulla
1705 3334 1756 3388 in
1811 3349 1872 3391 re

280 3439 542 3481 accusans
581 3425 831 3494 Judreos,
866 3426 1179 3498 simpliciter
1225 3426 1304 3480 sic
1342 3425 1574 3496 loquitur
1605 3442 1618 3481 :
1652 3425 1872 3495 Sacriﬁ-

280 3518 418 3572 cium
467 3527 513 3572 et
544 3517 847 3573 oblationem
889 3518 1130 3586 noluisti,
1162 3535 1349 3589 corpus
1391 3529 1561 3574 autem
1614 3519 1872 3591 adaptasti

282 3609 411 3663 mihi
432 3650 449 3676 ,
478 3610 884 3665 holocautomata
913 3622 960 3665 et
978 3628 1070 3682 pro
1096 3622 1301 3682 peccato
1328 3628 1428 3666 non
1448 3611 1671 3683 probasti
1697 3610 1866 3683 (Psal.

281 3702 375 3760 43.
400 3705 478 3773 7).
512 3696 676 3770 quue
719 3716 993 3772 exponens
1040 3703 1236 3757 Paulus
1273 3702 1387 3757 ait:
1422 3701 1578 3757 Tollit
1604 3703 1775 3773 prius,
1815 3710 1870 3755 ut

283 3792 535 3861 posterius
554 3802 746 3847 statuat
764 3792 945 3863 (Hebr.
967 3794 1054 3849 10.
1077 3793 1154 3865 9).
1182 3794 1311 3849 Nam
1341 3804 1686 3867 posteaquam
1712 3794 1867 3863 dixit,

285 3885 608 3952 Sacriﬁcium
657 3895 704 3940 et
733 3886 1036 3941 oblationem
1096 3888 1303 3943 noluisti
1332 3905 1351 3943 :
1380 3889 1573 3945 deinde
1625 3888 1863 3957 addidit,

282 3975 481 4046 Corpus
509 3987 676 4031 autem
700 3978 958 4050 adaptasti
982 3979 1138 4035 mihi:
1163 3989 1442 4051 postquam
1468 3982 1701 4036 ostendit
1726 3982 1869 4037 aliud

283 4064 560 4123 inductum
609 4068 926 4124 sacriﬁcium
952 4112 965 4136 ,
998 4070 1197 4124 nullam
1248 4081 1506 4141 praeterea
1541 4087 1690 4142 spem
1720 4071 1871 4127 dedit

283 4159 561 4228 futurum,
611 4169 670 4215 ut
719 4160 846 4217 illud
895 4162 1282 4217 restitueretur.
1338 4164 1403 4218 Et
1451 4163 1553 4218 hoc
1583 4165 1754 4233 ipsum
1787 4164 1870 4217 in-

285 4259 586 4320 terpretans
615 4252 810 4308 Paulus
834 4295 848 4320 ,
880 4253 1015 4309 dixit
1041 4270 1055 4307 :
1090 4253 1194 4307 Per
1238 4253 1542 4307 oblationem
1572 4255 1705 4308 hanc
1746 4271 1870 4309 stm-

280 4341 492 4408 eti/icati
522 4358 696 4397 sanius
715 4343 768 4398 in
794 4344 1050 4399 uoluntate
1087 4344 1276 4400 Christi
1307 4343 1412 4415 (Ib.
1438 4362 1485 4399 υ.
1511 4345 1622 4415 10).
1652 4345 1714 4401 Si
1735 4347 1867 4400 enim

283 4433 494 4503 sanguis
526 4443 788 4490 taurorum
815 4447 860 4490 et
905 4437 1161 4492 hircorum
1184 4478 1200 4504 ,
1240 4447 1286 4491 et
1313 4438 1443 4492 cinis
1493 4440 1665 4493 vitula:
1689 4456 1868 4510 asper-

281 4542 371 4579 sus
421 4525 707 4595 inquinatos
759 4528 1045 4598 sanctiﬁcat
1090 4530 1158 4582 ad
1203 4530 1370 4584 carnis
1414 4531 1817 4584 emundationem
1847 4547 1869 4586 :

283 4626 475 4688 quamo
501 4620 664 4689 magis
691 4619 901 4691 sanguis
951 4619 1080 4676 Jesu
1129 4618 1351 4687 Christi,
1384 4623 1467 4691 qui
1500 4638 1589 4692 per
1621 4621 1868 4692 Spiritum

283 4717 515 4762 sanctum
543 4709 721 4765 obtulit
763 4711 1086 4781 semetipsum
1130 4713 1511 4767 immaculatum
1534 4754 1549 4779 ,
1579 4714 1869 4768 emundabit

282 4801 642 4855 conscientiam
699 4809 922 4856 nostram
966 4803 1031 4857 ab
1073 4804 1306 4875 operibus
1332 4804 1541 4858 mortuis
1589 4803 1774 4875 (Hebr.
1812 4804 1867 4859 9.

1482 357 1841 422 ADVERSUS
1876 355 2178 414 ιυῡλεοδ.
2221 357 2333 413 Vll.

3471 356 3577 412 923

1985 477 2164 544 potius
2209 477 2485 533 tredecim.
2544 478 2986 550 Quandoquidem
3055 479 3171 534 loco
3216 476 3416 547 Josepb
3469 478 3576 532 duo

1985 570 2152 640 ipsius
2174 570 2267 625 lilii
2296 570 2553 641 Ephraim
2581 581 2634 627 et
2676 573 2949 629 Manasses
2975 573 3296 628 exstiterunt
3341 572 3572 628 tribuum
3600 602 3605 607 ~

1986 660 2273 731 principes.
2315 661 2383 716 Et
2411 662 2860 732 quemadmodum
2901 664 3186 735 unicuique
3229 663 3459 719 ﬁliorum
3484 664 3574 719 Ja~

1983 750 2085 804 cob
2113 751 2281 806 tribus
2305 753 2625 822 cognomine
2668 754 3061 824 respondebat,
3089 755 3299 818 Ruben,
3331 757 3571 818 Simeon,

1985 840 2131 903 Levi,
2164 841 2322 907 Juda,
2361 843 2726 915 Ncphthalim,
2755 843 2869 900 Gad
2895 888 2910 914 ,
2950 848 3108 914 Aser,
3132 846 3407 917 Benjamin
3444 863 3457 900 :
3494 860 3573 901 src

1983 931 2084 987 sub
2107 932 2303 1003 loseph
2330 934 2435 989 duo
2479 936 2618 990 illius
2651 935 2764 1001 ﬁlii,
2794 936 3036 992 Manasse
3065 945 3118 991 et
3159 936 3413 1007 Ephraim
3440 978 3455 1004 ,
3487 951 3576 991 co-

1982 1039 2214 1093 gnomen
2260 1025 2514 1081 indebant
2567 1027 2807 1083 tribubus
2845 1038 2939 1084 :et
2966 1028 3372 1099 appellabantur
3409 1029 3571 1082 altera

1984 1115 2196 1185 quidem
2225 1115 2480 1186 Ephraim
2506 1159 2521 1185 ,
2576 1118 2742 1175 altera
2764 1134 2894 1175 vero
2944 1119 3208 1175 Manasse.
3240 1119 3440 1173 llarum
3476 1120 3577 1174 ila-

1983 1221 2087 1277 que
2117 1206 2395 1275 tredecim,
2425 1216 2634 1264 eteterte
2662 1210 2877 1281 quidem
2907 1225 3096 1265 omnes
3116 1225 3272 1281 agros
3305 1210 3575 1266 habebant

1984 1314 2048 1354 ac
2086 1311 2380 1371 proventus
2407 1302 2622 1369 multos,
2656 1314 2712 1359 et
2739 1304 3168 1374 agricolahantur
3207 1321 3414 1371 omnes,
3453 1308 3577 1361 relio

1987 1406 2197 1461 quaque
2236 1394 2416 1447 omnia
2486 1395 2812 1451 exercebant
2864 1395 2930 1451 ad
2977 1397 3174 1452 victum
3235 1399 3574 1467 pertinentia.

1983 1479 2248 1536 Caeterum
2288 1485 2455 1538 tribus
2510 1485 2637 1540 Levi
2684 1487 2795 1541 sola
2850 1486 3109 1544 honorata
3150 1491 3489 1559 sacerdotio,
3540 1508 3571 1546 a

1984 1575 2211 1644 negotiis
2239 1575 2306 1630 ad
2349 1576 2543 1632 victum
2595 1580 2983 1649 pertinentibus
3020 1582 3239 1639 liberata
3268 1594 3426 1651 erat,
3482 1603 3577 1641 nc-

1983 1682 2087 1737 que
2128 1668 2375 1724 colebant
2422 1687 2580 1743 agros
2607 1715 2620 1739 ,
2654 1689 2828 1745 neque
2857 1675 3153 1732 tractabant
3194 1688 3369 1747 artes,
3407 1696 3576 1751 neque

1984 1768 2242 1827 pra-terea
2274 1761 2563 1833 quidquam
2606 1764 2762 1834 hujus
2812 1769 3025 1836 generis
3077 1772 3436 1837 exercebant,
3482 1774 3576 1828 sed

1983 1849 2080 1904 soli
2114 1852 2415 1908 sacerdotio
2456 1856 2719 1912 vacabant
2740 1898 2756 1924 ,
2786 1873 2850 1914 ac
2881 1858 3120 1916 decimas
3177 1862 3514 1933 accipiebant
3543 1880 3573 1918 τι

1985 1950 2098 1998 toto
2143 1944 2337 2014 populo
2384 1954 2494 2000 tum
2542 1948 2679 2016 vini,
2717 1957 2827 2004 tum
2873 1950 3155 2020 frumenti,
3201 1962 3310 2008 tum
3362 1954 3570 2021 hordei,

1982 2035 2147 2091 etde
2191 2037 2313 2093 aliis
2378 2039 2543 2095 rebus
2593 2042 2845 2098 omnibus
2904 2043 3170 2100 decimam
3218 2046 3327 2102 illis
3372 2050 3573 2118 portio-

1982 2141 2104 2181 nem
2134 2127 2333 2185 dabant
2360 2146 2549 2188 omnes
2576 2176 2591 2201 ,
2620 2144 2675 2191 et
2701 2134 2786 2190 hic
2812 2146 2927 2192 erat
2974 2137 3079 2193 illis
3117 2149 3429 2209 proventus.
3467 2141 3576 2197 Nec

1982 2217 2064 2274 fas
2095 2228 2212 2275 erat
2239 2236 2303 2276 ex
2335 2222 2443 2279 ulla
2472 2225 2574 2279 alia
2606 2226 2747 2281 tribu
2777 2228 3111 2285 sacerdotem
3144 2246 3398 2303 umquam
3430 2232 3566 2288 ﬁeri.

1981 2312 2062 2367 Ex
2116 2313 2214 2369 hac
2246 2316 2392 2370 enim
2423 2318 2561 2373 tribu
2596 2317 2774 2375 factus
2806 2329 2891 2377 est
2931 2322 3145 2391 Aaron,
3192 2325 3444 2380 nimirum
3502 2327 3569 2381 de

1983 2405 2121 2459 tribu
2157 2406 2323 2472 Levi,
2378 2423 2442 2463 ac
2483 2425 2579 2479 per
2606 2412 3004 2468 successionem
3048 2413 3190 2469 illius
3244 2419 3446 2486 posteri
3480 2434 3570 2473 sa-

1974 2497 2280 2560 cerdotium
2341 2501 2729 2571 accipiebant,
2804 2519 2980 2575 neque
3023 2507 3251 2578 quisque
3323 2525 3571 2581 umquam

1980 2588 2231 2645 sacerdos
2267 2605 2332 2645 ex
2372 2591 2480 2647 alia
2524 2594 2664 2650 tribu
2710 2604 2922 2651 creatus
2961 2605 3065 2652 est.
3122 2599 3186 2653 lli
3233 2600 3416 2671 itaque
3468 2602 3569 2660 Le-

1982 2678 2108 2734 vita:
2136 2679 2372 2736 decimas
2421 2682 2489 2739 ab
2536 2683 2641 2740 illis
2669 2686 3024 2757 accipiebant,
3055 2697 3109 2745 et
3145 2690 3226 2745 sic
3260 2690 3564 2749 alebantur.

1977 2769 2086 2827 Sed
2136 2781 2264 2829 ante
2331 2773 2497 2833 Iacob
2538 2777 2639 2832 sub
2692 2776 2887 2849 Isaac,
2925 2782 3026 2838 sub
3090 2782 3399 2853 Abraham,
3451 2801 3568 2850 cum

1978 2862 2218 2919 nondum
2254 2873 2396 2921 esset
2446 2866 2653 2935 Moses,
2683 2869 2918 2926 nondum
2944 2872 3141 2944 scripta
3171 2873 3289 2941 lex,
3335 2877 3569 2935 nomium

1980 2952 2273 3010 Leviticum
2309 2957 2671 3014 sacerdotium
2703 2971 2848 3017 esset
2898 2964 3165 3033 proditum
3189 3008 3204 3032 ,
3255 2983 3362 3023 non
3394 2969 3570 3024 taber-

1976 3048 2248 3115 naculum,
2279 3064 2386 3105 non
2429 3052 2687 3121 templum
2726 3062 2912 3123 esset,
2946 3070 3055 3111 non
3109 3058 3276 3115 tribus
3302 3060 3566 3129 discretae,

1976 3154 2084 3192 non
2113 3138 2408 3195 Jerusalem
2455 3149 2728 3209 exstaret,
2757 3158 2880 3198 cum
2923 3146 3102 3202 nullus
3133 3150 3355 3206 omnino
3385 3151 3435 3205 in
3463 3152 3561 3208 .lu-

1976 3227 2126 3284 (locos
2169 3244 2350 3285 rerum
2398 3231 2754 3303 principatum
2796 3247 3152 3306 occupasset,
3207 3240 3303 3295 fuit
3349 3243 3565 3312 quidam

1976 3319 2331 3376 Melchisech
2368 3322 2620 3378 sacerdos
2648 3325 2741 3379 Dei
2776 3326 3042 3382 altissimi.
3079 3328 3176 3386 llic
3216 3330 3567 3391 Melchisedec

1975 3422 2092 3468 erat
2138 3430 2233 3469 rex
2275 3414 2414 3470 idem
2446 3424 2499 3470 et
2521 3418 2775 3473 sacerdos
2807 3438 2820 3473 :
2848 3429 3005 3491 typus
3052 3422 3196 3478 enim
3215 3424 3421 3481 iuturus
3446 3439 3564 3483 erat

1976 3505 2203 3572 Christi,
2254 3507 2404 3577 cujus
2433 3518 2487 3565 et
2521 3507 2795 3580 Scriptura
2823 3513 3103 3570 manifeste
3134 3519 3396 3573 meminit.
3428 3519 3563 3577 Cum

1976 3598 2118 3652 enim
2173 3599 2440 3654 Abraham
2487 3602 2680 3657 Persas
2743 3604 2994 3672 adortus,
3041 3607 3220 3664 fratris
3287 3610 3394 3667 ﬁlio
3468 3613 3565 3669 Lot

1974 3706 2039 3745 ex
2077 3691 2287 3746 illorum
2325 3695 2570 3749 manibus
2609 3706 2797 3767 erepto
2821 3741 2836 3765 ,
2885 3701 3136 3757 omnibus
3183 3704 3371 3774 spoliis
3414 3707 3561 3762 dire-

1974 3781 2080 3851 ptis
2107 3782 2347 3851 rediret,
2385 3784 2628 3841 hostibus
2669 3789 2865 3845 virtute
2912 3790 3170 3859 devictis,
3204 3794 3343 3850 lnmc
3366 3796 3416 3850 in
3450 3814 3565 3851 mo-

1974 3872 2100 3927 dum
2149 3874 2218 3930 de
2265 3875 2625 3933 Melchisedee
2686 3879 2924 3951 loquitur
2968 3883 3240 3956 Scriptura
3274 3904 3286 3940 :
3316 3885 3383 3941 Et
3428 3887 3565 3944 Mel-

1973 3963 2203 4019 cltisedec
2249 3982 2339 4020 rea:
2382 3966 2558 4022 Salem
2613 3970 2790 4025 obtulit
2850 3989 3033 4042 panem
3088 3993 3150 4030 ac
3197 3978 3405 4044 vinum;
3455 3992 3564 4036 erat

1973 4057 2107 4110 enim
2152 4058 2390 4113 sacerdos
2430 4059 2528 4114 Dei
2577 4060 2848 4128 altissimi;
2893 4074 2942 4118 et
2996 4066 3248 4123 benedimit
3298 4070 3518 4127 Abraha:
3547 4115 3562 4139 ,

1974 4146 2199 4215 dixitque
2223 4165 2243 4204 :
2276 4150 2566 4205 benedictus
2609 4168 2661 4207 es
2703 4152 2965 4209 Abraham
3002 4155 3129 4211 Deo.
3161 4160 3410 4214 altissimo
3431 4205 3445 4227 ,
3476 4167 3562 4233 qui

1972 4239 2157 4293 creavit
2200 4240 2380 4295 caelum
2420 4251 2468 4295 et
2494 4251 2677 4295 terram
2701 4285 2715 4310 ,
2749 4253 2795 4297 et
2847 4244 3136 4301 benedictus
3180 4245 3321 4304 Deus
3372 4252 3564 4307 altissi-

1972 4346 2105 4393 mus,
2154 4332 2242 4401 qui
2281 4333 2492 4387 tradidit
2538 4335 2770 4390 inimicos
2801 4346 2914 4392 tuos
2964 4338 3017 4393 in
3068 4356 3249 4396 manus
3310 4353 3444 4399 tuas.
3492 4344 3563 4401 Et

1972 4422 2108 4476 dedit
2123 4423 2200 4479 illi
2223 4424 2443 4480 decimas
2457 4443 2522 4481 ea:
2543 4428 2772 4483 omnibus
2785 4430 3040 4485 Abraham
3059 4432 3210 4504 (Gen.
3238 4436 3324 4490 14.
3347 4436 3556 4511 18-20).

1973 4515 2029 4572 Si
2069 4519 2189 4587 quis
2219 4518 2379 4588 igitur
2408 4519 2789 4590 prophetarum
2826 4525 3035 4579 exstitit
3060 4565 3076 4592 ,
3107 4527 3197 4597 qui
3225 4527 3390 4594 dicat,
3419 4530 3562 4600 quod

1974 4619 2095 4681 post
2133 4610 2404 4667 Abraham
2433 4654 2449 4679 ,
2501 4624 2724 4684 postque
2755 4617 3113 4673 sacerdotium
3166 4620 3330 4689 illud,
3360 4632 3415 4679 et
3442 4623 3561 4679 haec

1973 4704 2231 4759 sacriﬁcia
2268 4714 2429 4775 atque
2469 4707 2768 4765 oblationes
2792 4750 2807 4775 ,
2847 4712 3151 4769 exoriturus
3181 4724 3328 4771 esset
3370 4732 3551 4773 sacer-

1973 4794 2071 4849 dos
2110 4796 2244 4849 alius
2270 4835 2285 4862 ,
2314 4812 2422 4851 non
2468 4813 2534 4853 ex
2580 4798 2666 4854 illa
2710 4800 2853 4856 tribu
2881 4842 2897 4867 ,
2922 4803 3017 4859 sed
3056 4819 3123 4859 ex
3153 4807 3291 4872 alia,
3337 4823 3403 4863 ex
3444 4823 3549 4877 qua

285 4889 378 4946 15.
410 4890 730 4962 Ηγῖιωᾳυθ
759 4892 898 4962 quod
926 4893 1055 4947 illud
1073 4893 1392 4950 sacriﬁcium
1418 4895 1749 4966 antiquatum
1776 4897 1866 4961 sit,
1895 4899 1943 4945 Γ
1974 4903 2263 4958 numquam
2320 4900 2533 4946 creatus
2579 4900 2663 4947 est
2719 4893 2972 4951 sacerdos
3012 4937 3028 4963 ,
3082 4912 3187 4952 non
3257 4900 3566 4956 secundum,

283 4991 343 5038 et
386 4983 523 5038 aliud
552 4985 602 5039 in
653 4986 771 5055 ejus
808 4986 984 5041 locum
1032 4987 1336 5056 inductum,
1363 4988 1612 5059 quodque
1647 4990 1870 5059 posthac

286 5072 414 5131 illud
457 5091 559 5129 non
591 5077 662 5131 sit
699 5077 1083 5133 restituendum
1110 5079 1238 5133 satis
1263 5121 1277 5145 ,
1306 5095 1372 5134 ex
1411 5080 1496 5136 his
1534 5080 1870 5136 demonstra-

290 5175 403 5219 tum
434 5175 535 5220 est.
567 5168 681 5237 Age
704 5167 816 5237 jam
842 5180 1115 5238 superest,
1165 5176 1221 5223 ut
1257 5168 1399 5238 quod
1448 5170 1646 5225 (ludum
1691 5170 1866 5226 conati

284 5275 472 5315 sumus
501 5261 906 5328 demonstrare,
954 5263 1092 5315 illius
1158 5262 1440 5317 sacerdotii
1497 5265 1631 5318 ritus
1694 5278 1867 5332 neque

285 5352 398 5426 jam
447 5368 741 5422 apparere,
789 5368 962 5424 neque
1006 5352 1182 5408 denuo
1240 5353 1541 5421 redituros,
1592 5354 1868 5409 evidenter

290 5447 395 5501 hoc
419 5446 699 5516 palamque
731 5462 762 5503 e
799 5446 1089 5516 Scripturis
1110 5445 1239 5515 ipsis
1268 5444 1556 5501 dilucidum
1589 5447 1864 5512 faciamus,

293 5550 458 5605 pauca
488 5538 638 5607 prius
651 5537 801 5593 vobis
823 5536 1024 5608 praefati
1045 5579 1061 5604 ,
1096 5553 1201 5608 quo
1229 5538 1318 5592 ﬁat
1345 5537 1655 5594 evidentior
1679 5554 1865 5593 eorum

288 5644 410 5697 qua:
438 5629 684 5685 dicentur
713 5630 1002 5685 enarratio.
1032 5630 1301 5685 Abraham
1322 5644 1571 5684 reversus
1597 5646 1627 5683 e
1648 5629 1867 5685 Perside

289 5720 474 5791 genuit
498 5719 647 5775 Isaac
670 5762 685 5786 ,
704 5720 853 5776 Isaac
894 5720 1087 5776 deinde
1098 5720 1465 5790 .lacob,Jacob
1489 5720 1771 5777 duodecim
1798 5720 1864 5775 ﬁ-

293 5814 425 5880 lios,
456 5830 523 5870 ex
572 5813 763 5885 quibus
791 5814 1041 5886 proiecta:
1081 5824 1204 5871 sunt
1224 5814 1504 5871 duodecim
1536 5815 1743 5882 tribus,
1775 5814 1859 5870 vel

1973 4983 2217 5038 ordinem
2266 4983 2528 5052 Aaronis,
2583 4983 2679 5039 sed
2726 4986 3019 5041 secundum
3043 4988 3290 5045 ordinem
3342 4991 3562 5045 Melchi-

1973 5075 2133 5129 sedee
2178 5093 2191 5129 :
2233 5073 2578 5130 manifestum
2620 5084 2735 5141 est,
2788 5077 2930 5147 quod
2986 5086 3139 5134 vetus
3195 5081 3558 5137 sacerdotium

1972 5165 2224 5230 cessavit,
2251 5165 2391 5220 aliud
2423 5175 2599 5221 autem
2643 5182 2839 5222 novum
2885 5169 2937 5223 in
2984 5169 3127 5225 illius
3171 5171 3346 5227 locum
3403 5173 3563 5228 indu-

1973 5266 2113 5311 ctum
2138 5265 2239 5311 est.
2263 5256 2395 5311 Nam
2436 5257 2481 5311 si
2535 5256 2770 5312 futurum
2812 5268 2949 5324 erat,
2993 5268 3049 5314 ut
3073 5269 3225 5315 vetus
3265 5262 3392 5317 illud
3422 5264 3561 5318 obtr-

1974 5357 2168 5414 neret,
2210 5348 2316 5403 non
2367 5347 2663 5404 secundum
2711 5350 2951 5406 ordinem
3010 5351 3367 5411 Melchisedee
3395 5396 3408 5420 ,
3466 5356 3560 5411 sed

1973 5440 2264 5497 secundum
2297 5439 2543 5496 ordinem
2572 5441 2751 5496 Aaron
2780 5444 3017 5513 oportuit
3066 5444 3193 5500 diei.
3219 5445 3367 5513 Quis.
3401 5448 3559 5519 igitur

1973 5532 2076 5589 hoc
2118 5534 2284 5589 dicit?
2332 5533 2432 5588 llic
2481 5534 2596 5604 ipse
2646 5534 2735 5604 qui
2785 5535 2853 5590 de
2913 5536 3190 5594 sacriﬁciis
3244 5539 3495 5609 loquutus
3539 5581 3558 5608 ,

1971 5623 2039 5680 de
2068 5623 2278 5679 Christo
2296 5624 2568 5680 disserens
2593 5624 2694 5679 hoc
2721 5641 2933 5697 quoque
2971 5628 3173 5684 alicubi
3209 5629 3351 5685 dixit
3378 5651 3391 5683 ~.
3422 5630 3565 5687 Dia-it

1972 5717 2221 5773 Dominus
2272 5716 2486 5772 Domino
2537 5734 2684 5777 meo:
2715 5714 2845 5771 Sede
2871 5736 2907 5772 α
2945 5719 3141 5776 dextris
3182 5722 3302 5777 meis
3354 5722 3382 5791 (
3411 5721 3555 5779 Psal.

1973 5814 2092 5869 109.
2128 5814 2194 5877 ι).
