3958 6388
497 374 600 429 9ἰὸ

566 490 620 543 5.
662 482 865 540 Deinde
906 495 971 535 ne
1008 480 1127 549 quis
1156 478 1223 533 de
1249 476 1543 545 vulgarium
1576 474 1851 528 hominum
1900 471 2080 539 aliquo

494 579 857 649 suspicaretur
883 572 1011 628 illud
1038 586 1156 627 esse
1177 571 1395 636 dictum,
1424 584 1528 622 non
1560 568 1685 622 dicit
1710 567 1810 621 hoc
1840 566 2078 628 llcsaias,

498 685 669 740 neque
692 667 985 730 Jeremias,
1018 679 1186 732 neque
1217 662 1491 732 quisquam
1522 660 1657 713 alius
1685 660 1941 729 propheta
1973 657 2079 727 pri-

497 771 631 814 vatae
659 757 977 814 conditionis
1001 796 1014 820 ,
1039 753 1133 809 sed
1164 754 1274 823 ipse
1306 769 1428 819 rex,
1471 763 1526 805 ut
1552 751 1907 820 intelligercs,
1941 749 2080 818 quod

497 868 602 905 non
634 850 800 919 possit
843 862 940 901 rex
984 843 1252 899 hominem
1278 843 1550 912 appellare
1592 857 1745 894 suum
1778 841 2075 904 Dominum,

493 942 589 997 sed
621 942 783 995 Deum
829 938 1022 992 solum.
1064 935 1193 989 Nam
1223 935 1265 988 si
1300 934 1538 1002 privatus
1570 932 1794 997 fuisset,
1838 931 2082 985 fortassis

494 1022 688 1105 aliquis
726 1030 1003 1101 impudens
1043 1028 1297 1091 dixisset,
1346 1027 1490 1081 illum
1530 1025 1597 1079 de
1639 1024 1856 1077 homine
1897 1022 2077 1092 loqui;

494 1140 636 1180 nunc
663 1139 782 1178 cum
810 1138 902 1177 rex
940 1120 1130 1185 fuerit,
1159 1118 1429 1172 hominem
1458 1131 1562 1170 non
1602 1112 1941 1185 appellaverit
1972 1114 2076 1167 Do-

500 1218 701 1272 nzinutn
728 1230 903 1269 suum.
933 1212 1211 1281 Quomodo
1235 1211 1376 1265 enim
1415 1210 1459 1263 si
1501 1209 1568 1263 de
1612 1208 1858 1278 quopiam
1890 1206 2079 1276 vulga-

499 1309 637 1362 rium
671 1306 946 1361 hominum
975 1303 1089 1357 hzec
1113 1303 1363 1371 loquutus
1390 1299 1576 1353 fuisset
1604 1298 1765 1351 David
1788 1339 1801 1360 ,
1833 1296 2077 1363 dixisset,

489 1399 631 1471 quod
661 1401 819 1454 etiam
846 1412 874 1450 a
902 1395 1103 1451 dextris
1126 1392 1455 1449 consedisset
1475 1390 1749 1446 ineﬂ'abilis
1771 1404 1833 1445 ac
1859 1404 2081 1444 summae

489 1494 633 1547 illius
660 1487 993 1557 majestatis?
1023 1486 1134 1541 lloc
1161 1486 1303 1540 enim
1334 1484 1683 1553 impossibile.
1716 1483 1790 1536 De
1823 1486 1924 1536 hoc
1952 1494 2081 1535 vero

489 1585 596 1637 ait:
628 1581 769 1635 Dixit
801 1580 1045 1634 Dominus
1087 1577 1300 1631 Domino
1328 1591 1456 1643 meo,
1493 1575 1675 1630 Sedea
1703 1572 1891 1626 dextris
1921 1573 2076 1638 meis,

489 1676 647 1727 donec
696 1688 880 1742 ponam
909 1671 1136 1723 inimicos
1185 1678 1299 1722 tuos
1351 1666 1621 1722 scabellum
1650 1664 1834 1734 pedum
1879 1673 2080 1717 tuorum

490 1764 662 1834 (Psal.
693 1762 814 1817 109.
849 1763 898 1816 1.
928 1758 1019 1832 2).
1051 1758 1250 1814 Deinde
1282 1774 1348 1813 ne
1379 1767 1596 1828 putares
1616 1771 1735 1810 eum
1764 1755 2078 1809 imbecilletn

439 1853 448 1861 ’
494 1844 617 1912 esse
643 1856 923 1923 minusque
952 1861 1219 1921 potentem
1243 1891 1257 1916 ,
1283 1850 1506 1916 Tecum,
1537 1850 1732 1918 inquit,
1764 1848 2079 1919 principatus

490 1957 563 2002 est
587 1947 638 2000 in
656 1946 829 1999 diebus
852 1943 1087 2013 potentia:
1110 1953 1207 1995 tua:
1228 1942 1248 2011 (
1269 1937 1350 1993 Ib.
1383 1955 1430 1993 υ.
1460 1940 1493 1992 ’5
1510 1938 1550 2009 ).
1579 1937 1902 1992 Manifestius
1922 1937 2080 1991 etiam

490 2036 769 2092 declarans
795 2076 809 2099 ,
854 2032 1057 2088 addidit
1088 2049 1101 2084 :
1132 2029 1373 2085 Exutero
1395 2040 1516 2083 ante
1534 2022 1994 2098 Luciferumgenui
2014 2036 2079 2080 te.

486 2128 630 2183 Ante
656 2126 960 2181 Luciferum
998 2132 1173 2178 autem
1201 2123 1377 2177 nullus
1407 2120 1680 2175 hominum
1718 2120 1812 2173 fuit
1852 2121 2079 2189 genitus.

497 2219 575 2273 Tu
600 2221 835 2273 sacerdos
859 2217 911 2270 in
931 2224 1173 2270 wternunt
1197 2212 1472 2268 secundum
1504 2212 1731 2265 ordinem
1754 2210 2084 2265 Melchisedec

495 2314 613 2385 (Ib.
647 2329 695 2366 υ.
726 2313 792 2378 4;
824 2310 979 2365 IIebr.
1010 2311 1061 2365 5.
1095 2309 1191 2381 6).
1218 2308 1333 2364 Non
1356 2308 1495 2363 dixit
1523 2306 1813 2362 secundum
1839 2307 2081 2362 ordinem

488 2410 689 2462 Aaron.
720 2403 950 2460 Proinde
978 2413 1290 2472 percontare
1328 2400 1570 2457 Judtnum
1598 2444 1611 2467 ,
1658 2400 1703 2454 si
1728 2399 2080 2455 sacerdotium

486 2507 639 2553 vetus
667 2512 773 2553 non
792 2505 909 2550 erat
935 2493 1331 2565 antiquandam,
1362 2509 1519 2565 quam
1550 2491 1617 2547 ob
1636 2507 1857 2549 causam
1881 2491 2089 2547 induxit

484 2591 647 2644 alium
674 2586 1003 2643 sacerdotem
1027 2584 1317 2640 secundum
1338 2584 1577 2639 ordinem
1608 2582 1978 2637 Melchisedec.
2001 2581 2082 2635 Ad

488 2683 630 2738 hunc
676 2681 835 2752 igitur
858 2679 1030 2749 ipsum
1077 2676 1252 2730 locum
1303 2675 1623 2743 perveniens
1672 2673 1905 2739 Paulus,
1957 2672 2081 2727 vide

485 2773 755 2844 quomodo
785 2772 931 2826 illum
976 2768 1360 2824 evidentiorem
1407 2764 1719 2820 reddiderit.
1767 2766 1900 2820 Cum
1933 2765 2076 2819 enim

486 2865 708 2920 dixisset
736 2863 805 2918 de
829 2861 1064 2922 Christo,
1092 2856 1540 2930 quemadmodum
1570 2865 1624 2911 et
1659 2857 1782 2910 alibi
1814 2857 2078 2926 loquitur,

489 2960 566 3013 ’I'a
588 2958 820 3013 sacerdos
846 2958 897 3011 in
917 2965 1158 3010 aeternum
1174 2951 1449 3006 secundant
1475 2951 1699 3003 ordinent
1722 2949 2083 3004 Melchisedec:

484 3049 792 3121 salijunxit:
825 3047 903 3102 De
929 3062 1026 3115 quo
1046 3048 1235 3098 multus
1256 3042 1397 3096 nobis
1426 3059 1605 3107 sermo,
1636 3050 1681 3094 et
1710 3050 1955 3095 enarrata
1975 3040 2082 3111 dif-

487 3144 635 3209 ﬁcilis
663 3140 787 3216 (Id.
814 3142 868 3197 5.
904 3141 963 3195 11
991 3139 1030 3208 ).
1078 3135 1278 3192 Deinde
1308 3152 1428 3189 cum
1475 3135 1801 3204 increpasset
1847 3133 2082 3202 discipu-

487 3232 569 3289 lus
589 3275 603 3299 ,
646 3241 705 3287 ut
734 3232 913 3302 paucis
942 3230 1115 3285 dicam
1139 3269 1154 3293 ,
1183 3228 1288 3290 ait,
1316 3227 1434 3295 quis
1465 3226 1553 3280 ille
1596 3226 1665 3280 sit
1693 3224 2078 3290 Melchisedcc;

488 3339 544 3379 et
564 3324 775 3379 adducit
797 3322 1094 3388 historiam,
1118 3320 1188 3373 ita
1217 3333 1473 3372 narrans:
1503 3315 1602 3369 llic
1628 3316 1844 3369 occurrit
1865 3313 2083 3368 Abrahw

489 3415 755 3471 revertenti
781 3431 811 3467 a
852 3414 1136 3467 concisione
1161 3426 1333 3480 regum
1354 3448 1370 3475 ,
1402 3409 1749 3477 benedixitque
1775 3406 1873 3470 illi,
1906 3407 1987 3459 cui
2034 3414 2081 3459 et

487 3508 707 3561 decimas
733 3505 797 3559 de
824 3502 1053 3556 onmibus
1093 3500 1380 3569 impartitas
1424 3510 1495 3552 est
1546 3498 1804 3550 Abraham
1850 3496 1978 3566 (Id.
2025 3496 2081 3552 7.

489 3602 542 3651 1.
582 3597 674 3662 9.).
722 3594 849 3650 Post
886 3592 1132 3662 aperiens
1177 3588 1657 3644 considerationem
1697 3588 1908 3657 ﬁgurae:
1952 3587 2082 3641 Con-

489 3686 803 3759 templamini
831 3695 998 3738 autent
1039 3691 1259 3751 quantus
1297 3682 1361 3735 sit
1400 3682 1494 3735 iste
1517 3723 1532 3746 ,
1583 3680 1789 3749 inquit,
1818 3680 1902 3732 cui
1929 3681 2080 3734 etiam

492 3781 714 3834 decimas
749 3777 811 3830 de
837 3775 1067 3829 omnibus
1091 3773 1380 3841 impartitas
1409 3780 1482 3825 est
1512 3771 1763 3824 Abraham
1794 3770 2084 3840 patriarcha

492 3871 615 3944 (Id.
662 3880 714 3920 υ.
764 3868 860 3939 Δ).
909 3867 1022 3920 lloc
1071 3873 1249 3918 autem
1293 3878 1397 3917 non
1425 3863 1542 3917 sine
1579 3875 1738 3916 causa
1768 3861 1939 3927 dixit,
1987 3860 2083 3915 sed

491 3960 776 4016 ostendere
805 3957 1041 4026 cupiens,
1069 3954 1235 4008 multo
1266 3953 1435 4022 majus
1462 3967 1580 4007 esse
1607 3952 1958 4011 sacerdotium
1984 3966 2082 4006 no-

488 4066 657 4110 stram
682 4066 839 4122 quam
868 4049 1200 4104 Judaeorum.
1228 4046 1400 4115 Atque
1427 4045 1478 4097 in
1507 4044 1636 4113 ipsis
1664 4043 1802 4114 typis
1830 4044 1975 4113 prius
1999 4059 2086 4097 re-

487 4163 604 4202 rum
631 4143 944 4201 excellentia
968 4141 1285 4196 declaratur.
1318 4137 1448 4192 Nam
1472 4135 1738 4190 Abraham
1776 4137 1937 4189 lsaaci
1973 4144 2085 4189 erat

489 4251 671 4309 pater,
718 4253 847 4291 avus
877 4234 1094 4297 Jacobi,
1128 4247 1357 4300 proavus
1388 4229 1513 4284 Levi
1543 4272 1557 4296 ,
1604 4228 1866 4299 siquidem
1904 4228 2083 4282 .lacobi

490 4320 629 4384 tilias
672 4335 789 4382 erat
815 4326 964 4381 Levi.
1010 4325 1084 4378 Ex
1115 4322 1241 4377 Levi
1287 4320 1643 4376 sacerdotium
1689 4320 1827 4388 apud
1871 4319 2085 4374 Judmos

485 4420 712 4489 sumpsit
731 4417 1009 4486 originem.
1037 4414 1234 4467 Verum
1258 4413 1343 4467 hic
1364 4411 1631 4466 Abraham
1660 4411 1965 4480 progenitor
1985 4410 2086 4464 Le-

487 4511 712 4563 vitarum
738 4522 800 4561 ac
821 4505 1163 4560 Judaicorum
1191 4503 1528 4559 sacerdotum
1560 4502 1660 4557 sub
1687 4501 2041 4557 Melchisedec
2062 4544 2077 4568 ,

488 4598 581 4667 qui
610 4605 793 4668 typum
818 4596 1034 4665 gerebat
1061 4594 1229 4648 nostri
1257 4593 1561 4659 sacerdotii,
1596 4593 1717 4647 laici
1749 4593 1920 4647 locum
1946 4594 2084 4647 obti-

488 4691 624 4756 nuit,
651 4689 809 4758 idque
835 4687 1035 4756 duplici
1081 4685 1240 4741 modo
1286 4685 1613 4739 declaravit:
1664 4687 1890 4754 primum
1939 4686 2081 4755 quod

485 4784 568 4838 illi
608 4782 817 4838 dederit
855 4780 1129 4835 decimas:
1163 4793 1287 4832 nam
1317 4778 1437 4832 laici
1478 4778 1848 4833 sacerdotibus
1877 4778 2083 4834 dabant

484 4877 759 4941 decimas;
787 4874 980 4929 deinde
1002 4872 1141 4942 quod
1169 4871 1590 4926 benedictionem
1618 4871 1962 4941 acceperitab
1980 4887 2078 4926 eo:

484 4968 680 5024 etenim
715 4967 835 5022 laici
875 4982 905 5020 a
940 4964 1305 5020 sacerdotibus
1346 4961 1766 5018 benedictionem
1796 4963 2078 5032 accipiunt.

485 5060 719 5116 Rursum
765 5058 1044 5115 considera
1086 5098 1101 5123 ,
1162 5063 1360 5125 quanta
1417 5055 1485 5108 sit
1544 5054 1857 5109 excellentia
1910 5055 2081 5109 nostri

485 5151 801 5214 sacerdotii,
847 5148 1057 5219 quando
1097 5146 1364 5201 Abraham
1398 5146 1691 5215 patriarcha
1734 5146 2036 5200 Judaeorum
2061 5188 2077 5213 ,

485 5243 790 5314 progenitor
814 5240 1114 5295 Levitarum
1137 5280 1153 5305 ,
1185 5238 1511 5308 comperitur
1541 5238 1964 5294 bent-dictionem
1992 5255 2081 5293 ac-

482 5338 661 5402 ciperc
687 5350 717 5387 a
747 5332 1113 5394 Melchisedec,
1145 5331 1326 5399 illique
1352 5330 1479 5385 dare
1508 5329 1743 5383 decimas
1763 5317 1913 5386 (Gen.
1950 5331 2077 5401 14).

485 5427 619 5480 b'am
653 5434 938 5493 utrumque
981 5431 1160 5476 narrat
1190 5422 1353 5476 Vetus
1376 5422 1778 5476 Testamentum
1862 5432 1916 5475 et
1939 5422 2079 5491 quod

482 5513 839 5570 lterlehiscdec
879 5512 1209 5568 benedixerit
1245 5511 1512 5577 Abralae,
1552 5521 1607 5566 et
1650 5511 1791 5581 quod
1840 5511 2080 5567 decimas

483 5606 553 5659 ab
582 5619 648 5658 eo
676 5606 958 5674 acceperit.
1006 5605 1099 5659 His
1145 5604 1305 5673 igitur
1334 5604 1461 5673 ipsis
1501 5605 1554 5658 in
1580 5598 1808 5659 medium
1839 5605 2080 5660 adductis

498 5694 696 5749 Paulus
717 5697 958 5752 dicebat:
1000 5697 1344 5761 Considerate,
1375 5707 1592 5765 quantus
1630 5708 1703 5751 est
1747 5699 1884 5752 iste?
1915 5700 2077 5764 Quis?

486 5782 852 5857 Malthiscdec,
883 5788 1082 5859 inquit,
1133 5788 1215 5840 cui
1256 5786 1408 5839 etiam
1459 5787 1676 5840 decimas
1703 5787 1966 5858 Abraham
2012 5806 2075 5843 ex

1209 362 1262 417 s.
1306 359 1582 416 JO.\NNiS
1619 352 2091 412 L‘llRYSOSTOlII
2133 350 2448 409 .tllCltlEP.
2491 353 3024 413 CONSTA'NTINOP.
3656 368 3741 426 93,

2195 470 2461 539 prteripais
2516 470 2685 538 dedit,
2746 472 2968 541 ipsorum
3032 474 3344 543 patriarcha.
3410 477 3477 533 Et
3518 481 3698 551 quidem
3715 489 3745 538 :‘i

2185 561 2267 631 qui
2296 570 2410 614 sunt
2440 575 2501 614 ex
2529 562 2648 629 ﬁliis
2696 560 2815 616 Levi
2834 604 2848 627 ,
2896 564 3228 619 sacerdotium
3266 568 3596 639 accipientes.
3624 592 3739 629 nian-

2187 656 2361 705 dntum
2418 651 2632 719 habent,
2675 664 2728 706 ut
2772 653 2991 708 decimas
3033 656 3281 727 accipiant
3326 675 3358 711 a
3399 665 3614 731 populo,
3671 666 3745 719 hoc

2184 755 2257 799 est
2320 761 2352 797 a
2414 744 2655 814 fratribus
2701 746 2841 811 suis,
2889 763 3191 818 quamquam
3247 753 3463 821 egressis
3518 770 3544 807 e
3595 757 3747 812 lambis

2185 837 2402 891 Abrahae
2431 837 2450 909 (
2480 836 2635 891 Hebr.
2669 839 2721 892 7.
2749 839 2802 893 4.
2832 840 2865 894 5
2886 839 2925 907 ).
2955 839 3105 906 Quod
3135 852 3311 897 autem
3338 842 3501 910 dicit,
3543 847 3637 900 tale
3660 858 3744 902 est.

2196 929 2397 984 Levita:
2420 972 2434 995 ,
2469 930 2637 999 inquit
2664 970 2680 996 ,
2727 932 2815 1001 qui
2846 931 2988 1002 apud
3016 931 3228 989 Iuda-os
3259 944 3390 990 sunt
3437 937 3743 1002 sacerdotes.

2189 1022 2493 1076 mandatum
2525 1031 2848 1092 acceperunt
2867 1024 3016 1091 juxta
3045 1026 3235 1094 legem,
3264 1038 3324 1081 ut
3354 1027 3590 1085 decimas
3624 1033 3730 1086 acci-

2191 1122 2379 1182 perent
2403 1113 2471 1167 ab
2495 1112 2613 1166 aliis
2640 1112 2859 1168 Judaris.
2891 1113 3126 1169 Tametsi
3154 1130 3343 1170 omnes
3366 1119 3617 1188 progeniti
3640 1129 3747 1175 sunt

2191 1218 2255 1256 ex
2290 1202 2556 1257 Abraham
2578 1246 2592 1269 ,
2625 1213 2730 1257 tam
2761 1203 2958 1259 Levita:
2981 1249 2995 1272 ,
3028 1220 3187 1276 quam
3230 1208 3472 1276 reliquus
3517 1212 3742 1279 populus,

2191 1294 2536 1347 nihilominus
2564 1293 2799 1349 decimas
2834 1297 3097 1366 accipiunt
3127 1313 3155 1351 a
3185 1296 3441 1354 fratribus
3478 1301 3601 1353 suis.
3644 1300 3742 1356 Hel-

2191 1387 2441 1442 chisedec
2466 1402 2611 1453 vero,
2642 1388 2728 1457 qui
2759 1403 2863 1442 non
2894 1388 3037 1443 ducit
3065 1391 3322 1459 originem
3367 1390 3435 1445 ab
3466 1392 3598 1458 illis,
3626 1391 3643 1463 (
3662 1408 3723 1448 ne

2186 1498 2290 1551 que
2318 1481 2461 1536 enim
2481 1497 2548 1535 ex
2570 1481 2837 1536 Abraham
2861 1485 3169 1553 progenitus
3189 1495 3325 1550 erat,
3357 1502 3529 1556 neque
3552 1504 3610 1543 ex
3632 1488 3744 1543 tribu

2184 1573 2438 1639 Levitica,
2467 1572 2560 1627 sed
2582 1588 2644 1627 ex
2666 1573 2772 1628 alio
2793 1577 3027 1646 genere)
3054 1576 3339 1631 decimavit
3361 1578 3637 1642 Abraham,
3664 1580 3743 1634 hoc

2187 1665 2512 1719 estdecimas
2529 1665 2732 1734 accepit
2764 1664 2831 1718 ab
2854 1665 3140 1720 Abraham.
3164 1667 3270 1722 Nec
3289 1668 3343 1722 id
3377 1670 3567 1736 solum,
3590 1685 3742 1724 verum

2186 1766 2240 1811 ct
2280 1757 2421 1811 aliud
2438 1757 3055 1827 qniddaml‘ecitzeidem
3083 1761 3170 1829 qui
3209 1762 3742 1829 promissionesltabe

2188 1847 2295 1911 bat,
2321 1848 2563 1903 videlicet
2580 1846 2902 1916 Abrahamo,
2918 1850 3204 1904 benedixit.
3225 1851 3292 1906 Et
3307 1852 3435 1922 quid
3450 1853 3566 1919 hoc,
3583 1854 3741 1922 inquis,

2187 1939 2478 2009 significnt?
2502 1941 2654 2008 Quod
2680 1941 2763 1994 hic
2786 1942 2874 1995 illo
2900 1943 3067 1997 multo
3084 1944 3153 1996 sit
3184 1942 3431 1999 inferior.
3463 1945 3743 2012 Quomodo?

2189 2030 2327 2084 Citra
2344 2048 2538 2085 omnem
2555 2033 2939 2087 controversiam
2956 2035 3090 2102 quod
3105 2035 3270 2088 minus
3286 2045 3360 2089 est
3376 2052 3408 2088 a
3428 2037 3611 2106 majore
3623 2036 3744 2089 bona

2188 2123 2453 2179 dictionem
2483 2126 2664 2197 accipit
2693 2124 2914 2197 (Ibide.
2939 2127 3014 2197 7).
3058 2127 3239 2197 Itaque
3255 2129 3359 2182 nisi
3378 2128 3629 2183 Abraham
3646 2138 3745 2198 proi'

2186 2216 2393 2285 genitor
2411 2216 2715 2271 Levitarum
2738 2218 2925 2274 fuisset
2946 2218 3163 2273 inferior
3176 2219 3551 2284 Melchisedec,
3579 2234 3742 2289 nequa-

2187 2323 2345 2377 quam
2370 2308 2443 2363 illi
2467 2308 2554 2362 hic
2575 2309 2954 2377 benedixisset,
2979 2326 3150 2380 neque
3173 2311 3297 2365 huic
3320 2312 3412 2366 ille
3435 2312 3648 2365 decimas
3669 2310 3740 2365 tle-

2186 2401 2371 2456 disset.
2407 2402 2607 2457 Deinde
2634 2402 2816 2457 volens
2841 2402 3149 2468 ostendere,
3177 2419 3274 2473 per
3306 2403 3643 2458 Melchisedec
3661 2401 3742 2457 hoc

2187 2492 2487 2557 advenisse,
2537 2493 2764 2562 subjecit
2804 2494 2988 2549 dicens
3033 2512 3047 2548 :
3079 2494 3213 2549 Etut
3229 2496 3302 2550 ita
3342 2497 3533 2566 loquar,
3554 2494 3642 2548 hoc
3658 2503 3735 2555 ρει.

2187 2584 2595 2653 propemodum,
2618 2602 2707 2655 per
2730 2586 2985 2640 Abraham
3005 2588 3154 2641 etiam
3164 2591 3272 2659 ipse
3293 2588 3434 2653 Levi,
3458 2589 3539 2657 qui
3561 2589 3737 2641 decimas

2188 2676 2389 2745 accipit,
2403 2676 2675 2730 decimatas
2695 2686 2766 2729 est
2789 2670 2898 2743 (Ib.
2920 2689 2966 2727 υ.
2986 2672 3064 2739 9).
3082 2669 3221 2736 Quid
3241 2686 3353 2742 est,
3372 2678 3643 2733 decimatas
3659 2670 3740 2723 est?

2188 2767 2431 2820 Decimas
2443 2765 2947 2822 deditMelchisedec
2962 2774 3015 2820 et
3031 2766 3142 2834 ipse
3153 2767 3303 2832 Levi,
3320 2769 3412 2837 qui
3429 2769 3640 2821 nondum
3651 2773 3737 2818 erat

2186 2860 2395 2928 genitus
2415 2874 2512 2929 per
2530 2868 2732 2929 patrem
2750 2857 2933 2925 ipsius,
2959 2859 3143 2927 inquit.
3169 2858 3351 2912 Adhuc
3377 2862 3504 2913 enim
3517 2861 3567 2913 in
3592 2856 3735 2910 luinbis

2190 2952 2347 3020 patris
2363 2960 2466 3003 erat
2485 2968 2598 3004 cum
2614 2959 2892 3003 occurreret
2905 2949 3120 3003 Abraha:
3140 2948 3493 3004 Melchisedec.
3505 2949 3625 3004 Nam
3644 2946 3736 3000 ideo

2188 3042 2290 3096 hoc
2319 3057 2583 3113 occupans
2620 3042 2787 3106 dixit,
2824 3040 2893 3096 Ut
2932 3043 3004 3095 ita
3046 3043 3243 3111 loquar.
3279 3042 3391 3097 Cur
3433 3044 3540 3096 ha-c
3573 3041 3735 3096 diceret

2190 3134 2431 3202 subjicit:
2463 3134 2522 3188 Si
2548 3136 2910 3187 consummatio
2939 3134 3095 3204 igitur
3137 3144 3243 3187 erat
3271 3153 3364 3203 per
3388 3134 3735 3188 Leoiticumsm

2189 3227 2507 3280 cer-dolium:
2536 3226 2754 3297 populus
2797 3225 2928 3278 enim
2956 3224 3049 3279 sub
3082 3225 3172 3279 illo
3201 3226 3366 3296 legem
3403 3225 3615 3294 accepit;
3639 3219 3735 3290 quid

2191 3333 2318 3387 Opus
2343 3327 2449 3370 erat
2478 3316 2661 3370 deinde
2684 3316 2958 3370 secundum
2980 3317 3206 3370 ordinem
3234 3315 3563 3370 Melchisedec
3585 3309 3736 3367 exoriri

2192 3410 2347 3463 alium
2378 3410 2692 3463 sacerdotem
2723 3408 2810 3479 qui
2835 3424 2935 3461 non
2964 3408 3163 3461 dicatur
3182 3410 3340 3478 juxta
3360 3408 3573 3463 ordinem
3593 3404 3732 3457 Aaron

2191 3500 2367 3573 (Ibid.
2399 3518 2445 3556 v.
2482 3503 2542 3556 11
2567 3502 2625 3572 )?
2654 3501 2789 3566 Quid
2830 3511 3007 3556 autem
3050 3510 3133 3556 est
3180 3500 3324 3570 quod
3349 3498 3508 3555 dicit?
3541 3497 3591 3552 Si
3637 3506 3735 3556 res,

2189 3594 2376 3662 inquit,
2409 3602 2561 3648 erant
2588 3576 2860 3663 perfectae,
2896 3607 3013 3662 quae
3039 3590 3365 3662 gerebantur
3384 3589 3515 3659 apud
3538 3586 3735 3647 ludens,

2190 3698 2361 3753 neque
2399 3684 2483 3738 lex
2511 3693 2625 3738 erat
2655 3682 2840 3738 umbra
2882 3681 3181 3737 futurorum
3216 3683 3477 3738 bonorum
3500 3723 3514 3747 ,
3542 3680 3623 3733 Sid
3643 3679 3735 3746 ipsa

2191 3786 2359 3830 totum
2384 3775 2646 3831 efﬁciebat
2664 3818 2678 3842 ,
2707 3791 2808 3831 nec
2835 3774 3066 3830 futurum
3097 3783 3242 3842 erat,
3270 3784 3332 3829 ut
3353 3774 3585 3840 cuiquam
3611 3763 3731 3818 alteri

2193 3869 2448 3934 cederet,
2481 3884 2653 3937 neque
2683 3876 2741 3921 ut
2770 3868 3126 3922 sacerdotium
3154 3867 3300 3936 prius
3330 3868 3554 3921 cessaret
3575 3903 3589 3926 ,
3624 3858 3729 3910 alte-

2190 3975 2415 4030 rumque
2441 3960 2800 4025 induceretur,
2828 3975 2925 4015 cur
2946 3958 3212 4029 propheta
3238 3958 3406 4013 dixit:
3438 3956 3514 4010 Tu
3539 3970 3585 4007 es
3606 3961 3728 4005 sacer-

2190 4051 2283 4104 dos
2308 4050 2361 4104 in
2389 4061 2627 4104 teternum
2661 4051 2933 4104 secundum
2959 4051 3186 4105 ordinem
3223 4048 3549 4103 Helehisedec
3572 4046 3586 4111 (
3610 4038 3728 4094 P301.

2191 4144 2315 4198 109.
2346 4143 2464 4214 4)?
2492 4144 2777 4199 Dicendum
2822 4144 2964 4198 enim
3013 4151 3165 4210 erat,
3215 4142 3501 4197 Secundum
3529 4134 3726 4191 ordinem

2191 4239 2389 4291 Aaron.
2430 4237 2631 4292 Idcirco
2668 4238 2741 4291 ait
2773 4256 2788 4291 :
2826 4237 2871 4291 si
2917 4238 3305 4291 consummatio
3350 4252 3442 4307 per
3482 4227 3725 4287 Leviticum

2189 4329 2546 4384 sacerdmium
2578 4338 2691 4383 erat
2716 4370 2730 4394 ,
2760 4328 2886 4399 quid
2918 4328 3110 4384 deinde
3165 4344 3299 4398 opus
3329 4338 3440 4383 crat
3482 4317 3723 4378 secundum

2190 4422 2431 4476 ordinem
2471 4422 2826 4477 Melchisedec
2863 4423 3058 4477 exoriri
3088 4422 3420 4477 sacerdotem
3450 4420 3633 4476 alium,
3656 4405 3722 4478 qui

2188 4526 2294 4567 non
2344 4513 2610 4567 diceretur
2656 4513 2947 4568 secundum
2993 4513 3231 4568 ordinem
3282 4510 3499 4568 Aaron?
3541 4508 3608 4560 Ex
3649 4501 3723 4552 Ιιοο

2196 4607 2338 4659 enim
2371 4606 2571 4674 liquet,
2623 4606 2750 4660 illud
2781 4606 3131 4661 sacerdotium
3182 4606 3337 4662 linem
3369 4602 3645 4673 accepisse,
3683 4598 3723 4644 εἰ

2189 4695 2330 4750 aliud
2366 4697 2418 4749 in
2459 4697 2599 4750 illius
2626 4697 2800 4751 locum
2847 4696 3117 4751 inductum
3145 4712 3264 4751 esse
3295 4697 3459 4750 multo
3485 4690 3650 4746 melius
3672 4694 3720 4734 ac

2188 4788 2484 4841 sublimius.
2512 4788 2623 4841 llic
2641 4797 2815 4842 autem
2840 4790 3030 4853 «victo,
3055 4789 3212 4843 simul
3236 4798 3287 4843 et
3308 4789 3433 4843 illud
3456 4788 3502 4840 in
3521 4778 3723 4837 confesso

2188 4885 2291 4941 est,
2317 4877 2474 4930 alium
2505 4879 2663 4932 ct'am
2695 4877 2814 4930 viur
2832 4888 3024 4931 Statum
3057 4878 3354 4933 sacerdot‘o
3372 4878 3718 4943 congruentem.

2188 4968 2344 5020 simul
2393 4967 2745 5022 inducendum
2789 4969 2950 5022 fuisse
2973 5010 2988 5032 ,
3023 4985 3225 5022 necnon
3259 4971 3421 5037 legem
3450 4964 3718 5021 meliorem.

2187 5057 2435 5112 nimirum
2486 5069 2743 5113 nostram.
2790 5059 2942 5124 Quod
2989 5074 3118 5113 sane
3145 5058 3509 5114 demonstrans
3564 5047 3719 5106 Paulus

2188 5149 2395 5204 dicebat
2419 5166 2432 5200 :
2461 5147 2733 5203 Translata
2778 5150 2909 5203 enim
2938 5151 3219 5204 sacerdotio
3247 5192 3262 5216 ,
3307 5145 3567 5204 necessario
3598 5140 3647 5207 [il
3681 5140 3716 5185 ει

2188 5241 2311 5311 legis
2337 5241 2601 5295 translatio
2621 5281 2635 5305 ,
2680 5251 2727 5294 et
2755 5242 2931 5296 horum
2976 5242 3205 5294 conditor
3229 5252 3299 5296 est
3326 5256 3451 5294 unus
3488 5231 3648 5306 (Hebr-
3673 5224 3715 5276 7ο

2188 5333 2320 5403 12).
2352 5333 2485 5400 Quia
2512 5332 2652 5387 enim
2685 5333 2939 5402 pleraque
2967 5334 3152 5402 lcgalia
3180 5333 3323 5387 circa
3356 5322 3610 5386 sacerdotii
3631 5316 3711 5371 uti-

2185 5426 2399 5480 nisteria
2426 5425 2812 5491 consistebant,
2861 5426 3007 5494 prius
3033 5435 3212 5480 autem
3239 5420 3572 5481 sacerdotium
3612 5424 3709 5481 l‘m‘

2187 5516 2417 5584 ﬂigatum
2449 5526 2569 5582 est,
2620 5516 2872 5571 nimirum
2913 5516 3018 5570 alio
3046 5517 3097 5569 in
3144 5517 3282 5571 illius
3309 5518 3470 5571 vicem
3512 5506 3704 5564 inducto,

2186 5607 2570 5675 legislationcm
2601 5610 2760 5662 etiam
2808 5611 3080 5664 meliorem
3128 5609 3179 5663 in
3212 5612 3348 5665 illius
3375 5610 3530 5664 locum
3565 5590 3705 5652 induci

2184 5701 2439 5767 oportuit.
2471 5700 2715 5757 Postharc
2756 5701 3063 5766 declarans,
3092 5704 3159 5758 de
3183 5719 3290 5773 quo
3319 5704 3427 5758 hare
3453 5699 3591 5756 dicat,
3614 5687 3701 5739 ειὶιε

2189 5788 2267 5843 De
2291 5807 2391 5861 quo
2411 5793 2539 5846 enim
2567 5792 2803 5847 dicantur
2821 5794 2950 5861 hac,
2975 5796 3179 5849 alterius
3203 5796 3359 5849 tribus
3376 5791 3593 5863 particeps
3613 5776 3700 5846 ίτιέῖι
