3958 6372
175 352 297 408 $9.5

251 465 322 522 ε’.
355 458 512 528 Εῐτα,
543 461 632 516 ῖνα
663 461 738 535 μὴ
765 463 891 532 περί
921 478 1064 525 τινος
1096 460 1204 514 τῶν
1227 457 1436 513 πολλῶν
1459 454 1759 526 ἀνθρώπιον

171 547 344 606 τοῦτο
375 546 657 618 ὑποπτεύῃ
689 563 774 610 τις
799 545 1074 616 λέγεσθαι,
1114 544 1173 599 οὐ
1207 561 1370 615 φησιν
1403 541 1532 596 αὐτὸ
1560 543 1587 593 6
1609 538 1760 612 [669]

183 629 454 700 Ἦσαΐας,
487 630 612 685 οὐτε
671 631 959 704 Ἱερεμίας,
1011 629 1134 684 οὐτε
1161 629 1319 693 ἄλλος
1349 644 1431 690 τις
1476 626 1764 696 προφήτης

178 713 410 786 ἰδιώτης
433 715 744 786 γενόμενος,
763 713 877 767 ἀλλ’
900 713 1062 777 αὐτὸς
1093 715 1120 767 6
1145 711 1414 783 βασιλεὺς,
1437 709 1545 782 [ἵνα
1565 706 1761 779 μάθῃς,

172 800 268 854 ὅτι
309 799 367 868 ὁ]
393 799 648 870 βασιλεὺς
669 798 726 852 δὲ
757 797 962 870 Κύριον
991 796 1184 851 ἑαυτοῦ
1205 796 1394 849 οὐδένα
1418 793 1645 847 καλέσαι
1675 789 1766 842 δύ-

170 899 372 951 ναται,
402 883 515 936 ἀλλ’
541 882 687 954 ἣτδν
713 881 844 936 Θεὸν
879 881 1058 953 μόνον.
1082 882 1144 934 El
1177 881 1274 950 μὲν
1299 879 1408 948 γὰρ
1434 877 1648 946 ἰδιώτης
1672 870 1762 945 ἦν,

171 967 322 1031 ἴσως
343 969 408 1023 ἄν
447 985 531 1031 τις
560 963 681 1019 εἷπε
713 965 820 1019 τῶν
846 963 1364 1036 ἀναισχυντούντων,
1401 964 1484 1016 ὅτι
1513 959 1639 1026 περὶ
1679 961 1767 1012 ἀν-

172 1049 410 1124 Ορώπου
437 1051 618 1120 λέγει’
651 1051 769 1104 νυνὶ
799 1049 856 1102 δὲ
881 1049 1136 1120 βασιλεὺς
1162 1047 1237 1101 ῶν
1255 1047 1539 1118 ἄνθρωπον
1569 1042 1763 1098 ἐαυτοῦ

168 1136 394 1207 Κύριον
417 1136 517 1189 οὐκ
537 1135 602 1189 ἂν
631 1135 907 1188 ἐκάλεσεν.
927 1133 1051 1197 Πῶς
1075 1133 1120 1186 δ’
1141 1133 1227 1196 ἂν,
1258 1134 1307 1186 εί
1338 1133 1464 1204 περί
1492 1147 1635 1193 τινος
1657 1128 1765 1182 τῶν

171 1219 400 1274 πολλῶν
431 1217 732 1288 ἀνθρώπων
762 1217 914 1285 ἔλεγε
946 1215 1122 1270 ταῦτα
1157 1218 1186 1269 6
1215 1213 1398 1279 Δαυῖδ,
1440 1209 1590 1266 εἶπεν
1627 1209 1763 1282 [ἀν,]

169 1304 264 1357 ὅτι
298 1303 365 1356 ἐκ
395 1301 586 1368 δεξιῶν
619 1300 839 1354 ἐκάθισε
883 1301 986 1371 τῆς
1017 1300 1330 1372 ἀπορρήτου
1375 1297 1472 1351 καὶ
1523 1296 1765 1368 μεγάλης

172 1387 346 1456 δόξης
375 1387 622 1456 ἐκείνηςς
662 1385 820 1438 τοῦτο
845 1385 953 1456 γὰρ
996 1385 1292 1456 ἀμήχανον.
1331 1382 1467 1454 Περὶ
1488 1381 1545 1434 δὲ
1574 1380 1764 1434 τούτου

173 1463 352 1540 φησίν
371 1485 384 1497 ⁸
427 1465 615 1522 Εἶπεν
658 1471 690 1522 ό
732 1469 946 1536 Κύριος
973 1467 1052 1534 τῷ
1080 1469 1275 1536 Κυρίῳ
1293 1483 1443 1535 μου,
1465 1464 1662 1519 Κάθου
1695 1463 1764 1516 ἐκ

169 1551 403 1617 δεξιῶν
421 1568 560 1621 μου,
591 1550 702 1616 ἕως
731 1549 808 1605 ἂν
839 1549 920 1607 θῶ
950 1551 1091 1617 τοὺς
1115 1551 1368 1620 ἐχθρούς
1395 1565 1510 1603 σου
1539 1546 1778 1602 ὑποπόο

168 1635 320 1689 διον
341 1634 459 1688 τῶν
483 1633 684 1687 ποδῶν
707 1648 843 1686 σου.
874 1629 1040 1698 Εἶτα,
1077 1634 1164 1688 ἵνα
1200 1633 1274 1704 μὴ
1305 1631 1559 1703 νομίσῃς,
1603 1630 1765 1684 αὐτὸν

169 1718 389 1788 ἀσθενῆ
431 1713 571 1771 εἶναι
609 1716 704 1770 καὶ
738 1715 1123 1782 ἀδυνατοῦντα,
1161 1717 1427 1786 ἐπήγαγε,
1463 1714 1625 1769 Μετὰ
1649 1713 1766 1768 σοῦ

169 1802 218 1869 ἠ
252 1802 412 1871 ἀρχὴ
429 1801 498 1854 ἐν
521 1799 709 1870 ’ἡμέρᾳ
740 1797 852 1866 τῆς
880 1798 1188 1869 δυνάμεώς
1213 1814 1349 1853 σου.
1377 1798 1484 1852 Καὶ
1507 1797 1768 1866 σαφέστε-

178 1903 278 1958 ρον
330 1885 504 1954 δηλῶν
547 1885 769 1950 ἔλεγεν,
839 1883 940 1937 Ἐκ
989 1882 1254 1952 γαστρὸς
1297 1881 1409 1950 πρὸ
1455 1881 1769 1950 ἑωσφόρον

170 1967 486 2039 ἐγέννησά
509 1983 602 2022 σε.
634 1967 750 2039 Πρὸ
769 1965 1047 2037 ἑωσφόρον.)
1077 1964 1133 2019 δὲ
1148 1965 1324 2028 οὐδεὶς
1345 1963 1648 2036 ἀνθρώπων
1673 1982 1769 2032 γε-

171 2054 465 2123 γέννηται.
493 2051 576 2105 Σὺ
606 2051 796 2120 ἱερεὺς
821 2052 908 2116 είς
937 2047 1045 2103 τὸν
1075 2047 1260 2103 αἰῶνα
1285 2050 1434 2102 κατὰ
1457 2052 1573 2116 τὴν
1595 2047 1770 2112 τάξιν

170 2134 582 2206 Μελ-χισεδέκ.
641 2135 752 2186 Οὐκ
801 2129 961 2197 εἷπε,
1013 2131 1152 2187 κατὰ
1191 2131 1289 2204 τὴν
1341 2132 1494 2198 τάξιν
1536 2130 1764 2201 Ἀαρών.

189 2218 507 2290 Ἐρὼτησον
538 2217 718 2271 τοίνυν
749 2216 841 2270 τὸν
889 2217 1158 2280 Ἰουδαῖον,
1194 2218 1242 2268 εί
1270 2215 1344 2287 μὴ
1377 2214 1597 2286 ἔμελλεν
1629 2217 1662 2284 ἡ
1691 2217 1770 2268 ἱε-

179 2300 409 2374 ρωσύνη
441 2299 807 2354 καταλύεσθαι
839 2302 873 2372 ἡ
911 2299 1112 2353 παλαιὰ
1133 2338 1148 2362 ,
1175 2298 1318 2362 τίνος
1367 2299 1554 2354 ἕνεκεν
1583 2299 1769 2368 ἕτερον

177 2385 488 2454 εἰσήγαγεν
543 2383 693 2455 ἱερέα
747 2383 891 2436 κατὰ
949 2381 1044 2453 τὴν
1079 2381 1230 2448 τάξιν
1279 2381 1633 2452 Μελχισεδέκ.
1675 2382 1770 2444 Εἰς

176 2467 346 2521 τοῦτο
373 2465 501 2534 γοῦν
526 2465 656 2520 αὐτὸ
687 2467 747 2520 τὸ
775 2465 973 2538 χωρίον
1004 2466 1172 2520 ἐλθὼν
1205 2468 1232 2519 6
1264 2465 1492 2528 Παῦλος,
1517 2465 1619 2536 ὅρα
1654 2463 1772 2528 πῶς

179 2552 324 2605 αὐτὸ
359 2551 692 2622 σαφέστερον
717 2551 990 2621 ἐποίησεν.
1016 2549 1202 2604 Εἰπὼν
1233 2549 1343 2620 γάρ
1361 2548 1490 2620 περὶ
1514 2549 1608 2601 τοῦ
1634 2549 1774 2617 Χρι-

184 2634 345 2694 στοῦ,
377 2635 460 2688 ὅτι
488 2633 671 2697 καθὼς
707 2635 764 2686 ἐν
813 2633 983 2704 ἑτέρῳ
1011 2633 1181 2702 λέγει,
1208 2633 1292 2687 Σὺ
1319 2632 1511 2701 ἱερεὺς
1539 2633 1626 2697 εἷς
1656 2629 1778 2698 ξτόν

180 2718 378 2772 αιῶνα
410 2717 559 2770 κατὰ
583 2717 697 2784 τὴν
721 2715 898 2781 τάξιν
931 2716 1325 2788 Μελχισεδὲκ,
1358 2717 1608 2788 ἐπήγαγε
1627 2729 1641 2744 '
1667 2717 1778 2768 Πε-

173 2802 245 2870 ρὶ
283 2796 357 2856 οὗ
409 2801 605 2867 πολὺς
639 2799 782 2870 ἡμῖν
823 2805 856 2854 ό
888 2803 1071 2868 λόγος
1119 2800 1215 2854 καὶ
1270 2800 1770 2870 δυσερμήνευτος.

181 2881 348 2950 Εἶτα,
380 2885 712 2956 ἐπιτιμήσας
739 2887 851 2946 τοῖς
885 2883 1174 2954 μαθηταῖς,
1215 2883 1296 2936 δεῖ
1324 2884 1432 2954 γὰρ
1468 2885 1770 2953 ἐπιτεμεῖν,

185 2969 372 3038 λέγει,
397 2969 480 3032 τίς
513 2971 660 3021 ἐστιν
689 2969 717 3021 6
748 2967 1110 3038 Μελχισεδὲκ,
1139 2968 1232 3021 καὶ
1267 2967 1460 3034 ἐπάγει
1505 2967 1604 3036 τὴν
1636 2969 1775 3020 ἱστο-

186 3052 342 3126 ρίαν,
375 3050 518 3105 οὓτω
541 3051 744 3120 λέγων·
773 3045 962 3115 Οὗτος
989 3053 1020 3103 0'
1071 3050 1468 3119 συναντήσας
1521 3049 1777 3118 Ἀϐραάμ

184 3135 636 3206 ὑποστρέφοντι
665 3133 782 3189 ἀπὸ
811 3131 920 3200 τῆς
950 3133 1147 3200 κοπῆς
1175 3135 1292 3186 τῶν
1313 3132 1646 3198 βασιλέων,
1676 3133 1777 3186 καί

183 3221 536 3290 εὐλογήσας
583 3219 798 3284 αὑτὸν,
825 3213 872 3286 ᾧ
907 3218 1007 3273 καὶ
1045 3218 1306 3284 δεκάτην
1343 3216 1620 3284 ἐμέρισεν
1657 3215 1775 3270 ἀπὸ

186 3305 439 3361 πάντων
465 3306 740 3375 Ἀϐραάμ.
759 3302 915 3368 Εἶτα,
941 3302 1296 3358 ἐκκαλύπτων
1324 3301 1382 3354 τὸ
1407 3299 1668 3370 θεώρημα
1685 3300 1776 3352 τοῦ

186 3389 390 3452 τύπου,
413 3389 688 3456 Θεωρεῖτε
701 3389 769 3442 δὲ
789 3389 1052 3456 πηλίκος
1069 3382 1268 3451 οὗτος,
1286 3385 1470 3456 φησὶν,
1495 3378 1542 3451 ᾧ
1567 3383 1662 3437 καὶ
1692 3382 1782 3434 δε-

189 3473 391 3540 κάτην
406 3471 680 3542 ἐμέρισεν
691 3473 809 3527 ἀπὸ
823 3470 1066 3524 πάντων
1077 3468 1324 3538 Ἀϐραὰμ
1351 3469 1380 3520 6
1413 3469 1775 3539 πατριάρχης.

189 3558 369 3613 Τοῦτο
383 3556 440 3609 δὲ
468 3556 568 3626 ούχ
594 3555 778 3618 ἁπλῶς
794 3554 978 3623 ἔλεγεν
995 3596 1009 3620 ,
1038 3553 1152 3606 ἀλλ’
1177 3551 1510 3620 ἐνδείξασθαι
1529 3551 1784 3621 βουλόμε-

189 3660 285 3707 νος
303 3685 314 3701 .
335 3643 418 3696 ὅτι
452 3641 633 3712 πολλῷ
660 3639 859 3712 μείζων
879 3642 912 3710 ἡ
930 3637 1051 3692 καθ’
1071 3639 1216 3710 ἡμᾶς
1242 3635 1506 3708 ἱερωσύνη
1527 3635 1625 3704 τῆς
1655 3636 1783 3689 Ἰου-

191 3727 413 3798 δαῖκῆς.
445 3727 557 3782 Καὶ
590 3729 648 3780 ἐν
691 3729 806 3788 τοῖς
857 3723 1048 3788 τύποις
1088 3725 1270 3786 αὐτοῖς
1302 3722 1411 3776 τῶν
1443 3720 1784 3791 πραγμάτων

194 3812 548 3885 προλαϐοῦσα
576 3813 609 3882 ἡ
642 3809 882 3881 ὑπεροχὴ
908 3807 1287 3862 διαδείκνυται.
1322 3807 1379 3858 '0
1401 3805 1510 3876 γάρ
1534 3804 1784 3875 Ἀϐραάμ

192 3896 294 3950 τοῦ
337 3895 526 3949 Ἰσαὰκ
569 3894 752 3964 πατὴρ
785 3889 874 3964 ἦν,
920 3892 1016 3946 καὶ
1045 3890 1139 3944 τοῦ
1182 3888 1375 3944 Ἰακὼϐ
1406 3893 1647 3952 πάππος,
1691 3887 1786 3940 καὶ

194 3978 334 4034 Λευῒ
359 3979 642 4049 πρόγονος
673 3975 769 4030 τοῦ
803 3976 911 4046 γάρ
949 3973 1142 4029 Ἰακὼϐ
1167 3969 1235 4045 ἦν
1265 3973 1379 4036 υἱὸς
1407 3975 1434 4026 6
1461 3973 1614 4024 Λευῒ.
1650 3969 1785 4022 Ἀπὸ

195 4058 312 4135 γὰρ
335 4053 466 4116 Ᾱευῒ
494 4063 527 4133 ἡ
557 4060 821 4132 ἱερωσύνη
855 4058 1004 4131 παρά
1039 4057 1312 4120 Ἰουδαίοις
1341 4057 1441 4126 τὴν
1461 4055 1634 4126 ἀρχὴν
1663 4052 1787 4106 έλα-

196 4147 318 4202 ϐεν.
359 4139 496 4200 ’Ἀλλ’
525 4137 680 4208 οὗτος
699 4147 726 4199 6
765 4143 1017 4214 Ἀϐραὰμ
1047 4143 1075 4194 6
1108 4141 1370 4209 πρόγονος
1397 4139 1508 4193 τῶν
1545 4137 1786 4190 Λευῖτῶν

195 4221 297 4287 ita).
318 4229 427 4285 τῶν
470 4227 774 4282 Ἰουδαϊκῶν
817 4226 1025 4298 ἱερέων,
1071 4225 1164 4277 ἐπὶ
1206 4223 1300 4276 τοῦ
1342 4221 1697 4292 Μελχισεδὲκ,
1727 4219 1787 4282 ὃς

193 4310 270 4386 ἦν
314 4312 485 4375 τύπος
531 4311 632 4382 τῆς
673 4311 796 4364 καθ’
827 4311 975 4380 ἡμᾶς
1023 4305 1342 4380 ἱερωσύνης,
1396 4303 1584 4358 λαῖκοῦ
1632 4302 1787 4368 τάξιν

197 4397 410 4467 ἐπεῖχεο
438 4395 533 4450 καὶ
563 4395 720 4448 τοῦτο
738 4395 802 4447 δι’
831 4393 1156 4464 ἀμφοτέρων
1185 4389 1441 4458 ἐδήλωσε,
1475 4386 1672 4443 καὶδιὰ
1693 4387 1785 4438 τοῦ

196 4479 388 4534 δοῦναι
410 4477 642 4549 δεκάτην
668 4475 834 4547 αὐτῷ·
867 4477 917 4529 οί
956 4475 1066 4546 γὰρ
1103 4473 1281 4526 λαῖκοὶ
1306 4475 1418 4535 τοῖς
1451 4470 1654 4543 ἱερεῦσι
1687 4469 1787 4533 τὰς

199 4559 440 4624 δεκάτας
464 4561 685 4614 διδόασιο
711 4562 804 4614 καὶ
829 4563 910 4614 ὅτι
939 4557 1216 4630 ηὐλογήθη
1239 4557 1368 4628 παρ’
1396 4553 1582 4608 αὐτοῦ’
1611 4555 1658 4607 οἱ
1680 4551 1787 4625 γὰρ

199 4645 386 4700 λαῖκοὶ
412 4644 565 4715 παρὰ
591 4643 702 4699 τῶν
729 4644 918 4714 ἱερέων
941 4640 1308 4710 εὐλογοῦνται.
1331 4638 1500 4692 Πάλιν
1523 4639 1624 4710 ὅρα
1648 4637 1788 4706 πόση

201 4731 242 4800 ἠ
274 4729 519 4801 ὑπεροχὴ
547 4727 650 4798 τῆς
686 4727 806 4782 καθ’
842 4729 988 4797 ἡμᾶς
1023 4725 1342 4798 ἱερωσύνης,
1376 4725 1504 4777 ὅταν
1541 4721 1791 4794 Ἀϐραὰμ

201 4819 236 4870 6
263 4814 610 4886 πατριάρχης
647 4811 754 4864 τῶν
798 4809 1092 4873 Ἰουδαίων,
1131 4810 1160 4862 6
1204 4809 1466 4880 πρόγονος
1497 4807 1604 4860 τῶν
1630 4809 1788 4861 Λευῖ-

204 4899 319 4952 τῶν
336 4939 352 4964 ,
377 4898 700 4970 εὑρίσκηται
721 4909 746 4936 α
778 4895 882 4948 ὐπὸ
910 4895 1004 4947 τοῦ
1025 4893 1357 4964 Μελχισεδὲκ
1382 4891 1602 4959 εὐλογού
1612 4909 1789 4962 μενος,

206 4983 309 5036 καὶ
335 4981 566 5044 δεκάτας
591 4980 781 5044 διδούς.
812 4981 923 5032 Καὶ
949 4979 1058 5050 γάρ
1094 4978 1379 5049 ἀμφότερα
1422 4976 1597 5030 ταῦτά
1630 4995 1795 5046 φησιν

207 5069 248 5139 ἡ
265 5066 498 5130 Παλαιὰ,
511 5067 594 5120 ὅτι
609 5067 701 5120 καὶ
719 5065 1009 5135 εὐλόγησεν
1027 5067 1054 5117 6
1068 5065 1398 5134 Μελχισεδὲκ
1415 5063 1504 5116 τὸν
1520 5063 1725 5134 Ἀϐραά
1733 5081 1790 5134 μ,

210 5159 313 5210 καὶ
348 5153 715 5207 δεδεκάτωκεν
756 5151 939 5205 αὐτόν.
970 5149 1156 5204 Ταῦτα
1186 5149 1317 5218 γοῦν
1351 5149 1492 5202 αὐτά
1519 5151 1595 5213 εἰς
1631 5149 1794 5220 μέσον

209 5238 438 5310 ἀγαγὼν
463 5243 492 5294 6
513 5239 760 5304 Παῦλος,
785 5239 968 5308 έλεγε,
1015 5237 1288 5306 Θεωρεῖτε
1311 5236 1379 5290 δὲ
1407 5237 1667 5303 πηλίκος
1693 5232 1797 5292 οὗ·

207 5339 358 5390 τοςῖ
389 5320 584 5390 Οὗτος
609 5325 722 5390 τίς;
765 5324 830 5378 ὐ
862 5322 1258 5394 Μελχισεδὲκ,
1296 5322 1479 5392 φησὶν,
1515 5315 1562 5386 ᾧ
1589 5321 1685 5375 καὶ
1710 5321 1797 5374 δε-

211 5407 410 5476 κάτην
441 5406 698 5477 Ἀϐραὰμ
728 5407 800 5462 ἐκ
838 5407 961 5462 τῶν
998 5407 1354 5476 ἀκροθινίων
1379 5405 1602 5460 ἔδωκεν
1632 5407 1664 5458 ό
1693 5419 1798 5458 πα-

211 5483 500 5556 τριάρχης
532 5491 798 5546 ἐκείνων.
833 5491 944 5546 Καὶ
983 5493 1037 5545 οἱ
1057 5489 1176 5562 μὲν
1213 5491 1281 5543 ἐκ
1323 5487 1442 5542 τῶν
1473 5487 1621 5542 υἱῶν
1655 5489 1800 5542 Λευῖ

285 5754 317 5820 ‘_
342 5751 514 5820 Mprel.
543 5751 810 5820 ginquidarp
843 5764 960 5820 msg.
996 5751 1278 5820 εὑρίσκεται.
1325 5747 1435 5820 ριοὶ
1461 5745 1658 5819 guidarq
1681 5761 1796 5797 mss.

227 5815 470 5879 Ἀϐραὰμ,
486 5814 663 5892 καὶιὸτι
683 5813 895 5883 δεκάτας-
912 5813 1059 5863 ἔλαϐε
1073 5813 1183 5876 παρ’
1208 5813 1370 5861 αὐτοῦ.
1393 5813 1554 5861 Ταῦτα
1577 5813 1705 5870 γοῦν.

1290 340 1652 397 ADVERSUS
1689 339 1996 393 JUDA‘JOS.
2043 339 2150 392 VII.

3333 341 3453 400 νει

1865 454 1978 521 τὴν
2003 457 2336 524 ἱερωσύνην
2365 455 2798 526 λαμϐάνοντες,
2815 457 3078 526 ἐντολὴν
3105 456 3255 532 [670]
3278 461 3452 530 ἐχου-

1864 553 1968 592 σιν
2005 539 2422 594 ἀποδεκατοῦν
2451 540 2556 594 τόν
2584 541 2759 604 λαόν,
2795 540 3071 597 τουτέστι
3103 543 3246 610 τοὺς
3265 546 3447 603 ἀδελ-

1867 621 2017 691 φοὺς
2049 623 2266 691 αὐτῶν,
2281 626 2494 693 καίπερ
2516 625 2964 694 ἐξεληλυθότας
2987 628 3054 682 ἐκ
3078 628 3190 696 τῆς
3216 631 3448 701 ὀσφύος

1865 707 1972 760 τοῦ
2013 707 2279 778 Ἁϐραάμ.
2317 711 2381 762 Ὅ
2414 708 2469 762 δὲ
2486 709 2890 778 λέγειτοιοῦτόν
2912 711 3058 764 ἐστιν
3079 729 3094 743 ο
3125 715 3186 766 Οἱ
3203 712 3447 776 Λευῖται.

1867 792 2051 860 φησὶν,
2077 795 2124 845 οἱ
2159 791 2310 864 παρά
2333 793 2608 856 Ἰουδαίοις
2642 794 2828 863 ἱερεῖς,
2843 795 3063 868 ἐντολὴν
3088 795 3276 850 ἔλαϐον
3310 794 3452 849 κατὰ

1865 873 1955 927 τὸν
1984 875 2180 945 νόμον,
2235 876 2466 940 δεκάτας
2499 877 2795 948 λαμϐάνειν
2835 880 2898 932 ἐκ
2943 879 3050 932 τῶν
3105 880 3278 935 ἄλλων
3317 883 3450 936 Ἰου-

1865 959 2049 1014 δαίων.
2082 961 2276 1015 Καίτοι
2307 979 2370 1030 γε
2403 961 2602 1026 πάντες
2637 965 2703 1016 ἐκ
2738 962 2830 1017 τοῦ
2878 963 3130 1036 Ἀϐραάμ
3158 962 3320 1037 ἦσαν,
3354 967 3454 1023 καὶ

1865 1044 1912 1095 οἱ
1942 1041 2199 1110 Λευῖται,
2234 1046 2329 1099 καὶ
2364 1047 2392 1099 6
2441 1045 2628 1109 λοιπὸς
2667 1045 2828 1110 λαὸς,
2869 1045 2983 1100 ἀλλ’
3024 1047 3174 1119 ὅμως
3218 1049 3452 1116 δεκάτας

1865 1125 2197 1197 λαμϐάνουσι
2219 1129 2368 1200 παρὰ
2392 1129 2500 1182 τῶν
2535 1129 2778 1199 ἀδελφῶν
2813 1130 3012 1185 αὐτῶν.
3067 1132 3124 1184 '0
3147 1133 3205 1186 δὲ
3245 1135 3452 1206 Μελχι-

1867 1210 2044 1276 σεδὲκ,
2084 1212 2112 1264 ὁ
2143 1213 2217 1283 μὴ
2244 1213 2734 1283 γενεαλογούμενος
2755 1213 2813 1278 ἐξ
2841 1215 3020 1268 αὐτῶν
3045 1215 3126 1286 (οὐ
3143 1217 3253 1289 γάρ
3273 1219 3338 1270 ἐκ
3355 1217 3451 1272 τοῦ

1879 1295 2132 1365 Ἀϐραὰμ
2160 1291 2250 1366 ἦν,
2284 1295 2406 1349 οὐδέ
2429 1298 2492 1350 ἐκ
2524 1297 2624 1368 τῆς
2663 1297 2834 1368 φυλῆς
2867 1297 2967 1369 τῆς
2999 1299 3308 1372 Λευῖτικῆς,
3332 1301 3450 1355 ἀλλ’

1866 1379 1924 1446 ἐξ
1955 1379 2144 1450 ἐτέρου
2183 1381 2438 1449 γένους),
2470 1381 2805 1435 δεδεκάτωκε
2858 1382 2950 1435 τὸν
2989 1382 3261 1455 Ἀϐραὰμ,
3292 1403 3451 1439 τουτο

1866 1463 2004 1529 ἐστι,
2033 1464 2263 1530 δεκάτας
2293 1467 2423 1535 παρ’
2454 1465 2618 1519 αὐτοῦ
2645 1465 2824 1520 ἐλαϐεκ
2863 1465 2955 1518 καὶ
2977 1467 3036 1518 οὐ
3064 1467 3221 1520 τοῦτο
3251 1469 3411 1538 μόνον
3432 1510 3452 1536 ,

1866 1547 2002 1600 ἀλλὰ
2031 1550 2124 1602 καὶ
2149 1549 2334 1619 ἕτερόν
2359 1567 2432 1604 τι.
2465 1549 2529 1602 Τί
2559 1549 2612 1602 δὲ
2648 1548 2838 1616 τοῦτο;
2871 1549 2994 1602 Ὅτι
3025 1551 3117 1602 καὶ
3147 1551 3238 1603 τὸν
3260 1551 3454 1622 ἔχοντα

1866 1630 1974 1695 τὰς,
2003 1631 2357 1700 ἐπαγγελίας,
2389 1631 2484 1686 τὸν
2535 1631 2804 1704 Ἀϐραάμ,
2835 1631 2996 1686 πάλιν
3015 1633 3308 1704 ηὐλόγησε.
3342 1637 3454 1690 Καὶ

1865 1713 1919 1767 τί
1947 1713 2124 1780 τοῦτο,
2153 1717 2306 1786 φησὶ,
2338 1716 2640 1782 δείκνυται;
2683 1716 2804 1769 ’Ὀτι
2828 1709 2982 1779 οὗτος
3013 1716 3224 1770 ἐκείνου
3249 1718 3454 1789 σερόδρα

1867 1797 2125 1852 ἐλάττων.
2162 1798 2318 1865 Πῶς;
2351 1799 2538 1867 Χωρὶς
2571 1797 2775 1866 πάσης
2799 1799 3150 1868 ἀντιλογίας
3178 1801 3245 1853 τὸ
3277 1800 3454 1855 ἔλατ-

1867 1895 1976 1934 τον
2004 1881 2122 1937 ὑπὸ
2143 1881 2250 1935 τοῦ
2278 1873 2619 1950 κρείττονος
2647 1881 2998 1952 εὐλογεῖται.
3023 1883 3184 1935 Ὥστε
3213 1885 3259 1937 εί
3291 1883 3364 1956 μὴ
3385 1879 3454 1955 ἦν

1869 1965 2107 2020 ἐλάττων
2143 1968 2170 2020 6
2210 1967 2494 2038 Ἀϐραὰμ,
2534 1969 2562 2020 6
2601 1967 2864 2038 πρόγονος
2906 1967 3014 2020 τῶν
3056 1967 3320 2028 Λευῖτῶν,
3357 1969 3452 2021 τοῦ

1872 2047 2228 2118 Μελχισεδὲκ,
2252 2050 2351 2102 οὐκ
2375 2049 2440 2102 ἂν
2471 2051 2678 2112 ἐκεῖνος
2703 2048 2892 2103 τοῦτον
2918 2049 3232 2118 εὐλόγησεν,
3263 2050 3370 2103 οὐδ’
3389 2049 3454 2104 ἂν

1871 2129 2024 2196 οὗτος
2051 2133 2244 2201 ἐκείνῳ
2273 2131 2506 2196 δεκάτας
2533 2131 2753 2185 ἔδωκεν.
2771 2129 2902 2185 Εἶτα
2925 2131 3246 2202 βουλόμενος
3262 2131 3454 2197 δεῖξαι,

1869 2217 1950 2270 ὅτι
1975 2215 2064 2270 διὰ
2089 2215 2181 2269 τοῦ
2203 2215 2539 2286 Μελχισεδὲκ
2563 2214 2832 2286 προῆλθεν
2861 2217 2926 2269 ἂν
2950 2217 3126 2269 ἐκεῖνο
3146 2217 3457 2286 ι’,έπήγαγε

1870 2299 2045 2368 λέγων
2071 2316 2086 2330 ο
2122 2299 2256 2364 Καὶ,
2289 2300 2369 2364 ὡς
2395 2299 2544 2364 ἔπος
2581 2298 2790 2362 εἰπεῖν,
2830 2299 3075 2352 τουτέστι
3114 2299 3322 2368 σχεδὸν,
3359 2300 3460 2354 διὰ

1885 2383 2128 2452 Ἀϐραὰμ
2157 2381 2254 2436 καὶ
2275 2383 2422 2438 Λευϊ
2453 2385 2485 2435 ό
2508 2381 2766 2449 δεκάτας
2790 2383 3114 2452 λαμϐάνων
3143 2383 3460 2438 δεδεκάτω-

1871 2484 1985 2520 ται.
2016 2465 2081 2518 Τί
2126 2465 2183 2518 δέ
2221 2467 2337 2518 ἐστι
2359 2505 2372 2528 ,
2426 2465 2854 2532 δεδεκάτωται;
2895 2466 3137 2530 Δεκάτας
3163 2467 3330 2521 ἔδωκε
3362 2469 3458 2521 καὶ

1874 2552 2054 2616 αὐτὸς,
2078 2551 2230 2620 φησὶ,
2258 2549 2334 2621 τῷ
2364 2550 2716 2621 Μελχισεδὲκ,
2745 2553 2774 2604 ὁ
2801 2549 3025 2622 μηδέπω
3047 2551 3347 2622 γεννηθεὶς,
3369 2551 3458 2616 διὰ

1873 2635 1966 2689 τοῦ
1993 2635 2198 2707 πατρὸς
2234 2635 2421 2689 αὐτοῦ·
2443 2637 2564 2688 Ἕτι
2587 2639 2718 2704 γὰρ.
2743 2636 2927 2710 φησὶν,
2950 2636 3019 2689 ἐν
3035 2635 3110 2704 τῇ
3142 2637 3333 2706 όσςςύτ
3349 2635 3457 2691 τεῦ

1875 2719 2099 2788 πατρὸς
2125 2718 2312 2772 αὺτοῦ
2349 2714 2448 2789 ἦν,
2485 2718 2584 2771 ὅτε
2614 2717 3008 2786 συνήντησεν
3043 2717 3201 2784 αὐτῷ
3233 2721 3458 2788 Μελχι-

1875 2802 2077 2856 σεδέκ·
2111 2801 2200 2856 διὰ
2224 2803 2382 2856 τοῦτο
2406 2802 2516 2874 γάρ
2542 2803 2826 2875 προλαϐὼν
2855 2799 3028 2868 εἶπεν,
3077 2803 3174 2871 Ὧς
3205 2805 3353 2871 ἔπος
3381 2806 3460 2858 εἰ·

1876 2885 2032 2939 πεῖν.
2063 2885 2220 2948 Τίνος
2240 2881 2333 2939 οὖν
2356 2885 2542 2939 ἕνεκεν
2567 2887 2744 2940 ταῦτα
2783 2887 2988 2955 ἔλεγεν,
3024 2888 3220 2958 ἐπάγει
3244 2888 3421 2957 λέγων
3443 2904 3458 2920 ο

1876 2973 1946 3024 El
1969 2969 2088 3040 μὲν
2123 2965 2242 3025 οὖν
2267 2971 2306 3038 ἡ
2342 2971 2653 3036 τελείωσις
2678 2969 2776 3024 διὰ
2811 2969 2922 3039 τῆς
2957 2972 3272 3040 Λευῒτικῆς
3300 2975 3461 3042 ίερω-

1877 3055 2075 3120 σύνης
2111 3048 2190 3122 ἦν
2232 3053 2288 3124 (ό
2311 3052 2462 3117 λαὸς
2486 3053 2598 3122 γὰρ
2622 3053 2714 3106 ἐπ’
2749 3052 2903 3122 αὑτῇ
2929 3054 3362 3122 νενομοθέτητο
3389 3055 3458 3125 d),

1875 3138 1967 3202 τίς
1995 3137 2081 3190 ἔτι
2104 3137 2274 3204 χρεία
2300 3135 2450 3189 κατὰ
2473 3134 2589 3202 τὴν
2618 3133 2791 3198 τάξιν
2817 3137 3192 3204 Μελχισεδὲκ
3221 3139 3465 3192 ἀνίστα-

1878 3225 2020 3274 σθαι
2045 3217 2206 3286 ἱερέα
2233 3217 2456 3286 ἕτερον,
2487 3217 2588 3271 καί
2611 3219 2683 3271 οὐ
2719 3219 2870 3272 κατὰ
2893 3219 3010 3286 τὴν
3029 3219 3204 3284 τάξιν
3237 3220 3464 3289 Ἀαρὼν

1878 3301 2159 3370 λέγεσθαι
2178 3317 2198 3361 ;
2223 3300 2288 3353 Τί
2312 3301 2370 3353 δέ
2404 3302 2551 3354 ἐστιν
2583 3300 2612 3353 δ
2645 3301 2827 3368 λέγεις
2861 3303 2924 3354 Et
2959 3302 3029 3356 τὰ
3070 3303 3370 3374 πράγματα
3392 3301 3464 3376 ἦν

1878 3385 2080 3449 τέλεια,
2131 3385 2286 3455 φησὶ,
2319 3383 2386 3436 τά
2413 3383 2556 3437 κατὰ
2595 3384 2880 3449 Ἰουδαίους
2901 3426 2915 3449 ,
2951 3387 3044 3440 καὶ
3077 3387 3151 3458 μὴ
3183 3387 3313 3440 σκιὰ
3335 3385 3402 3458 ἦν
3435 3391 3466 3442 6

1880 3471 2043 3540 νόμος
2067 3469 2178 3522 τῶν
2219 3467 2518 3539 μελλόντων
2557 3467 2809 3536 ἀγαθῶν,
2859 3469 2996 3525 ἀλλὰ
3035 3471 3095 3524 τὸ
3151 3472 3259 3526 πᾶν
3302 3471 3466 3537 αὐτὸς

1881 3551 2272 3624 κατωρθώκει,
2321 3552 2416 3606 καὶ
2460 3552 2560 3604 οὐκ
2599 3551 2822 3622 ἔμελλεν
2869 3553 3038 3624 ἐτέρῳ
3071 3557 3462 3626 παραχωρεῖν,

1882 3636 2005 3690 οὐτε
2035 3639 2068 3708 ἡ
2103 3636 2428 3708 ἱερωσύνηὴ
2458 3635 2698 3706 προτέρα
2733 3634 3148 3702 ὑπεξίστασθαι,
3179 3639 3272 3691 καὶ
3304 3639 3466 3710 ἐτέρα

1884 3719 2332 3788 άντεισάγεσθαι,
2364 3720 2507 3782 τίνος
2531 3719 2716 3772 ἕνεκεν
2759 3720 2788 3772 6
2825 3721 3112 3793 προφήτης
3145 3721 3348 3790 ἔλεγενο
3378 3723 3465 3778 Σὺ

1885 3803 2077 3872 ἱερεὺς
2096 3807 2183 3869 εὶς
2201 3803 2309 3856 τὸν
2331 3800 2534 3868 αἰῶνα,
2557 3803 2708 3856 κατὰ
2727 3801 2843 3869 τὴν
2870 3803 3042 3868 τάξιν
3057 3805 3429 3873 Μελχισεδέκ
3445 3823 3466 3871 ;

1887 3894 1993 3946 ἔδει
2017 3891 2128 3964 γάρ
2166 3893 2372 3957 εἰπεῖν,
2411 3889 2554 3944 κατὰ
2584 3890 2684 3962 τὴν
2723 3889 2876 3954 τάξιν
2914 3890 3144 3963 Ἀαρών.
3189 3893 3288 3946 Διὰ
3312 3893 3469 3946 τοῦτό

1887 3999 2074 4052 φησιν,
2096 3981 2160 4033 Εἰ
2189 3981 2286 4051 μὲν
2311 3975 2402 4034 οῦν
2425 3978 2752 4050 ὴτελείωσις
2777 3977 2865 4030 διὰ
2885 3979 2982 4050 τῆς
3007 3979 3295 4052 Λευῖτικῆς
3321 3982 3474 4053 ἱερω-

1891 4067 2056 4137 σύνης
2089 4057 2179 4135 ἦν,
2209 4063 2292 4126 τίς
2319 4062 2398 4115 ἔτι
2439 4063 2600 4133 χρεία
2625 4061 2766 4115 κατά
2797 4061 2895 4132 τὴν
2933 4059 3084 4126 τάξιν
3131 4063 3471 4134 Μελχισεδὲκ

1889 4146 2211 4201 ἀνίστασθαι
2243 4147 2395 4216 ἱερέα
2423 4145 2628 4216 ἕτερον,
2656 4144 2748 4197 καὶ
2772 4144 2832 4196 οὐ
2854 4144 2994 4198 κατὰ
3033 4145 3132 4214 τὴν
3158 4145 3311 4209 τάξιν
3347 4146 3470 4199 Ἀα-

1894 4229 2000 4301 ρὼν
2017 4227 2308 4298 λέγεσθαι;
2347 4229 2512 4298 Δῆλον
2555 4227 2665 4298 γὰρ
2707 4228 2772 4279 ἐκ
2807 4226 3018 4292 τούτου,
3049 4227 3124 4290 ὡς
3158 4227 3337 4299 ἐκείνη
3370 4227 3470 4299 μὲν

1889 4313 2039 4376 τέλος
2065 4312 2256 4365 ἔλαϐεν
2286 4313 2320 4380 ἡ
2361 4309 2628 4381 ἱερωσύνη
2650 4349 2664 4374 ,
2706 4310 2868 4380 ἐτέρα
2903 4309 2960 4363 δὲ
2998 4310 3470 4382 ἀντεισενήνεκται

1891 4395 2070 4467 πολλῷ
2106 4395 2328 4466 βελτίων
2355 4394 2448 4448 καὶ
2485 4392 2814 4463 ὑψηλοτέρα.
2853 4392 3056 4446 Τούτου
3081 4391 3138 4446 δὲ
3173 4393 3468 4464 ὁμολογου-

1895 4481 2078 4552 μένου,
2097 4479 2318 4532 κάκεῖνο
2337 4473 2800 4546 συνωμολόγηται,
2819 4475 2900 4530 ὅτι
2927 4477 3020 4530 καὶ
3043 4475 3287 4530 πολιτεία
3309 4477 3470 4549 ἑτέρα

1890 4567 1956 4637 τῇ
1987 4561 2254 4636 ἱερωσύνῃ
2287 4559 2658 4630 συμϐαίνουσα
2695 4559 3181 4630 συνεισαχθήσεται
3201 4601 3215 4623 ,
3263 4558 3400 4632 αῦτη
3433 4563 3468 4633 ἡ

1891 4648 2136 4722 ἡμετέρα
2169 4644 2430 4716 δηλονότι,
2477 4643 2572 4696 καὶ
2611 4642 2901 4713 νομοθεσία
2933 4642 3174 4712 βελτίων.
3201 4643 3378 4715 Ὅπερ
3405 4643 3470 4714 δὴ

1893 4730 2320 4794 κατασκευάζων
2351 4725 2608 4788 ὀΠαῦλος
2633 4725 2806 4794 ἔλεγε,
2854 4725 3328 4794 Μετατιθεμένης
3361 4725 3473 4796 γὰρ

1894 4817 2005 4886 τῆς
2035 4817 2386 4885 ἱερωσύνης,
2412 4815 2481 4879 ἐξ
2515 4811 2782 4882 ἀνάγκης
2811 4811 2910 4864 καὶ
2942 4811 3128 4878 νόμου
3151 4808 3472 4878 μετάθεσις

1895 4901 2138 4972 γίνεται,
2162 4897 2262 4952 καὶ
2284 4899 2509 4952 τούτων
2533 4893 2894 4966 δημιουργὸς
2911 4888 2999 4959 εἷς
3019 4893 3208 4946 ἐστιν.
3252 4890 3472 4964 Ἐπειδὴ

1895 4987 2005 5054 γὰρ
2037 4983 2098 5037 τὸ
2138 4981 2298 5037 πλέον
2330 4980 2439 5033 τῶν
2477 4979 2722 5050 νομίμων
2757 4977 2886 5048 περὶ
2913 4975 3010 5048 τὴν
3039 4975 3136 5046 τῆς
3169 4973 3474 5044 ἱερωσύνης

1896 5065 2216 5120 ἀκολουθίαν
2245 5063 2582 5136 ἀνηλίσκετο,
2605 5064 2638 5132 ὴ
2663 5061 2719 5114 δὲ
2750 5058 3015 5131 ἱερωσύνη
3057 5060 3089 5130 ἡ
3117 5056 3356 5127 προτέρα
3387 5054 3475 5120 ἐξ·

1897 5149 2194 5219 εϐέϐλητο,
2241 5146 2462 5218 εὔδηλον
2509 5147 2590 5199 ὅτι
2625 5143 2818 5216 ἐτέρας
2862 5139 3346 5219 ἀντεισαχθείσης,
3378 5137 3474 5192 καὶ

1898 5218 2222 5304 νομοθεσίαν
2254 5229 2474 5302 μείζονα
2504 5225 2920 5298 άντεισαχθῆναι
2960 5224 3088 5277 ἔδει.
3112 5219 3247 5276 Εἶτα
3271 5218 3469 5304 δηλῶν,

1899 5303 2027 5388 περὶ
2048 5312 2200 5387 [671]
2218 5313 2358 5377 τίνος
2386 5312 2557 5365 ταῦτα
2583 5311 2822 5378 λέγεται,
2857 5306 2982 5376 Ἐφ’
3015 5307 3087 5360 ὃν
3108 5305 3218 5376 γὰρ
3235 5303 3473 5388 λέγεται

1898 5381 2104 5466 ταῦτα,
2145 5381 2299 5467 φησὶ,
2329 5394 2533 5467 φυλῆς
2579 5394 2785 5462 ἐτέρας
2823 5391 3236 5462 μετέσχηκεν,
3272 5387 3374 5456 ἀφ’
3399 5381 3476 5456 ἧς

1899 5485 2098 5552 οὐδεὶς
2131 5481 2519 5552 προσέσχηκε
2566 5477 2647 5545 τῷ
2695 5475 3118 5544 θυσιαστηρίῳ.
3164 5470 3479 5541 Πρόδηλον

1958 5742 1990 5781 b
2015 5741 2111 5802 Alii
2128 5735 2390 5802 προσῆλθεν
2405 5737 2587 5800 ἐκείνῳ.

1965 5807 1988 5836 ε
2016 5800 2114 5854 Alii
2137 5798 2507 5863 νενομοθέτηται.
