3958 6414
205 391 360 448 9:23

174 526 278 568 cx
307 526 428 582 qua
455 507 625 566 nullus
649 508 860 564 vacabat
884 509 1056 564 altari.
1089 507 1423 577 Manifestum
1448 517 1521 562 est
1545 509 1675 564 enim
1701 510 1836 579 quod

183 617 280 654 ca:
314 600 471 655 Juda
497 610 703 655 exortus
733 609 803 655 est
831 598 1080 654 Dominus
1116 608 1286 654 noster
1310 640 1323 664 ,
1363 599 1414 652 in
1457 615 1608 668 quam
1656 599 1840 652 tribum

191 690 372 746 nihil
391 693 453 749 de
475 694 757 748 sacerdotio
781 693 947 748 Moses
969 693 1203 764 loquutus
1223 703 1294 746 est
1316 690 1501 762 (Hebr.
1528 692 1582 746 7.
1607 692 1693 745 15.
1722 689 1834 764 11).

192 783 372 838 Cum
408 785 565 857 igitur
591 787 797 840 clarum
823 785 892 839 sit
916 784 1186 839 Christum
1213 799 1277 839 ex
1306 783 1392 838 illa
1417 797 1536 838 esse
1567 783 1725 848 tribu,
1754 783 1837 836 ni-

195 877 441 932 mirum
497 893 565 931 ex
590 875 722 932 Juda
745 919 760 943 ,
791 886 845 932 et
894 875 1225 930 sacerdotem
1272 875 1566 930 secundum
1597 874 1837 930 ordinem

200 968 637 1031 Mclcbisedec,
673 983 830 1037 porro
855 967 1212 1024 Melchisedec
1241 981 1361 1022 esse
1389 968 1556 1020 muito
1605 966 1837 1020 honora.

195 1059 491 1114 biliorem
539 1059 886 1138 Abrahamo_:
914 1061 1161 1114 nimirum
1210 1069 1263 1114 et
1307 1060 1439 1113 illud
1488 1059 1839 1128 undequaque

198 1161 453 1208 εοιιειίιι
478 1151 804 1222 quod-etiam
831 1151 978 1206 aliud
1021 1167 1116 1222 pro
1144 1151 1252 1205 alio
1296 1151 1566 1206 inducitur
1591 1150 1842 1205 sacerdo-

209 1245 378 1297 tium
407 1243 578 1298 multo
607 1259 694 1308 eo,
743 1243 886 1312 quod
914 1244 1060 1312 prius
1088 1243 1281 1309 fuerat,
1310 1243 1610 1297 sublimius.
1633 1241 1764 1296 Nam
1793 1241 1836 1295 si

204 1344 402 1406 typus
437 1336 556 1390 talis
581 1335 740 1390 ctiam
764 1335 982 1390 Judaico
1009 1336 1308 1390 sacerdotio
1336 1334 1666 1404 splendidior
1688 1341 1836 1402 erat,

207 1428 415 1481 multo
443 1428 616 1497 magis
644 1428 758 1498 ipsa
789 1429 984 1483 veritas
1008 1469 1022 1494 ,
1057 1428 1198 1498 quod
1243 1435 1475 1482 tractans
1501 1428 1639 1482 idem
1667 1427 1798 1481 dixit
1821 1441 1837 1480 :

215 1518 484 1583 Amplius
514 1519 681 1572 adhuc
706 1520 1028 1588 manifestum
1050 1529 1117 1574 est
1137 1562 1151 1583 ,
1183 1521 1226 1573 si
1253 1520 1526 1573 secundum
1551 1520 1842 1574 similitudi-

221 1626 366 1662 nem
419 1608 756 1663 Melcltisedec
799 1611 1026 1662 exoritur
1066 1611 1196 1663 alius
1239 1610 1472 1664 sacerdos
1500 1611 1584 1678 qui
1628 1627 1730 1664 non
1778 1609 1844 1664 sit

205 1702 394 1771 juxta
421 1701 576 1771 legem
608 1701 845 1770 prwcepti
882 1699 1103 1754 carnalis
1122 1743 1137 1767 ,
1167 1701 1256 1754 sed
1294 1702 1452 1772 juxta
1476 1703 1705 1754 virtutem
1731 1703 1844 1756 vitae

212 1795 607 1848 indissolubilis
651 1793 826 1867 (Ibid.
858 1810 904 1848 v.
951 1795 1037 1848 15.
1081 1792 1210 1866 16).
1242 1794 1377 1860 Quid
1407 1804 1527 1862 est,
1568 1812 1668 1849 non
1690 1797 1843 1865 juxta

216 1887 404 1956 legem
434 1886 671 1956 prcecepti
710 1886 933 1939 carnalis
952 1926 966 1950 ,
994 1885 1083 1939 sed
1102 1887 1256 1955 juata
1282 1887 1509 1939 virtutem
1546 1887 1662 1940 vita:
1684 1887 1846 1940 indis-

231 1978 529 2032 solubilis?
555 1977 706 2045 Quod
737 1979 939 2032 nullum
988 1979 1128 2032 illius
1176 1988 1503 2049 prceceptum
1554 1988 1702 2034 esset
1725 1995 1844 2034 car-

220 2069 389 2125 nale.
418 2068 534 2125 Non
580 2069 723 2124 enim
755 2084 884 2124 oves
927 2077 1164 2125 mactare
1209 2085 1381 2140 neque
1425 2071 1616 2126 vitulos
1639 2071 1840 2141 jussit;

220 2160 335 2216 sed
368 2176 464 2230 per
491 2162 737 2216 virtutem
763 2161 926 2216 animi
953 2162 1118 2215 Deum
1145 2162 1359 2217 colere:
1390 2174 1443 2217 et
1473 2163 1664 2217 horum
1709 2180 1845 2232 pra:-

223 2253 349 2307 Inia
381 2254 539 2308 vitam
570 2253 724 2308 nobis
752 2253 1084 2325 designavit,
1126 2271 1245 2325 qua:
1272 2271 1558 2326 numquam
1603 2271 1843 2312 corrum-

229 2355 425 2416 petur.
454 2349 530 2402 Ac
572 2362 784 2402 rursum
829 2357 1069 2403 mortuos
1107 2363 1207 2403 nos
1235 2349 1336 2404 sub
1367 2350 1595 2419 peccatis
1625 2352 1844 2406 veniens

229 2437 546 2504 suscitavit,
574 2437 845 2494 destructa
873 2439 1070 2510 duplici
1095 2448 1286 2505 morte,
1318 2441 1483 2495 altera
1508 2442 1728 2510 peccati,
1760 2443 1843 2496 al-

235 2541 364 2586 tera
408 2531 603 2587 carnis.
631 2531 892 2600 Quoniam
923 2533 1083 2602 igitur
1109 2533 1231 2588 talia
1260 2534 1415 2590 nobis
1440 2535 1581 2590 bona
1611 2534 1843 2591 aﬂ'erens

233 2623 414 2689 venit,
445 2622 565 2678 ideo
603 2623 764 2677 dicit:
808 2621 932 2678 Non
947 2624 1101 2696 juxta
1135 2624 1294 2695 legem
1333 2626 1556 2680 carnalis
1578 2627 1840 2697 prwcepti,

234 2717 336 2772 sed
353 2717 508 2788 juxta
533 2717 763 2770 virtutem
801 2715 918 2770 vita:
944 2716 1330 2772 indissolubilis.

316 2811 376 2866 6.
404 2809 520 2866 Jam
547 2810 714 2882 igitur
732 2821 786 2866 et
813 2810 944 2866 illud
971 2810 1113 2882 quod
1158 2811 1399 2867 restabat
1428 2811 1588 2866 simul
1617 2811 1844 2867 demon-

241 2903 476 2958 stratum
519 2913 629 2966 est,
685 2902 947 2958 translato
1021 2902 1362 2969 sacerdotio,
1429 2903 1563 2973 legis
1631 2919 1844 2974 quoque

245 2992 657 3050 translationem
687 2993 800 3049 fieri
827 3009 922 3064 par
949 3008 1092 3049 esse.
1141 2995 1391 3050 Attamen
1441 3003 1498 3050 et
1535 2995 1640 3050 hoc
1668 2996 1842 3065 ipsum

244 3103 513 3159 expresse.
558 3087 752 3144 licebat
798 3087 1208 3157 demonstrare,
1239 3086 1636 3160 prephetasque
1677 3098 1844 3146 testes

248 3199 441 3239 rursus
467 3183 731 3239 adducere
753 3183 993 3239 dicentes
1016 3224 1034 3251 ,
1053 3183 1224 3254 legem
1244 3197 1366 3238 esse
1388 3181 1839 3249 transferendam,

249 3287 307 3335 et
334 3277 642 3348 reipublicae
691 3285 886 3332 statum
915 3277 969 3331 in
995 3276 1188 3331 melius
1235 3275 1702 3331 transmutandum
1724 3315 1741 3342 ,
1791 3283 1846 3332 et

254 3386 524 3440 nunquam
550 3385 728 3441 regem
757 3369 988 3440 aliquem
1014 3367 1258 3424 Judaeum
1284 3368 1641 3424 exoriturum.

328 3453 544 3508 Muralis
573 3454 854 3508 exhortatio
898 3453 966 3506 ad
1005 3453 1362 3506 correctionem
1397 3451 1843 3522 fratrum—Ve-

256 3563 374 3604 rum
403 3546 654 3616 quoniam
697 3553 900 3600 tantum
941 3553 1026 3600 est
1067 3543 1378 3611 dicendum,
1409 3552 1665 3613 quantum
1694 3542 1846 3597 audi-

257 3651 343 3692 tor
362 3638 530 3708 possit
553 3651 767 3706 capere,
798 3650 899 3691 nec
927 3635 1105 3690 omnia
1136 3634 1337 3701 simul,
1371 3649 1470 3689 nec
1507 3635 1800 3689 acervatim
1829 3652 1842 3688 :

259 3729 364 3784 illis
394 3729 444 3782 in
477 3727 621 3782 aliud
655 3736 866 3797 tempus
899 3727 1188 3782 reservatis
1216 3769 1229 3792 ,
1274 3726 1360 3782 hic
1388 3741 1692 3782 sermonem
1724 3725 1846 3781 tini-

260 3832 443 3885 rmus,
471 3817 816 3873 exhortantes
852 3825 1086 3872 vestram
1127 3817 1426 3880 caritatem.
1455 3825 1512 3872 ut
1541 3817 1848 3872 memineri-

261 3910 330 3963 tis
355 3923 538 3963 eorum
562 3923 678 3978 qua:
705 3907 845 3962 dicta
868 3915 1020 3972 sunt,
1052 3915 1107 3962 et
1133 3907 1248 3962 haee
1269 3909 1376 3962 illis
1396 3924 1516 3979 qua:
1538 3910 1686 3979 prius
1707 3909 1848 3964 dicta

260 4008 387 4056 sunt
411 3999 706 4054 annectatis
731 4039 746 4066 ,
771 3999 1020 4068 quodque
1042 4000 1190 4069 prius
1215 3999 1522 4069 rogavimus
1545 4043 1560 4068 ,
1594 4000 1738 4056 idem
1787 4009 1844 4057 et

261 4107 404 4147 nunc
428 4105 676 4161 rogamus
700 4131 714 4155 ,
744 4101 800 4145 ut
826 4089 1021 4146 fratres
1050 4101 1259 4145 vestros
1297 4091 1567 4148 reducatis
1603 4094 1671 4149 ad
1701 4094 1851 4150 salu-

264 4195 370 4242 tem
393 4226 406 4250 ,
436 4191 492 4239 et
515 4185 737 4239 multam
764 4183 1176 4238 sollicitudinem
1208 4183 1446 4239 habeatis
1473 4199 1570 4255 pro
1593 4187 1851 4242 membris

265 4275 541 4346 neglectis.
571 4276 795 4345 Propter
815 4277 918 4330 hoc
941 4274 1086 4330 enim
1113 4287 1213 4329 nos
1240 4282 1444 4330 tantum
1469 4275 1711 4331 laborum
1734 4291 1854 4331 sus-

267 4371 515 4439 cipimus,
551 4384 656 4424 non
702 4375 758 4421 ut
803 4367 1004 4421 frustra
1046 4367 1348 4436 loquamur,
1392 4380 1562 4434 neque
1599 4378 1657 4424 ut
1697 4369 1852 4440 plau-

268 4477 388 4518 sum
417 4461 808 4531 strepitumque
833 4461 1150 4528 referamus,
1175 4459 1270 4514 Sed
1299 4468 1357 4513 ut
1383 4461 1593 4515 avolsos
1623 4460 1688 4515 ad
1714 4460 1856 4514 viam

271 4552 511 4607 veritatis
539 4551 875 4606 reducamus.
909 4550 986 4605 Ac
1009 4566 1075 4604 ne
1107 4550 1229 4620 quis
1261 4549 1391 4604 mihi
1415 4549 1724 4614 dicat,nihil
1755 4550 1860 4605 mi-

272 4643 332 4698 hi
378 4657 496 4697 cum
524 4656 591 4697 eo
617 4652 699 4697 est
745 4642 966 4713 negotii,
998 4643 1202 4696 utinam
1252 4643 1527 4710 conlingat
1568 4642 1700 4698 mihi
1741 4657 1860 4698 mea

270 4733 440 4802 ipsius
469 4734 681 4806 negotia
714 4745 861 4789 recte
885 4734 1104 4804 gerere!
1134 4733 1304 4789 Nemo
1325 4748 1479 4788 suum
1511 4735 1674 4803 ipsius
1701 4751 1862 4806 aegeo

275 4827 405 4882 tium
435 4836 580 4883 recte
611 4842 800 4899 gerere
829 4837 1024 4897 potest,
1053 4827 1296 4896 neglecta
1346 4827 1569 4894 proximi
1611 4826 1862 4880 dilectio-

276 4933 349 4977 ne
386 4926 442 4976 et
479 4921 689 4975 salute:
716 4920 835 4975 ideo
860 4929 912 4974 et
955 4919 1151 4974 Paulus
1199 4919 1313 4974 ait:
1343 4917 1508 4972 Nemo
1537 4917 1674 4984 quod
1709 4935 1862 4971 suum

277 5022 352 5068 est
372 5023 585 5082 quierat,
611 5014 700 5066 sed
727 5013 942 5084 quisque
980 5012 1116 5082 quod
1164 5004 1463 5074 alterius(l.
1488 5004 1611 5066 Cor.
1631 5009 1718 5064 10.
1747 5011 1864 5081 24),

280 5107 479 5170 sciens,
501 5105 644 5176 quod
670 5119 768 5159 sua
788 5103 1046 5173 cujusque
1065 5102 1268 5157 utilitas
1294 5103 1344 5156 in
1373 5101 1607 5172 proximi
1634 5101 1864 5157 utilitate

282 5198 381 5256 sita
407 5205 509 5254 est.
546 5197 722 5253 Sanus
751 5210 810 5251 es
837 5204 914 5260 tu,
934 5194 1029 5249 sed
1057 5193 1224 5249 frater
1254 5203 1375 5248 tuus
1419 5193 1740 5248 infirmatur.
1766 5192 1868 5248 lta-

283 5302 382 5358 que
405 5289 448 5343 si
477 5302 605 5343 vere
635 5285 894 5342 sollicitus
922 5284 1087 5339 fueris
1113 5299 1207 5352 pro
1237 5292 1548 5351 tegrotante,
1573 5285 1741 5353 magis
1774 5283 1871 5339 do-

285 5379 439 5445 iebis,
474 5386 531 5434 et
560 5377 858 5433 imitaberis
885 5377 936 5430 in
965 5375 1068 5430 hoc
1110 5390 1320 5445 quoque
1349 5375 1560 5429 beatum
1593 5374 1744 5429 illum
1776 5376 1870 5444 qui

289 5473 407 5528 dicit
435 5489 448 5526 :
471 5473 585 5540 quis
608 5473 920 5538 inﬁrmatur,
943 5479 990 5524 et
1029 5486 1121 5541 ego
1152 5485 1254 5522 non
1285 5469 1559 5538 inﬁrmor?
1585 5469 1698 5539 quis
1725 5485 1872 5523 scan.

293 5567 559 5633 datizatur,
587 5573 635 5618 et
683 5581 775 5636 ego
823 5581 925 5618 non
971 5579 1093 5618 uror
1119 5562 1198 5635 (2.
1228 5561 1348 5617 Cor.
1386 5563 1474 5617 11.
1499 5562 1629 5633 29)?
1657 5562 1869 5617 Etenim

284 5659 334 5713 si
358 5672 481 5712 cum
509 5655 649 5711 duos
677 5655 864 5710 obolos
906 5654 1232 5719 dederimus,
1275 5653 1600 5723 paulumque
1631 5654 1868 5724 pecuniae

292 5747 734 5817 msumpserimus
763 5747 813 5800 in
841 5763 1124 5817 pauperes,
1151 5747 1478 5817 gaudemus:
1505 5746 1550 5801 si
1573 5747 1869 5817 poterimus

294 5838 490 5901 animas
518 5854 758 5904 servare.
781 5849 980 5905 quanto
1026 5839 1283 5909 majorem
1316 5837 1602 5910 voluptatis
1630 5837 1864 5893 fructum

1475 393 1836 453 ADVERSUS
1873 393 2178 454 JUDIEOS.
2221 393 2332 453 VII.

3411 403 3516 466 9:36

1947 510 2254 580 capiemus?
2278 518 2528 582 quantam
2573 519 2748 566 autem
2789 512 2839 566 in
2867 511 3046 567 futuro
3086 512 3282 569 sarculo
3309 511 3534 584 reeipie-

1942 615 2064 655 mus
2093 600 2443 656 mercedem?
2488 600 2621 655 Nam
2663 601 2749 657 hic
2777 619 2989 674 quoque
3032 604 3242 674 quoties
3270 605 3520 659 convenis

1945 708 2102 760 mus,
2137 695 2358 750 multam
2399 695 2671 764 capiemus
2719 697 3041 766 voluptatem
3089 713 3155 752 ex
3199 708 3524 765 cengressu,

1943 784 2350 840 reminiscentes
2375 785 2670 840 officiorum
2695 828 2710 851 ,
2741 803 2858 856 quae
2887 787 2991 842 illis
3022 788 3384 856 praestitimus.
3419 789 3525 842 De-

1946 875 2068 931 inde
2097 892 2217 931 cum
2247 877 2366 933 illos
2403 879 2842 948 conspexerimus
2873 879 2939 933 ad
2985 879 3210 933 tribunal
3243 878 3372 932 illud
3411 894 3527 932 tue-

1943 968 2197 1022 tuendum
2222 1009 2238 1034 ,
2268 969 2445 1024 multa:
2468 968 2672 1024 fiducia:
2701 970 2982 1039 participes
3003 970 3223 1025 erimus.
3255 970 3317 1023 Et
3342 985 3530 1038 quem-

1943 1060 2230 1116 admodum
2262 1062 2351 1130 qui
2377 1062 2566 1129 injuria
2595 1061 2836 1116 aiftciunt
2857 1103 2873 1127 ,
2904 1060 2994 1131 qui
3037 1071 3290 1129 usurpant
3317 1060 3489 1114 aliena
3510 1101 3525 1122 ,

1945 1155 2036 1224 qui
2065 1154 2304 1223 rapiunt,
2334 1155 2424 1224 qui
2471 1155 2610 1208 mala
2653 1154 2931 1208 innumera
2966 1153 3223 1223 proximis
3266 1152 3526 1208 inferunt.

1945 1260 2067 1300 cum
2099 1247 2225 1300 illuc
2251 1247 2496 1301 venerint
2543 1258 2744 1315 eosque
2793 1245 3060 1310 viderint,
3104 1244 3194 1313 qui
3226 1243 3339 1296 haec
3385 1241 3526 1311 passi

1945 1345 2072 1392 sunt
2094 1337 2371 1408 (videbunt
2398 1338 2541 1393 enim
2579 1337 2720 1392 haud
2767 1337 2928 1392 dubie
2950 1377 2965 1403 ,
2998 1345 3054 1390 ut
3079 1335 3416 1406 perSpicuutn
3448 1342 3532 1387 est

1945 1438 2001 1483 et
2024 1443 2090 1483 ex
2118 1429 2280 1484 divite
2309 1429 2400 1483 illo
2427 1436 2481 1482 et
2513 1427 2776 1498 Lazaro),
2820 1442 2993 1498 neque
3033 1442 3094 1482 os
3136 1426 3345 1495 aperire
3374 1434 3526 1493 pote-

1945 1531 2070 1577 runt
2094 1564 2108 1586 ,
2137 1538 2310 1592 neque
2336 1523 2605 1578 habebunt
2629 1564 2644 1588 ,
2673 1522 2814 1592 quod
2844 1521 3056 1588 dicant,
3106 1528 3197 1574 aut
3239 1526 3527 1583 excusent,

1951 1615 2045 1670 sed
2071 1615 2239 1670 multo
2270 1615 2472 1685 pudore
2503 1631 2798 1686 magnaque
2827 1613 3270 1668 condemnatione
3299 1611 3485 1680 repleti
3514 1649 3530 1675 ,

1947 1720 2014 1761 ex
2041 1706 2251 1760 illorum
2281 1714 2497 1776 aSpectu
2523 1706 2589 1759 ad
2617 1707 2768 1774 ignea
2811 1704 3029 1758 flumina
3059 1703 3409 1757 adducentur.
3438 1699 3531 1753 lti-

1947 1796 2067 1852 dem
2093 1799 2182 1868 qui
2225 1798 2454 1853 salutem
2507 1797 2733 1852 aliorum
2786 1805 3008 1861 curant,
3054 1795 3142 1865 qui
3163 1794 3394 1856 docent,
3445 1791 3531 1859 qui

1947 1888 2245 1956 instituunt,
2270 1889 2357 1944 ubi
2385 1888 2614 1944 viderint
2638 1904 2730 1944 eos
2754 1904 2887 1958 quos
2915 1894 3284 1950 servaverunt,
3312 1885 3418 1939 illic
3444 1899 3537 1951 pa-

1947 1981 2274 2035 trocinantes
2302 1981 2464 2049 ipsis,
2515 1981 2679 2034 multa
2711 1979 2900 2034 fiducia
2932 1979 3299 2047 replebuntur.
3338 1976 3403 2029 Et
3433 1974 3534 2027 hoc

1947 2073 2142 2127 Paulus
2170 2073 2451 2128 declarans
2480 2073 2611 2127 dixit
2641 2092 2654 2128 :
2685 2073 2862 2126 Gloria
2905 2081 3068 2126 ucstra
3107 2087 3282 2125 sumus
3301 2111 3316 2135 ,
3357 2085 3531 2140 quem-

1947 2166 2220 2220 admodum
2248 2177 2294 2222 et
2324 2184 2407 2222 vos
2429 2177 2600 2221 nostra
2648 2167 2722 2239 (Ξ.
2751 2167 2870 2222 Cor.
2905 2168 2956 2222 1.
2986 2165 3098 2238 14).
3128 2164 3350 2233 Quando
3394 2161 3536 2215 hoc?

1947 2257 2013 2312 In
2049 2260 2131 2313 die
2160 2260 2368 2313 Domini
2389 2261 2548 2316 nostri
2569 2260 2696 2315 Jesu
2733 2259 2942 2315 Christi.
2973 2262 3051 2314 Ac
3080 2275 3263 2313 rursus
3291 2256 3537 2311 Christus

1947 2351 2259 2406 exhortatur
2283 2393 2298 2418 ,
2328 2351 2514 2408 dicens
2549 2371 2561 2405 :
2590 2352 2770 2407 Facite
2807 2353 2947 2408 vobis
2980 2352 3170 2405 amicos
3194 2365 3258 2404 ea:
3302 2363 3537 2402 ntamona

1945 2443 2224 2513 iniquitatis
2243 2485 2258 2511 ,
2286 2451 2341 2496 ut
2366 2459 2480 2496 cum
2507 2443 2817 2515 defeceritis,
2854 2443 3098 2512 recipiant
3134 2457 3221 2494 vos
3247 2441 3300 2493 in
3340 2448 3526 2492 (eterna

1943 2553 2040 2592 sua
2072 2537 2396 2591 tabernacula
2428 2536 2577 2607 (Luc.
2611 2535 2698 2590 16.
2728 2535 2809 2605 9).
2838 2535 3001 2589 Vides
3039 2535 3262 2589 multam
3293 2530 3538 2585 fiduciam

1945 2625 2102 2682 nobis
2123 2627 2364 2698 praestari
2387 2626 2455 2680 ab
2484 2627 2547 2680 iis
2567 2667 2582 2692 ,
2613 2641 2748 2697 quos
2774 2624 2860 2680 hic
2886 2634 3070 2679 nostro
3094 2623 3354 2678 beneficio
3377 2624 3537 2690 juve-

1946 2719 2134 2774 rimus.
2184 2719 2340 2786 Quod
2379 2719 2461 2788 si,
2513 2718 2601 2774 ubi
2633 2718 2855 2789 pecunia
2905 2717 3183 2772 dumtaxat
3212 2715 3536 2779 insumitur,

1946 2819 2026 2867 tot
2045 2821 2169 2866 sunt
2197 2826 2445 2878 coronae,
2495 2819 2639 2865 tanta
2684 2825 2923 2875 merces,
2951 2818 3097 2878 tanta
3127 2803 3488 2862 remuneratio
3520 2821 3534 2857 :

1947 2904 2035 2959 ubi
2059 2904 2273 2973 juvatur
2293 2904 2470 2958 anima
2492 2943 2508 2968 ,
2535 2903 2623 2973 qui
2649 2902 2760 2956 fieri
2795 2909 2971 2971 potest
2994 2910 3053 2954 ut
3095 2914 3202 2954 nou
3230 2897 3394 2953 multa
3420 2910 3537 2950 ma-

1945 3010 2156 3066 gnaque
2202 2996 2356 3050 nobis
2403 2996 2716 3064 contingant
2755 2993 2935 3049 bona?
2965 2992 3176 3047 Etenim
3219 2991 3264 3044 si
3313 2987 3538 3043 Tabitha

1947 3087 2060 3154 illa,
2093 3103 2212 3157 quae
2230 3085 2416 3141 viduas
2443 3085 2706 3140 vesdebat
2729 3125 2743 3150 ,
2775 3099 2894 3153 quae
2923 3080 3220 3153 paupertati
3252 3078 3538 3133 subvenie-

1947 3177 2078 3242 bat,
2109 3192 2140 3230 a
2168 3186 2342 3231 morte
2392 3175 2444 3230 in
2471 3176 2632 3230 vitam
2661 3182 2904 3229 revocata
2949 3182 3030 3227 est
3059 3171 3193 3242 (Act.
3222 3170 3277 3224 9.
3324 3167 3416 3242 56)
3441 3210 3454 3232 ,
3483 3177 3540 3224 et

1947 3268 2196 3340 lacrymte
2222 3281 2406 3322 eorum
2425 3266 2515 3336 qui
2545 3265 2817 3320 beneliciis
2842 3264 3014 3318 affecti
3039 3262 3246 3318 fuerant
3269 3303 3282 3326 ,
3307 3261 3539 3314 animam

1948 3359 2002 3415 in
2029 3372 2223 3428 corpus
2252 3356 2614 3422 reduxerunt,
2663 3370 2783 3410 cum
2825 3355 3062 3408 nondum
3089 3353 3324 3407 venisset
3356 3365 3539 3405 resur-

1949 3450 2119 3505 rectio
2152 3465 2165 3500 :
2207 3447 2332 3519 quid
2361 3447 2556 3503 facient
2583 3446 2858 3501 hominum
2891 3461 2985 3514 per
3015 3453 3066 3500 te
3093 3451 3427 3498 servatorum
3458 3441 3537 3494 la-

1949 3541 2186 3614 crymze?
2214 3541 2361 3596 Sicut
2387 3540 2531 3594 enim
2563 3539 2700 3593 hanc
2728 3539 3137 3592 circumstantes
3164 3534 3337 3588 vidua:
3367 3533 3541 3586 vivam

1950 3652 2018 3692 ex
2043 3643 2250 3691 mortua
2281 3633 2627 3690 reddiderunt
2658 3650 2671 3686 :
2700 3633 2777 3686 sic
2800 3640 2852 3686 et
2881 3639 2930 3686 te
2962 3641 3087 3685 tunc
3129 3629 3542 3684 circumstantes

1952 3730 2043 3800 qui
2072 3743 2212 3783 nunc
2243 3743 2340 3798 per
2381 3736 2432 3782 te
2461 3725 2655 3780 servati
2695 3724 2920 3787 fuerint,
2951 3722 3189 3778 efficient
3218 3730 3279 3776 ut
3316 3721 3540 3774 multam

1949 3823 2244 3892 experiaris
2280 3821 2660 3875 humanitatem
2688 3861 2702 3885 ,
2725 3827 2780 3874 et
2805 3834 2871 3874 ex
2897 3817 3140 3872 incendio
3159 3815 3417 3885 gehennzc
3434 3813 3545 3868 eri-

1952 3917 2120 3988 pient.
2155 3915 2278 3970 Hazc
2300 3915 2456 3984 igitur
2484 3914 2745 3979 scientes,
2780 3927 2885 3965 non
2916 3910 2980 3964 ad
3009 3918 3328 3980 prmsentem
3355 3907 3543 3962 horam

1954 4018 2158 4062 tantum
2182 4005 2368 4062 fervidi
2392 4006 2557 4059 simus
2583 4012 2637 4058 et
2660 4003 2938 4073 vigilantes
2963 4043 2976 4066 ,
3015 4000 3108 4055 sed
3139 4001 3313 4070 ignem
3339 4039 3354 4065 ,
3384 4013 3544 4066 quem

1953 4098 2162 4153 habetis
2205 4111 2382 4162 nunc,
2431 4095 2742 4158 accendite;
2786 4093 3093 4163 egressique
3137 4091 3307 4155 foras,
3361 4089 3545 4142 distri-

1956 4189 2099 4243 buite
2119 4187 2344 4242 salutem
2375 4185 2623 4240 civitatis.
2657 4185 2808 4251 Quod
2849 4183 2894 4236 si
2922 4180 3175 4252 ignoretis
3198 4222 3212 4248 ,
3255 4179 3547 4249 perquirite

1954 4294 2084 4341 eos,
2112 4277 2202 4347 qui
2242 4276 2324 4331 his
2352 4276 2504 4330 malis
2529 4281 2810 4343 :egrotant.
2842 4271 2930 4327 Sic
2967 4272 3108 4326 enim
3156 4280 3210 4324 et
3257 4284 3352 4322 nos
3395 4269 3548 4322 vobis

1954 4368 2254 4440 promptius
2311 4367 2670 4434 libentiusque
2709 4364 3024 4434 loquemur,
3069 4361 3199 4430 ipsis
3253 4359 3408 4414 factis
3450 4373 3546 4414 co-

1956 4469 2274 4534 gnoscentes
2297 4501 2312 4528 ,
2344 4473 2443 4513 nos
2478 4473 2584 4512 non
2613 4459 2665 4512 in
2695 4466 2898 4526 petram
2924 4465 3107 4510 semen
3127 4454 3324 4524 jecissc
3343 4494 3359 4519 ,
3381 4461 3435 4507 et
3453 4465 3549 4505 vos

1956 4555 2059 4626 ipsi
2107 4555 2250 4610 circa
2297 4551 2507 4608 virtutis
2559 4549 2998 4605 exercitationem
3044 4547 3193 4602 erilis
3236 4545 3547 4600 alacriores.

1959 4646 2419 4718 Quemadmodum
2450 4644 2593 4699 enim
2625 4645 2676 4698 in
2704 4642 2945 4712 pecuniis
2971 4683 2984 4708 ,
3021 4640 3112 4711 qui
3139 4639 3273 4694 duos
3311 4639 3550 4692 lucratus

1960 4750 2042 4796 est
2069 4753 2291 4803 aureos,
2324 4737 2576 4807 proclivis
2601 4743 2685 4790 est
2707 4733 2774 4788 ad
2799 4733 2985 4788 decem
3009 4774 3023 4798 ,
3055 4739 3110 4786 et
3133 4732 3198 4786 ad
3223 4730 3406 4800 viginti
3432 4727 3547 4783 coi-

1960 4832 2204 4905 ligcndos
2232 4829 2737 4901 congregandosque
2761 4844 2776 4891 ;
2809 4827 2886 4880 sic
2913 4841 3012 4880 usu
3041 4825 3185 4879 venit
3213 4833 3267 4879 ct
3295 4824 3348 4877 in
3377 4823 3546 4876 virtu-

1961 4937 2013 4982 te
2045 4944 2058 4980 :
2092 4931 2181 4996 qui
2207 4924 2392 4981 fecerit
2417 4923 2614 4978 bonum
2638 4919 2849 4991 aliquod
2869 4934 3024 4990 opus,
3051 4917 3392 4987 ofﬁciumque
3416 4931 3552 4986 prat-

1961 5018 2185 5082 stiterit,
2216 5014 2708 5070 exstimulationem
2756 5011 2878 5067 inde
2903 5011 3133 5080 aliquam
3165 5016 3255 5062 aut
3291 5007 3548 5062 exhorta-

1961 5109 2161 5165 tionem
2193 5107 2260 5162 ad
2286 5105 2548 5176 agendum
2581 5105 2775 5170 sumit,
2805 5111 2864 5157 ut
2898 5102 3000 5156 alia
3027 5116 3239 5171 quoque
3271 5099 3550 5153 benefacta

1960 5199 2319 5271 aggrediatur.
2350 5197 2419 5254 Ut
2445 5197 2606 5268 igitur
2645 5205 2700 5251 et
2727 5195 2918 5250 fratres
2964 5207 3272 5257 servemus,
3305 5199 3360 5245 ct
3396 5190 3552 5244 nobis

1961 5292 2170 5348 veniam
2197 5306 2294 5361 pro
2336 5289 2606 5359 peccatis,
2656 5287 2764 5342 imo
2806 5285 2982 5356 potius
3032 5283 3252 5339 multam
3301 5281 3551 5336 fiduciam

1965 5395 2313 5453 reponamus,
2346 5379 2578 5449 denique
2619 5393 2867 5434 curemus
2902 5386 2956 5432 ct
3003 5375 3163 5440 illud,
3195 5385 3251 5430 ut
3292 5385 3418 5428 ante
3445 5387 3554 5426 ca:-

1965 5488 2076 5530 sera
2117 5474 2296 5529 omnia
2324 5487 2519 5526 nomen
2555 5471 2650 5526 Dei
2693 5469 3056 5540 gloriﬁcatur;
3100 5483 3222 5522 cum
3253 5465 3507 5521 uxoribus
3534 5505 3553 5531 ,

1961 5568 2166 5634 liberis,
2211 5575 2266 5622 et
2295 5565 2507 5619 famulis
2553 5563 2621 5618 ad
2670 5563 2812 5617 hunc
2850 5570 3121 5616 venatum,
3147 5568 3200 5614 et
3244 5557 3550 5626 indaginem

1961 5661 2160 5732 egressi
2184 5703 2200 5721 τ,
2226 5658 2576 5714 extrahamus
2600 5661 2631 5712 ό
2669 5655 2864 5711 diaboli
2893 5655 3098 5724 laqueis
3127 5662 3310 5722 captos
3339 5651 3406 5706 ab
3433 5649 3549 5715 illo,

1962 5753 2252 5809 secundum
2281 5750 2450 5821 ipsius
2478 5750 2804 5805 voluntatem
2838 5765 2853 5802 :
2885 5761 2984 5802 nec
3007 5745 3153 5815 prius
3194 5743 3516 5798 desistamus
3535 5781 3553 5808 ,

1967 5860 2124 5918 quam
2149 5842 2400 5917 quidquid
2417 5856 2513 5914 per
2531 5855 2630 5898 nos
2649 5839 2891 5913 praestari
2913 5839 3109 5910 poterit
3130 5833 3556 5910 prtrstiterituus,
