3958 6446
510 392 610 447 Θὲτ

511 532 625 585 sive
654 537 902 597 pareant,
932 525 1043 581 sive
1067 541 1170 579 non
1201 533 1439 595 pareant.
1469 524 1607 591 Quin
1640 522 1814 591 potius
1840 521 2089 592 impossi-

515 621 625 676 bile
651 630 763 686 est,
789 630 847 674 ut
871 618 1144 674 christiani
1175 631 1294 671 cum
1322 616 1464 679 sint,
1489 630 1593 668 non
1617 623 1855 683 pareant.
1884 613 1989 668 Sed
2020 628 2091 668 ne

513 714 597 766 vel
642 709 793 765 hanc
848 711 1242 765 excusationem
1293 707 1570 771 habeatis,
1626 707 1756 761 illud
1820 706 1979 772 dico,
2046 707 2091 761 si

516 811 791 870 postquam
822 801 982 854 multa
1013 800 1172 854 verba
1209 797 1487 863 effuderis,
1533 805 1586 851 et
1632 796 1882 867 quidquid
1920 811 2013 865 per
2043 805 2094 850 te

522 894 751 960 aravstari
799 894 1029 962 poterit,
1098 891 1433 959 expleveris,
1505 889 1702 943 videris
1772 889 1916 942 illum
1989 902 2092 941 non

516 984 917 1051 obtemperare;
950 982 1193 1034 adducito
1221 980 1286 1034 ad
1319 981 1649 1043 sacerdotes,
1682 989 1734 1033 et
1762 980 1979 1032 omnino
2002 993 2097 1048 per

520 1073 614 1127 Dei
639 1074 861 1141 gratiam
890 1074 1158 1141 potientur
1187 1080 1381 1126 venatu
1402 1111 1418 1136 ,
1454 1079 1729 1139 totumque
1759 1080 1905 1123 tuum
1955 1070 2056 1123 erit
2078 1113 2092 1136 ,

518 1166 607 1232 qui
639 1166 783 1217 illum
814 1180 971 1217 manu
999 1164 1233 1219 duxeris.
1261 1164 1384 1217 llaec
1412 1171 1468 1217 et
1496 1164 1750 1216 uxoribus
1776 1162 1874 1214 viri
1901 1162 2059 1215 dicite
2080 1198 2094 1224 ,

520 1266 575 1307 et
605 1269 795 1308 uxores
822 1256 948 1309 viris
968 1298 982 1321 ,
1007 1265 1061 1310 et
1086 1264 1265 1323 patres
1295 1256 1451 1321 iiliis,
1479 1264 1536 1309 et
1564 1253 1720 1307 amici
1766 1253 1972 1305 amicis.
2006 1252 2097 1305 Di-

518 1355 667 1399 scant
691 1345 805 1399 haec
828 1345 1019 1412 Judaei,
1061 1355 1113 1400 et
1139 1346 1172 1399 ii
1200 1345 1287 1414 qui
1320 1344 1472 1398 nobis
1502 1344 1713 1412 quidem
1732 1342 1997 1411 conjuncti
2022 1344 2100 1395 πὶ·

519 1440 736 1503 dentur,
768 1438 863 1493 sed
890 1454 1011 1492 cum
1037 1438 1139 1492 illis
1161 1437 1393 1491 sentiunt
1414 1478 1427 1502 ,
1455 1436 1607 1489 nobis
1628 1434 1837 1504 aliquod
1863 1433 2094 1487 studium

517 1536 658 1593 cSSe,
691 1542 755 1580 ac
792 1528 1236 1593 sollicitudinem,
1268 1527 1697 1597 vigilantiamque
1729 1540 1821 1594 pro
1847 1522 2100 1577 fratribus

1215 390 1271 444 S.
1313 388 1591 444 JOANNIS
1630 386 2102 445 CllRYSOSTOMl
2137 388 2453 444 .AllC'illEP.
2496 388 3023 445 CONSTANTINOP.

3646 404 3728 458 9'38

2194 524 2388 580 nostris
2423 522 2488 578 ad
2529 523 2648 579 illos
2698 524 2834 579 ultro
2865 525 3218 580 currentibus.
3273 525 3341 580 Et
3386 528 3590 584 omnino
3632 542 3745 589 ante

2199 629 2295 668 nos
2320 613 2440 668 illos
2464 615 2753 683 corrigent,
2777 615 2886 685 qui,
2908 630 3029 668 cum
3052 626 3249 673 nostrae
3276 616 3607 687 professionis
3628 624 3731 691 sint,

2195 713 2371 759 tamen
2402 704 2493 759 illo
2520 714 2841 760 commeant.
2873 706 3009 774 Quin
3051 708 3225 776 potius
3257 723 3418 762 nemo
3444 708 3647 779 posthac
3660 729 3735 768 au-

2197 810 2353 851 surus
2391 806 2470 851 est
2500 796 2565 850 ad
2594 797 2712 851 illos
2756 797 3041 867 confugere
3065 838 3079 863 ,
3111 798 3205 853 sed
3233 799 3339 853 erit
3369 814 3554 868 corpus
3580 800 3743 860 Eccita-

2198 887 2291 940 sim
2321 901 2531 956 purum.
2558 887 2699 940 Deus
2726 896 2905 941 autem
2933 887 3021 957 qui
3049 888 3158 941 vult
3181 903 3376 943 omnes
3399 889 3626 945 homines
3643 893 3747 947 ﬁeri:

2199 979 2372 1034 salvos
2392 1020 2407 1043 ,
2435 989 2488 1034 et
2514 978 2581 1034 ad
2611 979 2933 1049 agnitionem
2976 982 3215 1035 veritatis
3247 983 3461 1049 venire,
3490 991 3541 1037 et
3575 998 3656 1038 vos
3685 986 3745 1039 ad

2202 1071 2357 1124 istum
2398 1076 2646 1125 venatum
2698 1072 3043 1137 corroboret,
3088 1081 3141 1126 et
3185 1073 3311 1127 illos
3352 1072 3421 1126 ab
3470 1073 3565 1128 hoc
3592 1091 3738 1130 errore

2198 1163 2412 1218 liberet.
2464 1162 2699 1232 Denique
2741 1172 2962 1217 cunctos
3005 1163 3074 1217 ad
3120 1164 3347 1219 salutem
3394 1170 3647 1218 revocatos
3671 1165 3736 1219 di-

2202 1270 2332 1325 gnos
2359 1255 2548 1309 reddat
2575 1256 2828 1309 cmlorum
2863 1270 3028 1326 regno
3049 1298 3063 1321 ,
3110 1256 3162 1309 in
3189 1256 3418 1325 gloriam
3447 1271 3588 1311 suam
3609 1297 3622 1319 ,
3644 1256 3737 1325 quia

2204 1349 2303 1418 ipsi
2325 1349 2577 1403 convenit
2602 1348 2768 1419 gloria
2797 1356 2851 1403 et
2877 1347 3112 1418 potentia
3138 1348 3187 1402 in
3216 1348 3415 1403 saecula
3445 1347 3733 1403 szecnlorum.

2205 1441 2399 1494 Amen.

532 1676 3734 1701 ΜΗ

1454 1773 2094 1887 CONTRA
2161 1775 2237 1879 J
2255 1774 2844 1878 UD/EOS.

1077 2116 1271 2163 ORATIO
1310 2122 1544 2162 OCTAVA.

597 2268 646 2322 l.
670 2264 931 2321 Praeteriit
948 2262 1205 2333 jejunium
1237 2260 1564 2327 Judmorum,
1594 2260 1703 2314 imo
1732 2261 1906 2329 potius
1933 2260 2111 2315 ebrie-

526 2366 607 2412 tas
627 2356 950 2412 Judaeorum.
982 2354 1074 2407 Est
1098 2354 1242 2407 enim
1275 2362 1329 2406 et
1354 2351 1553 2420 absque
1579 2351 1702 2405 vino
1731 2351 1960 2407 ebrietas
1983 2393 1998 2417 ,
2029 2359 2112 2406 est

520 2456 578 2506 ‘et
615 2451 666 2505 in
694 2449 984 2504 sobrietate
1030 2445 1318 2500 temulenta
1358 2444 1730 2512 luxuriosaque
1769 2444 2108 2498 comessatio.

523 2541 676 2609 Quod
716 2541 760 2594 si
791 2552 948 2594 nemo
987 2545 1169 2607 posset
1207 2536 1408 2605 absque
1448 2535 1569 2588 vino
1610 2535 1929 2589 temulentus
1964 2550 2107 2602 esse,

527 2646 860 2704 nequaquam
886 2631 1144 2700 propheta
1175 2627 1380 2682 diceret
1408 2644 1421 2679 :
1465 2625 1550 2680 νω
1592 2626 1656 2678 iis
1694 2626 1776 2695 qui
1811 2625 1932 2679 ebrii
1968 2636 2106 2691 sunt,

521 2735 569 2779 et
587 2742 686 2780 non
702 2725 858 2777 avino
886 2722 1037 2796 (latri.
1062 2720 1153 2775 29.
1176 2720 1209 2774 9
1217 2738 1255 2789 ).
1274 2719 1332 2774 Si
1356 2735 1459 2774 non
1483 2727 1623 2773 esset
1650 2717 1765 2771 sine
1782 2718 1904 2770 vino
1934 2716 2111 2771 ebrie-

524 2828 628 2882 tas,
650 2833 755 2871 non
782 2815 1263 2875 dixissetPauius:
1290 2812 1466 2866 Nolite
1494 2812 1730 2865 inebriari
1764 2811 1880 2865 vino
1905 2811 2108 2881 (Thess.

528 2909 582 2962 5.
614 2909 729 2981 18).
757 2907 887 2961 Nam
919 2918 981 2961 ac
1020 2905 1068 2960 si
1112 2906 1276 2975 pessit
1305 2905 1504 2976 absque
1532 2904 1655 2957 vino
1684 2904 1803 2973 quis
1835 2904 2108 2969 inebriari,

524 3000 659 3054 dixit
687 3017 701 3054 :
732 2998 908 3055 Nolite
937 2999 1176 3052 inebriari
1204 2999 1337 3051 vino.
1371 2998 1465 3051 Est
1503 2998 1645 3051 enim
1687 2997 1919 3052 ebrietas
1962 3005 2021 3052 et
2058 2996 2112 3051 in

524 3093 600 3146 ira
633 3092 766 3148 etin
798 3092 1025 3147 absurda
1054 3090 1505 3160 concupiscentia,
1544 3099 1596 3145 et
1624 3089 1675 3142 in
1706 3089 1945 3151 avaritia,
1975 3097 2030 3145 et
2059 3087 2111 3141 in

525 3194 710 3239 amare
738 3185 919 3255 glorire
942 3224 956 3249 ,
987 3183 1214 3252 denique
1248 3182 1300 3235 in
1331 3180 1449 3235 aliis
1485 3180 1779 3235 innumeris
1813 3178 2109 3233 aﬁ‘cctibus.

524 3276 769 3331 Ebrietas
794 3276 936 3330 enim
968 3275 1096 3329 nihil
1122 3272 1265 3328 aliud
1294 3282 1396 3340 est,
1432 3287 1590 3343 quam
1622 3271 1881 3326 excidisse
1907 3287 1937 3324 a
1967 3282 2111 3325 reeta

527 3367 751 3428 ratione,
783 3366 1131 3435 deliratioque
1152 3373 1207 3419 et
1233 3378 1376 3419 sana:
1402 3365 1597 3418 mentis
1625 3362 1872 3433 privatio.

596 3456 903 3511 Ebrietatem
929 3472 1029 3511 non
1056 3458 1225 3510 vinum
1250 3455 1601 3521 solummodo,
1639 3456 1728 3509 sed
1761 3466 1808 3509 et
1845 3455 1935 3508 alii
1972 3457 2113 3525 pran

523 3546 739 3614 uﬂ’ectus
787 3549 1013 3614 pariunt.
1053 3576 1125 3588 -—
1168 3546 1284 3601 Non
1333 3546 1506 3601 solum
1554 3547 1713 3616 igitur
1752 3548 1841 3616 qui
1890 3548 2111 3600 multum

524 3641 775 3695 exhaurit
813 3654 1055 3707 merum,
1088 3654 1270 3695 verum
1298 3641 1457 3695 etiam
1499 3640 1585 3710 qui
1616 3640 1777 3693 alium
1809 3640 2113 3710 quempiam

524 3733 769 3787 morbum
792 3733 886 3787 alit
907 3734 957 3787 in
978 3733 1178 3798 animo,
1202 3731 1549 3787 vehementer
1569 3732 1750 3787 ebrius
1774 3746 1893 3788 esse
1909 3731 2116 3800 judica-

526 3824 689 3879 hitur.
723 3824 930 3879 Etenim
958 3825 1045 3894 qui
1068 3825 1309 3879 mulieris
1334 3824 1522 3880 aliena:
1548 3832 1760 3879 tenetur
1786 3839 1990 3891 amore,
2023 3824 2115 3893 qui

526 3915 717 3970 scortis
735 3924 907 3983 vacat,
938 3915 1120 3970 ebrius
1147 3924 1246 3969 est.
1276 3916 1341 3969 Et
1363 3914 1502 3970 sicut
1530 3915 1596 3981 is,
1628 3916 1718 3984 qui
1750 3914 1975 3968 multum
2003 3913 2116 3969 ebi-

526 4007 602 4061 bit
648 4020 876 4068 merum,
918 4015 971 4061 et
1013 4016 1347 4061 transversus
1391 4006 1583 4076 agitur,
1630 4005 1917 4059 illiberales
1958 4020 2114 4060 voces

527 4100 772 4167 ell'undit,
813 4100 1063 4171 aliudque
1105 4115 1203 4171 pro
1243 4100 1349 4155 alio
1384 4101 1573 4155 videt:
1611 4101 1689 4155 sic
1730 4111 1779 4156 et
1826 4101 1913 4155 hic
1953 4101 2114 4155 veluti

521 4206 676 4246 *mero
717 4192 965 4262 qquiam
1004 4202 1099 4245 sua
1141 4190 1431 4261 cupiditate
1473 4190 1726 4260 repletus,
1770 4206 1944 4261 neque
1986 4205 2114 4245 saua

524 4283 727 4353 profert
762 4282 924 4338 verba
946 4324 961 4351 ,
1004 4282 1096 4337 sed
1127 4282 1378 4338 obscaena
1407 4282 1606 4347 omnia,
1648 4281 1740 4337 sed
1782 4281 2114 4351 perniciosa,

523 4376 617 4432 sed
646 4375 923 4431 iiliberalia
952 4376 1197 4444 risusque
1225 4375 1407 4444 plena,
1437 4374 1646 4444 aliaque
1678 4389 1772 4442 pro
1798 4373 1919 4427 aliis
1950 4374 2113 4439 videt,

524 4467 813 4522 excutiens
845 4464 912 4521 ad
948 4480 1009 4521 ea
1036 4481 1154 4536 qua:
1180 4474 1490 4520 cernuntur.
1515 4464 1667 4531 Quod
1705 4465 1750 4518 si
1788 4465 1873 4519 cui
1907 4464 2115 4520 mulieri

522 4568 768 4629 stuprum
803 4559 1003 4613 inferre
1036 4557 1381 4628 concupiscit,
1412 4556 1550 4613 hanc
1572 4557 1769 4627 ubique
1796 4556 2111 4627 imaginans,

525 4665 632 4704 non
654 4649 808 4704 aliter
831 4662 989 4719 quam
1014 4659 1196 4704 mente
1220 4658 1408 4718 captus
1435 4663 1498 4703 ac
1522 4648 1778 4715 delirans,
1804 4651 1855 4702 in
1877 4659 2115 4704 conven-

526 4740 722 4808 ticulis,
771 4739 823 4794 in
869 4739 1148 4806 conviviis,
1193 4740 1338 4795 omni
1383 4749 1642 4810 tempore,
1688 4741 1742 4793 in
1784 4741 1931 4794 omni
1973 4742 2111 4807 loco,

524 4834 628 4891 etsi
656 4836 933 4890 innumera
964 4833 1238 4888 hominum
1270 4833 1437 4889 millia
1464 4834 1636 4904 ipsum
1662 4834 2021 4905 alloquamur,
2047 4849 2116 4890 ne

520 4929 709 4985 audire
742 4922 958 5000 quidem
989 4926 1221 4995 videtur,
1252 4926 1346 4982 sed
1375 4926 1441 4982 ad
1472 4927 1615 4982 illam
1647 4935 1846 4982 tantum
1881 4928 2115 4983 intentus

508 5031 603 5079 ‘est
627 5023 857 5088 animus,
880 5035 979 5077 nec
1000 5018 1143 5074 aliud
1166 5018 1414 5085 somniat,
1439 5032 1597 5089 quam
1622 5027 1925 5089 peceatum;
1956 5019 2117 5075 habet

519 5124 770 5188 suspecta
793 5115 993 5182 omnia,
1025 5115 1216 5170 metuit
1246 5115 1447 5178 omnia,
1480 5112 1650 5168 nihilo
1679 5113 1870 5168 melior
1894 5113 2113 5168 animali

521 5206 772 5279 perculso
822 5215 880 5262 et
930 5206 1177 5264 attonito.
1234 5205 1569 5275 Rursusque,
1616 5220 1775 5276 quem
1822 5212 1972 5260 tenet
2012 5205 2111 5272 ira,

520 5302 703 5358 ebrius
725 5308 809 5357 est
832 5317 847 5356 :
868 5300 1114 5356 similiter
1130 5307 1186 5355 et
1210 5298 1334 5354 huic
1355 5308 1528 5369 turget
1548 5298 1731 5364 facies,
1754 5312 1858 5352 vox
1880 5295 1941 5351 ﬁt
1960 5312 2117 5367 aspe-

496 5395 653 5462 ‘rior,
698 5394 837 5449 oculi
883 5396 1018 5449 l‘mnt
1059 5393 1472 5462 sanguinolenti,
1521 5407 1672 5447 mens
1712 5390 2111 5460 obtenebratur,

494 5484 802 5554 prudentia
847 5484 1226 5554 submerg-itur,
1277 5483 1455 5553 lingua
1504 5482 1704 5549 tremit,
1754 5481 1901 5536 oculi
1942 5480 2113 5537 intor-

516 5584 772 5643 quentur,
810 5589 970 5631 aures
1002 5574 1114 5629 alia
1157 5588 1255 5644 pro
1291 5574 1410 5628 aliis
1446 5573 1670 5629 audiunt
1699 5591 1713 5628 :
1738 5571 1995 5627 nimirum
2033 5572 2111 5626 ira

523 5664 681 5733 longe
707 5666 940 5736 gravius,
960 5678 1120 5736 quam
1141 5666 1305 5721 ullum
1336 5679 1542 5721 merum
1570 5665 1759 5731 soleat,
1786 5662 2113 5733 percellente

525 5754 826 5824 cerebrum,
863 5767 1231 5827 tempestatem
1275 5757 1608 5824 concitante,
1648 5756 2116 5824 turbationemque
2175 5828 2179 5832 θ

522 5847 771 5914 gignente
810 5852 1176 5908 inscdahiiem.
1204 5852 1356 5922 Quod
1382 5853 1441 5910 .si
1468 5851 1899 5923 concupiscentia
1936 5859 1991 5908 et
2029 5849 2108 5905 ira

2119 2002 2198 2016 .—

2215 2115 2491 2175 correptus
2511 2105 2688 2160 ebrius
2719 2106 2788 2159 sit
2821 2123 2833 2159 :
2866 2105 3032 2159 multo
3060 2105 3230 2176 magis
3262 2104 3423 2160 immo
3449 2105 3618 2174 impius
3640 2114 3681 2158 et
3704 2105 3735 2157 in

2217 2197 2383 2252 Deum
2415 2197 2777 2266 blasphemus,
2803 2198 3049 2267 illiusque
3080 2196 3287 2267 legibus
3318 2212 3627 2268 repugnans,
3654 2213 3737 2266 qtu-

2214 2302 2316 2358 que
2354 2288 2489 2342 hanc
2531 2289 2956 2357 intempestivam
3002 2290 3347 2358 pertinaciam
3379 2304 3636 2357 munqtuun
3662 2287 3739 2338 vult

2215 2378 2468 2448 cli‘ugcre,
2498 2378 2675 2433 ebrius
2696 2388 2776 2433 est
2800 2379 3118 2447 insanitque,
3143 2378 3382 2433 deterius
3402 2377 3603 2431 affectus
3621 2389 3737 2443 qtlrtnl

2217 2469 2249 2521 ii
2278 2471 2365 2538 qui
2394 2468 2699 2535 heluautur,
2728 2472 2923 2539 quique
2962 2480 3141 2524 mente
3168 2471 3311 2537 capti
3349 2479 3469 2522 sunt
3489 2510 3501 2532 ,
3532 2468 3631 2520 licet
3658 2465 3736 2534 ipse

2218 2560 2458 2613 morbum
2490 2574 2641 2613 suum
2672 2574 2773 2614 non
2800 2562 2998 2614 sentire
3024 2560 3286 2614 videatur.
3322 2559 3451 2613 Nam
3491 2559 3534 2612 id
3560 2558 3736 2610 maxime

2204 2650 2462 2703 “convenit
2491 2650 2755 2716 ebrietati,
2789 2651 2946 2705 etiam
2978 2652 3122 2704 nullo
3151 2663 3318 2707 sensu
3348 2650 3508 2715 allici,
3536 2664 3635 2702 eum
3661 2657 3735 2699 tur-

2215 2745 2355 2813 piter
2383 2745 2579 2813 agitur.
2605 2743 3062 2811 Quemadmodum
3092 2744 3255 2815 igitur
3284 2743 3409 2798 illud
3441 2752 3515 2796 est
3541 2737 3737 2810 gravissiw

2218 2853 2364 2893 mum
2401 2838 2457 2891 in
2501 2843 2684 2890 mente
2710 2835 2903 2903 captis,
2942 2834 3080 2904 quod
3112 2849 3236 2888 cum
3267 2842 3535 2904 aegrotent,
3564 2846 3643 2884 uec
3664 2827 3735 2881 hic

2217 2924 2387 2993 ipsum
2427 2924 2678 2991 sentiant,
2708 2940 2766 2978 se
2806 2939 2924 2979 esse
2948 2932 3176 2995 aegrotos
3211 2943 3227 2979 :
3262 2926 3339 2980 sic
3369 2936 3420 2979 et
3445 2922 3593 2978 Judaei
3619 2934 3739 2980 nunc,

2216 3029 2337 3068 cum
2377 3015 2483 3069 sint
2507 3015 2660 3079 ebrii,
2694 3014 2744 3069 id
2774 3031 2878 3069 non
2905 3016 3138 3069 sentiunt
3168 3025 3371 3070 tamen.
3410 3011 3641 3069 Praeteriit
3670 3009 3737 3075 igt-

2217 3113 2305 3159 tur
2345 3107 2553 3160 illorum
2589 3106 2869 3175 jejunium,
2908 3108 3092 3176 quavis
3128 3107 3394 3161 ebrietate
3432 3103 3604 3159 ftmiitts
3631 3115 3644 3153 :
3668 3112 3736 3151 nos

2218 3207 2395 3251 autem
2426 3204 2492 3253 n'e
2517 3199 2852 3253 remittamus
2875 3214 2968 3269 pro
2996 3199 3250 3253 fratribus
3280 3198 3471 3253 nostris
3491 3188 3737 3248 sollicitudi-

2218 3305 2359 3355 nem,
2382 3304 2556 3360 neque
2576 3291 2799 3360 posthac
2817 3291 3187 3346 existimemus
3211 3293 3373 3346 ullam
3394 3291 3583 3344 illorum
3599 3296 3736 3340 curam

2218 3398 2337 3437 esse
2359 3384 2737 3454 importunam.
2754 3384 2861 3440 Sed
2877 3384 3353 3456 quemadmodum‘
3374 3384 3555 3439 faciunt
3570 3377 3736 3439 milites,

2218 3477 2307 3530 ubi
2330 3477 2618 3531 Commisso
2638 3478 2831 3548 praelio
2860 3479 3120 3533 verterint
3154 3479 3205 3531 in
3234 3480 3411 3550 fugam
3444 3471 3735 3531 adversarios,

2217 3566 2286 3621 ab
2306 3567 2655 3623 insectatione
2684 3568 2987 3634 redeuntes,
3013 3584 3118 3624 non
3143 3572 3386 3640 protinus
3406 3572 3601 3624 currunt
3622 3559 3672 3613 ad
3691 3567 3736 3611 ta-

2219 3658 2537 3724 bernacula;
2578 3659 2674 3714 sed
2712 3660 2865 3731 prius
2908 3660 2974 3715 ad
3016 3661 3300 3717 conﬂictus
3343 3662 3505 3716 locum
3541 3649 3736 3724 proiecti.

2219 3749 2414 3805 tollunt
2440 3765 2533 3806 eos
2558 3751 2648 3822 qui
2679 3767 2741 3807 ex
2774 3753 3007 3823 ipsorum
3037 3766 3267 3809 numero
3294 3753 3413 3810 caesi
3443 3756 3571 3811 sunt,
3590 3760 3641 3800 ac
3659 3742 3741 3795 vita

2218 3846 2430 3916 quidem
2472 3845 2751 3911 defunctos
2789 3854 2928 3901 terra
2968 3848 3219 3902 occulunt
3250 3863 3268 3901 :
3301 3856 3536 3903 ueterum
3574 3840 3609 3892 si
3630 3847 3728 3901 quos

2219 3937 2451 3992 viderint
2488 3937 2627 3992 inter
2669 3949 2909 3993 mortuos
2948 3939 3214 4009 spirantes
3243 3936 3437 4002 adhuc,
3470 3946 3558 3987 nec
3590 3921 3735 3981 iethalc

2219 4031 2414 4085 vulnus
2461 4029 2737 4097 habentes,
2788 4028 2854 4084 iis
2903 4030 2956 4085 in
3011 4029 3235 4084 tentoria
3296 4024 3523 4088 sublatis,
3569 4014 3733 4073 amitam

2219 4120 2475 4176 adhibent
2499 4120 2854 4189 curationem,
2879 4129 3224 4190 extractoque
3250 4119 3377 4185 telo,
3403 4108 3639 4169 accersitis
3654 4115 3739 4157 me.

2220 4213 2386 4280 dicis,
2438 4200 3001 4291 abstersosanguiue,
3036 4212 3303 4267 remediis
3351 4204 3604 4265 adhibitis,
3642 4191 3734 4291 τιξίὶ-

2221 4322 2431 4379 quaque
2470 4307 2616 4363 omni
2652 4288 2925 4361 curatione
2964 4304 3177 4358 admota
3217 4303 3284 4358 ad
3324 4301 3583 4356 sanitatem
3613 4283 3735 4384 rcd'u‘

2220 4411 2365 4456 cunt.
2394 4392 2466 4457 Et
2502 4415 2600 4455 nos
2646 4400 2804 4470 igitur
2841 4399 3110 4468 quoniam,
3142 4395 3431 4465 opitulante
3467 4385 3549 4442 Dei
3589 4386 3729 4470 ςπψπι

2220 4495 2431 4551 Judaeos
2494 4493 2803 4565 persequuti
2856 4505 3042 4546 sumus
3094 4490 3317 4545 armatis
3370 4483 3599 4539 adversus
3645 4468 3733 4522 illos

2221 4588 2574 4657 undequaque
2603 4585 2896 4657 prephetis,
2932 4582 3136 4638 reversi
3168 4594 3310 4636 nunc
3338 4567 3731 4657 videamus,‘nﬂt"

2219 4683 2309 4752 qui
2340 4680 2561 4736 fratrum
2589 4689 2889 4735 nostrorum
2917 4676 3227 4741 ceciderint,
3257 4687 3379 4728 num
3402 4666 3485 4738 qui
3505 4661 3564 4716 ab
3578 4654 3733 4752 jrjullio

2220 4772 2499 4842 intercepti
2533 4773 2660 4839 siut,
2694 4786 2817 4825 num
2856 4770 2941 4840 qui
2988 4768 3092 4823 illis
3122 4766 3172 4820 iu
3213 4765 3347 4821 festo
3371 4746 3733 4842 communicqu

2219 4864 2362 4928 rint?
2388 4865 2465 4919 Ac
2488 4863 2753 4919 neminem
2784 4860 2998 4931 quidem
3040 4858 3307 4913 tradamus
3344 4847 3633 4931 sepulturte;
3663 4826 3730 4930 59d

2220 4960 2395 5029 potius
2424 4957 2659 5011 sublatos
2686 4968 2872 5008 omnes
2900 4967 3171 5008 curemus.
3201 4949 3328 5004 Nam
3354 4946 3404 4999 in
3426 4930 3634 5029 externis
3646 4936 3730 5029 ιῐιξξ·

2219 5053 2339 5108 dem
2368 5050 2584 5122 prteliis,
2616 5049 2706 5119 qui
2736 5047 2900 5102 semel
2931 5043 3185 5101 ceciderit
3217 5041 3537 5102 animamque
3563 5019 3725 5122 efﬂant.

2218 5162 2326 5203 non
2355 5120 2530 5217 potest
2549 5159 2579 5198 a
2609 5143 2778 5198 milite
2807 5140 3134 5212 recuperari,
3170 5146 3224 5193 et
3249 5136 3314 5191 ad
3343 5132 3492 5185 vitam
3516 5120 3722 5217 rein-932’:

2218 5193 2483 5296 Czetei-um
2513 5237 2566 5291 in
2593 5236 2695 5290 hoc
2718 5234 2859 5290 bello
2885 5193 3196 5304 prieiioque,
3220 5229 3373 5283 etiam
3394 5219 3434 5275 si
3455 5213 3558 5285 quis
3572 5193 3726 5305 lcthglf

2218 5332 2412 5388 vulnus
2437 5328 2735 5399 acceperit,
2758 5326 2870 5380 fieri
2897 5330 3095 5395 potest,
3122 5332 3179 5375 ut
3207 5316 3479 5375 auxiliante
3506 5297 3637 5399 nobis
3654 5285 3727 5399 lle!

2216 5428 2384 5500 gratia
2415 5442 2539 5482 eum
2577 5423 2643 5479 ad
2674 5423 2838 5477 vitam
2867 5419 3205 5475 reducamus.
3238 5414 3347 5469 Non
3375 5403 3503 5500 enim
3538 5390 3725 5500 1133:":

2219 5478 2349 5577 :ura:
2374 5533 2522 5578 mors
2547 5528 2649 5583 est,
2681 5512 3126 5588 quemadmodum
3157 5509 3263 5576 illa,
3298 5501 3390 5561 sed
3420 5478 3725 5588 Vommﬁ

2218 5613 2496 5687 Ρτυιιοεὶιὶ.
2546 5571 2887 5668 Voluntatem
2932 5616 3108 5661 autem
3157 5607 3410 5658 mortuam
3446 5587 3555 5643 licet
3591 5571 3721 5627 denuo

2281 5794 2297 5824 ι
2332 5797 2541 5850 Quatuor
2565 5793 2692 5850 Mss,
2716 5779 3122 5850 Quanadmodwn
3143 5775 3316 5850 milites
3336 5764 3513 5837 fﬁcium,
3534 5747 3590 5801 ita
3602 5736 3718 5798 cluas

2212 5846 2469 5919 (minus.
2498 5850 2574 5902 uti
2596 5849 2745 5909 atina,
2764 5846 2848 5898 ubi
2866 5846 3137 5905 mnino,
3161 5848 3258 5892 etc.
