3958 6390
168 399 295 457 9‘29

178 524 472 587 suscitare,
514 520 809 589 animaeque
838 525 1060 573 mortua:
1100 512 1425 586 persuadere
1461 513 1606 578 licet,
1633 522 1689 567 ut
1716 512 1782 568 ad

176 634 340 674 suam
364 620 527 673 vitam
554 616 761 682 redeat,
788 628 1050 683 suumque
1071 612 1345 669 dominum
1374 618 1647 682 agnoscat.

257 709 314 763 2.
363 710 538 780 Agite,
582 723 649 763 ne
682 707 1051 777 defatigemur,
1084 704 1297 771 fratres,
1329 717 1503 773 neque
1543 702 1782 757 delasse-

180 816 333 865 mur,
376 815 549 870 neque
586 799 780 855 animis
816 797 1093 862 cudamus,
1129 811 1302 867 neque
1336 795 1614 866 quisquam
1654 794 1785 848 mihi

170 893 355 949 verba
385 891 472 945 illa
494 890 656 957 dicat,
682 890 825 961 quod
851 898 974 945 ante
994 888 1255 960 jejunium
1277 886 1384 941 illis
1407 900 1598 941 cavere
1619 899 1782 955 opor-

180 983 373 1049 tuerit,
402 997 723 1052 omnemque
751 995 969 1037 movere
997 978 1229 1050 lapidem
1262 996 1277 1033 :
1309 992 1453 1032 nunc
1477 992 1605 1033 vero
1631 985 1781 1046 post-

179 1092 349 1147 quam
375 1076 669 1147 jejunatum
705 1082 810 1140 est,
852 1081 1132 1144 postquam
1170 1079 1446 1142 peccatum
1489 1069 1784 1125 admissum

177 1175 291 1236 est,
317 1177 601 1239 postquam
638 1166 891 1237 iniquitas
925 1171 1293 1222 consummata
1322 1170 1426 1227 est,
1451 1176 1570 1233 quae.
1595 1175 1784 1231 super-

175 1267 266 1314 est
298 1258 530 1314 utilitas?

256 1347 504 1403 Fratrum
559 1348 711 1425 saluti
759 1346 1146 1403 consulendum.
1192 1375 1264 1387 -—
1306 1345 1517 1401 Etenim
1568 1344 1615 1401 si
1666 1345 1785 1415 quis

178 1442 361 1508 novit,
397 1441 525 1513 quid
551 1443 625 1497 sit
652 1441 805 1497 fratri
829 1442 1142 1508 consulere,
1174 1439 1320 1495 novit
1351 1448 1405 1495 et
1441 1438 1604 1504 illud,
1637 1439 1781 1510 quod

175 1548 337 1588 nunc
376 1533 708 1604 potissimum
743 1541 988 1604 oporteat
1024 1531 1315 1586 admovere
1352 1545 1560 1597 manus,
1593 1545 1783 1585 omne-

173 1642 293 1696 que
340 1625 570 1682 studium
619 1626 948 1696 impendere.
992 1624 1176 1695 Neque
1219 1625 1363 1680 enim
1412 1632 1614 1678 tantum
1660 1632 1783 1678 ante

170 1726 467 1787 peccatum
511 1718 806 1773 admissum
847 1716 1102 1773 convenit
1147 1716 1327 1771 fratris
1368 1715 1524 1769 saluti
1570 1729 1781 1781 cavere,

174 1824 379 1864 verum
405 1816 459 1865 ct
489 1818 610 1878 post
649 1810 855 1880 lapsum
893 1823 1084 1863 manus
1127 1804 1463 1877 porrigenda:
1509 1814 1650 1860 sunt.
1684 1804 1782 1860 Et-

189 1902 342 1957 enim
368 1901 414 1956 si
437 1902 575 1956 Dens
603 1902 669 1955 ab
700 1901 852 1955 initio
872 1899 1086 1955 fecisset
1111 1897 1269 1964 istud,
1304 1905 1611 1967 tantumque
1631 1897 1784 1953 nobis

168 1992 543 2048 (consuluisset
564 2001 689 2048 ante
713 2000 1014 2064 peccatum,
1038 1999 1162 2062 post
1182 1999 1459 2061 peccatum
1486 1999 1661 2045 autem
1688 2005 1783 2045 ne-

176 2085 444 2155 glexisset
499 2085 792 2150 hominem,
841 2097 1138 2155 passusque
1188 2083 1375 2138 fuisset
1427 2090 1681 2153 perpetua
1727 2083 1783 2137 in

174 2178 344 2232 ruina
369 2178 568 2246 jacere,
601 2176 777 2232 nullus
807 2191 980 2246 neque
1005 2184 1249 2231 nostrum
1278 2190 1532 2245 umquam
1554 2174 1782 2230 salutem

169 2268 382 2323 fuisset
425 2277 807 2338 consequutus.
858 2266 1055 2322 Verum
1112 2265 1215 2321 hoc
1268 2281 1373 2320 non
1424 2264 1549 2320 facit
1598 2266 1779 2333 Deus,

176 2359 386 2428 quippe
428 2374 614 2414 amans
652 2357 872 2413 humani
914 2358 1129 2429 generis
1171 2372 1234 2412 ac
1264 2358 1436 2422 mitis,
1479 2364 1784 2428 nostraque

180 2450 378 2504 salutis
418 2449 815 2520 cupidissimus.
857 2448 996 2516 Quin
1039 2457 1094 2504 et
1138 2456 1260 2518 post
1301 2458 1514 2518 peccata
1562 2448 1781 2503 multam

174 2550 408 2612 praestat
446 2542 880 2610 sollicitudinem,
923 2540 1353 2613 quandoquidem
1383 2548 1438 2595 et
1476 2538 1606 2594 Atla:
1644 2539 1785 2595 cavit

172 2642 313 2688 ante
335 2642 631 2703 peccatum,
663 2632 848 2688 dicens
883 2649 898 2687 :
929 2631 1015 2687 Ea:
1035 2633 1173 2685 omni
1202 2631 1340 2703 ligno
1368 2630 1503 2700 quod
1522 2640 1596 2685 est
1621 2630 1674 2684 in
1698 2647 1783 2701 pa-

181 2725 363 2778 radiso
388 2724 651 2780 comedens
673 2724 943 2789 comedes;
966 2741 993 2779 e
1018 2725 1157 2795 ligno
1192 2738 1309 2777 vero
1340 2722 1640 2794 cognitionis
1666 2721 1784 2775 boni

180 2816 407 2887 malique
451 2833 554 2871 non
592 2817 881 2871 comedetis.
908 2814 1014 2871 Sed
1058 2830 1372 2885 quocumque
1421 2813 1504 2867 die
1547 2812 1781 2866 comede-

176 2907 324 2973 .ritis,
353 2915 513 2963 morte
539 2907 821 2962 moriemini
852 2904 1002 2977 (Gen.
1023 2905 1078 2959 2.
1100 2907 1186 2961 16.
1220 2904 1334 2976 17).
1364 2904 1503 2959 Ecce
1527 2911 1584 2959 et
1609 2902 1780 2958 facili-

173 3006 301 3053 1ate
343 2998 499 3069 legis,
549 3008 604 3055 et
650 2999 897 3070 largitate
938 3012 1349 3065 concessurum,
1387 3003 1443 3051 et
1490 2995 1781 3051 acerbitate

183 3090 458 3161 supplicii,
507 3098 563 3146 et
611 3092 727 3162 ipsa
775 3091 1049 3147 celeritate
1096 3089 1312 3145 ultionis
1355 3090 1659 3159 prospexit,
1711 3104 1781 3145 ne

184 3191 455 3251 peccaret.
484 3182 600 3238 Non
630 3184 773 3239 enim
801 3183 955 3251 dixit,
989 3191 1109 3254 post
1136 3197 1299 3237 uinum
1327 3189 1419 3236 aut
1442 3181 1578 3237 duos
1600 3189 1779 3237 tresve

183 3272 325 3340 dies,
362 3273 456 3329 sed
490 3274 543 3328 in
580 3274 696 3345 ipso
721 3274 829 3343 die,
857 3289 965 3345 quo
990 3273 1350 3335 comederitis.
1384 3281 1557 3329 morte
1583 3273 1782 3328 morie-

180 3364 340 3419 mini.
368 3364 606 3436 Denique
629 3366 837 3421 cunctis
861 3365 1055 3436 quibus
1089 3379 1281 3420 cavere
1309 3365 1544 3435 oportuit
1568 3365 1742 3419 modis
1761 3403 1779 3430 ,

184 3454 331 3510 cavit
360 3454 584 3511 homini.
607 3456 853 3511 Attamen
877 3455 964 3510 ubi
992 3464 1115 3526 post
1138 3463 1337 3509 tantam
1368 3454 1777 3524 providentiam,

181 3546 488 3601 doctrinam
510 3587 525 3613 ,
552 3546 999 3611 exhortationem,
1028 3546 1433 3602 beneficentiam
1463 3548 1646 3618 lapsus
1675 3553 1780 3612 est,

184 3652 291 3693 nec
337 3638 720 3709 obtemperavit
766 3638 931 3708 jussis
972 3638 1167 3694 divinis
1218 3656 1232 3695 :
1278 3652 1384 3693 non
1429 3638 1565 3693 dixit
1618 3638 1780 3704 Deus,

172 3729 317 3802 quid
351 3728 454 3785 hoc
484 3729 759 3800 proderit?
785 3745 906 3801 qua:
933 3730 1132 3785 utilitas
1153 3728 1315 3785 inde?
1348 3728 1617 3795 comedit,
1643 3729 1784 3785 ceci-

181 3824 289 3892 dit,
338 3832 701 3895 transgressus
747 3833 831 3880 est
870 3824 1064 3895 legem,
1107 3824 1333 3880 credidit
1373 3823 1586 3880 diabolo
1634 3841 1648 3878 :
1689 3823 1785 3881 de-

182 3915 368 3987 spexit
412 3922 738 3986 prasceptum
779 3930 990 3984 meum,
1033 3916 1241 3984 accepit
1283 3916 1496 3983 vulnus,
1542 3922 1785 3971 mortuus

182 4017 298 4076 est,
323 4010 437 4064 neci
465 4008 694 4064 traditus
721 4016 840 4076 est,
870 4009 924 4064 in
951 4009 1311 4065 damnationis
1339 4008 1660 4065 sententiam
1704 4008 1786 4065 in-

184 4100 370 4156 cidit:
401 4100 529 4171 quid
573 4100 798 4171 posthac
836 4107 921 4156 est
964 4099 1107 4170 quod
1157 4099 1232 4154 illi
1284 4098 1602 4170 loquamur?
1638 4098 1783 4155 Nihil

182 4194 384 4248 horum
413 4194 567 4259 dixit,
595 4192 694 4250 sed
720 4192 964 4263 protinus
991 4191 1057 4247 ad
1088 4191 1239 4246 illum
1275 4190 1452 4258 venit,
1481 4190 1785 4261 alloquutus

184 4294 299 4353 cst,
329 4285 636 4341 consolatus
676 4295 780 4350 est,
820 4299 885 4340 ac
921 4297 1107 4339 rursus
1146 4282 1292 4337 aliud
1331 4281 1571 4337 admovit
1605 4295 1784 4337 reme-

183 4379 366 4445 dium,
409 4378 661 4435 videlicet
704 4377 941 4433 laborem
967 4392 1032 4432 ac
1073 4375 1325 4431 sudorem
1363 4372 1528 4447 (Ibid.
1566 4374 1647 4445 5),
1685 4389 1785 4429 nec

176 4472 343 4541 prius
366 4470 571 4527 destitit
600 4470 778 4525 omnia
805 4469 1003 4536 facere,
1029 4468 1214 4526 conari
1250 4467 1427 4522 omnia
1443 4509 1460 4534 ,
1486 4466 1658 4521 donec
1683 4480 1784 4521 na-

187 4577 371 4619 turam
399 4564 690 4634 collapsam
721 4562 1074 4627 restituisset,
1104 4570 1264 4631 atque
1293 4574 1324 4614 a
1352 4568 1529 4614 morte
1556 4559 1782 4615 liberas-

185 4664 295 4720 set,
328 4663 395 4709 et
419 4654 484 4709 ad
512 4654 704 4710 caelum
731 4655 1071 4723 provexisset
1089 4693 1103 4715 ,
1139 4650 1450 4721 majoraque
1478 4664 1637 4721 quam
1665 4665 1788 4721 per-

176 4747 403 4803 diderat
448 4745 650 4800 homini
697 4745 835 4800 bona
878 4743 1147 4807 dedisset,
1202 4740 1357 4797 factis
1410 4741 1540 4810 ipsis
1584 4740 1785 4796 docens

178 4837 485 4907 diabolum,
514 4835 659 4909 quod
685 4835 768 4892 his
790 4835 994 4891 insidiis
1017 4834 1149 4889 nihil
1175 4833 1506 4905 profecisset,
1527 4831 1620 4888 sed
1641 4832 1785 4903 quod

184 4930 439 4988 homines
466 4932 669 5001 ejectos
707 4944 738 4984 e
765 4927 1012 4999 paradiso
1049 4927 1208 4997 paulo
1247 4934 1367 4997 post
1393 4925 1605 4981 visurus
1632 4933 1778 4982 esset

186 5024 246 5078 in
268 5022 416 5078 caalis
443 5021 648 5093 angelis
675 5020 991 5090 permixtos.
1016 5017 1159 5073 ldem
1183 5017 1308 5073 fecit
1336 5018 1388 5072 in
1416 5017 1582 5082 Cain;
1612 5017 1780 5087 siqui-

181 5113 317 5169 dem
341 5121 396 5168 et
422 5112 586 5178 illius,
625 5110 934 5181 priusquam
959 5116 1242 5179 peccaret,
1273 5117 1492 5164 caverat
1518 5108 1675 5163 saluti
1704 5107 1787 5163 di-

178 5218 323 5262 cens
346 5221 367 5258 :
394 5202 644 5268 Peccasti,
666 5202 901 5274 quiesce;
921 5200 991 5254 ad
1012 5209 1059 5254 te
1082 5199 1341 5254 conversio
1360 5199 1501 5253 illius
1517 5240 1531 5266 ,
1556 5208 1603 5253 et
1632 5208 1685 5252 tu
1705 5197 1786 5253 illi

169 5297 537 5354 dominaberis
556 5296 719 5370 (Ibid.
743 5296 798 5350 4.
823 5294 901 5365 7).
928 5292 1060 5349 Vide
1087 5290 1403 5361 sapientiam
1428 5289 1786 5360 prudentiam-

188 5408 295 5463 quc
326 5390 437 5447 Dei.
467 5389 582 5445 Hoc
603 5387 817 5452 metuis,
846 5384 1036 5455 inquit,
1063 5398 1131 5437 ne
1159 5390 1211 5437 te
1235 5382 1398 5436 frater
1425 5381 1619 5449 spoliet
1647 5395 1784 5450 prae-

185 5482 428 5552 rogativa
477 5477 993 5550 primogenitorum,
1051 5481 1269 5544 propter
1320 5470 1577 5526 honorem
1609 5510 1625 5535 ,
1679 5486 1785 5543 quo

182 5578 366 5645 ipsum
395 5572 545 5629 adfeci
566 5612 582 5639 ,
625 5585 695 5626 ne
722 5569 1077 5640 principatum
1109 5564 1209 5620 sibi
1248 5570 1467 5633 usurpet
1502 5562 1597 5617 tibi
1635 5562 1785 5618 debi-

187 5676 328 5721 tum.
375 5663 507 5719 Nam
544 5660 927 5734 primogenitos
966 5656 1233 5728 posterius
1273 5653 1467 5727 genitis
1505 5653 1789 5725 oportebat

188 5756 622 5813 honorabiliores
672 5767 814 5809 esse.
864 5751 1047 5817 Bono,
1096 5749 1300 5820 inquit,
1348 5747 1528 5802 animo
1578 5746 1674 5814 sis,
1716 5763 1785 5805 ne

196 5862 402 5918 metue,
429 5864 609 5920 neque
632 5851 738 5908 hac
760 5846 829 5903 de
846 5858 1008 5902 causa
1032 5842 1367 5917 despondeas
1392 5840 1627 5897 animum
1660 5853 1674 5893 :
1700 5842 1779 5897 Ad

1390 392 1752 449 ADVERSUS
1789 390 2084 449 JUDIEOS.
2130 392 2261 450 V'lll.

3378 408 3483 464 950

1895 519 1941 564 te
1979 512 2235 566 conversio
2270 512 2402 583 ejus,
2442 523 2490 568 et
2529 524 2582 569 tu
2620 516 2958 573 dominaberis
2996 519 3092 574 illi.
3120 519 3273 588 Quod
3302 535 3483 581 autem

1890 603 2041 670 dicit,
2068 602 2212 659 hunc
2232 604 2393 660 habet
2419 618 2635 662 sensum
2673 625 2688 662 :
2716 623 2876 665 mane
2900 608 2952 664 in
2979 610 3181 667 honore
3208 613 3481 685 primoge-

1891 695 2008 761 niti,
2041 704 2094 752 et
2128 705 2244 751 esto
2273 695 2425 752 fratri
2467 706 2558 753 tuo
2582 699 2867 771 refugium,
2896 702 3267 760 umbraculum
3294 720 3358 761 ac
3383 722 3483 777 pa-

1892 790 2196 857 trocinium,
2220 791 2528 864 imperaque
2551 809 2615 849 ac
2635 794 2914 852 dominare
2936 796 3031 852 illi.
3057 797 3288 854 Tantum
3317 815 3386 856 ne
3411 800 3480 856 ad

1890 881 2231 952 parricidium
2263 885 2541 953 prosilias,
2572 901 2745 956 neque
2772 887 2837 942 ad
2871 888 3089 959 impiam
3129 891 3272 946 illam
3303 908 3485 948 erum-

1889 986 1986 1040 pas
2013 972 2237 1029 caedem:
2259 974 2459 1030 Verum
2488 991 2557 1032 ne
2581 977 2659 1031 sic
2688 977 2902 1048 quidem
2933 982 3272 1051 auscultavit,
3304 999 3482 1054 neque

1888 1066 2194 1136 conquievit
2223 1084 2238 1122 :
2270 1068 2365 1123 sed
2403 1068 2605 1123 eaadem
2646 1070 2790 1125 illam
2820 1073 3165 1141 perpetravit,
3200 1073 3479 1131 dexteram

1890 1157 1942 1212 in
1970 1157 2260 1214 fraternum
2285 1160 2503 1217 immisit
2519 1162 2781 1232 jugulum.
2805 1163 2942 1231 Quid
2971 1164 3164 1235 igitur?
3184 1165 3321 1221 Num
3345 1167 3483 1223 dixit

1890 1248 2053 1316 Deus,
2082 1250 2320 1306 sinamus
2347 1252 2496 1306 illum
2537 1253 2588 1307 in
2617 1255 2930 1323 posterum?
2953 1255 3089 1322 Quid
3118 1257 3340 1327 posthac
3377 1257 3483 1313 erit

1889 1341 2066 1397 lucri?
2114 1342 2450 1412 Pcrpetravit
2498 1344 2879 1414 parricidium,
2929 1347 3180 1402 mactavit
3218 1346 3478 1413 fratrem,

1888 1435 2210 1503 contempsit
2235 1434 2650 1492 admonitionem
2676 1451 2876 1504 meam,
2909 1437 3204 1494 insanabile
3228 1439 3482 1495 minime-

1888 1541 1992 1596 que
2015 1526 2424 1583 condonandum
2453 1527 2802 1585 homicidium
2839 1545 3004 1586 ausus
3038 1540 3120 1587 est
3147 1541 3479 1603 perpetrare,

1891 1618 2086 1687 talique
2112 1632 2176 1673 ac
2205 1628 2346 1673 tanta
2377 1619 2625 1690 dignatus
2651 1620 3011 1677 sollicitudine
3040 1637 3157 1678 mea
3179 1663 3195 1690 ,
3237 1623 3480 1678 doctrina

1888 1717 1943 1762 et
1970 1708 2192 1763 consilio
2216 1726 2229 1762 :
2253 1718 2442 1764 cuncta
2470 1710 2558 1763 illa
2590 1710 2792 1779 pepulit
2816 1726 2883 1766 ex
2907 1713 3108 1779 animo,
3135 1728 3237 1769 nec
3260 1712 3361 1767 ulla
3389 1729 3481 1767 ra-

1890 1799 2034 1854 tione
2079 1814 2373 1856 conversus
2411 1809 2514 1855 est.
2563 1800 2849 1856 Deseratur
2891 1802 3050 1873 igitur
3092 1804 3144 1857 in
3181 1813 3476 1873 posterum,

1888 1905 1952 1945 ac
1982 1881 2417 1960 projectus‘esto,
2448 1906 2549 1947 nec
2579 1892 2691 1947 ullo
2717 1907 2842 1947 meo
2879 1902 3129 1963 respectu
3157 1886 3346 1964 dignus
3378 1893 3479 1948 ha-

1888 1982 2096 2037 beatur.
2127 1981 2269 2037 Nihil
2296 1982 2403 2038 tale
2432 1984 2571 2038 Deus
2599 1983 2754 2050 dixit,
2779 1984 2867 2040 vel
2908 1984 3034 2040 fecit
3061 2003 3073 2039 :
3100 1985 3195 2041 sed
3233 1987 3298 2041 ad
3328 1987 3478 2041 illum

1887 2074 2035 2129 venit
2062 2073 2273 2141 denuo,
2305 2084 2360 2130 et
2388 2075 2608 2146 corrigit
2651 2075 2923 2131 hominem
2946 2117 2960 2143 ,
2993 2075 3178 2132 dicens
3214 2094 3235 2131 τ
3266 2076 3367 2132 Ubi
3408 2086 3482 2132 est

1888 2165 2018 2220 Abel
2043 2166 2204 2236 frater
2230 2165 2391 2221 tuus?
2420 2167 2498 2221 Ac
2535 2181 2605 2221 ne
2642 2165 2970 2227 inficiantem
2997 2166 3211 2237 quidem
3243 2168 3479 2234 deserit,

1888 2258 1983 2314 sed
2035 2257 2120 2313 vel
2169 2257 2393 2313 invitum
2442 2257 2607 2329 adigit
2654 2258 2721 2314 ad
2771 2257 3023 2315 facinoris
3061 2259 3478 2317 confessionem.

1888 2348 2127 2421 Cumque
2158 2350 2397 2417 dixisset,
2442 2350 2662 2420 Nescio,
2694 2352 2770 2407 ait
2800 2370 2814 2408 :
2850 2350 2965 2407 Vos:
3000 2354 3265 2425 sanguinis
3305 2355 3483 2424 fratris

1888 2442 1961 2494 tui
1979 2441 2165 2495 clamat
2191 2443 2261 2497 ad
2286 2459 2365 2497 me
2390 2443 2453 2497 de
2478 2453 2611 2498 terra
2637 2442 2790 2518 (Gen.
2816 2444 2871 2499 4.
2895 2444 2949 2500 9.
2974 2445 3086 2515 10).
3112 2446 3264 2516 Ipsm,
3290 2448 3479 2518 inquit,

1888 2546 1976 2587 res
2022 2532 2311 2602 prtedicant
2360 2542 2412 2590 te
2460 2534 2750 2590 homicidio
2793 2535 3144 2607 inquinatum.
3180 2536 3317 2604 Quid
3354 2538 3480 2594 ille?

1890 2623 2065 2695 Majas
2092 2635 2162 2680 est
2186 2639 2446 2697 peccatum
2474 2644 2662 2696 nteum,
2692 2645 2846 2699 quant
2873 2638 2927 2683 ut
2955 2630 3079 2683 mihi
3102 2630 3404 2698 remittatur,
3432 2640 3480 2686 et

1886 2716 1933 2770 si
1979 2717 2154 2787 ejicias
2195 2734 2276 2771 me
2318 2719 2382 2772 de
2428 2729 2584 2787 terra,
2627 2720 2779 2774 etiam
2822 2738 2855 2774 a
2897 2721 3030 2792 facie
3068 2731 3154 2776 tua
3192 2723 3481 2777 occultabor

1892 2805 2051 2879 (Ibid.
2078 2824 2126 2863 υ.
2157 2810 2243 2864 15.
2277 2809 2385 2882 is).
2421 2811 2589 2883 llnjus
2608 2812 2874 2867 sermonis
2895 2813 3156 2868 sententia
3184 2813 3260 2869 sic
3281 2814 3438 2870 habet
3465 2831 3480 2869 :

1887 2902 2133 2972 graviora
2161 2903 2373 2973 quidem
2401 2905 2668 2971 commisi,
2703 2921 2860 2976 quam
2904 2914 2962 2961 ut
2991 2907 3198 2962 veniam
3231 2922 3479 2962 mercan-

1889 3003 1994 3061 tur,
2018 3002 2112 3050 aut
2137 2996 2383 3051 excusari
2414 2999 2623 3068 possint
2649 3007 2742 3053 aut
2766 2999 3118 3055 condonanda
3140 3002 3279 3064 sint;
3311 3002 3403 3056 sed
3433 3002 3481 3057 si

1885 3086 2021 3141 velis
2061 3087 2242 3141 ulcisci
2285 3088 2429 3158 quod
2470 3087 2669 3143 factum
2709 3098 2821 3156 est,
2852 3090 3102 3144 omnibus
3129 3089 3353 3158 objiciar
3391 3102 3482 3145 tuo

1886 3176 2085 3232 auxilio
2106 3176 2414 3233 destitutus.
2443 3178 2580 3246 Quid
2609 3178 2768 3248 igitur
2796 3179 2973 3233 Deus?
2995 3178 3119 3234 Non
3145 3181 3240 3245 sic,
3272 3180 3478 3251 inquit;

1883 3267 2107 3338 quisquis
2139 3268 2377 3323 occiderit
2407 3269 2554 3337 Cain,
2577 3279 2768 3340 septem
2806 3271 3054 3325 vindictas
3103 3272 3347 3342 persolvet
3372 3271 3479 3345 (Ib.

1883 3371 1933 3409 υ.
1973 3360 2086 3431 15).
2118 3359 2198 3416 Ne
2222 3368 2451 3427 metuas,
2480 3363 2672 3433 inquit,
2697 3362 2836 3429 hoc;
2870 3364 3017 3419 vives
3040 3364 3252 3435 longam
3278 3364 3477 3432 vitam,

1888 3465 1953 3507 ac
1991 3451 2039 3507 si
2071 3452 2191 3522 quis
2220 3461 2271 3507 te
2297 3452 2582 3519 occiderit,
2624 3453 2886 3509 obnoxius
2913 3454 3015 3508 erit
3055 3456 3237 3510 multis
3277 3456 3481 3526 suppli-

1888 3544 2006 3600 ciis.
2045 3544 2179 3601 Nam
2206 3548 2543 3616 septenarius
2567 3562 2826 3604 numerus
2856 3547 2908 3602 in
2937 3547 3227 3619 Seripturis
3259 3550 3479 3606 infinita:

1889 3635 2248 3691 multitudinis
2292 3637 2737 3708 significationem
2781 3638 2961 3695 habet.
3010 3640 3272 3707 Quoniam
3316 3640 3480 3712 igitur

1888 3725 2019 3782 Cain
2049 3728 2230 3784 multis
2260 3729 2535 3801 suppliciis
2569 3730 2832 3786 obnoxius
2865 3741 2980 3787 erat
3002 3772 3017 3799 ,
3049 3732 3302 3788 anxietati
3322 3772 3339 3797 ,
3371 3742 3481 3788 trc-

1890 3821 2063 3888 mori,
2101 3822 2368 3893 suspiriis,
2413 3825 2654 3890 moerori,
2686 3825 3024 3882 dissolutioni
3066 3829 3309 3898 corporis
3340 3846 3354 3885 :
3388 3831 3481 3900 qui

1889 3912 2168 3984 occiderit,
2194 3915 2386 3987 inquit,
2417 3925 2490 3984 te,
2514 3926 2567 3973 et
2595 3919 2663 3974 ab
2689 3919 2793 3975 illis
2812 3920 3039 3976 vinculis
3070 3921 3328 3988 liberarit,
3362 3922 3479 3995 ipse

1889 4006 1947 4061 in
1983 4022 2042 4063 se
2070 4009 2329 4065 vindictas
2353 4021 2613 4067 accerset.
2643 4013 2720 4067 Ac
2756 4012 2966 4069 videtur
3003 4015 3219 4084 quidem
3252 4015 3304 4070 id
3330 4016 3474 4087 quod

1889 4101 2103 4168 dicitur,
2128 4106 2479 4161 vehementer
2502 4113 2653 4161 atrox
2690 4121 2830 4174 esse,
2871 4122 2992 4162 cum
3020 4116 3204 4162 contra
3246 4107 3481 4165 declaret

1889 4193 2103 4249 Domini
2133 4195 2580 4251 benevolentiam.
2610 4196 2821 4251 Etenim
2853 4197 2993 4251 Deus
3025 4198 3210 4253 volens
3235 4207 3480 4269 posteros

1889 4283 1958 4339 ad
1986 4286 2390 4356 temperantiam
2420 4285 2707 4354 adducere,
2732 4287 2837 4342 tale
2858 4287 3106 4358 supplicii
3126 4303 3295 4359 genus
3321 4304 3481 4343 cxco-

1888 4378 2096 4449 gitavit,
2132 4377 2275 4448 quod
2303 4378 2433 4433 Cain
2465 4394 2492 4433 a
2530 4388 2750 4449 peccato
2780 4389 2965 4450 posset
2991 4381 3244 4438 liberare.
3273 4380 3405 4436 Nam
3435 4382 3480 4437 si

1891 4468 2131 4537 protinus
2153 4467 2304 4522 illum
2328 4468 2701 4535 interfecisset,
2725 4470 2945 4526 abiisset
2965 4470 3179 4542 quidem
3204 4482 3480 4542 peccatum

1891 4558 1943 4611 in
1990 4573 2110 4612 sese
2164 4566 2361 4613 tectum
2413 4558 2615 4624 ferens,
2663 4574 2837 4631 neque
2880 4562 3113 4629 posteris
3164 4563 3275 4616 ullo
3327 4572 3482 4633 pacto

1892 4649 2082 4704 fuisset
2106 4650 2369 4721 cognitus.
2399 4650 2549 4718 Nunc
2586 4659 2767 4708 autem
2805 4655 3099 4724 permissus
3144 4656 3309 4711 multo
3341 4665 3480 4712 tem~

1891 4756 2021 4811 pore
2050 4742 2232 4798 vivere
2254 4743 2307 4797 in
2336 4742 2428 4798 illo
2459 4750 2713 4808 tremore,
2741 4743 2925 4800 docuit
2944 4745 3131 4801 obvios
3152 4761 3341 4803 omnes
3365 4747 3481 4817 ipso

1889 4845 2128 4906 aspectu,
2148 4837 2589 4908 vacillationeque
2609 4839 2808 4906 carnis,
2832 4838 3146 4907 exhortans,
3176 4857 3243 4896 ne
3268 4842 3482 4911 quando

1890 4918 2088 4984 similia.
2110 4930 2388 4997 auderent,
2417 4946 2486 4986 ne
2513 4931 2707 4986 similia
2737 4940 3067 5002 paterentur,
3099 4933 3258 4988 simul
3287 4944 3339 4987 et
3367 4934 3481 5003 ipse

1890 5021 2130 5077 redditus
2152 5030 2234 5077 est
2263 5020 2471 5077 melior.
2499 5021 2632 5077 Nam
2662 5030 2862 5077 tremor
2887 5032 2941 5077 et
2969 5022 3127 5077 timor
3145 5039 3208 5078 ac
3232 5024 3335 5078 vita
3357 5039 3478 5079 cum

1890 5114 2158 5171 anxietate
2189 5125 2424 5185 peracta,
2452 5115 2799 5187 corporisque
2837 5115 3140 5183 dissolutio,
3171 5116 3332 5171 veluti
3361 5119 3480 5171 vin-

1890 5210 2012 5262 culo
2072 5206 2321 5278 quopiam
2375 5207 2698 5263 constrinxit
2753 5208 2900 5261 illum
2935 5246 2951 5272 ,
3012 5222 3185 5278 neque
3238 5208 3479 5278 permisit

1889 5295 2066 5353 denuo
2090 5296 2156 5352 ad
2182 5296 2357 5352 simile
2392 5295 2600 5352 facinus
2628 5311 2995 5366 prorumpere,
3024 5305 3079 5352 ct
3117 5297 3313 5367 prioris
3347 5298 3474 5352 assi-

1889 5389 1993 5444 due
2022 5388 2453 5454 commonefecit,
2490 5396 2547 5444 et
2585 5388 2796 5444 interim
2834 5390 3002 5460 ipsius
3028 5389 3260 5444 animam
3286 5390 3477 5445 mode-

1889 5482 2149 5538 rationem
2176 5479 2430 5536 reddidit.

1959 5573 2011 5628 5.
2054 5569 2158 5627 Cur
2187 5570 2314 5626 Cain
2344 5578 2601 5642 peccatum
2635 5587 2782 5627 suum
2803 5587 2904 5625 non
2935 5572 3113 5627 abluit.
3139 5602 3209 5612 —
3229 5571 3335 5627 Sed
3364 5571 3475 5628 hate

1890 5661 2124 5734 loquenti
2156 5660 2284 5716 mihi
2310 5661 2457 5717 venit
2484 5661 2537 5716 in
2565 5670 2819 5729 mentem,
2867 5671 2926 5717 ut
2963 5662 3015 5717 in
3042 5660 3275 5719 medium
3310 5662 3472 5719 addu-

1888 5768 2028 5819 cam,
2056 5767 2396 5824 qutcramque
2428 5752 2774 5823 quamobrem
2799 5753 3033 5824 tandem,
3059 5770 3180 5812 cum
3202 5767 3473 5825 peccatum

1893 5859 2047 5903 suum
2090 5853 2231 5901 esset
2252 5841 2567 5915 confessus,
2595 5842 2899 5918 factumque
2926 5845 3255 5913 damnasset,
3288 5848 3487 5904 dicens
