3958 6390
573 364 671 423 931

573 498 635 537 se
661 481 863 549 majora
894 493 1162 549 peccasse,
1189 492 1344 547 quam
1373 487 1431 531 ut
1455 477 1663 531 veniam
1694 483 2011 539 mereretur,
2040 474 2159 528 nul-

578 574 736 642 laque
774 571 1118 637 excusatione
1151 583 1209 623 se
1237 568 1454 637 dignmn
1494 582 1643 631 esse.
1680 582 1783 620 non
1819 566 2047 635 potuerit
2070 567 2165 620 ab-

577 663 729 718 luere
752 668 999 731 peccata;
1031 674 1148 713 cum
1182 658 1436 728 propheta
1463 658 1641 712 dicat:
1676 656 1771 709 Dic
1798 666 1850 710 tu
1877 657 2163 723 iniquitates

578 762 690 806 tuas
717 752 877 822 prior,
903 760 958 804 ut
975 749 1272 820 justiﬁceris
1309 746 1460 819 (Isai.
1495 748 1581 803 45.
1623 747 1755 815 ‘26);
1783 746 1876 801 sed
1906 746 2163 800 condem-

577 854 734 897 natus
764 840 961 895 fuerit?
992 838 1248 904 Quoniam
1291 850 1395 890 non
1422 837 1571 898 dixit.
1604 845 1659 890 ut
1693 835 1854 905 jussit
1883 836 2161 905 propheta.

582 930 692 986 Non
720 931 863 984 enim
904 930 1215 999 simpliciter
1241 928 1395 994 dixit,
1425 928 1513 982 die
1553 928 1856 997 iniquitates
1887 935 2035 980 tuas:
2069 926 2165 981 sed

580 1020 744 1089 quid?
768 1019 862 1072 Dic
883 1030 933 1071 tu
956 1019 1096 1089 prior
1114 1018 1398 1088 iniquitates
1420 1026 1553 1071 tuas.
1579 1017 1728 1085 Quod
1752 1018 2029 1085 qumritur,
2061 1017 2165 1071 hoc

582 1120 698 1174 est;
734 1127 836 1165 non
864 1109 1175 1179 simpliciter
1195 1125 1316 1165 esse
1345 1108 1617 1173 dicendas,
1650 1108 1741 1163 sed
1773 1110 1916 1178 prius
1942 1123 2060 1162 esse
2085 1109 2166 1161 di—

577 1204 774 1261 cendas
798 1221 812 1257 :
837 1220 941 1256 non
962 1201 1375 1272 exspectandam
1398 1200 1826 1269 redargutionem
1849 1199 2163 1253 accusantis.

581 1294 675 1348 llic
701 1303 877 1349 autem
906 1310 1011 1347 non
1041 1293 1174 1346 dixit
1198 1292 1363 1365 prior,
1380 1291 1471 1350 sed
1491 1290 1833 1361 exspectavit,
1857 1290 2026 1344 donec
2047 1289 2171 1344 red-

578 1393 891 1455 argueretur
934 1399 966 1438 a
1010 1384 1121 1446 Deo
1164 1400 1177 1437 :
1229 1383 1356 1452 quin
1395 1382 1606 1451 potius,
1659 1382 1749 1436 illo
1793 1381 2164 1451 redarguente,

580 1476 808 1545 negavit.
840 1474 1131 1541 POStquam
1153 1482 1330 1526 autem
1355 1472 1522 1527 semel
1564 1471 1756 1526 factum
1786 1480 1868 1525 est
1893 1481 2169 1541 peccatum

556 1558 775 1632 ‘palam,
810 1573 920 1618 tum
952 1565 1082 1618 dixit
1110 1577 1404 1633 peccatum,
1430 1579 1546 1636 qua:
1573 1562 1785 1633 quidem
1820 1579 1922 1617 non
1955 1574 2033 1617 est
2057 1562 2167 1632 jam

580 1656 866 1712 confessio.
915 1655 1143 1711 Proinde
1191 1665 1244 1709 tu
1285 1671 1515 1725 quoque,
1561 1654 1773 1721 dilecte,
1821 1669 1940 1708 cum
1979 1670 2168 1724 pecca-

580 1749 755 1815 veris,
810 1764 877 1803 ne
925 1748 1284 1818 exspectaris,
1337 1758 1393 1801 ut
1445 1748 1513 1802 ab
1562 1748 1669 1802 alio
1724 1746 2024 1812 accuseris;
2076 1745 2171 1799 sed

580 1841 886 1912 priusquam
913 1834 1183 1895 aecuscris
1208 1855 1272 1895 ac
1299 1839 1581 1905 defcraris;
1614 1846 1667 1892 tu
1710 1837 2010 1893 condemna
2053 1852 2172 1907 qua:

583 1930 716 1986 facta
746 1941 890 1989 sunt.
939 1931 1069 1987 Nam
1103 1932 1147 1986 si
1187 1931 1303 2002 quis
1332 1930 1469 1985 alius
1506 1930 1699 1985 deinde
1730 1938 1781 1985 te
1818 1929 2167 1998 redarguerit,

584 2038 690 2077 non
713 2023 822 2092 jam
855 2032 959 2083 tuac
985 2023 1338 2081 confessionis
1370 2032 1451 2075 est
1491 2021 1723 2076 officium
1743 2061 1758 2086 ,
1792 2021 1885 2077 sed
1913 2022 2053 2075 illius
2081 2020 2172 2091 qui

584 2122 795 2168 accusat
821 2115 1104 2171 correctio.
1145 2114 1481 2183 Quapmptcr
1522 2121 1575 2167 et
1609 2113 1744 2167 alius
1783 2114 2043 2183 quispiam
2086 2113 2170 2166 in-

583 2206 728 2275 quit,
756 2203 938 2261 Justus
982 2206 1061 2261 sui
1100 2204 1261 2275 ipsius
1304 2214 1567 2258 accusator
1588 2213 1655 2256 est
1686 2206 1738 2257 in
1778 2204 2024 2274 principio
2068 2221 2173 2257 scr-

583 2297 746 2349 muuis
776 2295 954 2366 (Prov.
996 2296 1080 2351 l8.
1114 2294 1223 2367 l7).
1254 2296 1434 2365 Itaque
1470 2312 1573 2349 non
1609 2295 1709 2349 hoc
1740 2304 1821 2349 est
1860 2294 1998 2365 quod
2028 2310 2173 2369 qua:-

583 2386 737 2453 ritur,
772 2395 825 2439 ut
853 2402 1070 2441 accuses
1110 2388 1335 2457 teipsmn
1360 2428 1373 2450 ,
1405 2386 1497 2440 sed
1541 2395 1595 2440 ut
1620 2376 1769 2455 prior
1822 2387 2048 2457 tcipsum
2086 2402 2172 2441 ac-

558 2474 760 2543 cuses,
790 2492 890 2531 nec
919 2485 1168 2546 expectes
1191 2477 1258 2531 ab
1287 2477 1406 2530 aliis
1432 2477 1881 2546 redargutioncm.

656 2567 840 2625 Petrus
865 2571 1114 2641 quomodo
1136 2570 1293 2624 abluit
1315 2581 1572 2640 percolunt
1591 2588 1735 2626 suum
1755 2589 1774 2638 ;
1794 2573 1837 2624 ei
1858 2572 1991 2626 orbis
2008 2581 2172 2626 terra-

582 2677 698 2715 rum
733 2661 1048 2716 commissus.
1072 2662 1351 2716 —Pctrus
1393 2662 1568 2731 itaque
1616 2671 1735 2730 post
1773 2678 1988 2732 gravem
2030 2663 2171 2719 illam

587 2752 946 2821 negationem,
982 2752 1231 2821 quoniam
1257 2753 1503 2807 celeriter
1524 2768 1677 2807 suum
1706 2754 1872 2823 ipsius
1893 2763 2170 2823 peccatum

586 2842 895 2897 recordatus
937 2853 1050 2910 cst,
1082 2844 1332 2913 nulloque
1369 2853 1655 2899 accusante
1700 2845 1838 2900 dixit
1874 2857 2168 2916 peccatum,

585 2934 836 3005 ﬂevitque
875 2950 1096 2990 amare:
1141 2937 1218 2990 sic
1263 2934 1431 2990 abluit
1469 2936 1615 2991 illam
1646 2936 2072 3007 abnegalioncm,
2115 2947 2174 2993 ut

584 3028 742 3081 etiam
765 3027 966 3097 primus
980 3027 1342 3096 apostolorum
1360 3028 1516 3083 fuerit
1535 3027 1723 3097 factus,
1745 3029 1899 3099 eique
1916 3038 2055 3084 totus
2075 3038 2180 3084 ter-

585 3134 763 3173 rarum
786 3118 932 3173 orbis
951 3120 1270 3174 commissus
1290 3120 1468 3175 fuerit.
1488 3120 1593 3176 Sed
1611 3122 1749 3191 quod
1768 3121 2010 3176 dicebam
2028 3121 2172 3192 (nam

585 3221 799 3283 Oportet
823 3212 889 3266 ad
912 3213 963 3267 id
991 3214 1129 3283 quod
1158 3215 1485 3284 propositum
1517 3221 1599 3269 est
1616 3214 1832 3284 reverti)
1858 3213 1988 3268 satis
2017 3213 2173 3268 nobis

588 3321 655 3362 ex
701 3306 783 3360 his
828 3306 1262 3372 demonstratur,
1306 3323 1413 3362 non
1461 3315 1710 3377 Oportere
1757 3306 1951 3361 fratres
1994 3306 2171 3376 lapsos

587 3399 879 3468 negligere,
913 3414 1087 3468 neque
1109 3408 1478 3465 contemnere,
1508 3414 1691 3454 verum
1719 3400 2025 3470 prOSpicere
2050 3400 2171 3469 qui-

586 3489 709 3543 dem
750 3490 851 3542 illis
876 3503 999 3544 ante
1022 3500 1318 3560 peccatum,
1353 3498 1608 3545 caeterum
1644 3490 1803 3544 etiam
1834 3498 1954 3560 post
1983 3505 2172 3561 pecca-

588 3588 699 3634 tum
748 3581 965 3634 multam
1004 3597 1127 3650 erga
1173 3580 1291 3635 illos
1322 3590 1576 3649 praestare
1617 3597 1819 3636 curam.
1861 3580 2044 3635 Itidem
2091 3580 2170 3635 fa-

588 3672 737 3727 ciunt
765 3682 819 3727 et
844 3671 1034 3727 medici
1067 3691 1079 3726 :
1110 3674 1459 3742 pricscribunt
1483 3675 1622 3729 enim
1652 3690 1713 3728 ac
1739 3675 2051 3744 prmcipiunt
2079 3675 2173 3729 Ιιο-

589 3762 841 3829 minibus,
871 3779 988 3834 quae
1011 3774 1231 3834 possunt
1248 3765 1458 3820 illorum
1484 3765 1841 3821 valetudinem
1875 3766 2030 3830 tueri,
2057 3782 2174 3821 om-

588 3869 819 3923 nemque
848 3854 1091 3909 morbum
1117 3855 1400 3911 excludere
1421 3875 1433 3909 :
1458 3866 1708 3911 caeterum
1731 3857 1816 3910 ubi
1844 3857 2174 3927 neglexerint

586 3945 1012 4015 przcscripta,.ct
1055 3946 1106 3999 in
1145 3947 1503 4003 valetudinem
1548 3947 1830 4001 adversam
1868 3947 2168 4015 inciderint,

590 4049 697 4089 non
726 4035 1002 4105 negligant
1026 4050 1119 4091 eos
1163 4036 1285 4106 ipsi,
1314 4037 1407 4091 sed
1438 4045 1547 4091 tum
1577 4038 1806 4102 maxime
1834 4038 2055 4093 multam
2075 4038 2172 4093 ad-

587 4127 771 4182 hibent
818 4128 1251 4194 sollicitudinem,
1284 4146 1393 4200 quo
1443 4130 1560 4185 illos
1615 4131 1807 4185 morbo
1846 4131 2039 4186 levent.
2082 4132 2172 4188 ld-

585 4219 759 4289 ipsum
778 4231 831 4275 ct
848 4221 1041 4275 Paulus
1055 4220 1292 4293 fecit,qui
1308 4237 1426 4275 emn
1446 4223 1534 4292 qui
1552 4231 1792 4291 stuprum
1809 4223 2169 4290 commiserat,

584 4322 707 4382 post
737 4312 862 4375 illud
886 4322 1185 4382 peccatum,
1216 4313 1356 4385 quod
1383 4329 1452 4368 ne
1476 4313 1616 4368 inter
1635 4323 1822 4384 gentes
1848 4316 2059 4385 quidem
2086 4316 2169 4370 in-

589 4402 918 4467 veniebatur,
951 4418 1058 4457 non
1082 4404 1403 4475 contempsit
1432 4421 1445 4457 :
1482 4419 1660 4458 verum
1683 4404 1843 4458 etiam
1875 4403 2056 4459 frenos
2080 4420 2169 4460 rc-

587 4502 888 4562 spuentem,
921 4509 1020 4548 nec
1050 4494 1366 4549 medicinam
1424 4496 1707 4549 admittere
1750 4497 2051 4560 volentem,
2095 4495 2173 4550 la-

584 4585 894 4639 scivientem
912 4599 974 4639 ac
999 4586 1342 4651 resilientem,
1368 4586 1658 4641 reduxitad
1679 4587 1993 4641 sanitatem:
2023 4595 2079 4641 et
2100 4586 2171 4641 ita

585 4677 827 4744 reduxit,
882 4687 941 4731 ut
1001 4680 1349 4748 coniungeret
1391 4674 1629 4733 rursum'
1657 4679 1868 4749 corpori
1916 4679 2170 4733 Ecclesia:

588 4769 636 4823 (l
654 4767 783 4823 -Cor.
815 4768 894 4840 5).
919 4768 1102 4841 Neque
1122 4769 1254 4823 dixit
1278 4769 1416 4838 apud
1436 4784 1552 4824 sese
1577 4787 1589 4821 :
1618 4770 1742 4839 quid
1772 4770 1871 4823 hoc
1896 4769 2171 4838 proderit?

584 4876 704 4930 qua:
742 4860 869 4916 hinc
898 4860 1133 4915 utilitas?
1163 4868 1402 4930 stuprum
1427 4860 1713 4927 commisit,
1747 4870 2020 4930 peccatum
2049 4875 2170 4930 [er-

584 4953 832 5024 pctravit,
864 4968 964 5009 nec
1004 4953 1118 5008 vult
1146 4952 1407 5008 desistere
1450 4968 1480 5006 a
1511 4952 1757 5017 lascivia;
1782 4968 1967 5006 verum
2006 4962 2059 5006 et
2084 4952 2168 5007 ine

584 5047 743 5103 ﬂatus
771 5056 874 5115 est,
903 5056 957 5102 et
979 5046 1079 5101 sibi
1109 5045 1301 5116 placet,
1330 5053 1384 5100 et
1413 5045 1799 5099 immedicabile
1825 5046 2015 5099 vulnus
2040 5044 2166 5099 red-

584 5140 661 5194 dit
690 5158 703 5193 :
733 5141 970 5194 sinamus
997 5139 1154 5209 igitur
1180 5138 1329 5194 illum
1358 5154 1420 5193 ac
1448 5137 1777 5192 deseramus.
1805 5137 1946 5193 Nihil
1974 5137 2167 5191 horum

582 5230 716 5286 dixit
741 5247 755 5283 :
787 5231 881 5285 sed
913 5238 1128 5301 propter
1154 5229 1257 5284 hoc
1285 5230 1457 5303 ipsum
1484 5230 1715 5284 maxime
1741 5229 1909 5283 multa
1937 5242 2062 5283 usus
2088 5238 2170 5285 est

580 5336 708 5391 erga
741 5321 886 5374 illum
916 5321 1272 5375 sollicitudine
1295 5362 1309 5385 ,
1338 5319 1478 5390 quod
1507 5318 1573 5393 ad
1601 5318 1882 5375 nefandam
1910 5318 2166 5371 malitiam

583 5412 788 5467 videret
814 5412 960 5465 illum
986 5427 1105 5466 esse
1134 5412 1437 5481 delapsum,
1469 5427 1641 5482 neque
1678 5410 1905 5468 cessavit
1940 5419 2163 5476 terrere,

582 5503 795 5568 minari,
816 5502 1005 5571 punire
1031 5512 1141 5558 tum
1164 5519 1258 5573 per
1278 5519 1416 5566 sese,
1440 5511 1550 5559 tum
1575 5519 1670 5574 per
1691 5503 1822 5557 alios
1842 5502 2162 5571 complures,

588 5592 716 5645 nihil
748 5610 849 5647 non
880 5591 1112 5660 faciens,
1145 5595 1276 5648 nihil
1306 5611 1410 5649 non
1443 5603 1683 5660 tentans,
1713 5596 1885 5650 donec
1919 5593 2066 5648 illum
2098 5593 2165 5648 ad

586 5684 1125 5763 aguitioncmpcccati
1149 5688 1502 5756 perduxisset,
1526 5687 1589 5743 ad
1608 5702 1822 5742 sensum
1848 5684 2162 5756 iniquitatis,

582 5782 856 5843 postremo
896 5778 1065 5832 donec
1108 5779 1280 5846 ipsum
1325 5779 1601 5853 liberasset
1647 5779 1712 5835 ab
1754 5779 1897 5834 omni
1937 5778 2161 5833 macula.

1273 356 1329 415 S.
1368 358 1647 415 JOANNIS
1684 356 2164 414 CllRYSOSTOMl
2202 357 2523 414 AllClllEP.
2564 358 3089 416 CONSTANTINOP.
3696 377 3768 433 95g

2274 474 2387 530 Hoc
2412 490 2543 531 sane
2572 474 2727 528 facito
2760 486 2812 529 tu
2843 492 3054 546 quoque
3082 494 3096 530 :
3135 478 3343 533 imitare
3369 479 3711 543 Samaritanum
3730 492 3773 547 il-

2270 567 2400 631 lum,
2429 568 2516 635 qui
2548 568 2599 621 in
2631 568 2917 637 Evangelio
2948 578 3146 625 tantam
3180 584 3305 639 erga
3335 572 3644 633 vulneratum
3679 581 3776 638 hunc

2272 660 2517 726 pra'slitit
2537 659 2613 713 sol
2622 659 2947 714 licitudincm
2968 662 3006 713 ι.
3023 660 3228 717 Etenim
3244 661 3352 716 illic
3370 666 3605 731 pratteriit
3620 668 3777 738 Levita,

2271 750 2526 819 pt'aiteriit
2556 750 2884 817 Pharisreus,
2913 768 2976 806 ac
3002 762 3188 808 neuter
3221 753 3441 809 deﬂexit
3464 756 3525 810 ad
3554 757 3776 827 iacentem,

2273 845 2367 899 sed
2415 844 2763 899 inclementer
2806 845 3195 915 crudeliterque
3230 847 3420 901 relicto
3459 848 3544 902 illo
3575 851 3776 909 abientnt.

2273 936 2637 993 Samaritanus
2666 947 2840 995 autem
2870 938 3129 1007 quispiam
3150 979 3166 1004 ,
3192 938 3282 1008 qui
3324 940 3464 993 nulla
3505 957 3563 995 ex
3588 954 3706 1009 parte
3727 944 3776 1000 illi

2271 1030 2589 1098 conjunctus
2616 1038 2751 1094 erat,
2784 1045 2889 1082 non
2918 1028 3294 1097 prietercurrit,
3322 1029 3416 1085 sed
3446 1045 3693 1085 accurrcns
3709 1035 3777 1085 mi-

2274 1131 2447 1175 sertus
2468 1130 2569 1184 est,
2602 1120 2876 1174 instillavit
2901 1119 3076 1173 oleum
3102 1134 3166 1172 ac
3190 1120 3393 1184 vinum,
3419 1120 3774 1188 imposuitasino,

2273 1212 2423 1266 duxit
2450 1211 2514 1263 ad
2551 1210 2924 1273 diversorium,
2969 1210 3243 1278 pecuniam
3292 1209 3481 1278 partim
3520 1209 3645 1273 dedit
3681 1227 3776 1279 pra:-

2275 1316 2503 1371 smntcm,
2553 1303 2741 1370 partim
2775 1302 3037 1372 pollicitus
3080 1311 3159 1355 est
3188 1317 3286 1371 pro
3329 1301 3465 1370 ejus,
3493 1302 3575 1371 qui
3611 1302 3774 1358 nihilad

2277 1397 2448 1466 ipsum
2489 1395 2806 1465 pertinebat,
2838 1395 3111 1448 curatione
3150 1392 3299 1463 (Luc.
3331 1392 3417 1447 10.
3448 1393 3532 1447 50.
3556 1393 3684 1463 ειη),
3709 1410 3774 1447 nec

2275 1488 2405 1542 dixit
2432 1486 2569 1555 apud
2609 1501 2730 1540 sese
2758 1503 2770 1538 :
2802 1500 2920 1553 qua:
2964 1485 3093 1549 mihi
3139 1500 3266 1539 cura
3294 1493 3377 1539 cst
3416 1484 3773 1538 istius?Samari-

2278 1588 2432 1633 tanus
2473 1593 2626 1642 sum;
2656 1576 2788 1630 nihil
2828 1576 2956 1629 mihi
2999 1591 3120 1629 cum
3168 1576 3296 1641 illo;
3333 1575 3507 1643 procul
3544 1574 3774 1629 absumus:

2274 1671 2508 1735 civitate,
2536 1681 2589 1724 et
2613 1669 2701 1724 ille
2722 1684 2790 1723 ne
2812 1668 3013 1738 ingredi
3034 1669 3248 1739 quidem
3283 1679 3473 1739 potest.
3500 1668 3616 1735 Quid
3633 1677 3772 1730 autem,

2277 1766 2321 1818 si
2355 1766 2490 1819 ferre
2536 1778 2640 1817 non
2687 1763 2856 1831 possit
2885 1762 2985 1816 vite
3030 1761 3436 1831 longitudinem,
3483 1771 3704 1815 mortuum
3723 1758 3773 1813 al-

2275 1857 2483 1913 feram?
2508 1855 2797 1927 capiendus
2839 1870 2956 1910 sum
2983 1855 3051 1910 ob
3076 1854 3277 1909 caulem
3296 1894 3311 1920 ,
3343 1854 3589 1907 obnoxius
3624 1867 3695 1906 cro
3714 1850 3771 1903 llO~

2276 1949 2531 2004 micidio?
2553 1948 2646 2002 llis
2673 1962 2800 2001 sane
2829 1947 2895 2002 de
2925 1947 3100 2000 causis
3124 1945 3276 2000 multi
3305 1959 3446 2013 saepe
3471 1950 3769 2012 praetereuntes

2279 2057 2343 2097 ac
2371 2041 2614 2095 videntes
2643 2039 2887 2093 homines
2914 2038 3223 2093 vulneratos
3254 2037 3587 2107 palpitantes,
3615 2042 3763 2103 prater-

2275 2140 2423 2198 eunt,
2464 2147 2570 2185 non
2600 2131 2740 2200 quod
2770 2139 3058 2199 graventur
3092 2129 3303 2195 tollere,
3344 2127 3661 2198 pecuniisque
3693 2140 3765 2194 pat-

2276 2233 2422 2289 eant,
2455 2223 2549 2279 sed
2590 2231 2906 2287 metuentes,
2936 2237 3004 2276 ne
3032 2233 3086 2276 et
3114 2221 3215 2291 ipsi
3244 2220 3599 2290 pertrahantur
3622 2216 3664 2269 in
3681 2214 3771 2283 judi

2276 2315 2438 2379 cium,
2493 2323 2742 2383 tanquam
2785 2313 2947 2367 cmdis
2991 2313 3105 2377 rei;
3147 2326 3335 2366 verum
3375 2310 3615 2363 humanus
3646 2306 3771 2359 illcac

2275 2409 2419 2465 mitis
2446 2407 2579 2461 nihil
2607 2407 2799 2462 horum
2817 2407 3023 2470 metuit,
3052 2406 3145 2462 sed
3168 2405 3252 2459 his
3274 2403 3514 2458 omnibus
3535 2395 3772 2465 contemptis

2276 2500 2530 2570 imposuit
2557 2513 2678 2554 eum
2707 2498 2879 2565 asino,
2912 2506 2969 2553 et
2997 2498 3049 2551 in
3075 2495 3429 2552 diversorium
3454 2491 3690 2562 perduxit:
3710 2502 3769 2540 nc-

2274 2606 2381 2662 quc
2408 2590 2695 2662 quidquam
2724 2588 2912 2643 harum
2940 2603 3119 2643 rerum
3146 2584 3520 2642 reformidabat
3537 2625 3551 2647 ,
3577 2596 3661 2634 non
3681 2575 3771 2646 peri-

2276 2684 2480 2750 culum,
2513 2698 2618 2737 non
2647 2682 2992 2751 pecuniarum
3026 2678 3387 2748 impendium,
3428 2691 3527 2730 non
3551 2670 3769 2739 aliudprc-

2277 2783 2421 2830 terea
2447 2774 2755 2844 quidquam.
2795 2771 2949 2838 Quod
2972 2772 3015 2825 si
3052 2770 3419 2826 Samaritanus
3439 2766 3561 2820 adeo
3582 2764 3769 2816 humanus

2275 2869 2527 2939 mitisque
2549 2867 2650 2924 fuit
2673 2881 2797 2936 erga
2830 2866 3099 2920 hominem
3130 2865 3373 2934 ignotum
3398 2880 3411 2916 :
3436 2874 3578 2932 quam
3605 2849 3766 2909 habituri

2277 2975 2464 3018 sumus
2491 2974 2590 3015 nos
2623 2961 2865 3026 veniam,
2894 2958 2940 3013 si
2969 2957 3212 3027 proprios
3242 2955 3436 3011 fratres
3471 2945 3769 3020 neglexerint:

2276 3051 2331 3106 in
2357 3052 2515 3107 malis
2555 3050 2928 3122 gravioribus?
2958 3049 3087 3103 Nam
3114 3057 3169 3103 ct
3212 3047 3324 3113 isti,
3355 3044 3441 3115 qui
3474 3054 3597 3096 nunc
3624 3034 3766 3104 jejuna-

2278 3151 2500 3206 verunt,
2534 3142 2837 3197 inciderunt
2875 3142 2926 3194 in
2960 3138 3240 3211 pratdones
3277 3136 3511 3199 Iudices,
3538 3130 3628 3184 imo
3648 3122 3766 3178 vetiti!

2277 3234 2526 3290 onmibus
2570 3232 2910 3302 praedonibus
2956 3230 3246 3295 sa'viores,
3296 3226 3485 3297 quique
3520 3211 3765 3312 graviora-ta

2274 3327 2434 3382 malis
2457 3326 2695 3381 afficiunt
2721 3339 2841 3390 eos,
2869 3324 2958 3394 qui
2987 3324 3040 3377 in
3076 3337 3170 3377 eos
3199 3319 3458 3375 incidunt.
3484 3314 3639 3381 Neque
3668 3316 3762 3359 enim

2276 3428 2454 3474 vestes
2482 3418 2691 3473 illorum
2736 3417 3070 3481 lacerarunt,
3098 3428 3275 3482 neque
3301 3407 3502 3478 corpori
3542 3398 3763 3457 inﬂixerunl

2277 3514 2536 3579 vulnera,
2590 3520 2648 3566 ut
2691 3512 2769 3566 illi
2820 3519 2944 3564 tunc
2994 3507 3259 3570 fecerant;
3309 3502 3400 3559 sed
3454 3498 3651 3553 animam
3687 3498 3766 3581 sill-

2277 3609 2532 3672 ciarunt,
2595 3604 2916 3671 infinitisque
2967 3600 3064 3669 ipsi
3114 3597 3425 3653 vulneribus
3467 3583 3677 3643 inﬂictis,
3717 3588 3765 3674 sic

2276 3699 2524 3755 abierunt
2588 3697 2706 3750 illos
2776 3694 3139 3762 relinquentes
3221 3692 3275 3745 in
3359 3688 3497 3742 fovea
3558 3674 3765 3744 ίηιρὶθω⁶¹⁵

2270 3790 2531 3861 jacentcs.

2351 3883 2404 3937 4.
2434 3882 2511 3937 Ne
2540 3881 2698 3951 igitur
2719 3878 3114 3933 dissimulamus
3141 3877 3302 3931 talem
3327 3866 3628 3949 tragoediam,
3650 3862 3764 3951 neque

2278 3985 2660 4047 praetereamus
2683 3973 3029 4028 inclementer
3041 3980 3146 4025 tam
3162 3965 3460 4024 miserabile
3473 3948 3761 4048 spectaculuut.

2276 4040 2414 4136 Quin
2436 4065 2645 4123 etiamsi
2666 4065 2757 4120 alii
2777 4063 2881 4118 hoc
2907 4062 3149 4127 fecerint,
3169 4071 3223 4116 tu
3246 4077 3316 4116 ne
3340 4053 3534 4112 ieceris.
3550 4045 3615 4101 Ne
3629 4040 3763 4136 dixeris

2276 4160 2418 4231 apud
2448 4160 2805 4229 temetipsum,
2841 4157 3002 4214 homo
3034 4170 3152 4210 sum
3197 4152 3518 4229 mundanus.
3544 4130 3763 4231 υλοΐθηξθί

2276 4217 2474 4309 liberos
2505 4217 2676 4306 habeo
2697 4291 2711 4316 ,
2745 4250 2844 4304 ista
2870 4246 3205 4305 sacerdotum
3235 4218 3380 4308 sunt,
3419 4240 3511 4293 ista
3548 4217 3761 4316 monachi):

2276 4358 2417 4398 rum.
2447 4341 2631 4412 Neque
2663 4304 2807 4396 enim
2845 4339 3214 4395 Samaritanus
3243 4336 3333 4391 ille
3354 4332 3464 4386 hate
3488 4318 3677 4412 dicebat.
3706 4304 3760 4412 υξδξ

2277 4450 2422 4491 nunc
2450 4406 2797 4493 sacerdotes?
2819 4430 2907 4491 ubi
2952 4444 3095 4485 nunc
3119 4423 3405 4489 Pharismi?
3434 4418 3514 4473 ubi
3535 4406 3759 4499 Judrcortlﬂt

2277 4523 2568 4581 doctores?
2615 4523 2709 4579 sed
2762 4520 2981 4593 perinde
3042 4519 3195 4590 quasi
3244 4524 3484 4573 venatum
3541 4498 3759 4593 quenlpl‘f':

2277 4618 2569 4675 maximum
2616 4583 2801 4672 nactus
2840 4622 3003 4678 esset,
3051 4612 3122 4667 ita
3165 4611 3369 4666 lucrum
3410 4592 3621 4666 arripui"
3651 4583 3759 4687 F‘f"

2276 4710 2437 4781 igitur
2502 4724 2622 4765 cum
2688 4707 2885 4762 videris
2946 4704 3173 4773 aliquem
3236 4706 3471 4771 egentem
3528 4682 3756 4781 cuia"???

2275 4772 2361 4857 vvel
2406 4800 2681 4870 corporis,
2738 4798 2823 4854 vel
2879 4797 3107 4861 animm,
3169 4810 3237 4849 ne
3290 4790 3446 4846 dicito
3496 4772 3616 4848 apud

2276 4907 2426 4955 sum,
2458 4907 2622 4962 quare
2667 4891 2754 4945 ille
2793 4899 2846 4943 ct
2894 4889 2983 4944 ille
3032 4902 3151 4947 eum
3197 4902 3303 4940 ιιοη
3354 4860 3667 4967 ουτδνίῖωξδξῗ

2274 5001 2305 5040 a
2336 4986 2525 5049 morbo
2557 4984 2760 5038 libera:
2796 4997 2969 5050 neque
3011 4980 3245 5041 rationes
3284 4975 3455 5043 exigas
3494 4953 3755 5077 multis:

2274 5080 2561 5151 gligcntim.
2592 5076 2651 5131 Si
2678 5075 2946 5130 inveneris
2967 5088 3153 5126 aurum
3173 5070 3377 5140 jacens,
3403 5072 3518 5172 nunt
3538 5051 3647 5172 dif:
3846 5124 3847 5153 ξ

2278 5137 2527 5242 {apsumi
2555 5183 2723 5238 Quare
2748 5167 2840 5223 ille
2864 5174 2957 5220 aut
2985 5165 3073 5219 ille
3099 5163 3200 5218 hoc
3224 5177 3330 5217 non
3364 5137 3755 5260 sustulerint“?
3846 5144 3847 5163 ι

2277 5230 2496 5321 festinas
2521 5230 2648 5318 ante
2673 5261 2806 5317 alios
2832 5259 3054 5329 rapere?
3083 5256 3348 5315 ltidcmet
3370 5248 3432 5304 de
3457 5230 3731 5349 fratribusﬁf't:i

2276 5358 2440 5428 lapsis
2459 5357 2651 5426 cogita,
2671 5362 2961 5424 putatoque
2982 5359 3033 5404 te
3055 5348 3358 5447 thesaurum
3369 5320 3752 5449 lr'el’e'ifsﬁl’i

2274 5410 2393 5505 ru‘m
2426 5410 2608 5502 curam
2639 5410 2870 5500 illorum.
2915 5443 3124 5503 Etenim
3158 5439 3205 5495 si
3241 5422 3553 5493 instilla‘ieris
3577 5410 3739 5537 “mg:

2274 5543 2452 5599 oleum
2477 5540 2740 5596 sermonis
2755 5537 3066 5601 doctrinam,
3092 5530 3396 5605 siligaveris
3418 5493 3747 5577 mansueludmc'

2341 5724 2357 5753 ⁸
2394 5722 2467 5771 Sic
2487 5721 2633 5770 Editio
2654 5718 2790 5767 Savil.
2807 5724 2858 5765 ct
2880 5714 3018 5764 multi
3043 5721 3148 5765 MSS.
3174 5711 3333 5763 Morel.
3352 5709 3485 5769 vero:
3504 5688 3652 5742 Τωιιωη
3664 5670 3742 5725 "5"

2278 5783 2476 5834 vulnera
2498 5780 2719 5847 prwstitit
2743 5776 3127 5829 sollicitudinem.
