3958 6366
161 393 270 448 951

159 511 365 583 δεξιᾶς
401 505 701 575 ἀπολογίας
732 502 879 571 ἄξιος
929 501 1089 569 εῖναι,
1128 505 1230 559 οὐκ
1290 505 1512 576 ἴσχυσεν
1560 504 1753 559 ἀπονί-

156 592 378 663 ψασθαι
407 591 475 644 τὰ
505 592 914 662 ἁμαρτήματα·
943 590 1223 661 (καίτοιγε
1248 590 1583 665 ὁγπροφήτης
1600 588 1751 660 φησί’

160 678 320 745 Λέγε
343 675 426 729 σὺ
455 677 562 740 τὰς
583 674 836 743 ἀνομίας
856 690 974 727 σου
1000 672 1253 741 πρῶτος,
1277 673 1380 727 ἵνα
1392 670 1752 740 δικαιωθῇς),

159 758 307 813 ἀλλά
340 758 436 812 καὶ
463 756 798 828 κατεκρίθη;
829 757 952 809 ’Ὅτι
986 758 1088 809 οὐκ
1109 754 1281 821 εἶπεν,
1306 757 1383 822 ὡς
1414 757 1442 809 6
1469 757 1759 828 προφήτης

157 843 473 896 ἐκέλευσεν.
507 843 581 895 Οὐ
611 841 719 911 γὰρ
751 838 939 905 ἀπλῶς
967 837 1119 894 εἶπεν
1146 843 1174 895 6
1199 841 1505 912 προφήτης,
1526 841 1668 909 Λέγε
1691 842 1755 894 σὺ

157 928 265 988 τὰς
289 925 522 996 ἀνομίας
562 941 678 990 σου,
710 923 845 977 ἀλλά
899 923 982 990 τί;
1020 923 1172 995 Λέγε
1201 924 1284 978 σὺ
1314 922 1568 991 πρῶτος,
1600 924 1754 994 φησὶ,

158 1010 275 1074 τὰς
305 1010 556 1077 ἀνομίας
586 1023 723 1061 σου.
762 1006 835 1060 Τὸ
866 1006 1197 1079 ζητούμενον
1213 1006 1374 1062 τοῦτό
1406 1009 1575 1062 ἐστιν·
1610 1009 1670 1060 οὐ
1697 1005 1758 1059 τὸ

156 1094 346 1147 εἰπεῖν
373 1092 580 1157 ἁπλῶς,
600 1091 735 1147 ἀλλά
748 1091 810 1145 :6
835 1091 1053 1164 πρῶτον
1070 1093 1268 1159 εἰπεῖν,
1283 1092 1344 1145 τὸ
1373 1090 1447 1163 μὴ
1469 1092 1570 1144 ἀνα
1580 1093 1757 1160 μεῖναι

156 1176 259 1229 τὸν
286 1175 578 1246 ἐλέγχοντα
608 1176 702 1230 καὶ
732 1172 1166 1247 κατηγοροῦντα.
1198 1168 1366 1236 Οὗτος
1405 1168 1464 1226 δὲ
1496 1172 1598 1226 οὐκ
1632 1167 1757 1226 εἷπε

158 1259 409 1331 πρῶτος,
444 1260 582 1315 ἀλλά
611 1259 896 1331 ἀνέμεινεν
940 1258 1265 1332 ἐλεγχθῆναι
1297 1256 1450 1330 παρά
1475 1257 1569 1311 τοῦ
1594 1255 1752 1323 Θεοῦ,

163 1344 378 1417 μᾶλλον
397 1345 453 1399 66
481 1345 923 1416 καὶέλέγχοντος
947 1346 1185 1416 ήρνεῖτο.
1223 1343 1365 1399 Ἀλλ’
1394 1342 1583 1415 ἐπειδὴ
1609 1342 1756 1411 ἀπαξ

159 1427 339 1493 ἔδειξε
378 1428 438 1482 τὸ
463 1428 757 1500 γενόμενον
793 1426 1065 1500 φανερῶς,
1109 1426 1232 1481 τότε
1269 1422 1392 1480 εἷπε
1427 1425 1528 1499 τὴν
1577 1427 1758 1498 ἀμαρ-

158 1511 314 1574 τίαν,
353 1512 493 1584 ὅπερ
535 1511 636 1565 οὐκ
676 1510 826 1565 ἐστιν
877 1509 1267 1582 ἐξομολόγησις
1314 1508 1519 1564 λοιπόν.
1550 1510 1660 1563 Καὶ
1691 1510 1755 1562 σὺ

156 1595 369 1659 τοίνυν,
406 1596 680 1667 ἀγαπητέ,
718 1595 938 1649 ἐπειδάν
974 1595 1251 1667 ἁμάρτῃς,
1291 1595 1366 1667 μὴ
1398 1594 1636 1666 ἀνάμενε
1658 1592 1757 1665 τὴν

158 1680 300 1749 παρ’
314 1677 500 1751 ἐτέρου
519 1679 876 1752 κατηγορίαν,
896 1679 1033 1734 ἀλλά
1061 1680 1190 1752 πρὶν
1217 1679 1284 1734 ἂν
1308 1678 1342 1751 ἢ
1371 1675 1758 1750 κατηγορηθῇς

158 1766 263 1818 καὶ
311 1763 631 1836 διαϐληθῇς,
669 1765 736 1819 σὺ
782 1765 1164 1835 καταγίνωσκε
1206 1764 1316 1818 τῶν
1344 1763 1754 1836 γεγενημένων,

155 1848 243 1912 ὡς
279 1847 375 1902 ἐὰν
404 1848 593 1921 ἕτερος
625 1848 824 1923 ἐλέγξῃ
862 1848 1082 1914 λοιπὸν,
1123 1849 1224 1903 οὐκ
1262 1847 1343 1901 ἐτι
1403 1847 1503 1919 τῆς
1535 1848 1633 1918 σῆς
1666 1846 1757 1912 ἐξ·

156 1932 551 2005 ομολογήσεως
564 1932 629 1988 τὸ
644 1933 980 2005 κατόρθωμα
998 1934 1229 2003 γίνεται,
1260 1932 1396 1987 ἀλλά
1424 1933 1525 2004 τῆς
1547 1931 1755 1987 ἐκείνου

158 2018 508 2089 κατηγορίας
538 2020 572 2089 ἡ
608 2017 919 2090 διόρθωσις.
962 2018 1064 2073 Διά
1095 2018 1255 2073 τοῦτο
1307 2006 1404 2073 καὶ
1455 2018 1615 2081 ἀλλος
1673 2017 1758 2083 τίς

160 2120 329 2172 φησι,
368 2104 604 2169 Δίκαιος
638 2103 858 2159 ἑαυτοῦ
903 2103 1235 2174 κατήγορος
1259 2104 1329 2159 ἐν
1361 2102 1754 2173 πρωτολογίᾳ.

160 2187 337 2240 Ὥστε
382 2188 441 2240 οὐ
487 2188 646 2242 τοῦτό
680 2190 798 2242 ἐστι
839 2189 902 2243 τὸ
949 2188 1304 2261 ζητούμενον,
1336 2188 1398 2242 τὸ
1427 2189 1757 2261 κατηγορεῖν

159 2270 388 2335 ἑαυτοῦ,
428 2270 565 2326 ἀλλά
606 2272 668 2326 τὸ
702 2272 919 2345 πρῶτον
947 2272 1144 2326 ἐαυτοῦ
1173 2274 1525 2345 κατηγορεῖν,
1563 2272 1659 2325 καὶ
1698 2270 1758 2324 τὸ

163 2354 247 2425 μὴ
276 2354 570 2424 ἀναμένειν
595 2356 725 2421 τοὺς
764 2357 896 2428 παρ’
930 2356 1135 2427 ἐτέρων
1161 2355 1440 2426 ἐλέγχους,

253 2437 316 2489 Ὀ
349 2437 483 2505 γοῦν
532 2438 742 2509 Πέτρος
791 2439 931 2510 μετὰ
981 2438 1082 2510 τὴν
1124 2437 1355 2510 ἄρνησιν
1414 2437 1629 2508 ἐκείνην
1659 2438 1758 2510 τὴν

158 2520 434 2591 χαλεπὴν,
463 2521 651 2594 ἐπειδὴ
688 2523 903 2593 ταχέως
933 2522 1127 2577 ἑαυτὸν
1149 2522 1423 2594 ἀνέμνησε
1452 2522 1553 2593 τῆς
1582 2524 1760 2594 ἀμαρ-

159 2605 312 2670 τίας,
343 2605 439 2659 καὶ
471 2604 701 2677 μηδενὸς
733 2605 1173 2678 κατηγοροῦντος
1203 2606 1357 2676 ἔλεγε
1391 2606 1535 2678 τὴνδ
1570 2606 1757 2679 πλημ-

163 2688 416 2760 μέλειαν,
446 2689 540 2744 καὶ
568 2689 798 2745 ἐκλαυσε
832 2689 1072 2764 πικρῶς,
1100 2690 1276 2756 οὕτως
1314 2692 1619 2763 ἀπενίψατο
1656 2692 1757 2763 τὴν

159 2772 398 2842 ἄρνησιν
430 2774 670 2846 ἐκείνην,
716 2774 793 2839 ὡς
822 2775 916 2829 καὶ
949 2774 1167 2845 πρῶτος
1195 2776 1448 2845 γενέσθαι
1480 2775 1590 2830 τῶν
1620 2778 1758 2831 ἀπο-

163 2857 398 2921 στόλων,
449 2859 545 2911 καὶ⁵
575 2857 676 2929 τὴν
709 2858 1039 2930 οἰκουμένην
1074 2859 1485 2929 ἐγχειρισθῆναι
1512 2859 1753 2916 ἃπασαν.

176 2939 322 2993 Ἀλλ’
343 2940 682 3012 ὄπερέλεγον
716 2941 820 3010 (δεῖ
852 2942 963 3013 γάρ
989 2942 1083 2995 ἐπὶ
1118 2942 1182 2995 τὸ
1210 2943 1572 3014 προκείμενον
1590 2944 1756 2998 ἐπαν-

160 3024 364 3094 ελθεῖν)
429 3025 628 3091 ίκανῶς
661 3028 797 3098 ἡμῖν
829 3025 1079 3081 ἐντεῦθεν
1105 3026 1387 3094 ἀπέδειξεν
1415 3027 1642 3097 όλόγος,
1673 3030 1754 3083 ὅτι

159 3111 481 3165 πιπτόντων
503 3112 564 3165 οὐ
594 3110 702 3183 χρὴ
725 3109 836 3166 τῶν
866 3110 1114 3182 ἀδελφῶν
1155 3112 1403 3182 ἀμελεῖν,
1439 3112 1561 3167 οὐδὲ
1592 3129 1757 3167 κατα-

159 3196 410 3264 φρονεῖν,
466 3194 580 3248 ἀλλ¹
625 3192 1026 3265 ἀσφαλίξεσθαι
1082 3195 1182 3267 μὲν
1237 3195 1437 3260 αὐτοὺς
1490 3195 1599 3267 7:96
1653 3199 1754 3269 τῆς

160 3279 466 3351 ἁμαρτίας,
504 3279 707 3352 πολλὴν
748 3279 807 3333 66
842 3280 939 3334 καὶ
989 3280 1129 3351 μετά
1169 3279 1269 3352 τὴν
1314 3280 1587 3353 ἁμαρτίαν
1623 3283 1753 3355 περὶ

159 3366 367 3429 αὐτοὺς
412 3364 818 3419 ἐπιδείκνυσθαι
863 3365 1200 3437 ἐπιμέλειαν.
1246 3365 1404 3420 υύτω
1439 3366 1532 3420 καὶ
1576 3366 1751 3438 ἰατροὶ

159 3446 414 3502 ποιοῦσι·
454 3446 676 3516 λέγουσι
731 3448 832 3520 μὲν
879 3450 989 3520 γάρ
1020 3449 1115 3502 καὶ
1151 3449 1459 3517 ὑγιαίνουσι
1496 3452 1611 3514 τοῖς
1658 3452 1755 3504 ἀν-

158 3530 409 3602 θρώποις
450 3530 487 3586 ἀ
521 3530 745 3586 δύναται
782 3531 1113 3604 διατηρῆσαι
1152 3532 1251 3604 τὴν
1293 3532 1507 3601 ὐγίειαν
1542 3534 1748 3597 αὐτοῖς,

157 3614 262 3669 καὶ
302 3616 487 3668 πᾶσαν
525 3614 976 3686 ἀποκρούσασθαι
1028 3616 1213 3670 νόσον·
1255 3616 1641 3688 ἀμελήσαντας
1693 3618 1752 3673 δὲ

158 3698 273 3755 τῶν
331 3701 743 3771 ἐπιταγμάτων,
782 3702 877 3755 καὶ
912 3701 1197 3774 ἀρρωστίᾳ
1253 3702 1655 3774 περιπεσόντας
1689 3704 1749 3757 οὐ

157 3783 505 3854 παρορῶσιν,
562 3782 700 3837 ἀλλά
730 3785 828 3838 καὶ
870 3785 1076 3857 πολλὴν
1114 3785 1351 3857 μάλιστα
1392 3786 1514 3840 τότε
1545 3785 1752 3840 ἐπιδεί-

156 3883 394 3920 κνυνται
454 3868 735 3939 πρόνοιαν,
795 3869 944 3933 ὅπως
982 3870 1181 3933 αὐτοὺς
1241 3870 1594 3935 ἀπαλλάξωσι
1644 3869 1752 3924 τῶν

154 3950 510 4020 νοσημάτων.
562 3951 718 4006 Οὕτω
751 3953 846 4006 καὶ
887 3955 916 4006 ὁ
949 3951 1162 4018 Παῦλος
1195 3955 1422 4026 ἐποίησε
1442 3970 1457 3984 ο
1493 3954 1585 4009 τὸν
1619 3954 1751 4023 γοῦν

153 4034 576 4104 πεπορνευκότα
608 4035 749 4107 μετὰ
776 4036 879 4108 τὴν
901 4037 1179 4108 ἁμαρτίαν
1212 4037 1450 4108 ἐκείνην,
1485 4038 1627 4109 μετά
1652 4038 1752 4108 τὴν

153 4119 515 4190 παρανομίαν
542 4120 640 4193 τὴν
693 4120 957 4193 χαλεπὴν,
993 4121 1091 4193 τὴν
1119 4122 1240 4175 οὐδὲ
1287 4124 1344 4175 ἐν
1374 4125 1488 4186 τοῖς
1540 4121 1751 4177 ἔθνεσιν

151 4204 590 4277 εὐρισκομένην,
614 4205 675 4259 ού
699 4206 978 4278 παρεῖδεν,
1007 4206 1141 4260 ἀλλά
1165 4206 1260 4259 καὶ
1284 4206 1621 4278 ἀφηνιῶντα,
1658 4206 1752 4259 καὶ

155 4289 243 4361 μὴ
277 4288 603 4360 βουλόμενον
620 4289 882 4356 δέξασθαι
907 4290 1005 4361 τὴν
1036 4290 1412 4360 ἱατρείαν,καὶ
1442 4289 1752 4362 σκιρτῶντα

150 4372 260 4427 καὶ
287 4373 680 4446 ἀποπηδῶντα,
707 4376 1057 4447 ἐπανήγαγεν
1073 4375 1166 4427 ἐπὶ
1193 4372 1294 4446 τὴν
1321 4372 1642 4445 θεραπείαν,
1658 4375 1753 4427 καὶ

149 4454 337 4520 οὕτως
376 4459 723 4530 ἐπανήγαγεν
748 4498 764 4525 ,
817 4457 962 4512 ὥστε
1014 4457 1213 4512 ἐνῶσαι
1250 4457 1328 4530 τῷ
1365 4456 1580 4528 σώματι
1650 4457 1752 4527 τῆς

166 4542 505 4614 Ἐκκλησίας
538 4544 721 4599 πάλιν.
752 4544 862 4598 Καὶ
901 4543 1001 4598 οὐκ
1026 4538 1147 4597 εἶπε
1184 4543 1321 4615 πρὸς
1348 4541 1569 4596 ἑαυτόν⁹
1600 4542 1666 4595 Τί
1693 4541 1752 4595 δὲ

149 4628 223 4680 τὸ
254 4627 415 4683 πλέον
439 4646 454 4695 ;
488 4629 541 4682 τί
570 4629 627 4683 66
650 4629 711 4683 τό
741 4628 965 4698 δφελοςς
994 4627 1310 4700 ἐπόρνευσε,
1347 4627 1445 4697 τὴν
1475 4626 1753 4698 ἁμαρτίαν

150 4710 481 4782 εἰργάσατο,
511 4712 633 4766 οὐδὲ
658 4712 962 4784 ἀποστῆναι
1009 4711 1259 4782 βούλεται
1310 4710 1411 4781 τῆς
1440 4709 1751 4778 ἀσελγείας,

148 4793 299 4848 ἀλλά
331 4796 427 4848 καὶ
459 4796 823 4865 πεφυσίωται,
856 4796 954 4850 καὶ
988 4797 1132 4867 μέγα
1161 4798 1370 4867 φρονεῖ,
1402 4794 1494 4848 καὶ
1529 4793 1753 4848 ἀνίατον

144 4878 221 4931 τὸ
239 4878 397 4943 ἐλκος
411 4880 710 4951 ἐργάζεται
729 4897 743 4912 ο
767 4879 996 4952 ἀφῶμεν
1031 4881 1212 4934 τοίνυν
1245 4880 1430 4943 αὐτὸν,
1463 4881 1557 4934 καὶ
1585 4881 1754 4948 ἐγκα-

147 4962 530 5034 ταλείψωμεν.
567 4965 736 5019 Οὐδὲν
763 4964 971 5019 τούτων
991 4961 1144 5018 εἶπεν
1164 4981 1178 4995 ο
1214 4963 1352 5019 ἀλλά
1397 4965 1465 5018 δι’
1495 4964 1627 5018 αὐτὸ
1653 4962 1751 5034 μὲν

144 5041 254 5101 οὖν
291 5048 449 5103 τοῦτο
480 5050 716 5119 μάλιστα
754 5049 925 5122 πολλῇ
949 5049 1072 5103 τότε
1102 5050 1377 5121 ἐχρήσατο
1403 5052 1468 5121 τῇ
1502 5049 1750 5125 προνοίᾳ,

148 5132 351 5205 ἐπειδὴ
384 5133 523 5206 πρὸς
562 5134 769 5203 ἄφατον
807 5134 970 5186 αὐτὸν
995 5129 1104 5187 είδε
1143 5135 1343 5189 κακίαν
1377 5134 1753 5206 ἐξολισθήσαν-

145 5236 250 5283 τα,
288 5220 384 5273 καὶ
410 5222 512 5274 οὐκ
561 5220 776 5294 ἀπέστη
823 5221 1025 5291 φοδῶν,
1063 5220 1328 5286 ἀπειλῶν,
1356 5223 1621 5287 κολάζων,
1657 5222 1752 5275 καὶ

146 5302 227 5357 δι’
266 5303 462 5357 ἑαυτοῦ
502 5303 596 5359 καὶ
624 5304 692 5357 δι’
718 5303 923 5375 ἐτέρων
954 5304 1168 5357 πολλῶν
1196 5302 1345 5377 [678]
1381 5306 1559 5359 πάντα
1580 5304 1751 5358 ποιῶν

147 5389 259 5443 καὶ
310 5388 858 5459 πραγματευόμενος,
908 5388 1014 5453 ἕως
1038 5389 1104 5443 ἂν
1137 5388 1301 5442 αὐτὸν
1340 5391 1419 5453 εἰς
1452 5390 1750 5458 ἐπίγνωσιν

146 5472 361 5541 ἤνεγκε
388 5472 487 5541 τῆς
510 5472 812 5544 ἁμαρτίας,
843 5473 923 5536 είς
952 5471 1206 5545 αἴσθησιν
1237 5472 1338 5544 τῆς
1382 5471 1747 5545 παρανομίας,

159 5553 264 5609 καὶ
276 5554 460 5609 τέλεον
483 5555 644 5609 αὐτὸν
667 5555 945 5628 ἀπήλλαξε
970 5557 1068 5629 τῆς
1091 5556 1305 5629 κηλῖδος
1324 5558 1562 5631 ἁπάσης.
1578 5556 1751 5613 Τοῦτο

222 5773 241 5794 ιι
278 5754 508 5823 Quinque
533 5771 646 5806 mss.
669 5758 726 5806 τὸ
748 5760 1024 5823 ἀμάρτῃμα.

217 5825 249 5866 b
275 5821 501 5885 Quinque
522 5833 640 5885 τρες.
652 5821 1037 5885 κατηγοροῦντος
1056 5823 1234 5884 ἐπέγνω
1253 5825 1355 5882 τήν.

1350 384 1726 442 ADVERSUS
1763 380 2069 440 JUDIEOS.
2105 380 2241 438 VIII.

3349 382 3456 436 932

1865 515 1929 589 δὴ
1960 518 2055 572 καὶ
2091 517 2158 571 σύ
2189 515 2420 587 ποίησον
2446 531 2461 547 ο
2513 514 2754 588 μίμησαι
2788 514 2880 568 τὸν
2912 513 3263 588 Σαμαρείτην
3314 515 3460 569 ἐκεῖ*

1864 616 1974 665 νον,
2010 600 2102 654 τὸν
2126 602 2184 654 ἐν
2221 599 2301 671 τῷ
2324 599 2644 671 Εὐαγγελίῳ
2693 599 2967 670 τοσαύτην
3007 599 3137 671 περὶ
3165 598 3257 651 τὸν
3283 614 3458 671 τραυ-

1867 685 2068 756 ματίαν
2101 685 2308 738 ἐκεῖνον
2338 682 2749 752 ἐπιδειξάμενον
2804 681 3062 754 πρόνοιαν
3096 693 3143 736 ο.
3190 683 3302 735 Καὶ
3348 681 3459 754 γὰρ

1864 770 1982 822 ἐκεῖ
2027 766 2273 839 παρῆλθε
2306 767 2566 837 Λευίτης,
2616 766 2863 838 παρῆλθε
2895 767 2990 820 καὶ
3012 767 3326 843 Φαρισαῖος,
3363 765 3459 820 καὶ

1864 851 2145 922 οὐδέτερος
2181 849 2515 921 ἐπεκάμφθη
2554 849 2694 921 πρὸς
2728 852 2822 903 τὸν
2869 848 3143 919 κείμενον,
3180 848 3296 903 ἀλλ’
3328 849 3460 918 ἀνη·

1864 933 2002 997 λεῶς
2036 935 2134 987 καὶ
2155 932 2324 1004 ὠμῶς
2349 934 2580 1001 ἀφέντες
2607 932 2790 996 αὐτὸν,
2821 932 3086 1002 ἀπῆλθον,
3110 932 3461 1005 Σαμαρείτης

1863 1017 1923 1071 δέ
1948 1036 2053 1082 τις,
2079 1018 2232 1072 οὐδὲν
2264 1016 2411 1088 αὐτῷ
2429 1018 2723 1089 προσήκων
2751 1016 3075 1088 οὐδαμόθεν,
3098 1017 3160 1070 οὐ
3184 1016 3463 1089 παρέδρα-

1867 1118 1988 1172 μεν,
2029 1101 2147 1154 ἀλλ’
2179 1100 2410 1166 ἐπιστάς
2448 1101 2776 1171 κατηλέησε,
2823 1102 2920 1155 καὶ
2949 1101 3249 1167 ἐπέσταξεν
3278 1101 3462 1156 ἔλαιον

1864 1184 1962 1238 καὶ
1998 1180 2140 1240 οίνον
2161 1203 2176 1216 ·
2205 1185 2475 1254 ἐπέθηκεν
2501 1185 2594 1238 ἐπὶ
2621 1184 2712 1238 τὸν
2745 1184 2866 1238 ὄνον
2889 1182 2942 1250 ά,
2972 1185 3182 1256 ἤγαγεν
3206 1186 3286 1249 εἰς
3320 1202 3461 1239 παν-

1863 1268 2092 1341 δοχεῖον,
2134 1268 2229 1324 καὶ
2263 1267 2529 1342 ἀργύριον
2561 1267 2622 1322 τὸ
2648 1268 2747 1339 μὲν
2790 1267 2982 1333 ἔδωκε,
3013 1268 3075 1322 τὸ
3102 1268 3158 1322 δὲ
3189 1267 3463 1340 ὑπέσχετο

1865 1353 2008 1426 ὑπὲρ
2032 1357 2134 1427 τῆς
2179 1352 2275 1409 τοῦ
2324 1353 2492 1427 μηδὲν
2535 1352 2686 1424 αὐτῷ
2713 1355 3086 1426 προσήκοντος
3132 1353 3457 1427 θεραπείας.

1864 1438 1977 1491 Καὶ
2026 1438 2127 1491 οὐκ
2170 1432 2292 1492 εἷπε
2337 1437 2475 1510 πρὸς
2524 1437 2747 1503 ἑαυτὸν,
2787 1436 2853 1491 Τί
2879 1436 2936 1491 δέ
2988 1455 3079 1509 μοι
3136 1437 3287 1508 μέλει
3324 1438 3457 1508 περὶ

1863 1521 2085 1590 τούτου;
2141 1521 2497 1594 Σαμαρείτης
2550 1522 2689 1592 εἰμὶ,
2744 1521 2900 1575 οὐδὲν
2951 1521 3133 1576 κοινὸν
3168 1522 3276 1592 ἔχω
3323 1521 3463 1593 πρὸς

1863 1605 2056 1659 αὐτόν*
2093 1605 2287 1677 πόρρω
2317 1605 2422 1676 τῆς
2457 1604 2672 1668 πόλεώς
2694 1607 2885 1675 ἐσμεν,
2912 1605 3035 1658 οὐδὲ
3061 1604 3276 1676 βαδίσαι
3300 1603 3465 1658 δύνα-

1865 1707 1975 1745 ται.
2009 1690 2075 1744 Τί
2100 1690 2178 1755 δὲ,
2213 1689 2310 1744 ἐάν
2340 1689 2414 1762 μὴ
2448 1689 2587 1761 πρὸς
2617 1689 2679 1743 τὸ
2711 1689 2891 1760 μῆκος
2931 1690 3144 1762 ἀρκέσῃ
3186 1690 3292 1761 τῆς
3326 1688 3464 1743 ὁδοι-

1866 1774 2089 1845 πορίας,
2132 1773 2316 1845 μέλλω
2342 1773 2535 1846 νεκρὸν
2564 1772 2957 1845 ἐπιφέρεσθαι,
3011 1773 3190 1843 μέλλω
3243 1775 3463 1842 σφαγῆς

1866 1857 2205 1923 ἁλίσκεσθαι,
2240 1856 2421 1928 μέλλω
2447 1854 2543 1911 τοῦ
2595 1856 2756 1927 φόνου
2813 1855 3115 1920 ὑπεύθυνος
3146 1853 3321 1923 εἶναις
3349 1856 3469 1910 Καὶ

1864 1942 1976 2015 γὰρ
2002 1942 2187 1997 πολλοὶ
2213 1941 2480 2007 πολλάκις
2543 1940 2835 2012 παριόντες
2863 1941 2962 1996 καὶ
2986 1940 3222 2011 ὁρῶντες
3244 1940 3462 2013 ἀνθρώ⁴

1866 2045 2003 2092 πους
2048 2027 2407 2099 πεπληγότας
2455 2026 2550 2081 καὶ
2581 2024 2937 2098 σπαίροντας,
2982 2025 3075 2081 διά
3094 2024 3256 2079 τοῦτο
3289 2043 3464 2098 παραι

1863 2112 2173 2184 τρέχουσιν,
2201 2112 2302 2167 οὐκ
2329 2110 2619 2175 ὀκνοῦντες
2657 2109 2969 2176 ἀνελέσθαι,
3013 2110 3138 2165 οὐδὲ
3161 2110 3465 2184 χρημάτων
3538 2164 3545 2171 ,

1865 2198 2193 2270 φειδόμενοι,
2226 2196 2366 2251 ἀλλά
2383 2195 2706 2261 δεδοικότες,
2741 2195 2818 2268 μὴ
2852 2195 2949 2250 καὶ
2982 2195 3140 2250 αὐτοὶ
3186 2196 3267 2260 είς
3309 2194 3464 2248 δικα-

1867 2282 2091 2354 στήριον
2113 2280 2475 2346 ἐλκυσθῶσιν,
2500 2279 2577 2345 ὡς
2596 2279 2697 2352 τῆς
2726 2279 2947 2350 σφαγῆς
2973 2278 3289 2334 ὑπεύθυνοι.
3320 2276 3463 2331 Ἀλλ’

1865 2366 2073 2430 ἐκεῖνος
2103 2365 2256 2419 οὐδὲν
2277 2362 2485 2418 τούτων
2507 2363 2713 2418 ἔδεισεν
2739 2365 2768 2417 6
2796 2364 3006 2436 ἥμερος
3030 2364 3129 2417 καὶ
3156 2361 3464 2435 φιλάνθρω-

1867 2465 1989 2515 πος,
2019 2447 2159 2502 ἁλλά
2187 2447 2361 2502 ταῦτα
2393 2447 2577 2502 πάντα
2606 2447 2882 2519 ὑπεριδὼν
2930 2446 3204 2517 ἐπέθηκεν
3241 2445 3337 2498 ἐπὶ
3368 2444 3464 2500 τόν

1864 2532 2004 2598 ὄνον,
2039 2533 2135 2586 καὶ
2164 2534 2246 2597 είς
2272 2532 2591 2604 πανδοχεῖον
2621 2533 2861 2602 ἢγαγεν·
2896 2530 3049 2585 οὐδὲν
3077 2530 3285 2585 τούτων
3310 2530 3464 2584 ὑπεί-

1864 2616 2009 2683 δετο,
2034 2617 2097 2670 οὐ
2131 2617 2401 2685 κίνδυνον,
2455 2618 2518 2672 οὐ
2556 2618 2862 2690 χρημάτων
2901 2616 3173 2686 δαπάνην,
3200 2616 3303 2669 οὐκ
3333 2615 3463 2670 ἀλλο

1864 2700 2040 2754 οὐδέν.
2072 2700 2137 2754 Εί
2187 2700 2246 2755 δὲ
2277 2703 2306 2755 6
2341 2701 2691 2774 Σαμαρείτης
2742 2701 2885 2755 οὕτω
2939 2699 3322 2772 φιλάνθρωπος
3367 2699 3464 2752 καὶ

1863 2783 2074 2855 ἥμερος
2128 2784 2323 2855 γέγονε
2378 2785 2512 2858 περὶ
2560 2785 2850 2858 ἄνθρωπον
2900 2785 3204 2854 ἄγνωστον,
3243 2782 3367 2836 τίνα
3394 2781 3463 2836 ἄν

1863 2867 2084 2941 ἔχοιμεν
2114 2868 2448 2941 συγγνώμην
2480 2871 2664 2941 ἡμεῖς,
2695 2869 2804 2926 τῶν
2825 2868 3073 2939 ἀδελφῶν
3107 2867 3214 2923 τῶν
3241 2863 3462 2921 οἰκείων

1862 2951 2197 3022 ἀμελοῦντες
2226 2953 2322 3006 ἐπὶ
2351 2953 2564 3024 μείζοσι
2594 2954 2816 3019 κακοῖς;
2843 2952 2957 3007 Καὶ
2986 2953 3095 3022 γὰρ
3128 2951 3224 3005 καὶ
3245 2945 3389 3004 οῦτοι
3414 2950 3464 3002 οἱ

1862 3033 1958 3088 νῦν
1984 3035 2382 3106 νηστεύσαντες
2422 3036 2648 3107 λῃσταῖς
2664 3036 2994 3106 περιέπεσον
3016 3038 3132 3098 τοῖς
3165 3033 3462 3097 Ἰουδαίοις,

1865 3119 2067 3189 μᾶλλον
2099 3119 2158 3173 δὲ
2203 3118 2421 3193 λῃστῶν
2447 3119 2711 3174 ἁπάντων
2756 3119 3188 3190 χαλεπωτέροις,
3224 3117 3322 3172 καὶ
3352 3115 3464 3188 μείο

1862 3203 1992 3269 ζονα
2043 3205 2172 3268 τοὺς
2235 3205 2318 3268 εἰς
2370 3203 2572 3267 αὐτοὺς
2620 3203 3000 3274 ἐμπίπτοντας
3065 3201 3469 3275 ἐργαζομένοις

1860 3288 2028 3343 κακά.
2058 3288 2134 3342 Οὐ
2166 3287 2276 3359 γὰρ
2325 3288 2397 3342 τά
2452 3288 2648 3359 ἱμάτια
2682 3287 2864 3342 αὐτῶν
2896 3286 3296 3360 περιέρῥηξαν,
3336 3284 3463 3339 οὐδὲ

1858 3370 1938 3442 τῷ
1966 3370 2178 3441 σώματι
2209 3370 2428 3443 πληγὰς
2459 3372 2764 3442 ἐπήγαγον,
2784 3370 3041 3443 καθάπερ
3066 3372 3269 3425 ἐκεῖνοι
3313 3368 3463 3431 τότε,

1859 3455 1997 3509 ἀλλά
2019 3455 2117 3527 τὴν
2141 3455 2318 3528 ψυχὴν
2352 3456 2727 3526 κατέτρωσαν,
2761 3456 2858 3510 καὶ
2889 3454 3060 3526 μυρία
3102 3454 3240 3525 αὐτῇ
3295 3452 3463 3523 τραύ-

1864 3556 2013 3610 ματα
2040 3539 2244 3606 δόντες,
2280 3536 2460 3602 οὕτως
2485 3538 2753 3610 ἀπῆλθον,
2803 3539 3038 3609 ἀφέντες
3067 3539 3125 3593 ἐν
3160 3537 3239 3610 τῷ
3270 3536 3463 3607 λάκκῳ

1858 3623 1959 3694 τῆς
1984 3622 2241 3687 ἀσεϐείας
2282 3621 2595 3694 κειμένους.

1927 3790 1977 3849 6'.
2019 3790 2113 3862 Μὴ
2140 3790 2205 3863 δή
2225 3790 2541 3864 παρίδωμεν
2568 3790 2878 3863 τραγῳδίαν
2900 3789 3177 3862 τοιαύτην,
3200 3790 3336 3863 μηδὲ
3353 3805 3461 3846 πα-

1863 3876 2229 3948 ραδράμωμεν
2259 3874 2505 3946 ἀνηλεῶς
2530 3874 2674 3929 οῦτω
2704 3874 2887 3947 θέαμα
2914 3874 3168 3940 ἐλεεινὸν,
3196 3874 3335 3929 ἀλλά
3354 3875 3463 3929 κᾶν

1859 3963 2037 4032 ἕτεροι
2070 3960 2230 4013 τοῦτο
2264 3960 2479 4018 ποιῶσι.
2521 3960 2585 4013 σὺ
2615 3959 2690 4030 μὴ
2718 3961 2982 4032 ποιήσῃς·
3023 3961 3097 4031 μὴ
3126 3960 3290 4033 εἴπῃς
3319 3959 3463 4030 πρὸς
3490 3976 3491 3979 ‘

1861 4044 2109 4109 σεαυτὸν,
2140 4042 2412 4113 Κοσμικός
2446 4045 2562 4114 εἰμι
2591 4042 2754 4114 ἀνὴρ,
2779 4045 3015 4113 γυναῖκα
3056 4042 3165 4112 ἔχω
3196 4043 3290 4096 καὶ
3333 4044 3461 4095 παῖ-

1859 4129 1993 4194 δας,
2039 4128 2216 4182 ταῦτα
2247 4129 2356 4180 τῶν
2399 4127 2591 4199 ἱερέων
2628 4127 2783 4190 ἐστὶ,
2824 4124 2999 4180 ταῦτα
3040 4125 3152 4179 τῶν
3181 4124 3456 4196 μοναχῶν.

1860 4212 1995 4266 Οὐδέ
2020 4211 2130 4284 γάρ
2158 4213 2187 4265 6
2219 4210 2569 4284 Σαμαρείτης
2595 4211 2804 4273 ἐκεῖνος
2840 4206 3016 4263 ταῦτα
3043 4202 3187 4261 εἶπε.
3220 4206 3330 4261 Ποῦ
3362 4206 3457 4262 νῦν

1860 4297 1912 4349 οί
1940 4296 2141 4367 ίερεῖς;
2186 4294 2291 4347 ποῦ
2331 4293 2426 4348 νῦν
2457 4294 2506 4346 οί
2541 4294 2827 4364 Φαρισαῖοι
2849 4309 2871 4367 ;‘
2897 4290 3001 4345 ποῦ
3026 4289 3135 4345 τῶν
3178 4290 3457 4345 Ἰουδαίων

1859 4380 1912 4433 οί
1950 4362 2296 4442 δίδάσκαλοι;
2325 4376 2439 4430 ἀλλ’
2471 4362 2661 4448 ὥσπερ
2694 4393 2748 4429 τι
2787 4362 3016 4448 θήραμα
3057 4374 3318 4447 μέγιστον
3370 4376 3457 4428 εὐ-

1864 4461 1997 4534 ρὼν,
2022 4460 2196 4525 οὐτως
2224 4462 2441 4533 ἥρπασε
2467 4460 2530 4513 τὸ
2565 4459 2782 4531 κέρδος.
2817 4459 2931 4514 Καὶ
2965 4459 3031 4513 σὺ
3064 4458 3269 4524 τοίνυν,
3324 4459 3458 4522 ὅταν

1865 4546 1981 4619 ἴδῃς
1997 4544 2119 4599 τινά
2134 4544 2387 4616 δεόμενον
2418 4544 2722 4616 θεραπείας
2748 4542 2780 4615 ἢ
2801 4543 3122 4616 σωματικῆς
3144 4541 3455 4615 ἢψυχικῆς,

1865 4632 1939 4703 μὴ
1969 4631 2095 4699 λέγε
2118 4631 2255 4703 πρὸς
2285 4630 2501 4684 ἐαυτόψ
2527 4628 2685 4691 Τίνος
2707 4628 2896 4682 ἕνεκεν
2920 4628 2949 4680 6
2977 4627 3126 4683 δεῖνα
3153 4627 3247 4682 καὶ
3266 4628 3457 4685 ὁδεῖνα

1862 4714 2026 4768 αὐτὸν
2054 4714 2156 4767 οὐκ
2182 4712 2559 4785 ἐθεράπευσεν
2585 4729 2600 4778 ;
2635 4712 2751 4765 ἀλλ’
2798 4710 3112 4776 ἀπάλλαξον
3139 4711 3241 4782 τῆς
3272 4712 3458 4785 ἀρρω-

1865 4798 2042 4864 στίας,
2072 4800 2165 4852 καὶ
2187 4797 2262 4868 μὴ
2288 4796 2508 4851 ἀπαίτει
2523 4796 2770 4860 ἐκείνους
2791 4795 3022 4859 εὐθύνας
3045 4795 3149 4865 τῆς
3169 4795 3454 4867 ἀμελείας.

1862 4883 1991 4937 Ἐάν
2007 4881 2176 4955 εῦρῃς
2198 4881 2441 4952 χρυσίον,
2455 4880 2578 4936 είπέ
2598 4897 2708 4951 μοι,
2724 4879 2999 4951 κείμενον,
3017 4879 3090 4950 μὴ
3110 4878 3291 4947 λέγεις
3308 4877 3450 4950 πρὸς

1865 4964 2274 5030 σεαυτὸν,Τίνος
2302 4963 2489 5019 ἕνεκεν
2504 4964 2532 5016 6
2557 4964 2705 5018 δεῖνα
2730 4964 2825 5017 καὶ
2839 4964 2866 5015 6
2886 4961 3031 5016 δεῖνα
3044 4962 3177 5016 αὐτὸ
3197 4962 3301 5014 οὐκ
3317 4959 3459 5015 ἀνεί-
3576 5025 3582 5031 ⁸

1860 5051 2034 5118 λοντο,
2053 5048 2240 5104 ἀλλὀύ
2272 5059 2297 5087 θ
2331 5047 2655 5112 σπουδάζεις
2694 5046 2800 5119 πρὸ
2831 5046 2942 5100 τῶν
2969 5045 3145 5100 ἀλλων
3173 5043 3456 5116 ἀρπάσαι;

1863 5132 2023 5188 Οῦτω
2045 5133 2139 5187 καὶ
2166 5133 2260 5186 ἐπὶ
2279 5130 2388 5187 τῶν
2411 5132 2782 5186 πεπτωκότων
2810 5130 3059 5199 ἀδελφῶν
3079 5128 3322 5197 λογίζου,
3356 5127 3456 5182 καὶ

1862 5216 2014 5291 [679]
2042 5216 2231 5287 νόμιζε
2263 5215 2539 5288 θησαυρὸν
2565 5216 2859 5287 εὑρηκέναι
2882 5215 2981 5285 τὴν
3003 5213 3323 5284 ἐπιμέλειαν
3353 5213 3453 5284 τὴν

1861 5301 2217 5355 ἐκείνων.Ἃν
2238 5299 2348 5371 γὰρ
2366 5299 2666 5372 ἐπιστάξῃς
2692 5298 2841 5369 αὐτῷ
2873 5297 3125 5369 καθάπερ
3149 5296 3327 5351 ἔλαιον
3353 5293 3452 5350 τοῦ

1859 5384 2018 5455 λόγου
2037 5385 2136 5456 τὴν
2153 5383 2526 5447 διδασκαλίαν,
2546 5384 2612 5438 ἂν
2632 5384 2837 5454 καταδή
2846 5398 2945 5457 σῃς
2961 5386 3025 5455 τῇ
3044 5381 3366 5455 προσηνείᾳ,
3384 5379 3454 5435 ἂν

1863 5472 2212 5547 θεραπεύσῃς
2245 5475 2314 5545 τῇ
2364 5471 2656 5544 καρτερίᾳ,
2714 5468 2992 5543 θησαυροῦ
3041 5469 3244 5534 παντὸς
3286 5468 3450 5522 εὐπο-

1860 5702 2201 5775 ὶπιδελιξᾴμενον
2221 5701 2297 5750 ἐπὶ
2319 5702 2415 5775 τῶν
2444 5699 2725 5775 τραυμάτων
2740 5698 2986 5775 ,πρόνοιαξ

1922 5766 1949 5805 d
1973 5761 2175 5825 Αιὶηυοι
2198 5776 2307 5812 mss.
2339 5761 2531 5825 ἐπὶτῶν
2550 5761 2714 5825 ὤμων,
2740 5761 2818 5825 hic
2837 5768 2889 5825 eg,
2914 5761 3054 5811 infra.

1920 5830 1939 5851 '
1964 5819 2083 5875 Sav:
2103 5827 2184 5873 καὶ
2216 5827 2290 5883 οὐ,
2316 5824 2491 5874 Μοοιί.
2541 5819 2682 5879 ἀλλά.
2704 5819 2841 5874 unde
2863 5823 3072 5874 fecimus
3093 5822 3198 5873 ἀλλ’
3217 5820 3294 5874 οὗ.
3331 5819 3450 5873 ωσι

225 5898 247 5927 c
270 5884 355 5931 Su:
380 5880 499 5932 edit.
530 5880 680 5932 Savil.
726 5890 779 5932 el
800 5880 956 5933 'niulli
1001 5899 1112 5933 mss.
1150 5880 1325 5935 Morei.
1354 5898 1472 5936 vero
1512 5882 1748 5943 τοσαύτην

1865 5889 2051 5950 quidam
2080 5880 2352 5954 διαρπάσαι.
2377 5887 2515 5938 [οι-ι’.

458 5978 725 6038 ΡΑτιιυι..
775 5977 891 6036 ΟΒ.
940 5977 1222 6038 XLVIII.

3012 5960 3093 6021 26
