3958 6376
204 451 306 504 953

200 572 525 629 sisauaveris
553 570 872 626 tolerantia:
914 569 1001 623 ille
1046 577 1094 623 te
1121 567 1536 623 facietditiorem
1579 566 1765 636 quovis

195 663 460 718 thesauro.
497 663 598 730 Qui
623 663 754 716 enim
783 661 1010 716 eduxerit
1040 663 1314 732 pretiosum
1343 677 1373 712 α
1405 661 1509 723 viti,
1532 669 1768 729 tanquam

200 771 252 810 os
278 769 443 807 meum
472 754 570 809 erit
606 752 738 824 (Jer.
761 751 846 806 15.
869 753 979 823 19),
1017 753 1185 822 inquit
1212 753 1320 807 ille.
1351 751 1485 820 Quid
1530 751 1650 804 huic
1678 767 1771 819 po-

186 846 315 898 terit
338 844 689 914 aequiparari?
717 843 867 909 Quod
897 858 1068 914 neque
1091 843 1388 913 jejunium,
1419 857 1590 913 neque
1625 842 1770 895 humi

189 945 421 1005 peractae
452 936 796 1002 cubatioues,
841 951 1015 1006 neque
1060 936 1367 1006 pervigilia,
1418 952 1588 1005 neque
1628 935 1770 989 aliud

191 1029 458 1100 quidpiam
489 1037 664 1098 potest
704 1028 953 1096 efficere,
997 1029 1048 1083 id
1075 1028 1243 1084 efﬁcit
1282 1028 1461 1083 fratris
1491 1041 1769 1098 procurata

192 1123 356 1178 salus.
400 1123 586 1193 Cogita
615 1137 774 1192 quam
814 1123 976 1177 multa
1019 1132 1166 1177 tuum
1205 1137 1266 1178 os
1313 1121 1617 1191 frequenter
1651 1137 1773 1191 pec-

193 1215 411 1281 caverit,
439 1229 597 1284 quam
624 1215 789 1269 multa
816 1215 979 1270 verba
1004 1215 1256 1270 obscmna
1284 1214 1584 1285 protulerit,
1615 1229 1773 1283 quam

190 1305 359 1362 multa
381 1305 618 1360 convicia
640 1345 656 1371 ,
679 1320 839 1375 quam
860 1305 1027 1360 multa
1053 1305 1334 1362 maledicta
1359 1306 1660 1360 evomuerit
1679 1347 1692 1370 ,
1721 1313 1776 1359 et

194 1399 412 1452 omnino
437 1398 700 1468 suscipies
735 1398 956 1468 collapsi
997 1413 1201 1453 curam.
1237 1397 1370 1452 Nam
1398 1397 1498 1452 hoc
1541 1412 1647 1450 uno
1683 1397 1776 1451 be-

193 1487 404 1544 nefacto
426 1503 640 1544 omnem
671 1489 815 1543 illam
834 1489 1013 1544 delere
1037 1488 1296 1543 maculam
1318 1489 1538 1558 poteris.
1563 1487 1630 1542 Et
1650 1487 1782 1556 quid

195 1578 319 1633 dico
343 1578 556 1633 delere?
579 1579 766 1634 Facies
792 1587 851 1634 ut
869 1580 939 1633 sit
967 1594 1028 1634 os
1055 1587 1203 1633 tuum
1236 1579 1374 1634 sicut
1402 1594 1463 1634 os
1491 1579 1606 1634 Dei.
1637 1579 1774 1647 Quid

197 1668 324 1723 huic
370 1668 557 1723 honori
607 1672 777 1738 possit
812 1669 1166 1740 aequiparari?
1194 1668 1310 1723 Non
1337 1670 1478 1724 enim
1529 1684 1629 1740 ego
1676 1671 1774 1723 ista

190 1759 482 1828 polliceor;
507 1759 622 1829 ipse
661 1760 803 1814 Deus
830 1760 933 1816 hoc
973 1761 1124 1815 dixit.
1171 1760 1228 1815 Si
1268 1777 1429 1815 unum
1473 1762 1774 1832 quempiam

195 1853 463 1919 eduxeris,
495 1853 686 1923 inquit,
716 1861 774 1908 ut
814 1868 876 1909 os
919 1869 1128 1920 meum,
1163 1855 1264 1909 erit
1292 1870 1354 1909 os
1398 1863 1542 1909 tttum
1586 1869 1776 1924 purum

194 1955 564 2015 sanctumque.
608 1944 688 2001 Ne
742 1946 901 2014 igitur
943 1946 1273 2017 negligamus
1325 1947 1550 2013 fratres,
1605 1963 1778 2017 neque

193 2035 591 2090 circumeuntes
619 2035 878 2101 dicamus,
906 2050 1065 2105 quam
1090 2036 1242 2090 multi
1269 2037 1596 2106 jejunarunt,
1618 2053 1776 2109 quam

195 2123 349 2178 multi
391 2125 664 2193 intercepti
692 2133 847 2193 sunt,
877 2125 969 2180 sed
1001 2140 1182 2179 curam
1219 2126 1512 2182 habeamus
1542 2128 1772 2183 illorum.

196 2215 419 2268 Etiamsi
467 2216 617 2269 multi
645 2216 751 2268 sint
786 2217 876 2285 qui
903 2216 1214 2286 jejunarunt
1242 2235 1253 2271 :
1303 2228 1390 2283 tu,
1436 2218 1664 2285 dilecte,
1712 2237 1778 2274 ne

193 2307 413 2377 evulges
430 2307 836 2378 ignominiaeque
857 2323 1092 2378 exponas
1111 2308 1367 2365 Ecclesia
1387 2311 1741 2366 calamitatem
1761 2330 1774 2378 ;

194 2398 291 2453 sed
321 2398 536 2454 medere
576 2400 769 2468 potius.
800 2399 868 2454 Et
905 2400 948 2454 si
980 2401 1098 2472 quis
1137 2401 1352 2466 dixerit,
1389 2404 1540 2458 multi
1571 2403 1779 2474 jejuna-

195 2499 340 2554 runt,
364 2490 553 2545 obtura
580 2491 651 2545 illi
679 2506 761 2556 os,
787 2507 853 2547 ne
880 2491 1022 2547 fama
1050 2493 1367 2564 divulgetur,
1393 2497 1548 2565 eique
1568 2496 1732 2550 dicito
1763 2515 1774 2549 :

194 2595 296 2652 ego
322 2580 592 2635 nemiuem
618 2583 777 2647 novi;
805 2582 1059 2652 deceptus
1087 2600 1146 2639 es
1166 2626 1180 2651 ,
1213 2586 1394 2651 homo,
1426 2585 1731 2657 fallerisque
1762 2607 1775 2642 ε

195 2689 426 2743 cumque
472 2691 635 2730 unum
683 2684 846 2744 atque
894 2677 1117 2733 alterum
1159 2679 1505 2748 interceptum
1547 2681 1775 2748 videris,

195 2765 333 2820 dicis
369 2765 487 2820 illos
517 2781 639 2822 esse
679 2768 897 2824 multos.
939 2771 1017 2824 Ac
1056 2769 1280 2826 delatori
1321 2772 1535 2842 quidem
1566 2774 1780 2844 impone

97 2869 106 2880 ·
191 2857 462 2912 silentium
494 2876 506 2912 :
537 2868 792 2915 caeterum
832 2877 928 2917 eos
964 2863 1056 2934 qui
1097 2864 1376 2934 intercepti
1419 2875 1543 2920 sunt
1585 2882 1655 2920 ne
1685 2882 1780 2922 ne-

191 2947 444 3016 glexeris,
494 2957 552 3003 ut
579 2951 826 3021 utrinque
869 2955 1032 3008 multa
1068 2957 1328 3010 securitas
1366 2958 1640 3028 contingat
1678 2957 1781 3013 Ec-

189 3040 394 3102 clesia),
429 3050 537 3096 tum
581 3057 649 3097 ex
687 3058 752 3098 eo
787 3044 929 3114 quod
969 3046 1109 3100 fama
1145 3061 1250 3101 non
1296 3048 1366 3102 sit
1401 3049 1635 3120 vulgata,
1667 3059 1778 3106 tum

189 3131 336 3201 quod
377 3147 474 3188 eos
518 3135 662 3205 ipsos
703 3136 1027 3208 interceptos
1064 3139 1130 3194 ad
1177 3154 1387 3196 sacrum
1434 3133 1648 3214 gregem
1696 3161 1778 3200 re-

192 3222 433 3278 duxeris.

261 3313 481 3369 Peccata
499 3315 720 3386 fratrum
741 3319 1064 3391 corrigenda,
1085 3338 1186 3376 non
1207 3323 1482 3394 vulganda.
1501 3325 1660 3383 -—Ne
1683 3327 1779 3398 igi-

185 3413 276 3459 tur
313 3405 714 3462 obambulantes
738 3410 1030 3466 referamus
1057 3413 1144 3482 qui
1169 3418 1534 3483 peccaverint;
1566 3418 1660 3473 sed
1700 3419 1779 3475 fe-

183 3495 450 3550 stinemus
467 3507 522 3550 ut
543 3512 636 3553 eos
651 3498 843 3566 solum,
868 3501 958 3571 qui
981 3511 1286 3571 peccaruut,
1309 3507 1652 3577 corrigamus.
1686 3509 1780 3564 Est

181 3587 333 3640 enim
361 3601 521 3655 prava
542 3591 896 3660 consuetudo,
921 3584 1130 3649 tantum
1158 3610 1411 3653 accusare
1438 3598 1648 3667 fratres,
1680 3618 1780 3658 nec

183 3676 400 3732 illorum
429 3694 611 3735 curam
643 3681 874 3749 habere;
904 3685 1120 3756 vulgare
1140 3688 1278 3742 mala
1301 3689 1655 3758 infirmorum,
1678 3709 1778 3749 nec

184 3769 412 3824 mederi.
442 3772 757 3829 Auferamus
800 3775 958 3844 igitur
996 3777 1133 3832 hanc
1171 3794 1390 3848 pravam
1431 3783 1776 3839 consuetudi-

183 3875 335 3927 nem,
388 3864 647 3920 carissimi
677 3881 692 3918 :
724 3882 896 3937 neque
924 3869 1066 3923 enim
1098 3886 1160 3925 ea
1201 3872 1524 3928 mediocrem
1573 3886 1775 3945 pestem

182 3951 410 4006 invehit.
455 3953 524 4008 Et
554 3969 660 4024 quo
685 3966 860 4025 pacto,
890 3974 990 4030 ego
1030 3961 1222 4016 dicam.
1251 3965 1468 4020 Audivit
1491 3967 1684 4038 aliquis
1713 3986 1778 4025 ex

183 4051 244 4096 te
283 4043 425 4112 quod
452 4047 605 4102 multi
653 4063 774 4104 cum
821 4049 1022 4107 Judzeis
1065 4053 1470 4126 jejunaverint;
1524 4061 1780 4132 nulloque

176 4137 467 4205 praemisso
505 4143 751 4196 examine
789 4143 878 4197 alii
918 4144 971 4199 in
1016 4148 1236 4202 verbum
1281 4153 1490 4220 aperuit
1532 4166 1547 4206 :
1591 4169 1778 4210 rursus

173 4227 278 4283 ille
305 4243 492 4297 parum
519 4239 772 4298 attentus,
817 4235 974 4291 alteri
1004 4235 1106 4292 hoc
1125 4237 1299 4307 ipsum
1324 4244 1606 4313 eloquutus
1648 4254 1732 4302 est
1759 4262 1775 4313 ;

173 4319 381 4376 deinde
408 4323 666 4392 paulatim
690 4324 789 4380 hac
818 4328 956 4382 mala
981 4327 1120 4390 fama
1146 4332 1497 4403 increscente,
1529 4353 1778 4409 magnum

176 4412 406 4482 quidem
432 4416 687 4484 probrum
710 4417 1005 4477 offunditur
1049 4422 1341 4481 Ecclesiae:
1389 4427 1474 4484 bis
1515 4445 1643 4488 vero
1686 4435 1778 4503 qui

172 4505 480 4575 perierunt,
512 4508 655 4563 nulla
683 4509 903 4567 aﬂ‘ertur
929 4514 1150 4584 utilitas,
1181 4517 1312 4587 quin
1339 4521 1514 4590 potius
1560 4525 1770 4595 gravis-

172 4597 325 4652 sima
354 4615 516 4668 noxa,
551 4611 661 4657 tum
687 4603 791 4671 his,
842 4613 954 4661 tum
984 4607 1123 4663 aliis.
1169 4609 1393 4668 Etiamsi
1436 4615 1579 4670 enim
1621 4620 1778 4688 pauci

169 4688 406 4758 fuerint,
435 4706 535 4748 nos
565 4702 740 4752 tamen
771 4711 864 4752 eos
893 4701 1201 4757 rumoribus
1242 4704 1426 4759 multis
1461 4707 1657 4764 multos
1700 4708 1777 4764 fa-

173 4782 383 4849 cimus,
410 4794 464 4840 et
497 4801 590 4840 eos
616 4789 706 4857 qui
747 4797 909 4856 stant,
950 4792 1325 4852 imbecilliores
1361 4798 1630 4855 reddimus
1660 4815 1675 4859 :
1723 4811 1778 4858 et

167 4886 277 4930 eos
304 4874 396 4944 qui
416 4875 480 4930 ad
506 4891 689 4933 casum
717 4881 984 4949 proclives
1013 4893 1157 4954 sunt,
1205 4886 1549 4958 impellimus.
1584 4892 1778 4949 Frater

165 4966 329 5021 enim
349 4968 574 5025 audiens
597 4986 720 5028 esse
745 4975 942 5030 multos
968 4979 1057 5047 qui
1081 4977 1412 5052 jejunarunt,
1458 4985 1576 5056 ipse
1601 4989 1772 5057 negli-

163 5061 395 5130 gentior
417 5064 539 5117 erit.
571 5065 775 5122 Deinde
793 5083 977 5124 rursus
1001 5072 1090 5141 qui
1117 5073 1377 5131 infirmior
1405 5089 1507 5147 est,
1539 5079 1642 5136 hoc
1674 5098 1774 5136 au-

165 5151 300 5206 dito
329 5167 574 5211 accurret
595 5157 663 5215 ad
687 5160 1081 5219 multitudinem
1102 5179 1312 5235 eorum,
1336 5172 1422 5241 qui
1443 5173 1771 5234 ceciderunt.

162 5241 259 5297 Ne
306 5245 465 5314 igitur
506 5248 589 5303 vel
627 5264 791 5321 super
836 5252 956 5319 hoc,
1005 5256 1091 5310 vel
1117 5270 1282 5327 super
1315 5263 1421 5317 alio
1453 5266 1640 5332 quovis
1674 5267 1774 5320 im-

159 5335 356 5405 probo
379 5336 518 5393 facto
554 5343 900 5412 gaudeamus,
931 5346 1138 5402 etiamsi
1173 5351 1324 5406 mttlti
1359 5352 1554 5410 fuerint
1581 5372 1770 5426 pecca-

154 5434 350 5493 tores,
379 5430 448 5484 ita
473 5440 531 5485 ut
561 5433 900 5491 traducamus
924 5453 1041 5507 eos,
1064 5455 1126 5495 ac
1150 5441 1401 5510 dicamus
1416 5449 1611 5502 multos
1624 5464 1760 5517 esse,

152 5519 267 5573 sed
319 5521 493 5589 potius
535 5524 845 5584 obturemus
882 5545 975 5598 os,
1023 5541 1078 5588 et
1109 5548 1470 5593 coerceamus.
1515 5540 1594 5596 Ne
1638 5543 1773 5599 mihi

147 5611 404 5679 dixeris,
435 5617 587 5671 mttlti
617 5621 855 5690 suntqui
877 5622 1221 5694 jejunarunt,
1268 5629 1363 5684 sed
1405 5633 1601 5688 multos
1648 5635 1770 5693 illos

152 5705 405 5774 corrige.
429 5706 543 5761 Non
565 5709 684 5765 ideo
705 5712 838 5776 mihi
857 5727 1229 5788 consumptum
1250 5731 1329 5776 est
1349 5729 1550 5778 tantum
1573 5726 1765 5781 verbo-
1831 5730 1840 5740 ‘

147 5813 293 5851 rum
310 5838 324 5864 ,
350 5806 408 5854 ut
435 5817 654 5859 accuses
682 5806 918 5874 multos;
947 5809 1042 5864 sed
1063 5820 1121 5865 ut
1148 5827 1213 5867 ex
1247 5815 1426 5870 multis
1448 5815 1610 5873 facias
1630 5832 1764 5882 pauo

145 5907 259 5949 cos
299 5907 315 5944 :
348 5891 456 5948 imo
485 5896 662 5964 potius
692 5913 758 5953 ne
787 5913 986 5971 paucos
1005 5902 1217 5973 quidem
1238 5943 1256 5973 ,
1285 5905 1380 5962 sed
1405 5915 1460 5964 et
1489 5908 1587 5965 bos
1613 5908 1760 5981 ipsos

1387 453 1746 509 ADVERSUS
1785 451 2086 509 JUDEOS.
2116 452 2252 508 \‘lll.

3348 451 3454 503 931i

1879 566 2039 620 etiam
2062 580 2237 620 sanes.
2262 563 2337 619 Nc
2362 565 2537 636 itaque
2561 565 2777 636 evulges
2805 572 3037 634 peccata,
3056 564 3148 621 sed
3171 579 3317 620 sana.
3347 564 3464 622 Sico

1879 669 1938 713 ut
1967 658 2106 731 enim
2138 658 2230 729 qui
2288 659 2555 729 evulgant,
2604 667 2658 715 et
2705 659 2830 715 huic
2865 667 3068 714 tantum
3110 659 3188 714 rei
3233 668 3459 714 vacant:

1879 749 2085 804 etiamsi
2103 749 2254 820 pauci
2269 749 2483 815 fuerint,
2501 751 2588 820 qui
2609 759 2982 820 peccaverunt,
3007 750 3205 805 faciunt
3221 760 3279 807 ut
3308 751 3464 806 tnutti

1878 855 1998 895 esse
2023 850 2273 910 putentur
2302 856 2315 890 :
2354 841 2434 896 sic
2462 841 2550 910 qui
2575 841 2853 908 cohibent,
2894 857 2957 900 ac
2989 842 3256 898 silentium
3286 843 3433 911 impo

1880 942 2013 988 nunt
2030 933 2440 1000 traductoribus,
2461 934 2832 1004 lapsorumque
2844 950 3024 990 curam
3045 934 3260 1001 habent,
3277 936 3466 990 etiam-

1880 1027 1923 1081 si
1965 1026 2117 1080 multi
2148 1027 2382 1092 fuerint;
2428 1036 2483 1082 et
2508 1042 2602 1082 eos
2661 1028 2804 1097 ipsos
2837 1027 2992 1084 facile
3018 1028 3324 1097 corrigunt,
3364 1043 3463 1082 nec

1885 1119 2187 1188 quempiam
2219 1119 2399 1173 sinunt
2423 1134 2488 1174 ex
2510 1119 2701 1174 borum
2733 1119 2870 1174 fama
2910 1119 3051 1173 lasdi.
3083 1119 3199 1174 Non
3235 1119 3463 1182 audisti,

1879 1209 2031 1278 Quod
2061 1209 2224 1265 David
2251 1209 2532 1280 deplorans
2563 1209 2800 1276 Saﬁlem,
2823 1209 2956 1265 dixit
2981 1227 2996 1264 :
3031 1210 3296 1277 Quomodo
3325 1209 3458 1262 ceci-

1881 1302 2064 1357 derunt
2098 1302 2363 1373 potentes?
2407 1301 2490 1356 Ne
2533 1303 2960 1358 anmmciaveritis
3001 1303 3056 1357 in
3099 1300 3264 1369 Gelli,
3309 1318 3467 1367 neque

1883 1393 2276 1462 prwdicaveritis
2303 1393 2354 1447 in
2381 1393 2474 1447 viis
2495 1394 2796 1459 Ascalonis;
2829 1410 2891 1448 ne
2918 1393 3149 1448 laetentur
3193 1393 3315 1460 ﬁliae
3341 1391 3466 1446 αιίθ-

1882 1485 2214 1554 nigenarum,
2259 1501 2418 1554 neque
2466 1483 2714 1539 exsultent
2734 1484 2861 1552 ﬁlia:
2882 1483 3345 1539 incircumcisorum
3374 1483 3464 1554 (9..

1884 1575 2014 1647 Reg.
2048 1577 2098 1630 l.
2136 1576 2222 1632 l9.
2247 1575 2364 1650 20).
2413 1576 2566 1646 Quod
2603 1577 2646 1631 si
2679 1577 2768 1632 ille
2794 1592 2906 1632 rem
2935 1576 3268 1632 manifestam
3298 1576 3466 1630 noluit

1885 1669 2142 1739 evulgari,
2173 1684 2240 1724 ne
2260 1669 2582 1724 adversariis
2608 1669 2841 1739 gigneret
2871 1669 3196 1740 voluptatem
3227 1685 3242 1723 ς
3271 1678 3468 1740 quanto

1885 1759 2056 1829 magis
2083 1775 2189 1815 non
2216 1768 2428 1830 Oportet
2452 1759 2568 1827 hzec
2592 1759 2783 1816 efferre
2808 1759 2875 1814 ad
2903 1776 3061 1816 aures
3082 1761 3282 1815 alienas
3303 1775 3318 1813 :
3338 1761 3465 1830 quin

1883 1865 1984 1904 uec
2011 1850 2076 1904 ad
2110 1861 2411 1906 nostrorum
2437 1866 2596 1906 aures
2628 1868 2643 1906 :
2675 1861 2734 1906 ut
2756 1866 2928 1921 neque
2958 1851 3138 1907 hostes
3189 1852 3465 1907 audientes

1881 1942 2181 2010 gaudeant,
2227 1958 2397 2012 neqtte
2445 1942 2612 1998 nostri
2652 1958 2710 1998 re
2735 1942 2946 2013 cognita
2987 1941 3270 1997 concidant
3308 1957 3324 1993 :
3368 1942 3464 1996 sed

1881 2043 2090 2103 oportet
2108 2035 2362 2090 cohibere
2377 2050 2645 2091 rumorem
2663 2043 2718 2091 et
2732 2034 3080 2105 undequaque
3098 2048 3464 2104 compescere.

1882 2126 1960 2181 Ne
1982 2126 2112 2181 mihi
2138 2126 2360 2193 dixeris,
2393 2126 2496 2181 hoc
2531 2127 2608 2181 illi
2635 2125 2785 2180 dixi:
2831 2125 2971 2196 apud
2999 2127 3224 2196 teipsum
3252 2126 3467 2180 contine

1884 2219 2125 2273 verbum.
2158 2217 2309 2273 Sicut
2329 2218 2470 2272 enim
2505 2226 2561 2273 tu
2588 2232 2692 2273 non
2720 2217 2936 2288 potuisti
2982 2225 3160 2272 tacere
3185 2257 3200 2284 ,
3252 2216 3324 2270 ita
3369 2231 3468 2269 nec

1883 2310 1974 2366 ille
1996 2309 2192 2380 poterit
2217 2309 2333 2365 hanc
2357 2310 2497 2380 apud
2527 2324 2648 2366 sese
2669 2311 2964 2364 continere.

1953 2401 2008 2456 5.
2040 2401 2164 2455 Hmc
2191 2416 2300 2464 nou
2317 2401 2383 2456 de
2405 2401 2506 2455 hoc
2533 2409 2798 2471 prtesente
2839 2409 3040 2456 tantum
3065 2400 3271 2471 jejunio
3300 2401 3419 2454 dico
3453 2443 3466 2464 ,

1882 2494 1975 2548 sed
1998 2493 2064 2548 de
2085 2494 2293 2549 caeteris
2323 2494 2484 2548 etiam
2510 2493 2982 2549 innumerabilibus
3005 2496 3252 2564 peccatis.
3269 2491 3348 2548 Ne
3367 2492 3469 2545 hoc

1881 2586 2279 2642 consideremus
2301 2595 2526 2655 tantum,
2555 2601 2624 2641 an
2645 2586 2796 2641 multi
2817 2585 2923 2640 sint
2944 2585 3151 2656 abrepti
3175 2602 3188 2637 :
3220 2583 3315 2639 sed
3337 2582 3470 2638 illud

1882 2676 2302 2746 consideremus,
2323 2676 2590 2747 quomodo
2603 2677 2719 2732 illos
2736 2676 3074 2732 reducamus.
3091 2675 3168 2732 Ne
3180 2689 3470 2746 exaggere-

1883 2783 2002 2822 mus
2027 2784 2114 2823 res
2135 2767 2390 2838 hostium,
2414 2783 2478 2824 ac
2503 2777 2714 2825 nostras
2741 2769 3055 2840 dejiciamus
3084 2785 3097 2822 :
3130 2784 3198 2824 ne
3227 2768 3346 2824 illos
3368 2782 3467 2837 po-

1883 2867 2055 2916 tentes
2080 2860 2445 2927 ostendamus,
2475 2870 2686 2916 ttostras
2713 2876 2840 2917 vero
2867 2877 2952 2916 res
2988 2860 3319 2925 imbecilles;
3372 2860 3469 2914 sed

1883 2952 2061 3006 omnia
2105 2952 2280 3022 potius
2308 2951 2359 3006 in
2416 2952 2742 3008 contrarium
2781 2951 3062 3007 faciamus.
3101 2951 3262 3007 Novit
3307 2951 3470 3007 etiam

1882 3041 2022 3097 fama
2048 3058 2190 3113 saepe
2216 3043 2300 3098 vel
2318 3043 2572 3113 dejicere,
2599 3045 2682 3098 vel
2713 3043 2919 3113 erigere
2943 3043 3179 3097 animttm
3200 3084 3214 3108 ,
3265 3050 3321 3098 et
3355 3042 3471 3096 ala-

1882 3134 2147 3200 critatem,
2179 3149 2297 3203 quae
2325 3149 2432 3189 non
2473 3132 2599 3201 fuit,
2634 3134 2886 3204 injicere;
2915 3142 2970 3189 et
3011 3149 3128 3187 eam
3171 3148 3293 3204 quae
3335 3132 3467 3198 fuit,

1882 3240 2094 3280 rursum
2123 3225 2434 3280 dissolvere.
2462 3225 2690 3295 Ideoque
2715 3240 2928 3291 moueo,
2961 3235 3018 3280 ut
3059 3224 3181 3279 illos
3224 3240 3470 3280 rumores

1883 3332 2192 3387 augeamus,
2223 3318 2312 3388 qui
2341 3332 2428 3374 res
2458 3327 2668 3372 nostras
2695 3318 2977 3384 attollunt,
3019 3332 3346 3389 magnasque
3387 3319 3467 3372 vi-

1885 3410 1999 3466 deri
2030 3409 2231 3466 faciunt
2263 3429 2276 3465 :
2312 3427 2419 3466 non
2449 3421 2628 3466 autem
2658 3411 2778 3466 illos
2803 3411 2893 3483 qui
2925 3411 3021 3466 toti
3055 3410 3277 3466 fratrum
3305 3410 3467 3466 sodao

1885 3503 2016 3558 litati
2039 3502 2272 3558 dedecus
2288 3503 2585 3559 offundunt.
2602 3503 2755 3573 Quod
2770 3504 2813 3558 si
2832 3503 2958 3574 quid
2973 3503 3301 3558 audierimus
3320 3503 3468 3567 boni,

1886 3597 2027 3669 apud
2056 3612 2243 3653 omnes
2272 3597 2601 3662 proferamus
2627 3614 2641 3651 :
2674 3599 2720 3653 si
2748 3597 2873 3669 quid
2895 3612 3021 3653 vero
3040 3597 3166 3652 mali
3195 3598 3468 3666 pravique,

1885 3690 2027 3761 apud
2056 3705 2155 3745 nos
2184 3691 2330 3762 ipsos
2356 3691 2706 3758 occultemus,
2747 3691 2906 3762 idque
2933 3702 2991 3748 ut
3013 3692 3290 3759 tollamus,
3337 3690 3472 3747 nihil

1887 3799 1992 3838 non
2013 3782 2288 3840 faciamus.
2307 3782 2461 3839 Nunc
2473 3785 2629 3854 igitur
2641 3783 3068 3854 obambulemus,
3091 3784 3301 3840 curiose
3319 3801 3472 3840 scru-

1888 3883 2082 3942 temur,
2110 3876 2536 3946 contemplemur
2556 3891 2670 3941 eos,
2709 3878 2800 3948 qui
2825 3877 2960 3948 lapsi
2984 3885 3112 3934 sunt
3142 3896 3154 3932 :
3187 3879 3396 3934 etiamsi
3415 3879 3470 3933 in

1887 3966 2031 4022 mdes
2065 3977 2306 4037 oporteat
2333 3967 2558 4038 ingredi,
2603 3984 2668 4024 ne
2684 3983 2994 4036 gravemur.
3027 3969 3178 4037 Quod
3196 3970 3241 4026 si
3261 3971 3472 4040 ignotus

1885 4058 2066 4126 fuerit,
2096 4076 2195 4116 nec
2210 4062 2316 4116 ulla
2354 4076 2418 4116 ex
2443 4071 2593 4132 parte
2605 4062 2672 4116 ad
2695 4073 2744 4117 te
2761 4065 3050 4132 pertinens,
3075 4063 3118 4118 is
3139 4063 3228 4132 qui
3259 4063 3469 4128 cecidit,

1883 4159 2142 4218 scrutare,
2157 4160 2271 4209 esto
2288 4152 2548 4220 curiosus,
2567 4168 2723 4223 quem
2740 4153 2930 4210 habeat
2944 4155 3171 4210 amicum
3188 4166 3466 4211 autneces-

1882 4243 2102 4309 sarium,
2138 4251 2193 4299 et
2216 4244 3030 4315 cuimaximeobtetnperet,hoc
3045 4257 3340 4318 assumpto,
3383 4249 3465 4301 iu-

1883 4336 2106 4407 gredere
2124 4337 2174 4391 in
2188 4337 2352 4404 aedes,
2372 4353 2438 4392 ne
2451 4347 2502 4392 te
2521 4337 2736 4408 pudeat,
2756 4355 2930 4410 neque
2957 4341 3264 4396 erubescas.
3293 4340 3349 4396 Si
3389 4342 3471 4396 iu—

1882 4430 2180 4500 gredereris
2195 4431 2471 4502 pecuniam
2512 4431 3001 4501 postulaturus,attt
3032 4432 3349 4489 beneficium
3382 4450 3471 4490 ac-

1881 4535 2132 4594 cepturus
2161 4525 2229 4579 ab
2249 4525 2361 4592 illo,
2380 4539 2589 4596 aequum
2608 4526 3160 4582 eraterubescerezsi
3203 4541 3335 4582 vero
3371 4541 3472 4599 pro

1882 4618 2024 4674 illius
2035 4619 2206 4674 salute
2218 4633 2423 4684 curras,
2443 4619 2655 4674 occasio
2668 4619 2916 4675 introitus
2927 4617 3072 4675 omni
3089 4627 3140 4674 te
3156 4619 3346 4675 liberat
3362 4621 3468 4675 cri-

1881 4711 2044 4765 mine.
2066 4711 2256 4767 Asside
2272 4725 2420 4779 sane,
2441 4711 2657 4781 loquere
2671 4726 2792 4766 cum
2814 4712 2924 4778 illo,
2943 4711 3062 4768 aliis
3073 4712 3140 4768 de
3157 4711 3316 4768 rebus
3332 4714 3473 4768 faeto

1880 4805 2143 4860 sermonis
2162 4805 2403 4872 exordio,
2425 4818 2530 4875 quo
2549 4805 2811 4860 correctio
2831 4815 3010 4861 careat
3025 4804 3347 4876 suspicione.
3377 4805 3469 4860 Dic

1881 4901 2034 4968 mibi,
2068 4901 2324 4956 laudasne
2348 4899 2560 4956 Judaeos
2589 4915 2655 4956 eo
2695 4899 2838 4971 quod
2865 4899 3136 4956 Christum
3183 4900 3465 4956 crucifige-

1879 4995 2006 5060 rint,
2034 4995 2282 5065 quodque
2312 5009 2434 5049 eum
2461 4993 2620 5050 hodie
2645 4993 2900 5049 conviciis
2929 4993 3163 5049 afficiant
3186 5036 3202 5062 ,
3233 4999 3290 5048 et
3329 4993 3464 5063 legis

1879 5094 2325 5156 transgressorem
2366 5085 2678 5156 appellent?
2714 5085 2961 5141 Profecto
2998 5101 3104 5140 non
3143 5084 3460 5153 sustinebit,

1877 5179 1923 5232 si
1952 5179 2112 5233 fuerit
2156 5178 2525 5242 Christianus,
2579 5177 2789 5233 etiamsi
2825 5177 3017 5233 millies
3052 5175 3319 5247 judaizet,
3357 5190 3464 5232 non

1875 5269 2383 5335 sustinebitdicere,
2417 5270 2615 5326 laudo:
2647 5270 2742 5326 sed
2770 5270 3046 5326 obturabit
3073 5284 3253 5338 aures,
3285 5271 3460 5327 dicet-

1876 5379 1981 5433 que
2011 5363 2125 5431 libi,
2155 5363 2323 5428 absit;
2358 5364 2498 5419 bona
2526 5363 2708 5429 verba,
2751 5379 2956 5433 quaeso.
3005 5364 3136 5419 Dein
3181 5379 3304 5420 cum
3336 5379 3460 5418 eum

1875 5453 1976 5509 hac
2019 5455 2070 5508 in
2113 5470 2170 5508 re
2197 5463 2374 5508 tecum
2409 5455 2831 5509 consentientem
2874 5457 3233 5526 compereris,
3277 5472 3465 5514 rursus

1873 5546 2151 5612 assumito,
2184 5545 2366 5600 dicens
2394 5563 2408 5600 :
2439 5545 2707 5615 quomodo
2734 5546 2892 5616 igitur
2920 5561 3040 5601 cum
3061 5546 3289 5613 illis,dic
3303 5547 3461 5614 mihi,

1872 5637 2268 5692 communicas?
2298 5637 2568 5707 quomodo
2596 5638 2862 5708 particeps
2888 5653 2947 5694 es
3003 5637 3163 5694 festi?
3192 5640 3468 5710 quomodo

1870 5745 1991 5785 cum
2039 5729 2144 5785 illis
2190 5727 2434 5799 jejunus?
2469 5728 2712 5784 Posthzec
2738 5745 2928 5786 accusa
2958 5731 3168 5786 illorum
3199 5731 3464 5801 improbi-

1871 5830 2058 5886 tatem,
2111 5837 2319 5892 expone
2341 5836 2554 5876 omnem
2587 5822 2944 5894 iniquitatem,
2977 5841 3134 5896 quam
3164 5826 3462 5896 superiori-

1871 5915 1970 5971 bus
1993 5913 2180 5971 diebus
2206 5914 2488 5970 narrabam
2510 5914 2648 5984 apud
2673 5925 2903 5974 vestram
2931 5919 3229 5986 caritatem,
3259 5937 3286 5974 a
3316 5920 3463 5985 loco,
