3958 6362
463 407 566 462 955

467 564 496 603 a
519 557 787 619 tempore,
807 563 836 602 a
855 549 1082 620 templo,
1105 563 1134 603 a
1161 546 1505 618 praedictione
1532 541 1912 614 pr0phetarum
1933 539 2054 594 rcd-

470 645 642 714 argui.
683 642 918 698 Ostende
952 641 1220 714 quomodo
1247 639 1448 694 frustra
1477 645 1532 692 et
1581 637 1851 691 incassum
1882 632 2060 688 omnia

475 733 677 789 faciunt
705 775 721 800 ,
777 749 875 788 nec
925 747 1178 804 umquam
1210 731 1276 786 ad
1305 731 1588 801 pristinmn
1614 736 1810 782 statum
1840 723 2060 782 redituri

473 838 599 882 sunt
623 868 639 893 ,
693 827 940 899 quodque
993 825 1075 881 fas
1122 825 1226 881 illis
1257 839 1364 880 non
1391 831 1471 879 est
1497 832 1645 878 extra
1671 819 2060 890 Jerosolymam

469 919 756 990 quidquam
799 919 903 974 tale
931 918 1132 974 facere.
1183 915 1264 972 Ad
1312 915 1428 970 haec
1473 909 1920 970 commonefacias
1972 922 2065 978 ge-

474 1016 690 1080 hennae,
741 1011 1064 1068 formidandi
1095 1009 1376 1067 tribunalis
1411 1005 1660 1071 Domini,
1710 1000 2063 1074 quaestionum

482 1124 602 1177 qua:
633 1109 740 1162 illic
767 1107 1052 1176 habentur,
1099 1105 1352 1178 quodque
1376 1104 1588 1159 illorum
1619 1099 1859 1156 omnium
1886 1094 2058 1152 reddi-

477 1202 792 1257 turivsumus
820 1201 1110 1268 rationem,
1139 1207 1194 1254 et
1220 1198 1354 1253 ultio
1382 1193 1625 1266 quaedam
1653 1206 1758 1248 non
1791 1203 1948 1261 parva
1977 1201 2065 1242 re-

479 1293 652 1361 posita
678 1295 865 1351 est-eis
889 1336 902 1358 ,
941 1293 1030 1364 qui
1077 1291 1203 1347 talia
1245 1289 1462 1345 audent.
1504 1281 1965 1342 Commonefacito
2014 1285 2068 1334 et

478 1385 628 1442 Pauli
655 1387 888 1442 dicentis
913 1387 1254 1456 :Quicumque
1266 1383 1320 1438 in
1341 1383 1451 1452 lege
1470 1375 1854 1452 justi/icamini,
1904 1371 2069 1444 gratia

478 1482 739 1535 (uidistis
768 1479 911 1554 (Gal.
941 1481 994 1535 5.
1041 1479 1141 1549 1):
1197 1486 1252 1532 et
1300 1489 1484 1530 rursus
1531 1467 1950 1526 comminantis:
2007 1463 2069 1520 Si

478 1572 935 1638 circumcidamini,
967 1570 1201 1626 Christus
1221 1567 1352 1622 nihil
1372 1565 1508 1620 vobis
1531 1562 1758 1635 proderit
1783 1559 1888 1633 (Ib.
1917 1575 1965 1612 υ.
1985 1557 2067 1628 ‘2).

480 1664 780 1733 Dieithue,
814 1664 956 1735 quod
981 1659 1429 1734 quemadmodum
1480 1655 1851 1722 circumcisio,
1898 1654 1970 1708 ita
2017 1660 2072 1707 et

479 1757 1092 1828 iejuniunrJudaicum-e
1121 1755 1266 1811 caelis
1281 1751 1503 1823 expellit
1512 1750 1859 1822 jejunantem,
1884 1745 2073 1801 etiam-

480 1848 525 1903 si
543 1848 786 1903 habuerit
800 1844 1320 1902 aliainnumerabilia
1336 1841 1634 1898 benefacta.
1650 1839 1744 1894 Dic
1759 1835 1902 1909 quod
1921 1834 2075 1890 Chri-

481 1940 640 1995 8tiani
666 1951 881 2011 propter
903 1941 1004 1996 hoc
1019 1953 1274 1994 vocamur
1290 1945 1568 2000 et-sumus,
1588 1941 1646 1988 ut
1659 1931 1871 1988 Christo
1883 1943 2072 1999 parea-

481 2046 622 2096 mus,
646 2049 749 2088 non
772 2042 828 2087 ut
848 2032 913 2088 ad
931 2032 1118 2087 hostes
1134 2043 1436 2086 curramus.
1457 2025 1608 2095 Quod
1631 2025 1675 2080 si
1698 2031 1955 2095 praetexat
1977 2036 2073 2076 eu-

483 2123 720 2178 rationes
745 2125 971 2194 aliquas,
993 2123 1242 2194 dicatque
1269 2121 1385 2187 tibi,
1414 2119 1733 2190 pollicentur
1753 2114 2071 2180 remedium,

485 2223 540 2267 et
569 2214 689 2269 ideo
718 2215 783 2269 ad
809 2215 928 2270 illos
952 2230 1113 2271 curro
1139 2233 1152 2270 :
1177 2212 1463 2286 patefacito
1489 2210 1701 2265 illorum
1728 2209 2073 2278 imposturas,

482 2305 892 2374 incantationes,
908 2303 1635 2376 amuleta,venelicia.Neque
1646 2301 1786 2358 enim
1800 2300 1906 2354 alio
1918 2297 2078 2354 modo

485 2400 735 2454 videntur
764 2401 988 2466 mederi,
1018 2415 1192 2470 neque
1220 2414 1345 2454 vere
1391 2397 1705 2461 medentur,
1752 2393 1906 2448 absit.
1941 2391 2076 2460 Quin

485 2508 586 2564 ego
616 2493 830 2564 quidem
861 2494 986 2550 illud
1007 2495 1164 2565 longe
1185 2492 1480 2548 mirabilius
1501 2489 1694 2555 dicam,
1721 2486 1930 2543 etiamsi
1953 2499 2080 2540 vere

483 2597 758 2654 sanarent,
791 2588 958 2643 satius
988 2597 1168 2643 tamen
1198 2601 1318 2642 esse
1340 2586 1531 2652 emori,
1564 2598 1722 2655 quam
1747 2581 1811 2636 ad
1831 2581 1926 2634 Dei
1957 2579 2080 2633 hos-

485 2685 568 2732 tes
582 2692 886 2744 accurrere,
907 2679 1086 2748 itaque
1111 2677 1308 2733 sanari.
1329 2675 1465 2745 Quid
1491 2675 1632 2731 enim
1660 2672 1877 2744 prodest
1892 2684 2082 2726 curare

484 2770 895 2837 corpus,-anima
913 2768 1358 2840 pereunte?‘Quid
1373 2777 1548 2822 autem
1575 2765 1729 2831 lucri,
1744 2765 1788 2820 si
1809 2762 1934 2834 quid
1949 2761 2084 2816 sola-

485 2861 542 2915 tii
561 2862 1048 2928 hicnauciscamur,
1060 2877 1185 2919 mox
1201 2861 1588 2933 conjiciendi-in
1606 2861 1781 2932 ignem
1795 2854 2082 2913 aeternum?

487 2951 644 3020 Nam,
668 2969 736 3008 ne
763 2953 1002 3010 dicerent
1030 2955 1149 3023 ista,
1175 2955 1300 3009 audi
1328 2953 1454 3025 quid
1481 2952 1608 3008 dicit
1637 2953 1778 3007 Deus
1799 2968 1811 3004 :
1833 2949 1894 3005 Si
1925 2949 2083 3003 exsti-

488 3042 604 3096 terit
630 3045 876 3115 prapheta
897 3045 948 3099 in
975 3053 1040 3110 te,
1069 3054 1167 3100 aut-
1183 3045 1441 3100 somnium
1464 3044 1744 3109 somnians,
1770 3040 2085 3110 edideritque

485 3135 688 3206 signum
715 3153 776 3190 ac
791 3137 1102 3209 prodigium,
1136 3138 1450 3208 eveneritque
1475 3135 1678 3205 signum
1705 3151 1766 3187 ac
1795 3133 2083 3204 prodigium

482 3226 624 3298 quod
650 3227 885 3300 loquutus
909 3237 983 3284 est
1007 3272 1021 3296 ,
1052 3229 1333 3300 dixeritque
1363 3244 1382 3284 :
1409 3243 1582 3283 eamus
1609 3238 1655 3282 et
1682 3227 1957 3282 serviamus
1987 3226 2085 3279 diis

485 3316 604 3372 aliis
633 3334 778 3373 :-non
819 3321 1168 3376 auscultabitis
1205 3319 1466 3391 prophetae
1499 3319 1579 3374 illi
1609 3333 1629 3373 :
1663 3319 1902 3389 quoniam
1932 3323 2086 3371 tentet

485 3423 576 3464 nos
617 3408 867 3465 Dominus
907 3411 1079 3480 Deus,
1117 3428 1185 3466 an
1225 3411 1449 3483 diligatis
1485 3410 1761 3465 Dominum
1793 3408 1959 3462 Deum
1998 3424 2084 3462 ve-

489 3509 650 3555 strum
675 3518 738 3555 ea:
758 3511 863 3555 toto
886 3503 1037 3557 corde
1057 3511 1220 3557 vestro
1245 3511 1292 3556 et
1317 3519 1378 3557 ea:
1402 3511 1507 3556 tota
1531 3503 1702 3555 anima
1719 3509 1881 3555 vestra
1904 3500 2082 3572 (Deut.

488 3589 747 3662 55.1-5).
771 3590 924 3658 Quod
948 3591 1098 3659 dicit,
1128 3591 1232 3647 tale
1258 3601 1343 3647 est
1368 3611 1382 3646 :
1404 3592 1446 3646 si
1476 3592 1617 3662 quis,
1643 3592 1831 3663 inquit,
1855 3589 2088 3661 prophe-

491 3690 543 3734 ta
570 3681 787 3749 dixerit,
813 3697 1029 3754 possum
1055 3685 1290 3739 excitare
1318 3695 1609 3748 mortuum,
1638 3692 1729 3738 aut
1753 3681 1957 3737 mederi
1984 3697 2090 3736 eaa-

488 3790 557 3832 co
589 3791 604 3829 :
635 3774 730 3831 sed
771 3777 1139 3846 obtemperate
1173 3776 1304 3831 mihi
1329 3817 1342 3842 ,
1375 3783 1431 3830 et
1459 3775 1743 3830 adoremus
1772 3774 2046 3829 daemones
2069 3813 2084 3838 ,

496 3877 590 3922 aut
619 3867 1165 3922 immolemus—idolis.
1199 3867 1403 3923 Deinde
1433 3868 1476 3922 si
1503 3908 1518 3934 ,
1551 3869 1639 3937 qui
1672 3867 2048 3936 lueeloquitur
2070 3907 2085 3932 ,

493 3956 662 4029 possit
691 3958 895 4014 mederi
924 3974 1068 4015 caeco
1088 4002 1103 4029 ,
1133 3968 1225 4015 aut
1243 3961 1494 4015 excitare
1521 3969 1788 4014 mortuum
1815 4000 1828 4023 ,
1861 3974 1959 4014 nec
1989 3959 2089 4013 ista

492 4051 766 4120 prmstanti
795 4049 1088 4106 credideris
1105 4093 1119 4117 ,
1147 4049 1339 4122 inquit,
1373 4050 1504 4105 cur?
1529 4050 1607 4105 Eo
1631 4049 1774 4120 quod
1803 4051 1943 4104 Deus
1969 4059 2089 4105 ten-

495 4151 616 4196 tans
642 4149 716 4208 te,
749 4142 994 4211 permisit
1018 4149 1076 4197 ut
1098 4141 1187 4197 ille
1212 4141 1314 4196 hoc
1339 4141 1503 4212 possit
1531 4159 1544 4195 :
1573 4155 1678 4195 non
1705 4139 1845 4211 quod
1869 4141 1956 4196 ille
1983 4157 2092 4196 non

494 4243 682 4290 nosset
706 4243 855 4290 tuum
882 4235 1140 4303 animum,
1171 4234 1268 4292 sed
1294 4244 1352 4290 ut
1378 4235 1471 4290 tibi
1500 4234 1828 4306 probationis
1853 4236 2095 4290 occasio-

495 4343 620 4383 nem
663 4328 970 4395 exhiberet,
1001 4344 1069 4383 an
1105 4343 1233 4384 vere
1269 4327 1519 4400 diligeres
1559 4326 1746 4382 Deum.
1779 4327 1874 4382 Est
1911 4335 2090 4382 autem

497 4421 728 4475 amantis
752 4460 770 4487 ,
795 4421 957 4476 etiam
992 4421 1038 4476 si
1075 4421 1354 4476 exanimes
1382 4420 1447 4475 ad
1476 4419 1638 4475 vitam
1679 4428 1970 4484 revocent,
2001 4419 2093 4490 qui

496 4527 598 4567 nos
619 4523 884 4568 conantur
909 4513 977 4568 ab
1003 4521 1180 4568 amato
1207 4513 1528 4579 distrahere,
1553 4527 1885 4583 nequaquam
1913 4521 2092 4566 tamen

499 4604 570 4660 ab
595 4614 776 4661 amato
805 4605 1056 4662 deﬁcere.
1108 4606 1267 4674 Quod
1287 4606 1333 4661 si
1363 4605 1478 4660 haec
1504 4605 1638 4661 dixit
1663 4603 1893 4670 Judaeis,
1926 4605 2094 4659 multo

500 4697 670 4768 magis
696 4697 872 4765 nobis,
895 4713 1030 4770 quos
1051 4699 1400 4769 art-majorem
1427 4697 1818 4768 philosophiam
1845 4697 2086 4764 deduxit,

500 4789 695 4858 quibus
713 4791 1120 4846 resurrectionis
1140 4792 1334 4846 ostium
1357 4790 1586 4860 aperuit,
1609 4788 1800 4861 quibus
1826 4789 2091 4858 praecipit,

499 4899 569 4940 ne
595 4884 649 4940 in
678 4884 839 4941 rebus
869 4886 1224 4956 praesentibus
1251 4885 1504 4942 sistamus
1537 4899 1776 4941 amorem
1798 4924 1812 4950 ,
1841 4883 1936 4940 sed
1971 4898 2096 4954 spes

501 4993 693 5036 (tumes
715 4978 788 5035 ad
814 4979 976 5036 vitam
991 4978 1236 5035 futuram
1263 4976 1668 5034 transferamus.

571 5156 628 5212 6.
655 5154 774 5210 Ιοὺί
799 5157 1040 5225 patientia
1082 5158 1135 5212 in
1179 5156 1465 5228 exmplum
1496 5155 1731 5225 a/fertur.
1751 5155 1940 5212 --‘Scd
1967 5155 2096 5226 quid

502 5246 670 5302 dicis?
709 5247 910 5319 Atiligit
940 5257 994 5305 te
1036 5250 1336 5320 premitque
1373 5250 1614 5319 corporis
1643 5249 1898 5304 morbus?
1937 5249 2096 5318 Atqui

504 5337 921 5394 nondum-tanta
953 5355 1140 5410 passus
1164 5356 1244 5406 es,
1276 5349 1472 5412 quanta
1502 5341 1688 5396 beatus
1718 5339 1810 5395 ille
1836 5339 1958 5404 Job,
1991 5340 2098 5394 imo

509 5445 574 5484 ne
595 5429 868 5484 minimam
891 5429 1103 5500 quidem
1125 5441 1328 5501 partem
1353 5432 1610 5487 malorum
1639 5430 1798 5486 illius.
1823 5429 2096 5500 Siquidem

510 5531 790 5592 postquam
820 5523 979 5578 simul
1009 5524 1335 5579 interiissent
1360 5538 1548 5594 greges
1576 5531 1631 5578 et
1669 5531 1910 5578 armenta
1932 5562 1946 5586 ,
1977 5535 2098 5576 cum

514 5615 725 5669 czcteris
748 5617 994 5671 omnibus
1014 5615 1267 5686 abreptus
1286 5625 1368 5672 est
1393 5616 1682 5672 liberorum
1709 5623 1852 5670 totus
1877 5615 2096 5681 chorus,

515 5718 686 5773 eaque
700 5708 878 5762 omnia
899 5723 1004 5763 uno
1021 5708 1108 5764 die
1129 5717 1343 5778 peracta
1363 5717 1508 5774 sunt,
1531 5719 1589 5764 ut
1609 5722 1714 5763 non
1736 5707 1896 5762 modo
1916 5717 2102 5762 natura

513 5794 890 5860 calamitatum,
921 5814 1108 5854 verum
1134 5799 1294 5854 etiam
1323 5798 1649 5855 continuitas
1669 5797 1902 5867 dejicere
1924 5805 2106 5866 posset

518 5885 791 5942 athletam.
828 5888 955 5947 Post
995 5889 1111 5947 hate
1139 5890 1315 5948 omnia
1343 5891 1533 5950 vulnus
1553 5890 1872 5963 incorpore
1896 5888 2102 5959 accepit

1215 407 1270 462 S.
1312 402 1590 480 ,ΙΟᾼΝΝΙΞ
1617 399 2100 457 CHRYSOS’I'UMl
2136 396 2450 452 ARCHH‘ZP.
2491 397 3025 453 CONSTANTINOP.

3640 395 3746 451 936

2167 515 2382 578 lethale,
2416 515 2546 570 vidit
2573 531 2780 572 vermes
2811 526 2919 570 toto
2949 516 3180 587 undique
3205 529 3430 587 corpore
3457 528 3749 589 scatentes,

2169 608 2448 676 nudusque
2473 607 2611 664 sedit
2639 609 2690 662 in
2718 609 3070 678 sterquilinio,
3104 609 3370 678 publicum
3402 611 3465 666 iis
3492 614 3576 681 qui
3613 614 3753 668 ade-

2167 706 2288 752 rant
2314 699 2628 754 calamitatis
2653 699 3013 769 spectaculum
3037 740 3053 766 ,
3095 699 3185 756 ille
3207 701 3403 772 justus,
3435 703 3520 759 ille
3544 721 3714 760 verax
3735 749 3754 769 ,

2167 791 2257 846 ille
2299 791 2414 860 pius
2436 831 2452 857 ,
2486 790 2588 845 .ille
2619 790 2689 844 ab
2715 791 2857 845 omni
2887 789 3026 846 malo
3051 806 3214 862 opere
3237 793 3526 849 abstinens.
3559 795 3640 849 Ne
3670 797 3758 850 hic

2168 881 2384 952 quidem
2421 891 2535 936 erat
2575 881 2836 936 malorum
2863 882 3018 949 ﬁnis,
3060 883 3154 939 sed
3183 883 3394 940 dolores
3417 886 3755 942 addebantur
3782 907 3797 937 2

2168 974 2342 1029 diurni
2397 976 2598 1044 pariter
2650 988 2715 1029 ac
2771 975 3046 1041 nocturni;
3096 990 3347 1047 novaque
3401 979 3648 1048 quaadam
3706 990 3765 1034 et

2170 1068 2528 1138 inexspectata
2572 1066 2721 1121 illum
2761 1065 2929 1122 fames
2963 1067 3320 1138 oppugnabat.
3351 1067 3635 1136 Freturem,
3672 1072 3762 1125 in-

2162 1159 2303 1232 quit,
2316 1162 2464 1217 video
2492 1155 2664 1213 cibum
2701 1174 2874 1215 meum
2912 1157 3035 1231 (Job
3070 1158 3123 1213 6.
3150 1159 3227 1230 7),
3255 1159 3451 1230 probra
3464 1161 3762 1231 quotidia-

2161 1267 2256 1319 na,
2292 1252 2781 1319 subsannationes,
2816 1260 3141 1318 scommata,
3165 1251 3332 1308 risus.
3359 1251 3490 1308 Nam
3523 1252 3757 1318 famuli,

2171 1343 2376 1416 inquit,
2409 1345 2543 1410 mei,
2573 1354 2628 1401 et
2658 1345 3096 1401 concubinarum
3117 1360 3362 1402 mearum
3383 1345 3472 1401 lilii
3498 1347 3760 1402 insurre~

2166 1444 2367 1492 xerunt
2386 1436 2676 1492 adversum
2694 1451 2801 1500 me,
2823 1443 2877 1492 et
2892 1436 2946 1490 in
2969 1436 3764 1507 somnisterrores,cogitatio-

2167 1530 2302 1584 hum
2329 1539 2590 1600 perpetua
2617 1529 2868 1599 quaedam
2889 1527 3192 1583 ﬂuctuatio.
3223 1529 3383 1600 Atqui
3405 1545 3539 1584 uxor
3553 1531 3763 1583 consi-

2168 1623 2302 1678 lium
2325 1623 2496 1686 dedit,
2521 1629 2582 1675 ut
2608 1622 2677 1676 ah
2702 1622 2788 1676 his
2815 1621 3074 1676 omnibus
3102 1621 3261 1675 malis
3294 1622 3642 1684 liberaretur,
3677 1620 3761 1675 ita

2170 1715 2404 1785 loquens
2431 1733 2444 1769 :
2471 1713 2568 1767 Dic
2594 1713 2811 1784 aliquod
2833 1711 3043 1767 verbum
3073 1712 3324 1768 adversus
3347 1711 3660 1778 Dominum,
3696 1729 3766 1766 ac

2172 1823 2377 1861 morere
2397 1805 2508 1878 (Id.
2525 1805 2582 1860 2.
2605 1806 2683 1876 9).
2707 1805 2824 1870 Dic,
2849 1805 3047 1875 inquit,
3070 1805 3478 1875 blasphemiam,
3496 1806 3642 1859 etab
3661 1820 3768 1858 ur-

2174 1899 2432 1970 gentibus
2447 1897 2605 1952 malis
2622 1897 2952 1952 liberabere.
2969 1895 3110 1963 Quid
3127 1896 3314 1966 igitur?
3330 1893 3463 1949 Num
3482 1895 3766 1951 subvertit

2177 1998 2432 2046 sanctum
2453 1989 2604 2044 illum
2629 1989 2806 2042 virum
2824 1988 3068 2042 mulieris
3086 1985 3522 2041 consiliumﬂmo
3537 1994 3776 2039 contra-

2177 2081 2320 2138 rium
2335 2080 2482 2146 fecit,
2501 2079 2785 2151 magisque
2806 2079 2955 2133 illum
2978 2077 3380 2144 corroboravit,
3399 2078 3476 2132 sic
3502 2078 3684 2131 etiam
3707 2087 3760 2130 ut

2180 2175 2493 2244 increparet
2509 2187 2761 2228 uxorem.
2776 2171 2975 2227 Potius
2996 2171 3142 2226 enim
3166 2170 3324 2226 duxit
3344 2169 3656 2240 majoribus
3679 2169 3766 2224 af-

2185 2268 2270 2326 fici
2288 2267 2471 2324 crucia
2481 2267 2637 2338 rique
2649 2263 3353 2328 doloribus,innumerauue
3367 2260 3566 2332 perpeti
3585 2260 3769 2324 mala.

2184 2378 2344 2434 quam
2375 2360 2701 2431 blasphemia
2726 2359 2841 2414 ulla
2871 2364 3137 2411 Lautorum
3176 2353 3433 2412 malorum
3472 2350 3773 2406 relaxatio-

2185 2471 2308 2512 nem
2333 2454 2609 2524 consequi.
2643 2450 2825 2506 Itidem
2852 2459 2906 2505 et
2934 2449 3056 2515 ille,
3098 2446 3192 2518 qui
3223 2445 3434 2516 triginta
3459 2453 3576 2498 octo
3600 2443 3772 2496 annis

2185 2550 2435 2606 detentus
2461 2547 2634 2602 fuerat
2662 2548 2714 2601 in
2743 2544 3052 2601 infirmitate
3077 2555 3192 2605 sua,
3224 2538 3440 2608 singulis
3463 2535 3612 2590 annis
3641 2550 3769 2589 eur-

2187 2643 2341 2697 rehat
2364 2640 2430 2695 ad
2460 2638 2738 2710 piscinam,
2759 2645 2817 2692 et
2839 2634 3060 2705 singulis
3084 2633 3238 2688 annis
3262 2629 3633 2701 repellebatur,
3669 2641 3772 2682 nec

2187 2733 2569 2804 assequebatur
2589 2730 2867 2786 sanitatem
2893 2725 3078 2798 (Joan.
3103 2725 3190 2795 5);
3220 2721 3313 2778 sed
3340 2719 3616 2793 quotannis
3632 2734 3776 2773 con-

2187 2826 2445 2899 spiciebat
2467 2825 2601 2881 alios
2619 2824 2819 2890 sanari,
2841 2820 2984 2894 quod
3009 2819 3203 2875 multos
3223 2816 3496 2883 haberent,
3522 2830 3552 2869 a
3575 2814 3777 2884 quibus

2187 2929 2542 2986 curarentur,
2582 2933 2642 2974 se
2677 2931 2806 2973 vero
2834 2916 3144 2972 destitutum
3187 2912 3412 2966 aliorum
3451 2908 3671 2970 auxilio,
3721 2907 3776 2961 in

2189 3026 2446 3086 perpetua
2488 3027 2706 3068 manere
2746 3009 2996 3082 paralysi.
3040 3007 3148 3062 Nec
3188 3005 3266 3060 sic
3301 3002 3510 3075 quidem
3539 2999 3779 3070 confugit

2189 3109 2254 3164 ad
2281 3120 2447 3174 vates,
2472 3121 2578 3162 non
2601 3104 2732 3160 adiit
2751 3104 3128 3166 incantatores,
3147 3112 3252 3153 nou
3273 3094 3503 3166 alligavit
3519 3092 3776 3156 amuleta,

2190 3202 2286 3258 sed
2333 3198 2659 3269 exspectavit
2701 3195 2932 3252 divinam
2962 3206 3117 3262 opem
3145 3209 3158 3245 :
3183 3188 3303 3244 ideo
3345 3185 3555 3242 tandem
3601 3183 3778 3238 admi-

2190 3293 2410 3348 randam
2423 3289 2715 3361 quamdam
2737 3297 2790 3343 et
2812 3284 3100 3341 inauditam
3125 3280 3404 3336 sanitatem
3425 3275 3651 3345 adeptus
3674 3282 3775 3328 est.

2192 3386 2424 3441 Lazarus
2447 3391 2622 3436 autem
2647 3393 2768 3435 cum
2797 3377 2956 3440 fame,
2978 3390 3098 3430 cum
3123 3370 3332 3434 morbo,
3349 3382 3468 3424 cum
3491 3365 3780 3420 solitudine

2192 3493 2290 3549 per
2315 3490 2530 3531 omnem
2559 3473 2723 3527 vitam
2753 3470 3068 3525 colluctatus
3092 3473 3194 3530 est,
3218 3477 3326 3516 non
3350 3459 3558 3529 triginta
3584 3464 3636 3512 et
3659 3467 3781 3510 octo

2191 3585 2366 3626 annos
2406 3575 2610 3624 tantum
2649 3571 2892 3620 versatus
2932 3561 2986 3616 in
3025 3559 3111 3614 his
3135 3597 3152 3624 ,
3203 3555 3298 3611 sed
3341 3568 3438 3624 per
3469 3565 3628 3605 omne
3659 3550 3780 3603 vita:

2192 3673 2423 3734 tempus.
2451 3661 2540 3716 Sic
2562 3659 2721 3729 igitur
2745 3664 2801 3711 et
2826 3651 3116 3724 exspiravit
3144 3649 3196 3704 in
3221 3647 3399 3703 divitis
3418 3644 3556 3699 ostio
3569 3644 3776 3734 jacens,

2194 3730 2553 3824 contemptus,
2574 3751 2782 3814 irrisus,
2811 3745 3075 3809 esuriens,
3102 3739 3322 3796 canibus
3349 3735 3589 3804 obiectus
3610 3730 3778 3801 pabu-

2193 3851 2304 3906 lum
2333 3847 2482 3919 (Luc.
2513 3843 2624 3916 16).
2646 3842 2736 3899 Sic
2753 3840 2896 3896 enim
2915 3837 3056 3892 illius
3075 3847 3271 3903 corpus
3293 3828 3622 3919 debilitatum
3641 3832 3776 3886 erat,

2194 3953 2254 3997 ut
2302 3917 2406 3996 nec
2457 3949 2622 3994 canes
2658 3934 2938 3989 irruentes
2989 3927 3280 3994 ulceraque
3332 3920 3474 3976 illius
3523 3917 3779 3986 lingentcs

2196 4041 2380 4105 posset
2404 4030 2639 4100 abigere.
2670 4023 2823 4081 Haud
2851 4030 3032 4078 tamen
3058 4014 3334 4089 quaerebat
3365 4012 3776 4105 incantatorem,

2197 4099 2306 4182 non
2333 4121 2506 4195 petala
2531 4115 2935 4187 circumligavit,
2953 4125 3060 4167 non
3080 4114 3334 4179 expertus
3355 4111 3437 4159 est
3462 4099 3778 4172 praestigias,

2197 4235 2306 4275 non
2333 4215 2601 4272 veneﬁcos
2625 4212 2693 4268 ad
2721 4225 2780 4267 se
2809 4207 3046 4271 vocavit,
3076 4216 3177 4260 nec
3201 4198 3344 4256 aliud
3369 4196 3655 4268 quidquam
3686 4207 3780 4246 ve-

2197 4312 2412 4368 titarum
2451 4307 2646 4363 artium
2671 4301 2926 4369 tentavit,
2957 4297 3050 4355 sed
3073 4295 3221 4368 prius
3239 4289 3422 4347 habuit
3445 4287 3548 4342 illis
3575 4282 3780 4340 immoti

2198 4402 2376 4466 malis,
2404 4413 2564 4470 quam
2590 4396 2700 4452 ulla
2741 4409 2807 4449 ex
2847 4398 2998 4463 parte
3039 4388 3290 4444 deserere
3317 4381 3591 4452 pietatem.
3616 4375 3780 4470 Quam

2200 4497 2358 4567 igitur
2378 4467 2588 4550 veniam
2608 4503 2708 4545 nos
2725 4484 3150 4559 impetrabimus,
3173 4477 3284 4550 qui,
3302 4489 3422 4531 cum
3446 4473 3519 4527 illi
3543 4471 3596 4525 in
3624 4467 3779 4567 tantis

2201 4561 2357 4645 malis
2397 4584 2770 4658 perdurarint,
2817 4579 2888 4635 ob
2929 4573 3261 4639 febriculam,
3311 4577 3402 4624 aut
3453 4566 3570 4620 leve
3597 4561 3783 4617 vulnus

2201 4681 2565 4756 procurrimus
2589 4676 2656 4732 ad
2686 4687 2982 4747 synagogas
3005 4711 3019 4734 ,
3048 4665 3346 4729 veneficos,
3378 4675 3440 4716 ac
3469 4659 3782 4728 impostores

2201 4750 2254 4833 in
2283 4775 2427 4832 :edes
2453 4781 2662 4829 nostras
2701 4762 3060 4824 accersimus?
3099 4760 3214 4816 Non
3258 4754 3449 4812 audis-ti
3497 4751 3625 4824 quid
3648 4750 3785 4803 dicat

2202 4866 2512 4940 Scriptura?
2539 4863 2669 4929 Fili,
2699 4862 2742 4916 si
2767 4859 2961 4914 accedis
2983 4855 3252 4910 serviturus
3281 4847 3521 4912 Domino,
3555 4857 3786 4914 purpura

2201 4961 2426 5014 animam
2453 4968 2590 5010 luant
2619 4953 2686 5006 ad
2720 4952 3041 5006 tentationem
3063 4962 3081 4999 :
3103 4944 3265 5014 dirige
3290 4956 3375 4994 cor
3403 4948 3567 5002 tuum,
3597 4946 3643 4990 et
3668 4949 3786 5002 per-

2203 5055 2333 5106 dura
2356 5067 2375 5104 :
2397 5051 2446 5104 in
2477 5046 2651 5102 morbo
2677 5059 2738 5097 ac
2765 5049 3060 5113 paupertate
3085 5037 3138 5090 in
3180 5033 3269 5087 illo
3297 5030 3456 5101 [idem
3486 5037 3610 5081 esto.
3645 5024 3788 5078 Sicut

2202 5145 2333 5201 enim
2366 5143 2416 5196 iu
2443 5140 2548 5212 igni
2589 5136 2829 5208 probatur
2852 5147 3068 5196 aurum,
3105 5129 3178 5183 sic
3206 5126 3356 5180 homo
3383 5123 3439 5191 ﬁt
3470 5128 3706 5190 acceptus
3732 5117 3785 5168 in

2206 5239 2404 5293 camino
2448 5211 2813 5289 humiliationis
2857 5224 3042 5300 (Eccli.
3071 5221 3127 5276 ‘2.
3176 5219 3322 5287 1-5).
3363 5214 3418 5272 Si
3449 5224 3504 5269 tu
3534 5211 3786 5267 famulum

2207 5341 2354 5386 tuum
2386 5326 2564 5398 flagris
2605 5321 2865 5378 cecideris
2887 5360 2902 5383 ,
2933 5327 2986 5372 et
3013 5315 3130 5379 ille,
3166 5311 3380 5381 triginta
3408 5315 3497 5362 aut
3526 5304 3788 5374 quinqua-

2204 5423 2348 5493 ginta
2379 5396 2544 5488 plagis
2572 5413 2803 5483 acceptis
2833 5452 2848 5477 ,
2899 5409 3038 5462 illico
3065 5409 3318 5476 provocet
3350 5397 3413 5453 ad
3454 5396 3751 5493 libertatem
3780 5433 3793 5452 ,

2205 5484 2300 5570 aut
2324 5484 2539 5567 deserat
2569 5515 2729 5562 tuum
2771 5501 3101 5562 dominium,
3143 5506 3196 5552 et
3233 5493 3298 5547 ad
3337 5492 3470 5546 alios
3508 5484 3791 5558 quospiam

2208 5618 2328 5660 sese
2351 5600 2626 5665 conferat,
2660 5595 2747 5667 qui
2791 5604 2842 5648 te
2869 5591 3079 5647 oderint
3099 5629 3113 5657 ,
3141 5599 3340 5655 eosque
3365 5583 3416 5636 in
3443 5591 3495 5635 te
3519 5576 3790 5633 concitet:

2209 5702 2296 5757 die
2322 5699 2469 5764 mihi,
2503 5711 2630 5752 num
2658 5694 2703 5748 is
2730 5694 2826 5748 abs
2855 5700 2906 5745 te
2929 5686 3133 5742 veniam
3161 5682 3541 5751 impetraturus
3563 5672 3677 5728 sit?
3706 5670 3794 5722 An

2210 5791 2490 5862 quisquam
2515 5801 2611 5856 pro
2633 5783 2725 5838 illo
2746 5779 2942 5852 poterit
2960 5791 3080 5834 esse
3105 5767 3396 5843 patronus?
3425 5764 3789 5862 Dequaqttam.

2214 5852 2697 5941 (aurita-tandem?
2738 5871 3002 5944 Quoniam
3047 5864 3279 5924 ofﬁcium
3318 5868 3400 5918 est
3435 5855 3567 5924 heri,
3599 5852 3788 5927 punire
