3958 6368
275 321 387 378 535

273 433 402 509 ροῦ,
430 433 528 508 τὴν
578 435 686 491 ἀπὸ
730 437 826 492 τοῦ
877 434 1045 511 ῑεροῦ,
1073 438 1179 510 τήν
1209 438 1322 496 ἀπὸ
1362 438 1462 512 τῆς
1509 443 1870 516 προρρήσεως

270 521 395 576 τῶν
440 520 736 593 προφητῶν
781 522 1176 596 ἐλεγχομένην·
1225 524 1398 592 δεῖξον
1448 525 1566 590 πῶς
1611 528 1732 598 είκῆ
1782 528 1875 582 καὶ

276 605 462 675 μάτην
490 605 707 659 ἅπαντα
737 607 1061 678 πράττουσι,
1095 606 1191 663 καὶ
1218 607 1471 662 οὐδέποτε
1503 609 1596 663 ἐπὶ
1623 610 1723 680 τὴν
1750 628 1876 683 προ-

270 688 446 757 τέραν
470 688 798 760 ἐπανήξουσι
828 690 1128 756 πολιτείαν,
1164 692 1259 746 καὶ
1287 691 1370 745 ὅτι
1403 692 1464 745 οὐ
1498 691 1655 764 θέμις
1691 695 1876 758 αὐτοῖς

273 770 390 838 ἔξω
413 771 521 825 τῶν
555 773 941 846 Ἰεροσολύμων
962 774 1111 830 οὐδὲν
1130 787 1158 816 ιι
1185 773 1427 829 τοιοῦτον
1455 776 1746 832 ἐπιτελεῖν.
1766 778 1876 831 Καὶ

274 855 423 927 πρὸς
467 855 679 921 τούτοις
726 858 1039 932 ἀνάμνησον
1094 859 1197 932 τῆς
1246 859 1494 931 γεέννης,
1520 859 1614 914 τοῦ
1642 859 1874 933 φοϐεροῦ

277 939 529 1010 βήματος
563 940 657 994 τοῦ
701 940 931 1013 Κυρίου,
960 941 1069 996 τῶν
1114 941 1356 997 εὐθυνῶν
1384 942 1494 1007 τῶν
1538 944 1658 999 ἐκεῖ
1678 943 1727 1011 δ,
1780 946 1875 999 καὶ

272 1023 368 1077 ὅτι
394 1022 598 1078 τούτων
627 1023 882 1079 ἁπάντων
920 1025 1164 1098 δώσομεν
1196 1024 1374 1096 λόγον,
1400 1025 1497 1081 καὶ
1531 1028 1770 1100 τιμωρία
1794 1045 1876 1093 τις

271 1107 353 1160 οὐ
380 1106 554 1178 μικρά
579 1108 755 1161 κεῖται
781 1110 898 1172 τοῖς
930 1108 1002 1164 τὰ
1034 1109 1261 1165 τοιαῦτα
1292 1110 1596 1183 τολμῶσιν·
1627 1112 1874 1184 ἀνάμνη-

279 1205 381 1242 σον
428 1189 524 1242 καϊ
570 1190 785 1246 Παύλου
830 1191 1085 1261 λέγοντος
1109 1206 1122 1220 ⁸
1171 1194 1403 1261 Οἵτινες
1450 1194 1521 1249 ἐν
1571 1195 1735 1265 νόμῳ
1790 1196 1878 1251 δι-

277 1271 599 1338 καιοῦσθε,
627 1273 737 1342 τῆς
760 1273 1003 1343 χάριτος
1029 1276 1350 1341 ἐξεπέσετε
1366 1295 1381 1310 ο
1416 1278 1512 1333 καὶ
1539 1278 1701 1333 πάλιν
1722 1279 1880 1334 ἀπει-

275 1354 537 1419 λοῦντος⁶
589 1355 710 1412 Ὅτι
751 1357 862 1413 ἐὰν
904 1357 1339 1428 περιτέμνησθε
1361 1401 1377 1427 ,
1427 1361 1687 1430 Χριστὸς,
1722 1361 1879 1433 ὑμᾶς

278 1437 476 1492 οὐδὲν
510 1439 835 1508 ὠφελήσει.
864 1442 973 1495 Καὶ
1018 1443 1140 1496 είπὲ
1182 1445 1265 1498 ὅτι
1305 1443 1559 1516 καθάπερ
1583 1447 1878 1517 περιτομῆς

279 1519 437 1575 οὕτω
473 1522 575 1575 καῖ
609 1525 833 1594 νηστεία
870 1525 1137 1598 ’ῐουδαῖκὴ
1180 1526 1290 1581 τῶν
1330 1527 1577 1599 οὐρανῶν
1629 1528 1879 1583 ἐκϐάλλει

279 1605 386 1659 τὸν
411 1606 761 1679 νηστεύοντα,
789 1607 894 1663 κᾶν
923 1609 1094 1681 μυρία
1125 1609 1290 1682 ἕτερα
1314 1606 1718 1684 κατορθώματα
1741 1612 1841 1684 ἐχῃ
1860 1629 1876 1643 ⁸

283 1689 418 1745 εἰπὲ
460 1691 543 1745 ὅτι
598 1692 919 1764 Χριστιανοὶ
961 1692 1050 1748 διά
1089 1694 1248 1748 τοῦτο
1290 1694 1385 1749 καὶ
1428 1695 1745 1767 καλούμεθα
1788 1698 1883 1750 καὶ

285 1774 484 1844 ἐσμὲν,
515 1775 602 1830 ἵνα
622 1775 699 1847 τῷ
727 1776 948 1849 Χριστῷ
981 1777 1322 1851 πειθώμεθα,
1349 1780 1448 1852 οὐχ
1477 1780 1565 1835 ἵνα
1592 1781 1729 1853 πρὸς
1755 1781 1883 1846 τοὺς

284 1858 525 1931 ἐχθροὺς
553 1861 795 1925 ἐκείνους
838 1861 1253 1935 τρέχωμεν.““Αν
1299 1864 1359 1918 δέ
1408 1882 1562 1930 τινας
1585 1865 1883 1936 θεραπείας

287 1943 667 2015 προτείνηται,
700 1945 796 1999 καὶ
825 1946 962 2019 λέγῃ
982 1946 1121 2021 πρὸς
1147 1948 1227 2015 σέ,
1254 1947 1766 2021 ὄτιὝπισχνοῦνται
1793 1949 1884 2003 θε-

174 2049 179 2051 ‘
292 2029 580 2100 ραπεύειν,
614 2029 709 2084 καὶ
738 2028 828 2083 διὰ
861 2029 1020 2086 τοῦτο
1048 2032 1190 2104 πρὸς
1215 2032 1413 2099 αὐτοὺς
1437 2035 1637 2107 τρέχω,
1675 2035 1884 2091 ἀνακά-

273 2112 466 2184 λυψον
493 2112 673 2168 αὐτῶν
707 2113 806 2179 τὰς
836 2117 1197 2187 μαγγανείας,
1230 2117 1331 2182 τὰς
1363 2119 1597 2191 ἐπῳδὰς,
1632 2120 1702 2174 τὰ
1727 2138 1885 2192 περι-

291 2198 553 2268 άμματα,
591 2198 690 2275 τὰς
719 2201 1093 2272 φαρμακείας.
1121 2202 1256 2257 Οὐδέ
1274 2202 1384 2275 γὰρ
1406 2202 1551 2275 ἄλλῳ
1573 2204 1680 2258 τινὶ
1698 2205 1888 2275 τρόπῳ

289 2279 521 2335 δοκοῦσι
554 2271 901 2355 θέραπεύειν,
926 2285 1045 2338 ούδέ
1068 2285 1177 2356 γάρ
1205 2271 1574 2360 θεραπεύουσι
1598 2271 1889 2360 κατὰ-ἀλή-

291 2365 477 2429 θειαν,
504 2364 578 2436 μὴ
608 2365 848 2433 γένοιτοῐ
890 2367 1032 2436 Ἐγὼ
1052 2368 1107 2422 δέ
1133 2356 1437 2441 ὑπερϐολὴν
1460 2356 1722 2443 ποιοῦμαι
1759 2356 1890 2426 πολ-

292 2447 424 2518 λὴν,
455 2449 546 2501 καὶ
570 2448 748 2502 ἐκεῖνο
779 2449 945 2520 λέγω,
990 2452 1072 2505 ὅτι
1100 2454 1150 2506 εἰ
1186 2455 1287 2507 καὶ
1324 2452 1719 2525 θεραπεύουσιν
1751 2454 1889 2526 ἁλη-

294 2531 444 2596 οώς,
497 2531 702 2601 βέλτιον
745 2534 1064 2602 ἀποθανεῖν,
1190 2539 1305 2601 τοῖς
1351 2536 1567 2609 ἐχθροῖς
1608 2537 1703 2591 τοῦ
1751 2537 1886 2592 Θεοῦ

294 2614 695 2686 προσδραμεῖν,
731 2616 826 2670 καὶ
870 2616 1058 2671 τοῦτον
1106 2618 1514 2690 θεραπευθῆναι
1546 2621 1635 2673 τὸν
1663 2621 1885 2693 τρόπον.

294 2697 371 2750 Τί
398 2696 506 2769 γάρ
534 2697 744 2768 ὄφελος,
770 2699 931 2771 σῶμα
962 2699 1365 2772 θεραπεύεσθαι
1397 2703 1498 2774 τῆς
1529 2703 1708 2773 ψυχῆς
1730 2702 1890 2757 ἁπολο

295 2782 574 2853 λυμένης;
607 2782 660 2835 τί
691 2783 749 2836 δέ
776 2782 987 2854 κέρδος,
1020 2785 1259 2839 ἐνταῦθά
1288 2803 1433 2850 τινος
1463 2788 1751 2858 τυγχάνειν
1783 2804 1890 2841 πα-

298 2866 598 2937 ραμυθίας,
635 2865 928 2937 μέλλοντας
979 2869 1061 2932 είς
1108 2868 1171 2922 τὸ
1225 2869 1492 2924 ἀθάνατον
1526 2871 1891 2946 παραπέμπει

296 2949 435 3003 σθαι
483 2950 625 3022 πῦρ;
659 2950 780 3004 Ἵνα
824 2950 934 3023 γὰρ
981 2952 1055 3024 μὴ
1104 2951 1304 3021 λέγωσι
1344 2953 1538 3021 ταῦτα,
1575 2954 1807 3008 ἄκουσον
1839 2955 1891 3008 τί

297 3052 473 3105 φησιν
506 3036 534 3088 0
569 3034 734 3098 θεόςο
778 3035 915 3089 Ἐὰν
959 3036 1201 3105 ἀναστῇ
1245 3038 1556 3107 προφήτης
1596 3039 1666 3093 ἐν
1697 3039 1820 3106 σοὶ,
1850 3039 1889 3107 ἢ

294 3114 806 3187 ἐνυπνιαζόμενος
850 3117 1169 3184 ἐνύπνιον,
1206 3120 1304 3174 καὶ
1348 3119 1432 3187 δῷ
1484 3121 1738 3189 σημεῖον
1790 3121 1891 3176 καί

294 3200 517 3268 τέρας,
581 3200 680 3254 καὶ
743 3201 894 3270 ἔλθῃ
957 3201 1025 3256 τὸ
1085 3202 1347 3272 σημεῖον
1393 3204 1505 3257 καὶ.
1550 3204 1619 3259 τὸ
1682 3205 1891 3274 τέρας,

298 3284 341 3338 ὃ
412 3283 715 3352 ἑλάλησε,
785 3286 881 3340 καὶ
946 3287 1120 3356 εῖπῃο
1190 3288 1578 3358 Πορευθῶμεν
1627 3288 1729 3343 καὶ
1785 3292 1894 3343 λα-

299 3370 653 3438 τρεύσωμεν
700 3369 857 3436 θεοῖς
905 3369 1164 3438 ἑτέροις,
1219 3374 1341 3425 οὐκ
1389 3373 1730 3427 ἀκούσεσθε
1791 3373 1896 3426 τοῦ

302 3450 620 3520 προφήτου
666 3451 901 3506 ἐκείνου
927 3495 943 3517 ,
974 3454 1062 3507 ὅτι
1106 3454 1357 3523 πειράζει
1402 3456 1619 3522 Κύριος
1668 3455 1703 3508 ό
1751 3455 1897 3519 Θεὸς

304 3534 488 3603 ὑμᾶς,
515 3536 567 3589 εἰ
594 3534 861 3603 ἀγαπᾶτε
884 3537 1104 3604 Κύριον
1132 3538 1240 3591 τὸν
1274 3538 1424 3593 Θεὸν
1454 3537 1618 3608 ὑμῶν
1645 3538 1715 3602 ἐξ
1746 3538 1897 3606 ὅλης

302 3616 427 3686 τῆς
454 3617 701 3685 καρδίας
727 3617 914 3687 ὑμῶν,
939 3619 1037 3671 καὶ
1069 3619 1138 3684 ἐξ
1164 3619 1314 3688 ὅλης
1343 3619 1455 3689 τῆς
1478 3620 1687 3690 ψυχῆς
1708 3619 1895 3690 ὐμεῶν.

240 3717 253 3723 ·
313 3704 386 3753 ’Ὀ
410 3700 467 3753 δὲ
490 3700 658 3770 λέγει,
686 3699 924 3756 τοιοῦτόν
950 3704 1098 3755 ἐστιν
1117 3720 1131 3733 ·
1174 3705 1298 3758 Ἐάν
1328 3704 1459 3777 εἴπῃ
1484 3722 1567 3768 τις
1590 3707 1898 3776 προφήτης,

309 3784 503 3853 φησιν,
538 3785 620 3837 ὃτι
662 3784 907 3856 Δύναμαι
951 3786 1145 3857 νεκρὸν
1179 3790 1412 3859 ἐγεῖραι,
1444 3788 1478 3858 ἢ
1506 3788 1705 3857 τυφλὸν
1736 3787 1902 3861 θερα-

315 3866 539 3935 πεῦσαι,
569 3868 705 3922 ἀλλὰ
737 3869 999 3939 πεισθῆτέ
1032 3888 1144 3941 μοι,
1181 3872 1275 3925 καὶ
1299 3871 1771 3941 προσκυνήσωμεν
1791 3873 1907 3935 τοῖς

310 3952 586 4022 δαίμοσιν,
619 3952 651 4024 ἢ
687 3952 1239 4026 εἱδωλολατρήσωμεν
1258 3970 1271 3983 ·
1309 3951 1428 4009 εἶτα
1451 3956 1479 4007 0
1505 3954 1677 4009 ταῦτα
1708 3955 1905 4025 λέγων,

311 4036 519 4107 δυνηθῇ
557 4037 894 4105 θεραπεῦσαι
946 4038 1039 4091 τὸν
1087 4039 1305 4107 τυφλὸν,
1336 4039 1369 4110 ἢ
1403 4039 1494 4093 τὸν
1524 4040 1717 4111 νεκρὸν
1764 4043 1910 4109 ἐγεῖ-

319 4137 436 4191 ραι,
465 4121 597 4190 μηδὲ
620 4119 763 4176 οὓτω
788 4120 1038 4193 πεισθῇς,
1065 4122 1233 4192 φησί’
1261 4122 1348 4176 διὰ
1367 4122 1420 4175 τί
1443 4139 1456 4187 ;
1486 4123 1613 4176 Ὅτι
1631 4123 1910 4194 πειράζων

319 4221 383 4257 σε
412 4205 441 4255 0
472 4203 623 4267 Θεῆς,
659 4203 1033 4276 συνεχώρησεν
1061 4206 1254 4274 ἐκείνῳ
1281 4204 1577 4274 δυνηθῆναι
1602 4205 1778 4269 τοῦτο,
1808 4207 1910 4258 οὐκ

317 4286 510 4359 ἐπειδὴ
544 4287 704 4351 αὐτὸς
729 4288 913 4358 ήγνόει
940 4303 1032 4340 σου
1060 4287 1156 4357 τὴν
1182 4286 1428 4358 γνώμην,
1462 4287 1577 4339 ἀλλ’
1604 4288 1689 4340 ἵνα
1720 4305 1803 4340 σοι
1827 4288 1913 4340 δο-

320 4370 495 4441 κιμὴν
529 4371 784 4443 παράσχῃ
827 4373 875 4425 εἰ
921 4371 1095 4441 φιλεῖς
1127 4370 1222 4425 τὸν
1246 4369 1377 4424 Θεὸν
1403 4370 1592 4434 ὅντως.
1627 4369 1915 4435 Φιλοῦντος

316 4456 379 4509 δέ
413 4458 550 4514 ἐστι.
585 4455 646 4508 τὸ
693 4457 798 4510 κᾶν
838 4457 1067 4527 νεκροὺς
1096 4455 1410 4526 παρέχωσιν
1440 4455 1832 4526 ἀνισταμένους
1862 4457 1915 4508 οἱ

324 4539 718 4605 σπουδάζοντες
749 4541 897 4610 ἡμᾶς
925 4539 1231 4609 άφελκύσαι
1273 4537 1368 4592 τοῦ
1411 4538 1755 4609 φιλουμένου,
1792 4538 1919 4611 μηδ’

319 4620 501 4684 οὕτως
553 4621 909 4690 ἀφίστασθαι.
968 4624 1030 4676 Ei
1082 4622 1140 4676 δέ
1181 4622 1456 4685 Ἰουδαίοις
1509 4621 1683 4675 ταῦτα
1738 4620 1923 4691 ἔλεγε,

323 4703 511 4774 πολλῷ
542 4704 742 4775 μᾶλλον
770 4707 923 4777 ήμῖν,
954 4705 1049 4771 οὓς
1074 4706 1168 4760 ἐπὶ
1191 4705 1412 4777 μείζονα
1443 4703 1762 4774 φιλοσοφίαν
1789 4706 1920 4776 ῆγα-

322 4805 449 4854 γεν,
477 4783 558 4857 οἷς
580 4787 681 4859 τὴν
718 4789 846 4860 περὶ
879 4789 978 4859 τῆς
1020 4788 1371 4852 ἀναστάσεως
1397 4788 1579 4859 ήνοιξε
1606 4787 1798 4860 θύραν,
1837 4782 1917 4851 οἷς

325 4870 564 4936 κελεύει,
601 4872 677 4942 μὴ
704 4875 814 4936 τοῖς
848 4871 1114 4943 παροῦσιν
1144 4872 1562 4943 ἐμφιλοχωρείν,
1596 4870 1750 4943 [682]
1783 4870 1921 4924 ἀλλὰ

324 4956 431 5018 τὰς
467 4954 689 5018 ἐλπίδας
728 4954 945 5019 ἁπάσας
983 4953 1121 5026 πρὸς
1141 4955 1238 5025 τὴν
1264 4955 1562 5025 μέλλουσαν
1587 4954 1733 5026 ζωὴν
1752 4953 1917 5025 ἔχειν.

406 5044 482 5102 ς’.
520 5037 679 5091 Ἀλλά
704 5038 758 5091 τί
782 5037 962 5106 λέγεις
982 5056 997 5105 ;
1015 5039 1096 5091 ὅτι
1113 5038 1286 5091 θλίϐει
1305 5055 1364 5092 σε
1382 5039 1477 5092 καὶ
1503 5038 1676 5102 πιέζει
1695 5038 1789 5092 τοῦ
1812 5037 1920 5091 σώ-

335 5138 507 5192 ματος
533 5123 567 5192 ή
594 5121 785 5185 νόσος;
827 5121 968 5174 Ἀλλ’
994 5120 1148 5175 οὔπω
1172 5121 1410 5176 τοσαῦτα
1446 5122 1740 5189 πέπονθας,
1770 5123 1870 5176 ὅσα
1893 5123 1929 5176 0

334 5204 609 5278 μακάριος
646 5204 790 5271 Ἰὼϐ,
821 5203 1021 5276 μᾶλλον
1064 5205 1120 5258 δέ
1162 5205 1287 5258 οὐδέ
1328 5205 1388 5259 τὸ
1429 5206 1717 5261 πολλοστὸν
1759 5208 1924 5279 μέρος

332 5289 611 5344 ἐκείνουο.
648 5288 804 5342 Μετὰ
852 5288 961 5360 γὰρ
1003 5289 1104 5359 τὴν
1149 5288 1352 5359 ἀθρόαν
1382 5289 1489 5342 τῶν
1522 5289 1789 5360 ποιμνίων
1829 5290 1925 5344 καὶ

333 5372 447 5427 τῶν
483 5372 774 5442 βουκολίων
821 5373 918 5426 καὶ
952 5371 1061 5425 τῶν
1089 5370 1267 5426 ἄλλων
1320 5372 1576 5426 ἁπάντων
1622 5371 1922 5438 ἀπώλειαν,

337 5456 599 5528 ἡρπάσθη
651 5456 743 5510 καὶ
798 5456 905 5511 τῶν
954 5455 1158 5509 παίδων
1206 5454 1498 5526 ὁλόκληρος
1542 5456 1570 5507 ὁ
1606 5455 1799 5526 χορόςο
1829 5459 1923 5511 καὶ

338 5542 523 5594 πάντα
545 5541 602 5592 ἐν
629 5540 812 5611 ἡμέρᾳ
836 5540 935 5610 μιᾷ
956 5539 1193 5608 ἐγένετο,
1215 5539 1301 5591 ἵνα
1327 5538 1401 5609 μὴ
1423 5541 1454 5609 ἡ
1486 5540 1647 5607 φύσις
1676 5539 1788 5592 τῶν
1808 5556 1928 5593 πειο

343 5624 574 5696 ρασμῶν
620 5624 796 5693 μόνον,
833 5622 971 5677 άλλά
1009 5622 1103 5676 καὶ
1141 5622 1175 5692 ἡ
1217 5621 1470 5690 συνέχεια
1514 5620 1796 5693 καταϐάλῃ
1837 5623 1926 5676 τὸν

340 5706 606 5776 ἀθλητήν.
633 5704 767 5759 Μετ’
797 5705 980 5757 ἐκεῖνα
1000 5704 1175 5758 πάντα
1197 5706 1415 5774 καιρίαν
1440 5705 1494 5755 ἐν
1516 5703 1592 5773 τῷ
1614 5704 1824 5773 σώματι
1844 5706 1930 5759 δε-

418 5789 435 5810 "
450 5812 458 5829 ‹
473 5792 570 5832 κιο
602 5798 716 5833 mss.
740 5783 897 5842 αὐτοῖς
914 5786 1013 5831 ’τῶν
1054 5783 1396 5846 Ἱεροσολύμων
1420 5785 1561 5847 χωρὶς
1585 5784 1734 5833 οὐδέν.

408 5854 440 5888 ὶ*
460 5847 545 5894 ἒῒιιι
560 5849 608 5894 il.
636 5847 766 5895 addit
782 5849 875 5891 τῶν
898 5847 1157 5894 κολάσεων.

409 5914 427 5934 "
450 5907 667 5955 Ἰίκείνων
694 5912 837 5961 εειγίι.

1451 319 1830 380 ADVERSUS
1869 319 1947 378 J‘U
1957 319 2181 381 DEOS.
2226 325 2365 383 VIIII

3451 333 3579 391 πθ

1950 452 1953 457 ’
1981 443 2215 517 ξάμενος
2232 446 2331 519 τὴν
2347 446 2584 520 πληγὴν,
2604 450 2889 523 σκώληκας
2912 449 3059 522 ἐώρα
3076 448 3341 505 πάντοθεν
3365 449 3560 524 βρύον-

1977 547 2078 595 τας
2108 530 2217 585 ἀπὸ
2252 530 2347 585 τοῦ
2383 531 2654 604 σώματος,
2689 536 2784 589 καὶ
2808 535 3013 606 γυμνὸς
3042 534 3135 587 ἐπὶ
3162 534 3262 605 τῆς
3284 535 3562 607 κοπρίαςά
3596 552 3598 555 ·

1952 613 2234 687 ἐκάθητο,
2250 615 2425 669 κοινὸν
2446 619 2556 681 τοῖς
2587 617 2824 689 παροῦσι
2848 618 3134 689 συμφορᾶς
3162 616 3412 691 θέατρον,
3432 620 3461 672 0
3483 617 3573 671 611—-

1978 713 2153 764 καιος,
2203 700 2233 752 0
2264 698 2539 771 ἀληθινὸς,
2586 703 2616 755 0
2650 701 2930 773 θεοσεϐὴς,
2988 704 3016 755 0
3061 702 3403 773 ἀπεχόμενος
3453 702 3564 756 ἀπὸ

1978 782 2179 848 παντὸς
2214 783 2453 856 πονηροῦ
2484 785 2826 857 πράγματος.
2865 784 3125 839 Καὶόύδέ
3161 786 3325 858 μέχρι
3356 785 3564 840 τούτων

1977 865 2110 937 ἐστη
2142 865 2213 921 τὰ
2245 866 2430 921 δεινάο
2477 868 2593 923 ἀλλ’
2627 869 2810 924 ὀδύναι
2847 869 3213 942 μεθημεριναὶ
3245 871 3339 925 καὶ
3369 887 3564 924 νυκτε-

1981 952 2147 1024 ριναὶ,
2172 948 2286 1007 καὶ
2339 952 2494 1023 λιμός
2544 972 2631 1015 τις
2682 954 2844 1009 αὐτὸν
2898 954 3207 1027 ἐπολιόρκει
3267 955 3419 1023 ξένος
3468 958 3565 1010 καὶ

1977 1036 2302 1110 παράδοξος.
2340 1035 2590 1107 Βρῶμον
2614 1038 2745 1111 γάρ,
2783 1038 2967 1109 φησὶν,
3003 1039 3228 1108 ὀρῶτά
3254 1039 3395 1094 σῖτά
3417 1057 3563 1108 μου,

1976 1120 2154 1191 ὀνείδη
2193 1114 2559 1192 καθημερινὰ,
2613 1121 2921 1192 χλευασίαι,
2974 1121 3309 1193 σκώμματα,
3365 1123 3561 1191 γέλως.

1978 1206 2059 1260 Οῑ-
2083 1204 2293 1260 οἰκέται
2323 1204 2434 1276 γάρ
2467 1221 2593 1275 μου,
2628 1207 2783 1277 φησὶ,
2814 1206 2909 1259 καὶ
2938 1207 2989 1259 οί
3021 1207 3128 1260 υἱοὶ
3160 1205 3268 1260 τῶν
3299 1205 3566 1260 παλλακί-

1956 1289 2093 1343 -δων-
2111 1305 2213 1360 μου
2248 1286 2626 1359 ἐπανέστησάν
2658 1304 2768 1359 μοι,
2813 1290 2874 1342 ἐν
2906 1290 3177 1352 ἐνυπνίοις
3211 1289 3387 1359 φόϐοι,
3425 1288 3563 1359 ζάλη

1976 1390 2062 1438 τις
2099 1371 2377 1443 λογισμῶν
2388 1372 2677 1443 εδιηνεκής.
2727 1370 2866 1425 Ἀλλ’
2893 1373 3043 1443 ὅμως
3073 1373 3279 1427 τούτων
3309 1373 3565 1427 ἁπάντων

1978 1456 2302 1529 ἀπαλλαγὴν
2332 1454 2707 1526 ἐπηγγέλλετο
2735 1457 2768 1526 ή
2800 1457 2962 1529 γυνὴ·
2982 1456 3217 1522 λέγουσα
3238 1456 3431 1521 οὕτως,
3466 1453 3565 1511 Εἷ-

1980 1540 2098 1595 πόν
2129 1558 2186 1595 τι
2205 1539 2375 1610 ρῆμα
2405 1538 2556 1608 πρὸς
2585 1538 2694 1595 τὸν
2721 1540 2959 1609 Κύριον,
2993 1537 3566 1594 καίτελεύταλιὶασ-

1979 1628 2255 1701 φήμησον,
2327 1623 2485 1694 φησὶ,
2527 1623 2622 1676 καὶ
2657 1623 3019 1695 ἀπαλλαγησῃ
3058 1622 3167 1676 τῶν
3203 1622 3567 1692 ἐπικειμένων

1982 1707 2181 1761 πόνων.
2206 1708 2273 1760 Τί
2292 1701 2387 1761 οῦν
2410 1723 2425 1772 ;
2453 1705 2764 1779 παρέτρεψε
2788 1706 2879 1760 τὸν
2901 1706 3056 1775 ἆγιον
3082 1708 3289 1761 ἐκεῖνον
3317 1719 3341 1746 ο
3371 1710 3402 1778 ή
3434 1724 3495 1758 συ
3504 1724 3569 1778 μέ

1982 1790 2148 1861 ϐουλή
2170 1808 2186 1857 ;
2211 1790 2533 1844 Τούναντίον
2565 1789 2664 1862 μὲν
2689 1785 2784 1844 οὖν
2815 1790 2911 1843 καὶ
2941 1790 3186 1860 ἐποίησε,
3209 1790 3303 1843 καὶ
3323 1789 3569 1860 ἐπέρρω-

1986 1892 2048 1928 σε
2100 1872 2362 1945 μειζόνως
2401 1873 2582 1940 αύτὸν,
2625 1873 2703 1936 ώς
2737 1873 2833 1927 καὶ
2864 1872 3187 1943 ἐπιτιμῆσαι
3223 1874 3291 1944 τῇ
3328 1871 3568 1941 γυναικίε

1994 1959 2212 2031 ᾛρεϊτο
2252 1956 2363 2029 γὰρ
2396 1957 2596 2028 μᾶλλον
2635 1956 2924 2010 ὀδυνᾶσθαι
2967 1955 3064 2010 καὶ
3104 1955 3571 2026 ταλαιπωρεῖσθαι

1985 2043 2082 2097 καὶ
2121 2041 2292 2113 μυρία
2339 2040 2571 2111 πάσχειν
2605 2039 2775 2106 δεινά,
2825 2040 2858 2111 ἢ
2905 2040 3044 2111 μετά
3079 2040 3427 2111 βλασφημίας
3467 2041 3573 2094 άπ-

1985 2125 2227 2197 αλλαγήν
2257 2142 2379 2179 τινα
2415 2124 2526 2178 τῶν
2557 2123 2828 2178 τοσούτων
2870 2124 3129 2195 εὑρέσθαι
3169 2124 3375 2177 κακῶν.
3416 2123 3574 2177 Οὕτω

1987 2212 2083 2266 καὶ
2116 2211 2144 2263 0
2171 2206 2609 2283 τριακονταοκτῶ
2638 2208 2737 2278 ἔτη·
2761 2207 2901 2277 ἔχων
2927 2209 2988 2260 ἐν
3019 2210 3084 2279 τῇ
3118 2207 3371 2278 ἀσθενείᾳ
3408 2206 3574 2261 αὐτοῦ

1987 2294 2109 2349 καθ’
2138 2293 2369 2347 ἕκαστον
2401 2291 2646 2346 ἐνιαυτὸν
2669 2290 2890 2363 ἔτρεχεν
2921 2290 3013 2343 ἐπὶ
3036 2291 3134 2362 τὴν
3164 2290 3575 2363 κολυμϐήθραν,

1988 2377 2082 2433 καὶ
2130 2376 2253 2430 καθ’
2301 2375 2530 2429 ἕκαστον
2575 2373 2914 2445 ἐξεκρούετο,
2973 2373 3087 2427 καῖ’
3124 2373 3422 2445 θεραπείας
3474 2375 3577 2429 οὐκ

1987 2459 2284 2530 ἐτύγχανεν
2310 2457 2331 2497 ί
2368 2457 2539 2511 ·-άλλ’
2580 2456 2945 2528 ἐτέρους-μὲν
2997 2456 3144 2528 ἐώρα
3192 2456 3315 2509 καθ’
3344 2456 3578 2510 ἕκαστον

1988 2542 2234 2598 ἐνιαυτόν
2272 2541 2787 2611 ἀπαλλαττομένους
2807 2539 2897 2593 διὰ
2922 2540 2985 2593 τὸ
3013 2539 3242 2604 πολλοὺς
3274 2539 3418 2610 ἐχειν
3449 2544 3579 2604 τοὺς

1990 2626 2411 2698 θεραπεύοντας,
2442 2625 2703 2679 αὑτόν-»τε
2746 2622 2836 2678 διὰ
2871 2623 2970 2695 τὴν
3016 2623 3251 2694 ἐρημίαν
3289 2623 3398 2675 τῶν
3439 2639 3577 2693 προδ

1990 2709 2341 2782 στησομένων
2381 2709 2440 2761 ἐν
2475 2709 2713 2779 διηνεκεῖ
2757 2710 2989 2780 μένοντα
3026 2708 3276 2778 παρέσει.
3312 2707 3423 2760 Καὶ¹
3456 2706 3579 2760 ούδέ

1989 2793 2161 2857 οὕτως
2214 2793 2449 2864 ἔδραμεν
2499 2792 2609 2846 ἐπὶ*
2634 2792 2878 2863 μάντεις,
2912 2791 3014 2844 οὐκ
3043 2786 3175 2861 ἦλθε
3223 2790 3360 2862 πρὸς
3392 2791 3580 2843 ἐπαοι-

1988 2875 2133 2940 δοὺς,
2164 2876 2265 2930 ούκ
2298 2876 2530 2946 ἐπέδησε
2562 2875 2859 2945 περίαπτα,
2897 2874 3012 2929 ἀλλ’
3044 2874 3274 2945 ἀνέμενε
3305 2873 3404 2944 τὴν
3429 2873 3582 2944 παρά

1988 2959 2085 3012 τοῦ
2134 2959 2270 3012 Θεοῦ
2316 2958 2586 3029 βοήθειαν·
2634 2958 2722 3011 διὰ
2768 2957 2926 3011 τοῦτο
2976 2958 3114 3029 πρὸς
3154 2956 3233 3027 τῷ
3269 2956 3411 3010 τέλει
3453 2957 3583 3013 θαυ-

1995 3041 2209 3114 μαστῆς
2230 3058 2375 3104 τινος
2407 3041 2505 3095 καὶ
2534 3040 2838 3112 παραδόξου
2870 3040 3168 3110 θεραπείας
3192 3039 3400 3110 ἔτυχεν.
3438 3040 3498 3092 '0
3521 3039 3580 3092 δὲ

1991 3126 2242 3197 Λάζαρος
2261 3125 2406 3197 λιμῷ
2427 3125 2523 3178 και
2554 3125 2695 3194 νόσῳ
2726 3125 2819 3177 καὶ
2845 3124 3050 3194 ἐρημίᾳ
3071 3123 3248 3176 πάντα
3276 3123 3365 3177 τὸν
3389 3122 3587 3194 χρόνον
3626 3168 3627 3171 η

1992 3209 2308 3274 ἐπάλαισεν,
2339 3209 2399 3261 οὐ
2430 3204 2869 3278 τριακονταοκτὼ
2897 3205 2993 3276 ἐτη
3030 3205 3169 3276 ἔχων
3220 3206 3401 3276 μόνον,
3443 3204 3582 3261 ἀλλά

1993 3292 2321 3364 πᾶσαν-τὴν
2350 3291 2532 3363 ζωήν·
2561 3290 2703 3344 οὕτω
2744 3289 2879 3357 γοῦν
2927 3289 3024 3342 καὶ
3055 3287 3376 3352 ἐξέπνευσεν
3413 3291 3472 3343 ἐν
3508 3282 3587 3354 τῷ
3620 3312 3623 3315 ν

1996 3375 2204 3430 πυλῶνι
2268 3375 2521 3446 κείμενος
2568 3372 2677 3427 τοῦ·
2717 3372 2998 3436 πλουσίου,
3054 3373 3615 3444 καταφρονούμενος,,

1997 3460 2412 3531 χλευαζόμενος,
2453 3456 2758 3527 λιμώττων,
2797 3459 2909 3519 τοῖς
2945 3455 3073 3509 κυσὶ
3112 3456 3249 3527 βορά
3293 3455 3590 3528 προκείμε-

1998 3561 2108 3608 νος.
2151 3541 2307 3597 Οῦτω
2344 3540 2455 3612 γάρ
2485 3539 2649 3594 αὐτοῦ
2692 3541 2717 3580 Β
2750 3539 2813 3593 τὸ
2846 3538 3008 3609 σῶμα
3052 3542 3299 3611 παρεῖτο,
3335 3540 3410 3602 ὼς
3451 3540 3588 3610 μηδέ

2001 3626 2289 3682 ἀποσοϐεῖν
2309 3624 2567 3679 δύνασθαι
2594 3624 2719 3686 τοὺς
2753 3622 2918 3686 κύνας
2944 3622 3195 3686 ἐπιόντας
3227 3623 3322 3676 καὶ
3340 3623 3408 3675 τὰ
3431 3623 3590 3692 τραύ-

2005 3726 2151 3783 ματα
2189 3708 2356 3762 αὑτοῦ
2399 3706 2799 3779 λιχμωμένους.
2846 3706 2984 3759 Ἀλλ’
3013 3707 3164 3777 ὅμως
3199 3706 3301 3759 οὐκ
3340 3707 3591 3760 ἐπαοιδὸν

2002 3794 2290 3865 ἐζήτησεν,
2318 3792 2380 3845 οὐ
2406 3792 2617 3844 πέταλα
2642 3788 2929 3861 περιῆψεν,
2951 3789 3015 3843 οὐ
3043 3789 3379 3860 μαγγανείας
3408 3790 3598 3859 ἐκίνητ

2006 3895 2121 3944 σεν,
2166 3877 2226 3930 οὐ
2275 3876 2480 3946 γόητας
2520 3873 2656 3943 πρὸς
2696 3871 2887 3926 ἐαυτὸν
2924 3872 3205 3936 ἐκάλεσεν,
3246 3873 3357 3927 οὐκ
3378 3873 3506 3928 ἄλλο
3538 3892 3595 3927 τι

2005 3962 2114 4017 τῶν
2149 3958 2555 4030 κεκωλυμένων»
2582 3955 2859 4026 ἐποίησεν,
2891 3955 3006 4009 ἀλλ’
3038 3956 3211 4009 εἵλετο
3246 3957 3445 4026 μᾶλλον
3480 3959 3599 4021 τοῖς

2008 4046 2198 4107 κακοῖς
2222 4041 2575 4095 ἐναποθανεῖν
2601 4038 2851 4103 ἐκείνοις,
2882 4038 2930 4109 ἢ·
2952 4039 3050 4108 τῆς
3076 4040 3359 4102 εὐσεϐείας
3395 4039 3613 4110 μικρόνο

2006 4145 2060 4181 τι
2116 4126 2402 4197 προδοῦναι
2451 4125 2636 4195 μέρος.
2680 4122 2814 4174 Τίνα
2873 4117 2977 4174 οὖν
3018 4120 3212 4190 ἕξομεν
3261 4123 3597 4194 συγγνώμην

2010 4212 2190 4282 ⁴ἡμεῖς,
2242 4210 2291 4261 εί
2334 4207 2570 4262 τοσαῦτα
2618 4207 2935 4274 πασχόντων
2985 4205 3209 4258 ἐκείνων
3256 4205 3350 4258 καὶ
3393 4224 3591 4277 καρτε-

2014 4294 2251 4365 ρούντων
2302 4292 2334 4363 ἢ
2382 4290 2469 4344 διὰ
2512 4289 2745 4359 πυρετὸν
2789 4287 2822 4358 ἢ
2865 4286 3290 4357 διάέτραύματα,
3325 4289 3617 4360 τρέχομενη

2013 4377 2107 4430 ἐπὶ
2139 4373 2486 4443 συναγωγάς,
2521 4374 2615 4426 καὶ
2644 4371 2771 4433 τοὺς
2814 4371 3137 4441 φαρμακοὺς
3165 4371 3264 4424 καὶ
3288 4373 3489 4443 γόητας
3516 4376 3597 4439 εἰς

2012 4458 2112 4522 τὰς
2140 4457 2316 4520 οἰκίας
2348 4455 2620 4526 καλοῦμεν
2646 4455 2741 4518 τὰς
2769 4453 3007 4520 ἐαυτών;
3034 4455 3147 4507 Οὐκ
3176 4453 3328 4526 [685]
3358 4456 3597 4527 ἤκουσας

2013 4541 2066 4595 τί
2095 4557 2258 4611 φησιν
2289 4542 2331 4611 ή
2361 4540 2583 4612 Γραφή;
2638 4537 2876 4600 Τέκνον,
2907 4537 3017 4593 ἐὰν
3044 4537 3068 4609 if
3107 4538 3413 4607 προσέρχῃ
3455 4539 3629 4594 δουςμ

2015 4627 2222 4680 λεύειν
2267 4624 2483 4693 Κυρίῳ,
2537 4622 2862 4690 ἐτοίμασον
2909 4620 3026 4688 τὴν
3086 4620 3300 4690 ψυχήν
3347 4637 3465 4676 σου
3510 4626 3616 4690 εἰς’

2017 4707 2373 4778 πειρασμὸν,
2398 4708 2658 4762 εὔθυνον
2684 4704 2801 4773 τὴν
2827 4704 3081 4772 καρδίαν
3107 4720 3246 4770 σου,
3271 4705 3369 4758 καὶ
3396 4707 3601 4774 παρτέ-

2011 4809 2231 4862 ρησον·
2258 4792 2331 4845 ἐν
2361 4792 2524 4858 νόσῳ
2542 4789 2655 4843 -και
2678 4789 2861 4855 πενίᾳ
2884 4788 2979 4840 ἐπ’
3009 4787 3170 4852 αὐτῷ
3199 4791 3497 4855 πεποιθὼς
3515 4791 3601 4858 γί-

2018 4894 2158 4931 νου.
2190 4875 2419 4940 Ὥσπερ
2465 4876 2577 4944 γὰρ
2614 4872 2684 4926 ἐν
2720 4872 2865 4940 πυρὶ
2907 4869 3275 4939 δοκιμάζεται
3319 4874 3623 4940 χρυσίον..

2022 4960 2210 5026 οὕτως
2235 4960 2546 5027 ἅνθρωπος
2572 4955 2783 5021 δεκτὸς
2814 4955 2884 5008 ἐν
2916 4955 3144 5022 καμίνῳ
3167 4954 3603 5021 ταπεινώσεως.

2022 5034 2126 5097 ’Ἂν
2153 5043 2218 5096 σὺ
2257 5039 2591 5113 τὸνμοίκέτην
2633 5037 2899 5110 μαστίξῃς
2948 5036 3039 5090 τὸν
3088 5036 3200 5101 σὺν,
3243 5032 3362 5091 εἶτα
3394 5039 3605 5100 ἐκεῖνος

2023 5126 2318 5197 τριάκοντα
2375 5124 2409 5193 ἢ
2457 5123 2800 5194 πεντήκοντα
2849 5118 3030 5174 λαϐὼν
3098 5118 3333 5190 πληγάς,
3401 5120 3607 5183 εὐθέως

2023 5207 2335 5279 ἐλευθερίαν
2356 5206 2654 5277 ἀναϐοήσῃ,
2678 5204 2711 5274 ἢ
2735 5203 3008 5274 καταλίπῃ
3033 5219 3127 5255 σου
3150 5202 3247 5274 τὴν
3266 5201 3607 5267 δεσποτείαν,

2025 5292 2134 5346 καὶ.
2158 5291 2294 5363 πρὸς
2332 5290 2552 5361 ἐτέρους
2589 5287 2741 5351 τινὰς
2782 5287 2991 5358 ἀπέλθῃ
3033 5285 3141 5339 τῶν
3179 5285 3480 5357 μισούντων
3522 5301 3606 5352 σε,

2026 5375 2121 5429 καὶ
2145 5372 2443 5446 παροξύνῃο
2476 5368 2584 5442 ἆρα
2609 5371 2898 5442 δυνήσεται
2926 5367 3258 5440 συγγνώμης
3296 5370 3501 5439 τυχεῖν,
3527 5369 3607 5420 εί·-

2027 5457 2097 5510 πέ
2141 5474 2268 5527 μοι;
2298 5452 2407 5527 ἄρα
2434 5454 2722 5525 δυνήσεται
2759 5450 3203 5523 ἀπολογήσασθαί
3230 5468 3312 5513 τις
3341 5450 3482 5520 ὑπὲρ
3508 5451 3633 5503 αύηι

2027 5539 2155 5607 τοῦ;
2196 5538 2478 5612 θύδαμῶς.
2520 5538 2586 5591 Τί
2623 5537 2860 5608 δήποτε;
2904 5537 3027 5590 Ὅτι
3062 5535 3339 5608 προσῆκον
3376 5534 3617 5607 δεσπότῃ

2090 5644 2115 5684 d
2141 5648 2220 5693 Sic
2244 5645 2393 5693 Savil.
2420 5645 2603 5692 rectius
2623 5655 2769 5704 quam
2815 5640 2982 5691 Monli‘.
3028 5642 3099 5690 ἐπὶ
3123 5643 3206 5699 τὴν
3226 5638 3445 5704 κοπρίαν.
3469 5634 3608 5687 Eon.

2095 5706 2278 5755 “Addit
2301 5707 2452 5755 Savil.
2476 5712 2559 5763 τῆς
2581 5704 2811 5766 γυναικός..

2092 5775 2115 5813 τ
2151 5769 2242 5816 Alii
2268 5768 2591 5828 ἐπετύγχανεν.

2094 5831 2119 5894 β
2147 5830 2280 5894 liuius
2305 5832 2460 5879 rmlvx
2484 5829 2629 5894 αὐτῷ.

2097 5892 2121 5931 h
2144 5891 2242 5942 Alii
2266 5894 2320 5940 εί.
