3958 6364
297 367 411 422 937

302 479 585 536 famulum.
627 474 748 533 Non
785 473 855 532 ob
887 474 941 531 id
973 480 1176 530 tantum
1203 513 1221 533 .
1252 488 1436 529 verum
1463 474 1622 529 etiam
1649 473 1717 527 ob
1745 471 1876 536 hoc,

299 571 473 643 quod,
516 571 562 626 si
606 568 910 642 fugiendum
955 577 1092 636 erat,
1136 581 1243 620 non
1285 565 1354 620 ad
1394 565 1576 620 hostes
1612 570 1668 619 et
1702 577 1886 618 osores

301 663 510 718 domini
535 662 727 732 prioris
751 659 1029 732 oportebat
1053 657 1255 729 fugere,
1287 657 1380 712 sed
1407 656 1471 711 ad
1492 656 1691 711 amicos
1717 665 1772 710 et
1797 669 1888 709 co-

294 763 518 825 gnatos.

383 845 693 901 Sanctorum
746 842 1036 913 Martyrum
1082 838 1329 895 iuvenalia
1382 846 1431 892 et
1477 834 1787 890 intercessio.
1818 863 1892 875 -—

306 936 544 992 Proinde
588 944 643 990 tu
685 948 897 1004 quoque
919 973 936 1000 ,
979 931 1024 987 si
1064 929 1261 986 videris
1290 936 1340 985 te
1367 927 1541 999 puniri
1570 941 1601 981 a
1631 927 1777 990 Deo,
1823 939 1891 980 ne

305 1026 582 1097 profugias
605 1024 675 1080 ad
716 1023 831 1095 ejus
857 1022 1102 1077 inimicos
1139 1020 1386 1086 Iudaeos,
1432 1033 1502 1073 ne
1537 1017 1704 1088 magis
1730 1016 1891 1071 etiam

305 1119 461 1174 illum
491 1116 544 1172 in
572 1123 624 1171 te
647 1128 940 1186 provoces:
964 1111 1059 1168 sed
1105 1111 1171 1166 ad
1215 1110 1418 1166 amicos
1445 1109 1604 1174 illius,
1630 1114 1894 1178 martyres

304 1227 379 1266 ne
407 1219 622 1266 sanctos
640 1249 656 1275 ,
685 1208 776 1277 qui
805 1206 879 1261 illi
919 1205 1263 1276 placuerunt,
1291 1203 1485 1273 quique
1512 1200 1731 1255 multam
1756 1197 1894 1268 apud

308 1303 463 1358 illuni
492 1302 689 1356 habent
711 1298 1100 1354 auctoritatem.
1118 1296 1223 1352 Sed
1246 1297 1374 1367 quid
1396 1296 1583 1364 loquor
1596 1292 1663 1347 de
1685 1291 1897 1346 famulis

306 1402 371 1448 et
406 1393 586 1448 heris?
616 1391 785 1446 Filius
821 1406 929 1445 non
953 1390 1151 1461 poterit
1164 1388 1280 1444 hoc
1305 1386 1511 1450 facere,
1551 1384 1839 1454 Castigatus
1866 1396 1897 1435 a

312 1493 492 1557 patre,
525 1497 627 1538 nec
663 1482 926 1552 abnegare
954 1480 1324 1551 cognationem
1349 1516 1364 1540 ,
1395 1490 1554 1547 quam
1587 1473 1745 1528 habet
1776 1486 1900 1528 cum

316 1583 494 1644 patre.
535 1573 668 1629 Nam
694 1581 750 1628 et
772 1580 976 1626 natura:
1002 1570 1180 1641 leges,
1227 1577 1282 1623 et
1318 1568 1463 1637 leges
1491 1564 1559 1619 ab
1596 1561 1902 1618 hominibus

314 1663 593 1729 institutaz,
621 1662 828 1718 etiamsi
857 1661 1039 1731 ﬂagris
1066 1658 1235 1715 caedat
1264 1667 1433 1728 pater,
1460 1656 1505 1711 si
1531 1670 1560 1709 a
1592 1668 1776 1710 mensa
1802 1651 1900 1707 de-

319 1755 510 1825 pellat,
538 1755 584 1809 si
604 1753 809 1809 azdibns
837 1753 1032 1823 exigat,
1073 1750 1117 1805 si
1145 1763 1477 1821 quocumque
1502 1746 1662 1801 modo
1690 1747 1902 1816 puniat,

310 1847 511 1918 jubent
537 1846 716 1902 omnia
754 1844 963 1900 fortiter
991 1842 1232 1913 perpeti,
1279 1856 1380 1897 nec
1402 1840 1560 1896 ullam
1588 1838 1663 1893 illi
1694 1838 1904 1893 veniam

319 1937 658 2005 concedunt,
696 1936 753 1991 ni
780 1935 1012 2005 paruerit
1042 1932 1442 2004 pertuleritque.
1489 1930 1627 1997 Quin
1670 1932 1832 1984 etiam
1860 1929 1906 1985 si

323 2030 472 2085 ﬁlius
494 2045 665 2086 caesus
690 2029 997 2085 innumeras
1024 2025 1384 2098 querimonias
1413 2025 1699 2097 deplorans
1730 2021 1908 2093 profeo

322 2129 434 2188 rat,
463 2119 577 2176 haec
605 2120 765 2175 verba
791 2118 942 2175 audit
966 2117 1033 2173 ab
1053 2117 1299 2174 omnibus
1324 2135 1341 2174 :
1367 2128 1517 2189 pater
1536 2128 1616 2173 est
1639 2116 1730 2187 qui
1765 2114 1910 2170 ceci-

324 2212 409 2269 dit
432 2227 493 2267 ac
518 2206 784 2279 dominus,
830 2210 1095 2282 habetque
1131 2221 1448 2280 putestatem
1479 2210 1528 2263 in
1561 2218 1612 2264 te
1637 2207 1777 2279 quod
1802 2206 1915 2260 vult

324 2302 580 2372 faciendi,
610 2311 663 2358 et
690 2311 903 2373 oportet
929 2301 1108 2357 omnia
1136 2303 1344 2374 placide
1369 2303 1530 2358 ferre.
1561 2300 1704 2371 Ergo
1731 2296 1914 2353 famuli

326 2396 543 2468 quidem
583 2395 758 2451 ferunt
798 2394 1081 2460 dominos,
1131 2395 1230 2451 filii
1284 2404 1565 2466 parentes,
1614 2392 1918 2462 frequenter

324 2498 388 2546 et
432 2499 626 2560 prmter
659 2503 868 2559 acquum
914 2487 1233 2557 punientes;
1285 2498 1339 2543 tu
1370 2500 1497 2542 vero
1532 2498 1639 2540 non
1687 2482 1919 2538 sustines

327 2582 502 2637 Deum
547 2589 598 2637 te
626 2580 1001 2650 corripientem
1025 2621 1041 2648 ,
1091 2563 1183 2654 qui
1225 2581 1346 2652 plus
1391 2579 1553 2635 habet
1591 2578 1644 2632 in
1672 2584 1726 2632 te
1747 2575 1917 2645 juris,

328 2681 518 2743 utpote
543 2687 666 2728 vere
694 2671 969 2737 dominus;
1016 2677 1107 2741 qui
1141 2674 1259 2744 plus
1286 2682 1337 2729 te
1367 2672 1540 2741 diligit
1562 2684 1720 2741 quam
1749 2674 1919 2737 pater,

329 2764 532 2835 quique
561 2763 688 2818 nihil
721 2778 815 2832 per
837 2763 1190 2834 iracundiam,
1220 2766 1312 2821 sed
1339 2764 1516 2820 omnia
1546 2762 1669 2818 facit
1695 2762 1748 2816 in
1777 2769 1921 2814 tuam

331 2856 655 2911 utilitatem?
677 2855 784 2911 Sed
810 2855 853 2911 si
875 2855 1008 2911 levis
1032 2858 1226 2929 aliquis
1243 2856 1464 2913 morbus
1485 2853 1759 2919 acciderit,
1780 2851 1924 2906 illico

332 2947 583 3003 resiliens
608 2947 675 3002 ab
702 2947 840 3001 illius
869 2945 1111 3006 dominio
1133 2991 1148 3018 ,
1189 2948 1257 3004 ad
1277 2947 1550 3003 damones
1578 2945 1812 3001 accurris
1830 2985 1845 3009 ,
1873 2951 1927 2997 et

332 3038 409 3095 ad
455 3053 749 3112 synagogas
796 3037 1040 3107 confugis
1072 3040 1096 3095 ?
1134 3041 1204 3095 Et
1239 3055 1396 3111 quam
1451 3036 1666 3093 tandem
1717 3035 1924 3089 veniam

334 3134 716 3205 consequeris?
743 3133 860 3202 Quo
886 3142 1045 3204 pacto
1078 3136 1281 3193 valebis
1306 3135 1455 3190 illum
1478 3133 1656 3188 denuo
1681 3131 1777 3186 tibi
1808 3142 1931 3200 pro-

335 3226 527 3297 pitium
559 3226 824 3281 reddere?
852 3226 992 3292 Quin
1021 3229 1205 3296 potius
1229 3220 1331 3284 nec
1358 3226 1495 3281 alius
1525 3224 1801 3295 quisquam
1833 3235 1930 3291 pro

338 3328 394 3373 te
420 3316 698 3388 deprecari
729 3318 942 3388 poterit,
992 3321 1207 3377 etiamsi
1244 3326 1452 3376 tantum
1481 3315 1659 3374 valeat
1697 3311 1931 3369 aucturi-

339 3428 452 3473 tate
474 3458 489 3482 ,
516 3426 770 3486 quantum
794 3412 988 3466 Moses.
1019 3408 1134 3464 Non
1162 3416 1277 3475 est,
1301 3406 1390 3477 qui
1414 3407 1513 3460 hoc
1543 3405 1718 3460 facere
1744 3404 1933 3474 possit.

339 3512 458 3565 Non
481 3508 630 3561 audis
651 3504 776 3576 quid
801 3504 939 3558 Deus
956 3502 1202 3573 loquatur
1224 3497 1290 3553 ad
1310 3495 1595 3553 Jeremiam
1616 3494 1685 3551 de
1700 3494 1895 3550 Judazis
1910 3495 1936 3549 ?

342 3602 429 3656 Ne
471 3599 752 3671 depreceris
796 3612 887 3667 pro
936 3592 1126 3665 populo
1165 3591 1296 3653 ista,
1346 3588 1585 3660 quoniam
1631 3588 1676 3641 si
1710 3587 1937 3641 steterint

343 3697 517 3749 Moses
544 3703 587 3747 et
616 3686 851 3753 Samuel,
886 3703 988 3741 non
1015 3683 1283 3739 exaudiam
1321 3682 1438 3737 illos
1469 3679 1614 3753 (Jer.
1650 3681 1701 3735 7.
1751 3678 1839 3735 16.
1889 3691 1938 3734 ει

344 3788 538 3849 13.1).
572 3784 720 3838 Adeo
748 3789 872 3835 sunt
900 3787 1113 3849 peccata
1134 3789 1348 3830 omnem
1375 3773 1745 3829 remissionem
1774 3786 1937 3841 supe-

341 3879 539 3943 rantia,
566 3889 789 3945 qumque
808 3871 1006 3926 nullam
1026 3867 1285 3936 recipiant
1307 3864 1726 3920 excusationem.
1759 3863 1940 3933 Itaque

342 3990 416 4030 ne
446 3980 642 4026 tantam
672 3982 770 4021 nos
797 3975 1147 4035 provocemus
1198 3959 1350 4013 iram.
1403 3956 1626 4012 Etiamsi
1665 3955 1807 4010 enim
1855 3954 1939 4009 vi-

341 4067 574 4120 dcantur
625 4058 786 4128 aliqui
845 4055 1046 4109 febrem
1100 4047 1509 4105 incantamentis
1566 4046 1786 4113 sedare,
1833 4060 1939 4099 non

341 4158 493 4215 enim
535 4168 664 4209 vere
705 4151 938 4206 sedant:
973 4155 1148 4200 tamen
1177 4140 1334 4196 aliam
1380 4138 1834 4195 vehementiorem
1886 4136 1940 4191 in

351 4248 736 4309 conscientiam
782 4244 1038 4300 inducunt
1075 4241 1297 4305 febrem,
1353 4234 1563 4289 ratione
1604 4229 1843 4303 quotidie
1889 4237 1942 4286 te

353 4344 703 4406 stimulante,
749 4337 1185 4406 conscientiaque
1229 4329 1532 4403 flagellante
1577 4341 1642 4383 ae
1686 4326 1937 4382 dicente:

356 4436 523 4506 impie
572 4433 780 4498 fecisti,
837 4431 1014 4500 inique
1074 4426 1268 4499 egisti,
1330 4422 1540 4478 violasti
1589 4417 1765 4476 foedus
1818 4431 1942 4472 cum

352 4528 609 4593 Christo;
649 4526 717 4581 ob
758 4524 1030 4595 paululum
1075 4519 1315 4575 adversa:
1343 4513 1663 4571 valetudinis
1690 4514 1942 4583 pietatem

356 4618 663 4676 deseruisti.
690 4616 826 4672 Num
856 4624 912 4670 tu
935 4613 1081 4669 solus
1125 4611 1240 4666 hare
1268 4621 1454 4679 passus
1483 4604 1576 4661 es?
1629 4606 1821 4658 Annon
1853 4600 1945 4655 alii

358 4712 532 4769 multo
559 4724 719 4781 quam
747 4717 804 4763 tu
827 4707 1101 4763 acerbiora
1131 4703 1271 4774 passi
1300 4700 1457 4756 sunt?
1487 4698 1737 4753 Attamen
1766 4694 1943 4750 nullus

359 4802 574 4859 illorum
606 4801 710 4856 tale
734 4798 859 4870 quid
889 4811 1051 4853 ausus
1075 4837 1089 4863 ,
1120 4802 1177 4849 tu
1201 4807 1329 4848 vero
1357 4790 1534 4846 mollis
1568 4804 1630 4842 ac
1657 4785 1949 4843 dissolutus

359 4894 597 4967 animam
619 4902 760 4948 tuam
782 4890 1044 4947 mactasti.
1064 4887 1343 4957 Quomodo
1358 4882 1698 4940 excusahcris
1713 4879 1949 4936 Christo?

360 4985 642 5057 Quomodo
661 4984 813 5039 illum
840 4981 1150 5052 implorabis
1181 4977 1464 5050 precibus?
1484 4977 1597 5044 Qua
1622 4972 1949 5031 conscientia

363 5075 590 5149 posthac
615 5073 931 5145 ingredieris
957 5070 1287 5127 Ecclesiam?
1313 5067 1516 5137 Quibus
1550 5066 1719 5123 oculis
1746 5062 1950 5119 videbis

363 5165 741 5226 sacerdotem?
784 5165 901 5234 Qua
947 5179 1103 5219 manu
1148 5176 1354 5217 sacram
1401 5162 1631 5229 attinges
1668 5155 1952 5213 mensam?

363 5258 570 5328 Quibus
599 5257 817 5313 auribus
846 5256 1030 5311 audies
1056 5254 1360 5322 Scripturas
1387 5268 1506 5321 qua:
1533 5250 1643 5306 illic
1671 5248 1952 5319 leguntur?

442 5355 496 5408 7.
517 5353 895 5409 Incantationes
927 5361 972 5404 et
1005 5349 1246 5419 ligamina
1280 5347 1333 5400 in
1354 5345 1539 5400 morbis
1571 5359 1672 5397 non
1706 5342 1953 5397 adhiben-

368 5451 461 5504 da.
489 5447 708 5502 -—lla:c
743 5444 979 5516 quotidie
1016 5453 1256 5513 pungens
1302 5447 1354 5495 te
1391 5439 1549 5503 ratio,
1577 5435 1957 5507 flagellansquc

365 5541 751 5599 conscientiam
793 5540 833 5607 ί,
873 5537 1032 5594 dicet.
1083 5535 1212 5603 Quae
1260 5531 1421 5603 igitur
1459 5533 1573 5586 hmo
1608 5538 1694 5585 est
1733 5529 1953 5596 sanitas,

438 5717 453 5747 ί
491 5722 541 5785 In
566 5722 773 5785 quatuor
819 5722 923 5785 Mss.
972 5712 1185 5785 legitur:
1212 5710 1346 5785 Ratio
1388 5709 1459 5763 sic
1512 5718 1559 5763 te
1590 5722 1959 5785 pungensncon-

373 5771 711 5903 gfgfaggue
727 5775 992 5843 flagellatis,
1015 5771 1203 5839 riualem
1230 5773 1412 5836 febrem
1434 5786 1526 5827 non
1546 5771 1829 5840 superabit?
1852 5784 1963 5839 qua:

1469 356 1826 416 ADVERSUS
1862 355 2158 413 JUDIEOS.
2198 351 2331 411 Vill.

3462 342 3603 397 95‘}:

1950 492 1953 493 ν
1999 483 2122 524 cum
2152 470 2294 524 intus
2316 476 2423 522 tam
2452 464 2650 520 multas
2675 461 2964 518 habeamus
2991 459 3336 531 cogitationes
3361 473 3577 514 accusa-

1997 560 2194 616 trices?
2217 556 2369 626 Quod
2390 557 2432 612 si
2462 554 2832 626 perduraveris
2853 551 3141 623 paulisper,
3168 549 3473 626 eosqne‘qui
3496 549 3579 603 vei

1999 650 2414 707 incantationem
2439 647 2669 718 aliquam
2695 659 2891 701 canere
2913 643 3201 709 voluerint,
3223 642 3308 696 vel
3332 624 3579 711 ligamina

1998 744 2262 814 applicare
2307 739 2539 810 corpori,
2570 737 2722 793 nihili
2767 735 2992 803 feceris,
3040 733 3205 790 multa
3253 733 3411 787 etiam
3461 744 3582 785 cum

1999 833 2321 889 contumelia
2349 830 2454 887 tuis
2479 844 2544 886 ex
2571 829 2774 885 aedibus
2798 825 3022 899 eieceris
3050 843 3064 881 :
3098 823 3341 896 protinus
3371 821 3439 876 ab
3468 820 3582 890 ipsa

1966 924 1973 935 '
2000 923 2325 979 conscientia
2350 919 2812 992 refrigerationem
2856 917 3106 988 accipies.
3138 913 3362 971 Etiamsi
3392 912 3587 968 millies

2002 1023 2191 1072 exurat
2220 1013 2385 1071 febris
2403 1054 2421 1080 ,
2449 1012 2625 1067 anima
2650 1020 2740 1066 tua
2767 1008 2955 1080 quovis
2984 1008 3225 1078 liquore,
3248 1002 3436 1075 quovis
3464 1017 3588 1058 rorr:

2004 1108 2278 1163 meliorem
2328 1099 3120 1175 utilioremque,mitigationem
3151 1095 3399 1151 adducet.
3440 1092 3589 1148 Sicut

2004 1198 2177 1264 enim,
2205 1204 2483 1267 postquam
2510 1191 2782 1262 receperis
2808 1188 3221 1244 incantationem
3247 1198 3408 1240 sanus
3427 1183 3550 1237 licet
3572 1222 3598 1246 ν

2005 1291 2253 1347 miserius
2278 1288 2497 1344 allectus
2521 1300 2579 1341 es
2604 1285 2669 1341 iis
2689 1283 2778 1354 qui
2802 1281 2951 1337 febre
2975 1280 3239 1345 laborant,
3267 1276 3393 1332 dum
3417 1284 3603 1330 tecum:

2006 1391 2223 1453 reputas
2272 1379 2477 1451 peccati
2525 1373 2982 1448 magnitudinem;
3028 1370 3106 1426 sic
3155 1382 3298 1424 nunc
3336 1380 3605 1439 quoque...

2008 1474 2218 1532 etiamsi
2259 1472 2561 1536 febricites,
2602 1469 2988 1536 innumeraque
3024 1462 3246 1535 patiaris
3285 1460 3421 1515 mala
3444 1501 3459 1525 ,
3504 1473 3593 1513 re-

2009 1568 2176 1638 pulsis
2200 1564 2377 1636 impiis
2406 1563 2528 1629 illis,
2559 1560 2747 1632 quovis
2777 1572 2910 1614 sano
2939 1556 3157 1611 homine
3182 1552 3393 1617 melius,
3420 1558 3601 1604 mente

2010 1661 2310 1719 exsultante
2330 1700 2345 1726 ,
2377 1657 2485 1713 eris
2513 1656 2731 1712 affectus
2754 1694 2770 1719 ,
2797 1652 2973 1707 anima
3001 1647 3267 1721 gaudente
3301 1655 3355 1701 et
3393 1642 3599 1700 exhila-

2011 1764 2149 1820 rata,
2172 1749 2495 1808 conscientia
2523 1746 2774 1802 laudante
2802 1754 2887 1810 te,
2918 1741 3212 1812 probante,
3248 1753 3312 1794 ac
3348 1736 3596 1792 dicente:

2015 1850 2183 1919 Euge,
2223 1859 2391 1916 euge,
2438 1842 2572 1898 heus
2614 1841 2809 1906 homo,
2840 1834 3037 1893 Christi
3077 1846 3265 1897 serve,
3295 1828 3469 1885 fidelis
3497 1827 3600 1892 vir,

2016 1939 2214 1993 athleta
2246 1936 2477 2007 pietatis,
2502 1934 2592 2005 qui
2619 1928 2875 1987 malueris
2901 1924 3163 1981 molestiis
3183 1919 3418 1987 immori,
3443 1932 3608 1988 quam

2018 2005 2269 2085 deserere
2299 2027 2568 2098 pietatem,
2598 2037 2720 2079 cum
2750 2016 3073 2090 martyribus
3101 2013 3267 2069 stabis
3294 2011 3349 2066 in
3381 2009 3473 2064 illo
3493 2005 3601 2061 die.

2020 2119 2480 2191 Quemadmodum
2527 2117 2670 2172 enim
2718 2113 2793 2169 illi
2840 2113 3205 2182 praeoptarent
3251 2101 3383 2159 caedi
3429 2098 3609 2170 flagris

2023 2216 2383 2287 torquerique,
2418 2222 2474 2267 ut
2501 2210 2567 2266 ad
2595 2209 2852 2264 honorem
2879 2201 3255 2274 pervenirent:
3280 2196 3351 2252 ita
3382 2204 3437 2249 tu
3474 2207 3610 2263 quo-

2023 2278 2142 2380 que.
2169 2278 2331 2364 hodie
2371 2301 2679 2375 praceptasti
2722 2295 2979 2369 ﬂagellari
3020 2288 3365 2362 torquerique
3407 2300 3436 2338 a
3479 2278 3633 2337 febri.

2026 2399 2436 2468 vulneribusque
2460 2438 2475 2464 ,
2521 2409 2588 2450 ne
2628 2389 2937 2446 admitteres
2977 2383 3138 2455 impia
3181 2382 3606 2436 incantamenta,

2028 2510 2163 2551 neve
2185 2467 2437 2559 amuleta,
2468 2498 2522 2544 et
2547 2487 2636 2542 tali
2663 2500 2758 2556 spe
2786 2481 3017 2538 nutritus
3038 2520 3052 2545 ,
3079 2492 3148 2532 ne
3171 2474 3369 2531 senties
3393 2467 3623 2541 quidem

2029 2588 2376 2644 adversantes
2405 2581 2639 2636 dolores.
2663 2577 2795 2632 Nam
2824 2575 2922 2629 etsi
2952 2580 3004 2627 te
3030 2584 3135 2625 non
3164 2565 3369 2622 auferat
3394 2563 3508 2617 haec
3534 2560 3615 2614 fec

2031 2682 2160 2746 bris,
2189 2679 2289 2734 alia
2320 2688 2540 2747 prorsus
2566 2669 2771 2727 auferet
2799 2684 2813 2723 :
2841 2673 2913 2732 et,
2944 2664 2988 2719 si
3015 2676 3155 2718 nunc
3176 2675 3281 2715 non
3304 2654 3614 2715 moriamur,

2033 2787 2209 2830 tamen
2242 2770 2462 2842 posthac
2492 2765 2799 2821 moriemur.
2824 2756 3048 2815 Mortale
3086 2767 3282 2823 corpus
3322 2747 3496 2805 sortiti
3525 2761 3619 2800 su-

2036 2882 2153 2922 mus
2174 2906 2188 2932 ,
2221 2838 2324 2919 non
2371 2869 2432 2915 ut
2469 2859 2613 2914 illius
2656 2849 3036 2925 cupiditatibus
3064 2847 3494 2915 obtemperantes
3525 2838 3623 2893 im-

2037 2929 2287 3030 pietatem
2315 2953 2716 3022 amplectamur,
2749 2943 2845 3002 sed
2880 2953 2940 2998 ut
2976 2940 3120 2995 illius
3161 2931 3529 2991 affectionibus
3554 2929 3621 2983 ad

2036 3020 2288 3122 pietatem
2321 3020 2552 3100 utamur.
2596 3040 2723 3096 llaec
2762 3037 2905 3093 enim
2950 3027 3403 3100 corruptibilitas,
3434 3030 3489 3079 et
3522 3020 3625 3075 hoc

2038 3145 2212 3212 ipsum
2253 3136 2481 3193 mortale
2507 3122 2699 3203 corpus
2722 3172 2739 3199 ,
2775 3128 2820 3184 si
2849 3124 3015 3184 sobrii
3042 3122 3298 3178 fuerimus
3318 3160 3332 3186 ,
3361 3113 3518 3171 nobis
3544 3122 3628 3167 cst

2039 3234 2259 3293 materia
2285 3214 2789 3292 commendationis,
2817 3221 3145 3289 multamque
3175 3213 3328 3269 nobis
3351 3211 3408 3266 in
3431 3209 3521 3264 illo
3541 3206 3628 3261 die

2039 3326 2313 3400 przestabit
2342 3322 2611 3387 ﬁduciam,
2637 3306 2742 3372 non
2780 3321 2958 3371 autem
2992 3311 3046 3366 in
3087 3307 3178 3363 illo
3204 3304 3375 3361 solum
3398 3345 3413 3368 ,
3442 3312 3650 3356 verum.

2040 3421 2200 3477 etiam
2228 3419 2279 3472 in
2307 3412 2558 3487 prmsenti
2592 3411 2716 3466 vita.
2740 3397 3021 3477 Siquidem
3047 3414 3167 3455 cum
3195 3393 3421 3467 ejeeeris
3446 3391 3630 3446 incan—

2042 3523 2240 3569 tatores
2266 3486 2431 3564 multa
2460 3521 2580 3561 cum
2608 3499 2929 3559 contumelia
2957 3511 3023 3553 ex
3055 3491 3260 3549 azdibus
3283 3486 3386 3543 tuis
3406 3528 3420 3551 ,
3445 3496 3637 3539 omnes

2041 3605 2145 3659 hoc
2167 3601 2349 3658 audito
2374 3596 2685 3661 laudabunt,
2710 3590 3066 3651 mirabuntur,
3093 3591 3149 3639 et
3172 3583 3311 3638 inter
3336 3593 3395 3633 se
3418 3574 3630 3633 dicent:

2042 3699 2130 3754 ille
2152 3695 2400 3751 laborans
2425 3684 2815 3761 a‘grotansquc,
2842 3678 3107 3754 aliquibus
3131 3672 3385 3731 infinities
3410 3668 3635 3723 hortans

2045 3790 2206 3854 tibus,
2238 3758 2584 3842 suadentibus
2607 3788 2661 3835 et
2681 3774 3083 3834 consulentibus
3099 3778 3159 3826 ut
3180 3763 3400 3837 magicis
3419 3758 3643 3834 quibus-

2045 3884 2167 3939 dam
2196 3876 2609 3937 incantamentis
2631 3879 2891 3935 uteretur,
2913 3882 3023 3924 non
3039 3860 3275 3925 admisit,
3300 3856 3396 3914 sed
3416 3867 3638 3922 respon-

2045 3977 2160 4033 dit:
2189 3975 2356 4031 satius
2384 3983 2467 4029 est
2492 3970 2597 4027 hoc
2627 3976 2787 4040 pacto
2812 3963 2975 4032 mori,
3004 3974 3164 4031 quam
3189 3957 3442 4013 deserere
3468 3949 3649 4019 picta--

2047 4080 2177 4127 tem.
2202 4067 2283 4124 Ad
2311 4068 2427 4121 haec
2451 4070 2852 4131 consequentur
2877 4056 3028 4112 multi
3070 4053 3288 4123 plausus
3331 4045 3398 4101 ab
3437 4044 3521 4097 his
3550 4040 3641 4111 qui

2046 4159 2335 4226 audierint,
2360 4155 2566 4213 cunctis
2590 4148 2932 4221 stupentibus
2951 4187 2966 4211 ,
2998 4145 3165 4199 Deum
3193 4133 3638 4210 glorificantibus.

2048 4254 2162 4310 lloc
2184 4222 2532 4322 quotvstatuis
2559 4259 2664 4299 non
2693 4242 2795 4297 erit
2817 4238 2910 4293 tibi
2935 4229 3333 4291 bonorabilius?
3357 4233 3487 4295 quot
3510 4222 3645 4277 ima-

2048 4344 2260 4417 ginibus
2315 4333 2774 4409 magnificentius?
2816 4336 3017 4402 quanto
3081 4325 3289 4380 honore
3346 4315 3647 4388 insignius?

2049 4407 2248 4493 amnes
2278 4407 2606 4492 laudabunt,
2637 4438 2827 4480 omnes
2854 4432 2998 4477 tuam
3038 4415 3347 4473 felicitatem
3386 4407 3647 4493 praediea-j

2050 4530 2216 4590 bunt,
2248 4537 2436 4581 omnes
2483 4530 2536 4576 te
2582 4515 2933 4574 coronabunt.
2977 4511 3245 4566 Praeterea
3293 4503 3393 4575 ipsi
3435 4515 3612 4572 quoqu

2054 4620 2305 4677 meliores
2345 4616 2473 4671 ﬁent
2495 4654 2511 4681 ,
2542 4627 2606 4668 ac
2630 4606 2863 4664 vicissim
2903 4613 3052 4660 tuum
3083 4597 3386 4670 exemplum
3420 4591 3646 4650 aemula-

2053 4714 2272 4778 buntur,
2299 4707 2756 4775 imitabunturque
2784 4710 2930 4757 tuam
2960 4695 3323 4754 fortitudinem
3354 4697 3444 4746 :et
3463 4687 3507 4743 si
3529 4685 3650 4757 quis

2054 4808 2190 4863 alius
2230 4777 2334 4859 tale
2376 4798 2647 4872 quidpiam
2686 4794 2894 4861 fecerit,
2936 4800 2991 4846 tu
3021 4786 3323 4845 mercedem
3368 4783 3527 4847 feres,
3558 4777 3653 4849 qui

2056 4897 2157 4952 zeli
2182 4893 2346 4950 fueris
2365 4866 2572 4946 auctor.
2597 4886 2780 4958 Neque
2808 4890 3011 4939 tantum
3039 4881 3435 4947 consequentur
3461 4866 3649 4924 laudes

2057 4999 2204 5048 recte
2224 4988 2505 5052 factorum,
2530 4996 2716 5039 verum
2743 4979 2902 5035 etiam
2923 4972 3203 5032 celerrima
3224 4965 3396 5022 morbi
3420 4961 3648 5019 levatio:

2060 5175 2127 5231 ad
2150 5174 2407 5244 majorem
2435 5164 2884 5229 benevolentiam,
2907 5170 3019 5214 tum
3043 5155 3243 5213 sanctis
3262 5148 3511 5208 omnibus
3532 5160 3654 5216 gra-

2060 5238 2354 5324 tulantibns
2376 5272 2481 5318 tua:
2501 5255 2940 5332 promptitudini,
2971 5261 3130 5322 atque
3156 5264 3221 5303 ex
3260 5244 3449 5301 intimo
3489 5238 3655 5296 corde

2061 5379 2161 5434 pro
2186 5370 2238 5416 te
2264 5371 2450 5430 preces
2478 5352 2839 5410 fundentibns.
2861 5347 3014 5415 Quod
3041 5346 3085 5399 si
3114 5343 3201 5398 hic
3226 5341 3349 5395 talia
3374 5343 3500 5393 sunt
3520 5348 3658 5405 prae-

2065 5427 2170 5511 mia
2213 5427 2537 5508 fortitudinis
2581 5444 2739 5515 hujus
2764 5485 2778 5506 ,
2810 5440 2982 5511 cogita
3011 5446 3238 5509 quantas
3278 5432 3387 5487 illic
3429 5427 3657 5499 recipies

2065 5559 2311 5608 coronas,
2341 5555 2483 5605 cmn,
2516 5536 2719 5608 angelis
2748 5531 3125 5605 praesentibus,
3149 5525 3396 5582 omnibus
3422 5519 3654 5576 archan-

2064 5638 2219 5710 gelis,
2248 5633 2493 5691 Christus
2521 5627 2818 5685 adveniens
2842 5622 3107 5695 prehensa
3150 5632 3310 5673 manu
3340 5623 3428 5668 tua
3457 5613 3508 5667 in
3541 5627 3658 5667 me-

2066 5708 2212 5789 dium
2258 5738 2310 5786 te
2358 5725 2488 5782 illud
2534 5724 2799 5779 theatrum
2847 5713 3188 5788 produxerit,
3221 5708 3532 5777 cunctisque
3562 5721 3658 5758 an.

2071 5826 2340 5885 dientibus
2369 5819 2567 5877 dixerit
2600 5835 2610 5869 :
2648 5815 2733 5871 hic
2780 5800 2939 5869 homo
2962 5853 2974 5877 ,
3011 5824 3130 5864 cum
3178 5801 3463 5874 aliquando
3510 5797 3660 5854 febre
