3958 6436
355 370 459 426 939
484 419 489 423 .

355 493 634 557 correptus
661 493 828 552 esset,
855 485 1154 541 innumeris
1195 487 1368 557 ipsum
1400 484 1807 541 exhortantibus
1836 491 1897 538 ut
1923 498 1954 536 a

360 575 551 631 morbo
580 574 912 639 liberaretur,
941 583 1156 645 propter
1176 590 1370 631 nomen
1392 591 1591 642 meum,
1617 589 1679 630 ac
1705 574 1952 629 timorem

362 669 414 722 in
449 683 554 732 me,
583 682 651 721 ne
679 667 732 722 in
753 667 930 736 aliquo
955 666 1270 734 offenderet,
1298 681 1486 721 omnes
1511 666 1600 737 qui
1630 665 1958 736 polliceban-

375 771 459 815 tur
488 755 586 830 ipsi
617 768 720 815 tsto
748 764 908 815 modo
935 761 1215 815 sanitatem
1237 801 1252 825 ,
1286 760 1514 828 repulit,
1546 774 1778 830 cumque
1801 757 1958 829 igno-

368 853 530 905 minia
561 852 746 922 rejecit
777 869 791 906 :
822 866 884 906 ac
913 852 1225 920 praeoptavit
1271 850 1482 906 intmori
1515 850 1690 919 potius
1733 849 1960 916 morbo,

366 959 526 1014 quam
571 944 824 999 deserere
861 942 966 998 mei
1007 942 1262 998 studium.
1286 943 1496 1000 Etenim
1535 943 1580 998 si
1623 956 1716 998 eos
1745 941 1833 1014 qui
1860 941 1962 1013 ipsi

369 1046 551 1104 potum
578 1034 862 1103 dederunt,
894 1035 983 1106 qui
1012 1037 1323 1102 vestierunt,
1357 1036 1445 1106 qui
1467 1036 1643 1091 cibum
1673 1035 1961 1105 dederunt,

369 1126 423 1180 itt
477 1126 708 1181 medium
752 1126 1201 1182 adducit:multo
1245 1128 1414 1198 magis
1459 1127 1688 1183 adducet
1715 1142 1843 1193 eos,
1872 1129 1963 1197 qui

372 1228 590 1286 propter
639 1217 810 1286 ipsum
855 1226 1105 1289 optarunt
1148 1219 1366 1274 obnoxii
1409 1234 1530 1274 esse
1580 1218 1736 1275 febri.
1782 1219 1966 1289 Neque

371 1306 514 1362 enim
553 1308 726 1364 simile
753 1317 838 1364 est
867 1309 995 1364 dare
1027 1325 1218 1379 panem
1249 1325 1314 1365 ac
1341 1321 1546 1366 vestem
1568 1351 1584 1376 ,
1625 1318 1681 1366 et
1721 1310 1966 1365 morbum

371 1400 634 1456 diutinum
680 1400 960 1472 perferre:
988 1401 1098 1458 imo
1145 1402 1248 1458 hoc
1290 1403 1380 1458 illo
1427 1404 1597 1459 multo
1640 1403 1813 1474 majus
1861 1412 1964 1460 est.

371 1490 581 1557 Quanto
603 1500 780 1548 autem
803 1492 1002 1548 laboris
1025 1507 1089 1549 ac
1112 1492 1314 1549 doloris
1336 1495 1454 1564 plus
1474 1494 1759 1550 toleratum
1785 1494 1964 1559 fuerit,

375 1594 522 1638 tanto
551 1584 712 1640 etiam
734 1598 932 1640 corona
962 1585 1064 1641 erit
1089 1585 1538 1657 magniﬁcentior.

446 1674 666 1730 llloralis
703 1675 1244 1733 exhortatio.—Haec
1287 1687 1341 1734 et
1389 1678 1504 1733 sani
1552 1677 1870 1732 meditemur
1917 1685 1972 1733 et

374 1776 736 1838 aegrotantes,
764 1767 939 1839 deque
970 1768 1054 1825 his
1083 1768 1227 1825 inter
1269 1785 1368 1825 nos
1405 1770 1795 1841 colloquamur.
1833 1771 1899 1826 Et
1925 1771 1970 1826 si

375 1861 670 1917 viderimus
700 1876 798 1917 nos
829 1862 974 1932 ipsos
1003 1863 1291 1934 aliquando
1319 1863 1452 1920 febri
1492 1862 1814 1920 intolerabili
1853 1879 1972 1918 cor-

375 1962 557 2025 reptos
579 1995 594 2020 ,
627 1952 756 2008 illud
781 1953 921 2024 apud
951 1969 1048 2010 nos
1074 1954 1220 2027 ipsos
1249 1955 1491 2011 dicamus
1519 1971 1532 2010 :
1563 1955 1690 2026 quid
1717 1965 1898 2011 autem
1926 1955 1973 2010 si

376 2047 531 2102 nobis
575 2047 822 2104 alicunde
869 2049 1132 2105 intentata
1179 2049 1273 2105 lite
1315 2049 1382 2106 ad
1421 2050 1650 2106 tribunal
1680 2049 1969 2120 rapiamur,

377 2152 612 2210 moxque
640 2139 866 2195 sublatis
892 2139 1168 2196 caedantur
1191 2141 1382 2208 latera,
1406 2156 1583 2196 annon
1613 2154 1836 2197 necesse
1855 2138 1973 2194 fue-

380 2228 456 2284 rit
480 2231 701 2286 omnino
727 2234 958 2303 perpeti,
993 2232 1154 2304 idque
1192 2233 1340 2289 nullo
1368 2233 1518 2288 lucro
1547 2234 1799 2303 nullaque
1829 2248 1974 2287 mer-

377 2320 546 2376 cede?
587 2321 702 2378 lloc
743 2331 798 2377 et
843 2339 986 2378 nunc
1029 2324 1360 2395 cogitemus,
1408 2324 1680 2394 proposita
1717 2323 1786 2378 sit
1816 2323 1975 2378 etiam

379 2412 678 2468 tolerantiae
709 2429 917 2470 merces
936 2457 950 2481 ,
979 2415 1108 2470 satis
1135 2431 1355 2486 magna,
1387 2425 1444 2470 ttt
1473 2416 1644 2486 erigat
1681 2415 1977 2486 collapsum

379 2505 638 2561 animum.
669 2505 774 2563 Sed
806 2509 1028 2564 molesta
1068 2517 1152 2565 est
1198 2509 1361 2565 febris
1390 2527 1404 2563 :
1433 2524 1618 2565 verum
1663 2523 1875 2580 oppone
1900 2507 1978 2563 illi

382 2596 691 2652 incendium
720 2597 1001 2667 gehennae,
1025 2599 1165 2670 quod
1192 2599 1415 2671 effugies
1441 2600 1691 2665 omnino,
1719 2600 1764 2655 si
1792 2600 1979 2654 volue-

379 2687 457 2744 ris
502 2689 657 2744 istam
687 2689 880 2746 febritn
909 2705 1031 2745 cum
1061 2691 1208 2746 omni
1256 2693 1541 2748 tolerantia
1572 2694 1833 2763 perferre.
1869 2692 1979 2747 Re-

380 2789 509 2851 puta
536 2789 734 2849 tecum,
759 2797 918 2851 quam
945 2783 1111 2836 multa
1137 2783 1276 2851 passi
1299 2783 1405 2838 sint
1423 2783 1671 2853 apostoli,
1697 2783 1978 2839 considera

375 2871 556 2942 justos
601 2882 861 2943 perpetuo
909 2873 961 2926 in
1005 2872 1386 2929 afﬂictionibus
1432 2872 1636 2939 fuisse,
1690 2874 1981 2937 recordare

382 2963 525 3017 beati
548 2963 836 3031 Timothei,
861 2965 951 3035 qui
981 2979 1270 3034 numquam
1308 2965 1375 3020 ab
1408 2963 1719 3021 inﬁrmitate
1746 2965 1981 3036 respira-

383 3055 480 3122 vit,
512 3055 604 3110 sed
649 3056 716 3111 ab
756 3057 1120 3113 adolescentia
1161 3057 1272 3128 jugi
1319 3057 1510 3113 morbo
1535 3067 1652 3114 erat
1684 3059 1979 3129 obnoxius,

384 3145 546 3216 idque
595 3147 788 3202 Paulus
838 3148 1117 3204 declarans
1163 3149 1298 3205 dixit
1337 3167 1352 3205 :
1397 3148 1606 3206 Modico
1649 3154 1764 3206 vino
1802 3163 1974 3218 utere,

385 3249 593 3309 propter
639 3242 954 3297 stomachum
999 3253 1172 3310 tuum,
1224 3259 1285 3298 ac
1331 3248 1616 3316 frequentes
1664 3245 1983 3312 inﬁrmitates

386 3340 497 3387 tua:
524 3333 602 3404 (1.
639 3333 770 3388 Tim.
803 3335 855 3391 5.
887 3334 999 3405 25).
1025 3335 1178 3402 Quod
1206 3336 1248 3390 si
1277 3337 1453 3407 justus
1482 3336 1592 3399 ille,
1621 3345 1840 3392 sanctus
1866 3336 1980 3403 ille,

384 3424 474 3494 qui
501 3425 647 3480 orbis
675 3426 1047 3495 praefecturam
1074 3428 1348 3498 suscepit,
1376 3428 1466 3498 qui
1507 3439 1751 3484 mortuos
1782 3429 1985 3484 excita-

387 3515 484 3581 vit,
515 3515 605 3585 qui
633 3515 904 3571 daemones
945 3516 1164 3587 abegit,
1196 3517 1286 3588 qui
1322 3519 1538 3574 morbos
1564 3518 1985 3576 innumerabiles

387 3608 439 3658 itt
470 3606 590 3659 aliis
617 3607 876 3671 correxit,
911 3615 1018 3660 tam
1041 3606 1236 3662 acerba
1269 3623 1458 3678 passus
1480 3617 1563 3664 est
1585 3652 1599 3675 ,
1629 3626 1790 3679 quam
1823 3626 1986 3666 excu-

391 3696 655 3751 sationem
701 3697 924 3752 habebis
966 3708 1056 3764 tu,
1087 3699 1177 3769 qui
1215 3701 1557 3756 tumultuaris
1604 3717 1667 3757 ac
1708 3702 1892 3758 deﬁcis
1931 3703 1985 3758 in

391 3788 594 3844 morbis
637 3790 1014 3859 temporariis?
1043 3790 1159 3846 Non
1195 3791 1392 3846 audisti
1435 3791 1764 3863 Scripturam
1804 3794 1988 3851 dicen-

393 3894 519 3944 tem,
555 3880 717 3948 Quem
759 3881 927 3954 diligit
960 3882 1240 3951 Dominus,
1271 3885 1484 3956 castigat
1514 3901 1534 3940 :
1560 3887 1788 3958 ﬂagellat
1817 3896 1987 3944 autem

391 3985 590 4024 omnem
615 3970 801 4039 ﬁlium,
824 3987 972 4042 quem
997 3974 1174 4045 recipit
1197 3973 1383 4047 (Hebr.
1409 3975 1496 4030 12.
1521 3975 1623 4045 6)?
1645 3976 1812 4042 Quam
1834 3978 1988 4034 multi

392 4060 701 4133 frequenter
722 4072 980 4135 optarunt
1003 4067 1246 4139 martyrii
1275 4082 1529 4122 coronam
1557 4069 1840 4139 accipere?
1860 4070 1988 4126 Haec

390 4161 476 4210 est
508 4163 694 4226 parata
720 4157 966 4230 martyrii
995 4173 1216 4215 corona.
1245 4159 1360 4215 Non
1391 4161 1536 4216 enim
1567 4160 1619 4216 id
1658 4161 1820 4218 modo
1865 4163 1988 4219 facit

391 4254 702 4318 martyrem,
731 4248 774 4304 si
808 4249 899 4320 qui
937 4250 1123 4321 jussus
1159 4261 1241 4307 est
1263 4251 1591 4320 sacriﬁcare,
1623 4253 1798 4323 potius
1830 4253 1990 4310 ducat

391 4338 584 4404 emori,
620 4354 807 4396 verum
833 4341 996 4397 etiam
1039 4342 1085 4397 si
1129 4343 1250 4413 quis
1297 4352 1476 4399 servet
1504 4343 1804 4414 quidlibet,
1845 4345 1989 4416 quod

391 4440 624 4487 mortem
691 4442 872 4505 potest
938 4449 1259 4503 accersere,
1308 4435 1651 4492 manifestum
1708 4446 1792 4493 est
1845 4453 1988 4493 mar-

394 4524 612 4595 tyrium.

464 4616 518 4670 8.
547 4617 627 4672 Ac
652 4624 710 4673 ut
728 4616 995 4690 intelligas
1015 4619 1120 4676 hoc
1141 4634 1262 4675 esse
1286 4636 1491 4686 verum,
1521 4620 1828 4689 recordare,
1854 4637 1992 4692 quo-

393 4706 558 4763 modo
585 4707 824 4765 Joannes
849 4710 1087 4780 Baptista
1114 4720 1359 4766 mortuus
1387 4713 1476 4778 sit,
1501 4721 1556 4767 et
1576 4728 1678 4782 qua
1709 4713 1776 4768 de
1804 4726 1988 4780 causa,

393 4799 667 4870 quomodo
707 4800 860 4856 Abel.
890 4801 1092 4857 Neuter
1129 4803 1271 4857 enim
1313 4802 1504 4859 horum
1532 4805 1619 4859 vel
1660 4804 1830 4861 altare
1859 4804 1993 4859 vidit

393 4893 698 4960 incensum,
727 4891 814 4948 vel
838 4900 1069 4948 statuam
1094 4894 1343 4963 positam,
1367 4894 1654 4965 veljussus
1675 4896 1772 4950 fuit
1801 4896 1994 4950 immo-

394 4984 510 5042 lare
534 4985 871 5043 daamonibus
897 5004 910 5042 :
943 4985 1037 5043 sed
1064 4987 1158 5041 ille
1185 4987 1398 5057 quidem
1419 5029 1432 5054 ,
1460 4987 1582 5058 quia
1623 4987 1993 5042 tantummodo

395 5077 744 5143 reprehendit
772 5078 1062 5146 Herodem,
1088 5078 1384 5134 decollatus
1414 5087 1534 5134 est:
1570 5079 1655 5133 hic
1683 5095 1832 5144 vero,
1859 5094 1994 5150 quo-

395 5169 538 5224 niam
572 5171 741 5227 Deum
771 5171 981 5227 meliori
1014 5171 1276 5226 sacriﬁcio
1307 5170 1590 5225 honoravit
1618 5185 1779 5240 quam
1806 5169 1990 5237 frater,

395 5265 606 5320 occisus
635 5275 737 5320 est.
764 5265 901 5321 Num
934 5267 1094 5338 igitur
1121 5265 1306 5336 privati
1335 5274 1458 5320 sunt
1484 5265 1723 5336 martyrii
1755 5263 1991 5320 corona?

395 5359 466 5413 At
507 5360 628 5429 quis
673 5359 777 5414 hoc
815 5361 1011 5416 audeat
1057 5360 1281 5416 dicere?
1319 5359 1765 5430 Quandoquidem
1817 5359 1992 5428 ipsum

395 5453 554 5507 etiam
597 5453 787 5507 mortis
827 5467 996 5524 genus
1036 5452 1234 5508 sufﬁcit
1271 5452 1337 5506 ad
1367 5452 1614 5508 untnibus
1661 5449 1992 5521 persuaden-

397 5543 522 5597 dum
549 5587 564 5610 ,
609 5559 704 5599 eos
733 5545 871 5600 inter
909 5545 1110 5614 primos
1141 5554 1405 5616 martyres
1446 5544 1737 5600 numerari.
1767 5542 1920 5612 Quod
1949 5543 1993 5597 si

401 5636 557 5688 etiam
585 5635 817 5690 divinam
841 5638 1158 5692 sententiam
1185 5652 1345 5706 super
1371 5637 1453 5692 his
1481 5639 1742 5707 prolatam
1765 5636 1984 5706 quarris,

399 5725 524 5780 audi
555 5727 678 5795 quid
709 5728 838 5782 dicit
875 5730 1088 5784 Paulus.
1126 5730 1260 5784 Nam
1303 5746 1421 5800 qua:
1465 5731 1554 5785 ille
1594 5729 1849 5800 loquitur,
1881 5729 1997 5784 sine

403 5815 568 5871 dubio
593 5817 820 5886 Spiritus
864 5831 1001 5876 sunt.
1043 5822 1170 5877 Puto
1202 5822 1366 5889 enim,
1411 5822 1612 5893 inquit,
1656 5819 1794 5893 quod
1822 5831 1868 5876 et
1900 5837 1990 5892 ego

1062 371 1120 427 S.
1164 370 1444 427 JOANNIS
1482 367 1959 428 CHRYSOSTOMI
1999 364 2318 422 ARCHIEP.
2361 363 2902 421 CONSTANTINOP.

3549 365 3697 422 94'0

2059 477 2313 547 Spiritum
2341 474 2438 530 Dei
2467 475 2676 531 habeant
2703 475 2791 547 (1.
2822 474 2943 532 Cor.
2963 476 3018 531 ’1.
3039 475 3164 551 40).
3187 477 3325 546 Quid
3362 479 3528 550 igitur
3589 477 3707 533 hic

2057 571 2220 626 dicit?
2243 569 2480 625 Exorsus
2504 569 2574 624 ab
2593 569 2749 636 Abel,
2767 583 2888 624 cum
2907 567 3130 626 dixisset
3149 568 3408 641 majorem
3424 569 3703 626 hostiam

2058 663 2192 718 Abel
2225 677 2334 733 pm
2361 661 2493 718 Cain
2535 661 2796 718 obtulisse
2827 662 2939 719 Deo
2958 703 2974 730 ,
3003 671 3062 720 et
3099 674 3318 735 propter
3339 663 3478 720 hanc
3505 679 3703 719 mor-

2063 763 2213 810 tuum
2241 753 2417 810 adhuc
2447 752 2594 825 loqui
2627 771 2643 810 :
2673 753 2872 810 deinde
2915 754 3190 824 digressus
3231 754 3298 810 ad
3335 754 3699 826 prophetas,

2062 861 2128 904 ac
2152 847 2373 904 decursa
2400 846 2541 903 serie
2569 860 2738 916 usque
2777 845 2846 901 ad
2875 845 3134 902 Joannem
3155 889 3171 913 ,
3215 847 3438 903 dixisset
3463 865 3478 902 :
3514 845 3705 900 Occi-

2062 941 2205 996 sione
2249 940 2409 1012 gladii
2435 939 2618 994 mortui
2643 948 2799 1006 sunt,
2831 938 2923 994 alii
2952 956 3065 994 vero
3093 938 3300 994 distenti
3323 949 3439 995 sunt
3463 937 3701 1011 (Hebr.

2067 1033 2156 1086 11.
2187 1029 2316 1105 57);
2354 1030 2535 1104 multis
2559 1039 2614 1085 et
2641 1029 2871 1086 diversis
2898 1030 3087 1085 mortis
3118 1030 3400 1102 generibus
3423 1043 3706 1085 comme—

2067 1123 2308 1189 moratis,
2338 1121 2563 1191 subjecit
2593 1121 2694 1176 hoc
2718 1120 2912 1176 modo:
2938 1119 3122 1194 Itaque
3141 1138 3232 1176 nos
3253 1137 3445 1193 quoque
3464 1129 3705 1174 tantam

2067 1214 2304 1270 habentes
2345 1213 2742 1268 circumdantem
2770 1229 2862 1268 nos
2899 1213 3084 1268 nubem
3124 1224 3438 1285 martyrum,
3465 1211 3706 1282 abjecto

2069 1309 2207 1363 omni
2233 1307 2471 1379 pondere,
2497 1323 2586 1380 per
2614 1306 2934 1361 tolerantiam
2962 1322 3224 1361 curramus
3268 1305 3288 1378 (
3328 1304 3406 1359 Ib.
3443 1304 3536 1360 12.
3570 1305 3602 1359 1
3649 1303 3701 1374 ).

2068 1398 2232 1455 Vides
2259 1398 2400 1470 quod
2425 1399 2585 1454 etiam
2612 1398 2745 1454 Abel
2766 1399 3051 1469 appellavit
3074 1409 3360 1470 martyrem
3382 1407 3437 1453 et
3453 1396 3608 1461 Noe,
3637 1405 3704 1450 ct

2069 1492 2363 1558 Abraham,
2394 1501 2448 1548 et
2475 1492 2642 1558 Isaac,
2671 1501 2725 1547 et
2745 1491 2934 1547 Jacob.
2955 1490 3090 1546 Nam
3119 1499 3172 1546 et
3201 1491 3419 1545 istorum
3444 1489 3703 1561 quidam

2070 1585 2152 1644 sic
2179 1596 2398 1657 propter
2425 1587 2590 1641 Deum
2622 1585 2820 1640 mortui
2850 1592 2998 1651 sunt,
3025 1583 3469 1654 quemadmodum
3490 1583 3704 1652 i‘nquit

2073 1676 2288 1744 Paulus,
2318 1676 2555 1744 Quotidie
2579 1677 2769 1730 morior
2798 1675 2874 1750 (l.
2904 1675 3022 1731 Cor.
3050 1677 3136 1731 15.
3170 1676 3262 1747 51)
3287 1693 3300 1729 :
3326 1690 3428 1730 non
3447 1674 3701 1746 quidem

2075 1767 2329 1832 moriens,
2357 1768 2451 1822 sed
2477 1767 2749 1837 proposito
2771 1774 2978 1821 tantum
2999 1780 3286 1836 perpessus
3303 1775 3558 1820 mortem.
3591 1764 3704 1820 Sic

2074 1866 2129 1913 et
2156 1865 2232 1925 ttt,
2256 1859 2301 1914 si
2329 1857 2591 1928 repuleris
2619 1857 3034 1923 incantamenta,
3065 1855 3338 1923 veneﬁcia,
3363 1870 3425 1910 ac
3453 1856 3702 1926 praesti-

2075 1952 2218 2022 gias,
2251 1953 2461 2008 etiamsi
2493 1952 2683 2008 morbo
2711 1952 2992 2019 moriaris,
3020 1959 3222 2024 martyr
3259 1950 3522 2021 perfectus
3558 1950 3702 2006 fue~

2075 2047 2151 2101 ris
2179 2087 2194 2114 ,
2233 2061 2302 2102 eo
2349 2046 2492 2117 quod
2516 2087 2532 2112 ,
2563 2046 2684 2102 aliis
2721 2045 3097 2117 pollicentibus
3133 2044 3306 2100 morbi
3348 2045 3701 2100 levationem

2076 2151 2198 2191 cum
2242 2137 2548 2207 impietate,
2591 2138 2910 2209 praeoptaris
2938 2144 3164 2193 mortem
3207 2151 3327 2192 cum
3358 2139 3579 2206 pietate.
3621 2136 3702 2193 Et

2078 2227 2195 2284 haec
2224 2229 2378 2284 nobis
2407 2230 2544 2285 dicta
2577 2238 2736 2285 sunto
2764 2230 3020 2286 adversus
3045 2244 3138 2286 eos
3158 2270 3173 2295 ,
3201 2231 3291 2301 qui
3318 2230 3554 2299 jactant,
3595 2229 3697 2284 di-

2077 2331 2310 2392 cuntque
2334 2321 2607 2378 daemones
2635 2322 2858 2378 mederi.
2889 2322 3176 2390 Caeterum,
3208 2331 3267 2376 ut
3297 2323 3582 2392 intelligas,
3615 2338 3695 2378 ne

2079 2412 2182 2468 hoc
2206 2414 2420 2485 quidem
2445 2430 2566 2470 esse
2590 2429 2772 2470 verum
2796 2459 2811 2482 ,
2852 2414 2977 2470 audi
3008 2414 3134 2486 quid
3170 2413 3411 2470 Christus
3433 2414 3581 2469 dicat
3615 2416 3693 2472 de

2080 2505 2295 2560 diabolo
2316 2547 2332 2572 ,
2368 2505 2472 2560 Ille
2515 2506 2770 2561 homicida
2806 2516 2915 2562 erat
2953 2505 3016 2560 ab
3053 2507 3199 2560 initio
3228 2503 3419 2576 (Joan.
3445 2505 3501 2560 8.
3530 2506 3610 2560 44
3639 2505 3689 2575 ).

2085 2599 2226 2653 Deus
2255 2597 2405 2662 dicit,
2432 2598 2699 2654 homicida
2727 2608 2810 2654 est
2837 2615 2852 2655 :
2881 2606 2935 2654 et
2961 2607 3016 2654 tu
3039 2598 3104 2654 ad
3133 2599 3285 2654 illum
3314 2608 3578 2669 tamquam
3611 2598 3689 2652 ad

2083 2687 2350 2744 medicum
2383 2690 2592 2746 curris?
2623 2690 2719 2747 Dic
2747 2689 2877 2746 mihi
2904 2731 2920 2758 ,
2962 2705 3082 2746 cum
3113 2691 3445 2746 accusaberis
3466 2731 3483 2756 ,
3513 2705 3688 2760 quam

2085 2781 2345 2836 rationem
2376 2781 2568 2838 afferre
2599 2782 2801 2852 poteris
2819 2824 2834 2847 ,
2859 2781 2950 2853 qui
2979 2782 3170 2838 credas
3201 2783 3389 2838 horum
3418 2784 3688 2852 impastu-

2082 2872 2158 2926 ris
2199 2886 2319 2927 esse
2366 2872 2635 2928 ﬁdendum
2679 2874 2891 2944 potius,
2923 2889 3083 2945 quam
3119 2873 3318 2929 Christi
3359 2873 3686 2929 sententiae!

2081 2965 2217 3020 Cum
2266 2965 2409 3022 enim
2451 2967 2592 3023 Deus
2636 2967 2781 3024 dicat
2799 3009 2822 3035 ,_
2847 2966 3118 3024 homicida
3158 2976 3287 3024 est:
3321 2968 3406 3023 isti
3437 2982 3562 3023 vero
3588 2967 3688 3023 di-

2083 3071 2210 3114 cant
2233 3100 2247 3126 ,
2285 3068 2461 3131 potest
2500 3075 2690 3117 curare
2730 3061 2985 3130 morbos,
3023 3061 3278 3117 nimirum
3323 3070 3688 3130 repugnantes

2085 3153 2364 3207 sententiae
2376 3152 2571 3208 divinae
2590 3171 2603 3206 :
2625 3160 2680 3208 tu
2693 3167 2824 3209 vero
2844 3153 3074 3224 recipias
3092 3151 3282 3207 horum
3305 3151 3563 3207 maleﬁcia
3583 3151 3684 3207 illa

2085 3253 2139 3298 ct
2175 3245 2570 3300 incantamenta
2600 3287 2614 3312 ,
2644 3245 2778 3300 nihil
2804 3245 2947 3301 aliud
2978 3244 3107 3315 ipsis
3134 3243 3290 3300 factis
3319 3244 3421 3299 tuis
3443 3243 3682 3314 judicas,

2085 3352 2244 3408 quam
2296 3338 2518 3393 istorum
2552 3338 2728 3394 verbis
2772 3338 2948 3409 potius
2977 3336 3275 3392 habendam
3303 3335 3490 3401 ﬁdem,
3520 3350 3686 3406 quam

2086 3430 2282 3487 Christi
2310 3449 2324 3486 :
2354 3431 2480 3487 licet
2506 3431 2688 3488 verbis
2723 3430 2777 3486 id
2820 3446 2928 3486 non
2957 3430 3125 3486 dicas.
3153 3427 3307 3497 Quod
3349 3428 3392 3482 si
3435 3427 3686 3483 diabolus

2088 3521 2356 3578 homicida
2386 3531 2490 3588 est,
2525 3521 2865 3578 manifestum
2887 3519 3130 3591 estquod
3156 3519 3233 3574 illi
3257 3519 3548 3575 servientes
3573 3517 3687 3573 das-

2087 3629 2275 3670 moncs
2298 3625 2443 3670 sunt.
2473 3615 2540 3670 Et
2562 3617 2663 3670 hoc
2682 3629 2896 3686 quoque
2919 3623 2972 3669 te
2993 3613 3122 3682 ipsis
3148 3611 3302 3667 factis
3327 3609 3506 3666 docuit
3531 3609 3686 3664 Chri-

2087 3717 2238 3774 stus,
2265 3708 2354 3778 qui
2387 3707 2628 3778 permisit
2657 3707 2777 3762 illos
2809 3708 3015 3762 irruere
3038 3706 3093 3761 in
3119 3705 3269 3760 illum
3309 3719 3520 3776 gregem
3552 3719 3680 3774 por-

2087 3814 2297 3866 corum,
2328 3815 2488 3870 quem
2519 3801 2826 3855 universum
2851 3799 2906 3853 in
2929 3813 3074 3853 mare
3099 3797 3497 3868 praecipitarunt
3527 3794 3674 3867 (Luc.

2089 3891 2142 3958 8,
2177 3890 2267 3945 52.
2295 3889 2480 3961 seqq.),
2505 3899 2565 3945 ut
2591 3890 2922 3960 intelligeres
2956 3887 3094 3959 quod
3123 3887 3310 3942 eadem
3351 3886 3540 3941 facturi
3567 3885 3674 3940 fue-

2089 3987 2197 4042 riut
2221 3985 2546 4052 hominibus,
2575 3986 2863 4054 statimque
2893 3981 3300 4054 praefocassent,
3335 3979 3378 4034 si
3410 3981 3546 4034 Deus
3573 3978 3675 4034 illis

2091 4078 2443 4150 permisisset.
2470 4077 2621 4133 Nunc
2645 4090 2777 4132 vero
2820 4075 2935 4146 ipse
2975 4073 3092 4128 illos
3118 4071 3356 4127 coercuit
3389 4069 3675 4141 prohibuit-

2090 4184 2233 4241 que,
2282 4184 2381 4225 nec
2428 4168 2717 4240 quidquam
2757 4167 2835 4222 eis
2881 4165 3124 4238 permisit
3163 4162 3341 4219 facere
3371 4161 3669 4231 ejusmodi:

2090 4261 2233 4332 quod
2260 4261 2475 4332 quidem
2507 4261 2607 4331 ipsi
2641 4267 2906 4330 potestate
2945 4257 3001 4312 itt
3029 4269 3222 4326 porcos
3261 4263 3476 4324 accepta
3507 4251 3672 4307 decla-

2090 4361 2298 4408 rarunt.
2329 4352 2540 4407 Etenim
2566 4351 2610 4406 si
2638 4351 2816 4421 porcis
2846 4364 2951 4404 non
2981 4353 3366 4418 pepercerunt,
3393 4343 3563 4398 multo
3582 4341 3671 4395 mi-

2091 4459 2193 4499 nus
2217 4459 2247 4498 a
2277 4444 2431 4500 nobis
2457 4443 2860 4507 abstinuissent,
2889 4440 2932 4495 si
2956 4439 3211 4493 adversus
3234 4451 3336 4490 nos
3365 4440 3670 4503 potestatem

2093 4536 2424 4592 habuissent.
2456 4534 2536 4591 Ne
2563 4534 2744 4606 igitur,
2776 4533 2971 4588 dilecte
2991 4572 3007 4598 ,
3042 4529 3314 4584 fraudibus
3341 4526 3552 4581 illorum
3577 4523 3666 4579 ab-

2091 4627 2334 4694 ducaris;
2367 4625 2462 4683 sed
2485 4635 2602 4682 esto
2629 4625 2979 4682 conﬁrmatus
3005 4623 3056 4676 in
3085 4622 3277 4675 timore
3299 4618 3414 4673 Dei.

2165 4717 2329 4788 Signo
2348 4717 2513 4772 crucis
2534 4732 2690 4786 prava
2713 4723 2932 4786 potestas
2956 4711 3118 4766 omnis
3134 4714 3359 4782 fugatur.
3383 4737 3456 4748 —
3474 4707 3541 4762 Et
3555 4719 3679 4776 quo-

2093 4813 2254 4869 modo
2297 4811 2613 4882 ingredieris
2652 4807 3011 4881 synagogam?
3036 4805 3091 4860 Si
3121 4817 3350 4872 namque
3393 4799 3676 4870 signaveris

2095 4905 2325 4961 frontem
2349 4913 2516 4967 tuam,
2547 4902 2693 4957 illico
2717 4901 2883 4970 fugiet
2909 4913 3069 4969 prava
3101 4904 3338 4966 potestas
3363 4905 3676 4965 synagogam

2095 4997 2422 5056 inhabitans.
2455 4996 2512 5052 Si
2553 5009 2682 5050 vero
2711 5009 2818 5048 non
2849 4991 3177 5063 signaveris,
3227 4990 3280 5043 in
3326 4988 3455 5057 ipsis
3485 4984 3678 5040 foribus

2098 5093 2340 5166 protinus
2368 5104 2516 5146 arma
2543 5087 2786 5159 abjecisti
2805 5129 2819 5153 ,
2852 5101 2977 5141 mox
3001 5083 3203 5139 nudum
3226 5091 3281 5136 et
3309 5081 3568 5135 inermem
3594 5075 3682 5129 ab-

2097 5192 2307 5256 reptum
2359 5191 2410 5237 te
2455 5179 2700 5236 diabolus
2754 5179 2908 5232 malis
2964 5175 3260 5231 innumeris
3315 5171 3534 5225 afﬁciet.
3584 5166 3679 5224 Sed

2097 5279 2224 5350 quid
2250 5276 2441 5331 attinet
2467 5273 2585 5329 haec
2607 5288 2637 5328 a
2661 5273 2814 5327 nobis
2839 5270 2986 5326 dici?
3014 5268 3145 5323 Nam
3173 5265 3313 5337 quod
3341 5265 3458 5335 ipse
3485 5275 3681 5332 quoque

2099 5368 2386 5425 maximum
2413 5373 2692 5437 peccatum
2711 5378 2831 5419 esse
2852 5361 3080 5432 judicas,
3105 5359 3172 5414 ad
3198 5359 3515 5413 sceleratum
3541 5354 3678 5409 illum

2099 5465 2274 5520 locum
2319 5473 2638 5523 accurrere,
2683 5453 3021 5511 manifestum
3060 5460 3143 5506 est
3189 5466 3256 5506 ex
3302 5449 3417 5515 ipso
3463 5443 3678 5502 adeundi

2099 5556 2283 5613 modo.
2312 5555 2524 5611 Etenim
2551 5551 2689 5606 clam
2717 5549 2841 5603 illuc
2865 5544 3125 5600 accedere
3148 5541 3354 5605 studes,
3382 5547 3439 5594 et
3459 5537 3675 5601 famulis,

2099 5650 2307 5717 amicis,
2336 5657 2497 5719 atque
2524 5643 2714 5700 vicinis
2739 5637 3035 5704 interdicis,
3062 5652 3128 5691 nc
3155 5644 3208 5690 te
3239 5633 3483 5688 deferant
3518 5628 3580 5682 ad
3601 5643 3677 5681 sa-

2099 5742 2352 5799 cerdotes
2383 5759 2398 5798 :
2431 5722 2506 5793 ac
2540 5737 2586 5792 si
2627 5735 2746 5804 quis
2789 5730 3080 5795 detulerit,
3137 5725 3447 5798 indignaris.
3502 5722 3678 5776 Annon

2102 5835 2263 5909 igitur
2308 5847 2511 5903 magna:
2555 5827 2837 5886 dementia:
2864 5825 2968 5894 sit,
3003 5822 3253 5878 homines
3289 5818 3426 5875 velle
3470 5814 3675 5882 fallere,
