3958 6406
201 353 330 411 9M

192 485 350 525 cum
376 484 504 526 vero
524 468 662 524 Deus
687 468 866 524 videat
889 469 1080 540 ubique
1109 480 1368 540 praesens,
1395 466 1646 537 perfricta
1672 465 1808 520 faeie

196 571 436 616 tantum
473 559 678 616 facinus
721 561 957 615 audere?
985 559 1090 615 Sed
1121 575 1227 614 non
1253 561 1410 615 times
1435 557 1643 614 Deum?
1671 559 1811 629 Ergo

196 655 418 712 saltem
463 653 608 723 ipsos
652 668 899 709 reverere
939 651 1172 709 Judaeos.
1217 651 1418 721 Quibus
1459 653 1603 707 enim
1644 652 1812 706 oculis

199 745 376 816 ipsos
405 743 730 800 intueberis?
755 743 870 812 Quo
899 759 994 800 ore
1017 743 1304 814 alloqueris
1327 783 1343 810 ,
1386 741 1512 798 dum
1553 741 1811 814 proﬁtens

200 846 270 891 te
300 851 426 892 esse
445 835 828 907 Christianum,
855 845 1030 890 tamen
1053 835 1117 888 ad
1146 835 1358 890 illorum
1383 835 1552 890 curris
1580 848 1809 905 synago-

197 941 338 997 gas,
369 935 424 982 et
451 927 519 981 ab
549 927 654 981 illis
680 941 836 997 opem
866 927 1156 997 imploras?
1184 925 1298 981 Non
1331 925 1614 995 perpendis
1637 940 1810 996 quan-

201 1028 337 1073 tum
371 1021 534 1074 risum
561 1019 612 1073 in
644 1029 697 1074 te
726 1019 1028 1086 effundent,
1063 1028 1193 1089 quot
1218 1029 1531 1085 scommata,
1557 1029 1807 1090 quantam

200 1109 698 1165 subsannationem
720 1150 736 1176 ,
765 1119 960 1180 quanta
991 1110 1253 1165 dedecora
1273 1152 1288 1178 ,
1324 1120 1572 1180 quantam
1602 1111 1808 1166 irrisio-

199 1217 386 1267 nem,
429 1211 625 1270 quanta
671 1201 887 1271 probra,
927 1201 1029 1257 etsi
1070 1217 1178 1256 non
1221 1200 1415 1272 palam,
1456 1211 1602 1258 certe
1631 1202 1682 1257 in
1711 1217 1808 1258 sua

200 1292 462 1363 ipsorum
491 1293 856 1350 conscientia?

291 1383 353 1438 9.
381 1383 610 1438 Proinde
629 1385 714 1438 die
739 1385 886 1450 mihi,
912 1383 1148 1440 haeccine
1173 1393 1299 1438 sunt
1324 1384 1640 1453 tolerabilia,
1667 1385 1807 1441 haec-

202 1473 344 1527 cine
373 1471 628 1528 ferenda?
654 1473 879 1529 Etiamsi
910 1476 1052 1529 mille
1089 1485 1292 1531 mortes
1319 1475 1424 1530 sint
1452 1477 1766 1546 oppetendae
1785 1519 1801 1544 ,

209 1570 277 1617 et
305 1564 621 1634 gravissima
651 1565 926 1619 toleranda
971 1565 1077 1619 sint
1106 1565 1242 1618 mala
1261 1607 1277 1631 ,
1318 1580 1496 1621 nonne
1519 1567 1686 1622 multo
1715 1582 1804 1623 sa-

205 1655 329 1710 tius
356 1664 470 1709 erat
495 1670 682 1710 omnes
725 1655 844 1709 illas
889 1656 1095 1725 perpeti
1139 1655 1503 1723 calamitates,
1546 1672 1704 1727 quam
1749 1666 1805 1713 ut

207 1747 326 1802 iste
356 1747 701 1802 scelestorum
733 1749 872 1802 risus
897 1755 953 1803 et
978 1748 1322 1802 subsannatio
1354 1747 1542 1814 fieret,
1570 1763 1633 1804 ac
1663 1765 1803 1820 prae-

207 1847 372 1892 terea
396 1852 516 1891 eum
543 1837 680 1892 mala
706 1835 1028 1893 conscientia
1050 1837 1355 1892 viveretur?
1383 1838 1506 1893 llaec
1535 1854 1639 1893 non
1659 1839 1801 1908 dico,

208 1939 275 1982 ut
303 1928 532 1984 audiatis
559 1936 782 1996 tantum,
811 1944 994 1983 verum
1021 1929 1181 1985 etiam
1212 1936 1270 1982 ut
1295 1928 1378 1984 his
1421 1930 1624 1984 morbis
1654 1930 1806 1986 labo-

207 2029 404 2076 rantes
432 2022 649 2076 sanetis.
676 2021 1130 2087 Quemadmodum
1159 2021 1298 2075 enim
1331 2020 1449 2075 illos
1479 2022 1801 2089 incusamus,

207 2113 366 2181 quod
395 2113 601 2168 inllnna
632 2113 736 2167 sint
768 2113 870 2168 ﬁde
897 2131 910 2167 :
939 2114 1016 2168 sic
1039 2122 1094 2168 et
1118 2127 1235 2181 vos,
1260 2113 1400 2184 quod
1429 2115 1667 2170 inlirmos
1693 2131 1807 2171 cor-

208 2203 397 2272 rigere
426 2217 531 2258 non
559 2203 751 2258 velitis.
775 2203 891 2258 Non
921 2204 1080 2275 igitur
1108 2203 1212 2259 hoc
1238 2213 1319 2260 est
1354 2206 1496 2276 quod
1525 2208 1799 2277 qumritur,

208 2294 439 2359 dilecte,
468 2301 525 2348 ut
551 2294 656 2350 huc
682 2295 952 2365 ingressus
994 2303 1196 2351 tantum
1224 2296 1438 2363 audias,
1470 2313 1591 2368 qua:
1617 2299 1802 2353 dicun-

212 2394 329 2438 tur.
355 2384 486 2439 Nam
533 2386 587 2440 id
629 2386 844 2457 quidem
873 2387 1032 2442 etiam
1074 2387 1275 2443 crimen
1304 2398 1417 2454 est,
1457 2405 1576 2443 eum
1608 2391 1801 2446 auditis

215 2481 562 2534 sermonibus
614 2497 719 2534 non
766 2479 1066 2550 adjungitur
1115 2495 1337 2550 operum
1395 2481 1798 2538 demonstratio.

211 2570 511 2643 Propterea
537 2571 871 2627 Christianus
897 2587 974 2638 es,
1001 2580 1057 2627 ut
1083 2571 1352 2628 Christum
1386 2573 1627 2640 imiteris,
1659 2574 1802 2644 ejus-

212 2677 326 2732 que
354 2663 555 2734 lcgibus
579 2679 780 2718 morem
805 2679 981 2734 geras.
1011 2664 1150 2732 Quid
1176 2674 1355 2721 autem
1382 2665 1470 2721 ille
1495 2665 1656 2722 fecit?
1681 2667 1798 2724 Non

213 2753 568 2826 Jerosolymis
597 2755 848 2810 desidcns
877 2757 1085 2811 vocavit
1110 2757 1176 2812 ad
1206 2772 1265 2814 se
1293 2767 1544 2828 aegrotos,
1575 2759 1670 2815 sed
1699 2760 1798 2814 ob-

214 2844 525 2900 ambulabat
559 2846 800 2902 civitates
842 2861 904 2902 ac
944 2847 1089 2901 vicos
1114 2890 1126 2913 ,
1157 2849 1398 2917 geminos
1423 2864 1616 2904 curans
1655 2866 1800 2907 mor.

213 2935 339 3002 bos,
358 2943 466 2988 tum
486 2937 670 3002 animi,
691 2944 799 2991 tum
828 2937 1085 3007 corporis.
1115 2938 1359 2992 Attamen
1381 2946 1588 3008 poterat
1608 2941 1796 2996 eodem

216 3025 270 3079 in
300 3025 419 3080 loco
443 3027 640 3081 sedens
683 3041 872 3081 omnes
914 3027 978 3080 ad
1024 3042 1085 3082 se
1119 3017 1434 3083 attrahere:
1465 3045 1568 3084 non
1618 3039 1795 3086 tamen

213 3115 321 3172 hoc
344 3115 485 3182 fecit,
515 3119 668 3172 nobis
697 3119 942 3189 praebens
963 3119 1286 3189 exemplum,
1313 3129 1372 3174 ut
1392 3121 1795 3179 obambulemus

213 3220 271 3266 et
319 3225 620 3281 quzeramus
657 3226 786 3279 eos,
834 3211 923 3281 qui
965 3220 1208 3281 pereunt.
1247 3211 1452 3267 Rursus
1493 3212 1596 3268 hoc
1636 3215 1796 3270 etiam

213 3302 468 3372 parabola
496 3302 561 3357 de
589 3311 801 3374 pastore
829 3302 1144 3373 signiﬁcavit
1167 3303 1328 3373 (Luc.
1362 3305 1448 3358 15.
1492 3305 1643 3376 4-6).
1675 3305 1789 3360 Non

214 3394 359 3446 enim
386 3393 662 3448 desidebat
690 3409 810 3449 eum
842 3394 1126 3465 nonaginta
1151 3409 1342 3450 novem
1371 3395 1579 3464 ovibus,
1608 3412 1796 3468 exspe-

210 3495 366 3540 ctans
393 3482 584 3550 donec,
608 3502 726 3558 quae
747 3487 1089 3543 abcrraverat
1107 3531 1124 3554 ,
1155 3489 1362 3545 veniret
1385 3490 1450 3544 ad
1473 3491 1676 3562 ipsum;
1700 3492 1796 3548 sed

211 3575 344 3630 abiit
373 3577 504 3646 ipse,
534 3585 587 3632 et
612 3578 814 3633 invenit
839 3619 854 3644 ,
885 3581 1261 3650 inventamque
1295 3589 1524 3650 gestavit
1559 3581 1796 3640 humeris

213 3685 278 3724 ac
304 3670 533 3724 reduxit.
558 3671 748 3726 Annon
777 3671 925 3727 vides
952 3672 1186 3727 medicos
1229 3689 1438 3745 quoque
1482 3673 1585 3731 hoc
1621 3677 1794 3746 ipsum

214 3758 425 3815 facere?
466 3759 584 3815 Non
613 3772 807 3831 cogunt
849 3771 1076 3833 mgrotos
1118 3761 1258 3818 lecto
1301 3764 1680 3822 decumbentes
1727 3767 1794 3824 ad

216 3853 450 3922 ipsorum
476 3851 618 3906 azdes
646 3852 861 3920 deferri,
892 3852 984 3908 sed
1017 3853 1115 3924 ipsi
1142 3865 1426 3911 accurrunt
1447 3857 1514 3913 ad
1544 3873 1656 3914 eos.
1681 3859 1795 3916 Hoc

214 3954 270 4000 et
315 3954 368 4000 tu
416 3945 609 4012 facito,
655 3947 851 4002 dilecte
875 3988 890 4012 ,
934 3949 1111 4002 sciens
1139 3959 1457 4019 praesentem
1487 3952 1649 4006 vitam
1676 3966 1796 4010 esse

217 4037 434 4091 brevem
462 4078 477 4104 ,
506 4052 571 4092 ac
598 4037 697 4091 nisi
727 4037 841 4092 hmc
867 4040 1012 4092 lucra
1042 4040 1403 4108 paraverimus
1423 4081 1439 4107 ,
1469 4041 1665 4096 nullam
1697 4057 1796 4098 nos

217 4129 324 4182 illic
349 4127 622 4183 habituros
651 4144 769 4184 esse
801 4131 1048 4185 salutem.
1073 4131 1225 4200 Saepe
1253 4147 1355 4186 una
1385 4134 1560 4187 anima
1583 4176 1598 4200 ,
1631 4149 1792 4203 quam

217 4219 404 4274 luenti
435 4218 724 4284 fuerimus,
753 4230 928 4290 potest
958 4221 1419 4277 innumerabilium
1450 4232 1793 4293 peccatorum

217 4308 422 4380 pondus
447 4309 662 4365 abolere
681 4351 697 4375 ,
726 4312 1020 4392 animaeque
1050 4311 1373 4367 redimendae
1413 4312 1525 4367 ﬁeri
1563 4315 1794 4382 pretium

218 4403 270 4456 in
319 4402 408 4457 illo
449 4403 553 4457 die.
595 4404 780 4474 Cogita
823 4420 917 4458 cur
947 4407 1218 4474 propheta:
1241 4446 1255 4470 ,
1285 4421 1382 4460 cur
1405 4407 1669 4475 apostoli,
1701 4421 1796 4461 cur

217 4491 362 4562 iusti,
388 4507 485 4547 cur
513 4492 822 4564 frequenter
848 4495 1023 4565 angeli
1055 4495 1202 4550 missi
1231 4495 1336 4550 sint
1356 4538 1372 4564 ,
1404 4511 1500 4550 cur
1526 4497 1642 4565 ipse
1672 4497 1792 4551 uni-

217 4584 423 4653 genitus
455 4585 546 4639 Dei
578 4584 743 4639 Filius
767 4586 1062 4642 advenerit.
1085 4583 1277 4639 Annon
1312 4594 1371 4640 ut
1403 4588 1647 4642 homines
1673 4603 1792 4644 scr-

218 4677 410 4731 varet?
437 4677 625 4730 Annon
674 4686 730 4730 ut
760 4692 853 4731 eos
895 4686 1143 4733 errantes
1179 4677 1475 4732 reduceret.
1511 4678 1623 4732 lloe
1654 4679 1794 4734 idem

217 4783 342 4838 agas
383 4777 435 4822 tu
478 4785 688 4839 quoque
727 4785 823 4839 pro
860 4770 1061 4824 viribus
1091 4772 1229 4836 tuis,
1261 4786 1524 4840 omneque
1561 4773 1793 4826 studium

217 4877 281 4916 ac
305 4861 714 4915 sollicitudinem
745 4862 1024 4931 impendas
1048 4862 1114 4916 ad
1143 4862 1501 4918 reducendum
1541 4878 1634 4916 eos
1657 4904 1673 4929 ,
1705 4864 1794 4933 qui

217 4952 550 5005 aberrarunt.
580 4951 662 5006 Ad
691 4953 805 5006 haec
832 4968 929 5007 vos
953 4954 1176 5023 singulis
1211 4954 1558 5009 concionibus
1597 4953 1793 5007 adhor-

215 5041 317 5098 tari
361 5057 467 5097 non
513 5057 707 5099 cesso:
737 5043 847 5099 sive
891 5052 1123 5100 mentem
1174 5043 1491 5112 adhibeatis,
1535 5044 1647 5101 sive
1685 5059 1793 5100 non

1403 354 1766 412 ADVERSUS
1791 352 2087 411 JUDAZOS.
2120 355 2252 414 Vill.

3395 364 3496 417 932

1918 465 2234 532 adhibeatis,
2261 483 2359 540 ego
2387 469 2567 526 dicere
2592 485 2698 526 non
2720 469 2980 526 desinam.
3006 471 3136 526 Nam
3163 473 3299 529 hanc
3325 477 3494 546 legem

1918 559 2074 613 nobis
2099 561 2236 616 Deus
2263 564 2609 633 praescripsit,
2641 572 2698 618 ut
2724 563 3080 619 sive'audierit
3104 566 3243 634 quis,
3274 582 3366 621 seu
3389 584 3493 623 non

1916 650 2161 718 audierit,
2196 651 2297 708 hoc
2325 653 2677 709 ministerium
2711 654 3046 725 impleamus.
3073 655 3179 712 Sed
3199 658 3245 713 si
3280 659 3496 728 quidem

1914 743 2189 799 audieritis
2226 754 2279 800 ct
2326 745 2561 802 feceritis
2608 762 2669 803 ca
2717 763 2837 818 quae
2872 747 3150 815 dicuntur,
3179 750 3341 804 multa
3373 765 3496 806 cum

1913 833 2188 903 voluptate
2213 834 2318 892 hoc
2344 837 2515 906 ipsum
2547 837 2840 903 faciemus;
2865 837 2948 894 sin
2982 849 3158 893 autem
3190 841 3493 910 neglexeri-

1915 923 1982 977 tis
2002 939 2064 979 ac
2086 924 2299 981 desides
2323 925 2530 983 fueritis
2547 970 2561 994 ,
2588 929 2754 982 multa
2779 944 2898 983 cum
2923 931 3156 984 tristitia.
3180 930 3344 987 Nobis
3370 933 3492 1003 qui-

1912 1011 2034 1067 dem
2063 1029 2126 1069 ex
2157 1024 2334 1070 vestra
2363 1017 2721 1073 inobedientia
2750 1018 2951 1072 nullum
2981 1017 3212 1075 futurum
3238 1030 3322 1076 est
3349 1023 3495 1090 peri-

1911 1103 2114 1169 culum,
2143 1107 2571 1177 quandoquidem
2594 1108 2849 1178 quidquid
2871 1112 2987 1164 erat
3011 1120 3253 1166 nostrum
3281 1113 3492 1182 praesti-

1913 1193 2104 1261 timus;
2152 1203 2208 1249 at
2253 1211 2572 1266 quamquam
2627 1212 2733 1251 non
2787 1198 3150 1267 periclitamur
3205 1216 3348 1268 nos,
3398 1201 3491 1272 qui

1913 1285 2315 1355 praestiterimus
2338 1288 2541 1355 omnia,
2564 1304 2683 1359 quae
2712 1289 2764 1343 in
2792 1289 2947 1344 nobis
2967 1300 3109 1357 sunt,
3139 1291 3382 1348 dolemus
3408 1302 3491 1348 ta-

1909 1391 2032 1430 men
2066 1377 2207 1448 quod
2235 1394 2331 1434 vos
2361 1380 2642 1434 accusandi
2685 1380 2801 1434 sitis
2846 1381 2897 1434 in
2928 1381 3015 1436 die
3046 1383 3155 1437 illo.
3183 1383 3298 1438 Non
3349 1386 3491 1440 enim

1909 1465 2110 1539 absque
2148 1471 2382 1539 periculo
2419 1471 2570 1527 vobis
2614 1473 2716 1528 erit
2744 1474 2960 1528 audisse
2983 1516 2998 1539 ,
3027 1475 3072 1530 si
3099 1490 3207 1531 non
3249 1492 3494 1534 accesse-

1907 1557 2016 1612 rint
2054 1575 2237 1630 opera.
2282 1561 2416 1616 Audi
2457 1562 2615 1631 igitur
2638 1565 2906 1633 quomodo
2939 1561 3182 1621 Christus
3233 1583 3491 1625 accusans

1907 1648 2152 1706 doctores
2198 1667 2500 1707 sermonem
2544 1655 2890 1721 occultantes,
2931 1657 3091 1712 etiam
3122 1658 3204 1722 iis,
3250 1660 3339 1729 qui
3385 1659 3486 1714 do-

1907 1749 2114 1807 centur,
2143 1742 2409 1813 loquatur.
2435 1746 2567 1800 Cum
2611 1747 2754 1801 enim
2789 1747 3049 1803 dixisset:
3084 1749 3361 1822 Oportebat
3387 1754 3480 1809 da-

1908 1846 2092 1902 ponere
2135 1834 2400 1903 pecuniam
2438 1852 2600 1890 meam
2639 1838 2778 1907 apud
2815 1839 3130 1906 mensarios;
3168 1851 3222 1898 et
3260 1843 3490 1914 adjecis-

1906 1932 1989 1980 set
2022 1943 2035 1979 :
2068 1925 2177 1996 Ego
2219 1928 2419 1981 veniens
2451 1945 2564 1982 cum
2601 1945 2755 1984 usura
2795 1932 2963 1999 utique
2999 1933 3305 2003 repetiissem
3346 1936 3492 1990 illam

1908 2017 2121 2088 (Matth.
2167 2019 2259 2075 25.
2298 2019 2390 2092 27)
2421 2038 2436 2075 :
2465 2021 2718 2086 ostendit,
2751 2023 2891 2092 quod
2935 2033 3216 2094 postquam
3261 2027 3492 2085 audierit

1907 2109 2055 2176 (nam
2085 2107 2200 2164 haec
2228 2119 2310 2164 est
2338 2111 2576 2180 pecuniae
2614 2110 2900 2186 depositio)
2931 2114 3019 2183 qui
3063 2117 3268 2185 accepit
3294 2116 3493 2173 doctri-

1906 2213 2052 2267 nam,
2081 2215 2296 2256 usuram
2337 2201 2513 2257 facere
2551 2202 2729 2268 debet,
2761 2210 3009 2274 tanquam
3041 2204 3256 2262 domino
3287 2210 3487 2279 repeti-

1905 2297 2046 2345 turo.
2090 2290 2263 2346 Usura
2313 2302 2490 2348 autem
2537 2292 2797 2350 doctrina:
2844 2295 2975 2351 nihil
3019 2296 3164 2352 aliud
3207 2307 3289 2353 est
3328 2314 3488 2369 quam

1905 2397 2123 2452 operum
2169 2383 2445 2439 exliibitio.
2485 2386 2626 2456 Ergo
2667 2387 2915 2456 quoniam
2961 2402 3059 2443 nos
3081 2403 3294 2460 quoque
3319 2392 3490 2461 depo-

1904 2474 2106 2528 suimus
2151 2475 2427 2544 pecuniam
2473 2476 2527 2530 in
2573 2491 2730 2532 aures
2762 2488 3012 2534 vestras:
3047 2495 3264 2536 necesse
3303 2491 3386 2538 est
3430 2491 3487 2538 ut

1907 2577 2003 2618 vos
2049 2563 2284 2620 reddatis
2310 2579 2524 2621 usuram
2555 2566 2791 2635 domino,
2829 2568 2932 2622 hoe
2968 2577 3073 2638 est,
3117 2569 3342 2626 salutem
3381 2571 3488 2628 fra-

1905 2663 2044 2711 trum
2072 2667 2391 2713 vestrorum.
2421 2658 2604 2729 Itaque
2644 2661 2689 2715 si
2735 2661 2847 2715 hmc
2892 2661 3026 2730 ipsa,
3071 2678 3187 2733 qua:
3211 2662 3484 2735 dicuntur,

1904 2755 2107 2802 tantum
2142 2749 2494 2816 detinuerilis,
2527 2751 2656 2804 nihil
2701 2765 2765 2806 ex
2797 2752 2877 2807 his
2916 2753 3320 2822 luerifacientcs,
3368 2771 3482 2812 me-

1905 2849 1996 2894 tuo
2034 2856 2101 2896 ne
2129 2841 2343 2896 easdem
2382 2841 2520 2897 detis
2549 2857 2752 2913 pmnas,
2782 2857 2916 2913 quas
2950 2842 3101 2898 dedit
3131 2844 3239 2910 ille,
3269 2846 3362 2917 qui
3402 2847 3490 2904 de-

1902 2931 2110 2987 foderat
2136 2931 2414 2987 talentum.
2444 2933 2576 2987 Nam
2604 2934 2691 2987 ille
2725 2944 3005 3003 propterea
3043 2936 3285 2991 manibus
3310 2952 3373 2992 ae
3396 2953 3481 3008 pe-

1904 3022 2060 3077 dibus
2086 3022 2298 3078 vinetus
2325 3024 2376 3076 in
2399 3024 2652 3078 tenebras
2675 3027 2882 3092 eiectus
2906 3033 2989 3079 est
3017 3027 3328 3089 exteriores,
3354 3045 3488 3098 quo-

1901 3113 2043 3166 niam
2070 3128 2176 3167 non
2203 3113 2532 3184 deprompsit
2558 3113 2612 3168 in
2637 3115 2770 3169 alios
2793 3129 2911 3184 quae
2939 3115 3195 3170 audierat.
3229 3117 3304 3172 Ne
3325 3119 3486 3188 igitur

1900 3221 1999 3261 nos
2017 3219 2228 3277 quoque
2247 3206 2436 3262 eadem
2453 3206 2733 3275 patiamur,
2756 3221 2876 3260 eum
2899 3207 2986 3277 qui
3008 3207 3242 3277 quinque
3259 3210 3476 3275 talenta,

1900 3307 1954 3353 et
1976 3314 2096 3353 eum
2113 3300 2204 3370 qui
2227 3299 2333 3353 duo
2349 3299 2572 3370 accepit,
2596 3300 2892 3360 imitemur.
2920 3300 3125 3355 etiamsi
3150 3315 3482 3369 sermonem,

1897 3389 2106 3448 etiamsi
2127 3393 2426 3461 pecuniam,
2457 3390 2664 3446 etiamsi
2697 3391 2940 3460 corporis
2978 3391 3234 3457 laborem,
3271 3393 3483 3448 etiamst

1899 3496 2105 3553 preces,
2119 3491 2210 3537 aut
2228 3482 2370 3537 aliud
2385 3481 2654 3553 quidpiam
2670 3481 2720 3535 in
2737 3481 2962 3550 proximi
2977 3479 3201 3536 salutem
3216 3482 3485 3538 inseruere

1899 3577 2212 3645 Oportuerit,
2237 3590 2304 3629 ne
2317 3561 2622 3645 graventur,
2647 3582 2706 3628 ut
2727 3573 3096 3644 undecumque
3111 3574 3368 3628 talentum
3386 3591 3482 3630 no-

1899 3667 1979 3721 bis
1992 3681 2023 3722 a
2039 3667 2144 3722 Deo
2161 3667 2410 3724 traditum
2426 3681 2522 3737 pro
2538 3681 2634 3722 sua
2649 3667 2798 3737 quisq
2807 3681 2870 3720 ue
2883 3667 3127 3735 portione
3138 3667 3244 3720 mul
3254 3666 3424 3736 tipliea
3433 3688 3498 3727 η-

1900 3767 2001 3826 tes,
2035 3761 2298 3830 possimus
2332 3759 2474 3813 illam
2497 3759 2703 3813 beatam
2733 3757 2919 3812 audire
2937 3773 3141 3819 vocem,
3163 3756 3328 3828 Euge,
3345 3775 3484 3813 serra

1897 3849 2026 3903 bene
2063 3858 2111 3903 et
2158 3848 2362 3917 ﬁdelis;
2394 3849 2447 3902 in
2487 3850 2664 3920 paucis
2711 3849 2854 3920 fuisti
2895 3848 3080 3916 ﬁdelis,
3117 3864 3277 3918 supra
3327 3850 3487 3904 multa

1898 3950 1946 3995 te
1973 3942 2307 4005 constituam;
2327 3941 2462 3994 intra
2486 3941 2541 3994 in
2565 3939 2807 4011 gaudium
2847 3939 3036 3994 domini
3063 3943 3135 3992 tui
3157 3937 3366 4010 (Matth.
3390 3939 3485 4008 25,

1896 4033 2022 4103 2|);
2078 4048 2186 4103 quo
2243 4032 2399 4087 nobis
2451 4031 2700 4086 omnibus
2753 4029 2908 4100 potiri
2952 4029 3261 4098 contingat,
3313 4032 3483 4099 gratia

1901 4132 1957 4178 et
2002 4123 2327 4192 benignitate
2367 4121 2580 4175 Domini
2632 4119 2801 4174 nostri
2837 4119 2966 4173 Jesu
3012 4117 3226 4183 Christi,
3254 4132 3488 4185 quocum

1899 4221 1955 4268 et
1996 4227 2091 4282 per
2134 4227 2293 4282 quem
2334 4210 2476 4267 Patri
2509 4211 2713 4280 gloria,
2750 4219 2804 4264 et
2847 4209 3124 4277 imperium
3165 4209 3324 4263 simul
3361 4223 3484 4262 cum

1899 4313 2083 4360 saneto
2109 4304 2330 4374 Spiritu,
2358 4303 2411 4358 in
2438 4303 2631 4358 saecula
2658 4301 3015 4368 seculorum;
3043 4300 3268 4355 Amen‘.

1963 4865 1978 4895 ί
2005 4869 2223 4925 υυογΜεε.
2248 4870 2372 4924 post,
2396 4870 2558 4923 Amen,
2582 4863 2766 4925 habent
2787 4870 3026 4925 gJuvante
3038 4873 3150 4925 Deo,
3174 4870 3316 4919 Pater
3331 4871 3490 4915 uoster

1896 4921 1948 4974 in
1967 4924 2141 4975 sanctis
2164 4921 2563 4988 Cln‘ysostomus,
2595 4922 3030 4988 orationibussuis,
3073 4921 3238 4977 contra
3272 4927 3486 4983 ἀνιάτως,

1897 4999 2006 5050 qua:
2049 4998 2136 5057 sea;
2171 4983 2501 5044 numerantur,
2527 4983 2672 5050 ﬁnem
2691 4985 2930 5049 itnposuit.
2956 4983 3084 5037 Unus
3106 4997 3270 5037 autem
3295 4989 3440 5038 habet
3467 4998 3481 5025 -'

1896 5058 2012 5110 oua:
2032 5060 2238 5112 qumque
2259 5057 2586 5100 numerantur.
