3958 6418
181 373 314 432 945

187 500 409 543 eorum
441 485 535 556 qui
569 484 627 542 S.
678 483 951 540 Eustathii
986 494 1169 555 partes
1195 487 1369 541 secuti
1399 486 1637 553 fuerant,
1662 493 1788 561 qui-

188 592 325 649 que
382 576 586 633 Meletii
632 577 1098 645 communionem,
1148 579 1293 648 quod
1337 578 1409 633 ab
1463 578 1680 636 Arianis
1734 584 1791 636 in

191 669 539 739 episcopum
570 676 860 740 cooptatus
888 667 1105 734 fuisset,
1139 669 1510 740 respuebant;
1551 672 1791 729 secunda

192 756 654 825 Meletianorum,
691 758 901 815 scilicet
934 759 1366 825 Catholicorum,
1396 762 1490 831 qui
1515 761 1792 819 Meletium

192 845 320 907 etsi
348 851 418 906 ab
438 849 660 907 Arianis
698 851 1029 917 ordinatum,
1061 861 1247 923 utpote
1293 852 1633 911 Catholicam
1667 871 1797 912 san-

196 945 640 1015 ctissimumque
681 945 885 1012 virum,
925 946 1336 1017 sequebantur;
1367 947 1526 1003 tertia
1565 947 1797 1003 Ariano-

197 1050 369 1102 rum,
399 1034 493 1104 qui
522 1048 648 1089 cum
678 1032 888 1090 Euzoio
911 1045 1215 1091 conventus
1237 1036 1488 1107 agebant.
1522 1035 1797 1095 Hactenus

200 1134 407 1179 tamen
435 1124 652 1179 nonnisi
684 1123 1062 1194 duo’episcopi
1089 1124 1397 1180 Antiochiae
1433 1133 1609 1192 erant,
1637 1125 1798 1180 nimi-

203 1230 352 1270 rum
384 1230 452 1268 ex
484 1224 636 1285 parte
665 1214 1076 1271 Catholicorum
1122 1215 1392 1281 Meletius,
1447 1232 1517 1273 ex
1567 1217 1801 1272 Ariano—

209 1321 357 1360 rum
404 1321 538 1361 vero
596 1314 748 1376 parte
780 1305 1059 1364 Euzoius:
1099 1324 1224 1363 nam
1282 1307 1620 1363 Eustathiani
1673 1323 1797 1363 cum

206 1397 457 1452 Paulino
519 1398 834 1467 presbytero
911 1397 1138 1453 seorsim
1213 1397 1470 1453 collectas
1544 1399 1797 1470 agebant.

207 1487 599 1557 Quamobrem
646 1488 983 1561 Athanasius
1024 1490 1078 1544 in
1136 1490 1345 1561 synodo
1397 1488 1800 1555 Alexandrina,

211 1595 376 1634 anno
406 1579 531 1644 362,
584 1579 714 1635 totis
770 1579 978 1635 viribus
1019 1579 1294 1634 nitebatur
1340 1588 1402 1634 ut
1454 1580 1804 1635 Eustathiani

216 1671 537 1727 Meletianis
608 1671 1076 1740 adjungerentur,
1152 1686 1455 1740 omnesque
1538 1670 1803 1726 Catholici

217 1779 403 1819 unum
473 1761 747 1816 Meletium
782 1762 1098 1831 episcopum
1138 1768 1513 1831 agnoscerent,
1549 1762 1615 1817 ad
1650 1776 1802 1815 eam-

216 1873 338 1928 que
363 1871 475 1910 rem
515 1854 719 1925 legatos
764 1853 905 1910 duos
968 1852 1264 1909 Eusebium
1309 1852 1706 1908 Vercellensem
1748 1860 1805 1908 et

220 1946 510 2000 Asterium
569 1944 855 2015 episcopos
906 1957 936 1997 a
1005 1942 1216 2015 synodo
1271 1942 1614 1998 Antiochiam
1664 1942 1804 1999 mitti

221 2038 463 2092 curavit.
502 2035 705 2091 Verum
759 2036 976 2090 interim
1014 2035 1142 2090 dum
1191 2036 1353 2106 legati
1404 2036 1506 2090 iter
1541 2045 1803 2106 agerent,

224 2128 453 2184 Lucifer
495 2127 839 2183 Calatzitanus
872 2128 1021 2198 pium
1076 2125 1359 2181 Athanasii
1390 2126 1804 2181 Alexandrina:-

223 2239 341 2293 que
384 2222 573 2293 synodi
602 2221 892 2277 consilium
936 2218 1336 2285 interturhavit,
1380 2220 1474 2289 qui
1516 2217 1805 2274 Paulinum

226 2313 285 2367 in
315 2314 631 2383 episcopum
672 2312 873 2381 adlegit
901 2329 915 2366 :
946 2311 1019 2365 ita
1058 2319 1118 2365 ut
1156 2320 1266 2365 tres
1287 2311 1399 2381 jam
1427 2310 1665 2381 episcopi
1695 2311 1809 2364 An-

229 2404 454 2458 tiochize
478 2415 680 2469 essent,
723 2402 832 2459 duo
874 2401 1166 2464 Catholici,
1232 2417 1376 2458 unus
1430 2403 1687 2458 Arianus.
1730 2403 1805 2456 Ex

1152 1686 1455 1741 omnesque

234 2495 346 2550 hoc
376 2504 555 2551 autem
587 2494 994 2550 Catholicornm
1022 2492 1274 2561 dissidio,
1311 2493 1461 2564 quod
1487 2493 1649 2549 annis
1672 2493 1811 2549 bene

232 2587 424 2643 multis
453 2587 709 2658 perstitit,
751 2588 1054 2642 innumerae
1073 2586 1207 2642 rixze
1237 2587 1473 2642 subortze
1503 2595 1653 2652 sunt,
1680 2600 1813 2643 con—

232 2679 497 2744 tumeliae,
525 2679 771 2747 dicteria,
804 2678 1114 2743 maledicta,
1154 2679 1356 2750 quibus
1403 2694 1460 2745 se
1497 2688 1689 2733 mutuo
1724 2677 1809 2733 di-

231 2772 411 2827 versis
436 2771 639 2828 addicti
672 2771 919 2842 partihus
950 2770 1286 2826 lacerabant.
1367 2769 1627 2827 Paulinus
1680 2782 1813 2825 vero

231 2862 291 2917 in
343 2862 656 2933 episcopum
704 2862 951 2918 adlectus
991 2861 1378 2918 Alexandrina:
1430 2863 1638 2934 synodo
1679 2862 1811 2917 sub-

234 2955 480 3024 scripsit,
538 2955 589 3009 in
632 2970 736 3026 qua
787 2954 1162 3025 Apollinarius
1206 2954 1572 3022 Laodicenus,
1617 2954 1711 3025 qui
1745 2969 1812 3009 eo

233 3056 488 3103 oratores
515 3061 646 3102 suos
674 3048 976 3104 monachos
1022 3047 1264 3114 miserat,
1315 3056 1374 3102 ut
1416 3046 1810 3117 professionem

236 3137 364 3193 tidei
403 3152 518 3194 sua.
550 3138 603 3193 in
648 3148 795 3194 ctetu
837 3136 1058 3193 Patrum
1119 3138 1368 3203 ederent,
1410 3138 1485 3194 ita
1540 3148 1718 3193 tamen
1753 3145 1816 3194 ut

231 3246 454 3287 errores
484 3245 616 3287 suos
645 3231 872 3286 subdole
911 3231 1221 3294 reticerem,
1276 3231 1333 3285 in
1372 3232 1812 3286 communionem

236 3322 567 3379 admittitur.
616 3322 879 3379 Paulinus
917 3333 1120 3388 autem,
1170 3337 1317 3378 anno
1350 3322 1457 3378 362
1507 3323 1813 3389 ordinatus,

236 3429 387 3468 anno
418 3411 522 3468 388
557 3413 641 3469 vel
669 3413 779 3469 589
805 3413 970 3469 linem
991 3413 1211 3471 vivendi
1238 3413 1387 3470 fecit.

315 3516 441 3575 Haec
466 3520 842 3591 praemitteuda
876 3527 1054 3587 erant,
1105 3530 1165 3577 ut
1215 3520 1369 3577 locus
1401 3519 1775 3592 Clirysostomi
1799 3564 1815 3588 ,

239 3612 312 3667 de
339 3626 448 3681 quo
473 3626 620 3667 nunc
643 3611 844 3682 agitur,
888 3611 1118 3683 intelligi
1165 3614 1359 3684 possit.
1394 3612 1574 3669 Verba
1634 3623 1817 3669 autem

239 3705 386 3776 ejus,
417 3702 484 3758 ab
515 3703 581 3758 iis
604 3718 727 3774 quas
748 3700 1130 3760 Tillemontius
1160 3703 1346 3761 retulit
1379 3705 1541 3774 longe
1582 3705 1819 3768 diversa.

241 3798 329 3854 sic
364 3796 601 3852 habent:
645 3795 807 3851 Ἀλλὰ
835 3796 890 3850 τί
920 3795 1172 3866 λέγουσιν
1210 3798 1261 3851 οἱ
1308 3799 1487 3854 πάντα
1533 3798 1697 3854 δεινοὶ⁸
1725 3799 1823 3872 τὴν

242 3889 475 3954 κακίαν;
511 3888 816 3961 Διρετικὸς,
841 3889 1026 3961 φησὶν,
1050 3891 1256 3954 ἐκεῖνος
1282 3891 1594 3963 γεγένηται,
1618 3890 1825 3946 ἔνοικον

241 3982 342 4037 τὸν
366 3980 609 4035 διάϐολον
634 3980 794 4051 ἔχων,
822 3982 916 4034 καὶ⁵
940 3979 1115 4036 λαλῶν
1139 3982 1281 4043 κατὰ
1297 3982 1393 4037 τοῦ
1426 3981 1561 4037 Θεοῦ
1584 3984 1826 4051 ἀδικίαν,

244 4074 348 4129 καὶ
370 4072 602 4136 πολλοὺς
628 4072 718 4126 διὰ
750 4071 1133 4143 πιθανολογίας
1177 4074 1275 4129 καὶ
1301 4074 1467 4146 κενῆς
1503 4075 1721 4148 ἀπάτης
1748 4076 1829 4141 εἰς

249 4165 414 4239 βυθὸν
435 4164 709 4230 ἀπωλείας
737 4165 993 4236 ἀπάγων*
1027 4167 1125 4220 καὶ
1152 4166 1239 4220 διὰ
1265 4167 1424 4220 τοῦτο
1452 4167 1556 4221 ὑπὸ
1587 4167 1698 4224 τῶν
1723 4184 1830 4222 πα-

246 4256 429 4329 τέρων
456 4255 807 4327 ὲκὸἐσληται,
834 4257 1074 4329 μάλιστα
1091 4257 1121 4311 ὀ
1157 4257 1347 4312 τούτου
1372 4258 1691 4324 διδάσκαλος
1713 4261 1830 4331 μοῖ-

253 4362 359 4418 ραν
416 4345 516 4417 τῆς
578 4344 905 4418 Ἐκκλησίας
949 4344 1276 4417 ἀποτεμὼν,
1332 4346 1367 4418 ἢ
1410 4346 1499 4401 διὰ
1531 4348 1831 4402 Παυλιανδν

253 4438 411 4511 (lege
430 4436 729 4508 Παυλῖνον)
759 4436 793 4509 ἢ
832 4436 1239 4509 Ἀπολλινάριον
1265 4436 1538 4507 λέγοντες.
1567 4438 1610 4495 1.
1640 4454 1691 4495 e.
1718 4437 1823 4495 Sed

250 4528 385 4600 quid
410 4527 594 4582 dicunt
627 4526 714 4582 illi
740 4527 810 4581 ad
858 4543 1064 4582 omnem
1100 4526 1365 4581 malitiam
1404 4528 1628 4584 audaces
1657 4531 1681 4583 ξ’
1708 4533 1835 4586 Ha:-

255 4622 477 4686 reticus,
516 4622 691 4685 aiunt,
736 4620 830 4675 ille
863 4621 1041 4691 factus
1093 4628 1193 4687 est,
1246 4620 1635 4676 inhabitantem
1682 4608 1837 4677 habet

252 4713 557 4782 diabolum,
590 4724 640 4768 et
666 4713 905 4784 loquitur
931 4724 1117 4768 contra
1148 4713 1315 4768 Deum
1348 4715 1661 4785 nequitiam,
1699 4714 1839 4769 mul-

257 4814 447 4875 tosque
473 4804 697 4859 suadela
725 4820 960 4875 vanaque
984 4804 1210 4873 fallacia
1242 4807 1299 4858 in
1327 4806 1649 4876 profundum
1690 4805 1841 4861 exitii

255 4897 522 4952 abducit:
569 4898 849 4967 ideoquea
904 4897 1165 4952 Patribus
1205 4899 1401 4966 ejectus
1452 4906 1552 4961 est,
1610 4898 1842 4952 maxime

256 4986 425 5056 hujus
458 4987 735 5058 magister,
779 4988 871 5057 qui
899 4995 1103 5057 partem
1141 4985 1398 5043 Ecclesia
1445 4987 1720 5042 abscidit:
1767 4988 1844 5041 sic

257 5088 359 5133 aut
412 5078 704 5134 Paulinum
756 5089 851 5134 aut
898 5077 1285 5148 Apollinarium
1324 5077 1623 5150 designant.
1689 5076 1839 5141 “:80,

262 5179 331 5225 ut
393 5170 570 5241 primo
624 5168 808 5226 statim
847 5177 1070 5239 aspectu
1099 5183 1221 5225 sese
1258 5168 1512 5237 oderunt,
1552 5169 1841 5224 Paulinum

264 5261 540 5315 viventem
567 5259 965 5328 doeentemque
995 5256 1262 5322 indicant,
1306 5257 1506 5311 nedum
1561 5264 1839 5310 mortuum

267 5359 580 5422 supponant
607 5370 621 5407 :
654 5365 782 5406 nam
813 5349 906 5405 ille
936 5348 1030 5420 qui
1054 5348 1298 5419 loquitur
1324 5358 1514 5404 contra
1554 5345 1722 5402 Deum
1752 5361 1849 5402 ne-

268 5444 500 5513 quitiam
559 5451 615 5498 et
665 5442 869 5499 multos
906 5440 1148 5505 abducit,
1174 5447 1277 5505 est,
1330 5447 1393 5496 ut
1433 5438 1668 5504 videtur,
1704 5436 1849 5493 Pau-

269 5539 459 5603 linus;
526 5551 706 5606 neque
734 5535 883 5592 enim
934 5534 1053 5589 haec
1105 5533 1160 5588 in
1193 5533 1360 5587 alium
1409 5529 1645 5588 conferri
1684 5545 1846 5602 posse

266 5638 552 5702 putamus.
582 5626 716 5700 Ejus
748 5640 884 5686 vero
920 5625 1200 5699 magister,
1237 5625 1330 5698 qui
1375 5640 1407 5681 a
1438 5622 1689 5680 Pati-ibus
1731 5621 1843 5694 eje-

1296 370 1382 425 DF.
1415 371 1910 428 ANATIIEMATE.
1946 402 2011 411 —
2046 370 2380 430 MONI'I‘UM.

3342 373 3447 430 9M

1900 500 2023 546 ctus
2080 497 2227 557 erat,
2260 497 2347 544 est
2403 486 2776 558 Apollinarius
2832 485 3073 542 secundo
3112 497 3467 553 memoratus,

1892 583 2010 654 qui,
2044 591 2334 653 postquam
2388 581 2442 636 in
2498 580 2708 652 synodo
2760 579 2828 635 ad
2885 579 3328 634 communionem
3366 579 3469 633 ad-

1894 674 2100 730 missus
2140 672 2361 738 fuerat,
2410 672 2791 727 subscribente
2827 670 3092 738 Paulino,
3144 670 3339 725 deinde
3398 669 3468 724 ab

1897 765 2199 821 Athanasio
2254 765 2487 834 alilsque
2540 762 2835 831 Patribus,
2873 777 2998 819 cum
3036 762 3157 833 ejus
3216 761 3466 816 ltaaresim

1896 857 2311 929 comperissent,
2346 856 2549 927 ejectus
2583 853 2706 911 fuit.
2737 854 2884 911 Sane
2936 853 3053 909 haec
3099 850 3469 907 multitudinis

1899 948 2045 1004 dicta
2076 949 2216 1005 duos
2242 956 2453 1004 tantum
2482 947 2750 1018 impetunt
2776 944 2947 1009 viros,
2978 958 3173 1014 nempe
3207 952 3268 998 ut
3296 943 3470 1012 expli-

1898 1049 1989 1097 cat
2011 1040 2462 1112 Chrysostomus,
2495 1037 2781 1093 Paulinum
2804 1045 2859 1093 et
2886 1036 3302 1106 Apollinarium.
3330 1034 3468 1089 Nam

1898 1133 1947 1190 si
1982 1140 2105 1203 post
2137 1131 2454 1186 defunctum
2494 1128 2782 1185 Paulinum
2818 1144 2846 1181 a
2895 1127 3246 1198 popularibus
3303 1127 3469 1182 verba

1902 1224 2217 1295 hujusmodi
2243 1223 2455 1295 prolata
2487 1230 2692 1289 essent,
2738 1221 3029 1290 Evagrium
3082 1220 3202 1291 ejus
3249 1234 3471 1274 succes—

1901 1331 2079 1377 sorem
2109 1316 2253 1371 haud
2297 1316 2459 1372 dubie
2509 1318 2855 1385 impetercnt,
2893 1312 3049 1383 cujus
3087 1320 3268 1366 tamen
3318 1310 3469 1365 nulla
3532 1334 3537 1340 -

1902 1406 1992 1461 hic
2031 1406 2256 1462 mentio.
2304 1404 2500 1460 Notam
2550 1406 2716 1476 igitur
2768 1403 3051 1473 temporis,
3103 1416 3267 1471 quam
3312 1400 3470 1454 initio

1902 1497 2336 1569 Chrysostomus
2380 1497 2528 1552 clare
2570 1496 2777 1567 posuit,
2828 1496 2933 1549 hoc
2984 1494 3106 1549 loco
3159 1493 3470 1547 nullatenus

1907 1586 2226 1643 labefactari
2269 1587 2444 1657 palam
2480 1594 2582 1642 est.
2637 1584 2819 1652 Quare
2858 1584 2912 1639 in
2947 1583 3037 1647 iis,
3068 1597 3192 1653 quae
3234 1582 3301 1636 de
3331 1590 3472 1635 tem—

1904 1695 2039 1750 pore
2077 1679 2246 1751 hujus
2279 1678 2518 1734 homilize
2557 1691 2723 1747 supra
2770 1675 3032 1741 diximus,
3076 1674 3300 1728 omnino
3330 1682 3476 1728 stan-

1907 1771 2038 1825 dum
2080 1777 2356 1841 putamus.
2384 1769 2653 1824 Caeterum
2707 1767 2864 1822 locus
2892 1766 3000 1832 ille,
3039 1779 3199 1835 quem
3247 1763 3472 1833 jamjam

1908 1862 2218 1927 retulimus,
2241 1869 2428 1931 utpote
2459 1859 2552 1930 qui
2576 1857 2868 1913 inconditae
2894 1855 3243 1927 profanaeque
3258 1844 3473 1909 'multi-

1908 1953 2116 2008 tudinis
2155 1952 2465 2008 convicium
2509 1958 2719 2005 tantum
2755 1947 2973 2011 referat,
3029 1962 3136 2001 non
3162 1955 3246 2001 est
3297 1946 3371 2001 ita
3407 1948 3475 2001 ad

1908 2044 2154 2100 litteram
2202 2043 2575 2113 accipiendos,
2603 2050 2663 2095 ut
2707 2039 3043 2110 singulorum
3079 2037 3347 2092 dictorum
3390 2054 3479 2093 ra-

1908 2137 2114 2192 tionem
2149 2149 2391 2205 quaarere
2429 2147 2568 2202 opus
2605 2132 2697 2187 sit.

1980 2228 2254 2292 Ilalesius,
2280 2234 2342 2282 ut
2370 2227 2422 2281 in
2450 2225 2743 2281 Savilianis
2767 2220 2922 2278 Notis
2947 2221 3088 2278 infra
3110 2221 3296 2278 videre
3328 2220 3475 2287 licet,

1909 2320 2224 2391 suspicatur
2252 2319 2396 2373 hanc
2422 2318 2727 2380 homiliam,
2753 2326 2941 2387 utpote
2965 2315 3105 2386 style
3127 2314 3473 2377 dissimilem,

1909 2413 1996 2468 vel
2029 2410 2405 2484 Chrysostomi
2433 2426 2543 2466 non
2572 2424 2715 2477 esse,
2744 2409 2831 2465 vel
2870 2409 2914 2464 si
2962 2407 3336 2480 Chrysostomi
3379 2408 3476 2467 sit,

1911 2506 1982 2560 ab
2022 2505 2130 2560 alio
2163 2512 2351 2575 postea
2396 2510 2746 2559 retractatum
2780 2501 2866 2558 vel
2916 2508 3131 2554 auctam
3183 2498 3390 2552 fuisse:
3429 2497 3480 2551 id

1913 2607 2095 2652 autem
2134 2597 2262 2652 hinc
2298 2594 2610 2651 confirmari
2640 2601 2813 2665 putat,
2874 2592 3019 2663 quod
3052 2589 3201 2646 luris
3252 2588 3470 2644 Graaco-

1868 2735 1873 2739 .
1913 2684 2147 2741 Romani
2196 2683 2401 2756 parte!
2449 2682 2766 2739 Philotheus
2818 2680 3126 2753 patriarcha
3176 2694 3243 2734 ex
3305 2677 3486 2731 Theo-

1914 2779 2053 2835 doro
2105 2777 2429 2834 Balsamoue
2473 2793 2636 2833 unam
2671 2777 2967 2831 alteramve
3031 2773 3267 2829 homiliae
3316 2770 3481 2839 hujus

1914 2872 2238 2942 particulam
2291 2870 2531 2926 referat:
2584 2869 2677 2925 ubi
2733 2867 3050 2924 continuata
3123 2864 3263 2921 serie
3316 2864 3485 2918 multa

1918 2963 2209 3029 habentur,
2242 2976 2366 3031 quae
2398 2960 2641 3016 auctiora
2674 2958 3033 3030 pluribusque
3069 2953 3270 3010 referta
3308 2953 3490 3008 verbis

1915 3051 2172 3122 leguntur
2198 3052 2252 3106 in
2278 3050 2380 3106 hac
2407 3049 2666 3111 humilia;
2704 3047 2848 3103 unde
2873 3047 3128 3117 opinatur
3148 3045 3236 3099 ille
3255 3042 3489 3113 plurima

1914 3145 1972 3200 in
2008 3146 2150 3200 hanc
2184 3143 2466 3200 homiliam
2495 3140 2801 3211 irrepsisse,
2845 3154 2967 3210 qua:
3009 3152 3119 3192 non
3157 3137 3268 3192 sint
3312 3135 3489 3204 Chry-

1916 3231 2167 3287 sostomi.
2204 3228 2358 3297 Quod
2390 3229 2455 3284 ad
2481 3229 2609 3300 styli
2638 3227 3010 3282 diversitatem
3036 3224 3292 3295 pertinet,
3320 3223 3493 3277 fateor

1915 3330 1971 3378 et
2000 3338 2099 3392 ego
2137 3322 2347 3392 aliquot
2387 3336 2509 3376 esse
2537 3321 2677 3384 loca,
2707 3334 2828 3390 quae
2856 3314 3235 3387 Chrysostomi
3277 3312 3493 3369 dicendi

1917 3429 2095 3485 genus
2127 3429 2234 3469 non
2270 3413 2554 3469 referant:
2596 3412 2756 3482 idque
2791 3410 2893 3464 hac
2918 3408 3152 3462 maxime
3205 3406 3274 3462 de
3327 3418 3494 3460 causa

1919 3508 2192 3564 accidisse
2223 3507 2483 3570 arbitror,
2518 3504 2646 3576 quia
2675 3516 2870 3571 nempe
2904 3500 3195 3571 populares
3225 3512 3354 3553 suos
3383 3496 3497 3566 ple-

1922 3615 2153 3671 rumque
2206 3600 2631 3672 Chrysostomus
2686 3595 2896 3651 inducit
2945 3593 3195 3650 convicia
3255 3600 3310 3647 et
3366 3605 3501 3645 ana-

1923 3696 2163 3750 themata
2200 3693 2255 3748 in
2297 3691 2513 3747 Paulini
2560 3698 2858 3745 sectatores
2892 3687 3195 3758 jactantes;
3227 3684 3349 3739 ideo
3389 3696 3498 3736 nou

1925 3795 2139 3843 tantum
2167 3786 2261 3841 ubi
2295 3786 2388 3841 illa
2436 3784 2625 3849 refert,
2658 3780 2753 3838 sed
2802 3780 2968 3837 etiam
3000 3778 3096 3835 ubi
3135 3776 3321 3832 eadem
3369 3789 3501 3844 pro-

1925 3880 2129 3950 pulsat,
2160 3881 2343 3950 aliqua
2398 3879 2782 3949 peregrinitate
2840 3874 3042 3946 stylum
3105 3885 3264 3927 suum
3307 3868 3499 3923 inlicit.

1927 3971 2011 4027 Ad
2038 3971 2155 4027 haec
2180 3986 2332 4034 vero,
2370 3978 2430 4023 ut
2460 3984 2567 4022 non
2604 3965 2771 4023 semel
2817 3965 2946 4019 alibi
2976 3962 3353 4024 observamus,
3392 3972 3502 4010 non

1928 4076 2105 4133 pauca
2135 4070 2266 4119 sunt
2288 4056 2672 4132 Chrysostomi
2714 4054 2999 4125 opuscula,
3030 4052 3152 4107 sine
3177 4050 3345 4106 dubio
3374 4048 3506 4118 γνή-

1932 4170 2044 4221 σια,
2079 4153 2174 4209 ubi
2206 4167 2238 4208 a
2259 4151 2422 4208 solito
2441 4149 2584 4220 stylo
2611 4157 2665 4203 et
2692 4144 2882 4201 orandi
2927 4156 3125 4215 genere
3162 4155 3272 4196 non
3308 4154 3503 4209 parum

1930 4243 2185 4299 deﬂectit.
2226 4242 2362 4297 Cum
2401 4249 2584 4295 autem
2617 4235 2864 4292 Halesius
2902 4232 3282 4302 interpolatam
3328 4228 3507 4283 homi-

1929 4335 2058 4390 liam
2088 4333 2213 4389 ideo
2235 4331 2569 4401 suspicatur,
2597 4328 2742 4399 quod
2770 4325 3081 4380 Pbilotheus
3110 4321 3356 4392 quaedam
3385 4321 3505 4374 loca

1931 4426 2176 4481 referens
2217 4425 2387 4479 multa
2436 4421 2837 4493 praetermittat,
2885 4414 3039 4490 [09l]
3083 4429 3205 4487 quae
3242 4415 3297 4468 in
3332 4412 3510 4468 homi-

1933 4516 2008 4572 lia
2048 4518 2345 4587 leguntur,
2401 4513 2766 4585 incogitanter
2818 4524 2951 4566 sane
2997 4508 3283 4580 loquitur;
3340 4520 3405 4561 ac
3461 4504 3509 4559 si

1938 4608 2154 4678 ignoret
2216 4606 2363 4662 hunc
2391 4620 2515 4661 esse
2560 4617 2770 4658 morem
2827 4601 3157 4672 scriptorum
3217 4597 3513 4668 cujuslibet

1937 4702 2135 4764 artatis,
2168 4711 2229 4754 ut
2282 4699 2328 4754 si
2361 4713 2522 4768 quem
2567 4694 2793 4750 alterius
2823 4694 3003 4750 locum
3050 4699 3347 4761 usurpent,
3413 4703 3513 4759 pro

1944 4792 2118 4847 luhito
2151 4806 2216 4848 ea
2242 4789 2558 4846 cxseribant
2586 4800 2707 4857 quae
2748 4785 2803 4840 in
2852 4799 2964 4841 rem
3005 4798 3161 4841 suam
3203 4782 3514 4838 conducere

1940 4892 2152 4957 putent,
2211 4882 2318 4939 alia
2372 4896 2505 4937 vero
2547 4879 2815 4934 arbitratu
2897 4889 3001 4932 suo
3051 4873 3509 4946 prietermittantz

1946 4977 2091 5046 quod
2125 4973 2399 5031 sexcentis
2427 4985 2716 5043 possemus
2737 4967 3004 5036 exemplis
3025 4966 3372 5027 conﬁrmare,
3409 4962 3516 5018 nisi

1943 5083 2035 5124 res
2073 5082 2171 5138 per
2203 5081 2263 5121 se
2289 5065 2582 5136 perspicua
2622 5061 2996 5132 omnibusque
3027 5066 3157 5114 nota
3205 5065 3375 5112 esset.
3413 5054 3519 5109 Ita-

1945 5173 2054 5229 que
2100 5157 2245 5218 hauc
2297 5154 2576 5209 homiliam
2627 5163 2684 5209 et
2729 5153 2954 5223 dignam
3001 5150 3417 5221 Chrysostomo,
3466 5157 3521 5200 et

1951 5249 2245 5321 genuinam
2271 5261 2393 5302 esse
2421 5255 2679 5316 putamus
2706 5261 2719 5297 :
2758 5259 2822 5298 ac
2851 5258 2977 5297 cum
3011 5241 3242 5296 eruditis
3265 5238 3522 5293 omnibus

1948 5342 2084 5396 viris
2121 5338 2325 5394 llalesii
2363 5336 2652 5408 scrupulos
2681 5333 2981 5397 ἀκινδύνως
3011 5331 3311 5400 rejicimus.

2021 5429 2530 5501 interpretationem
2564 5426 2757 5481 incerti
2796 5424 3085 5495 cujusdam
3124 5421 3251 5486 viri,
3307 5433 3430 5488 quae
3467 5419 3521 5473 in

1953 5525 2106 5596 prius
2156 5521 2333 5577 Editis
2380 5519 2690 5590 legebatur,
2721 5525 2911 5587 utpote
2961 5516 3145 5572 minus
3190 5520 3523 5580 accuratam,

1954 5618 2268 5691 rejecimus,
2308 5628 2619 5685 novamque
2646 5610 2982 5685 paravimus.
