3958 6430
101 375 233 431 9ὂῦ

125 807 152 813 -
179 807 348 814 ο-κφ-η...
383 808 562 817 --μο-ην
583 809 648 814 ς.--

1761 2177 1868 2239 DE

864 2632 1159 2750 NON

1494 367 1581 424 DE
1619 365 2122 424 ANATHEMA'I‘E.

3356 369 3460 426 946

2809 797 3060 806 .__.___.._._-
3067 800 3082 803 _
3089 798 3122 804 .-
3129 799 3154 803 ‹.
3173 798 3385 805 -αη--φ
3394 795 3452 803 -οι

1289 2625 2777 2747 ANATHEMATIZANDIS

1327 3141 1539 3205 VlVlS
1589 3143 1745 3204 VEL
1798 3141 2228 3204 DEFUNCTIS
2267 3139 2305 3206 ¹.

235 4098 285 4148 1.
327 4093 525 4164 Nuper
563 4087 717 4145 vobis
755 4085 824 4141 de
866 4078 1426 4152 incomprehensibilis
1466 4078 1775 4149 cognitione

169 4185 258 4241 Dei
284 4187 593 4249 disserens,
620 4180 787 4236 multa
810 4177 976 4233 verba
1003 4174 1124 4238 feci,
1151 4187 1216 4227 ac
1237 4180 1348 4226 tum
1372 4169 1770 4240 Scripturarum

168 4281 427 4344 vocibus,
479 4287 601 4333 tum
646 4271 982 4329 naturalibus
1039 4265 1333 4322 ratiociniis
1383 4261 1767 4326 demonstravi,

169 4373 322 4426 etiam
350 4373 488 4443 ipsis
518 4365 872 4424 invisibilibus
891 4360 1178 4416 virtutibus
1200 4359 1525 4412 inaccessam
1548 4367 1770 4424 prorsus

171 4477 284 4518 esse
313 4462 563 4519 numinis
604 4454 1138 4527 comprehensionem
1161 4490 1176 4516 ,
1225 4449 1333 4503 illis
1362 4447 1602 4511 scilicet,
1649 4459 1770 4515 qua:

173 4556 406 4610 materiae
443 4560 728 4623 expertem
769 4557 824 4605 et
871 4547 1082 4601 beatam
1123 4542 1286 4597 vitam
1316 4547 1481 4609 agunt
1519 4549 1769 4606 :nosque

176 4654 367 4714 tamen,
399 4647 494 4718 qui
525 4645 581 4699 in
621 4641 772 4696 omni
802 4637 1025 4694 mollitie
1062 4643 1222 4703 atque
1249 4629 1457 4701 ignavia
1487 4629 1647 4682 vitam
1673 4627 1770 4683 de-

172 4737 339 4804 gimus
363 4779 379 4801 ,
423 4747 482 4794 et
523 4737 578 4790 in
623 4731 848 4803 quodvis
878 4728 1130 4800 nequitiae
1151 4738 1326 4796 genus
1363 4721 1610 4788 ruimus,
1652 4735 1768 4775 rem

178 4829 534 4886 invisibilibus
563 4826 874 4884 substantiis
891 4823 1102 4896 penitus
1124 4822 1356 4891 ignotam
1383 4819 1404 4851 ³
1431 4817 1643 4887 assequi
1672 4828 1768 4870 co-

177 4922 284 4975 nari
314 4939 329 4976 :
360 4935 534 4977 unum
562 4926 725 4974 tanta:
754 4917 831 4971 rei
876 4921 1245 4985 argumentum
1276 4910 1537 4964 habentes
1566 4907 1769 4978 cogita-

180 5013 377 5070 tionum
404 5025 713 5070 nostrarum
733 5009 991 5080 judicium
1013 5014 1067 5060 et
1094 5006 1310 5059 inanem
1332 5001 1471 5072 apud
1498 5000 1768 5056 auditores

179 5103 437 5175 gloriam,
486 5119 663 5176 neque
706 5110 911 5158 natura:
959 5105 1158 5152 nostra:
1205 5107 1512 5149 mensuram
1559 5091 1770 5146 ratione

182 5195 702 5262 eircumscrihentes,
733 5205 908 5262 neque
932 5187 1168 5244 divinam
1199 5185 1530 5254 Scripturam
1555 5181 1769 5238 Patres-

183 5301 282 5354 que
307 5299 594 5360 sequentes
621 5303 636 5353 ;
685 5285 780 5342 sed
808 5280 1075 5352 opinionis
1104 5285 1304 5334 nostrae
1333 5273 1579 5346 phrenesi
1605 5314 1621 5341 ,
1668 5287 1768 5327 ceu

189 5377 420 5448 hyherno
449 5389 687 5438 torrente
713 5379 980 5433 detractos
1003 5414 1018 5440 ,
1049 5373 1101 5426 in
1134 5379 1335 5426 tantum
1362 5375 1639 5436 peccatum
1668 5363 1766 5418 de-

189 5468 359 5540 lapsos
384 5488 523 5530 esse.
553 5475 662 5542 Age
689 5484 831 5524 nunc
855 5475 1139 5538 postquam
1164 5461 1232 5517 de
1252 5459 1590 5515 anathemate
1611 5455 1767 5511 vobis

250 5565 269 5632 ξ
299 5563 472 5616 (tollat:
493 5579 601 5618 cum
625 5573 704 5632 ius.
726 5559 1112 5632 vagiat-10.51%”
1426 5612 1440 5632 ε

196 5611 846 5736 surntgﬁfuegﬂbhmm
869 5621 1180 5674 inmanem
1213 5616 1396 5685 penitus
1421 5612 1653 5685 ignem,
1672 5611 1765 5663 de.

1882 4090 2138 4150 quantum
2163 4085 2412 4138 convenit
2433 4083 2866 4150 disseruerimus,
2897 4088 3108 4159 vimque
3134 4090 3255 4144 mali
3285 4091 3462 4162 hujus,

1881 4177 2022 4245 quod
2053 4192 2150 4246 pro
2184 4177 2350 4233 nihilo
2378 4188 2678 4248 reputatur,
2726 4181 3141 4250 ostenderimus,
3183 4183 3304 4238 hinc
3334 4185 3464 4241 freni

1882 4267 2210 4337 impatientia
2266 4284 2360 4323 ora
2423 4269 2806 4337 cohibeamus,
2859 4273 3102 4326 morbum
3155 4273 3468 4344 detegentes

1881 4373 2103 4424 eorum,
2129 4360 2217 4429 qui
2249 4376 2310 4416 ea
2351 4361 2402 4413 in
2447 4375 2507 4415 re
2542 4362 2740 4415 incuria
2796 4364 2958 4416 nimia
3005 4364 3246 4420 laborant
3294 4367 3334 4419 ¹.
3367 4367 3466 4422 Et-

1879 4453 2022 4508 enim
2067 4451 2121 4509 in
2168 4464 2272 4508 tam
2304 4453 2638 4524 deploratum
2675 4464 2872 4510 statum
2903 4466 3084 4512 nostra
3113 4457 3464 4527 devenerunt,

1879 4553 1959 4612 ut,
2007 4546 2239 4615 pessime
2283 4544 2561 4614 habentes,
2610 4547 2915 4617 ignoremus
2954 4564 3052 4604 nos
3097 4565 3165 4604 ne
3201 4551 3469 4619 turpiores

1879 4637 2093 4708 quidem
2138 4637 2362 4693 affectus
2403 4651 2695 4708 superare;
2729 4639 2797 4693 ita
2843 4649 2900 4693 ut
2929 4654 3030 4694 vox
3061 4639 3369 4711 prophetica
3413 4642 3467 4696 in

1877 4732 2032 4787 nobis
2073 4732 2398 4801 impleatur:
2433 4730 2556 4785 Non
2596 4739 2666 4785 est
2705 4732 2841 4801 quod
2867 4732 3160 4802 imponatur
3186 4733 3467 4805 malagma,

1878 4840 2038 4894 neque
2065 4824 2232 4879 oleum
2260 4866 2274 4892 ,
2307 4840 2463 4894 neque
2505 4824 2747 4896 ligamina
2791 4822 2955 4896 (lsai.
2987 4825 3037 4878 1.
3064 4824 3152 4895 6).
3186 4824 3469 4881 Undenam

1879 4916 2040 4987 igitur
2080 4916 2148 4972 de
2191 4916 2292 4971 hoc
2333 4917 2472 4971 malo
2521 4917 2728 4972 dicendi
2781 4918 2990 4972 initium
3036 4917 3272 4973 faciam?
3311 4919 3397 4974 An
3442 4935 3472 4973 a

1879 5006 2090 5062 Domini
2131 5007 2502 5062 mandatorum
2541 5009 2904 5063 sanctionibus
2930 5051 2945 5076 ,
2976 5025 3040 5064 an
3070 5009 3138 5064 ab
3174 5009 3383 5066 inscitia
3419 5019 3472 5065 et

1878 5109 2098 5168 stupore
2146 5099 2374 5154 vestro?
2417 5099 2608 5154 Annon
2657 5099 2832 5155 ridear
2882 5109 2936 5154 et
2980 5100 3214 5156 insanire
3259 5099 3468 5167 videar,

1877 5193 1964 5262 qui
1999 5193 2069 5246 ita
2109 5191 2340 5263 loquar?
2379 5193 2571 5247 Annon
2613 5193 2936 5248 clamoribus
2969 5194 3206 5264 excipiar
3232 5195 3321 5264 qui
3354 5194 3470 5250 hmc
3501 5193 3504 5196 ’

1877 5284 2049 5339 tristia
2097 5292 2152 5339 et
2205 5285 2454 5356 lacrymis
2508 5284 2663 5354 digna
2717 5285 3087 5354 pertractanda
3135 5285 3469 5358 suscipiam?

1878 5374 2015 5443 Quid
2063 5373 2302 5429 faciam?
2347 5373 2554 5439 Doleo,
2601 5376 2780 5430 animo
2825 5375 3098 5441 dissecor,
3146 5389 3468 5446 rumpuntur

1876 5467 2105 5536 viscera,
2137 5467 2262 5522 dum
2294 5474 2496 5521 tantum
2523 5466 2679 5522 video
2705 5477 2999 5539 stuporem,
3039 5468 3161 5541 quia
3186 5467 3464 5524 Judaicam

1875 5604 2266 5721 ηἰζηςειὲιὶοοιιθηὶ
2289 5600 2558 5654 Melctiante
2581 5603 2732 5668 partis
2745 5603 3003 5655 anathema
3040 5602 3271 5654 dicebant
3303 5599 3468 5655 Pauli-
