3958 6440
520 366 654 451 κγ’

523 500 1005 575 transgressionem
1036 505 1089 552 et
1112 494 1400 552 Gentilium
1440 490 1765 560 impietatem
1804 496 1985 543 nostra
2015 502 2107 542 su-

525 604 734 669 perant.
764 593 1085 662 Progressus
1130 588 1275 642 enim
1305 585 1449 638 viros
1491 596 1675 647 cerno,
1720 594 1894 649 neque
1937 579 2106 633 ratio-

522 689 666 745 cinio
705 700 773 741 ex
811 683 986 738 divina
1012 680 1283 749 Scriptura
1322 674 1514 731 edocto
1554 672 1828 744 prmditos,
1860 685 1959 726 nec
1979 685 2112 740 qua-

527 780 667 850 piam
693 777 886 831 divinre
912 770 1203 840 Scriptura:
1229 775 1377 838 parte
1403 764 1635 819 imbutos
1659 779 1675 828 ;
1721 763 1887 817 multa
1916 751 2110 816 é’rube-

525 885 682 926 scens
721 876 909 930 taceo;
943 859 1283 923 furibundos,
1315 870 1576 928 nugaces,
1610 854 1711 922 Qui
1738 854 1966 908 nesciunt
2000 866 2114 922 quae

525 964 734 1024 dicunt,
766 973 923 1028 neque
957 956 1020 1009 de
1043 953 1222 1024 quibus
1253 950 1505 1021 afﬁrmant
1532 947 1611 1019 (l.
1632 944 1768 1000 Tim.
1793 945 1844 1001 1.
1868 942 1924 1016 7)
1948 960 1963 1010 ;
2010 942 2114 998 hoc

529 1067 694 1107 unum
736 1048 978 1118 imperite
1004 1045 1197 1099 docere
1234 1042 1491 1096 audentes
1515 1078 1533 1105 ,
1572 1046 1627 1093 et
1663 1035 2116 1093 anathematizare

528 1159 646 1213 quas
674 1138 973 1204 nesciunt’,
1007 1136 1076 1189 ita
1110 1142 1167 1188 ut
1206 1139 1387 1187 nostra
1428 1129 1612 1195 abiis,
1653 1127 1798 1198 quia
1827 1124 1928 1180 fide
1955 1123 2117 1178 alieni

530 1243 675 1301 sunt,
704 1231 1045 1299 irrideantur,
1086 1225 1229 1298 quod
1256 1225 1454 1279 nullam
1497 1220 1836 1277 instituendas
1864 1219 1987 1273 vitae
2014 1232 2116 1272 cu-

531 1342 645 1381 ram
674 1325 982 1387 habeamus,
1010 1335 1183 1390 neque
1207 1316 1525 1374 benefacere
1550 1314 1722 1371 edocti
1746 1313 1937 1369 simus.

602 1418 658 1473 2.
700 1416 816 1471 Heu
845 1414 999 1480 mihi,
1042 1428 1201 1482 quam
1240 1411 1421 1481 gravia
1449 1408 1601 1464 inec!
1635 1407 1740 1463 heu
1766 1407 1934 1462 mihi!
1979 1405 2121 1473 Quot

533 1509 664 1581 iusti
688 1519 743 1565 et
768 1506 1043 1583 propheta:
1061 1503 1500 1559 desideraverunt
1518 1500 1701 1556 videre
1725 1516 1843 1571 qua:
1867 1514 1967 1554 nos
1987 1499 2121 1555 vidi-

535 1615 680 1667 mus,
706 1609 762 1654 et
790 1613 896 1652 non
926 1595 1193 1660 viderunt,
1222 1602 1276 1647 et
1302 1592 1490 1647 audire
1516 1607 1635 1661 quas
1672 1605 1770 1646 nos
1798 1590 2117 1658 audivimus,

535 1702 593 1748 et
635 1708 741 1746 non
783 1689 1066 1745 audierunt
1102 1686 1314 1759 (Matth.
1343 1686 1432 1741 l5.
1458 1685 1549 1756 l7)
1580 1702 1595 1739 :
1621 1693 1677 1739 et
1705 1698 1803 1739 nos
1830 1684 1946 1739 haec
1968 1683 2122 1754 quasi

539 1786 712 1840 lusum
746 1783 1028 1838 habemus.
1063 1778 1364 1845 Attendite,
1401 1790 1607 1846 quaeso,
1640 1777 1705 1831 iis
1728 1791 1847 1846 qua:
1874 1774 2121 1842 audistis,

539 1874 822 1946 nequando
867 1871 1195 1927 difﬂuamus.
1221 1868 1355 1924 Nam
1382 1868 1429 1923 si
1459 1883 1636 1923 sermo
1665 1883 1763 1938 per
1791 1867 2010 1937 angelos
2034 1865 2124 1920 di-

539 1976 656 2022 ctus
686 1965 876 2020 firmus
921 1961 1057 2026 fuit,
1089 1969 1143 2016 et
1183 1959 1358 2015 omnis
1405 1958 1773 2028 praevaricatio
1811 1967 1866 2013 et
1908 1956 2126 2012 inobse-

542 2057 758 2127 quentia
781 2054 981 2123 justam
1009 2051 1416 2107 retributionem
1443 2050 1668 2120 accepit,
1712 2040 1980 2118 quomodo
2006 2056 2127 2102 tan-

543 2157 650 2203 tam
681 2147 905 2202 salutem
936 2142 1267 2213 negligentes
1308 2139 1667 2210 effugiemus?
1710 2139 1803 2193 Dic
1827 2138 1970 2193 enim
1993 2178 2009 2204 ,
2037 2137 2128 2208 qui

545 2251 743 2306 scopus
772 2233 1038 2303 Evangelii
1083 2232 1287 2299 gratiae,
1333 2246 1587 2302 quorsum
1633 2229 1862 2284 carnalis
1894 2228 1985 2283 Dei
2030 2227 2129 2282 ad-

546 2336 759 2393 ventus,
786 2341 853 2381 an
884 2334 942 2379 ut
978 2333 1076 2378 hos
1102 2332 1288 2377 mutuo
1318 2322 1661 2377 mordeamus
1686 2331 1740 2376 et
1765 2317 2129 2376 devoremus?

547 2418 709 2488 Atqui
753 2431 874 2471 eum
917 2413 1220 2470 ChriStiana
1264 2412 1373 2467 sint
1419 2411 1573 2481 legali
1626 2416 1891 2480 przecepto
1932 2407 2132 2477 ubique

550 2507 907 2581 perfectiora,
950 2505 1228 2561 caritatem
1277 2504 1445 2575 magis
1473 2518 1504 2556 a
1534 2501 1690 2557 nobis
1732 2503 1971 2573 exigunt,
2020 2500 2134 2556 lllic

552 2612 791 2666 namque
805 2594 1010 2651 dicitur
1024 2613 1040 2652 :
1055 2592 1260 2664 Diliges
1271 2590 1575 2660 proximum
1593 2596 1742 2645 tuum
1753 2587 1895 2645 sicut
1910 2586 2136 2657 teipsum

552 2687 772 2757 (Matth.
797 2687 889 2749 22,
914 2687 1006 2752 '59;
1028 2683 1197 2739 Levit.
1223 2681 1311 2737 l9.
1332 2680 1419 2748 l8)
1442 2699 1457 2748 ;
1479 2680 1569 2735 hic
1584 2687 1768 2735 autem
1787 2677 2136 2735 moriendum

551 2795 679 2834 esse
698 2793 797 2849 pro
832 2776 1103 2847 proximo.
1127 2772 1270 2828 Audi
1299 2773 1479 2841 ipsum
1502 2770 1780 2826 Christum
1813 2770 2088 2825 dicentem
2119 2786 2134 2824 :

559 2867 736 2921 llomo
758 2867 975 2937 quidam
992 2863 1338 2919 descendebat
1358 2863 1422 2916 ab
1447 2860 1750 2914 Jerusalem
1767 2860 1822 2914 in
1844 2858 2138 2925 lericho,et

557 2959 746 3015 incidit
777 2960 830 3012 in
858 2959 1112 3021 latrones,
1138 2957 1230 3027 qui
1255 2954 1417 3010 etiam
1451 2951 1879 3022 despoliaverunt
1906 2968 2048 3015 eum,
2087 2962 2138 3008 et

554 3051 729 3120 plagis
749 3049 1010 3119 impositis
1033 3047 1297 3113 abierunt,
1322 3045 1567 3101 semivivo
1597 3042 1804 3098 relicto.
1821 3043 2027 3099 Accidit
2041 3061 2141 3098 au-

558 3155 660 3199 tent
680 3153 735 3196 ut
767 3141 1015 3196 sacerdos
1033 3140 1251 3213 quidam
1268 3142 1604 3196 descenderet
1618 3124 1802 3196 eadem
1816 3142 1904 3195 via
1929 3154 1947 3194 :
1962 3148 2012 3195 et
2028 3140 2139 3194 viso

554 3237 653 3291 illo
676 3236 964 3304 prwterivit
991 3251 1009 3289 :
1032 3235 1281 3290 similiter
1300 3243 1351 3290 et
1380 3232 1586 3299 Levita,
1604 3250 1726 3289 cum
1745 3241 1881 3289 esset
1900 3248 2049 3287 secus
2063 3232 2143 3286 lo-

552 3347 695 3390 cum,
720 3339 767 3383 et
793 3329 987 3384 videret
1014 3344 1156 3395 eum,
1189 3329 1539 3399 pertransiit;
1563 3326 1939 3383 Samaritanus
1964 3336 2141 3380 autem

554 3422 773 3494 quidam
791 3424 998 3477 veniens
1027 3438 1082 3476 tn
1109 3421 1371 3487 locum,et
1395 3421 1577 3476 videns
1609 3437 1750 3485 eum,
1775 3418 2144 3474 misericordia

559 3524 732 3569 motus
766 3524 869 3568 est.
906 3513 972 3567 Et
1019 3516 1446 3584 appropinquans
1477 3512 1719 3583 alligavit
1754 3512 1973 3566 vulnera
2003 3509 2140 3579 ejus,

558 3606 846 3676 infundens
877 3606 1049 3659 oleum
1079 3615 1127 3659 et
1159 3606 1377 3659 vinum:
1407 3615 1456 3659 et
1479 3606 1751 3673 imponens
1781 3603 1936 3658 illum
1971 3603 2027 3656 in
2046 3602 2145 3671 ju-

556 3709 791 3752 mentum
820 3712 997 3763 suum,
1029 3695 1183 3749 duxit
1204 3696 1355 3750 illum
1374 3697 1427 3750 in
1448 3696 1741 3760 stabulum,
1771 3705 1821 3751 et
1852 3711 2038 3749 curam
2072 3694 2143 3748 il-

559 3789 664 3842 lius
678 3788 884 3840 habuit.
904 3784 971 3839 Et
993 3784 1164 3839 altera
1181 3784 1267 3837 die
1289 3785 1564 3854 proferens
1582 3784 1717 3840 duos
1733 3786 1981 3839 denarios
1999 3784 2143 3839 dedit

557 3878 855 3933 stabulario
883 3882 1060 3934 dicens
1082 3897 1102 3934 :
1123 3878 1477 3946 curamjllius
1500 3877 1653 3944 habe,
1668 3887 1717 3934 et
1737 3879 1785 3934 si
1808 3879 1933 3951 quid
1959 3892 2142 3944 super-

557 3971 874 4041 erogaveris,
899 3988 993 4043 ego
1047 3988 1166 4026 cum
1195 3971 1400 4026 rediero
1423 3971 1641 4029 reddam
1674 3971 1785 4026 tibi.
1820 3971 1952 4037 Quis
1982 3971 2146 4041 igitur

564 4065 755 4117 horum
772 4064 930 4118 trium
952 4066 1229 4134 proximus
1242 4063 1447 4119 videtur
1464 4062 1561 4117 tibi
1581 4063 1747 4133 fuisse
1763 4064 1832 4127 ei,
1847 4064 1939 4135 qui
1959 4064 2144 4118 incidit

558 4153 611 4203 in
641 4151 870 4205 latrones
890 4152 999 4207 2At
1022 4152 1113 4207 ille
1133 4152 1291 4216 dixit,
1310 4151 1403 4223 qui
1421 4151 1545 4222 fecit
1571 4168 1692 4207 cum
1723 4152 1820 4207 illo
1843 4153 2145 4209 misericor-

564 4243 732 4297 diam.
761 4242 912 4298 Dixit
932 4253 1110 4299 autem
1129 4246 1213 4300 illi
1236 4243 1428 4300 Iesus:
1454 4242 1622 4311 Vade,
1645 4253 1696 4300 et
1724 4254 1779 4299 tu
1794 4245 1882 4315 {ac
1896 4245 2146 4302 similiter

565 4336 816 4405 (l.uc.lO.
837 4337 1052 4410 50-37).
1074 4336 1422 4412 Papte,quod
1447 4339 1796 4396 miraculuml
1819 4340 1938 4395 Non
1959 4355 2147 4397 sacer-

558 4430 768 4495 dotem,
796 4444 905 4485 non
937 4429 1181 4487 Levitam
1207 4432 1349 4486 dixit
1381 4430 1713 4501 proximum,
1744 4432 1840 4488 sed
1871 4447 2019 4500 eum,
2049 4431 2145 4504 qui

563 4523 795 4577 decreto
830 4537 860 4575 a
881 4519 1087 4578 Iudaeis
1113 4523 1323 4592 ejectus
1343 4523 1558 4590 fuerat;
1592 4520 2027 4587 Samaritanum,
2059 4523 2146 4579 in-

560 4614 1076 4685 quam,alienum,in
1097 4616 1286 4670 multis
1304 4616 1951 4686 blasphemantem,hunc
1965 4615 2144 4672 solum

560 4704 698 4758 dixit
717 4704 1025 4773 proximum
1049 4721 1063 4755 :
1088 4706 1217 4773 quia
1240 4706 1384 4774 apud
1405 4705 1558 4759 illiilli
1584 4706 1806 4760 inventa
1820 4714 1904 4761 est
1927 4705 2146 4762 miseri-

560 4792 770 4851 cordia.
782 4791 907 4849 Haec
919 4798 1047 4847 sunt
1058 4794 1222 4852 verba
1236 4793 1359 4850 Filii
1380 4794 1625 4862 Dei,ba:c
1639 4799 1863 4854 veniens
1874 4799 1964 4855 ille
1978 4799 2143 4854 etiam

562 4869 816 4938 operibus
863 4871 1104 4927 exhibuit
1146 4892 1160 4928 :
1203 4891 1305 4931 nec
1346 4892 1443 4945 pro
1488 4879 1675 4934 amicis
1714 4881 1886 4937 solum
1933 4893 1990 4939 et
2032 4886 2146 4941 suis

562 4970 804 5018 mortuus
829 4971 931 5027 est,
959 4962 1051 5047 sed
1078 4980 1177 5034 pro
1202 4967 1448 5036 inimicis,
1474 4983 1571 5038 pro
1598 4973 1859 5043 tyrannis,
1886 4989 1985 5044 pro
2009 4991 2147 5046 pra:-

560 5055 955 5125 stigiatoribus,
986 5072 1083 5127 pro
1110 5057 1413 5116 odientibus
1436 5076 1497 5117 se
1514 5102 1530 5129 ,
1564 5078 1662 5133 pro
1686 5066 2142 5138 cruciﬁgentibus,

560 5161 697 5215 quos
725 5156 851 5202 ante
893 5149 1077 5204 mundi
1108 5152 1541 5209 constitutionem
1575 5156 1704 5213 tales
1759 5157 1877 5215 foro
1918 5162 2140 5228 sciebat,

562 5248 616 5292 ct
639 5255 758 5293 cum
788 5241 1078 5309 prmsciret,
1109 5244 1340 5307 creavit,
1369 5244 1606 5303 bonitate
1632 5261 1728 5302 sua
1754 5253 2142 5319 praescientiam

562 5330 780 5383 vincens
811 5347 823 5383 :
859 5347 954 5400 pro
1001 5333 1173 5402 iisque
1220 5337 1529 5405 sanguinem
1560 5353 1715 5393 suum
1755 5340 1907 5407 fudit,
1939 5358 2037 5412 pro
2080 5345 2146 5398 iis

561 5419 759 5473 necarii
788 5435 847 5475 se
877 5436 1063 5489 passus
1090 5431 1191 5477 est.
1222 5422 1384 5480 Panis
1413 5427 1554 5481 cnim
1575 5468 1591 5495 ,
1629 5429 1833 5499 inquit,
1878 5449 1996 5486 caro
2035 5450 2147 5488 mea

560 5517 630 5558 est
656 5547 669 5567 ,
716 5523 868 5575 quant
907 5519 1001 5574 ego
1033 5510 1163 5564 dabo
1191 5528 1286 5580 pro
1316 5516 1490 5568 mundi
1519 5519 1620 5569 vita
1650 5516 1827 5588 (Joan.
1853 5519 1905 5574 6.
1934 5521 2045 5590 52).
2076 5523 2145 5579 Et

562 5596 755 5652 l‘aulus
785 5597 902 5653 lucc
925 5615 1021 5670 per
1044 5603 1325 5670 epistolam
1366 5607 1498 5661 dicit
1522 5624 1536 5661 :
1570 5607 1632 5663 Si
1661 5611 1793 5664 enim
1813 5627 1925 5666 cum
1953 5613 2145 5670 inimici

571 5728 641 5833 ᾖ]
680 5735 806 5787 “me.
830 5730 913 5792 qui
946 5734 1237 5806 καῆναι...
1257 5744 1302 5787 et
1337 5740 1740 5813 anathematizare
1771 5758 1879 5809 qua:
1910 5747 2142 5813 nesciunt,

604 5800 693 5833 ωε.
717 5790 925 5833 ἱιὶαιιζιῐιὶ-
946 5808 1100 5833 nttmm
1122 5797 1294 5833 ulnus-it
1324 5815 1369 5833 sn
1394 5810 1612 5833 \‘ulsmun

604 5800 693 5847 aee,
717 5790 927 5853 inquam,
946 5798 1101 5845 omnia
1122 5797 1299 5849 desunt
1323 5815 1372 5851 tn
1394 5790 1628 5857 ωαωά

1266 379 1326 438 S.
1364 374 1640 436 JOANNIS
1663 370 2139 431 CHRYSOSTOMI
2177 369 2501 429 ARCHIEP.
2540 371 3078 432 CONSTANTINOP.

3680 383 3760 444 958

2210 502 2430 541 essemus
2449 527 2465 551 ,
2505 488 2817 542 reconciliati
2858 504 3034 543 sumus
3058 486 3174 542 Deo
3203 503 3297 559 per
3327 499 3535 543 mortem
3556 493 3664 549 Filii
3681 499 3759 567 ejus

2194 576 2467 650 (Rettuli.
2496 577 2645 647 10);
2693 593 3016 649 rursumque
3062 581 3117 634 in
3169 579 3415 649 Epistola
3450 582 3515 636 ad
3556 583 3758 644 llebraas

2212 666 2344 722 dicit
2386 683 2509 723 eum
2552 683 2652 739 pro
2698 670 2962 726 universis
3011 681 3265 741 gustasse
3326 682 3548 728 mortem
3592 675 3758 747 (Hebr.

2212 758 2394 832 2.9).

2284 851 2569 907 Anathema
2597 868 2699 908 non
2729 853 2825 908 levi
2865 852 2930 908 de
2969 871 3125 909 causa
3169 856 3405 925 cuipiam
3429 863 3686 917 dicendum.
3712 894 3763 907 —

2217 943 2271 1000 Si
2299 946 2477 1016 itaque
2506 945 2621 1005 haec
2648 947 2715 1003 ab
2738 948 2854 1018 ipso
2878 957 3026 1018 gesta
3055 958 3208 1015 sunt,
3238 959 3295 1005 et
3327 950 3515 1007 horum
3542 964 3675 1024 typos
3694 973 3761 1013 ex-

2217 1036 2401 1105 primit
2441 1037 2677 1093 Ecclesia
2703 1079 2720 1105 ,
2763 1038 2890 1093 dum
2942 1041 3166 1111 singulis
3199 1041 3398 1098 diebus
3427 1059 3522 1113 pro
3554 1050 3763 1105 universis

2220 1126 2554 1197 precationes
2583 1127 2773 1196 fundit,
2804 1130 3072 1199 quomodo
3105 1139 3162 1185 tu
3194 1131 3371 1187 audes
3415 1134 3534 1189 talia
3559 1136 3713 1208 loqui?

2289 1217 2574 1272 Anatltetna
2612 1219 2887 1290 aliquando
2933 1237 3025 1291 pro
3044 1223 3128 1291 pio
3176 1239 3394 1277 munere
3438 1226 3676 1294 accipitur.
3713 1259 3762 1270 -

2218 1308 2373 1373 Nam,
2403 1324 2603 1380 quaeso,
2634 1310 2761 1379 quid
2788 1311 2916 1366 illud
2962 1320 3045 1367 est
3069 1312 3217 1383 quod
3254 1323 3310 1368 tu
3340 1314 3611 1371 anathema
3632 1317 3761 1374 dicis?

2221 1399 2354 1456 Vide
2374 1400 2498 1471 quid
2520 1401 2695 1468 dicas;
2721 1417 2984 1473 cognosce
3028 1404 3155 1473 quid
3208 1404 3469 1475 loqueris,
3499 1408 3669 1462 nostiu'
3689 1426 3760 1463 no-

2221 1492 2381 1546 minis
2408 1490 2629 1546 vim?ln
2661 1492 2844 1547 divina
2870 1494 3051 1563 utique
3091 1493 3378 1564 Scriptura
3417 1496 3540 1552 illud
3581 1501 3759 1569 reperies

2222 1581 2290 1636 de
2309 1580 2521 1636 Jericlto
2550 1581 2748 1637 dictum
2777 1600 2790 1636 :
2824 1581 2891 1636 Et
2912 1585 3371 1639 anathematizabis
3392 1596 3545 1640 totam
3566 1589 3760 1643 civitates

2224 1671 2443 1726 Domino
2473 1670 2582 1726 Deo
2609 1683 2692 1728 tuo
2720 1673 2855 1745 (las.
2884 1674 2937 1731 6.
2972 1677 3084 1747 l7).
3112 1677 3181 1731 Et
3213 1692 3384 1748 penes
3429 1694 3526 1733 nos
3560 1680 3758 1737 hactenus

2228 1762 2312 1817 hic
2338 1778 2453 1817 mos
2483 1763 2702 1819 invaluit
2742 1764 2881 1834 apud
2923 1780 3146 1834 omnes,
3177 1777 3239 1822 ut
3281 1768 3489 1825 dicatur
3519 1789 3532 1823 :
3562 1772 3639 1827 ille
3674 1774 3758 1827 talis

2226 1869 2348 1909 cum
2370 1853 2473 1910 hoc
2502 1855 2733 1923 fecisset,
2765 1856 3047 1912 anathema
3080 1858 3133 1912 in
3163 1859 3313 1914 hunc
3340 1861 3551 1916 modum
3575 1862 3752 1918 abduxit.

2227 1944 2365 2000 Num
2409 1943 2510 2001 hoc
2553 1955 2636 2001 est
2678 1945 2994 2003 anathema?
3038 1950 3203 2018 Atqui
3255 1949 3361 2004 hoc
3407 1951 3689 2022 plerumque
3721 1955 3750 2007 in

2230 2034 2422 2090 bonam
2444 2043 2646 2105 partem
2673 2037 2918 2105 sumitur,
2946 2038 3095 2108 quasi
3122 2038 3297 2103 dicas,
3325 2039 3501 2095 offerri
3533 2041 3643 2096 Deo.
3665 2041 3745 2109 Qui

2228 2126 2389 2198 igitur
2415 2127 2697 2183 anathema
2725 2143 2904 2197 vocas,
2929 2130 3030 2186 nisi
3055 2146 3183 2186 cum
3212 2132 3432 2200 dicitur,
3460 2132 3750 2190 oﬂ‘eraturille

2230 2219 2458 2284 diabolo,
2490 2235 2591 2278 nec
2612 2221 2747 2277 ultra
2777 2222 2950 2279 locum
2980 2224 3170 2280 salutis
3200 2223 3426 2295 habeat,
3455 2227 3521 2294 sit
3555 2229 3751 2282 alienus:

2231 2313 2485 2368 Christo?

2303 2407 2357 2462 5.
2372 2406 2565 2479 Ecquis
2593 2415 2650 2463 tu
2673 2422 2734 2463 es
2758 2418 2918 2464 tanta:
2933 2410 3190 2480 potentia:
3208 2420 3266 2466 et
3292 2411 3634 2466 auctoritatis?
3650 2411 3754 2465 Tunc

2234 2500 2377 2553 enim
2421 2498 2626 2555 sedebit
2660 2486 2826 2555 Filius
2851 2500 2965 2565 Dei,
2997 2510 3308 2573 statuetque
3331 2518 3457 2558 oves
3483 2518 3512 2556 a
3535 2502 3698 2557 dextris
3716 2511 3753 2556 et

2236 2591 2425 2649 bardos
2444 2607 2476 2649 a
2502 2593 2749 2649 sinistris.
2779 2593 2890 2649 Cur
2924 2602 3141 2649 tantam
3176 2595 3449 2666 usurpasti
3492 2595 3751 2665 dignitatem,

2237 2685 2389 2756 cujus
2416 2685 2775 2757 apostolorum
2797 2693 2969 2742 costus
2998 2693 3205 2742 tantum
3238 2702 3463 2743 consors
3486 2695 3574 2749 est,
3601 2699 3751 2739 necnon

2236 2776 2294 2843 ii,
2320 2776 2551 2847 quicum
2592 2777 2738 2831 omni
2782 2777 3123 2833 accuratione
3163 2779 3383 2834 illorum
3412 2789 3753 2833 sesuceessores

2236 2866 2507 2933 exhibent,
2548 2866 2689 2938 pleni
2730 2867 2916 2938 gratiae
2941 2876 2997 2922 et
3035 2868 3291 2924 virtutis?
3331 2868 3470 2923 Sane
3508 2867 3571 2929 illi
3606 2878 3752 2935 prece

2240 2968 2387 3029 ptum
2416 2958 2519 3015 hoc
2546 2957 2836 3030 diligenter
2850 2969 3145 3027 servantes,
3178 2977 3245 3017 ac
3274 2961 3319 3016 si
3344 2960 3542 3016 oculum
3566 2957 3751 3013 dexll'llm

2236 3051 2568 3120 ell‘oderent,
2614 3053 2693 3108 sic
2753 3052 3035 3109 haarcticos
3080 3069 3146 3109 ex
3194 3055 3432 3110 Ecclesia
3476 3052 3747 3122 ejiciebant:

2239 3143 2382 3215 quod
2405 3158 2535 3199 sane
2564 3153 2932 3215 argumentum
2959 3154 3041 3200 est
3065 3159 3275 3217 magna:
3304 3145 3506 3200 illorum
3534 3138 3751 3197 commise-

2240 3234 2463 3291 rationis
2494 3242 2653 3306 atque
2704 3236 2972 3302 mmroris,
3003 3251 3067 3292 ac
3090 3237 3134 3291 si
3168 3236 3368 3307 putridi
3410 3234 3611 3291 membri
3631 3230 3748 3286 sectio

2239 3327 2409 3383 fieret.
2427 3326 2785 3396 Quamobrem
2811 3327 3052 3383 Christus
3081 3327 3131 3383 id
3160 3327 3409 3384 dextrum
3429 3324 3616 3382 oculum
3636 3335 3749 3376 vocs-

2242 3420 2341 3486 vit,
2368 3420 2576 3475 illorum
2621 3421 2710 3491 qui
2757 3421 3052 3491 abjicereut
3094 3420 3596 3476 commiserationem
3621 3413 3746 3469 decla-

2239 3528 2387 3570 rans.
2411 3514 2526 3580 Qua
2554 3512 2609 3568 in
2639 3529 2697 3569 re
2725 3513 2861 3569 sicut
2880 3522 2935 3569 et
2959 3514 3009 3568 in
3038 3513 3156 3570 aliis
3177 3515 3457 3585 diligenter
3481 3515 3749 3580 segerenteS.

2240 3604 2476 3661 haereses
2501 3604 2714 3675 quidem
2739 3605 3084 3661 confutabant
3124 3616 3181 3662 et
3209 3607 3485 3676 ejiciebant
3510 3621 3523 3658 :
3547 3601 3652 3657 nulli
3681 3614 3747 3652 au-

2243 3706 2348 3751 tem
2381 3696 2754 3753 hareticorum
2797 3696 2939 3753 banc
2977 3697 3290 3767 inlligebant
3314 3711 3534 3769 poenam.
3563 3694 3693 3748 Porro
3713 3689 3747 3741 in

2240 3787 2448 3844 duobus
2494 3797 2697 3844 tantum
2741 3789 2870 3845 locis
2899 3791 3186 3858 Apostolus
3235 3791 3373 3846 hanc
3415 3804 3601 3847 vocem,
3640 3781 3745 3853 quasi

2243 3879 2561 3935 necessitate
2585 3888 2801 3935 coactus
2826 3880 3115 3950 protulisse
3146 3882 3360 3938 videtur
3388 3900 3401 3936 :
3431 3894 3587 3950 neque
3621 3885 3747 3930 tamen

2242 3984 2339 4040 pro
2364 3979 2506 4026 certa
2531 3979 2586 4026 et
2610 3969 2957 4026 determinata
2992 3986 3220 4041 persona
3253 3974 3392 4028 illam
3423 3976 3631 4040 usurpat,
3661 3975 3745 4017 cum

2243 4064 2295 4117 in
2339 4063 2573 4134 Epistola
2601 4063 2667 4118 ad
2694 4062 3001 4121 Corinthios
3019 4065 3148 4122 dicit
3176 4085 3192 4123 :
3222 4068 3285 4124 Si
3308 4066 3418 4139 quis
3435 4082 3528 4120 non
3555 4054 3749 4116 antatllo-
3848 4086 3849 4095 ι

2241 4155 2433 4210 minam
2461 4166 2686 4211 nostrum
2724 4156 2906 4212 Iesum
2939 4158 3217 4227 Christum,
3235 4163 3300 4217 sit
3325 4153 3643 4225 anathema.
3663 4149 3744 4205 Cor-

2244 4246 2333 4302 16.
2348 4246 2441 4320 22)
2462 4256 2548 4313 ,et
2570 4290 2586 4314 ,
2615 4248 2677 4304 Si
2720 4249 2833 4319 quis
2874 4251 3013 4307 vobis
3050 4251 3452 4325 evangelisaverit
3490 4255 3746 4322 praterwtl

2240 4337 2376 4407 quod
2395 4339 2678 4409 accepistis,
2698 4340 2969 4395 anathema
2995 4343 3061 4396 sit
3086 4341 3232 4411 (Gal.
3251 4344 3306 4403 1.
3326 4343 3403 4413 8).
3421 4338 3547 4407 Quid
3573 4343 3742 4404 ergonﬂ

2241 4428 2382 4499 quod
2413 4444 2570 4485 nemo
2597 4445 2781 4486 eorum
2809 4432 2899 4501 qui
2931 4441 3247 4501 potestatem
3292 4436 3586 4503 acceperant
3620 4424 3745 4479 facere

2241 4520 2326 4574 vel
2372 4519 2663 4576 decernere
2707 4536 2869 4577 ausus
2914 4532 3017 4588 est,
3046 4533 3103 4579 tu
3146 4523 3327 4582 facere
3370 4520 3601 4582 audebis,
3637 4512 3745 4583 pla!"3

2243 4612 2546 4668 adversaria
2590 4614 2748 4669 morti
2794 4614 3004 4670 Domini
3050 4626 3382 4687 perpetrans,
3406 4626 3465 4668 ac
3500 4607 3619 4679 regis
3649 4599 3744 4673 indi-

2243 4704 2383 4758 cium
2412 4706 2784 4762 antevertens?
2806 4706 2980 4763 Vultis
2997 4707 3206 4765 discere
3225 4752 3240 4774 ,
3262 4707 3384 4780 quid
3402 4702 3575 4761 dixerit
3592 4697 3656 4750 vir
3668 4689 3743 4760 αυί·

2244 4793 2368 4848 dam
2397 4804 2631 4863 sanctus,
2665 4797 2753 4867 qui
2779 4807 2903 4854 ante
2932 4813 3049 4867 nos,
3071 4799 3212 4856 etde
3254 4796 3569 4856 successione
3586 4790 3742 4856 ποθεῖθ’

2246 4884 2419 4940 lorum
2464 4885 2594 4954 fuit,
2641 4903 2705 4944 ac
2740 4891 2999 4963 martyrio
3043 4891 3291 4962 dignatus
3331 4898 3411 4947 est
3441 4887 3502 4941 '2
3540 4883 3600 4940 Ut
3635 4873 3743 4942 huius

2311 5039 2328 5072 ⁸
2362 5041 2436 5089 sic
2458 5040 2603 5090 vatic.
2627 5049 2784 5091 recte.
2808 5048 2855 5093 ts
2875 5042 3013 5107 cujus
3032 5042 3111 5092 hic
3123 5043 3301 5093 dictum
3333 5024 3742 5107 wmmerEE

2245 5108 2501 5168 sostomus,
2521 5090 2771 5168 quemque
2791 5090 3118 5166 apostolorum
3129 5090 3558 5168 temiiiremrli'io

2245 5163 2377 5230 dicit,
2405 5152 2500 5230 est,
2524 5152 2579 5230 tit
2613 5152 2865 5215 existimat
2889 5152 3377 5230 Barouiusftgt‘tatius
3396 5152 3560 5229 statim
3580 5152 3740 5230 E933

2245 5213 2452 5286 Epistola
2487 5213 2546 5273 ad
2577 5213 2921 5288 Smyrnaosse
2940 5213 3558 5289 huicisiiitilgiuscntentiam
3577 5213 3739 5289 ngf}?

2245 5274 2407 5395 putat;
2427 5300 2572 5335 secus
2593 5274 2850 5337 arbitratur
2867 5274 3221 5351 ἢιιρήὶοἶιῖἰᾶἐξ
3229 5274 3440 5363 dicitque
3461 5274 3737 5379 hiemali-:2:

2266 5361 2309 5395 te
2346 5349 2405 5395 ad
2444 5356 2712 5395 varnaaos
2730 5362 2841 5395 cum
2862 5350 2955 5395 hoc
2981 5353 3292 5395 (:hrvsosmmi
3330 5350 3426 5395 loco
3462 5355 3529 5391 Vix
3556 5349 3622 5395 (ιω
3649 5346 3672 5391 l'

2266 5333 2326 5415 es
2339 5333 2406 5415 Sed
2431 5333 2841 5415 έιίιῖὶῥὲὲῶἆίιῖι
2862 5333 3426 5415 ῐίὀὲῗέιῑιῆἐὸῖὠιῖίῗῑόἐο
3453 5346 3531 5415 Si!
3556 5333 3735 5415 ἯΡΒΞἚ

2245 5394 2419 5458 albuit}:
2426 5394 2715 5459 desiisse.
2730 5394 3432 5462 saeuamsasz'dznim
3452 5402 3545 5459 582.
3566 5394 3631 5446 tibi
3643 5394 3734 5468 Et

2249 5483 2390 5532 quam
2415 5471 2542 5521 hunc
2561 5472 2879 5536 Chrysostomi
2904 5461 3062 5523 locum
3085 5461 3350 5537 protulerat
3382 5483 3444 5520 sic
3476 5461 3707 5537 roseam”?
3722 5461 3731 5491 ⁵

2249 5537 2301 5577 Al
2323 5532 2543 5577 animum
2563 5531 2642 5577 hic
2665 5533 2749 5577 aui
2770 5535 3059 5577 scritmn-um
3082 5543 3375 5577 mrmrmmnln
3403 5482 3628 5577 rr/t‘ltllemv
3644 5511 3731 5561 am“

2246 5525 2301 5580 λι
2323 5532 2543 5593 quisnam
2559 5525 2749 5597 hic:qui
2770 5535 3059 5597 scriptorum
3082 5525 3375 5587 monumenta
3403 5525 3666 5597 τινιὶίιηεῖίίνξ

2245 5581 3059 5675 bes
3082 5581 3730 5675 ἑῦίὲῖὸιλίζιξίέΐετέιἚδὲῗῖ

2244 5647 2324 5705 ubi
2347 5647 2697 5738 hmé'leqtmtur
2719 5657 2863 5738 verba
2890 5671 2908 5708 :
2936 5647 2970 5731 ’ς
2985 5661 3028 5708 si
3043 5647 3184 5732 enim
3198 5647 3307 5723 suis
3327 5647 3659 5738 900.8313"

2244 5728 2372 5799 £53321?
2393 5709 3255 5799 aususausus?!usurasit,
3270 5709 3512 5799 quia?

2245 5766 2360 5837 gum
2375 5766 2773 5845 “constitutiones
2793 5766 2811 5829 ξ
2821 5766 3498 5845 fama,"submissius
3528 5766 3679 5845 εὲΫξῗῖξ

2247 5818 3295 5909 36521536;“:iiﬁ'émnaﬁs'aaa"tas.
3487 5818 3724 5883 aan
