3958 6358
285 455 438 513 verbi
483 449 782 508 molestiam
821 442 1100 507 indicaret,
1131 434 1233 492 hec
1283 442 1410 489 usus
1456 431 1701 501 exemplo
1744 437 1869 484 est:

288 544 738 619 quemadmodum
764 540 809 596 si
837 536 976 610 quis,
997 520 1230 605 privatus
1258 534 1378 585 cum
1409 527 1500 592 sil,
1529 524 1728 596 regiam
1753 538 1876 619 pur-

290 613 477 712 puram
522 634 775 701 induerit,
829 640 937 685 tum
992 627 1106 697 ipse
1157 633 1265 679 tum
1301 617 1693 675 commilitones
1738 613 1876 712 ejus,

289 704 440 801 quasi
482 724 694 800 tyranni
736 706 1154 801 interﬁciuntur;
1186 713 1264 769 sic
1291 711 1380 783 qui
1411 706 1681 801 dominico
1722 704 1880 801 utun-

294 796 380 877 tur
404 796 642 885 decreto,
664 812 717 872 et
744 812 1013 869 hominem
1042 796 1297 863 Ecclesia:
1337 796 1617 857 anathema
1658 796 1877 885 faciunt,

293 914 348 969 in
392 882 691 966 extremam
732 920 792 961 se
829 894 1119 974 perniciem
1157 884 1450 957 abducunt,
1499 888 1619 946 Filii
1657 882 1884 958 dignita-

294 1015 402 1059 tem
450 988 789 1070 usurpantes.
836 994 919 1049 An
960 990 1078 1046 leve
1125 982 1320 1069 putatis
1362 980 1482 1071 esse
1507 988 1636 1071 ante
1672 988 1884 1071 tempus

291 1082 347 1152 et
370 1090 565 1165 iudicis
582 1068 874 1146 adventum
908 1083 997 1140 tali
1016 1080 1284 1165 sententia
1306 1068 1603 1146 quempiam
1627 1068 1883 1165 condent:

294 1152 463 1242 naie?
493 1162 623 1238 Nam
648 1178 932 1236 anathema
958 1178 989 1229 a
1014 1160 1228 1227 Christo
1269 1171 1486 1239 prorsus
1516 1170 1745 1234 separat.
1776 1152 1882 1214 Sed

295 1272 421 1348 quid
453 1274 637 1331 dicunt
670 1270 747 1326 illi
771 1268 837 1324 ad
867 1281 1079 1322 omnem
1108 1261 1361 1340 malitiam
1392 1252 1659 1348 audaces?
1702 1248 1885 1348 there-

296 1341 457 1435 ticus,
489 1366 656 1431 aiunt,
685 1364 773 1419 ille
818 1360 990 1415 factus
1015 1365 1117 1421 est,
1164 1351 1549 1408 inhabitamem
1579 1345 1737 1400 habet
1768 1341 1885 1397 dia-

295 1450 1017 1528 bolunt,ctloquiturcoutra
1036 1449 1201 1504 Deum
1236 1442 1551 1514 nequitiam,
1585 1437 1887 1506 multosque

295 1552 515 1612 suadela
542 1562 783 1619 vanaque
808 1540 1012 1600 fallacia
1039 1534 1091 1595 iit
1119 1536 1440 1610 prefundum
1465 1531 1609 1588 exitii
1630 1528 1846 1585 abducit
1870 1546 1883 1582 :

298 1632 526 1716 ideoque
549 1661 578 1699 a
600 1636 845 1696 Patribus
861 1634 1064 1711 ejectns
1078 1646 1137 1685 es
1179 1624 1408 1716 maxime
1428 1624 1593 1715 huius
1612 1622 1885 1716 magister,

297 1739 389 1809 qui
413 1712 615 1807 partem
657 1728 909 1787 Ecclesia:
944 1714 1188 1787 abscidit,
1215 1718 1293 1776 si'e
1320 1712 1409 1773 aut
1450 1712 1666 1788 propter
1706 1712 1887 1770 Pauli-

299 1808 461 1895 num,
504 1837 597 1883 aut
635 1833 853 1897 propter
898 1814 1284 1895 Apollinarium
1326 1814 1605 1884 loquentes
1626 1810 1723 1881 (α).
1753 1808 1886 1863 Nam

299 1922 369 1981 de
387 1918 576 1980 horum
602 1914 932 1990 singularum
956 1909 1255 1968 dill'erentia
1282 1921 1459 1963 sermo
1487 1900 1670 1959 multis
1689 1900 1889 1957 novita-

301 2018 371 2071 tis
390 2022 571 2071 notam
589 2008 812 2081 pulchre
826 2002 1030 2074 effugit,
1044 2014 1278 2058 errorem
1300 1998 1351 2052 in
1371 1994 1733 2068 penetralibus
1750 2009 1890 2064 pra:-

298 2107 552 2179 iudicataa
590 2101 856 2173 opinionis
896 2097 1184 2155 invaluisse
1229 2107 1458 2163 arguens
1490 2108 1503 2144 ε
1537 2089 1676 2143 Doce
1709 2089 1761 2141 in
1783 2102 1890 2179 mo-

300 2178 465 2253 destia
506 2195 787 2265 corripiens
827 2207 935 2257 eos,
979 2190 1065 2259 qui
1101 2187 1362 2249 resistunt,
1390 2198 1453 2237 ne
1475 2182 1678 2253 quando
1707 2179 1791 2233 det
1820 2178 1892 2232 eis

304 2289 444 2344 Deus
472 2286 808 2348 nmnitentiam
841 2282 908 2335 ad
946 2276 1345 2352 cognoscendam
1390 2275 1663 2336 ueritatem,
1698 2280 1743 2323 et
1769 2269 1892 2322 resi-

304 2383 495 2453 piscent
519 2395 550 2432 a
580 2354 767 2430 diaboli
794 2353 990 2443 laqueo,
1011 2366 1042 2423 ἃ
1061 2367 1159 2439 quo
1187 2352 1369 2437 captivi
1396 2352 1625 2418 tenentur
1645 2358 1711 2414 ad
1735 2359 1893 2426 ipsius

306 2450 1161 2541 voluntatem(2.1‘im.‘2.725.26).
1196 2456 1433 2513 Extende
1471 2468 1721 2524 sagenam
1751 2450 1891 2506 cari-

305 2563 451 2628 tatis,
473 2577 540 2616 ne
555 2558 697 2631 quod
720 2555 998 2620 claudicat,
1018 2559 1286 2607 evertatur
1300 2592 1315 2616 ,
1338 2547 1430 2604 sed
1455 2546 1629 2617 potius
1656 2553 1892 2631 sanetur.

304 2651 544 2710 Ostende
559 2630 609 2706 te
628 2666 693 2706 ex
711 2649 902 2704 all‘ectu
921 2646 1087 2701 multo
1105 2644 1301 2699 bonum
1319 2638 1591 2710 proprium
1612 2630 1897 2693 commune

306 2745 483 2801 facere
502 2742 659 2798 velle.
682 2739 847 2810 lnjiee
875 2738 1084 2794 dulcem
1123 2732 1603 2791 comn‘tiscrationis
1639 2730 1857 2785 hamum
1878 2768 1893 2793 ,

307 2849 497 2893 etcum
518 2835 598 2890 sic
621 2831 828 2889 occulta
855 2837 1121 2886 scrutatus
1150 2827 1332 2893 lueris,
1347 2842 1414 2881 ex
1430 2823 1692 2895 profundo
1719 2822 1898 2893 perni-

306 2927 408 2983 ciei
450 2923 673 2981 extrahe
716 2937 861 2986 cum,
909 2920 997 2990 qui
1043 2919 1305 2974 sententia
1348 2918 1662 2972 submersus
1707 2912 1897 2968 fuerat.

307 3018 464 3090 Quod
479 3017 561 3073 vel
573 3032 637 3073 ex
652 3013 988 3086 pru‘judicata
1001 3011 1250 3081 opinione
1261 3009 1340 3063 vel
1353 3022 1418 3063 ex
1439 3006 1732 3077 ignorantia
1750 3015 1905 3074 puta-

310 3112 470 3167 batur
495 3122 617 3165 esse
643 3108 863 3169 bonum,
881 3104 1089 3174 corrige
1119 3110 1176 3156 ut
1201 3099 1270 3155 ab
1298 3098 1589 3170 apostolica
1618 3096 1902 3152 traditione

312 3202 569 3257 alienum.
600 3201 680 3255 Ac
703 3198 747 3252 si
789 3195 1004 3267 quidem
1033 3193 1084 3248 id
1112 3193 1355 3263 accipere
1381 3190 1508 3246 velit
1536 3191 1602 3256 is,
1630 3188 1717 3259 qui
1748 3202 1903 3242 erro—

313 3310 430 3349 rem
451 3299 754 3362 exceperat,
781 3286 1073 3344 secundum
1113 3284 1388 3356 pr0phetze
1427 3297 1636 3347 vocem,
1668 3280 1756 3335 ille
1796 3278 1905 3333 vita

313 3389 479 3453 vivet,
500 3393 556 3441 et
579 3394 635 3440 tu
652 3382 883 3437 animam
908 3387 1050 3433 tuam
1078 3377 1328 3433 liberabis
1355 3373 1570 3445 (Ezech.
1592 3374 1644 3429 3.
1671 3370 1788 3444 21).
1812 3371 1907 3426 Sin

314 3481 468 3544 nolit,
490 3486 544 3532 et
558 3473 888 3532 contendens
911 3470 1179 3542 persistat,
1198 3483 1266 3523 ne
1281 3478 1334 3525 tu
1352 3481 1475 3522 reus
1491 3466 1584 3531 sis,
1603 3471 1910 3519 contestare

317 3570 493 3627 Solum
519 3558 639 3624 cum
666 3564 1067 3636 longanimitate
1107 3570 1161 3616 et
1195 3548 1621 3641 mansuetudine,
1652 3550 1720 3610 ne
1747 3552 1911 3625 iudex

317 3663 551 3718 animam
596 3656 712 3730 ejus
746 3658 814 3712 de
854 3672 1012 3710 manu
1056 3662 1143 3708 tua
1189 3651 1442 3721 reqhirat.
1487 3648 1564 3703 Ne
1608 3646 1810 3711 oderis,
1842 3656 1912 3700 ne

318 3750 621 3817 averseris,
664 3762 732 3804 ne
766 3745 1138 3819 persequaris,
1188 3740 1283 3797 sed
1324 3744 1588 3794 sinceram
1626 3752 1912 3807 veramque

321 3842 450 3916 erga
490 3852 614 3897 eum
661 3842 939 3896 caritatem
978 3820 1249 3892 ostendas.
1301 3833 1449 3887 llane
1494 3824 1739 3895 luerare,
1787 3830 1910 3884 etsi

322 3937 457 3993 nihil
483 3934 626 3990 aliud
658 3933 901 3988 utilitatis
929 3932 1194 4000 acquiras,
1230 3927 1345 3981 haec
1369 3930 1555 3996 magna
1583 3931 1667 3979 est
1688 3922 1910 3989 utilitas,

323 4031 427 4086 hoc
448 4038 697 4099 maguum
730 4022 953 4089 lucrum,
983 4022 1125 4095 quod
1162 4020 1370 4092 diligas,
1396 4030 1453 4075 et
1480 4017 1677 4074 Christi
1710 4015 1914 4072 doctri-

324 4134 451 4181 nam
492 4123 707 4179 doceas.
745 4119 811 4175 In
852 4119 946 4174 hoc
983 4117 1135 4183 enim,
1176 4114 1373 4186 inquit,
1416 4120 1734 4184 cognoscent,
1780 4109 1916 4180 quod

324 4214 567 4285 discipuli
597 4211 694 4267 mei
734 4211 872 4274 estis,
900 4208 947 4262 si
964 4207 1282 4262 dilectionem
1320 4203 1594 4258 habueritis
1616 4201 1683 4255 ad
1707 4202 1916 4253 invicem

331 4305 531 4379 (Joan.
577 4305 664 4360 l5.
708 4301 814 4368 35)
844 4319 857 4356 :
889 4314 993 4371 qua
1035 4298 1290 4361 absente,
1342 4309 1516 4363 neque
1556 4292 1913 4362 cognitionem

327 4395 705 4469 mysteriorum
762 4392 884 4458 Dei,
914 4403 1087 4461 neque
1131 4387 1307 4465 tidem,
1340 4398 1512 4453 neque
1557 4381 1913 4453 prophetiam,

328 4502 506 4558 neque
545 4492 945 4555 paupertatem,
990 4472 1163 4549 neque
1201 4475 1561 4553 testimonium
1597 4473 1665 4529 de
1704 4471 1918 4528 Christo

329 4564 613 4634 utilitatem
644 4574 837 4629 afferre
875 4564 1160 4642 Apostolus
1189 4558 1476 4624 declaravit
1497 4565 1580 4620 his
1604 4564 1780 4619 verbis
1813 4581 1826 4618 :
1857 4558 1919 4617 Si

328 4656 553 4726 habuero
578 4664 813 4737 mysteria
841 4660 1031 4729 omnia,
1062 4656 1109 4716 et
1136 4654 1333 4715 onmem
1365 4656 1646 4716 scientiam.
1674 4668 1719 4711 et
1744 4655 1917 4725 (idem,

330 4762 401 4820 ita
430 4771 483 4817 ut
510 4760 699 4815 montes
720 4746 1042 4828 transferant,
1071 4753 1333 4807 caritatem
1356 4744 1523 4804 autem
1552 4763 1653 4802 non
1676 4747 1918 4811 habuero,

331 4855 465 4911 nihil
495 4850 619 4907 mihi
645 4844 846 4922 prodest
876 4865 896 4903 .°
916 4857 961 4903 et
989 4847 1033 4902 si
1061 4842 1248 4917 linguis
1264 4841 1559 4915 angelorum
1584 4842 1782 4912 loquar,
1809 4849 1856 4892 et
1876 4840 1921 4893 si

330 4946 522 5003 dedero
560 4954 758 5000 omnem
794 4934 1125 4997 substantiam
1157 4934 1322 4991 meant
1354 4936 1408 4989 in
1433 4935 1589 5000 cibos,
1620 4944 1666 4988 et
1693 4934 1737 4987 si
1764 4931 1925 4985 tradi-

334 5134 575 5187 rumpens
595 5121 927 5187 etdeeentem
950 5116 1170 5187 ordinem
1188 5112 1504 5187 conhindeas,
1527 5117 1620 5187 etc.
1639 5127 1662 5158 ι
1699 5110 1928 5187 ηειίαἱαίε

334 5172 741 5254 ﬁguram
762 5190 920 5254 ειμιιλη
942 5172 1084 5254 verte
1105 5172 1646 5254 assesasses?
1659 5172 1928 5254 EELP’BPE’:

335 5235 627 5303 Enniana
650 5238 790 5295 suum
808 5242 1012 5307 inﬂexit.
1032 5235 1273 5307 Hactenus
1281 5238 1521 5286 Baronius.
1654 5235 1782 5307 cum,
1798 5235 1927 5306 quod

338 5298 399 5364 Eii
421 5298 717 5362 sententiam
739 5298 945 5370 Spectat,
960 5306 1145 5370 iisquae
1166 5302 1526 5370 ctirysostomus
1541 5300 1696 5370 retert
1712 5308 1786 5370 sat
1801 5298 1929 5370 siuti:

339 5356 719 5431 bestiaris—cile
748 5356 1067 5431 crediderim'
1086 5374 1199 5412 eum
1233 5356 1518 5431 memoriter
1554 5356 1836 5431 loquentem
1869 5356 1928 5431 ad

339 5420 666 5487 memoratum
689 5432 855 5494 lgnatii
882 5429 1036 5479 locum
1051 5425 1350 5494 res‘pesisse,
1370 5420 1838 5494 verbaque'utisese
1863 5420 1938 5471 ol-

342 5483 567 5555 hirebant
584 5508 643 5545 ex
670 5483 889 5556 tempore
915 5483 1352 5556 protulissedonge
1370 5483 1601 5556 absimilis
1620 5483 1782 5556 verbis
1799 5487 1933 5556 tgna-

342 5543 412 5618 lii,
427 5543 666 5621 sled—quad
690 5555 748 5605 ad
773 5543 1067 5621 sententiam
1091 5543 1218 5612 pene
1243 5543 1441 5621 eadem.
1457 5553 1607 5621 Quem
1624 5543 1931 5621 _eai_m_alium

338 5607 594 5684 ἦξε-ᾆξ’θάι
619 5632 684 5669 ex
707 5614 1036 5684 Apostolorum
1048 5607 1396 5684 successione,
1424 5607 1681 5657 Antiochia:
1706 5607 1930 5669 loquens,

340 5675 617 5750 protulerit,
641 5675 785 5750 quam
805 5675 1072 5750 lgnatiumff
1118 5745 1149 5750 Α-
1183 5744 1193 5750 Δ
1222 5732 1454 5750 Δημὼ
1480 5740 1491 5750 _
1510 5732 1734 5750 “tu”
1756 5732 1827 5750 ηε

403 5748 479 5809 (τι)
501 5751 569 5803 ne
591 5732 780 5809 nautico
789 5732 1082 5791 Atitiocheno
1105 5745 1157 5788 et
1173 5732 1460 5799 Apoliimrio
1478 5732 1739 5785 Laodiceae
1753 5732 1930 5796 agitur.

339 5810 386 5874 (t
401 5805 482 5858 ne
506 5805 770 5867 attonitum).

1604 313 1691 371 nr:
1728 280 2220 370 maritimam.

3465 316 3571 373 950

1980 427 2102 482 dero
2145 444 2329 497 corpus
2360 412 2953 494 meintt,iti'comburar,
2996 429 3256 480 caritatem
3279 433 3444 482 autem
3470 436 3573 483 non

1982 520 2222 586 habuero,
2252 518 2379 572 nihil
2404 510 2538 574 iam.
2570 500 2771 575 Caritas
2811 516 3025 590 benigna
3053 525 3147 588 e‘st,
3193 516 3295 574 non
3338 506 3573 591 inﬂatur,-

1983 608 2085 665 non
2114 606 2291 681 quasi-ii
2319 610 2431 684 qua:
2455 614 2549 665 sita
2577 604 2693 667 iniit
2724 628 2743 667 :
2773 613 2942 667 omnia
2970 597 3166 679 sitﬁ'eri,
3197 614 3366 667 omnia
3387 614 3568 678 credit,

1984 698 2152 758 omnia
2179 696 2370 776 sperat,
2393 707 2562 759 omnia
2582 702 2791 760 sustinet
2816 694 2890 779 (ἰ.
2918 700 3035 760 Cor.
3072 705 3156 760 15.
3267 698 3421 781 sqq).

2055 796 2108 852 4.
2138 793 2306 873 Nonio
2334 790 2403 875 ex,
2428 790 2602 863 vobis,
2637 797 2839 862 dilecti,
2871 788 3034 877 talem
3063 794 3159 867 pro
3187 782 3410 873 Christo
3442 796 3577 851 all'e-

1985 881 2126 943 ctum
2172 880 2450 955 exhibuit,
2495 886 2705 967 qualem
2768 897 2951 943 sancta
3006 886 3095 942 illa
3150 886 3349 942 anima.
3392 887 3579 944 Nullus

1988 978 2261 1039 hominum
2295 968 2486 1054 praeter
2511 978 2657 1038 illum
2688 974 2848 1037 ausus
2888 977 2971 1038 e'st
3011 980 3134 1037 talia
3179 982 3418 1053 proferre
3460 996 3582 1036 ver-

1986 1066 2077 1132 ba.
2117 1072 2231 1147 Ipsa
2280 1070 2456 1153 anima
2495 1062 2909 1153 comburehatur
2954 1075 3138 1131 dicens
3172 1070 3481 1147 :Adimpleo
3520 1091 3580 1129 ea

1987 1158 2102 1239 quia
2149 1160 2328 1244 desunt
2373 1150 2757 1221 tribulationum
2799 1150 2988 1222 Chriin
3028 1168 3081 1220 in
3105 1168 3260 1221 carne
3302 1168 3414 1222 mea
3453 1164 3579 1237 (Co-

1992 1260 2115 1313 loss.
2155 1252 2206 1312 i.
2248 1256 2363 1330 9’s);
2407 1268 2481 1323 et,
2549 1244 2799 1329 Optabam
2837 1256 2944 1325 ipse
2986 1264 3075 1329 rgo
3116 1258 3383 1312 anathema
3419 1248 3582 1312 esseni

1988 1332 2189 1409 Christo
2220 1348 2311 1422 pro
2333 1340 2577 1424 fratribus
2604 1344 2725 1405 nieis
2745 1349 2919 1423 (Rom.
2944 1350 2995 1424 9.
3019 1352 3097 1424 5);
3122 1360 3193 1415 ct,
3218 1348 3341 1417 Quis
3356 1347 3579 1421 infirmae

1990 1453 2094 1506 lar,
2124 1453 2167 1498 et
2197 1419 2287 1513 ego
2329 1419 2429 1497 non
2452 1432 2686 1512 inﬁrmor
2718 1419 2792 1512 (ἕ.
2824 1441 2943 1497 Cor.
3083 1440 3205 1514 29)?
3230 1419 3472 1512 Cumque
3492 1441 3583 1495 tali

1989 1552 2112 1606 erga
2147 1536 2313 1590 Deum
2342 1534 2531 1591 all'ectu
2559 1528 2812 1605 praeditus
2841 1543 3022 1601 esset,
3049 1528 3154 1589 non
3195 1533 3546 1588 contumelias
3564 1573 3582 1597 ,

1992 1642 2097 1681 non
2114 1626 2239 1692 vim,
2258 1642 2364 1680 non
2379 1625 2715 1681 anathemata
2729 1620 2957 1695 cuipia'm
2976 1620 3256 1679 inferebat.
3277 1624 3423 1678 Alias
3440 1620 3583 1678 enim

1991 1734 2098 1774 non
2142 1729 2219 1774 tot
2260 1712 2448 1789 gentes
2488 1719 2755 1789 urbesque
2798 1725 2938 1772 totas
2986 1716 3096 1773 Deo
3135 1716 3457 1773 obtulisset:
3491 1714 3587 1772 sed

1991 1806 2318 1880 humiliatus,
2347 1827 2655 1883 percussus,
2681 1806 2922 1881 colaphis
2962 1806 3154 1877 caesus,
3200 1811 3438 1881 risuique
3466 1828 3584 1866 oma

1992 1898 2138 1962 nium
2168 1907 2463 1976 expositus,
2508 1905 2624 1961 haec
2668 1896 3026 1976 perpetrabat,
3076 1904 3421 1968 blandiendo,
3455 1906 3582 1959 hor-

1994 1994 2175 2063 taiido,
2211 1994 2566 2054 obsecrando.

2068 2090 2222 2144 Pauli
2243 2090 2576 2145 mansuetudo
2592 2090 2643 2144 in
2666 2091 3018 2145 monendo.—
3032 2088 3122 2145 Sic
3141 2088 3276 2159 apud
3299 2088 3591 2143 Athenien-

1994 2196 2082 2237 ses
2103 2182 2301 2236 aditum
2320 2182 2418 2238 sibi
2449 2182 2837 2253 lecit,eumque
2870 2182 3159 2236 invenisset
3196 2196 3384 2237 omnes
3420 2181 3590 2236 idolo-

1995 2289 2113 2328 rum
2136 2274 2280 2327 cultu
2300 2274 2645 2340 insanientes,
2666 2290 2770 2328 non
2789 2272 3089 2343 opprobriis
3103 2289 3166 2328 eo
3178 2292 3191 2318 ς
3206 2288 3488 2345 aggressus
3501 2283 3585 2327 est

1996 2356 2081 2420 his
2110 2354 2287 2422 verbis
2314 2382 2327 2418 :
2357 2354 2500 2421 athei
2526 2368 2688 2430 estis,
2710 2367 3034 2437 omninoque
3069 2367 3247 2437 impii:
3273 2382 3377 2420 non
3415 2366 3548 2420 dixit
3576 2383 3591 2419 :

1997 2458 2174 2512 omnia
2201 2472 2297 2527 pro
2314 2458 2424 2513 Deo
2444 2456 2672 2524 habetis,
2688 2473 2968 2529 unumque
2980 2459 3145 2512 Deum
3165 2458 3392 2528 negatis,
3414 2458 3594 2511 Domi-

1998 2566 2124 2605 num
2144 2559 2197 2605 et
2212 2550 2458 2621 Opiﬁcem
2478 2551 2712 2607 universi
2735 2551 2861 2607 :scd
2880 2551 3003 2621 quid
3024 2549 3595 2620 ?Circumiens,inquit,

2000 2638 2047 2695 et
2064 2636 2235 2696 videns
2255 2638 2528 2697 simulacra
2544 2642 2900 2708 vestra,invcni
2914 2652 2959 2697 et
2979 2659 3143 2709 aram,
3162 2643 3214 2696 in
3234 2659 3334 2712 qua
3353 2658 3401 2695 sc
3410 2642 3598 2712 riptum

2001 2743 2129 2801 erat,
2146 2733 2341 2790 [onore
2365 2734 2497 2791 Deo.
2521 2735 2681 2801 Quem
2702 2751 2819 2805 ergo
2840 2735 3132 2804 ignorantes
3153 2734 3337 2800 colitis,
3357 2733 3491 2787 hunc
3505 2749 3599 2803 ego

2002 2829 2249 2882 annuntio
2275 2827 2412 2884 vobis
2444 2829 2581 2898 (Act.
2607 2829 2695 2883 l7.
2732 2827 2849 2898 25).
2880 2827 2924 2884 0
2955 2828 3295 2883 miraculum!
3322 2844 3354 2881 o
3377 2836 3600 2899 p:terua

2004 2923 2249 2978 viscera!
2292 2923 2384 2978 Pie
2426 2924 2604 2978 colere
2643 2922 2863 2979 Grazcos
2900 2922 3064 2991 dicit,
3108 2923 3233 2978 licet
3271 2923 3600 2986 idololatras,

2004 3013 2131 3069 licet
2178 3014 2339 3084 impie
2379 3023 2619 3085 agentes.
2659 3014 2877 3082 Quare?
2916 3014 3049 3082 Quia
3094 3013 3243 3085 quasi
3291 3014 3360 3083 pii
3399 3014 3601 3068 cultum

2005 3120 2169 3185 suum:
2204 3106 2597 3175 persolvebant,
2638 3104 2808 3173 Deum
2853 3121 2912 3160 se
2948 3105 3129 3161 colere
3170 3114 3435 3175 putantes,
3478 3121 3602 3159 cum

2006 3197 2080 3251 ita
2106 3196 2208 3251 sibi
2234 3197 2644 3266 persuasissent.
2669 3196 2837 3266 Hujus
2865 3212 2961 3252 vos
2987 3211 3175 3252 omnes
3202 3196 3391 3251 hortor
3425 3198 3605 3251 imita-

2010 3294 2153 3342 tores
2179 3302 2321 3353 essc,
2360 3301 2423 3343 ac
2446 3287 2722 3342 vobiscum
2750 3288 2910 3342 etiam
2942 3287 3224 3357 meipsum.
3264 3287 3396 3342 Nam
3427 3290 3473 3344 si
3504 3290 3606 3344 Do-

2010 3380 2206 3445 minus,
2239 3381 2328 3451 qui
2363 3380 2692 3451 siugulorum
2729 3376 3058 3435 voluntatem
3101 3370 3390 3451 prospicit,
3423 3391 3475 3435 et
3505 3384 3607 3436 scit

2011 3473 2183 3543 qualis
2210 3474 2435 3545 quisque
2463 3470 2709 3532 nostrum
2746 3473 2956 3528 futurus
2988 3472 3077 3540 sit,
3116 3473 3170 3528 id
3212 3474 3353 3539 fecit,
3384 3484 3443 3528 ut
3469 3475 3607 3529 dona

2012 3560 2570 3635 magnificentiamque
2613 3581 2762 3623 suam
2800 3566 3048 3636 impleret
3079 3585 3092 3621 :
3126 3582 3300 3638 neque
3338 3568 3480 3622 enim
3515 3584 3611 3638 pro

2014 3658 2169 3711 malis
2194 3651 2342 3713 creat
2370 3656 2509 3713 Deus
2543 3674 2556 3712 :
2588 3667 2643 3712 et
2678 3658 2758 3713 sic
2799 3667 2975 3713 tamen
3003 3674 3097 3714 eos
3130 3661 3504 3714 communibus
3525 3660 3611 3714 di-

2015 3748 2206 3819 gnatus
2233 3754 2319 3803 est
2344 3749 2517 3814 bonis,
2548 3764 2842 3819 omnesque
2862 3749 2976 3805 vult
2998 3746 3291 3807 imitatores
3312 3752 3426 3822 ejus
3452 3766 3571 3806 esse
3595 3768 3608 3802 :

2017 3856 2115 3897 cur
2144 3850 2198 3895 tn
2226 3837 2492 3896 contraria
2524 3840 2671 3905 facis,
2704 3841 2795 3912 qui
2830 3841 2882 3896 in
2918 3841 3209 3897 Ecclesium
3247 3843 3530 3907 convenis,
3559 3852 3615 3897 et

2017 3933 2337 3990 sacrificium
2370 3934 2491 3989 Filii
2521 3934 2616 3989 Dei
2647 3933 2897 4004 perﬁcis?
2924 3933 3152 3989 Neseitis
3179 3934 3320 4005 quod
3346 3932 3613 3989 calamum

2019 4035 2432 4098 coitquassatum
2462 4044 2568 4083 non
2607 4026 2901 4097 confregit,
2932 4037 2987 4082 et
3017 4027 3181 4082 linum
3211 4027 3472 4097 lumigans
3505 4045 3613 4082 non

2020 4121 2276 4176 exstinxit
2302 4120 2460 4191 (lsai.
2520 4120 2612 4176 42.
2649 4121 2743 4191 5)?
2782 4120 2919 4189 Quid
2958 4120 3061 4176 sibi
3095 4121 3207 4175 vult
3245 4120 3414 4175 illud?
3448 4122 3613 4176 Audi.

2021 4212 2210 4268 Judam
2255 4214 2459 4284 ipsique
2504 4213 2708 4268 similes
2749 4213 2803 4267 in
2846 4213 2997 4282 lapsu
3040 4227 3148 4267 non
3190 4212 3403 4283 abjeeit,
3443 4212 3616 4269 donec

2022 4304 2248 4379 quisque
2275 4319 2458 4359 eorum
2480 4313 2671 4373 sponte
2700 4303 2962 4359 abductus
2991 4303 3159 4359 errori
3182 4319 3241 4359 se
3262 4306 3611 4374 manciparet.

2022 4397 2211 4451 Nonne
2228 4384 2323 4467 pro
2345 4396 2525 4468 populi
2546 4394 2855 4467 iguorantiis
2870 4396 3286 4466 supplicationes
3306 4394 3617 4451 offerimus?

2024 4482 2213 4546 Nonne
2244 4506 2339 4560 pro
2364 4486 2617 4554 inimicis,
2651 4504 2744 4559 pro
2771 4488 3074 4544 odientibus
3102 4497 3157 4543 et
3178 4479 3618 4558 persequentibus

2027 4599 2182 4638 orare
2207 4576 2340 4652 jitssi
2370 4572 2592 4636 sumus?
2621 4578 2699 4635 En
2727 4580 3079 4635 ministerium
3110 4578 3413 4649 implemus,
3438 4576 3619 4633 horta-

2029 4678 2253 4745 murque
2295 4688 2390 4726 vos
2420 4689 2433 4726 :
2461 4671 2726 4726 ordinatio
2771 4674 2878 4726 noli
2924 4658 3097 4739 ell’ert,
3143 4684 3249 4725 non
3292 4671 3343 4725 in
3393 4670 3620 4725 sublime

2028 4768 2249 4832 extollit,
2307 4772 2412 4822 no’n
2470 4762 2760 4835 potentiam
2808 4773 3024 4834 praestat
3068 4780 3082 4816 :
3131 4778 3322 4819 omnes
3372 4763 3620 4818 eumdem

2032 4860 2287 4930 Spiritum
2325 4856 2649 4929 accepimus,
2692 4872 2881 4912 omnes
2920 4857 2971 4911 in
3002 4856 3344 4926 adoptionem
3386 4856 3618 4911 liliorum

2030 4953 2204 5008 vocati
2234 4966 2419 5006 sumus
2457 4968 2471 5004 :
2506 4964 2643 5020 quos
2680 4948 2838 5004 Pater
2861 4947 3135 5018 probavit,
3170 4961 3265 5003 eos
3292 4946 3540 5001 fratribus
3573 4949 3624 5000 in

2032 5053 2296 5117 potestate
2340 5044 2544 5099 servire
2581 5043 2770 5097 voluit.
2809 5039 3131 5096 Servitutem
3174 5038 3349 5108 itaque
3383 5049 3622 5092 nostram

2034 5136 2319 5207 implentes
2346 5135 2622 5192 hortamur
2649 5148 2746 5188 vos
2768 5132 3312 5200 obtestanmrquefut
3340 5129 3408 5183 ab
3440 5128 3625 5198 hujus-

2035 5228 2182 5283 modi
2221 5227 2361 5282 malo
2399 5225 2688 5281 desistatis.
2722 5222 2856 5278 Nam
2900 5221 2966 5288 is,
3005 5236 3163 5291 quem
3203 5230 3257 5275 tu
3310 5221 3626 5274 anathema-

2038 5323 2202 5378 tizare
2239 5318 2544 5385 decrevisti,
2582 5317 2667 5373 vel
2696 5317 2825 5372 vivit
2852 5316 2905 5370 in
2931 5316 3031 5370 hac
3059 5316 3272 5371 mortali
3310 5315 3416 5370 vita
3441 5329 3631 5383 super

2038 5423 2166 5477 stes,
2207 5412 2293 5468 vel
2332 5423 2572 5466 mortuus
2606 5418 2723 5477 est;
2763 5410 2811 5466 si
2851 5425 2979 5481 ergo
3020 5406 3295 5481 superstes
3321 5418 3425 5478 est,
3465 5409 3629 5479 impie

2038 5507 2172 5575 agis,
2219 5505 2306 5575 qui
2355 5503 2528 5559 adhuc
2566 5502 2893 5569 versatilem,
2938 5502 3025 5572 qui
3068 5502 3237 5571 possit
3277 5501 3344 5557 de
3387 5503 3526 5556 malo
3572 5502 3624 5555 in

2039 5590 2237 5655 bonum
2283 5596 2497 5660 mutari,
2540 5593 2851 5659 abscindas;
2894 5596 2976 5650 sin
3021 5580 3266 5648 mortuus
3303 5602 3413 5656 est,
3462 5593 3629 5648 nmlto

2042 5689 2212 5759 magis
2260 5686 2549 5759 [abstinere
2591 5682 2801 5756 debes.]
2844 5683 3053 5751 Quare?
3091 5684 3223 5752 Quia
3273 5684 3630 5763 Dominosuo

2044 5792 2150 5841 stat
2176 5780 2257 5839 vel
2282 5780 2445 5850 cadit,
2477 5793 2645 5849 neque
2668 5778 2777 5848 jam
2802 5775 2904 5834 sub
2930 5776 3158 5832 humana
3190 5768 3395 5848 positus
3425 5785 3506 5835 BSt
3534 5791 3622 5847 po-
